{"id": "gen9randombattle-2641627693", "format": "[Gen 9] Random Battle", "players": ["diana_the_banana", "SquadLeCuisto"], "log": "|j|\u2606diana_the_banana\n|j|\u2606SquadLeCuisto\n|t:|1782821358\n|gametype|singles\n|player|p1|diana_the_banana|1|2011\n|player|p2|SquadLeCuisto|102|2159\n|gen|9\n|tier|[Gen 9] Random Battle\n|rated|\n|rule|Species Clause: Limit one of each Pok\u00e9mon\n|rule|HP Percentage Mod: HP is shown in percentages\n|rule|Sleep Clause Mod: Limit one foe put to sleep\n|rule|Illusion Level Mod: Illusion disguises the Pok\u00e9mon's true level\n|\n|t:|1782821358\n|teamsize|p1|6\n|teamsize|p2|6\n|start\n|switch|p1a: Azelf|Azelf, L82|257/257\n|switch|p2a: Sneasler|Sneasler, L74, F|240/240\n|turn|1\n|\n|t:|1782821379\n|-terastallize|p2a: Sneasler|Dark\n|move|p1a: Azelf|Psychic|p2a: Sneasler\n|-immune|p2a: Sneasler\n|move|p2a: Sneasler|Throat Chop|p1a: Azelf\n|-supereffective|p1a: Azelf\n|-damage|p1a: Azelf|0 fnt\n|faint|p1a: Azelf\n|\n|upkeep\n|\n|t:|1782821395\n|switch|p1a: Excadrill|Excadrill, L79, F|303/303\n|-ability|p1a: Excadrill|Mold Breaker\n|turn|2\n|\n|t:|1782821403\n|switch|p2a: Sandslash|Sandslash, L89, F|278/278\n|move|p1a: Excadrill|Rapid Spin|p2a: Sandslash\n|-damage|p2a: Sandslash|247/278\n|-boost|p1a: Excadrill|spe|1\n|\n|-heal|p2a: Sandslash|264/278|[from] item: Leftovers\n|upkeep\n|turn|3\n|\n|t:|1782821419\n|switch|p1a: Ho-Oh|Ho-Oh, L71|268/268\n|move|p2a: Sandslash|Knock Off|p1a: Ho-Oh\n|-damage|p1a: Ho-Oh|181/268\n|-enditem|p1a: Ho-Oh|Heavy-Duty Boots|[from] move: Knock Off|[of] p2a: Sandslash\n|\n|-heal|p2a: Sandslash|278/278|[from] item: Leftovers\n|upkeep\n|turn|4\n|\n|t:|1782821448\n|switch|p2a: Charizard|Charizard, L85, F|271/271\n|move|p1a: Ho-Oh|Sacred Fire|p2a: Charizard\n|-resisted|p2a: Charizard\n|-damage|p2a: Charizard|223/271\n|\n|upkeep\n|turn|5\n|\n|t:|1782821517\n|move|p2a: Charizard|Will-O-Wisp|p1a: Ho-Oh\n|-immune|p1a: Ho-Oh\n|move|p1a: Ho-Oh|Brave Bird|p2a: Charizard\n|-damage|p2a: Charizard|90/271\n|-damage|p1a: Ho-Oh|137/268|[from] Recoil\n|\n|upkeep\n|turn|6\n|\n|t:|1782821525\n|move|p2a: Charizard|Hurricane|p1a: Ho-Oh\n|-damage|p1a: Ho-Oh|32/268\n|move|p1a: Ho-Oh|Recover|p1a: Ho-Oh\n|-heal|p1a: Ho-Oh|166/268\n|\n|upkeep\n|turn|7\n|\n|t:|1782821557\n|move|p2a: Charizard|Hurricane|p1a: Ho-Oh\n|-damage|p1a: Ho-Oh|61/268\n|move|p1a: Ho-Oh|Recover|p1a: Ho-Oh\n|-heal|p1a: Ho-Oh|195/268\n|\n|upkeep\n|turn|8\n|\n|t:|1782821563\n|move|p2a: Charizard|Hurricane|p1a: Ho-Oh|[miss]\n|-miss|p2a: Charizard|p1a: Ho-Oh\n|move|p1a: Ho-Oh|Recover|p1a: Ho-Oh\n|-heal|p1a: Ho-Oh|268/268\n|\n|upkeep\n|turn|9\n|\n|t:|1782821613\n|move|p2a: Charizard|Hurricane|p1a: Ho-Oh\n|-damage|p1a: Ho-Oh|163/268\n|move|p1a: Ho-Oh|Brave Bird|p2a: Charizard\n|-damage|p2a: Charizard|0 fnt\n|faint|p2a: Charizard\n|-damage|p1a: Ho-Oh|133/268|[from] Recoil\n|\n|upkeep\n|\n|t:|1782821625\n|switch|p2a: Sneasler|Sneasler, L74, F, tera:Dark|240/240\n|turn|10\n|\n|t:|1782821638\n|move|p2a: Sneasler|Throat Chop|p1a: Ho-Oh\n|-damage|p1a: Ho-Oh|0 fnt\n|faint|p1a: Ho-Oh\n|\n|upkeep\n|\n|t:|1782821654\n|switch|p1a: Lanturn|Lanturn, L89, M|367/367\n|turn|11\n|\n|t:|1782821661\n|switch|p2a: Gogoat|Gogoat, L88, M|360/360\n|move|p1a: Lanturn|Scald|p2a: Gogoat\n|-resisted|p2a: Gogoat\n|-damage|p2a: Gogoat|321/360\n|\n|-heal|p2a: Gogoat|343/360|[from] item: Leftovers\n|upkeep\n|turn|12\n|\n|t:|1782821669\n|move|p2a: Gogoat|Horn Leech|p1a: Lanturn\n|-supereffective|p1a: Lanturn\n|-damage|p1a: Lanturn|151/367\n|-heal|p2a: Gogoat|360/360|[from] drain|[of] p1a: Lanturn\n|move|p1a: Lanturn|Ice Beam|p2a: Gogoat\n|-supereffective|p2a: Gogoat\n|-damage|p2a: Gogoat|244/360\n|\n|-heal|p1a: Lanturn|173/367|[from] item: Leftovers\n|-heal|p2a: Gogoat|266/360|[from] item: Leftovers\n|upkeep\n|turn|13\n|\n|t:|1782821678\n|move|p1a: Lanturn|Thunder Wave|p2a: Gogoat\n|-status|p2a: Gogoat|par\n|cant|p2a: Gogoat|par\n|\n|-heal|p1a: Lanturn|195/367|[from] item: Leftovers\n|-heal|p2a: Gogoat|288/360 par|[from] item: Leftovers\n|upkeep\n|turn|14\n|\n|t:|1782821688\n|move|p1a: Lanturn|Ice Beam|p2a: Gogoat\n|-supereffective|p2a: Gogoat\n|-damage|p2a: Gogoat|158/360 par\n|cant|p2a: Gogoat|par\n|\n|-heal|p1a: Lanturn|217/367|[from] item: Leftovers\n|-heal|p2a: Gogoat|180/360 par|[from] item: Leftovers\n|upkeep\n|turn|15\n|\n|t:|1782821695\n|move|p1a: Lanturn|Ice Beam|p2a: Gogoat\n|-supereffective|p2a: Gogoat\n|-damage|p2a: Gogoat|56/360 par\n|move|p2a: Gogoat|Horn Leech|p1a: Lanturn\n|-supereffective|p1a: Lanturn\n|-damage|p1a: Lanturn|0 fnt\n|-heal|p2a: Gogoat|165/360 par|[from] drain|[of] p1a: Lanturn\n|faint|p1a: Lanturn\n|\n|-heal|p2a: Gogoat|187/360 par|[from] item: Leftovers\n|upkeep\n|\n|t:|1782821715\n|switch|p1a: Smeargle|Smeargle, L95, M|258/258\n|turn|16\n|\n|t:|1782821748\n|move|p1a: Smeargle|Shell Smash|p1a: Smeargle\n|-unboost|p1a: Smeargle|def|1\n|-unboost|p1a: Smeargle|spd|1\n|-boost|p1a: Smeargle|atk|2\n|-boost|p1a: Smeargle|spa|2\n|-boost|p1a: Smeargle|spe|2\n|move|p2a: Gogoat|Horn Leech|p1a: Smeargle\n|-damage|p1a: Smeargle|36/258\n|-heal|p2a: Gogoat|298/360 par|[from] drain|[of] p1a: Smeargle\n|\n|-heal|p2a: Gogoat|320/360 par|[from] item: Leftovers\n|upkeep\n|turn|17\n|\n|t:|1782821759\n|move|p1a: Smeargle|Population Bomb|p2a: Gogoat\n|-damage|p2a: Gogoat|277/360 par\n|-damage|p2a: Gogoat|238/360 par\n|-damage|p2a: Gogoat|198/360 par\n|-damage|p2a: Gogoat|156/360 par\n|-damage|p2a: Gogoat|120/360 par\n|-damage|p2a: Gogoat|83/360 par\n|-damage|p2a: Gogoat|47/360 par\n|-damage|p2a: Gogoat|7/360 par\n|-damage|p2a: Gogoat|0 fnt\n|faint|p2a: Gogoat\n|-hitcount|p2: Gogoat|9\n|\n|upkeep\n|\n|t:|1782821765\n|switch|p2a: Sandslash|Sandslash, L89, F|278/278\n|turn|18\n|\n|t:|1782821783\n|switch|p2a: Toxtricity|Toxtricity, L82, F|257/257\n|move|p1a: Smeargle|Population Bomb|p2a: Toxtricity\n|-damage|p2a: Toxtricity|217/257\n|-damage|p2a: Toxtricity|180/257\n|-damage|p2a: Toxtricity|140/257\n|-damage|p2a: Toxtricity|104/257\n|-damage|p2a: Toxtricity|65/257\n|-damage|p2a: Toxtricity|25/257\n|-damage|p2a: Toxtricity|0 fnt\n|faint|p2a: Toxtricity\n|-hitcount|p2: Toxtricity|7\n|\n|upkeep\n|\n|t:|1782821789\n|switch|p2a: Sandslash|Sandslash, L89, F|278/278\n|turn|19\n|\n|t:|1782821792\n|move|p1a: Smeargle|Spore|p2a: Sandslash\n|-status|p2a: Sandslash|slp|[from] move: Spore\n|cant|p2a: Sandslash|slp\n|\n|upkeep\n|turn|20\n|\n|t:|1782821794\n|move|p1a: Smeargle|Population Bomb|p2a: Sandslash\n|-damage|p2a: Sandslash|251/278 slp\n|-damage|p2a: Sandslash|227/278 slp\n|-damage|p2a: Sandslash|203/278 slp\n|-damage|p2a: Sandslash|176/278 slp\n|-damage|p2a: Sandslash|152/278 slp\n|-damage|p2a: Sandslash|125/278 slp\n|-damage|p2a: Sandslash|100/278 slp\n|-damage|p2a: Sandslash|73/278 slp\n|-damage|p2a: Sandslash|48/278 slp\n|-damage|p2a: Sandslash|23/278 slp\n|-hitcount|p2a: Sandslash|10\n|-curestatus|p2a: Sandslash|slp|[msg]\n|move|p2a: Sandslash|Rapid Spin|p1a: Smeargle\n|-crit|p1a: Smeargle\n|-damage|p1a: Smeargle|0 fnt\n|-boost|p2a: Sandslash|spe|1\n|faint|p1a: Smeargle\n|\n|-heal|p2a: Sandslash|40/278|[from] item: Leftovers\n|upkeep\n|\n|t:|1782821802\n|switch|p1a: Excadrill|Excadrill, L79, F|303/303\n|-ability|p1a: Excadrill|Mold Breaker\n|turn|21\n|\n|t:|1782821814\n|move|p2a: Sandslash|Earthquake|p1a: Excadrill\n|-supereffective|p1a: Excadrill\n|-damage|p1a: Excadrill|0 fnt\n|faint|p1a: Excadrill\n|\n|-heal|p2a: Sandslash|57/278|[from] item: Leftovers\n|upkeep\n|\n|t:|1782821816\n|switch|p1a: Chimecho|Chimecho, L93, F|290/290\n|turn|22\n|inactive|Battle timer is ON: inactive players will automatically lose when time's up. (requested by diana_the_banana)\n|\n|t:|1782821870\n|-terastallize|p1a: Chimecho|Steel\n|move|p2a: Sandslash|Knock Off|p1a: Chimecho\n|-damage|p1a: Chimecho|212/290\n|-enditem|p1a: Chimecho|Leftovers|[from] move: Knock Off|[of] p2a: Sandslash\n|move|p1a: Chimecho|Cosmic Power|p1a: Chimecho\n|-boost|p1a: Chimecho|def|1\n|-boost|p1a: Chimecho|spd|1\n|\n|-heal|p2a: Sandslash|74/278|[from] item: Leftovers\n|upkeep\n|turn|23\n|\n|t:|1782821880\n|switch|p2a: Sneasler|Sneasler, L74, F, tera:Dark|240/240\n|move|p1a: Chimecho|Cosmic Power|p1a: Chimecho\n|-boost|p1a: Chimecho|def|1\n|-boost|p1a: Chimecho|spd|1\n|\n|upkeep\n|turn|24\n|\n|t:|1782821892\n|move|p2a: Sneasler|Close Combat|p1a: Chimecho\n|-supereffective|p1a: Chimecho\n|-damage|p1a: Chimecho|20/290\n|-unboost|p2a: Sneasler|def|1\n|-unboost|p2a: Sneasler|spd|1\n|move|p1a: Chimecho|Dazzling Gleam|p2a: Sneasler\n|-supereffective|p2a: Sneasler\n|-damage|p2a: Sneasler|2/240\n|\n|upkeep\n|turn|25\n|\n|t:|1782821902\n|move|p2a: Sneasler|Close Combat|p1a: Chimecho\n|-supereffective|p1a: Chimecho\n|-damage|p1a: Chimecho|0 fnt\n|-unboost|p2a: Sneasler|def|1\n|-unboost|p2a: Sneasler|spd|1\n|faint|p1a: Chimecho\n|\n|win|SquadLeCuisto\n|raw|diana_the_banana's rating: 2011 &rarr; <strong>1998</strong><br />(-13 for losing)\n|raw|SquadLeCuisto's rating: 2142 &rarr; <strong>2155</strong><br />(+13 for winning)\n", "inputlog": ">version f8ac14003a5f27e1bdc8d8c59608a773c1cb96e5\n>start {\"formatid\":\"gen9randombattle\",\"seed\":\"sodium,ac27fefb2a7f34c22b2e0bafdc1e52af\",\"rated\":\"Rated battle\"}\n>player p1 {\"name\":\"diana_the_banana\",\"avatar\":\"1\",\"rating\":2011,\"seed\":\"sodium,12280212a34ed155708ef9b87f576048\"}\n>player p2 {\"name\":\"SquadLeCuisto\",\"avatar\":\"102\",\"rating\":2159,\"seed\":\"sodium,b78865d30fb1e3c901a614f6891c7d29\"}\n>p1 move psychic\n>p2 move throatchop terastallize\n>p1 switch 3\n>p1 move rapidspin\n>p2 switch 6\n>p1 switch 4\n>p2 move knockoff\n>p1 move sacredfire\n>p2 switch 3\n>p1 move bravebird\n>p2 move willowisp\n>p1 move recover\n>p2 move hurricane\n>p1 move recover\n>p2 move hurricane\n>p1 move recover\n>p2 move hurricane\n>p1 move bravebird\n>p2 move hurricane\n>p2 switch 6\n>p1 move sacredfire\n>p2 move throatchop\n>p1 switch 5\n>p1 move scald\n>p2 switch 5\n>p1 move icebeam\n>p2 move hornleech\n>p1 move thunderwave\n>p2 move hornleech\n>p1 move icebeam\n>p2 move hornleech\n>p1 move icebeam\n>p2 move hornleech\n>p1 switch 2\n>p1 move shellsmash\n>p2 move hornleech\n>p1 move populationbomb\n>p2 move hornleech\n>p2 switch 3\n>p1 move populationbomb\n>p2 switch 2\n>p2 switch 2\n>p1 move spore\n>p2 move rapidspin\n>p1 move populationbomb\n>p2 move rapidspin\n>p1 switch 4\n>p1 move earthquake\n>p2 move earthquake\n>p1 switch 6\n>p1 move cosmicpower terastallize\n>p2 move knockoff\n>p1 move cosmicpower\n>p2 switch 5\n>p1 move dazzlinggleam\n>p2 move closecombat\n>p1 move dazzlinggleam\n>p2 move closecombat", "uploadtime": 1782821360, "views": 4, "formatid": "gen9randombattle", "rating": 1998, "private": 0, "password": null, "player_dets": [{"name": "diana_the_banana", "avatar": "1", "rating": 2011, "seed": "sodium,12280212a34ed155708ef9b87f576048"}, {"name": "SquadLeCuisto", "avatar": "102", "rating": 2159, "seed": "sodium,b78865d30fb1e3c901a614f6891c7d29"}], "teams_full": [{"Azelf": {"name": "Azelf", "species": "Azelf", "speciesId": "azelf", "gender": "N", "shiny": false, "level": 82, "moves": ["encore", "explosion", "psychic", "knockoff"], "ability": "Levitate", "evs": {"hp": 85, "atk": 85, "def": 85, "spa": 85, "spd": 85, "spe": 85}, "ivs": {"hp": 31, "atk": 31, "def": 31, "spa": 31, "spd": 31, "spe": 31}, "item": "Life Orb", "teraType": "Dark", "role": "Fast Support", "bvs": {"hp": 75, "atk": 125, "def": 70, "spa": 125, "spd": 70, "spe": 115}, "stats": {"hp": 257, "atk": 252, "def": 162, "spa": 252, "spd": 162, "spe": 236}, "types": ["Psychic"]}, "Smeargle": {"name": "Smeargle", "species": "Smeargle", "speciesId": "smeargle", "gender": "M", "shiny": false, "level": 95, "moves": ["powertrip", "shellsmash", "populationbomb", "spore"], "ability": "Technician", "evs": {"hp": 85, "atk": 85, "def": 85, "spa": 85, "spd": 85, "spe": 85}, "ivs": {"hp": 31, "atk": 31, "def": 31, "spa": 31, "spd": 31, "spe": 31}, "item": "Wide Lens", "teraType": "Ghost", "role": "Setup Sweeper", "bvs": {"hp": 55, "atk": 20, "def": 35, "spa": 20, "spd": 45, "spe": 75}, "stats": {"hp": 258, "atk": 92, "def": 120, "spa": 92, "spd": 139, "spe": 196}, "types": ["Normal"]}, "Excadrill": {"name": "Excadrill", "species": "Excadrill", "speciesId": "excadrill", "gender": "F", "shiny": false, "level": 79, "moves": ["earthquake", "swordsdance", "rapidspin", "ironhead"], "ability": "Mold Breaker", "evs": {"hp": 85, "atk": 85, "def": 85, "spa": 85, "spd": 85, "spe": 85}, "ivs": {"hp": 31, "atk": 31, "def": 31, "spa": 31, "spd": 31, "spe": 31}, "item": "Leftovers", "teraType": "Water", "role": "Bulky Setup", "bvs": {"hp": 110, "atk": 135, "def": 60, "spa": 50, "spd": 65, "spe": 88}, "stats": {"hp": 303, "atk": 259, "def": 140, "spa": 125, "spd": 148, "spe": 185}, "types": ["Ground", "Steel"]}, "Ho-Oh": {"name": "Ho-Oh", "species": "Ho-Oh", "speciesId": "hooh", "gender": "N", "shiny": false, "level": 71, "moves": ["recover", "earthquake", "bravebird", "sacredfire"], "ability": "Regenerator", "evs": {"hp": 85, "atk": 85, "def": 85, "spa": 85, "spd": 85, "spe": 85}, "ivs": {"hp": 31, "atk": 31, "def": 31, "spa": 31, "spd": 31, "spe": 31}, "item": "Heavy-Duty Boots", "teraType": "Ground", "role": "Bulky Attacker", "bvs": {"hp": 106, "atk": 130, "def": 90, "spa": 110, "spd": 154, "spe": 90}, "stats": {"hp": 268, "atk": 226, "def": 169, "spa": 198, "spd": 260, "spe": 169}, "types": ["Fire", "Flying"]}, "Lanturn": {"name": "Lanturn", "species": "Lanturn", "speciesId": "lanturn", "gender": "M", "shiny": false, "level": 89, "moves": ["thunderbolt", "scald", "thunderwave", "icebeam"], "ability": "Volt Absorb", "evs": {"hp": 85, "atk": 0, "def": 85, "spa": 85, "spd": 85, "spe": 85}, "ivs": {"hp": 31, "atk": 0, "def": 31, "spa": 31, "spd": 31, "spe": 31}, "item": "Leftovers", "teraType": "Flying", "role": "Bulky Attacker", "bvs": {"hp": 125, "atk": 58, "def": 58, "spa": 76, "spd": 76, "spe": 67}, "stats": {"hp": 367, "atk": 108, "def": 154, "spa": 186, "spd": 186, "spe": 170}, "types": ["Water", "Electric"]}, "Chimecho": {"name": "Chimecho", "species": "Chimecho", "speciesId": "chimecho", "gender": "F", "shiny": false, "level": 93, "moves": ["recover", "storedpower", "dazzlinggleam", "cosmicpower"], "ability": "Levitate", "evs": {"hp": 85, "atk": 0, "def": 85, "spa": 85, "spd": 85, "spe": 85}, "ivs": {"hp": 31, "atk": 0, "def": 31, "spa": 31, "spd": 31, "spe": 31}, "item": "Leftovers", "teraType": "Steel", "role": "Bulky Attacker", "bvs": {"hp": 75, "atk": 50, "def": 80, "spa": 95, "spd": 90, "spe": 65}, "stats": {"hp": 290, "atk": 98, "def": 202, "spa": 230, "spd": 220, "spe": 174}, "types": ["Psychic"]}}, {"Sneasler": {"name": "Sneasler", "species": "Sneasler", "speciesId": "sneasler", "gender": "F", "shiny": false, "level": 74, "moves": ["uturn", "closecombat", "direclaw", "throatchop"], "ability": "Poison Touch", "evs": {"hp": 85, "atk": 85, "def": 85, "spa": 85, "spd": 85, "spe": 85}, "ivs": {"hp": 31, "atk": 31, "def": 31, "spa": 31, "spd": 31, "spe": 31}, "item": "Choice Band", "teraType": "Dark", "role": "Fast Attacker", "bvs": {"hp": 80, "atk": 130, "def": 60, "spa": 40, "spd": 80, "spe": 120}, "stats": {"hp": 240, "atk": 235, "def": 132, "spa": 102, "spd": 161, "spe": 221}, "types": ["Fighting", "Poison"]}, "Toxtricity": {"name": "Toxtricity", "species": "Toxtricity", "speciesId": "toxtricity", "gender": "F", "shiny": false, "level": 82, "moves": ["boomburst", "shiftgear", "gunkshot", "overdrive"], "ability": "Punk Rock", "evs": {"hp": 85, "atk": 85, "def": 85, "spa": 85, "spd": 85, "spe": 85}, "ivs": {"hp": 31, "atk": 31, "def": 31, "spa": 31, "spd": 31, "spe": 31}, "item": "Throat Spray", "teraType": "Normal", "role": "Setup Sweeper", "bvs": {"hp": 75, "atk": 98, "def": 70, "spa": 114, "spd": 70, "spe": 75}, "stats": {"hp": 257, "atk": 208, "def": 162, "spa": 234, "spd": 162, "spe": 170}, "types": ["Electric", "Poison"]}, "Charizard": {"name": "Charizard", "species": "Charizard", "speciesId": "charizard", "gender": "F", "shiny": false, "level": 85, "moves": ["willowisp", "hurricane", "flamethrower", "earthquake"], "ability": "Blaze", "evs": {"hp": 85, "atk": 85, "def": 85, "spa": 85, "spd": 85, "spe": 85}, "ivs": {"hp": 31, "atk": 31, "def": 31, "spa": 31, "spd": 31, "spe": 31}, "item": "Heavy-Duty Boots", "teraType": "Fire", "role": "Fast Attacker", "bvs": {"hp": 78, "atk": 84, "def": 78, "spa": 109, "spd": 85, "spe": 100}, "stats": {"hp": 271, "atk": 192, "def": 181, "spa": 234, "spd": 193, "spe": 219}, "types": ["Fire", "Flying"]}, "Iron Jugulis": {"name": "Iron Jugulis", "species": "Iron Jugulis", "speciesId": "ironjugulis", "gender": "N", "shiny": false, "level": 77, "moves": ["darkpulse", "uturn", "earthpower", "hurricane"], "ability": "Quark Drive", "evs": {"hp": 85, "atk": 85, "def": 85, "spa": 85, "spd": 85, "spe": 85}, "ivs": {"hp": 31, "atk": 31, "def": 31, "spa": 31, "spd": 31, "spe": 31}, "item": "Choice Specs", "teraType": "Dark", "role": "Wallbreaker", "bvs": {"hp": 94, "atk": 80, "def": 86, "spa": 122, "spd": 80, "spe": 108}, "stats": {"hp": 271, "atk": 168, "def": 177, "spa": 232, "spd": 168, "spe": 211}, "types": ["Dark", "Flying"]}, "Gogoat": {"name": "Gogoat", "species": "Gogoat", "speciesId": "gogoat", "gender": "M", "shiny": false, "level": 88, "moves": ["bulkup", "milkdrink", "hornleech", "rockslide"], "ability": "Sap Sipper", "evs": {"hp": 85, "atk": 85, "def": 85, "spa": 85, "spd": 85, "spe": 85}, "ivs": {"hp": 31, "atk": 31, "def": 31, "spa": 31, "spd": 31, "spe": 31}, "item": "Leftovers", "teraType": "Water", "role": "Bulky Setup", "bvs": {"hp": 123, "atk": 100, "def": 62, "spa": 97, "spd": 81, "spe": 68}, "stats": {"hp": 360, "atk": 226, "def": 159, "spa": 221, "spd": 193, "spe": 170}, "types": ["Grass"]}, "Sandslash": {"name": "Sandslash", "species": "Sandslash", "speciesId": "sandslash", "gender": "F", "shiny": false, "level": 89, "moves": ["rapidspin", "spikes", "earthquake", "knockoff"], "ability": "Sand Rush", "evs": {"hp": 85, "atk": 85, "def": 85, "spa": 85, "spd": 85, "spe": 85}, "ivs": {"hp": 31, "atk": 31, "def": 31, "spa": 31, "spd": 31, "spe": 31}, "item": "Leftovers", "teraType": "Steel", "role": "Bulky Support", "bvs": {"hp": 75, "atk": 100, "def": 110, "spa": 45, "spd": 55, "spe": 65}, "stats": {"hp": 278, "atk": 229, "def": 247, "spa": 131, "spd": 149, "spe": 166}, "types": ["Ground"]}}]}