{"id": "gen9randombattle-2641690594", "format": "[Gen 9] Random Battle", "players": ["justblue4ever", "Lil z and co"], "log": "|j|\u2606justblue4ever\n|j|\u2606Lil z and co\n|t:|1782830272\n|gametype|singles\n|player|p1|justblue4ever|169|1978\n|player|p2|Lil z and co|169|1945\n|gen|9\n|tier|[Gen 9] Random Battle\n|rated|\n|rule|Species Clause: Limit one of each Pok\u00e9mon\n|rule|HP Percentage Mod: HP is shown in percentages\n|rule|Sleep Clause Mod: Limit one foe put to sleep\n|rule|Illusion Level Mod: Illusion disguises the Pok\u00e9mon's true level\n|\n|t:|1782830272\n|teamsize|p1|6\n|teamsize|p2|6\n|start\n|switch|p1a: Glaceon|Glaceon, L94, F|275/275\n|switch|p2a: Glalie|Glalie, L96, M|309/309\n|turn|1\n|inactive|Battle timer is ON: inactive players will automatically lose when time's up. (requested by Lil z and co)\n|\n|t:|1782830292\n|switch|p1a: Ogerpon|Ogerpon-Cornerstone, L76, F|247/247\n|move|p2a: Glalie|Taunt|p1a: Ogerpon\n|-start|p1a: Ogerpon|move: Taunt\n|\n|upkeep\n|turn|2\n|\n|t:|1782830318\n|move|p1a: Ogerpon|Ivy Cudgel|p2a: Glalie|[anim] Ivy Cudgel Rock\n|-supereffective|p2a: Glalie\n|-damage|p2a: Glalie|79/309\n|move|p2a: Glalie|Freeze-Dry|p1a: Ogerpon\n|-supereffective|p1a: Ogerpon\n|-damage|p1a: Ogerpon|71/247\n|\n|upkeep\n|turn|3\n|\n|t:|1782830332\n|switch|p2a: Rillaboom|Rillaboom, L79, F|288/288\n|-fieldstart|move: Grassy Terrain|[from] ability: Grassy Surge|[of] p2a: Rillaboom\n|move|p1a: Ogerpon|Ivy Cudgel|p2a: Rillaboom|[anim] Ivy Cudgel Rock\n|-damage|p2a: Rillaboom|156/288\n|\n|-heal|p1a: Ogerpon|86/247|[from] Grassy Terrain\n|-heal|p2a: Rillaboom|174/288|[from] Grassy Terrain\n|-end|p1a: Ogerpon|move: Taunt\n|upkeep\n|turn|4\n|\n|t:|1782830342\n|switch|p1a: Gyarados|Gyarados, L79, M|280/280\n|-ability|p1a: Gyarados|Intimidate|boost\n|-unboost|p2a: Rillaboom|atk|1\n|move|p2a: Rillaboom|Grassy Glide|p1a: Gyarados\n|-damage|p1a: Gyarados|189/280\n|-damage|p2a: Rillaboom|146/288|[from] item: Life Orb\n|\n|-heal|p2a: Rillaboom|164/288|[from] Grassy Terrain\n|upkeep\n|turn|5\n|\n|t:|1782830350\n|move|p2a: Rillaboom|Wood Hammer|p1a: Gyarados\n|-damage|p1a: Gyarados|1/280\n|-damage|p2a: Rillaboom|102/288|[from] Recoil\n|-damage|p2a: Rillaboom|74/288|[from] item: Life Orb\n|move|p1a: Gyarados|Dragon Dance|p1a: Gyarados\n|-boost|p1a: Gyarados|atk|1\n|-boost|p1a: Gyarados|spe|1\n|\n|-heal|p2a: Rillaboom|92/288|[from] Grassy Terrain\n|upkeep\n|turn|6\n|\n|t:|1782830360\n|move|p2a: Rillaboom|Grassy Glide|p1a: Gyarados\n|-damage|p1a: Gyarados|0 fnt\n|faint|p1a: Gyarados\n|-damage|p2a: Rillaboom|64/288|[from] item: Life Orb\n|\n|-heal|p2a: Rillaboom|82/288|[from] Grassy Terrain\n|upkeep\n|\n|t:|1782830368\n|switch|p1a: Electrode|Electrode, L92|260/260\n|turn|7\n|\n|t:|1782830370\n|switch|p2a: Glalie|Glalie, L96, M|79/309\n|move|p1a: Electrode|Foul Play|p2a: Glalie\n|-damage|p2a: Glalie|8/309\n|\n|-heal|p2a: Glalie|27/309|[from] Grassy Terrain\n|-fieldend|move: Grassy Terrain\n|upkeep\n|turn|8\n|\n|t:|1782830374\n|move|p1a: Electrode|Foul Play|p2a: Glalie\n|-damage|p2a: Glalie|0 fnt\n|faint|p2a: Glalie\n|\n|upkeep\n|\n|t:|1782830381\n|switch|p2a: Rillaboom|Rillaboom, L79, F|82/288\n|-fieldstart|move: Grassy Terrain|[from] ability: Grassy Surge|[of] p2a: Rillaboom\n|turn|9\n|\n|t:|1782830387\n|move|p2a: Rillaboom|Grassy Glide|p1a: Electrode\n|-damage|p1a: Electrode|147/260\n|-damage|p2a: Rillaboom|54/288|[from] item: Life Orb\n|move|p1a: Electrode|Foul Play|p2a: Rillaboom\n|-damage|p2a: Rillaboom|0 fnt\n|faint|p2a: Rillaboom\n|\n|-heal|p1a: Electrode|163/260|[from] Grassy Terrain\n|upkeep\n|\n|t:|1782830396\n|switch|p2a: Florges|Florges-Blue, L85, F|271/271\n|turn|10\n|\n|t:|1782830402\n|move|p1a: Electrode|Taunt|p2a: Florges\n|-start|p2a: Florges|move: Taunt\n|cant|p2a: Florges|move: Taunt|Calm Mind\n|\n|-heal|p1a: Electrode|179/260|[from] Grassy Terrain\n|upkeep\n|turn|11\n|\n|t:|1782830406\n|move|p1a: Electrode|Volt Switch|p2a: Florges\n|-damage|p2a: Florges|225/271\n|\n|t:|1782830415\n|switch|p1a: Dewgong|Dewgong, L94, M|322/322|[from] Volt Switch\n|move|p2a: Florges|Moonblast|p1a: Dewgong\n|-damage|p1a: Dewgong|219/322\n|\n|-heal|p1a: Dewgong|239/322|[from] Grassy Terrain\n|-heal|p2a: Florges|241/271|[from] Grassy Terrain\n|-heal|p2a: Florges|257/271|[from] item: Leftovers\n|upkeep\n|turn|12\n|\n|t:|1782830423\n|move|p1a: Dewgong|Knock Off|p2a: Florges\n|-resisted|p2a: Florges\n|-damage|p2a: Florges|215/271\n|-enditem|p2a: Florges|Leftovers|[from] move: Knock Off|[of] p1a: Dewgong\n|move|p2a: Florges|Moonblast|p1a: Dewgong\n|-damage|p1a: Dewgong|131/322\n|\n|-heal|p1a: Dewgong|151/322|[from] Grassy Terrain\n|-heal|p2a: Florges|231/271|[from] Grassy Terrain\n|-end|p2a: Florges|move: Taunt\n|upkeep\n|turn|13\n|\n|t:|1782830427\n|move|p1a: Dewgong|Ice Beam|p2a: Florges\n|-damage|p2a: Florges|174/271\n|move|p2a: Florges|Calm Mind|p2a: Florges\n|-boost|p2a: Florges|spa|1\n|-boost|p2a: Florges|spd|1\n|\n|-heal|p1a: Dewgong|171/322|[from] Grassy Terrain\n|-heal|p2a: Florges|190/271|[from] Grassy Terrain\n|-fieldend|move: Grassy Terrain\n|upkeep\n|turn|14\n|\n|t:|1782830430\n|move|p1a: Dewgong|Encore|p2a: Florges\n|-start|p2a: Florges|Encore\n|move|p2a: Florges|Calm Mind|p2a: Florges\n|-boost|p2a: Florges|spa|1\n|-boost|p2a: Florges|spd|1\n|\n|upkeep\n|turn|15\n|\n|t:|1782830434\n|move|p1a: Dewgong|Ice Beam|p2a: Florges\n|-damage|p2a: Florges|159/271\n|move|p2a: Florges|Calm Mind|p2a: Florges\n|-boost|p2a: Florges|spa|1\n|-boost|p2a: Florges|spd|1\n|\n|upkeep\n|turn|16\n|\n|t:|1782830437\n|move|p1a: Dewgong|Ice Beam|p2a: Florges\n|-damage|p2a: Florges|135/271\n|move|p2a: Florges|Calm Mind|p2a: Florges\n|-boost|p2a: Florges|spa|1\n|-boost|p2a: Florges|spd|1\n|\n|-end|p2a: Florges|Encore\n|upkeep\n|turn|17\n|\n|t:|1782830441\n|switch|p2a: Flareon|Flareon, L90, M|263/263\n|move|p1a: Dewgong|Encore||[still]\n|-fail|p1a: Dewgong\n|\n|-status|p2a: Flareon|tox|[from] item: Toxic Orb\n|upkeep\n|turn|18\n|\n|t:|1782830448\n|move|p1a: Dewgong|Surf|p2a: Flareon\n|-supereffective|p2a: Flareon\n|-damage|p2a: Flareon|117/263 tox\n|move|p2a: Flareon|Trailblaze|p1a: Dewgong\n|-supereffective|p1a: Dewgong\n|-damage|p1a: Dewgong|9/322\n|-boost|p2a: Flareon|spe|1\n|\n|-damage|p2a: Flareon|101/263 tox|[from] psn\n|upkeep\n|turn|19\n|\n|t:|1782830451\n|move|p2a: Flareon|Trailblaze|p1a: Dewgong\n|-supereffective|p1a: Dewgong\n|-damage|p1a: Dewgong|0 fnt\n|-boost|p2a: Flareon|spe|1\n|faint|p1a: Dewgong\n|\n|-damage|p2a: Flareon|69/263 tox|[from] psn\n|upkeep\n|\n|t:|1782830456\n|switch|p1a: Mudsdale|Mudsdale, L83, M|302/302\n|turn|20\n|\n|t:|1782830464\n|move|p2a: Flareon|Will-O-Wisp|p1a: Mudsdale\n|-status|p1a: Mudsdale|brn\n|move|p1a: Mudsdale|Earthquake|p2a: Flareon\n|-supereffective|p2a: Flareon\n|-damage|p2a: Flareon|0 fnt\n|faint|p2a: Flareon\n|\n|-damage|p1a: Mudsdale|284/302 brn|[from] brn\n|upkeep\n|\n|t:|1782830469\n|switch|p2a: Florges|Florges-Blue, L85, F|135/271\n|turn|21\n|\n|t:|1782830473\n|move|p2a: Florges|Calm Mind|p2a: Florges\n|-boost|p2a: Florges|spa|1\n|-boost|p2a: Florges|spd|1\n|move|p1a: Mudsdale|Roar|p2a: Florges\n|drag|p2a: Tatsugiri|Tatsugiri, L87, F|260/260\n|\n|-heal|p1a: Mudsdale|302/302 brn|[from] item: Leftovers\n|-damage|p1a: Mudsdale|284/302 brn|[from] brn\n|upkeep\n|turn|22\n|\n|t:|1782830480\n|move|p2a: Tatsugiri|Surf|p1a: Mudsdale\n|-supereffective|p1a: Mudsdale\n|-damage|p1a: Mudsdale|24/302 brn\n|-ability|p1a: Mudsdale|Stamina|boost\n|-boost|p1a: Mudsdale|def|1\n|move|p1a: Mudsdale|Roar|p2a: Tatsugiri\n|drag|p2a: Florges|Florges-Blue, L85, F|135/271\n|\n|-heal|p1a: Mudsdale|42/302 brn|[from] item: Leftovers\n|-damage|p1a: Mudsdale|24/302 brn|[from] brn\n|upkeep\n|turn|23\n|\n|t:|1782830489\n|move|p2a: Florges|Synthesis|p2a: Florges\n|-heal|p2a: Florges|270/271\n|move|p1a: Mudsdale|Roar|p2a: Florges\n|drag|p2a: Mimikyu|Mimikyu, L79, F|216/216\n|\n|-heal|p1a: Mudsdale|42/302 brn|[from] item: Leftovers\n|-damage|p1a: Mudsdale|24/302 brn|[from] brn\n|upkeep\n|turn|24\n|\n|t:|1782830497\n|move|p2a: Mimikyu|Play Rough|p1a: Mudsdale\n|-crit|p1a: Mudsdale\n|-damage|p1a: Mudsdale|0 fnt\n|faint|p1a: Mudsdale\n|-damage|p2a: Mimikyu|195/216|[from] item: Life Orb\n|\n|upkeep\n|\n|t:|1782830505\n|switch|p1a: Electrode|Electrode, L92|179/260\n|turn|25\n|\n|t:|1782830514\n|move|p1a: Electrode|Thunderbolt|p2a: Mimikyu\n|-activate|p2a: Mimikyu|ability: Disguise\n|-damage|p2a: Mimikyu|195/216\n|detailschange|p2a: Mimikyu|Mimikyu-Busted, L79, F\n|-damage|p2a: Mimikyu|168/216|[from] pokemon: Mimikyu-Busted\n|move|p2a: Mimikyu|Play Rough|p1a: Electrode\n|-damage|p1a: Electrode|76/260\n|-damage|p2a: Mimikyu|147/216|[from] item: Life Orb\n|\n|upkeep\n|turn|26\n|\n|t:|1782830519\n|move|p1a: Electrode|Thunderbolt|p2a: Mimikyu\n|-damage|p2a: Mimikyu|51/216\n|move|p2a: Mimikyu|Play Rough|p1a: Electrode\n|-damage|p1a: Electrode|0 fnt\n|faint|p1a: Electrode\n|-damage|p2a: Mimikyu|30/216|[from] item: Life Orb\n|\n|upkeep\n|\n|t:|1782830528\n|switch|p1a: Glaceon|Glaceon, L94, F|275/275\n|turn|27\n|\n|t:|1782830533\n|move|p2a: Mimikyu|Drain Punch|p1a: Glaceon\n|-supereffective|p1a: Glaceon\n|-damage|p1a: Glaceon|181/275\n|-heal|p2a: Mimikyu|77/216|[from] drain|[of] p1a: Glaceon\n|-damage|p2a: Mimikyu|56/216|[from] item: Life Orb\n|move|p1a: Glaceon|Freeze-Dry|p2a: Mimikyu\n|-damage|p2a: Mimikyu|0 fnt\n|faint|p2a: Mimikyu\n|\n|upkeep\n|\n|t:|1782830538\n|switch|p2a: Florges|Florges-Blue, L85, F|270/271\n|turn|28\n|\n|t:|1782830542\n|move|p1a: Glaceon|Wish|p1a: Glaceon\n|move|p2a: Florges|Calm Mind|p2a: Florges\n|-boost|p2a: Florges|spa|1\n|-boost|p2a: Florges|spd|1\n|\n|upkeep\n|turn|29\n|\n|t:|1782830546\n|move|p2a: Florges|Moonblast|p1a: Glaceon\n|-damage|p1a: Glaceon|39/275\n|-unboost|p1a: Glaceon|spa|1\n|move|p1a: Glaceon|Freeze-Dry|p2a: Florges\n|-damage|p2a: Florges|234/271\n|\n|-heal|p1a: Glaceon|176/275|[from] move: Wish|[wisher] Glaceon\n|upkeep\n|turn|30\n|\n|t:|1782830554\n|move|p2a: Florges|Calm Mind|p2a: Florges\n|-boost|p2a: Florges|spa|1\n|-boost|p2a: Florges|spd|1\n|move|p1a: Glaceon|Freeze-Dry|p2a: Florges\n|-damage|p2a: Florges|209/271\n|\n|upkeep\n|turn|31\n|\n|t:|1782830559\n|move|p1a: Glaceon|Freeze-Dry|p2a: Florges\n|-damage|p2a: Florges|182/271\n|move|p2a: Florges|Calm Mind|p2a: Florges\n|-boost|p2a: Florges|spa|1\n|-boost|p2a: Florges|spd|1\n|\n|upkeep\n|turn|32\n|\n|t:|1782830567\n|switch|p1a: Ogerpon|Ogerpon-Cornerstone, L76, F|86/247\n|move|p2a: Florges|Synthesis|p2a: Florges\n|-heal|p2a: Florges|271/271\n|\n|upkeep\n|turn|33\n|\n|t:|1782830574\n|-terastallize|p1a: Ogerpon|Rock\n|detailschange|p1a: Ogerpon|Ogerpon-Cornerstone-Tera, L76, F, tera:Rock\n|-ability|p1a: Ogerpon|Embody Aspect (Cornerstone)|boost\n|-boost|p1a: Ogerpon|def|1\n|move|p1a: Ogerpon|Ivy Cudgel|p2a: Florges|[anim] Ivy Cudgel Rock\n|-damage|p2a: Florges|91/271\n|move|p2a: Florges|Moonblast|p1a: Ogerpon\n|-damage|p1a: Ogerpon|0 fnt\n|faint|p1a: Ogerpon\n|detailschange|p1: Ogerpon|Ogerpon-Cornerstone, L76, F|[silent]\n|\n|upkeep\n|\n|t:|1782830580\n|switch|p1a: Glaceon|Glaceon, L94, F|176/275\n|turn|34\n|\n|t:|1782830588\n|move|p2a: Florges|Moonblast|p1a: Glaceon\n|-damage|p1a: Glaceon|0 fnt\n|faint|p1a: Glaceon\n|\n|win|Lil z and co\n", "inputlog": ">version f8ac14003a5f27e1bdc8d8c59608a773c1cb96e5\n>start {\"formatid\":\"gen9randombattle\",\"seed\":\"sodium,5bc563c390cfa5d1d7b9653c9d5c8e62\",\"rated\":\"Rated battle\"}\n>player p1 {\"name\":\"justblue4ever\",\"avatar\":\"169\",\"rating\":1978,\"seed\":\"sodium,e83db2ea781e48f1afe032cc7ac4d525\"}\n>player p2 {\"name\":\"Lil z and co\",\"avatar\":\"169\",\"rating\":1945,\"seed\":\"sodium,1d6faa386421425a82d5ca01ef08a8de\"}\n>p1 switch 4\n>p2 move taunt\n>p1 move ivycudgel\n>p2 move freezedry\n>p1 move ivycudgel\n>p2 switch 2\n>p1 switch 2\n>p2 move grassyglide\n>p1 move dragondance\n>p2 move woodhammer\n>p1 move temperflare\n>p2 move grassyglide\n>p1 switch 5\n>p1 move foulplay\n>p2 switch 2\n>p1 move foulplay\n>p2 move spikes\n>p2 switch 2\n>p1 move foulplay\n>p2 move grassyglide\n>p2 switch 6\n>p1 move taunt\n>p2 move calmmind\n>p1 move voltswitch\n>p2 move moonblast\n>p1 switch 3\n>p1 move knockoff\n>p2 move moonblast\n>p1 move icebeam\n>p2 move calmmind\n>p1 move encore\n>p2 move calmmind\n>p1 move icebeam\n>p2 move calmmind\n>p1 move icebeam\n>p2 move calmmind\n>p1 move encore\n>p2 switch 4\n>p1 move surf\n>p2 move trailblaze\n>p1 move surf\n>p2 move trailblaze\n>p1 switch 6\n>p1 move earthquake\n>p2 move willowisp\n>p2 switch 4\n>p1 move roar\n>p2 move calmmind\n>p1 move roar\n>p2 move surf\n>p1 move roar\n>p2 move synthesis\n>p1 move heavyslam\n>p2 move playrough\n>p1 switch 3\n>p1 move thunderbolt\n>p2 move playrough\n>p1 move thunderbolt\n>p2 move playrough\n>p1 switch 4\n>p1 move freezedry\n>p2 move drainpunch\n>p2 switch 3\n>p1 move wish\n>p2 move calmmind\n>p1 move freezedry\n>p2 move moonblast\n>p1 move freezedry\n>p2 move calmmind\n>p1 move freezedry\n>p2 move calmmind\n>p1 switch 2\n>p2 move synthesis\n>p1 move ivycudgel terastallize\n>p2 move moonblast\n>p1 switch 2\n>p1 move freezedry\n>p2 move moonblast", "uploadtime": 1782830274, "views": 4, "formatid": "gen9randombattle", "rating": null, "private": 0, "password": null, "player_dets": [{"name": "justblue4ever", "avatar": "169", "rating": 1978, "seed": "sodium,e83db2ea781e48f1afe032cc7ac4d525"}, {"name": "Lil z and co", "avatar": "169", "rating": 1945, "seed": "sodium,1d6faa386421425a82d5ca01ef08a8de"}], "teams_full": [{"Glaceon": {"name": "Glaceon", "species": "Glaceon", "speciesId": "glaceon", "gender": "F", "shiny": false, "level": 94, "moves": ["mudshot", "protect", "wish", "freezedry"], "ability": "Ice Body", "evs": {"hp": 85, "atk": 0, "def": 85, "spa": 85, "spd": 85, "spe": 85}, "ivs": {"hp": 31, "atk": 0, "def": 31, "spa": 31, "spd": 31, "spe": 31}, "item": "Heavy-Duty Boots", "teraType": "Ground", "role": "Bulky Attacker", "bvs": {"hp": 65, "atk": 60, "def": 110, "spa": 130, "spd": 95, "spe": 65}, "stats": {"hp": 275, "atk": 117, "def": 260, "spa": 298, "spd": 232, "spe": 176}, "types": ["Ice"]}, "Gyarados": {"name": "Gyarados", "species": "Gyarados", "speciesId": "gyarados", "gender": "M", "shiny": false, "level": 79, "moves": ["temperflare", "dragondance", "waterfall", "earthquake"], "ability": "Intimidate", "evs": {"hp": 85, "atk": 85, "def": 85, "spa": 85, "spd": 85, "spe": 85}, "ivs": {"hp": 31, "atk": 31, "def": 31, "spa": 31, "spd": 31, "spe": 31}, "item": "Heavy-Duty Boots", "teraType": "Ground", "role": "Setup Sweeper", "bvs": {"hp": 95, "atk": 125, "def": 79, "spa": 60, "spd": 100, "spe": 81}, "stats": {"hp": 280, "atk": 243, "def": 170, "spa": 140, "spd": 204, "spe": 174}, "types": ["Water", "Flying"]}, "Dewgong": {"name": "Dewgong", "species": "Dewgong", "speciesId": "dewgong", "gender": "M", "shiny": false, "level": 94, "moves": ["knockoff", "encore", "icebeam", "surf"], "ability": "Thick Fat", "evs": {"hp": 85, "atk": 85, "def": 85, "spa": 85, "spd": 85, "spe": 85}, "ivs": {"hp": 31, "atk": 31, "def": 31, "spa": 31, "spd": 31, "spe": 31}, "item": "Heavy-Duty Boots", "teraType": "Dragon", "role": "Bulky Support", "bvs": {"hp": 90, "atk": 70, "def": 80, "spa": 70, "spd": 95, "spe": 70}, "stats": {"hp": 322, "atk": 185, "def": 204, "spa": 185, "spd": 232, "spe": 185}, "types": ["Water", "Ice"]}, "Ogerpon": {"name": "Ogerpon", "species": "Ogerpon-Cornerstone", "speciesId": "ogerponcornerstone", "gender": "F", "shiny": false, "level": 76, "moves": ["powerwhip", "ivycudgel", "synthesis", "spikes"], "ability": "Sturdy", "evs": {"hp": 85, "atk": 85, "def": 85, "spa": 85, "spd": 85, "spe": 85}, "ivs": {"hp": 31, "atk": 31, "def": 31, "spa": 31, "spd": 31, "spe": 31}, "item": "Cornerstone Mask", "teraType": "Rock", "role": "Bulky Attacker", "bvs": {"hp": 80, "atk": 120, "def": 84, "spa": 60, "spd": 96, "spe": 110}, "stats": {"hp": 247, "atk": 226, "def": 172, "spa": 135, "spd": 190, "spe": 211}, "types": ["Grass", "Rock"]}, "Electrode": {"name": "Electrode", "species": "Electrode", "speciesId": "electrode", "gender": "N", "shiny": false, "level": 92, "moves": ["taunt", "thunderbolt", "foulplay", "voltswitch"], "ability": "Soundproof", "evs": {"hp": 85, "atk": 0, "def": 85, "spa": 85, "spd": 85, "spe": 85}, "ivs": {"hp": 31, "atk": 0, "def": 31, "spa": 31, "spd": 31, "spe": 31}, "item": "Heavy-Duty Boots", "teraType": "Dark", "role": "Fast Support", "bvs": {"hp": 60, "atk": 50, "def": 70, "spa": 80, "spd": 80, "spe": 150}, "stats": {"hp": 260, "atk": 97, "def": 181, "spa": 200, "spd": 200, "spe": 328}, "types": ["Electric"]}, "Mudsdale": {"name": "Mudsdale", "species": "Mudsdale", "speciesId": "mudsdale", "gender": "M", "shiny": false, "level": 83, "moves": ["stoneedge", "earthquake", "roar", "heavyslam"], "ability": "Stamina", "evs": {"hp": 85, "atk": 85, "def": 85, "spa": 85, "spd": 85, "spe": 85}, "ivs": {"hp": 31, "atk": 31, "def": 31, "spa": 31, "spd": 31, "spe": 31}, "item": "Leftovers", "teraType": "Steel", "role": "Bulky Attacker", "bvs": {"hp": 100, "atk": 125, "def": 100, "spa": 55, "spd": 85, "spe": 35}, "stats": {"hp": 302, "atk": 255, "def": 214, "spa": 139, "spd": 189, "spe": 106}, "types": ["Ground"]}}, {"Glalie": {"name": "Glalie", "species": "Glalie", "speciesId": "glalie", "gender": "M", "shiny": false, "level": 96, "moves": ["spikes", "taunt", "earthquake", "freezedry"], "ability": "Inner Focus", "evs": {"hp": 85, "atk": 85, "def": 85, "spa": 85, "spd": 85, "spe": 85}, "ivs": {"hp": 31, "atk": 31, "def": 31, "spa": 31, "spd": 31, "spe": 31}, "item": "Heavy-Duty Boots", "teraType": "Ground", "role": "Fast Support", "bvs": {"hp": 80, "atk": 80, "def": 80, "spa": 80, "spd": 80, "spe": 80}, "stats": {"hp": 309, "atk": 208, "def": 208, "spa": 208, "spd": 208, "spe": 208}, "types": ["Ice"]}, "Rillaboom": {"name": "Rillaboom", "species": "Rillaboom", "speciesId": "rillaboom", "gender": "F", "shiny": false, "level": 79, "moves": ["grassyglide", "swordsdance", "highhorsepower", "woodhammer"], "ability": "Grassy Surge", "evs": {"hp": 85, "atk": 85, "def": 85, "spa": 85, "spd": 85, "spe": 85}, "ivs": {"hp": 31, "atk": 31, "def": 31, "spa": 31, "spd": 31, "spe": 31}, "item": "Life Orb", "teraType": "Grass", "role": "Fast Attacker", "bvs": {"hp": 100, "atk": 125, "def": 90, "spa": 60, "spd": 70, "spe": 85}, "stats": {"hp": 288, "atk": 243, "def": 188, "spa": 140, "spd": 156, "spe": 180}, "types": ["Grass"]}, "Mimikyu": {"name": "Mimikyu", "species": "Mimikyu", "speciesId": "mimikyu", "gender": "F", "shiny": false, "level": 79, "moves": ["playrough", "drainpunch", "shadowsneak", "swordsdance"], "ability": "Disguise", "evs": {"hp": 85, "atk": 85, "def": 85, "spa": 85, "spd": 85, "spe": 85}, "ivs": {"hp": 31, "atk": 31, "def": 31, "spa": 31, "spd": 31, "spe": 31}, "item": "Life Orb", "teraType": "Fairy", "role": "Setup Sweeper", "bvs": {"hp": 55, "atk": 90, "def": 80, "spa": 50, "spd": 105, "spe": 96}, "stats": {"hp": 216, "atk": 188, "def": 172, "spa": 125, "spd": 211, "spe": 197}, "types": ["Ghost", "Fairy"]}, "Flareon": {"name": "Flareon", "species": "Flareon", "speciesId": "flareon", "gender": "M", "shiny": false, "level": 90, "moves": ["willowisp", "facade", "flareblitz", "trailblaze"], "ability": "Guts", "evs": {"hp": 85, "atk": 85, "def": 85, "spa": 85, "spd": 85, "spe": 85}, "ivs": {"hp": 31, "atk": 31, "def": 31, "spa": 31, "spd": 31, "spe": 31}, "item": "Toxic Orb", "teraType": "Normal", "role": "Setup Sweeper", "bvs": {"hp": 65, "atk": 130, "def": 60, "spa": 95, "spd": 110, "spe": 65}, "stats": {"hp": 263, "atk": 285, "def": 159, "spa": 222, "spd": 249, "spe": 168}, "types": ["Fire"]}, "Tatsugiri": {"name": "Tatsugiri", "species": "Tatsugiri", "speciesId": "tatsugiri", "gender": "F", "shiny": false, "level": 87, "moves": ["dracometeor", "rapidspin", "nastyplot", "surf"], "ability": "Storm Drain", "evs": {"hp": 85, "atk": 85, "def": 85, "spa": 85, "spd": 85, "spe": 85}, "ivs": {"hp": 31, "atk": 31, "def": 31, "spa": 31, "spd": 31, "spe": 31}, "item": "Heavy-Duty Boots", "teraType": "Steel", "role": "Fast Support", "bvs": {"hp": 68, "atk": 50, "def": 60, "spa": 120, "spd": 95, "spe": 82}, "stats": {"hp": 260, "atk": 137, "def": 154, "spa": 259, "spd": 215, "spe": 192}, "types": ["Dragon", "Water"]}, "Florges": {"name": "Florges", "species": "Florges-Blue", "speciesId": "florges", "gender": "F", "shiny": false, "level": 85, "moves": ["synthesis", "moonblast", "terablast", "calmmind"], "ability": "Flower Veil", "evs": {"hp": 85, "atk": 0, "def": 85, "spa": 85, "spd": 85, "spe": 85}, "ivs": {"hp": 31, "atk": 0, "def": 31, "spa": 31, "spd": 31, "spe": 31}, "item": "Leftovers", "teraType": "Ground", "role": "Tera Blast user", "bvs": {"hp": 78, "atk": 65, "def": 68, "spa": 112, "spd": 154, "spe": 75}, "stats": {"hp": 271, "atk": 115, "def": 164, "spa": 239, "spd": 311, "spe": 176}, "types": ["Fairy"]}}]}