{"id": "gen9randombattle-2641687518", "format": "[Gen 9] Random Battle", "players": ["mimikyu11111", "penguinpower62"], "log": "|j|\u203dmimikyu11111\n|j|\u2606penguinpower62\n|t:|1782829896\n|gametype|singles\n|player|p1|mimikyu11111|rocketgrunt|1942\n|player|p2|penguinpower62|265|1992\n|gen|9\n|tier|[Gen 9] Random Battle\n|rated|\n|rule|Species Clause: Limit one of each Pok\u00e9mon\n|rule|HP Percentage Mod: HP is shown in percentages\n|rule|Sleep Clause Mod: Limit one foe put to sleep\n|rule|Illusion Level Mod: Illusion disguises the Pok\u00e9mon's true level\n|\n|t:|1782829896\n|teamsize|p1|6\n|teamsize|p2|6\n|start\n|switch|p1a: Bellibolt|Bellibolt, L84, M|320/320\n|switch|p2a: Ampharos|Ampharos, L88, F|302/302\n|turn|1\n|inactive|Battle timer is ON: inactive players will automatically lose when time's up. (requested by penguinpower62)\n|\n|t:|1782829908\n|switch|p2a: Sylveon|Sylveon, L85, M|300/300\n|move|p1a: Bellibolt|Volt Switch|p2a: Sylveon\n|-damage|p2a: Sylveon|246/300\n|inactive|mimikyu11111 has 120 seconds left.\n|\n|t:|1782829948\n|switch|p1a: Muk|Muk-Alola, L82, F|306/306|[from] Volt Switch\n|\n|-heal|p2a: Sylveon|264/300|[from] item: Leftovers\n|upkeep\n|turn|2\n|\n|t:|1782829965\n|move|p2a: Sylveon|Protect|p2a: Sylveon\n|-singleturn|p2a: Sylveon|Protect\n|move|p1a: Muk|Knock Off|p2a: Sylveon\n|-activate|p2a: Sylveon|move: Protect\n|\n|-heal|p2a: Sylveon|282/300|[from] item: Leftovers\n|upkeep\n|turn|3\n|inactive|penguinpower62 has 120 seconds left.\n|\n|t:|1782829991\n|-terastallize|p2a: Sylveon|Steel\n|move|p2a: Sylveon|Calm Mind|p2a: Sylveon\n|-boost|p2a: Sylveon|spa|1\n|-boost|p2a: Sylveon|spd|1\n|move|p1a: Muk|Knock Off|p2a: Sylveon\n|-damage|p2a: Sylveon|155/300\n|-enditem|p2a: Sylveon|Leftovers|[from] move: Knock Off|[of] p1a: Muk\n|\n|upkeep\n|turn|4\n|inactive|mimikyu11111 has 120 seconds left.\n|\n|t:|1782830027\n|move|p2a: Sylveon|Hyper Voice|p1a: Muk\n|-damage|p1a: Muk|180/306\n|move|p1a: Muk|Drain Punch|p2a: Sylveon\n|-supereffective|p2a: Sylveon\n|-damage|p2a: Sylveon|13/300\n|-heal|p1a: Muk|251/306|[from] drain|[of] p2a: Sylveon\n|\n|upkeep\n|turn|5\n|\n|t:|1782830034\n|move|p2a: Sylveon|Hyper Voice|p1a: Muk\n|-damage|p1a: Muk|134/306\n|move|p1a: Muk|Drain Punch|p2a: Sylveon\n|-supereffective|p2a: Sylveon\n|-damage|p2a: Sylveon|0 fnt\n|-heal|p1a: Muk|141/306|[from] drain|[of] p2a: Sylveon\n|faint|p2a: Sylveon\n|\n|upkeep\n|\n|t:|1782830037\n|switch|p2a: Ambipom|Ambipom, L84, F|263/263\n|turn|6\n|\n|t:|1782830044\n|switch|p1a: Sableye|Sableye, L88, M|231/231\n|move|p2a: Ambipom|Double-Edge|p1a: Sableye\n|-immune|p1a: Sableye\n|\n|upkeep\n|turn|7\n|\n|t:|1782830055\n|switch|p2a: Ampharos|Ampharos, L88, F|302/302\n|move|p1a: Sableye|Knock Off|p2a: Ampharos\n|-damage|p2a: Ampharos|215/302\n|-enditem|p2a: Ampharos|Assault Vest|[from] move: Knock Off|[of] p1a: Sableye\n|\n|upkeep\n|turn|8\n|\n|t:|1782830063\n|switch|p1a: Mamoswine|Mamoswine, L81, M|311/311\n|move|p2a: Ampharos|Volt Switch|p1a: Mamoswine\n|-immune|p1a: Mamoswine\n|\n|upkeep\n|turn|9\n|\n|t:|1782830069\n|switch|p2a: Gurdurr|Gurdurr, L85, F|283/283\n|move|p1a: Mamoswine|Earthquake|p2a: Gurdurr\n|-damage|p2a: Gurdurr|165/283\n|\n|upkeep\n|turn|10\n|\n|t:|1782830074\n|switch|p1a: Sableye|Sableye, L88, M|231/231\n|move|p2a: Gurdurr|Knock Off|p1a: Sableye\n|-damage|p1a: Sableye|150/231\n|-enditem|p1a: Sableye|Leftovers|[from] move: Knock Off|[of] p2a: Gurdurr\n|\n|upkeep\n|turn|11\n|\n|t:|1782830081\n|switch|p2a: Ampharos|Ampharos, L88, F|215/302\n|move|p1a: Sableye|Knock Off|p2a: Ampharos\n|-damage|p2a: Ampharos|149/302\n|-status|p1a: Sableye|par|[from] ability: Static|[of] p2a: Ampharos\n|\n|upkeep\n|turn|12\n|inactive|mimikyu11111 has 120 seconds left.\n|\n|t:|1782830117\n|switch|p1a: Bellibolt|Bellibolt, L84, M|320/320\n|move|p2a: Ampharos|Dazzling Gleam|p1a: Bellibolt\n|-crit|p1a: Bellibolt\n|-damage|p1a: Bellibolt|208/320\n|-start|p1a: Bellibolt|Charge|Dazzling Gleam|[from] ability: Electromorphosis\n|\n|-heal|p1a: Bellibolt|228/320|[from] item: Leftovers\n|upkeep\n|turn|13\n|\n|t:|1782830131\n|move|p2a: Ampharos|Focus Blast|p1a: Bellibolt|[miss]\n|-miss|p2a: Ampharos|p1a: Bellibolt\n|move|p1a: Bellibolt|Volt Switch|p2a: Ampharos\n|-resisted|p2a: Ampharos\n|-damage|p2a: Ampharos|76/302\n|-end|p1a: Bellibolt|Charge|[silent]\n|inactive|mimikyu11111 has 120 seconds left.\n|\n|t:|1782830144\n|switch|p1a: Mamoswine|Mamoswine, L81, M|311/311|[from] Volt Switch\n|\n|upkeep\n|turn|14\n|\n|t:|1782830160\n|move|p1a: Mamoswine|Earthquake|p2a: Ampharos\n|-supereffective|p2a: Ampharos\n|-damage|p2a: Ampharos|0 fnt\n|faint|p2a: Ampharos\n|\n|upkeep\n|\n|t:|1782830162\n|switch|p2a: Gurdurr|Gurdurr, L85, F|165/283\n|turn|15\n|\n|t:|1782830179\n|switch|p1a: Sableye|Sableye, L88, M|150/231 par\n|move|p2a: Gurdurr|Knock Off|p1a: Sableye\n|-damage|p1a: Sableye|98/231 par\n|\n|upkeep\n|turn|16\n|\n|t:|1782830193\n|switch|p2a: Regidrago|Regidrago, L77|435/435\n|move|p1a: Sableye|Recover|p1a: Sableye\n|-heal|p1a: Sableye|214/231 par\n|\n|upkeep\n|turn|17\n|\n|t:|1782830198\n|move|p1a: Sableye|Thunder Wave|p2a: Regidrago\n|-status|p2a: Regidrago|par\n|-enditem|p2a: Regidrago|Lum Berry|[eat]\n|-curestatus|p2a: Regidrago|par|[msg]\n|move|p2a: Regidrago|Draco Meteor|p1a: Sableye\n|-damage|p1a: Sableye|15/231 par\n|-unboost|p2a: Regidrago|spa|2\n|\n|upkeep\n|turn|18\n|\n|t:|1782830207\n|move|p1a: Sableye|Recover|p1a: Sableye\n|-heal|p1a: Sableye|131/231 par\n|move|p2a: Regidrago|Outrage|p1a: Sableye\n|-damage|p1a: Sableye|0 fnt\n|faint|p1a: Sableye\n|\n|upkeep\n|inactive|mimikyu11111 has 120 seconds left.\n|\n|t:|1782830247\n|switch|p1a: Mamoswine|Mamoswine, L81, M|311/311\n|turn|19\n|\n|t:|1782830252\n|move|p1a: Mamoswine|Icicle Crash|p2a: Regidrago\n|-supereffective|p2a: Regidrago\n|-damage|p2a: Regidrago|0 fnt\n|faint|p2a: Regidrago\n|\n|upkeep\n|\n|t:|1782830254\n|switch|p2a: Gurdurr|Gurdurr, L85, F|165/283\n|turn|20\n|\n|t:|1782830264\n|switch|p1a: Bellibolt|Bellibolt, L84, M|228/320\n|move|p2a: Gurdurr|Drain Punch|p1a: Bellibolt\n|-damage|p1a: Bellibolt|137/320\n|-heal|p2a: Gurdurr|211/283|[from] drain|[of] p1a: Bellibolt\n|-start|p1a: Bellibolt|Charge|Drain Punch|[from] ability: Electromorphosis\n|\n|-heal|p1a: Bellibolt|157/320|[from] item: Leftovers\n|upkeep\n|turn|21\n|\n|t:|1782830274\n|move|p1a: Bellibolt|Slack Off|p1a: Bellibolt\n|-heal|p1a: Bellibolt|317/320\n|move|p2a: Gurdurr|Bulk Up|p2a: Gurdurr\n|-boost|p2a: Gurdurr|atk|1\n|-boost|p2a: Gurdurr|def|1\n|\n|-heal|p1a: Bellibolt|320/320|[from] item: Leftovers\n|upkeep\n|turn|22\n|\n|t:|1782830292\n|move|p1a: Bellibolt|Thunderbolt|p2a: Gurdurr\n|-damage|p2a: Gurdurr|21/283\n|-end|p1a: Bellibolt|Charge|[silent]\n|move|p2a: Gurdurr|Drain Punch|p1a: Bellibolt\n|-damage|p1a: Bellibolt|202/320\n|-heal|p2a: Gurdurr|80/283|[from] drain|[of] p1a: Bellibolt\n|-start|p1a: Bellibolt|Charge|Drain Punch|[from] ability: Electromorphosis\n|\n|-heal|p1a: Bellibolt|222/320|[from] item: Leftovers\n|upkeep\n|turn|23\n|\n|t:|1782830301\n|switch|p2a: Golurk|Golurk, L87|297/297\n|move|p1a: Bellibolt|Thunderbolt|p2a: Golurk\n|-immune|p2a: Golurk\n|-end|p1a: Bellibolt|Charge|[silent]\n|\n|-heal|p1a: Bellibolt|242/320|[from] item: Leftovers\n|upkeep\n|turn|24\n|\n|t:|1782830323\n|switch|p1a: Swanna|Swanna, L89, M|278/278\n|move|p2a: Golurk|Dynamic Punch|p1a: Swanna\n|-resisted|p1a: Swanna\n|-damage|p1a: Swanna|203/278\n|-start|p1a: Swanna|confusion\n|-damage|p2a: Golurk|268/297|[from] item: Life Orb\n|\n|upkeep\n|turn|25\n|\n|t:|1782830330\n|switch|p2a: Ambipom|Ambipom, L84, F|263/263\n|-activate|p1a: Swanna|confusion\n|move|p1a: Swanna|Hydro Pump|p2a: Ambipom\n|-crit|p2a: Ambipom\n|-damage|p2a: Ambipom|50/263\n|\n|upkeep\n|turn|26\n|\n|t:|1782830343\n|switch|p1a: Torkoal|Torkoal, L88, M|266/266\n|-weather|SunnyDay|[from] ability: Drought|[of] p1a: Torkoal\n|move|p2a: Ambipom|Knock Off|p1a: Torkoal\n|-damage|p1a: Torkoal|216/266\n|-enditem|p1a: Torkoal|Heavy-Duty Boots|[from] move: Knock Off|[of] p2a: Ambipom\n|\n|-weather|SunnyDay|[upkeep]\n|upkeep\n|turn|27\n|\n|t:|1782830355\n|switch|p2a: Gurdurr|Gurdurr, L85, F|80/283\n|move|p1a: Torkoal|Stealth Rock|p2a: Gurdurr\n|-sidestart|p2: penguinpower62|move: Stealth Rock\n|\n|-weather|SunnyDay|[upkeep]\n|upkeep\n|turn|28\n|\n|t:|1782830374\n|move|p2a: Gurdurr|Drain Punch|p1a: Torkoal\n|-damage|p1a: Torkoal|158/266\n|-heal|p2a: Gurdurr|109/283|[from] drain|[of] p1a: Torkoal\n|move|p1a: Torkoal|Fire Blast|p2a: Gurdurr\n|-damage|p2a: Gurdurr|0 fnt\n|faint|p2a: Gurdurr\n|\n|-weather|SunnyDay|[upkeep]\n|upkeep\n|\n|t:|1782830378\n|switch|p2a: Golurk|Golurk, L87|268/297\n|-damage|p2a: Golurk|250/297|[from] Stealth Rock\n|turn|29\n|\n|t:|1782830391\n|move|p2a: Golurk|Dynamic Punch|p1a: Torkoal\n|-damage|p1a: Torkoal|75/266\n|-start|p1a: Torkoal|confusion\n|-damage|p2a: Golurk|221/297|[from] item: Life Orb\n|-activate|p1a: Torkoal|confusion\n|move|p1a: Torkoal|Solar Beam||[still]\n|-prepare|p1a: Torkoal|Solar Beam\n|-anim|p1a: Torkoal|Solar Beam|p2a: Golurk\n|-supereffective|p2a: Golurk\n|-damage|p2a: Golurk|31/297\n|\n|-weather|SunnyDay|[upkeep]\n|upkeep\n|turn|30\n|\n|t:|1782830399\n|move|p2a: Golurk|Dynamic Punch|p1a: Torkoal\n|-damage|p1a: Torkoal|0 fnt\n|faint|p1a: Torkoal\n|-damage|p2a: Golurk|2/297|[from] item: Life Orb\n|\n|-weather|none\n|upkeep\n|\n|t:|1782830412\n|switch|p1a: Mamoswine|Mamoswine, L81, M|311/311\n|turn|31\n|\n|t:|1782830417\n|move|p1a: Mamoswine|Ice Shard|p2a: Golurk\n|-supereffective|p2a: Golurk\n|-damage|p2a: Golurk|0 fnt\n|faint|p2a: Golurk\n|\n|upkeep\n|\n|t:|1782830419\n|switch|p2a: Ambipom|Ambipom, L84, F|50/263\n|-damage|p2a: Ambipom|18/263|[from] Stealth Rock\n|turn|32\n|\n|t:|1782830439\n|move|p2a: Ambipom|Fake Out|p1a: Mamoswine\n|-damage|p1a: Mamoswine|218/311\n|cant|p1a: Mamoswine|flinch\n|\n|upkeep\n|turn|33\n|c|\u2606penguinpower62|Gg\n|\n|t:|1782830442\n|-terastallize|p1a: Mamoswine|Ice\n|move|p1a: Mamoswine|Ice Shard|p2a: Ambipom\n|-damage|p2a: Ambipom|0 fnt\n|faint|p2a: Ambipom\n|\n|win|mimikyu11111\n", "inputlog": ">version f8ac14003a5f27e1bdc8d8c59608a773c1cb96e5\n>start {\"formatid\":\"gen9randombattle\",\"seed\":\"sodium,e8d36109b61cc50ec4b4227b13cd15e3\",\"rated\":\"Rated battle\"}\n>player p1 {\"name\":\"mimikyu11111\",\"avatar\":\"rocketgrunt\",\"rating\":1942,\"seed\":\"sodium,993db0f90e5feac72cda89f01cc3a69f\"}\n>player p2 {\"name\":\"penguinpower62\",\"avatar\":\"265\",\"rating\":1992,\"seed\":\"sodium,95e9e4d2786decde9e5bb6e9c8d11906\"}\n>p1 move voltswitch\n>p2 switch 2\n>p1 switch 2\n>p1 move knockoff\n>p2 move protect\n>p1 move knockoff\n>p2 move calmmind terastallize\n>p1 move drainpunch\n>p2 move hypervoice\n>p1 move drainpunch\n>p2 move hypervoice\n>p2 switch 3\n>p1 switch 4\n>p2 move doubleedge\n>p1 move knockoff\n>p2 switch 2\n>p1 switch 5\n>p2 move voltswitch\n>p1 move earthquake\n>p2 switch 5\n>p1 switch 5\n>p2 move knockoff\n>p1 move knockoff\n>p2 switch 5\n>p1 switch 2\n>p2 move dazzlinggleam\n>p1 move voltswitch\n>p2 move focusblast\n>p1 switch 5\n>p1 move earthquake\n>p2 move focusblast\n>p2 switch 5\n>p1 switch 2\n>p2 move knockoff\n>p1 move recover\n>p2 switch 4\n>p1 move thunderwave\n>p2 move dracometeor\n>p1 move recover\n>p2 move outrage\n>p1 switch 2\n>p1 move iciclecrash\n>p2 move outrage\n>p2 switch 4\n>p1 switch 5\n>p2 move drainpunch\n>p1 move slackoff\n>p2 move bulkup\n>p1 move thunderbolt\n>p2 move drainpunch\n>p1 move thunderbolt\n>p2 switch 6\n>p1 switch 6\n>p2 move dynamicpunch\n>p1 move hydropump\n>p2 switch 2\n>p1 switch 3\n>p2 move knockoff\n>p1 move stealthrock\n>p2 switch 6\n>p1 move fireblast\n>p2 move drainpunch\n>p2 switch 2\n>p1 move solarbeam\n>p2 move dynamicpunch\n>p1 move solarbeam\n>p2 move dynamicpunch\n>p1 switch 5\n>p1 move iceshard\n>p2 move dynamicpunch\n>p2 switch 6\n>p1 move iceshard\n>p2 move fakeout\n>chat \u2606penguinpower62|Gg\n>p1 move iceshard terastallize\n>p2 move doubleedge", "uploadtime": 1782829898, "views": 4, "formatid": "gen9randombattle", "rating": null, "private": 0, "password": null, "player_dets": [{"name": "mimikyu11111", "avatar": "rocketgrunt", "rating": 1942, "seed": "sodium,993db0f90e5feac72cda89f01cc3a69f"}, {"name": "penguinpower62", "avatar": "265", "rating": 1992, "seed": "sodium,95e9e4d2786decde9e5bb6e9c8d11906"}], "teams_full": [{"Bellibolt": {"name": "Bellibolt", "species": "Bellibolt", "speciesId": "bellibolt", "gender": "M", "shiny": false, "level": 84, "moves": ["voltswitch", "muddywater", "thunderbolt", "slackoff"], "ability": "Electromorphosis", "evs": {"hp": 85, "atk": 0, "def": 85, "spa": 85, "spd": 85, "spe": 85}, "ivs": {"hp": 31, "atk": 0, "def": 31, "spa": 31, "spd": 31, "spe": 31}, "item": "Leftovers", "teraType": "Water", "role": "Bulky Attacker", "bvs": {"hp": 109, "atk": 64, "def": 91, "spa": 103, "spd": 83, "spe": 45}, "stats": {"hp": 320, "atk": 112, "def": 201, "spa": 221, "spd": 188, "spe": 124}, "types": ["Electric"]}, "Muk": {"name": "Muk", "species": "Muk-Alola", "speciesId": "mukalola", "gender": "F", "shiny": false, "level": 82, "moves": ["gunkshot", "knockoff", "icepunch", "drainpunch"], "ability": "Poison Touch", "evs": {"hp": 85, "atk": 85, "def": 85, "spa": 85, "spd": 85, "spe": 85}, "ivs": {"hp": 31, "atk": 31, "def": 31, "spa": 31, "spd": 31, "spe": 31}, "item": "Assault Vest", "teraType": "Fighting", "role": "AV Pivot", "bvs": {"hp": 105, "atk": 105, "def": 75, "spa": 65, "spd": 100, "spe": 50}, "stats": {"hp": 306, "atk": 219, "def": 170, "spa": 154, "spd": 211, "spe": 129}, "types": ["Poison", "Dark"]}, "Torkoal": {"name": "Torkoal", "species": "Torkoal", "speciesId": "torkoal", "gender": "M", "shiny": false, "level": 88, "moves": ["solarbeam", "yawn", "stealthrock", "fireblast"], "ability": "Drought", "evs": {"hp": 85, "atk": 0, "def": 85, "spa": 85, "spd": 85, "spe": 85}, "ivs": {"hp": 31, "atk": 0, "def": 31, "spa": 31, "spd": 31, "spe": 31}, "item": "Heavy-Duty Boots", "teraType": "Grass", "role": "Wallbreaker", "bvs": {"hp": 70, "atk": 85, "def": 140, "spa": 85, "spd": 70, "spe": 20}, "stats": {"hp": 266, "atk": 154, "def": 297, "spa": 200, "spd": 173, "spe": 85}, "types": ["Fire"]}, "Sableye": {"name": "Sableye", "species": "Sableye", "speciesId": "sableye", "gender": "M", "shiny": false, "level": 88, "moves": ["recover", "thunderwave", "knockoff", "encore"], "ability": "Prankster", "evs": {"hp": 85, "atk": 85, "def": 85, "spa": 85, "spd": 85, "spe": 85}, "ivs": {"hp": 31, "atk": 31, "def": 31, "spa": 31, "spd": 31, "spe": 31}, "item": "Leftovers", "teraType": "Steel", "role": "Bulky Support", "bvs": {"hp": 50, "atk": 75, "def": 75, "spa": 65, "spd": 65, "spe": 50}, "stats": {"hp": 231, "atk": 182, "def": 182, "spa": 165, "spd": 165, "spe": 138}, "types": ["Dark", "Ghost"]}, "Mamoswine": {"name": "Mamoswine", "species": "Mamoswine", "speciesId": "mamoswine", "gender": "M", "shiny": false, "level": 81, "moves": ["earthquake", "iceshard", "iciclecrash", "knockoff"], "ability": "Thick Fat", "evs": {"hp": 85, "atk": 85, "def": 85, "spa": 85, "spd": 85, "spe": 85}, "ivs": {"hp": 31, "atk": 31, "def": 31, "spa": 31, "spd": 31, "spe": 31}, "item": "Choice Band", "teraType": "Ice", "role": "Wallbreaker", "bvs": {"hp": 110, "atk": 130, "def": 80, "spa": 70, "spd": 60, "spe": 80}, "stats": {"hp": 311, "atk": 257, "def": 176, "spa": 160, "spd": 144, "spe": 176}, "types": ["Ice", "Ground"]}, "Swanna": {"name": "Swanna", "species": "Swanna", "speciesId": "swanna", "gender": "M", "shiny": false, "level": 89, "moves": ["defog", "roost", "bravebird", "hydropump"], "ability": "Hydration", "evs": {"hp": 85, "atk": 85, "def": 85, "spa": 85, "spd": 85, "spe": 85}, "ivs": {"hp": 31, "atk": 31, "def": 31, "spa": 31, "spd": 31, "spe": 31}, "item": "Heavy-Duty Boots", "teraType": "Ground", "role": "Bulky Support", "bvs": {"hp": 75, "atk": 87, "def": 63, "spa": 87, "spd": 63, "spe": 98}, "stats": {"hp": 278, "atk": 206, "def": 163, "spa": 206, "spd": 163, "spe": 225}, "types": ["Water", "Flying"]}}, {"Ampharos": {"name": "Ampharos", "species": "Ampharos", "speciesId": "ampharos", "gender": "F", "shiny": false, "level": 88, "moves": ["dazzlinggleam", "voltswitch", "discharge", "focusblast"], "ability": "Static", "evs": {"hp": 85, "atk": 0, "def": 85, "spa": 85, "spd": 85, "spe": 85}, "ivs": {"hp": 31, "atk": 0, "def": 31, "spa": 31, "spd": 31, "spe": 31}, "item": "Assault Vest", "teraType": "Fairy", "role": "AV Pivot", "bvs": {"hp": 90, "atk": 75, "def": 85, "spa": 115, "spd": 90, "spe": 55}, "stats": {"hp": 302, "atk": 137, "def": 200, "spa": 253, "spd": 209, "spe": 147}, "types": ["Electric"]}, "Sylveon": {"name": "Sylveon", "species": "Sylveon", "speciesId": "sylveon", "gender": "M", "shiny": false, "level": 85, "moves": ["protect", "wish", "hypervoice", "calmmind"], "ability": "Pixilate", "evs": {"hp": 85, "atk": 0, "def": 85, "spa": 85, "spd": 85, "spe": 85}, "ivs": {"hp": 31, "atk": 0, "def": 31, "spa": 31, "spd": 31, "spe": 31}, "item": "Leftovers", "teraType": "Steel", "role": "Bulky Setup", "bvs": {"hp": 95, "atk": 65, "def": 65, "spa": 110, "spd": 130, "spe": 60}, "stats": {"hp": 300, "atk": 115, "def": 159, "spa": 236, "spd": 270, "spe": 151}, "types": ["Fairy"]}, "Ambipom": {"name": "Ambipom", "species": "Ambipom", "speciesId": "ambipom", "gender": "F", "shiny": false, "level": 84, "moves": ["doubleedge", "lowkick", "knockoff", "fakeout"], "ability": "Technician", "evs": {"hp": 85, "atk": 85, "def": 85, "spa": 85, "spd": 85, "spe": 85}, "ivs": {"hp": 31, "atk": 31, "def": 31, "spa": 31, "spd": 31, "spe": 31}, "item": "Silk Scarf", "teraType": "Normal", "role": "Wallbreaker", "bvs": {"hp": 75, "atk": 100, "def": 66, "spa": 60, "spd": 66, "spe": 115}, "stats": {"hp": 263, "atk": 216, "def": 159, "spa": 149, "spd": 159, "spe": 241}, "types": ["Normal"]}, "Regidrago": {"name": "Regidrago", "species": "Regidrago", "speciesId": "regidrago", "gender": "N", "shiny": false, "level": 77, "moves": ["dragondance", "outrage", "earthquake", "dracometeor"], "ability": "Dragon's Maw", "evs": {"hp": 85, "atk": 85, "def": 85, "spa": 85, "spd": 85, "spe": 85}, "ivs": {"hp": 31, "atk": 31, "def": 31, "spa": 31, "spd": 31, "spe": 31}, "item": "Lum Berry", "teraType": "Dragon", "role": "Setup Sweeper", "bvs": {"hp": 200, "atk": 100, "def": 50, "spa": 100, "spd": 50, "spe": 80}, "stats": {"hp": 435, "atk": 199, "def": 122, "spa": 199, "spd": 122, "spe": 168}, "types": ["Dragon"]}, "Gurdurr": {"name": "Gurdurr", "species": "Gurdurr", "speciesId": "gurdurr", "gender": "F", "shiny": false, "level": 85, "moves": ["knockoff", "machpunch", "drainpunch", "bulkup"], "ability": "Guts", "evs": {"hp": 85, "atk": 85, "def": 85, "spa": 85, "spd": 85, "spe": 85}, "ivs": {"hp": 31, "atk": 31, "def": 31, "spa": 31, "spd": 31, "spe": 31}, "item": "Eviolite", "teraType": "Steel", "role": "Bulky Attacker", "bvs": {"hp": 85, "atk": 105, "def": 85, "spa": 40, "spd": 50, "spe": 40}, "stats": {"hp": 283, "atk": 227, "def": 193, "spa": 117, "spd": 134, "spe": 117}, "types": ["Fighting"]}, "Golurk": {"name": "Golurk", "species": "Golurk", "speciesId": "golurk", "gender": "N", "shiny": false, "level": 87, "moves": ["dynamicpunch", "stealthrock", "earthquake", "poltergeist"], "ability": "No Guard", "evs": {"hp": 85, "atk": 85, "def": 85, "spa": 85, "spd": 85, "spe": 85}, "ivs": {"hp": 31, "atk": 31, "def": 31, "spa": 31, "spd": 31, "spe": 31}, "item": "Life Orb", "teraType": "Fighting", "role": "Wallbreaker", "bvs": {"hp": 89, "atk": 124, "def": 80, "spa": 55, "spd": 80, "spe": 55}, "stats": {"hp": 297, "atk": 266, "def": 189, "spa": 145, "spd": 189, "spe": 145}, "types": ["Ground", "Ghost"]}}]}