{"id": "gen9randombattle-2641365172", "format": "[Gen 9] Random Battle", "players": ["alanti9568", "indias last hope"], "log": "|j|\u2606alanti9568\n|j|\u2606indias last hope\n|t:|1782773539\n|gametype|singles\n|player|p1|alanti9568|169|2208\n|player|p2|indias last hope|policeman-gen4|2166\n|gen|9\n|tier|[Gen 9] Random Battle\n|rated|\n|rule|Species Clause: Limit one of each Pok\u00e9mon\n|rule|HP Percentage Mod: HP is shown in percentages\n|rule|Sleep Clause Mod: Limit one foe put to sleep\n|rule|Illusion Level Mod: Illusion disguises the Pok\u00e9mon's true level\n|\n|t:|1782773539\n|teamsize|p1|6\n|teamsize|p2|6\n|start\n|switch|p1a: Qwilfish|Qwilfish, L86, M|252/252\n|switch|p2a: Iron Thorns|Iron Thorns, L83|302/302\n|-ability|p1a: Qwilfish|Intimidate|boost\n|-unboost|p2a: Iron Thorns|atk|1\n|-item|p2a: Iron Thorns|Air Balloon\n|turn|1\n|inactive|Battle timer is ON: inactive players will automatically lose when time's up. (requested by alanti9568)\n|\n|t:|1782773570\n|move|p1a: Qwilfish|Waterfall|p2a: Iron Thorns\n|-supereffective|p2a: Iron Thorns\n|-damage|p2a: Iron Thorns|158/302\n|-enditem|p2a: Iron Thorns|Air Balloon\n|move|p2a: Iron Thorns|Stealth Rock|p1a: Qwilfish\n|-sidestart|p1: alanti9568|move: Stealth Rock\n|\n|upkeep\n|turn|2\n|\n|t:|1782773588\n|switch|p1a: Hippowdon|Hippowdon, L82, M|311/311\n|-damage|p1a: Hippowdon|292/311|[from] Stealth Rock\n|-weather|Sandstorm|[from] ability: Sand Stream|[of] p1a: Hippowdon\n|move|p2a: Iron Thorns|Wild Charge|p1a: Hippowdon\n|-immune|p1a: Hippowdon\n|\n|-weather|Sandstorm|[upkeep]\n|-heal|p1a: Hippowdon|311/311|[from] item: Leftovers\n|upkeep\n|turn|3\n|\n|t:|1782773596\n|-end|p2a: Iron Thorns|Quark Drive|[silent]\n|switch|p2a: Alcremie|Alcremie-Matcha-Cream, L90, F|263/263\n|move|p1a: Hippowdon|Stealth Rock|p2a: Alcremie\n|-sidestart|p2: indias last hope|move: Stealth Rock\n|\n|-weather|Sandstorm|[upkeep]\n|-damage|p2a: Alcremie|247/263|[from] Sandstorm\n|-heal|p2a: Alcremie|263/263|[from] item: Leftovers\n|upkeep\n|turn|4\n|\n|t:|1782773603\n|move|p2a: Alcremie|Alluring Voice|p1a: Hippowdon\n|-damage|p1a: Hippowdon|173/311\n|move|p1a: Hippowdon|Whirlwind|p2a: Alcremie\n|drag|p2a: Zamazenta|Zamazenta, L71|248/248\n|-damage|p2a: Zamazenta|233/248|[from] Stealth Rock\n|-ability|p2a: Zamazenta|Dauntless Shield|boost\n|-boost|p2a: Zamazenta|def|1\n|\n|-weather|Sandstorm|[upkeep]\n|-damage|p2a: Zamazenta|218/248|[from] Sandstorm\n|-heal|p2a: Zamazenta|233/248|[from] item: Leftovers\n|-heal|p1a: Hippowdon|192/311|[from] item: Leftovers\n|upkeep\n|turn|5\n|\n|t:|1782773614\n|move|p2a: Zamazenta|Body Press|p1a: Hippowdon\n|-damage|p1a: Hippowdon|111/311\n|move|p1a: Hippowdon|Slack Off|p1a: Hippowdon\n|-heal|p1a: Hippowdon|267/311\n|\n|-weather|Sandstorm|[upkeep]\n|-damage|p2a: Zamazenta|218/248|[from] Sandstorm\n|-heal|p2a: Zamazenta|233/248|[from] item: Leftovers\n|-heal|p1a: Hippowdon|286/311|[from] item: Leftovers\n|upkeep\n|turn|6\n|\n|t:|1782773633\n|move|p2a: Zamazenta|Body Press|p1a: Hippowdon\n|-damage|p1a: Hippowdon|202/311\n|move|p1a: Hippowdon|Whirlwind|p2a: Zamazenta\n|drag|p2a: Alcremie|Alcremie-Matcha-Cream, L90, F|263/263\n|-damage|p2a: Alcremie|231/263|[from] Stealth Rock\n|\n|-weather|none\n|-heal|p2a: Alcremie|247/263|[from] item: Leftovers\n|-heal|p1a: Hippowdon|221/311|[from] item: Leftovers\n|upkeep\n|turn|7\n|\n|t:|1782773637\n|switch|p1a: Qwilfish|Qwilfish, L86, M|252/252\n|-damage|p1a: Qwilfish|221/252|[from] Stealth Rock\n|-ability|p1a: Qwilfish|Intimidate|boost\n|-unboost|p2a: Alcremie|atk|1\n|move|p2a: Alcremie|Alluring Voice|p1a: Qwilfish\n|-resisted|p1a: Qwilfish\n|-damage|p1a: Qwilfish|144/252\n|\n|-heal|p1a: Qwilfish|159/252|[from] item: Leftovers\n|-heal|p2a: Alcremie|263/263|[from] item: Leftovers\n|upkeep\n|turn|8\n|\n|t:|1782773640\n|switch|p2a: Iron Thorns|Iron Thorns, L83|158/302\n|-damage|p2a: Iron Thorns|121/302|[from] Stealth Rock\n|move|p1a: Qwilfish|Gunk Shot|p2a: Iron Thorns\n|-resisted|p2a: Iron Thorns\n|-damage|p2a: Iron Thorns|64/302\n|-status|p2a: Iron Thorns|psn\n|\n|-heal|p1a: Qwilfish|174/252|[from] item: Leftovers\n|-damage|p2a: Iron Thorns|27/302 psn|[from] psn\n|upkeep\n|turn|9\n|\n|t:|1782773644\n|move|p1a: Qwilfish|Waterfall|p2a: Iron Thorns\n|-supereffective|p2a: Iron Thorns\n|-damage|p2a: Iron Thorns|0 fnt\n|faint|p2a: Iron Thorns\n|-end|p2a: Iron Thorns|Quark Drive|[silent]\n|\n|-heal|p1a: Qwilfish|189/252|[from] item: Leftovers\n|upkeep\n|\n|t:|1782773649\n|switch|p2a: Rampardos|Rampardos, L90, F|321/321\n|-damage|p2a: Rampardos|281/321|[from] Stealth Rock\n|turn|10\n|\n|t:|1782773666\n|switch|p1a: Hippowdon|Hippowdon, L82, M|221/311\n|-damage|p1a: Hippowdon|202/311|[from] Stealth Rock\n|-weather|Sandstorm|[from] ability: Sand Stream|[of] p1a: Hippowdon\n|move|p2a: Rampardos|Earthquake|p1a: Hippowdon\n|-damage|p1a: Hippowdon|104/311\n|\n|-weather|Sandstorm|[upkeep]\n|-heal|p1a: Hippowdon|123/311|[from] item: Leftovers\n|upkeep\n|turn|11\n|\n|t:|1782773675\n|-terastallize|p2a: Rampardos|Ground\n|move|p2a: Rampardos|Earthquake|p1a: Hippowdon\n|-damage|p1a: Hippowdon|0 fnt\n|faint|p1a: Hippowdon\n|\n|-weather|Sandstorm|[upkeep]\n|upkeep\n|\n|t:|1782773680\n|switch|p1a: Sandaconda|Sandaconda, L84, F|258/258\n|-damage|p1a: Sandaconda|242/258|[from] Stealth Rock\n|turn|12\n|\n|t:|1782773684\n|switch|p2a: Zamazenta|Zamazenta, L71|233/248\n|-damage|p2a: Zamazenta|218/248|[from] Stealth Rock\n|move|p1a: Sandaconda|Coil|p1a: Sandaconda\n|-boost|p1a: Sandaconda|atk|1\n|-boost|p1a: Sandaconda|def|1\n|-boost|p1a: Sandaconda|accuracy|1\n|\n|-weather|Sandstorm|[upkeep]\n|-damage|p2a: Zamazenta|203/248|[from] Sandstorm\n|-heal|p2a: Zamazenta|218/248|[from] item: Leftovers\n|upkeep\n|turn|13\n|\n|t:|1782773691\n|move|p2a: Zamazenta|Iron Defense|p2a: Zamazenta\n|-boost|p2a: Zamazenta|def|2\n|move|p1a: Sandaconda|Scale Shot|p2a: Zamazenta\n|-damage|p2a: Zamazenta|205/248\n|-damage|p2a: Zamazenta|191/248\n|-damage|p2a: Zamazenta|178/248\n|-damage|p2a: Zamazenta|163/248\n|-hitcount|p2a: Zamazenta|4\n|-unboost|p1a: Sandaconda|def|1\n|-boost|p1a: Sandaconda|spe|1\n|\n|-weather|Sandstorm|[upkeep]\n|-damage|p2a: Zamazenta|148/248|[from] Sandstorm\n|-heal|p2a: Zamazenta|163/248|[from] item: Leftovers\n|upkeep\n|turn|14\n|\n|t:|1782773695\n|move|p1a: Sandaconda|Coil|p1a: Sandaconda\n|-boost|p1a: Sandaconda|atk|1\n|-boost|p1a: Sandaconda|def|1\n|-boost|p1a: Sandaconda|accuracy|1\n|move|p2a: Zamazenta|Iron Defense|p2a: Zamazenta\n|-boost|p2a: Zamazenta|def|2\n|\n|-weather|none\n|-heal|p2a: Zamazenta|178/248|[from] item: Leftovers\n|upkeep\n|turn|15\n|\n|t:|1782773704\n|move|p1a: Sandaconda|Coil|p1a: Sandaconda\n|-boost|p1a: Sandaconda|atk|1\n|-boost|p1a: Sandaconda|def|1\n|-boost|p1a: Sandaconda|accuracy|1\n|move|p2a: Zamazenta|Iron Defense|p2a: Zamazenta\n|-boost|p2a: Zamazenta|def|2\n|\n|-heal|p2a: Zamazenta|193/248|[from] item: Leftovers\n|upkeep\n|turn|16\n|\n|t:|1782773705\n|move|p1a: Sandaconda|Earthquake|p2a: Zamazenta\n|-damage|p2a: Zamazenta|118/248\n|move|p2a: Zamazenta|Body Press|p1a: Sandaconda\n|-damage|p1a: Sandaconda|130/258\n|\n|-heal|p2a: Zamazenta|133/248|[from] item: Leftovers\n|upkeep\n|turn|17\n|\n|t:|1782773709\n|move|p1a: Sandaconda|Earthquake|p2a: Zamazenta\n|-damage|p2a: Zamazenta|70/248\n|move|p2a: Zamazenta|Body Press|p1a: Sandaconda\n|-damage|p1a: Sandaconda|18/258\n|\n|-heal|p2a: Zamazenta|85/248|[from] item: Leftovers\n|upkeep\n|turn|18\n|\n|t:|1782773715\n|move|p1a: Sandaconda|Earthquake|p2a: Zamazenta\n|-damage|p2a: Zamazenta|19/248\n|move|p2a: Zamazenta|Body Press|p1a: Sandaconda\n|-damage|p1a: Sandaconda|0 fnt\n|faint|p1a: Sandaconda\n|\n|-heal|p2a: Zamazenta|34/248|[from] item: Leftovers\n|upkeep\n|\n|t:|1782773718\n|switch|p1a: Ditto|Ditto, L87|225/225\n|-damage|p1a: Ditto|197/225|[from] Stealth Rock\n|-transform|p1a: Ditto|p2a: Zamazenta|[from] ability: Imposter\n|turn|19\n|\n|t:|1782773723\n|move|p1a: Ditto|Body Press|p2a: Zamazenta\n|-damage|p2a: Zamazenta|0 fnt\n|faint|p2a: Zamazenta\n|\n|upkeep\n|\n|t:|1782773727\n|switch|p2a: Alcremie|Alcremie-Matcha-Cream, L90, F|263/263\n|-damage|p2a: Alcremie|231/263|[from] Stealth Rock\n|turn|20\n|\n|t:|1782773734\n|-terastallize|p1a: Ditto|Ghost\n|move|p1a: Ditto|Body Press|p2a: Alcremie\n|-resisted|p2a: Alcremie\n|-damage|p2a: Alcremie|56/263\n|move|p2a: Alcremie|Alluring Voice|p1a: Ditto\n|-damage|p1a: Ditto|94/225\n|\n|-heal|p2a: Alcremie|72/263|[from] item: Leftovers\n|upkeep\n|turn|21\n|\n|t:|1782773741\n|move|p1a: Ditto|Body Press|p2a: Alcremie\n|-resisted|p2a: Alcremie\n|-damage|p2a: Alcremie|0 fnt\n|faint|p2a: Alcremie\n|\n|upkeep\n|-message|indias last hope forfeited.\n|\n|win|alanti9568\n|raw|alanti9568's rating: 2208 &rarr; <strong>2227</strong><br />(+19 for winning)\n|raw|indias last hope's rating: 2182 &rarr; <strong>2163</strong><br />(-19 for losing)\n", "inputlog": ">version f8ac14003a5f27e1bdc8d8c59608a773c1cb96e5\n>start {\"formatid\":\"gen9randombattle\",\"seed\":\"sodium,e81960deab533f4e46e31518ab59359f\",\"rated\":\"Rated battle\"}\n>player p1 {\"name\":\"alanti9568\",\"avatar\":\"169\",\"rating\":2208,\"seed\":\"sodium,5df4ab0a7e23a9c8c979ae6ca29d1bd7\"}\n>player p2 {\"name\":\"indias last hope\",\"avatar\":\"policeman-gen4\",\"rating\":2166,\"seed\":\"sodium,fb916d981deb88e91df1b04ae7132248\"}\n>p1 move waterfall\n>p2 move stealthrock\n>p1 switch 3\n>p2 move wildcharge\n>p1 move stealthrock\n>p2 switch 5\n>p1 move whirlwind\n>p2 move alluringvoice\n>p1 move slackoff\n>p2 move bodypress\n>p1 move whirlwind\n>p2 move bodypress\n>p1 switch 3\n>p2 move alluringvoice\n>p1 move gunkshot\n>p2 switch 5\n>p1 move waterfall\n>p2 move wildcharge\n>p2 switch 6\n>p1 switch 3\n>p2 move earthquake\n>p1 move slackoff\n>p2 move earthquake terastallize\n>p1 switch 4\n>p1 move coil\n>p2 switch 2\n>p1 move scaleshot\n>p2 move irondefense\n>p1 move coil\n>p2 move irondefense\n>p1 move coil\n>p2 move irondefense\n>p1 move earthquake\n>p2 move bodypress\n>p1 move earthquake\n>p2 move bodypress\n>p1 move earthquake\n>p2 move bodypress\n>p1 switch 2\n>p1 move bodypress\n>p2 move bodypress\n>p2 switch 5\n>p1 move bodypress terastallize\n>p2 move alluringvoice\n>p1 move bodypress\n>p2 move alluringvoice\n>forcelose p2", "uploadtime": 1782773747, "views": 3, "formatid": "gen9randombattle", "rating": 2163, "private": 0, "password": null, "player_dets": [{"name": "alanti9568", "avatar": "169", "rating": 2208, "seed": "sodium,5df4ab0a7e23a9c8c979ae6ca29d1bd7"}, {"name": "indias last hope", "avatar": "policeman-gen4", "rating": 2166, "seed": "sodium,fb916d981deb88e91df1b04ae7132248"}], "teams_full": [{"Qwilfish": {"name": "Qwilfish", "species": "Qwilfish", "speciesId": "qwilfish", "gender": "M", "shiny": false, "level": 86, "moves": ["destinybond", "thunderwave", "gunkshot", "waterfall"], "ability": "Intimidate", "evs": {"hp": 85, "atk": 85, "def": 85, "spa": 85, "spd": 85, "spe": 85}, "ivs": {"hp": 31, "atk": 31, "def": 31, "spa": 31, "spd": 31, "spe": 31}, "item": "Leftovers", "teraType": "Dark", "role": "Bulky Support", "bvs": {"hp": 65, "atk": 95, "def": 85, "spa": 55, "spd": 55, "spe": 85}, "stats": {"hp": 252, "atk": 213, "def": 195, "spa": 144, "spd": 144, "spe": 195}, "types": ["Water", "Poison"]}, "Ditto": {"name": "Ditto", "species": "Ditto", "speciesId": "ditto", "gender": "N", "shiny": false, "level": 87, "moves": ["transform"], "ability": "Imposter", "evs": {"hp": 85, "atk": 85, "def": 85, "spa": 85, "spd": 85, "spe": 85}, "ivs": {"hp": 31, "atk": 31, "def": 31, "spa": 31, "spd": 31, "spe": 31}, "item": "Choice Scarf", "teraType": "Ghost", "role": "Fast Support", "bvs": {"hp": 48, "atk": 48, "def": 48, "spa": 48, "spd": 48, "spe": 48}, "stats": {"hp": 225, "atk": 133, "def": 133, "spa": 133, "spd": 133, "spe": 133}, "types": ["Normal"]}, "Hippowdon": {"name": "Hippowdon", "species": "Hippowdon", "speciesId": "hippowdon", "gender": "M", "shiny": false, "level": 82, "moves": ["stealthrock", "slackoff", "earthquake", "whirlwind"], "ability": "Sand Stream", "evs": {"hp": 85, "atk": 85, "def": 85, "spa": 85, "spd": 85, "spe": 85}, "ivs": {"hp": 31, "atk": 31, "def": 31, "spa": 31, "spd": 31, "spe": 31}, "item": "Leftovers", "teraType": "Rock", "role": "Bulky Support", "bvs": {"hp": 108, "atk": 112, "def": 118, "spa": 68, "spd": 72, "spe": 47}, "stats": {"hp": 311, "atk": 231, "def": 241, "spa": 159, "spd": 165, "spe": 124}, "types": ["Ground"]}, "Sandaconda": {"name": "Sandaconda", "species": "Sandaconda", "speciesId": "sandaconda", "gender": "F", "shiny": false, "level": 84, "moves": ["coil", "rockblast", "earthquake", "scaleshot"], "ability": "Shed Skin", "evs": {"hp": 85, "atk": 85, "def": 85, "spa": 85, "spd": 85, "spe": 85}, "ivs": {"hp": 31, "atk": 31, "def": 31, "spa": 31, "spd": 31, "spe": 31}, "item": "Loaded Dice", "teraType": "Dragon", "role": "Fast Bulky Setup", "bvs": {"hp": 72, "atk": 107, "def": 125, "spa": 65, "spd": 70, "spe": 71}, "stats": {"hp": 258, "atk": 228, "def": 258, "spa": 157, "spd": 166, "spe": 167}, "types": ["Ground"]}, "Mabosstiff": {"name": "Mabosstiff", "species": "Mabosstiff", "speciesId": "mabosstiff", "gender": "M", "shiny": false, "level": 86, "moves": ["wildcharge", "psychicfangs", "crunch", "playrough"], "ability": "Stakeout", "evs": {"hp": 85, "atk": 85, "def": 85, "spa": 85, "spd": 85, "spe": 85}, "ivs": {"hp": 31, "atk": 31, "def": 31, "spa": 31, "spd": 31, "spe": 31}, "item": "Choice Band", "teraType": "Dark", "role": "Bulky Attacker", "bvs": {"hp": 80, "atk": 120, "def": 90, "spa": 60, "spd": 70, "spe": 85}, "stats": {"hp": 278, "atk": 256, "def": 204, "spa": 152, "spd": 170, "spe": 195}, "types": ["Dark"]}, "Iron Valiant": {"name": "Iron Valiant", "species": "Iron Valiant", "speciesId": "ironvaliant", "gender": "N", "shiny": false, "level": 78, "moves": ["spiritbreak", "closecombat", "knockoff", "swordsdance"], "ability": "Quark Drive", "evs": {"hp": 85, "atk": 85, "def": 85, "spa": 85, "spd": 85, "spe": 85}, "ivs": {"hp": 31, "atk": 31, "def": 31, "spa": 31, "spd": 31, "spe": 31}, "item": "Life Orb", "teraType": "Fighting", "role": "Setup Sweeper", "bvs": {"hp": 74, "atk": 130, "def": 90, "spa": 120, "spd": 60, "spe": 116}, "stats": {"hp": 244, "atk": 248, "def": 185, "spa": 232, "spd": 139, "spe": 226}, "types": ["Fairy", "Fighting"]}}, {"Iron Thorns": {"name": "Iron Thorns", "species": "Iron Thorns", "speciesId": "ironthorns", "gender": "N", "shiny": false, "level": 83, "moves": ["stealthrock", "wildcharge", "icepunch", "stoneedge"], "ability": "Quark Drive", "evs": {"hp": 85, "atk": 85, "def": 85, "spa": 85, "spd": 85, "spe": 85}, "ivs": {"hp": 31, "atk": 31, "def": 31, "spa": 31, "spd": 31, "spe": 31}, "item": "Air Balloon", "teraType": "Grass", "role": "Fast Support", "bvs": {"hp": 100, "atk": 134, "def": 110, "spa": 70, "spd": 84, "spe": 72}, "stats": {"hp": 302, "atk": 270, "def": 230, "spa": 164, "spd": 187, "spe": 167}, "types": ["Rock", "Electric"]}, "Zamazenta": {"name": "Zamazenta", "species": "Zamazenta", "speciesId": "zamazenta", "gender": "N", "shiny": false, "level": 71, "moves": ["bodypress", "crunch", "ironhead", "irondefense"], "ability": "Dauntless Shield", "evs": {"hp": 85, "atk": 85, "def": 85, "spa": 85, "spd": 85, "spe": 85}, "ivs": {"hp": 31, "atk": 31, "def": 31, "spa": 31, "spd": 31, "spe": 31}, "item": "Leftovers", "teraType": "Fighting", "role": "Bulky Setup", "bvs": {"hp": 92, "atk": 120, "def": 115, "spa": 80, "spd": 115, "spe": 138}, "stats": {"hp": 248, "atk": 212, "def": 205, "spa": 155, "spd": 205, "spe": 237}, "types": ["Fighting"]}, "Chansey": {"name": "Chansey", "species": "Chansey", "speciesId": "chansey", "gender": "F", "shiny": false, "level": 85, "moves": ["thunderwave", "softboiled", "seismictoss", "healbell"], "ability": "Natural Cure", "evs": {"hp": 85, "atk": 0, "def": 85, "spa": 85, "spd": 85, "spe": 85}, "ivs": {"hp": 31, "atk": 0, "def": 31, "spa": 31, "spd": 31, "spe": 31}, "item": "Eviolite", "teraType": "Dark", "role": "Bulky Support", "bvs": {"hp": 250, "atk": 5, "def": 5, "spa": 35, "spd": 105, "spe": 50}, "stats": {"hp": 564, "atk": 13, "def": 57, "spa": 108, "spd": 227, "spe": 134}, "types": ["Normal"]}, "Muk": {"name": "Muk", "species": "Muk-Alola", "speciesId": "mukalola", "gender": "F", "shiny": false, "level": 82, "moves": ["knockoff", "drainpunch", "gunkshot", "icepunch"], "ability": "Poison Touch", "evs": {"hp": 85, "atk": 85, "def": 85, "spa": 85, "spd": 85, "spe": 85}, "ivs": {"hp": 31, "atk": 31, "def": 31, "spa": 31, "spd": 31, "spe": 31}, "item": "Assault Vest", "teraType": "Fighting", "role": "AV Pivot", "bvs": {"hp": 105, "atk": 105, "def": 75, "spa": 65, "spd": 100, "spe": 50}, "stats": {"hp": 306, "atk": 219, "def": 170, "spa": 154, "spd": 211, "spe": 129}, "types": ["Poison", "Dark"]}, "Alcremie": {"name": "Alcremie", "species": "Alcremie-Matcha-Cream", "speciesId": "alcremie", "gender": "F", "shiny": false, "level": 90, "moves": ["terablast", "alluringvoice", "recover", "calmmind"], "ability": "Aroma Veil", "evs": {"hp": 85, "atk": 0, "def": 85, "spa": 85, "spd": 85, "spe": 85}, "ivs": {"hp": 31, "atk": 0, "def": 31, "spa": 31, "spd": 31, "spe": 31}, "item": "Leftovers", "teraType": "Ground", "role": "Tera Blast user", "bvs": {"hp": 65, "atk": 60, "def": 75, "spa": 110, "spd": 121, "spe": 64}, "stats": {"hp": 263, "atk": 113, "def": 186, "spa": 249, "spd": 269, "spe": 167}, "types": ["Fairy"]}, "Rampardos": {"name": "Rampardos", "species": "Rampardos", "speciesId": "rampardos", "gender": "F", "shiny": false, "level": 90, "moves": ["earthquake", "firepunch", "rockslide", "headsmash"], "ability": "Sheer Force", "evs": {"hp": 85, "atk": 85, "def": 85, "spa": 85, "spd": 85, "spe": 85}, "ivs": {"hp": 31, "atk": 31, "def": 31, "spa": 31, "spd": 31, "spe": 31}, "item": "Choice Scarf", "teraType": "Ground", "role": "Fast Attacker", "bvs": {"hp": 97, "atk": 165, "def": 60, "spa": 65, "spd": 50, "spe": 58}, "stats": {"hp": 321, "atk": 348, "def": 159, "spa": 168, "spd": 141, "spe": 156}, "types": ["Rock"]}}]}