{"id": "gen9randombattle-2641663589", "format": "[Gen 9] Random Battle", "players": ["marrickchill", "memegameguy"], "log": "|j|\u2606marrickchill\n|j|\u2606memegameguy\n|t:|1782826780\n|gametype|singles\n|player|p1|marrickchill|170|2153\n|player|p2|memegameguy|hilbert|2197\n|gen|9\n|tier|[Gen 9] Random Battle\n|rated|\n|rule|Species Clause: Limit one of each Pok\u00e9mon\n|rule|HP Percentage Mod: HP is shown in percentages\n|rule|Sleep Clause Mod: Limit one foe put to sleep\n|rule|Illusion Level Mod: Illusion disguises the Pok\u00e9mon's true level\n|\n|t:|1782826780\n|teamsize|p1|6\n|teamsize|p2|6\n|start\n|switch|p1a: Kingambit|Kingambit, L74, M|270/270\n|switch|p2a: Reshiram|Reshiram, L76|277/277\n|-ability|p2a: Reshiram|Turboblaze\n|turn|1\n|\n|t:|1782826806\n|switch|p2a: Koraidon|Koraidon, L64|235/235\n|-weather|SunnyDay|[from] ability: Orichalcum Pulse|[of] p2a: Koraidon\n|-activate|p2a: Koraidon|Orichalcum Pulse|[source]\n|-end|p1a: Kingambit|fallenundefined|[silent]\n|switch|p1a: Tatsugiri|Tatsugiri, L87, F|260/260\n|\n|-weather|SunnyDay|[upkeep]\n|upkeep\n|turn|2\n|\n|t:|1782826816\n|switch|p1a: Decidueye|Decidueye, L88, F|281/281\n|move|p2a: Koraidon|U-turn|p1a: Decidueye\n|-damage|p1a: Decidueye|194/281\n|\n|t:|1782826818\n|switch|p2a: Reshiram|Reshiram, L76|277/277|[from] U-turn\n|-ability|p2a: Reshiram|Turboblaze\n|\n|-weather|SunnyDay|[upkeep]\n|upkeep\n|turn|3\n|\n|t:|1782826827\n|move|p1a: Decidueye|Shadow Sneak|p2a: Reshiram\n|-damage|p2a: Reshiram|209/277\n|-damage|p1a: Decidueye|166/281|[from] item: Life Orb\n|move|p2a: Reshiram|Dragon Dance|p2a: Reshiram\n|-boost|p2a: Reshiram|atk|1\n|-boost|p2a: Reshiram|spe|1\n|\n|-weather|SunnyDay|[upkeep]\n|upkeep\n|turn|4\n|\n|t:|1782826832\n|move|p1a: Decidueye|Shadow Sneak|p2a: Reshiram\n|-damage|p2a: Reshiram|145/277\n|-damage|p1a: Decidueye|138/281|[from] item: Life Orb\n|move|p2a: Reshiram|Flare Blitz|p1a: Decidueye\n|-supereffective|p1a: Decidueye\n|-damage|p1a: Decidueye|0 fnt\n|faint|p1a: Decidueye\n|-damage|p2a: Reshiram|99/277|[from] Recoil\n|\n|-weather|SunnyDay|[upkeep]\n|upkeep\n|\n|t:|1782826840\n|switch|p1a: Hariyama|Hariyama, L87, F|392/392\n|turn|5\n|\n|t:|1782826846\n|move|p2a: Reshiram|Flare Blitz|p1a: Hariyama\n|-damage|p1a: Hariyama|40/392\n|-damage|p2a: Reshiram|0 fnt|[from] Recoil\n|faint|p2a: Reshiram\n|move|p1a: Hariyama|Close Combat|p2: Reshiram|[notarget]\n|-fail|p1a: Hariyama\n|\n|-weather|none\n|-status|p1a: Hariyama|brn|[from] item: Flame Orb\n|upkeep\n|\n|t:|1782826853\n|switch|p2a: Koraidon|Koraidon, L64|235/235\n|-weather|SunnyDay|[from] ability: Orichalcum Pulse|[of] p2a: Koraidon\n|-activate|p2a: Koraidon|Orichalcum Pulse|[source]\n|turn|6\n|\n|t:|1782826862\n|move|p1a: Hariyama|Bullet Punch|p2a: Koraidon\n|-damage|p2a: Koraidon|174/235\n|move|p2a: Koraidon|U-turn|p1a: Hariyama\n|-resisted|p1a: Hariyama\n|-damage|p1a: Hariyama|0 fnt\n|faint|p1a: Hariyama\n|\n|t:|1782826864\n|switch|p2a: Chien-Pao|Chien-Pao, L72|234/234|[from] U-turn\n|-ability|p2a: Chien-Pao|Sword of Ruin\n|\n|-weather|SunnyDay|[upkeep]\n|upkeep\n|\n|t:|1782826868\n|switch|p1a: Passimian|Passimian, L83, F|302/302\n|turn|7\n|\n|t:|1782826870\n|switch|p2a: Cresselia|Cresselia, L80, F|323/323\n|move|p1a: Passimian|Drain Punch|p2a: Cresselia\n|-resisted|p2a: Cresselia\n|-damage|p2a: Cresselia|285/323\n|\n|-weather|SunnyDay|[upkeep]\n|-heal|p2a: Cresselia|305/323|[from] item: Leftovers\n|upkeep\n|turn|8\n|\n|t:|1782826883\n|switch|p2a: Koraidon|Koraidon, L64|174/235\n|-activate|p2a: Koraidon|ability: Orichalcum Pulse\n|move|p1a: Passimian|Knock Off|p2a: Koraidon\n|-resisted|p2a: Koraidon\n|-damage|p2a: Koraidon|133/235\n|-enditem|p2a: Koraidon|Choice Band|[from] move: Knock Off|[of] p1a: Passimian\n|\n|-weather|SunnyDay|[upkeep]\n|upkeep\n|turn|9\n|\n|t:|1782826907\n|move|p2a: Koraidon|U-turn|p1a: Passimian\n|-resisted|p1a: Passimian\n|-damage|p1a: Passimian|277/302\n|\n|t:|1782826911\n|switch|p2a: Cresselia|Cresselia, L80, F|305/323|[from] U-turn\n|move|p1a: Passimian|Drain Punch|p2a: Cresselia\n|-resisted|p2a: Cresselia\n|-damage|p2a: Cresselia|262/323\n|-heal|p1a: Passimian|299/302|[from] drain|[of] p2a: Cresselia\n|\n|-weather|SunnyDay|[upkeep]\n|-heal|p2a: Cresselia|282/323|[from] item: Leftovers\n|-heal|p1a: Passimian|302/302|[from] item: Leftovers\n|upkeep\n|turn|10\n|\n|t:|1782826915\n|switch|p1a: Kingambit|Kingambit, L74, M|270/270\n|-activate|p1a: Kingambit|ability: Supreme Overlord\n|-start|p1a: Kingambit|fallen2|[silent]\n|move|p2a: Cresselia|Calm Mind|p2a: Cresselia\n|-boost|p2a: Cresselia|spa|1\n|-boost|p2a: Cresselia|spd|1\n|\n|-weather|none\n|-heal|p2a: Cresselia|302/323|[from] item: Leftovers\n|upkeep\n|turn|11\n|\n|t:|1782826922\n|switch|p2a: Registeel|Registeel, L81|262/262\n|move|p1a: Kingambit|Iron Head|p2a: Registeel\n|-resisted|p2a: Registeel\n|-damage|p2a: Registeel|230/262\n|\n|upkeep\n|turn|12\n|\n|t:|1782826930\n|-end|p1a: Kingambit|fallen2|[silent]\n|switch|p1a: Tatsugiri|Tatsugiri, L87, F|260/260\n|move|p2a: Registeel|Iron Defense|p2a: Registeel\n|-boost|p2a: Registeel|def|2\n|\n|upkeep\n|turn|13\n|\n|t:|1782826935\n|switch|p1a: Lunala|Lunala, L70|308/308\n|move|p2a: Registeel|Body Press|p1a: Lunala\n|-immune|p1a: Lunala\n|\n|upkeep\n|turn|14\n|\n|t:|1782826954\n|switch|p2a: Garganacl|Garganacl, L80, F|291/291\n|move|p1a: Lunala|Focus Blast|p2a: Garganacl|[miss]\n|-miss|p1a: Lunala|p2a: Garganacl\n|\n|upkeep\n|turn|15\n|\n|t:|1782826958\n|switch|p1a: Tatsugiri|Tatsugiri, L87, F|260/260\n|move|p2a: Garganacl|Salt Cure|p1a: Tatsugiri\n|-damage|p1a: Tatsugiri|205/260\n|-start|p1a: Tatsugiri|Salt Cure\n|\n|-damage|p1a: Tatsugiri|140/260|[from] Salt Cure\n|upkeep\n|turn|16\n|\n|t:|1782826975\n|switch|p2a: Koraidon|Koraidon, L64|133/235\n|-weather|SunnyDay|[from] ability: Orichalcum Pulse|[of] p2a: Koraidon\n|-activate|p2a: Koraidon|Orichalcum Pulse|[source]\n|move|p1a: Tatsugiri|Nasty Plot|p1a: Tatsugiri\n|-boost|p1a: Tatsugiri|spa|2\n|\n|-weather|SunnyDay|[upkeep]\n|-damage|p1a: Tatsugiri|75/260|[from] Salt Cure\n|upkeep\n|turn|17\n|\n|t:|1782826981\n|move|p2a: Koraidon|U-turn|p1a: Tatsugiri\n|-damage|p1a: Tatsugiri|10/260\n|\n|t:|1782826986\n|switch|p2a: Registeel|Registeel, L81|230/262|[from] U-turn\n|move|p1a: Tatsugiri|Surf|p2a: Registeel\n|-damage|p2a: Registeel|157/262\n|\n|-weather|SunnyDay|[upkeep]\n|-damage|p1a: Tatsugiri|0 fnt|[from] Salt Cure\n|faint|p1a: Tatsugiri\n|upkeep\n|\n|t:|1782826990\n|switch|p1a: Passimian|Passimian, L83, F|302/302\n|turn|18\n|\n|t:|1782826993\n|switch|p2a: Cresselia|Cresselia, L80, F|302/323\n|move|p1a: Passimian|Drain Punch|p2a: Cresselia\n|-resisted|p2a: Cresselia\n|-damage|p2a: Cresselia|263/323\n|\n|-weather|SunnyDay|[upkeep]\n|-heal|p2a: Cresselia|283/323|[from] item: Leftovers\n|upkeep\n|turn|19\n|\n|t:|1782826997\n|move|p2a: Cresselia|Moonblast|p1a: Passimian\n|-supereffective|p1a: Passimian\n|-damage|p1a: Passimian|174/302\n|move|p1a: Passimian|Knock Off|p2a: Cresselia\n|-supereffective|p2a: Cresselia\n|-damage|p2a: Cresselia|139/323\n|-enditem|p2a: Cresselia|Leftovers|[from] move: Knock Off|[of] p1a: Passimian\n|\n|-weather|SunnyDay|[upkeep]\n|-heal|p1a: Passimian|192/302|[from] item: Leftovers\n|upkeep\n|turn|20\n|\n|t:|1782827003\n|switch|p1a: Kingambit|Kingambit, L74, M|270/270\n|-activate|p1a: Kingambit|ability: Supreme Overlord\n|-start|p1a: Kingambit|fallen3|[silent]\n|move|p2a: Cresselia|Moonlight|p2a: Cresselia\n|-heal|p2a: Cresselia|323/323\n|\n|-weather|none\n|upkeep\n|turn|21\n|\n|t:|1782827009\n|switch|p2a: Koraidon|Koraidon, L64|133/235\n|-weather|SunnyDay|[from] ability: Orichalcum Pulse|[of] p2a: Koraidon\n|-activate|p2a: Koraidon|Orichalcum Pulse|[source]\n|move|p1a: Kingambit|Swords Dance|p1a: Kingambit\n|-boost|p1a: Kingambit|atk|2\n|\n|-weather|SunnyDay|[upkeep]\n|upkeep\n|turn|22\n|\n|t:|1782827017\n|-terastallize|p1a: Kingambit|Flying\n|move|p2a: Koraidon|Flare Blitz|p1a: Kingambit\n|-damage|p1a: Kingambit|156/270\n|-damage|p2a: Koraidon|95/235|[from] Recoil\n|move|p1a: Kingambit|Iron Head|p2a: Koraidon\n|-damage|p2a: Koraidon|0 fnt\n|faint|p2a: Koraidon\n|\n|-weather|SunnyDay|[upkeep]\n|-heal|p1a: Kingambit|172/270|[from] item: Leftovers\n|upkeep\n|\n|t:|1782827027\n|switch|p2a: Chien-Pao|Chien-Pao, L72|234/234\n|-ability|p2a: Chien-Pao|Sword of Ruin\n|turn|23\n|\n|t:|1782827031\n|move|p2a: Chien-Pao|Icicle Crash|p1a: Kingambit\n|-supereffective|p1a: Kingambit\n|-damage|p1a: Kingambit|0 fnt\n|faint|p1a: Kingambit\n|-end|p1a: Kingambit|fallen3|[silent]\n|\n|-weather|SunnyDay|[upkeep]\n|upkeep\n|\n|t:|1782827033\n|switch|p1a: Passimian|Passimian, L83, F|192/302\n|turn|24\n|\n|t:|1782827040\n|switch|p2a: Cresselia|Cresselia, L80, F|323/323\n|move|p1a: Passimian|Gunk Shot|p2a: Cresselia\n|-damage|p2a: Cresselia|229/323\n|\n|-weather|SunnyDay|[upkeep]\n|-heal|p1a: Passimian|210/302|[from] item: Leftovers\n|upkeep\n|turn|25\n|-message|marrickchill forfeited.\n|\n|win|memegameguy\n", "inputlog": ">version f8ac14003a5f27e1bdc8d8c59608a773c1cb96e5\n>start {\"formatid\":\"gen9randombattle\",\"seed\":\"sodium,24f5f5750dbbe55616a66f16ad624e8f\",\"rated\":\"Rated battle\"}\n>player p1 {\"name\":\"marrickchill\",\"avatar\":\"170\",\"rating\":2153,\"seed\":\"sodium,7ab4a0e7540d1ec219b114cb1dc3bc3f\"}\n>player p2 {\"name\":\"memegameguy\",\"avatar\":\"hilbert\",\"rating\":2197,\"seed\":\"sodium,d869314f1eae04affcc84ca0983e859f\"}\n>p1 switch 3\n>p2 switch 6\n>p1 switch 2\n>p2 move uturn\n>p2 switch 6\n>p1 move shadowsneak\n>p2 move dragondance\n>p1 move shadowsneak\n>p2 move flareblitz\n>p1 switch 6\n>p1 move closecombat\n>p2 move flareblitz\n>p2 switch 6\n>p1 move bulletpunch\n>p2 move uturn\n>p2 switch 4\n>p1 switch 4\n>p1 move drainpunch\n>p2 switch 5\n>p1 move knockoff\n>p2 switch 4\n>p1 move drainpunch\n>p2 move uturn\n>p2 switch 4\n>p1 switch 3\n>p2 move calmmind\n>p1 move ironhead\n>p2 switch 2\n>p1 switch 2\n>p2 move irondefense\n>p1 switch 5\n>p2 move bodypress\n>p1 move focusblast\n>p2 switch 3\n>p1 switch 5\n>p2 move saltcure\n>p1 move nastyplot\n>p2 switch 4\n>p1 move surf\n>p2 move uturn\n>p2 switch 3\n>p1 switch 3\n>p1 move drainpunch\n>p2 switch 2\n>p1 move knockoff\n>p2 move moonblast\n>p1 switch 2\n>p2 move moonlight\n>p1 move swordsdance\n>p2 switch 3\n>p1 move ironhead terastallize\n>p2 move flareblitz\n>p2 switch 5\n>p1 move ironhead\n>p2 move iciclecrash\n>p1 switch 2\n>p1 move gunkshot\n>p2 switch 3\n>forcelose p1", "uploadtime": 1782826782, "views": 3, "formatid": "gen9randombattle", "rating": null, "private": 0, "password": null, "player_dets": [{"name": "marrickchill", "avatar": "170", "rating": 2153, "seed": "sodium,7ab4a0e7540d1ec219b114cb1dc3bc3f"}, {"name": "memegameguy", "avatar": "hilbert", "rating": 2197, "seed": "sodium,d869314f1eae04affcc84ca0983e859f"}], "teams_full": [{"Kingambit": {"name": "Kingambit", "species": "Kingambit", "speciesId": "kingambit", "gender": "M", "shiny": false, "level": 74, "moves": ["swordsdance", "suckerpunch", "kowtowcleave", "ironhead"], "ability": "Supreme Overlord", "evs": {"hp": 85, "atk": 85, "def": 85, "spa": 85, "spd": 85, "spe": 85}, "ivs": {"hp": 31, "atk": 31, "def": 31, "spa": 31, "spd": 31, "spe": 31}, "item": "Leftovers", "teraType": "Flying", "role": "Bulky Attacker", "bvs": {"hp": 100, "atk": 135, "def": 120, "spa": 60, "spd": 85, "spe": 50}, "stats": {"hp": 270, "atk": 243, "def": 221, "spa": 132, "spd": 169, "spe": 117}, "types": ["Dark", "Steel"]}, "Decidueye": {"name": "Decidueye", "species": "Decidueye", "speciesId": "decidueye", "gender": "F", "shiny": false, "level": 88, "moves": ["shadowsneak", "poltergeist", "leafblade", "swordsdance"], "ability": "Overgrow", "evs": {"hp": 85, "atk": 85, "def": 85, "spa": 85, "spd": 85, "spe": 85}, "ivs": {"hp": 31, "atk": 31, "def": 31, "spa": 31, "spd": 31, "spe": 31}, "item": "Life Orb", "teraType": "Ghost", "role": "Setup Sweeper", "bvs": {"hp": 78, "atk": 107, "def": 75, "spa": 100, "spd": 100, "spe": 70}, "stats": {"hp": 281, "atk": 239, "def": 182, "spa": 226, "spd": 226, "spe": 173}, "types": ["Grass", "Ghost"]}, "Tatsugiri": {"name": "Tatsugiri", "species": "Tatsugiri", "speciesId": "tatsugiri", "gender": "F", "shiny": false, "level": 87, "moves": ["rapidspin", "nastyplot", "surf", "dracometeor"], "ability": "Storm Drain", "evs": {"hp": 85, "atk": 85, "def": 85, "spa": 85, "spd": 85, "spe": 85}, "ivs": {"hp": 31, "atk": 31, "def": 31, "spa": 31, "spd": 31, "spe": 31}, "item": "Heavy-Duty Boots", "teraType": "Water", "role": "Fast Support", "bvs": {"hp": 68, "atk": 50, "def": 60, "spa": 120, "spd": 95, "spe": 82}, "stats": {"hp": 260, "atk": 137, "def": 154, "spa": 259, "spd": 215, "spe": 192}, "types": ["Dragon", "Water"]}, "Passimian": {"name": "Passimian", "species": "Passimian", "speciesId": "passimian", "gender": "F", "shiny": false, "level": 83, "moves": ["bulkup", "knockoff", "gunkshot", "drainpunch"], "ability": "Defiant", "evs": {"hp": 85, "atk": 85, "def": 85, "spa": 85, "spd": 85, "spe": 85}, "ivs": {"hp": 31, "atk": 31, "def": 31, "spa": 31, "spd": 31, "spe": 31}, "item": "Leftovers", "teraType": "Poison", "role": "Bulky Setup", "bvs": {"hp": 100, "atk": 120, "def": 90, "spa": 40, "spd": 60, "spe": 80}, "stats": {"hp": 302, "atk": 247, "def": 197, "spa": 114, "spd": 147, "spe": 180}, "types": ["Fighting"]}, "Lunala": {"name": "Lunala", "species": "Lunala", "speciesId": "lunala", "gender": "N", "shiny": false, "level": 70, "moves": ["moongeistbeam", "moonlight", "focusblast", "calmmind"], "ability": "Shadow Shield", "evs": {"hp": 85, "atk": 0, "def": 85, "spa": 85, "spd": 85, "spe": 85}, "ivs": {"hp": 31, "atk": 0, "def": 31, "spa": 31, "spd": 31, "spe": 31}, "item": "Leftovers", "teraType": "Fighting", "role": "Bulky Setup", "bvs": {"hp": 137, "atk": 113, "def": 89, "spa": 137, "spd": 107, "spe": 97}, "stats": {"hp": 308, "atk": 163, "def": 166, "spa": 233, "spd": 191, "spe": 177}, "types": ["Psychic", "Ghost"]}, "Hariyama": {"name": "Hariyama", "species": "Hariyama", "speciesId": "hariyama", "gender": "F", "shiny": false, "level": 87, "moves": ["closecombat", "bulletpunch", "facade", "knockoff"], "ability": "Guts", "evs": {"hp": 85, "atk": 85, "def": 85, "spa": 85, "spd": 85, "spe": 85}, "ivs": {"hp": 31, "atk": 31, "def": 31, "spa": 31, "spd": 31, "spe": 31}, "item": "Flame Orb", "teraType": "Normal", "role": "Wallbreaker", "bvs": {"hp": 144, "atk": 120, "def": 60, "spa": 40, "spd": 60, "spe": 50}, "stats": {"hp": 392, "atk": 259, "def": 154, "spa": 119, "spd": 154, "spe": 137}, "types": ["Fighting"]}}, {"Reshiram": {"name": "Reshiram", "species": "Reshiram", "speciesId": "reshiram", "gender": "N", "shiny": false, "level": 76, "moves": ["dragondance", "stoneedge", "outrage", "flareblitz"], "ability": "Turboblaze", "evs": {"hp": 85, "atk": 85, "def": 85, "spa": 85, "spd": 85, "spe": 85}, "ivs": {"hp": 31, "atk": 31, "def": 31, "spa": 31, "spd": 31, "spe": 31}, "item": "Heavy-Duty Boots", "teraType": "Fire", "role": "Setup Sweeper", "bvs": {"hp": 100, "atk": 120, "def": 100, "spa": 150, "spd": 120, "spe": 90}, "stats": {"hp": 277, "atk": 226, "def": 196, "spa": 272, "spd": 226, "spe": 181}, "types": ["Dragon", "Fire"]}, "Registeel": {"name": "Registeel", "species": "Registeel", "speciesId": "registeel", "gender": "N", "shiny": false, "level": 81, "moves": ["irondefense", "rest", "bodypress", "ironhead"], "ability": "Clear Body", "evs": {"hp": 85, "atk": 85, "def": 85, "spa": 85, "spd": 85, "spe": 85}, "ivs": {"hp": 31, "atk": 31, "def": 31, "spa": 31, "spd": 31, "spe": 31}, "item": "Chesto Berry", "teraType": "Fighting", "role": "Bulky Setup", "bvs": {"hp": 80, "atk": 75, "def": 150, "spa": 75, "spd": 150, "spe": 50}, "stats": {"hp": 262, "atk": 168, "def": 290, "spa": 168, "spd": 290, "spe": 128}, "types": ["Steel"]}, "Garganacl": {"name": "Garganacl", "species": "Garganacl", "speciesId": "garganacl", "gender": "F", "shiny": false, "level": 80, "moves": ["protect", "recover", "saltcure", "earthquake"], "ability": "Purifying Salt", "evs": {"hp": 85, "atk": 85, "def": 85, "spa": 85, "spd": 85, "spe": 85}, "ivs": {"hp": 31, "atk": 31, "def": 31, "spa": 31, "spd": 31, "spe": 31}, "item": "Leftovers", "teraType": "Ghost", "role": "Bulky Attacker", "bvs": {"hp": 100, "atk": 100, "def": 130, "spa": 45, "spd": 90, "spe": 35}, "stats": {"hp": 291, "atk": 206, "def": 254, "spa": 118, "spd": 190, "spe": 102}, "types": ["Rock"]}, "Chien-Pao": {"name": "Chien-Pao", "species": "Chien-Pao", "speciesId": "chienpao", "gender": "N", "shiny": false, "level": 72, "moves": ["swordsdance", "iciclecrash", "throatchop", "sacredsword"], "ability": "Sword of Ruin", "evs": {"hp": 85, "atk": 85, "def": 85, "spa": 85, "spd": 85, "spe": 85}, "ivs": {"hp": 31, "atk": 31, "def": 31, "spa": 31, "spd": 31, "spe": 31}, "item": "Heavy-Duty Boots", "teraType": "Dark", "role": "Setup Sweeper", "bvs": {"hp": 80, "atk": 120, "def": 80, "spa": 90, "spd": 65, "spe": 135}, "stats": {"hp": 234, "atk": 215, "def": 157, "spa": 172, "spd": 136, "spe": 236}, "types": ["Dark", "Ice"]}, "Cresselia": {"name": "Cresselia", "species": "Cresselia", "speciesId": "cresselia", "gender": "F", "shiny": false, "level": 80, "moves": ["moonblast", "moonlight", "calmmind", "psyshock"], "ability": "Levitate", "evs": {"hp": 85, "atk": 0, "def": 85, "spa": 85, "spd": 85, "spe": 85}, "ivs": {"hp": 31, "atk": 0, "def": 31, "spa": 31, "spd": 31, "spe": 31}, "item": "Leftovers", "teraType": "Fairy", "role": "Bulky Setup", "bvs": {"hp": 120, "atk": 70, "def": 110, "spa": 75, "spd": 120, "spe": 85}, "stats": {"hp": 323, "atk": 117, "def": 222, "spa": 166, "spd": 238, "spe": 182}, "types": ["Psychic"]}, "Koraidon": {"name": "Koraidon", "species": "Koraidon", "speciesId": "koraidon", "gender": "N", "shiny": false, "level": 64, "moves": ["uturn", "closecombat", "outrage", "flareblitz"], "ability": "Orichalcum Pulse", "evs": {"hp": 85, "atk": 85, "def": 85, "spa": 85, "spd": 85, "spe": 85}, "ivs": {"hp": 31, "atk": 31, "def": 31, "spa": 31, "spd": 31, "spe": 31}, "item": "Choice Band", "teraType": "Fire", "role": "Fast Attacker", "bvs": {"hp": 100, "atk": 135, "def": 115, "spa": 85, "spd": 100, "spe": 135}, "stats": {"hp": 235, "atk": 211, "def": 185, "spa": 147, "spd": 166, "spe": 211}, "types": ["Fighting", "Dragon"]}}]}