{"id": "gen9randombattle-2641242714", "format": "[Gen 9] Random Battle", "players": ["Bloody alfa", "notmetbh102"], "log": "|badge|p2|bronze|gen9randombattle|100-9\n|html|<div class=\"broadcast-red\"><strong>This battle is required to be public due to one or more player having a season medal.</strong><br />During the public phase, you can discuss the state of the ladder <a href=\"/seasondiscussion\">in a special chatroom.</a></div>\n|uhtml|medal-msg|<div class=\"broadcast-blue\">Curious what those medals under the avatar are? PS now has Ladder Seasons! For more information, check out the <a href=\"https://www.smogon.com/forums/threads/3740067/\">thread on Smogon.</a></div>\n|raw|<div class=\"broadcast-blue\"><strong>This battle is required to be public due to a player having a name starting with 'medal'.</div>\n|j|\u2606Bloody alfa\n|j|\u2606notmetbh102\n|t:|1782758100\n|gametype|singles\n|player|p1|Bloody alfa|266|2173\n|player|p2|notmetbh102|2|2232\n|gen|9\n|tier|[Gen 9] Random Battle\n|rated|\n|rule|Species Clause: Limit one of each Pok\u00e9mon\n|rule|HP Percentage Mod: HP is shown in percentages\n|rule|Sleep Clause Mod: Limit one foe put to sleep\n|rule|Illusion Level Mod: Illusion disguises the Pok\u00e9mon's true level\n|\n|t:|1782758100\n|teamsize|p1|6\n|teamsize|p2|6\n|start\n|switch|p1a: Cacturne|Cacturne, L92, F|278/278\n|switch|p2a: Dodrio|Dodrio, L85, F|241/241\n|turn|1\n|inactive|Battle timer is ON: inactive players will automatically lose when time's up. (requested by notmetbh102)\n|c|\u2606notmetbh102|hf\n|c|\u2606Bloody alfa|hf\n|\n|t:|1782758115\n|switch|p1a: Luxray|Luxray, L88, F|284/284\n|-ability|p1a: Luxray|Intimidate|boost\n|-unboost|p2a: Dodrio|atk|1\n|move|p2a: Dodrio|Brave Bird|p1a: Luxray\n|-resisted|p1a: Luxray\n|-damage|p1a: Luxray|238/284\n|-damage|p2a: Dodrio|226/241|[from] Recoil\n|\n|upkeep\n|turn|2\n|\n|t:|1782758121\n|switch|p2a: Appletun|Appletun, L92, M|352/352\n|move|p1a: Luxray|Ice Fang|p2a: Appletun\n|-supereffective|p2a: Appletun\n|-damage|p2a: Appletun|228/352\n|\n|-heal|p2a: Appletun|250/352|[from] item: Leftovers\n|upkeep\n|turn|3\n|\n|t:|1782758127\n|move|p1a: Luxray|Volt Switch|p2a: Appletun\n|-resisted|p2a: Appletun\n|-damage|p2a: Appletun|231/352\n|j| Snake N My Boot\n|\n|t:|1782758136\n|switch|p1a: Clodsire|Clodsire, L81, F|343/343|[from] Volt Switch\n|move|p2a: Appletun|Dragon Pulse|p1a: Clodsire\n|-damage|p1a: Clodsire|238/343\n|\n|-heal|p2a: Appletun|253/352|[from] item: Leftovers\n|-heal|p1a: Clodsire|259/343|[from] item: Leftovers\n|upkeep\n|turn|4\n|\n|t:|1782758140\n|move|p2a: Appletun|Apple Acid|p1a: Clodsire\n|-damage|p1a: Clodsire|162/343\n|-unboost|p1a: Clodsire|spd|1\n|move|p1a: Clodsire|Stealth Rock|p2a: Appletun\n|-sidestart|p2: notmetbh102|move: Stealth Rock\n|\n|-heal|p2a: Appletun|275/352|[from] item: Leftovers\n|-heal|p1a: Clodsire|183/343|[from] item: Leftovers\n|upkeep\n|turn|5\n|\n|t:|1782758143\n|move|p2a: Appletun|Apple Acid|p1a: Clodsire\n|-damage|p1a: Clodsire|32/343\n|-unboost|p1a: Clodsire|spd|1\n|move|p1a: Clodsire|Recover|p1a: Clodsire\n|-heal|p1a: Clodsire|204/343\n|\n|-heal|p2a: Appletun|297/352|[from] item: Leftovers\n|-heal|p1a: Clodsire|225/343|[from] item: Leftovers\n|upkeep\n|turn|6\n|\n|t:|1782758153\n|switch|p1a: Cacturne|Cacturne, L92, F|278/278\n|move|p2a: Appletun|Dragon Pulse|p1a: Cacturne\n|-damage|p1a: Cacturne|149/278\n|\n|-heal|p2a: Appletun|319/352|[from] item: Leftovers\n|upkeep\n|turn|7\n|\n|t:|1782758157\n|move|p1a: Cacturne|Knock Off|p2a: Appletun\n|-damage|p2a: Appletun|144/352\n|-enditem|p2a: Appletun|Leftovers|[from] move: Knock Off|[of] p1a: Cacturne\n|-damage|p1a: Cacturne|122/278|[from] item: Life Orb\n|move|p2a: Appletun|Dragon Pulse|p1a: Cacturne\n|-damage|p1a: Cacturne|0 fnt\n|faint|p1a: Cacturne\n|\n|upkeep\n|\n|t:|1782758174\n|switch|p1a: Leafeon|Leafeon, L88, F|258/258\n|turn|8\n|\n|t:|1782758175\n|move|p1a: Leafeon|Swords Dance|p1a: Leafeon\n|-boost|p1a: Leafeon|atk|2\n|move|p2a: Appletun|Recover|p2a: Appletun\n|-heal|p2a: Appletun|320/352\n|\n|upkeep\n|turn|9\n|\n|t:|1782758183\n|move|p1a: Leafeon|Swords Dance|p1a: Leafeon\n|-boost|p1a: Leafeon|atk|2\n|move|p2a: Appletun|Dragon Pulse|p1a: Leafeon\n|-damage|p1a: Leafeon|119/258\n|\n|-heal|p1a: Leafeon|135/258|[from] item: Leftovers\n|upkeep\n|turn|10\n|\n|t:|1782758186\n|move|p1a: Leafeon|Knock Off|p2a: Appletun\n|-damage|p2a: Appletun|162/352\n|move|p2a: Appletun|Dragon Pulse|p1a: Leafeon\n|-damage|p1a: Leafeon|0 fnt\n|faint|p1a: Leafeon\n|\n|upkeep\n|\n|t:|1782758191\n|switch|p1a: Greedent|Greedent, L86, F|235/235\n|turn|11\n|\n|t:|1782758194\n|move|p1a: Greedent|Sludge Bomb|p2a: Appletun\n|-supereffective|p2a: Appletun\n|-damage|p2a: Appletun|0 fnt\n|faint|p2a: Appletun\n|\n|upkeep\n|\n|t:|1782758194\n|switch|p2a: Gallade|Gallade, L80, M|240/240\n|-damage|p2a: Gallade|225/240|[from] Stealth Rock\n|turn|12\n|\n|t:|1782758200\n|switch|p1a: Luxray|Luxray, L88, F|238/284\n|-ability|p1a: Luxray|Intimidate|boost\n|-unboost|p2a: Gallade|atk|1\n|move|p2a: Gallade|Sacred Sword|p1a: Luxray\n|-damage|p1a: Luxray|105/284\n|-damage|p2a: Gallade|201/240|[from] item: Life Orb\n|\n|upkeep\n|turn|13\n|\n|t:|1782758208\n|switch|p1a: Clodsire|Clodsire, L81, F|225/343\n|move|p2a: Gallade|Sacred Sword|p1a: Clodsire\n|-resisted|p1a: Clodsire\n|-damage|p1a: Clodsire|76/343\n|-damage|p2a: Gallade|177/240|[from] item: Life Orb\n|\n|-heal|p1a: Clodsire|97/343|[from] item: Leftovers\n|upkeep\n|turn|14\n|\n|t:|1782758215\n|move|p2a: Gallade|Sacred Sword|p1a: Clodsire\n|-resisted|p1a: Clodsire\n|-damage|p1a: Clodsire|0 fnt\n|faint|p1a: Clodsire\n|-damage|p2a: Gallade|153/240|[from] item: Life Orb\n|\n|upkeep\n|\n|t:|1782758217\n|switch|p1a: Greedent|Greedent, L86, F|235/235\n|turn|15\n|\n|t:|1782758222\n|move|p1a: Greedent|U-turn|p2a: Gallade\n|-damage|p2a: Gallade|90/240\n|\n|t:|1782758223\n|switch|p1a: Luxray|Luxray, L88, F|105/284|[from] U-turn\n|-ability|p1a: Luxray|Intimidate|boost\n|-unboost|p2a: Gallade|atk|1\n|move|p2a: Gallade|Sacred Sword|p1a: Luxray\n|-damage|p1a: Luxray|0 fnt\n|faint|p1a: Luxray\n|-damage|p2a: Gallade|66/240|[from] item: Life Orb\n|\n|upkeep\n|\n|t:|1782758225\n|switch|p1a: Greedent|Greedent, L86, F|235/235\n|turn|16\n|\n|t:|1782758227\n|move|p1a: Greedent|Dark Pulse|p2a: Gallade\n|-damage|p2a: Gallade|0 fnt\n|faint|p2a: Gallade\n|\n|upkeep\n|\n|t:|1782758228\n|switch|p2a: Dodrio|Dodrio, L85, F|226/241\n|turn|17\n|\n|t:|1782758230\n|move|p2a: Dodrio|Swords Dance|p2a: Dodrio\n|-boost|p2a: Dodrio|atk|2\n|move|p1a: Greedent|Dark Pulse|p2a: Dodrio\n|-damage|p2a: Dodrio|27/241\n|\n|upkeep\n|turn|18\n|\n|t:|1782758233\n|move|p2a: Dodrio|Brave Bird|p1a: Greedent\n|-damage|p1a: Greedent|0 fnt\n|replace|p1a: Zoroark|Zoroark, L83, M\n|-end|p1a: Zoroark|Illusion\n|-hint|Illusion Level Mod is active, so this Pok\u00e9mon's true level was hidden.\n|faint|p1a: Zoroark\n|-damage|p2a: Dodrio|0 fnt|[from] Recoil\n|faint|p2a: Dodrio\n|\n|upkeep\n|\n|t:|1782758236\n|switch|p2a: Victreebel|Victreebel, L90, M|290/290\n|switch|p1a: Greedent|Greedent, L86, F|347/347\n|-damage|p2a: Victreebel|254/290|[from] Stealth Rock\n|turn|19\n|\n|t:|1782758238\n|move|p2a: Victreebel|Power Whip|p1a: Greedent\n|-damage|p1a: Greedent|156/347\n|-enditem|p1a: Greedent|Sitrus Berry|[eat]\n|-heal|p1a: Greedent|242/347|[from] item: Sitrus Berry\n|-heal|p1a: Greedent|347/347|[from] ability: Cheek Pouch\n|-damage|p2a: Victreebel|225/290|[from] item: Life Orb\n|move|p1a: Greedent|Swords Dance|p1a: Greedent\n|-boost|p1a: Greedent|atk|2\n|\n|upkeep\n|turn|20\n|\n|t:|1782758242\n|move|p2a: Victreebel|Power Whip|p1a: Greedent\n|-damage|p1a: Greedent|156/347\n|-damage|p2a: Victreebel|196/290|[from] item: Life Orb\n|move|p1a: Greedent|Body Slam|p2a: Victreebel\n|-damage|p2a: Victreebel|0 fnt\n|faint|p2a: Victreebel\n|\n|upkeep\n|\n|t:|1782758242\n|switch|p2a: Torkoal|Torkoal, L88, F|266/266\n|-weather|SunnyDay|[from] ability: Drought|[of] p2a: Torkoal\n|turn|21\n|\n|t:|1782758249\n|-terastallize|p2a: Torkoal|Grass\n|-terastallize|p1a: Greedent|Ground\n|move|p2a: Torkoal|Lava Plume|p1a: Greedent\n|-damage|p1a: Greedent|26/347\n|move|p1a: Greedent|Earthquake|p2a: Torkoal\n|-resisted|p2a: Torkoal\n|-damage|p2a: Torkoal|188/266\n|\n|-weather|SunnyDay|[upkeep]\n|upkeep\n|turn|22\n|\n|t:|1782758252\n|move|p2a: Torkoal|Lava Plume|p1a: Greedent\n|-damage|p1a: Greedent|0 fnt\n|faint|p1a: Greedent\n|\n|win|notmetbh102\n|raw|Bloody alfa's rating: 2173 &rarr; <strong>2156</strong><br />(-17 for losing)\n|raw|notmetbh102's rating: 2232 &rarr; <strong>2249</strong><br />(+17 for winning)\n|c|\u2606notmetbh102|gg\n", "inputlog": ">version f8ac14003a5f27e1bdc8d8c59608a773c1cb96e5\n>start {\"formatid\":\"gen9randombattle\",\"seed\":\"sodium,e471f3e851d5536201f0b8abd24a2f3a\",\"rated\":\"Rated battle\"}\n>player p1 {\"name\":\"Bloody alfa\",\"avatar\":\"266\",\"rating\":2173,\"seed\":\"sodium,601831fcdcbdb4364547678c82274329\"}\n>player p2 {\"name\":\"notmetbh102\",\"avatar\":\"2\",\"rating\":2232,\"seed\":\"sodium,d681f07d26dc98ddabaf364fe3d8b57b\"}\n>chat \u2606notmetbh102|hf\n>chat \u2606Bloody alfa|hf\n>p1 switch 2\n>p2 move bravebird\n>p1 move icefang\n>p2 switch 5\n>p1 move voltswitch\n>p2 move dragonpulse\n>p1 switch 3\n>p1 move stealthrock\n>p2 move appleacid\n>p1 move recover\n>p2 move appleacid\n>p1 switch 2\n>p2 move dragonpulse\n>p1 move knockoff\n>p2 move dragonpulse\n>p1 switch 4\n>p1 move swordsdance\n>p2 move recover\n>p1 move swordsdance\n>p2 move dragonpulse\n>p1 move knockoff\n>p2 move dragonpulse\n>p1 switch 5\n>p1 move sludgebomb\n>p2 move appleacid\n>p2 switch 3\n>p1 switch 3\n>p2 move sacredsword\n>p1 switch 2\n>p2 move sacredsword\n>p1 move earthquake\n>p2 move sacredsword\n>p1 switch 3\n>p1 move uturn\n>p2 move sacredsword\n>p1 switch 2\n>p1 switch 2\n>p1 move darkpulse\n>p2 move sacredsword\n>p2 switch 5\n>p1 move darkpulse\n>p2 move swordsdance\n>p1 move darkpulse\n>p2 move bravebird\n>p1 switch 6\n>p2 switch 2\n>p1 move swordsdance\n>p2 move powerwhip\n>p1 move bodyslam\n>p2 move powerwhip\n>p2 switch 6\n>p1 move earthquake terastallize\n>p2 move lavaplume terastallize\n>p1 move bodyslam\n>p2 move lavaplume", "uploadtime": 1782758253, "views": 6, "formatid": "gen9randombattle", "rating": 2156, "private": 0, "password": null, "player_dets": [{"name": "Bloody alfa", "avatar": "266", "rating": 2173, "seed": "sodium,601831fcdcbdb4364547678c82274329"}, {"name": "notmetbh102", "avatar": "2", "rating": 2232, "seed": "sodium,d681f07d26dc98ddabaf364fe3d8b57b"}], "teams_full": [{"Cacturne": {"name": "Cacturne", "species": "Cacturne", "speciesId": "cacturne", "gender": "F", "shiny": false, "level": 92, "moves": ["swordsdance", "seedbomb", "suckerpunch", "knockoff"], "ability": "Water Absorb", "evs": {"hp": 85, "atk": 85, "def": 85, "spa": 85, "spd": 85, "spe": 85}, "ivs": {"hp": 31, "atk": 31, "def": 31, "spa": 31, "spd": 31, "spe": 31}, "item": "Life Orb", "teraType": "Dark", "role": "Setup Sweeper", "bvs": {"hp": 70, "atk": 115, "def": 60, "spa": 115, "spd": 60, "spe": 55}, "stats": {"hp": 278, "atk": 264, "def": 163, "spa": 264, "spd": 163, "spe": 154}, "types": ["Grass", "Dark"]}, "Luxray": {"name": "Luxray", "species": "Luxray", "speciesId": "luxray", "gender": "F", "shiny": false, "level": 88, "moves": ["playrough", "wildcharge", "icefang", "voltswitch"], "ability": "Intimidate", "evs": {"hp": 85, "atk": 85, "def": 85, "spa": 85, "spd": 85, "spe": 85}, "ivs": {"hp": 31, "atk": 31, "def": 31, "spa": 31, "spd": 31, "spe": 31}, "item": "Assault Vest", "teraType": "Electric", "role": "AV Pivot", "bvs": {"hp": 80, "atk": 120, "def": 79, "spa": 95, "spd": 79, "spe": 70}, "stats": {"hp": 284, "atk": 261, "def": 189, "spa": 217, "spd": 189, "spe": 173}, "types": ["Electric"]}, "Clodsire": {"name": "Clodsire", "species": "Clodsire", "speciesId": "clodsire", "gender": "F", "shiny": false, "level": 81, "moves": ["stealthrock", "gunkshot", "recover", "earthquake"], "ability": "Unaware", "evs": {"hp": 85, "atk": 85, "def": 85, "spa": 85, "spd": 85, "spe": 85}, "ivs": {"hp": 31, "atk": 31, "def": 31, "spa": 31, "spd": 31, "spe": 31}, "item": "Leftovers", "teraType": "Steel", "role": "Bulky Attacker", "bvs": {"hp": 130, "atk": 75, "def": 60, "spa": 45, "spd": 100, "spe": 20}, "stats": {"hp": 343, "atk": 168, "def": 144, "spa": 120, "spd": 209, "spe": 79}, "types": ["Poison", "Ground"]}, "Leafeon": {"name": "Leafeon", "species": "Leafeon", "speciesId": "leafeon", "gender": "F", "shiny": false, "level": 88, "moves": ["leafblade", "substitute", "swordsdance", "knockoff"], "ability": "Chlorophyll", "evs": {"hp": 85, "atk": 85, "def": 85, "spa": 85, "spd": 85, "spe": 85}, "ivs": {"hp": 31, "atk": 31, "def": 31, "spa": 31, "spd": 31, "spe": 31}, "item": "Leftovers", "teraType": "Dark", "role": "Setup Sweeper", "bvs": {"hp": 65, "atk": 110, "def": 130, "spa": 60, "spd": 65, "spe": 95}, "stats": {"hp": 258, "atk": 244, "def": 279, "spa": 156, "spd": 165, "spe": 217}, "types": ["Grass"]}, "Zoroark": {"name": "Zoroark", "species": "Zoroark", "speciesId": "zoroark", "gender": "M", "shiny": false, "level": 83, "moves": ["darkpulse", "uturn", "psychic", "sludgebomb"], "ability": "Illusion", "evs": {"hp": 85, "atk": 85, "def": 85, "spa": 85, "spd": 85, "spe": 85}, "ivs": {"hp": 31, "atk": 31, "def": 31, "spa": 31, "spd": 31, "spe": 31}, "item": "Choice Specs", "teraType": "Poison", "role": "Wallbreaker", "bvs": {"hp": 60, "atk": 105, "def": 60, "spa": 120, "spd": 60, "spe": 105}, "stats": {"hp": 235, "atk": 222, "def": 147, "spa": 247, "spd": 147, "spe": 222}, "types": ["Dark"]}, "Greedent": {"name": "Greedent", "species": "Greedent", "speciesId": "greedent", "gender": "F", "shiny": false, "level": 86, "moves": ["earthquake", "knockoff", "swordsdance", "bodyslam"], "ability": "Cheek Pouch", "evs": {"hp": 85, "atk": 85, "def": 85, "spa": 85, "spd": 85, "spe": 85}, "ivs": {"hp": 31, "atk": 31, "def": 31, "spa": 31, "spd": 31, "spe": 31}, "item": "Sitrus Berry", "teraType": "Ground", "role": "Bulky Setup", "bvs": {"hp": 120, "atk": 95, "def": 95, "spa": 55, "spd": 75, "spe": 20}, "stats": {"hp": 347, "atk": 213, "def": 213, "spa": 144, "spd": 178, "spe": 84}, "types": ["Normal"]}}, {"Dodrio": {"name": "Dodrio", "species": "Dodrio", "speciesId": "dodrio", "gender": "F", "shiny": false, "level": 85, "moves": ["knockoff", "bravebird", "drillrun", "swordsdance"], "ability": "Early Bird", "evs": {"hp": 85, "atk": 85, "def": 85, "spa": 85, "spd": 85, "spe": 85}, "ivs": {"hp": 31, "atk": 31, "def": 31, "spa": 31, "spd": 31, "spe": 31}, "item": "Heavy-Duty Boots", "teraType": "Flying", "role": "Setup Sweeper", "bvs": {"hp": 60, "atk": 110, "def": 70, "spa": 60, "spd": 60, "spe": 110}, "stats": {"hp": 241, "atk": 236, "def": 168, "spa": 151, "spd": 151, "spe": 236}, "types": ["Normal", "Flying"]}, "Victreebel": {"name": "Victreebel", "species": "Victreebel", "speciesId": "victreebel", "gender": "M", "shiny": false, "level": 90, "moves": ["powerwhip", "sunnyday", "sludgewave", "weatherball"], "ability": "Chlorophyll", "evs": {"hp": 85, "atk": 85, "def": 85, "spa": 85, "spd": 85, "spe": 85}, "ivs": {"hp": 31, "atk": 31, "def": 31, "spa": 31, "spd": 31, "spe": 31}, "item": "Life Orb", "teraType": "Fire", "role": "Fast Attacker", "bvs": {"hp": 80, "atk": 105, "def": 65, "spa": 100, "spd": 70, "spe": 70}, "stats": {"hp": 290, "atk": 240, "def": 168, "spa": 231, "spd": 177, "spe": 177}, "types": ["Grass", "Poison"]}, "Gallade": {"name": "Gallade", "species": "Gallade", "speciesId": "gallade", "gender": "M", "shiny": false, "level": 80, "moves": ["agility", "nightslash", "sacredsword", "psychocut"], "ability": "Sharpness", "evs": {"hp": 85, "atk": 85, "def": 85, "spa": 85, "spd": 85, "spe": 85}, "ivs": {"hp": 31, "atk": 31, "def": 31, "spa": 31, "spd": 31, "spe": 31}, "item": "Life Orb", "teraType": "Dark", "role": "Setup Sweeper", "bvs": {"hp": 68, "atk": 125, "def": 65, "spa": 65, "spd": 115, "spe": 80}, "stats": {"hp": 240, "atk": 246, "def": 150, "spa": 150, "spd": 230, "spe": 174}, "types": ["Psychic", "Fighting"]}, "Banette": {"name": "Banette", "species": "Banette", "speciesId": "banette", "gender": "F", "shiny": false, "level": 93, "moves": ["gunkshot", "shadowsneak", "poltergeist", "thunderwave"], "ability": "Cursed Body", "evs": {"hp": 85, "atk": 85, "def": 85, "spa": 85, "spd": 85, "spe": 85}, "ivs": {"hp": 31, "atk": 31, "def": 31, "spa": 31, "spd": 31, "spe": 31}, "item": "Life Orb", "teraType": "Poison", "role": "Wallbreaker", "bvs": {"hp": 64, "atk": 115, "def": 65, "spa": 83, "spd": 63, "spe": 65}, "stats": {"hp": 270, "atk": 267, "def": 174, "spa": 207, "spd": 170, "spe": 174}, "types": ["Ghost"]}, "Appletun": {"name": "Appletun", "species": "Appletun", "speciesId": "appletun", "gender": "M", "shiny": false, "level": 92, "moves": ["recover", "appleacid", "dragontail", "dragonpulse"], "ability": "Thick Fat", "evs": {"hp": 85, "atk": 85, "def": 85, "spa": 85, "spd": 85, "spe": 85}, "ivs": {"hp": 31, "atk": 31, "def": 31, "spa": 31, "spd": 31, "spe": 31}, "item": "Leftovers", "teraType": "Steel", "role": "Bulky Attacker", "bvs": {"hp": 110, "atk": 85, "def": 80, "spa": 100, "spd": 80, "spe": 30}, "stats": {"hp": 352, "atk": 209, "def": 200, "spa": 236, "spd": 200, "spe": 108}, "types": ["Grass", "Dragon"]}, "Torkoal": {"name": "Torkoal", "species": "Torkoal", "speciesId": "torkoal", "gender": "F", "shiny": false, "level": 88, "moves": ["rapidspin", "stealthrock", "yawn", "lavaplume"], "ability": "Drought", "evs": {"hp": 85, "atk": 85, "def": 85, "spa": 85, "spd": 85, "spe": 85}, "ivs": {"hp": 31, "atk": 31, "def": 31, "spa": 31, "spd": 31, "spe": 31}, "item": "Heavy-Duty Boots", "teraType": "Grass", "role": "Bulky Support", "bvs": {"hp": 70, "atk": 85, "def": 140, "spa": 85, "spd": 70, "spe": 20}, "stats": {"hp": 266, "atk": 200, "def": 297, "spa": 200, "spd": 173, "spe": 85}, "types": ["Fire"]}}]}