{"id": "gen9randombattle-2641746190", "format": "[Gen 9] Random Battle", "players": ["muddbud", "antho17###"], "log": "|j|\u2606muddbud\n|j|\u2606antho17###\n|t:|1782836991\n|gametype|singles\n|player|p1|muddbud|benga|2100\n|player|p2|antho17###|101|2188\n|gen|9\n|tier|[Gen 9] Random Battle\n|rated|\n|rule|Species Clause: Limit one of each Pok\u00e9mon\n|rule|HP Percentage Mod: HP is shown in percentages\n|rule|Sleep Clause Mod: Limit one foe put to sleep\n|rule|Illusion Level Mod: Illusion disguises the Pok\u00e9mon's true level\n|\n|t:|1782836991\n|teamsize|p1|6\n|teamsize|p2|6\n|start\n|switch|p1a: Zapdos|Zapdos-Galar, L77|265/265\n|switch|p2a: Eiscue|Eiscue, L88, F|274/274\n|turn|1\n|\n|t:|1782837023\n|move|p1a: Zapdos|U-turn|p2a: Eiscue\n|-activate|p2a: Eiscue|ability: Ice Face\n|-damage|p2a: Eiscue|274/274\n|detailschange|p2a: Eiscue|Eiscue-Noice, L88, F\n|\n|t:|1782837025\n|switch|p1a: Milotic|Milotic, L83, M|293/293|[from] U-turn\n|move|p2a: Eiscue|Belly Drum|p2a: Eiscue\n|-damage|p2a: Eiscue|137/274\n|-setboost|p2a: Eiscue|atk|6|[from] move: Belly Drum\n|-enditem|p2a: Eiscue|Sitrus Berry|[eat]\n|-heal|p2a: Eiscue|205/274|[from] item: Sitrus Berry\n|\n|upkeep\n|turn|2\n|inactive|Battle timer is ON: inactive players will automatically lose when time's up. (requested by antho17###)\n|\n|t:|1782837034\n|-terastallize|p2a: Eiscue|Electric\n|move|p2a: Eiscue|Tera Blast|p1a: Milotic|[anim] Tera Blast Electric\n|-supereffective|p1a: Milotic\n|-damage|p1a: Milotic|0 fnt\n|faint|p1a: Milotic\n|\n|upkeep\n|\n|t:|1782837049\n|switch|p1a: Zapdos|Zapdos-Galar, L77|265/265\n|turn|3\n|\n|t:|1782837057\n|move|p1a: Zapdos|U-turn|p2a: Eiscue\n|-damage|p2a: Eiscue|151/274\n|\n|t:|1782837064\n|switch|p1a: Jolteon|Jolteon, L84, M|246/246|[from] U-turn\n|move|p2a: Eiscue|Tera Blast|p1a: Jolteon|[anim] Tera Blast Electric\n|-immune|p1a: Jolteon|[from] ability: Volt Absorb\n|\n|upkeep\n|turn|4\n|\n|t:|1782837076\n|-terastallize|p1a: Jolteon|Ice\n|move|p2a: Eiscue|Ice Spinner|p1a: Jolteon\n|-resisted|p1a: Jolteon\n|-damage|p1a: Jolteon|30/246\n|move|p1a: Jolteon|Thunderbolt|p2a: Eiscue\n|-resisted|p2a: Eiscue\n|-damage|p2a: Eiscue|77/274\n|\n|-heal|p1a: Jolteon|45/246|[from] item: Leftovers\n|upkeep\n|turn|5\n|\n|t:|1782837083\n|move|p2a: Eiscue|Ice Spinner|p1a: Jolteon\n|-resisted|p1a: Jolteon\n|-damage|p1a: Jolteon|0 fnt\n|faint|p1a: Jolteon\n|\n|upkeep\n|\n|t:|1782837085\n|switch|p1a: Zapdos|Zapdos-Galar, L77|265/265\n|turn|6\n|\n|t:|1782837100\n|move|p1a: Zapdos|Close Combat|p2a: Eiscue\n|-damage|p2a: Eiscue|0 fnt\n|-unboost|p1a: Zapdos|def|1\n|-unboost|p1a: Zapdos|spd|1\n|faint|p2a: Eiscue\n|\n|upkeep\n|\n|t:|1782837104\n|switch|p2a: Volcanion|Volcanion, L79|256/256\n|turn|7\n|\n|t:|1782837109\n|switch|p1a: Raikou|Raikou, L81|278/278\n|-ability|p1a: Raikou|Pressure\n|move|p2a: Volcanion|Steam Eruption|p1a: Raikou\n|-damage|p1a: Raikou|158/278\n|\n|-heal|p1a: Raikou|175/278|[from] item: Leftovers\n|upkeep\n|turn|8\n|\n|t:|1782837119\n|switch|p2a: Sceptile|Sceptile, L87, F|264/264\n|move|p1a: Raikou|Thunderbolt|p2a: Sceptile\n|-resisted|p2a: Sceptile\n|-damage|p2a: Sceptile|212/264\n|\n|-heal|p2a: Sceptile|228/264|[from] item: Leftovers\n|-heal|p1a: Raikou|192/278|[from] item: Leftovers\n|upkeep\n|turn|9\n|\n|t:|1782837126\n|switch|p1a: Zapdos|Zapdos-Galar, L77|265/265\n|move|p2a: Sceptile|Leech Seed|p1a: Zapdos\n|-start|p1a: Zapdos|move: Leech Seed\n|\n|-heal|p2a: Sceptile|244/264|[from] item: Leftovers\n|-damage|p1a: Zapdos|232/265|[from] Leech Seed|[of] p2a: Sceptile\n|-heal|p2a: Sceptile|264/264|[silent]\n|upkeep\n|turn|10\n|\n|t:|1782837142\n|switch|p2a: Volcanion|Volcanion, L79|256/256\n|move|p1a: Zapdos|U-turn|p2a: Volcanion\n|-resisted|p2a: Volcanion\n|-damage|p2a: Volcanion|235/256\n|\n|t:|1782837145\n|switch|p1a: Staraptor|Staraptor, L79, M|263/263|[from] U-turn\n|\n|upkeep\n|turn|11\n|\n|t:|1782837151\n|move|p1a: Staraptor|Brave Bird|p2a: Volcanion\n|-damage|p2a: Volcanion|22/256\n|-damage|p1a: Staraptor|193/263|[from] Recoil\n|move|p2a: Volcanion|Steam Eruption|p1a: Staraptor\n|-damage|p1a: Staraptor|18/263\n|\n|upkeep\n|turn|12\n|\n|t:|1782837160\n|move|p1a: Staraptor|Brave Bird|p2a: Volcanion\n|-damage|p2a: Volcanion|0 fnt\n|faint|p2a: Volcanion\n|-damage|p1a: Staraptor|11/263|[from] Recoil\n|\n|upkeep\n|\n|t:|1782837172\n|switch|p2a: Sceptile|Sceptile, L87, F|264/264\n|turn|13\n|\n|t:|1782837175\n|switch|p1a: Zapdos|Zapdos-Galar, L77|232/265\n|move|p2a: Sceptile|Giga Drain|p1a: Zapdos\n|-resisted|p1a: Zapdos\n|-damage|p1a: Zapdos|184/265\n|\n|upkeep\n|turn|14\n|\n|t:|1782837180\n|move|p1a: Zapdos|Brave Bird|p2a: Sceptile\n|-supereffective|p2a: Sceptile\n|-damage|p2a: Sceptile|0 fnt\n|faint|p2a: Sceptile\n|-damage|p1a: Zapdos|97/265|[from] Recoil\n|\n|upkeep\n|\n|t:|1782837183\n|switch|p2a: Revavroom|Revavroom, L79, F|256/256\n|turn|15\n|\n|t:|1782837190\n|move|p1a: Zapdos|Brave Bird|p2a: Revavroom\n|-resisted|p2a: Revavroom\n|-damage|p2a: Revavroom|188/256\n|-damage|p1a: Zapdos|75/265|[from] Recoil\n|move|p2a: Revavroom|Shift Gear|p2a: Revavroom\n|-boost|p2a: Revavroom|spe|2\n|-boost|p2a: Revavroom|atk|1\n|\n|upkeep\n|turn|16\n|\n|t:|1782837195\n|switch|p1a: Staraptor|Staraptor, L79, M|11/263\n|move|p2a: Revavroom|Iron Head|p1a: Staraptor\n|-crit|p1a: Staraptor\n|-damage|p1a: Staraptor|0 fnt\n|faint|p1a: Staraptor\n|-damage|p2a: Revavroom|163/256|[from] item: Life Orb\n|\n|upkeep\n|\n|t:|1782837197\n|switch|p1a: Infernape|Infernape, L82, M|259/259\n|turn|17\n|\n|t:|1782837201\n|move|p2a: Revavroom|High Horsepower|p1a: Infernape\n|-supereffective|p1a: Infernape\n|-damage|p1a: Infernape|0 fnt\n|faint|p1a: Infernape\n|-damage|p2a: Revavroom|138/256|[from] item: Life Orb\n|\n|upkeep\n|-message|muddbud forfeited.\n|\n|win|antho17###\n|raw|muddbud's rating: 2100 &rarr; <strong>2085</strong><br />(-15 for losing)\n|raw|antho17###'s rating: 2188 &rarr; <strong>2203</strong><br />(+15 for winning)\n", "inputlog": ">version f8ac14003a5f27e1bdc8d8c59608a773c1cb96e5\n>start {\"formatid\":\"gen9randombattle\",\"seed\":\"sodium,07b26c5aa6647a2feddf784b56a96f79\",\"rated\":\"Rated battle\"}\n>player p1 {\"name\":\"muddbud\",\"avatar\":\"benga\",\"rating\":2100,\"seed\":\"sodium,803c94b4ecc961cb31c27071559b9817\"}\n>player p2 {\"name\":\"antho17###\",\"avatar\":\"101\",\"rating\":2188,\"seed\":\"sodium,a3eee7c641771daab46dceb08caf7c24\"}\n>p1 move uturn\n>p2 move bellydrum\n>p1 switch 6\n>p1 move haze\n>p2 move terablast terastallize\n>p1 switch 6\n>p1 move uturn\n>p2 move terablast\n>p1 switch 4\n>p1 move thunderbolt terastallize\n>p2 move icespinner\n>p1 move thunderbolt\n>p2 move icespinner\n>p1 switch 4\n>p1 move closecombat\n>p2 move icespinner\n>p2 switch 2\n>p1 switch 3\n>p2 move steameruption\n>p1 move thunderbolt\n>p2 switch 5\n>p1 switch 3\n>p2 move leechseed\n>p1 move uturn\n>p2 switch 5\n>p1 switch 2\n>p1 move bravebird\n>p2 move steameruption\n>p1 move bravebird\n>p2 move flamethrower\n>p2 switch 5\n>p1 switch 2\n>p2 move gigadrain\n>p1 move bravebird\n>p2 move gigadrain\n>p2 switch 3\n>p1 move bravebird\n>p2 move shiftgear\n>p1 switch 2\n>p2 move ironhead\n>p1 switch 5\n>p1 move overheat\n>p2 move highhorsepower\n>forcelose p1", "uploadtime": 1782836995, "views": 6, "formatid": "gen9randombattle", "rating": 2085, "private": 0, "password": null, "player_dets": [{"name": "muddbud", "avatar": "benga", "rating": 2100, "seed": "sodium,803c94b4ecc961cb31c27071559b9817"}, {"name": "antho17###", "avatar": "101", "rating": 2188, "seed": "sodium,a3eee7c641771daab46dceb08caf7c24"}], "teams_full": [{"Zapdos": {"name": "Zapdos", "species": "Zapdos-Galar", "speciesId": "zapdosgalar", "gender": "N", "shiny": false, "level": 77, "moves": ["bravebird", "uturn", "closecombat", "knockoff"], "ability": "Defiant", "evs": {"hp": 85, "atk": 85, "def": 85, "spa": 85, "spd": 85, "spe": 85}, "ivs": {"hp": 31, "atk": 31, "def": 31, "spa": 31, "spd": 31, "spe": 31}, "item": "Choice Scarf", "teraType": "Steel", "role": "Fast Attacker", "bvs": {"hp": 90, "atk": 125, "def": 90, "spa": 85, "spd": 90, "spe": 100}, "stats": {"hp": 265, "atk": 237, "def": 183, "spa": 175, "spd": 183, "spe": 199}, "types": ["Fighting", "Flying"]}, "Staraptor": {"name": "Staraptor", "species": "Staraptor", "speciesId": "staraptor", "gender": "M", "shiny": false, "level": 79, "moves": ["uturn", "closecombat", "doubleedge", "bravebird"], "ability": "Reckless", "evs": {"hp": 81, "atk": 85, "def": 85, "spa": 85, "spd": 85, "spe": 85}, "ivs": {"hp": 31, "atk": 31, "def": 31, "spa": 31, "spd": 31, "spe": 31}, "item": "Choice Band", "teraType": "Flying", "role": "Fast Attacker", "bvs": {"hp": 85, "atk": 120, "def": 70, "spa": 50, "spd": 60, "spe": 100}, "stats": {"hp": 263, "atk": 235, "def": 156, "spa": 125, "spd": 140, "spe": 204}, "types": ["Normal", "Flying"]}, "Raikou": {"name": "Raikou", "species": "Raikou", "speciesId": "raikou", "gender": "N", "shiny": false, "level": 81, "moves": ["thunderbolt", "scald", "shadowball", "calmmind"], "ability": "Pressure", "evs": {"hp": 85, "atk": 0, "def": 85, "spa": 85, "spd": 85, "spe": 85}, "ivs": {"hp": 31, "atk": 0, "def": 31, "spa": 31, "spd": 31, "spe": 31}, "item": "Leftovers", "teraType": "Water", "role": "Bulky Attacker", "bvs": {"hp": 90, "atk": 85, "def": 75, "spa": 115, "spd": 100, "spe": 115}, "stats": {"hp": 278, "atk": 142, "def": 168, "spa": 233, "spd": 209, "spe": 233}, "types": ["Electric"]}, "Jolteon": {"name": "Jolteon", "species": "Jolteon", "speciesId": "jolteon", "gender": "M", "shiny": false, "level": 84, "moves": ["terablast", "thunderbolt", "substitute", "calmmind"], "ability": "Volt Absorb", "evs": {"hp": 85, "atk": 0, "def": 85, "spa": 85, "spd": 85, "spe": 85}, "ivs": {"hp": 31, "atk": 0, "def": 31, "spa": 31, "spd": 31, "spe": 31}, "item": "Leftovers", "teraType": "Ice", "role": "Tera Blast user", "bvs": {"hp": 65, "atk": 65, "def": 60, "spa": 110, "spd": 95, "spe": 130}, "stats": {"hp": 246, "atk": 114, "def": 149, "spa": 233, "spd": 208, "spe": 267}, "types": ["Electric"]}, "Infernape": {"name": "Infernape", "species": "Infernape", "speciesId": "infernape", "gender": "M", "shiny": false, "level": 82, "moves": ["overheat", "closecombat", "stoneedge", "gunkshot"], "ability": "Blaze", "evs": {"hp": 85, "atk": 85, "def": 85, "spa": 85, "spd": 85, "spe": 85}, "ivs": {"hp": 31, "atk": 31, "def": 31, "spa": 31, "spd": 31, "spe": 31}, "item": "Life Orb", "teraType": "Fighting", "role": "Fast Attacker", "bvs": {"hp": 76, "atk": 104, "def": 71, "spa": 104, "spd": 71, "spe": 108}, "stats": {"hp": 259, "atk": 218, "def": 164, "spa": 218, "spd": 164, "spe": 224}, "types": ["Fire", "Fighting"]}, "Milotic": {"name": "Milotic", "species": "Milotic", "speciesId": "milotic", "gender": "M", "shiny": false, "level": 83, "moves": ["icebeam", "scald", "recover", "haze"], "ability": "Competitive", "evs": {"hp": 85, "atk": 0, "def": 85, "spa": 85, "spd": 85, "spe": 85}, "ivs": {"hp": 31, "atk": 0, "def": 31, "spa": 31, "spd": 31, "spe": 31}, "item": "Leftovers", "teraType": "Steel", "role": "Bulky Attacker", "bvs": {"hp": 95, "atk": 60, "def": 79, "spa": 100, "spd": 125, "spe": 81}, "stats": {"hp": 293, "atk": 104, "def": 179, "spa": 214, "spd": 255, "spe": 182}, "types": ["Water"]}}, {"Eiscue": {"name": "Eiscue", "species": "Eiscue", "speciesId": "eiscue", "gender": "F", "shiny": false, "level": 88, "moves": ["icespinner", "terablast", "bellydrum", "liquidation"], "ability": "Ice Face", "evs": {"hp": 81, "atk": 85, "def": 85, "spa": 85, "spd": 85, "spe": 85}, "ivs": {"hp": 31, "atk": 31, "def": 31, "spa": 31, "spd": 31, "spe": 31}, "item": "Sitrus Berry", "teraType": "Electric", "role": "Tera Blast user", "bvs": {"hp": 75, "atk": 80, "def": 110, "spa": 65, "spd": 90, "spe": 50}, "stats": {"hp": 274, "atk": 191, "def": 244, "spa": 165, "spd": 209, "spe": 138}, "types": ["Ice"]}, "Volcanion": {"name": "Volcanion", "species": "Volcanion", "speciesId": "volcanion", "gender": "N", "shiny": false, "level": 79, "moves": ["steameruption", "earthpower", "flamethrower", "haze"], "ability": "Water Absorb", "evs": {"hp": 85, "atk": 0, "def": 85, "spa": 85, "spd": 85, "spe": 85}, "ivs": {"hp": 31, "atk": 0, "def": 31, "spa": 31, "spd": 31, "spe": 31}, "item": "Heavy-Duty Boots", "teraType": "Ground", "role": "Bulky Attacker", "bvs": {"hp": 80, "atk": 110, "def": 120, "spa": 130, "spd": 90, "spe": 70}, "stats": {"hp": 256, "atk": 178, "def": 235, "spa": 251, "spd": 188, "spe": 156}, "types": ["Fire", "Water"]}, "Revavroom": {"name": "Revavroom", "species": "Revavroom", "speciesId": "revavroom", "gender": "F", "shiny": false, "level": 79, "moves": ["shiftgear", "highhorsepower", "gunkshot", "ironhead"], "ability": "Filter", "evs": {"hp": 85, "atk": 85, "def": 85, "spa": 85, "spd": 85, "spe": 85}, "ivs": {"hp": 31, "atk": 31, "def": 31, "spa": 31, "spd": 31, "spe": 31}, "item": "Life Orb", "teraType": "Ground", "role": "Fast Attacker", "bvs": {"hp": 80, "atk": 119, "def": 90, "spa": 54, "spd": 67, "spe": 90}, "stats": {"hp": 256, "atk": 234, "def": 188, "spa": 131, "spd": 151, "spe": 188}, "types": ["Steel", "Poison"]}, "Grafaiai": {"name": "Grafaiai", "species": "Grafaiai", "speciesId": "grafaiai", "gender": "M", "shiny": false, "level": 86, "moves": ["knockoff", "gunkshot", "partingshot", "encore"], "ability": "Prankster", "evs": {"hp": 85, "atk": 85, "def": 85, "spa": 85, "spd": 85, "spe": 85}, "ivs": {"hp": 31, "atk": 31, "def": 31, "spa": 31, "spd": 31, "spe": 31}, "item": "Heavy-Duty Boots", "teraType": "Dark", "role": "Fast Support", "bvs": {"hp": 63, "atk": 95, "def": 65, "spa": 80, "spd": 72, "spe": 110}, "stats": {"hp": 249, "atk": 213, "def": 161, "spa": 187, "spd": 173, "spe": 238}, "types": ["Poison", "Normal"]}, "Sceptile": {"name": "Sceptile", "species": "Sceptile", "speciesId": "sceptile", "gender": "F", "shiny": false, "level": 87, "moves": ["focusblast", "leechseed", "substitute", "gigadrain"], "ability": "Overgrow", "evs": {"hp": 85, "atk": 0, "def": 85, "spa": 85, "spd": 85, "spe": 85}, "ivs": {"hp": 31, "atk": 0, "def": 31, "spa": 31, "spd": 31, "spe": 31}, "item": "Leftovers", "teraType": "Steel", "role": "Fast Support", "bvs": {"hp": 70, "atk": 85, "def": 65, "spa": 105, "spd": 85, "spe": 120}, "stats": {"hp": 264, "atk": 152, "def": 163, "spa": 232, "spd": 198, "spe": 259}, "types": ["Grass"]}, "Dudunsparce": {"name": "Dudunsparce", "species": "Dudunsparce", "speciesId": "dudunsparce", "gender": "M", "shiny": false, "level": 83, "moves": ["headbutt", "earthquake", "glare", "roost"], "ability": "Serene Grace", "evs": {"hp": 85, "atk": 85, "def": 85, "spa": 85, "spd": 85, "spe": 85}, "ivs": {"hp": 31, "atk": 31, "def": 31, "spa": 31, "spd": 31, "spe": 31}, "item": "Leftovers", "teraType": "Ground", "role": "Bulky Support", "bvs": {"hp": 125, "atk": 100, "def": 80, "spa": 85, "spd": 75, "spe": 55}, "stats": {"hp": 343, "atk": 214, "def": 180, "spa": 189, "spd": 172, "spe": 139}, "types": ["Normal"]}}]}