{"id": "gen9randombattle-2641702142", "format": "[Gen 9] Random Battle", "players": ["mantheman97", "Sieeeffmon"], "log": "|j|\u2606mantheman97\n|j|\u2606Sieeeffmon\n|t:|1782831671\n|gametype|singles\n|player|p1|mantheman97|giovanni|2194\n|player|p2|Sieeeffmon|fisherman|2245\n|gen|9\n|tier|[Gen 9] Random Battle\n|rated|\n|rule|Species Clause: Limit one of each Pok\u00e9mon\n|rule|HP Percentage Mod: HP is shown in percentages\n|rule|Sleep Clause Mod: Limit one foe put to sleep\n|rule|Illusion Level Mod: Illusion disguises the Pok\u00e9mon's true level\n|\n|t:|1782831671\n|teamsize|p1|6\n|teamsize|p2|6\n|start\n|switch|p1a: Samurott|Samurott, L88, F|310/310\n|switch|p2a: Banette|Banette, L93, F|270/270\n|turn|1\n|inactive|Battle timer is ON: inactive players will automatically lose when time's up. (requested by Sieeeffmon)\n|\n|t:|1782831684\n|switch|p1a: Furret|Furret, L94, F|312/312\n|-item|p2a: Banette|Life Orb|[from] ability: Frisk|[of] p1a: Furret\n|move|p2a: Banette|Poltergeist|p1a: Furret\n|-immune|p1a: Furret\n|\n|upkeep\n|turn|2\n|\n|t:|1782831693\n|move|p1a: Furret|Knock Off|p2a: Banette\n|-supereffective|p2a: Banette\n|-damage|p2a: Banette|28/270\n|-enditem|p2a: Banette|Life Orb|[from] move: Knock Off|[of] p1a: Furret\n|move|p2a: Banette|Gunk Shot|p1a: Furret\n|-damage|p1a: Furret|175/312\n|-status|p1a: Furret|psn\n|\n|-damage|p1a: Furret|136/312 psn|[from] psn\n|upkeep\n|turn|3\n|inactive|mantheman97 has 120 seconds left.\n|\n|t:|1782831724\n|move|p1a: Furret|Knock Off|p2a: Banette\n|-supereffective|p2a: Banette\n|-damage|p2a: Banette|0 fnt\n|faint|p2a: Banette\n|\n|-damage|p1a: Furret|97/312 psn|[from] psn\n|upkeep\n|inactive|Sieeeffmon has 120 seconds left.\n|\n|t:|1782831761\n|switch|p2a: Hawlucha|Hawlucha, L80, F|256/256\n|turn|4\n|inactive|mantheman97 has 120 seconds left.\n|\n|t:|1782831777\n|switch|p1a: Cramorant|Cramorant, L86, M|261/261\n|move|p2a: Hawlucha|Swords Dance|p2a: Hawlucha\n|-boost|p2a: Hawlucha|atk|2\n|\n|upkeep\n|turn|5\n|inactive|Sieeeffmon has 120 seconds left.\n|\n|t:|1782831788\n|switch|p2a: Jirachi|Jirachi, L80|291/291\n|move|p1a: Cramorant|Surf|p2a: Jirachi\n|-formechange|p1a: Cramorant|Cramorant-Gulping|\n|-damage|p2a: Jirachi|201/291\n|\n|-heal|p2a: Jirachi|219/291|[from] item: Leftovers\n|upkeep\n|turn|6\n|\n|t:|1782831796\n|move|p2a: Jirachi|Body Slam|p1a: Cramorant\n|-damage|p1a: Cramorant|179/261\n|-status|p1a: Cramorant|par\n|-damage|p2a: Jirachi|147/291|[from] ability: Gulp Missile|[of] p1a: Cramorant\n|-unboost|p2a: Jirachi|def|1\n|-formechange|p1a: Cramorant|Cramorant|\n|move|p1a: Cramorant|Surf|p2a: Jirachi\n|-formechange|p1a: Cramorant|Cramorant-Gulping|\n|-damage|p2a: Jirachi|53/291\n|\n|-heal|p2a: Jirachi|71/291|[from] item: Leftovers\n|upkeep\n|turn|7\n|\n|t:|1782831808\n|move|p2a: Jirachi|Protect|p2a: Jirachi\n|-singleturn|p2a: Jirachi|Protect\n|cant|p1a: Cramorant|par\n|\n|-heal|p2a: Jirachi|89/291|[from] item: Leftovers\n|upkeep\n|turn|8\n|\n|t:|1782831815\n|move|p2a: Jirachi|Wish|p2a: Jirachi\n|move|p1a: Cramorant|Surf|p2a: Jirachi\n|-damage|p2a: Jirachi|4/291\n|\n|-heal|p2a: Jirachi|22/291|[from] item: Leftovers\n|upkeep\n|turn|9\n|\n|t:|1782831822\n|move|p2a: Jirachi|Protect|p2a: Jirachi\n|-singleturn|p2a: Jirachi|Protect\n|move|p1a: Cramorant|Roost|p1a: Cramorant\n|-heal|p1a: Cramorant|261/261 par\n|-singleturn|p1a: Cramorant|move: Roost\n|\n|-heal|p2a: Jirachi|167/291|[from] move: Wish|[wisher] Jirachi\n|-heal|p2a: Jirachi|185/291|[from] item: Leftovers\n|upkeep\n|turn|10\n|\n|t:|1782831826\n|move|p2a: Jirachi|Wish|p2a: Jirachi\n|move|p1a: Cramorant|Surf|p2a: Jirachi\n|-damage|p2a: Jirachi|103/291\n|\n|-heal|p2a: Jirachi|121/291|[from] item: Leftovers\n|upkeep\n|turn|11\n|\n|t:|1782831832\n|move|p2a: Jirachi|Protect|p2a: Jirachi\n|-singleturn|p2a: Jirachi|Protect\n|move|p1a: Cramorant|Surf|p2a: Jirachi\n|-activate|p2a: Jirachi|move: Protect\n|\n|-heal|p2a: Jirachi|266/291|[from] move: Wish|[wisher] Jirachi\n|-heal|p2a: Jirachi|284/291|[from] item: Leftovers\n|upkeep\n|turn|12\n|\n|t:|1782831847\n|move|p2a: Jirachi|Body Slam|p1a: Cramorant\n|-damage|p1a: Cramorant|183/261 par\n|-damage|p2a: Jirachi|212/291|[from] ability: Gulp Missile|[of] p1a: Cramorant\n|-unboost|p2a: Jirachi|def|1\n|-formechange|p1a: Cramorant|Cramorant|\n|move|p1a: Cramorant|Surf|p2a: Jirachi\n|-formechange|p1a: Cramorant|Cramorant-Gulping|\n|-damage|p2a: Jirachi|127/291\n|\n|-heal|p2a: Jirachi|145/291|[from] item: Leftovers\n|upkeep\n|turn|13\n|\n|t:|1782831860\n|move|p2a: Jirachi|Wish|p2a: Jirachi\n|move|p1a: Cramorant|Roost|p1a: Cramorant\n|-heal|p1a: Cramorant|261/261 par\n|-singleturn|p1a: Cramorant|move: Roost\n|\n|-heal|p2a: Jirachi|163/291|[from] item: Leftovers\n|upkeep\n|turn|14\n|\n|t:|1782831866\n|move|p2a: Jirachi|Protect|p2a: Jirachi\n|-singleturn|p2a: Jirachi|Protect\n|move|p1a: Cramorant|Brave Bird|p2a: Jirachi\n|-activate|p2a: Jirachi|move: Protect\n|\n|-heal|p2a: Jirachi|291/291|[from] move: Wish|[wisher] Jirachi\n|upkeep\n|turn|15\n|\n|t:|1782831877\n|move|p2a: Jirachi|Iron Head|p1a: Cramorant\n|-resisted|p1a: Cramorant\n|-crit|p1a: Cramorant\n|-damage|p1a: Cramorant|186/261 par\n|-damage|p2a: Jirachi|219/291|[from] ability: Gulp Missile|[of] p1a: Cramorant\n|-unboost|p2a: Jirachi|def|1\n|-formechange|p1a: Cramorant|Cramorant|\n|move|p1a: Cramorant|Surf|p2a: Jirachi\n|-formechange|p1a: Cramorant|Cramorant-Gulping|\n|-damage|p2a: Jirachi|140/291\n|\n|-heal|p2a: Jirachi|158/291|[from] item: Leftovers\n|upkeep\n|turn|16\n|\n|t:|1782831887\n|move|p2a: Jirachi|Protect|p2a: Jirachi\n|-singleturn|p2a: Jirachi|Protect\n|move|p1a: Cramorant|Roost|p1a: Cramorant\n|-heal|p1a: Cramorant|261/261 par\n|-singleturn|p1a: Cramorant|move: Roost\n|\n|-heal|p2a: Jirachi|176/291|[from] item: Leftovers\n|upkeep\n|turn|17\n|\n|t:|1782831895\n|move|p2a: Jirachi|Wish|p2a: Jirachi\n|move|p1a: Cramorant|Brave Bird|p2a: Jirachi\n|-resisted|p2a: Jirachi\n|-damage|p2a: Jirachi|26/291\n|-damage|p1a: Cramorant|211/261 par|[from] Recoil\n|\n|-heal|p2a: Jirachi|44/291|[from] item: Leftovers\n|upkeep\n|turn|18\n|\n|t:|1782831904\n|move|p2a: Jirachi|Protect|p2a: Jirachi\n|-singleturn|p2a: Jirachi|Protect\n|move|p1a: Cramorant|Roost|p1a: Cramorant\n|-heal|p1a: Cramorant|261/261 par\n|-singleturn|p1a: Cramorant|move: Roost\n|\n|-heal|p2a: Jirachi|189/291|[from] move: Wish|[wisher] Jirachi\n|-heal|p2a: Jirachi|207/291|[from] item: Leftovers\n|upkeep\n|turn|19\n|\n|t:|1782831909\n|move|p2a: Jirachi|Wish|p2a: Jirachi\n|cant|p1a: Cramorant|par\n|\n|-heal|p2a: Jirachi|225/291|[from] item: Leftovers\n|upkeep\n|turn|20\n|\n|t:|1782831916\n|switch|p2a: Seviper|Seviper, L93, F|287/287\n|move|p1a: Cramorant|Surf|p2a: Seviper\n|-damage|p2a: Seviper|187/287\n|\n|-heal|p2a: Seviper|287/287|[from] move: Wish|[wisher] Jirachi\n|upkeep\n|turn|21\n|\n|t:|1782831923\n|move|p2a: Seviper|Gunk Shot|p1a: Cramorant\n|-damage|p1a: Cramorant|0 fnt\n|-damage|p2a: Seviper|216/287|[from] ability: Gulp Missile|[of] p1a: Cramorant\n|-unboost|p2a: Seviper|def|1\n|-formechange|p1a: Cramorant|Cramorant|\n|faint|p1a: Cramorant\n|-damage|p2a: Seviper|188/287|[from] item: Life Orb\n|\n|upkeep\n|\n|t:|1782831939\n|switch|p1a: Urshifu|Urshifu, L74, F|270/270\n|turn|22\n|\n|t:|1782831953\n|move|p1a: Urshifu|Wicked Blow|p2a: Seviper\n|-crit|p2a: Seviper\n|-damage|p2a: Seviper|0 fnt\n|faint|p2a: Seviper\n|-damage|p1a: Urshifu|243/270|[from] item: Life Orb\n|\n|upkeep\n|\n|t:|1782831970\n|switch|p2a: Hawlucha|Hawlucha, L80, F|256/256\n|turn|23\n|inactive|mantheman97 has 120 seconds left.\n|inactive|mantheman97 has 90 seconds left.\n|\n|t:|1782832045\n|move|p2a: Hawlucha|Swords Dance|p2a: Hawlucha\n|-boost|p2a: Hawlucha|atk|2\n|move|p1a: Urshifu|Wicked Blow|p2a: Hawlucha\n|-resisted|p2a: Hawlucha\n|-crit|p2a: Hawlucha\n|-damage|p2a: Hawlucha|166/256\n|-damage|p1a: Urshifu|216/270|[from] item: Life Orb\n|\n|upkeep\n|turn|24\n|\n|t:|1782832067\n|move|p1a: Urshifu|Sucker Punch||[still]\n|-fail|p1a: Urshifu\n|move|p2a: Hawlucha|Swords Dance|p2a: Hawlucha\n|-boost|p2a: Hawlucha|atk|2\n|\n|upkeep\n|turn|25\n|\n|t:|1782832078\n|move|p1a: Urshifu|Sucker Punch||[still]\n|-fail|p1a: Urshifu\n|move|p2a: Hawlucha|Encore|p1a: Urshifu\n|-start|p1a: Urshifu|Encore\n|\n|upkeep\n|turn|26\n|inactive|mantheman97 has 90 seconds left.\n|\n|t:|1782832084\n|switch|p1a: Furret|Furret, L94, F|97/312 psn\n|-item|p2a: Hawlucha|White Herb|[from] ability: Frisk|[of] p1a: Furret\n|move|p2a: Hawlucha|Swords Dance|p2a: Hawlucha\n|-boost|p2a: Hawlucha|atk|2\n|\n|-damage|p1a: Furret|58/312 psn|[from] psn\n|upkeep\n|turn|27\n|\n|t:|1782832091\n|-terastallize|p1a: Furret|Ghost\n|move|p2a: Hawlucha|Close Combat|p1a: Furret\n|-immune|p1a: Furret\n|move|p1a: Furret|Double-Edge|p2a: Hawlucha\n|-damage|p2a: Hawlucha|0 fnt\n|faint|p2a: Hawlucha\n|-damage|p1a: Furret|3/312 psn|[from] Recoil\n|\n|-damage|p1a: Furret|0 fnt|[from] psn\n|faint|p1a: Furret\n|upkeep\n|\n|t:|1782832100\n|switch|p2a: Toedscruel|Toedscruel, L87, M|281/281\n|switch|p1a: Heatran|Heatran, L79, F|273/273\n|-item|p1a: Heatran|Air Balloon\n|turn|28\n|\n|t:|1782832113\n|move|p2a: Toedscruel|Rapid Spin|p1a: Heatran\n|-resisted|p1a: Heatran\n|-damage|p1a: Heatran|259/273\n|-boost|p2a: Toedscruel|spe|1\n|-enditem|p1a: Heatran|Air Balloon\n|move|p1a: Heatran|Lava Plume|p2a: Toedscruel\n|-supereffective|p2a: Toedscruel\n|-damage|p2a: Toedscruel|131/281\n|\n|-heal|p2a: Toedscruel|148/281|[from] item: Leftovers\n|upkeep\n|turn|29\n|\n|t:|1782832121\n|switch|p1a: Malamar|Malamar, L82, F|275/275\n|move|p2a: Toedscruel|Earth Power|p1a: Malamar\n|-damage|p1a: Malamar|173/275\n|\n|-heal|p2a: Toedscruel|165/281|[from] item: Leftovers\n|-heal|p1a: Malamar|190/275|[from] item: Leftovers\n|upkeep\n|turn|30\n|\n|t:|1782832139\n|move|p2a: Toedscruel|Earth Power|p1a: Malamar\n|-damage|p1a: Malamar|96/275\n|move|p1a: Malamar|Rest|p1a: Malamar\n|-status|p1a: Malamar|slp|[from] move: Rest\n|-heal|p1a: Malamar|275/275 slp|[silent]\n|\n|-heal|p2a: Toedscruel|182/281|[from] item: Leftovers\n|upkeep\n|turn|31\n|inactive|mantheman97 has 90 seconds left.\n|inactive|mantheman97 has 60 seconds left.\n|\n|t:|1782832206\n|move|p2a: Toedscruel|Earth Power|p1a: Malamar\n|-damage|p1a: Malamar|170/275 slp\n|cant|p1a: Malamar|slp\n|move|p1a: Malamar|Sleep Talk|p1a: Malamar\n|move|p1a: Malamar|Rest||[from] move: Sleep Talk|[still]\n|-fail|p1a: Malamar\n|\n|-heal|p2a: Toedscruel|199/281|[from] item: Leftovers\n|-heal|p1a: Malamar|187/275 slp|[from] item: Leftovers\n|upkeep\n|turn|32\n|\n|t:|1782832215\n|move|p2a: Toedscruel|Earth Power|p1a: Malamar\n|-damage|p1a: Malamar|93/275 slp\n|cant|p1a: Malamar|slp\n|move|p1a: Malamar|Sleep Talk|p1a: Malamar\n|move|p1a: Malamar|Superpower|p2a: Toedscruel|[from] move: Sleep Talk\n|-damage|p2a: Toedscruel|102/281\n|-boost|p1a: Malamar|atk|1\n|-boost|p1a: Malamar|def|1\n|\n|-heal|p2a: Toedscruel|119/281|[from] item: Leftovers\n|-heal|p1a: Malamar|110/275 slp|[from] item: Leftovers\n|upkeep\n|turn|33\n|inactive|mantheman97 has 60 seconds left.\n|\n|t:|1782832224\n|move|p2a: Toedscruel|Earth Power|p1a: Malamar\n|-damage|p1a: Malamar|4/275 slp\n|-curestatus|p1a: Malamar|slp|[msg]\n|move|p1a: Malamar|Rest|p1a: Malamar\n|-status|p1a: Malamar|slp|[from] move: Rest\n|-heal|p1a: Malamar|275/275 slp|[silent]\n|\n|-heal|p2a: Toedscruel|136/281|[from] item: Leftovers\n|upkeep\n|turn|34\n|inactive|mantheman97 has 60 seconds left.\n|\n|t:|1782832236\n|move|p2a: Toedscruel|Earth Power|p1a: Malamar\n|-damage|p1a: Malamar|173/275 slp\n|-boost|p1a: Malamar|spd|1\n|cant|p1a: Malamar|slp\n|move|p1a: Malamar|Sleep Talk|p1a: Malamar\n|move|p1a: Malamar|Superpower|p2a: Toedscruel|[from] move: Sleep Talk\n|-damage|p2a: Toedscruel|0 fnt\n|-boost|p1a: Malamar|atk|1\n|-boost|p1a: Malamar|def|1\n|faint|p2a: Toedscruel\n|\n|-heal|p1a: Malamar|190/275 slp|[from] item: Leftovers\n|upkeep\n|\n|t:|1782832243\n|switch|p2a: Breloom|Breloom, L83, F|235/235\n|turn|35\n|\n|t:|1782832247\n|cant|p1a: Malamar|slp\n|move|p1a: Malamar|Sleep Talk|p1a: Malamar\n|move|p1a: Malamar|Superpower|p2a: Breloom|[from] move: Sleep Talk\n|-damage|p2a: Breloom|71/235\n|-boost|p1a: Malamar|atk|1\n|-boost|p1a: Malamar|def|1\n|move|p2a: Breloom|Bullet Seed|p1a: Malamar\n|-damage|p1a: Malamar|163/275 slp\n|-damage|p1a: Malamar|134/275 slp\n|-damage|p1a: Malamar|105/275 slp\n|-damage|p1a: Malamar|78/275 slp\n|-hitcount|p1a: Malamar|4\n|-damage|p2a: Breloom|48/235|[from] item: Life Orb\n|\n|-heal|p1a: Malamar|95/275 slp|[from] item: Leftovers\n|upkeep\n|turn|36\n|\n|t:|1782832255\n|-curestatus|p1a: Malamar|slp|[msg]\n|move|p1a: Malamar|Superpower|p2a: Breloom\n|-damage|p2a: Breloom|0 fnt\n|-boost|p1a: Malamar|atk|1\n|-boost|p1a: Malamar|def|1\n|faint|p2a: Breloom\n|\n|-heal|p1a: Malamar|112/275|[from] item: Leftovers\n|upkeep\n|-message|Sieeeffmon forfeited.\n|\n|win|mantheman97\n", "inputlog": ">version f8ac14003a5f27e1bdc8d8c59608a773c1cb96e5\n>start {\"formatid\":\"gen9randombattle\",\"seed\":\"sodium,f6ca3528d33d64c814c9baddea2bc53a\",\"rated\":\"Rated battle\"}\n>player p1 {\"name\":\"mantheman97\",\"avatar\":\"giovanni\",\"rating\":2194,\"seed\":\"sodium,500b10d9306f76490abbdf257636aab9\"}\n>player p2 {\"name\":\"Sieeeffmon\",\"avatar\":\"fisherman\",\"rating\":2245,\"seed\":\"sodium,3a9d0dda9e1ad895eba609f2bb7102f1\"}\n>p1 switch 5\n>p2 move poltergeist\n>p1 move knockoff\n>p2 move gunkshot\n>p1 move knockoff\n>p2 move gunkshot\n>p2 switch 3\n>p1 switch 2\n>p2 move swordsdance\n>p1 move surf\n>p2 switch 2\n>p1 move surf\n>p2 move bodyslam\n>p1 move surf\n>p2 move protect\n>p1 move surf\n>p2 move wish\n>p1 move roost\n>p2 move protect\n>p1 move surf\n>p2 move wish\n>p1 move surf\n>p2 move protect\n>p1 move surf\n>p2 move bodyslam\n>p1 move roost\n>p2 move wish\n>p1 move bravebird\n>p2 move protect\n>p1 move surf\n>p2 move ironhead\n>p1 move roost\n>p2 move protect\n>p1 move bravebird\n>p2 move wish\n>p1 move roost\n>p2 move protect\n>p1 move bravebird\n>p2 move wish\n>p1 move surf\n>p2 switch 6\n>p1 move surf\n>p2 move gunkshot\n>p1 switch 4\n>p1 move wickedblow\n>p2 move gunkshot\n>p2 switch 2\n>p1 move wickedblow\n>p2 move swordsdance\n>p1 move suckerpunch\n>p2 move swordsdance\n>p1 move suckerpunch\n>p2 move encore\n>p1 switch 2\n>p2 move swordsdance\n>p1 move doubleedge terastallize\n>p2 move closecombat\n>p1 switch 3\n>p2 switch 4\n>p1 move lavaplume\n>p2 move rapidspin\n>p1 switch 6\n>p2 move earthpower\n>p1 move rest\n>p2 move earthpower\n>p1 move sleeptalk\n>p2 move earthpower\n>p1 move sleeptalk\n>p2 move earthpower\n>p1 move rest\n>p2 move earthpower\n>p1 move sleeptalk\n>p2 move earthpower\n>p2 switch 5\n>p1 move sleeptalk\n>p2 move bulletseed\n>p1 move superpower\n>p2 move bulletseed\n>forcelose p2", "uploadtime": 1782831672, "views": 3, "formatid": "gen9randombattle", "rating": null, "private": 0, "password": null, "player_dets": [{"name": "mantheman97", "avatar": "giovanni", "rating": 2194, "seed": "sodium,500b10d9306f76490abbdf257636aab9"}, {"name": "Sieeeffmon", "avatar": "fisherman", "rating": 2245, "seed": "sodium,3a9d0dda9e1ad895eba609f2bb7102f1"}], "teams_full": [{"Samurott": {"name": "Samurott", "species": "Samurott", "speciesId": "samurott", "gender": "F", "shiny": false, "level": 88, "moves": ["knockoff", "megahorn", "swordsdance", "liquidation"], "ability": "Torrent", "evs": {"hp": 85, "atk": 85, "def": 85, "spa": 85, "spd": 85, "spe": 85}, "ivs": {"hp": 31, "atk": 31, "def": 31, "spa": 31, "spd": 31, "spe": 31}, "item": "Life Orb", "teraType": "Dark", "role": "Setup Sweeper", "bvs": {"hp": 95, "atk": 100, "def": 85, "spa": 108, "spd": 70, "spe": 70}, "stats": {"hp": 310, "atk": 226, "def": 200, "spa": 240, "spd": 173, "spe": 173}, "types": ["Water"]}, "Cramorant": {"name": "Cramorant", "species": "Cramorant", "speciesId": "cramorant", "gender": "M", "shiny": false, "level": 86, "moves": ["roost", "defog", "surf", "bravebird"], "ability": "Gulp Missile", "evs": {"hp": 85, "atk": 85, "def": 85, "spa": 85, "spd": 85, "spe": 85}, "ivs": {"hp": 31, "atk": 31, "def": 31, "spa": 31, "spd": 31, "spe": 31}, "item": "Heavy-Duty Boots", "teraType": "Ground", "role": "Bulky Support", "bvs": {"hp": 70, "atk": 85, "def": 55, "spa": 85, "spd": 95, "spe": 85}, "stats": {"hp": 261, "atk": 195, "def": 144, "spa": 195, "spd": 213, "spe": 195}, "types": ["Flying", "Water"]}, "Heatran": {"name": "Heatran", "species": "Heatran", "speciesId": "heatran", "gender": "F", "shiny": false, "level": 79, "moves": ["heavyslam", "lavaplume", "earthpower", "stealthrock"], "ability": "Flash Fire", "evs": {"hp": 85, "atk": 85, "def": 85, "spa": 85, "spd": 85, "spe": 85}, "ivs": {"hp": 31, "atk": 31, "def": 31, "spa": 31, "spd": 31, "spe": 31}, "item": "Air Balloon", "teraType": "Flying", "role": "Bulky Support", "bvs": {"hp": 91, "atk": 90, "def": 106, "spa": 130, "spd": 106, "spe": 77}, "stats": {"hp": 273, "atk": 188, "def": 213, "spa": 251, "spd": 213, "spe": 167}, "types": ["Fire", "Steel"]}, "Urshifu": {"name": "Urshifu", "species": "Urshifu", "speciesId": "urshifu", "gender": "F", "shiny": false, "level": 74, "moves": ["suckerpunch", "swordsdance", "wickedblow", "closecombat"], "ability": "Unseen Fist", "evs": {"hp": 85, "atk": 85, "def": 85, "spa": 85, "spd": 85, "spe": 85}, "ivs": {"hp": 31, "atk": 31, "def": 31, "spa": 31, "spd": 31, "spe": 31}, "item": "Life Orb", "teraType": "Dark", "role": "Fast Attacker", "bvs": {"hp": 100, "atk": 130, "def": 100, "spa": 63, "spd": 60, "spe": 97}, "stats": {"hp": 270, "atk": 235, "def": 191, "spa": 136, "spd": 132, "spe": 187}, "types": ["Fighting", "Dark"]}, "Furret": {"name": "Furret", "species": "Furret", "speciesId": "furret", "gender": "F", "shiny": false, "level": 94, "moves": ["doubleedge", "knockoff", "trick", "uturn"], "ability": "Frisk", "evs": {"hp": 85, "atk": 85, "def": 85, "spa": 85, "spd": 85, "spe": 85}, "ivs": {"hp": 31, "atk": 31, "def": 31, "spa": 31, "spd": 31, "spe": 31}, "item": "Choice Band", "teraType": "Ghost", "role": "Wallbreaker", "bvs": {"hp": 85, "atk": 76, "def": 64, "spa": 45, "spd": 55, "spe": 90}, "stats": {"hp": 312, "atk": 196, "def": 174, "spa": 138, "spd": 157, "spe": 223}, "types": ["Normal"]}, "Malamar": {"name": "Malamar", "species": "Malamar", "speciesId": "malamar", "gender": "F", "shiny": false, "level": 82, "moves": ["rest", "knockoff", "sleeptalk", "superpower"], "ability": "Contrary", "evs": {"hp": 85, "atk": 85, "def": 85, "spa": 85, "spd": 85, "spe": 85}, "ivs": {"hp": 31, "atk": 31, "def": 31, "spa": 31, "spd": 31, "spe": 31}, "item": "Leftovers", "teraType": "Poison", "role": "Bulky Setup", "bvs": {"hp": 86, "atk": 92, "def": 88, "spa": 68, "spd": 75, "spe": 73}, "stats": {"hp": 275, "atk": 198, "def": 191, "spa": 159, "spd": 170, "spe": 167}, "types": ["Dark", "Psychic"]}}, {"Banette": {"name": "Banette", "species": "Banette", "speciesId": "banette", "gender": "F", "shiny": false, "level": 93, "moves": ["swordsdance", "gunkshot", "poltergeist", "shadowsneak"], "ability": "Insomnia", "evs": {"hp": 85, "atk": 85, "def": 85, "spa": 85, "spd": 85, "spe": 85}, "ivs": {"hp": 31, "atk": 31, "def": 31, "spa": 31, "spd": 31, "spe": 31}, "item": "Life Orb", "teraType": "Poison", "role": "Wallbreaker", "bvs": {"hp": 64, "atk": 115, "def": 65, "spa": 83, "spd": 63, "spe": 65}, "stats": {"hp": 270, "atk": 267, "def": 174, "spa": 207, "spd": 170, "spe": 174}, "types": ["Ghost"]}, "Jirachi": {"name": "Jirachi", "species": "Jirachi", "speciesId": "jirachi", "gender": "N", "shiny": false, "level": 80, "moves": ["ironhead", "bodyslam", "protect", "wish"], "ability": "Serene Grace", "evs": {"hp": 85, "atk": 85, "def": 85, "spa": 85, "spd": 85, "spe": 85}, "ivs": {"hp": 31, "atk": 31, "def": 31, "spa": 31, "spd": 31, "spe": 31}, "item": "Leftovers", "teraType": "Water", "role": "Fast Support", "bvs": {"hp": 100, "atk": 100, "def": 100, "spa": 100, "spd": 100, "spe": 100}, "stats": {"hp": 291, "atk": 206, "def": 206, "spa": 206, "spd": 206, "spe": 206}, "types": ["Steel", "Psychic"]}, "Hawlucha": {"name": "Hawlucha", "species": "Hawlucha", "speciesId": "hawlucha", "gender": "F", "shiny": false, "level": 80, "moves": ["acrobatics", "closecombat", "swordsdance", "encore"], "ability": "Unburden", "evs": {"hp": 85, "atk": 85, "def": 85, "spa": 85, "spd": 85, "spe": 85}, "ivs": {"hp": 31, "atk": 31, "def": 31, "spa": 31, "spd": 31, "spe": 31}, "item": "White Herb", "teraType": "Fighting", "role": "Setup Sweeper", "bvs": {"hp": 78, "atk": 92, "def": 75, "spa": 74, "spd": 63, "spe": 118}, "stats": {"hp": 256, "atk": 193, "def": 166, "spa": 165, "spd": 147, "spe": 235}, "types": ["Fighting", "Flying"]}, "Toedscruel": {"name": "Toedscruel", "species": "Toedscruel", "speciesId": "toedscruel", "gender": "M", "shiny": false, "level": 87, "moves": ["spore", "earthpower", "gigadrain", "rapidspin"], "ability": "Mycelium Might", "evs": {"hp": 85, "atk": 85, "def": 85, "spa": 85, "spd": 85, "spe": 85}, "ivs": {"hp": 31, "atk": 31, "def": 31, "spa": 31, "spd": 31, "spe": 31}, "item": "Leftovers", "teraType": "Water", "role": "Bulky Support", "bvs": {"hp": 80, "atk": 70, "def": 65, "spa": 80, "spd": 120, "spe": 100}, "stats": {"hp": 281, "atk": 172, "def": 163, "spa": 189, "spd": 259, "spe": 224}, "types": ["Ground", "Grass"]}, "Breloom": {"name": "Breloom", "species": "Breloom", "speciesId": "breloom", "gender": "F", "shiny": false, "level": 83, "moves": ["machpunch", "bulletseed", "spore", "rocktomb"], "ability": "Technician", "evs": {"hp": 85, "atk": 85, "def": 85, "spa": 85, "spd": 85, "spe": 85}, "ivs": {"hp": 31, "atk": 31, "def": 31, "spa": 31, "spd": 31, "spe": 31}, "item": "Life Orb", "teraType": "Fighting", "role": "Fast Attacker", "bvs": {"hp": 60, "atk": 130, "def": 80, "spa": 60, "spd": 60, "spe": 70}, "stats": {"hp": 235, "atk": 263, "def": 180, "spa": 147, "spd": 147, "spe": 164}, "types": ["Grass", "Fighting"]}, "Seviper": {"name": "Seviper", "species": "Seviper", "speciesId": "seviper", "gender": "F", "shiny": false, "level": 93, "moves": ["knockoff", "gunkshot", "flamethrower", "gigadrain"], "ability": "Infiltrator", "evs": {"hp": 85, "atk": 85, "def": 85, "spa": 85, "spd": 85, "spe": 85}, "ivs": {"hp": 31, "atk": 31, "def": 31, "spa": 31, "spd": 31, "spe": 31}, "item": "Life Orb", "teraType": "Dark", "role": "Fast Attacker", "bvs": {"hp": 73, "atk": 100, "def": 60, "spa": 100, "spd": 60, "spe": 65}, "stats": {"hp": 287, "atk": 239, "def": 164, "spa": 239, "spd": 164, "spe": 174}, "types": ["Poison"]}}]}