{"id": "gen9randombattle-2641603605", "format": "[Gen 9] Random Battle", "players": ["AGILE419", "lazatron"], "log": "|badge|p2|bronze|gen9randombattle|100-9\n|html|<div class=\"broadcast-red\"><strong>This battle is required to be public due to one or more player having a season medal.</strong><br />During the public phase, you can discuss the state of the ladder <a href=\"/seasondiscussion\">in a special chatroom.</a></div>\n|uhtml|medal-msg|<div class=\"broadcast-blue\">Curious what those medals under the avatar are? PS now has Ladder Seasons! For more information, check out the <a href=\"https://www.smogon.com/forums/threads/3740067/\">thread on Smogon.</a></div>\n|j|\u2606AGILE419\n|j|\u2606lazatron\n|t:|1782817011\n|gametype|singles\n|player|p1|AGILE419|170|2235\n|player|p2|lazatron|170|2264\n|gen|9\n|tier|[Gen 9] Random Battle\n|rated|\n|rule|Species Clause: Limit one of each Pok\u00e9mon\n|rule|HP Percentage Mod: HP is shown in percentages\n|rule|Sleep Clause Mod: Limit one foe put to sleep\n|rule|Illusion Level Mod: Illusion disguises the Pok\u00e9mon's true level\n|\n|t:|1782817011\n|teamsize|p1|6\n|teamsize|p2|6\n|start\n|switch|p1a: Pawmot|Pawmot, L80, M|243/243\n|switch|p2a: Pachirisu|Pachirisu, L96, M|271/271\n|turn|1\n|\n|t:|1782817025\n|move|p2a: Pachirisu|Super Fang|p1a: Pawmot\n|-damage|p1a: Pawmot|122/243\n|move|p1a: Pawmot|Nuzzle|p2a: Pachirisu\n|-immune|p2a: Pachirisu|[from] ability: Volt Absorb\n|\n|upkeep\n|turn|2\n|\n|t:|1782817037\n|move|p2a: Pachirisu|U-turn|p1a: Pawmot\n|-resisted|p1a: Pawmot\n|-damage|p1a: Pawmot|99/243\n|\n|t:|1782817039\n|switch|p2a: Scyther|Scyther, L82, M|249/249|[from] U-turn\n|move|p1a: Pawmot|Close Combat|p2a: Scyther\n|-resisted|p2a: Scyther\n|-damage|p2a: Scyther|212/249\n|-unboost|p1a: Pawmot|def|1\n|-unboost|p1a: Pawmot|spd|1\n|\n|upkeep\n|turn|3\n|\n|t:|1782817043\n|switch|p1a: Pincurchin|Pincurchin, M|258/258\n|-fieldstart|move: Electric Terrain|[from] ability: Electric Surge|[of] p1a: Pincurchin\n|move|p2a: Scyther|Close Combat|p1a: Pincurchin\n|-damage|p1a: Pincurchin|181/258\n|-unboost|p2a: Scyther|def|1\n|-unboost|p2a: Scyther|spd|1\n|\n|-heal|p1a: Pincurchin|197/258|[from] item: Leftovers\n|upkeep\n|turn|4\n|\n|t:|1782817048\n|switch|p2a: Golem|Golem, L87, F|281/281\n|move|p1a: Pincurchin|Liquidation|p2a: Golem\n|-supereffective|p2a: Golem\n|-damage|p2a: Golem|21/281\n|\n|-heal|p1a: Pincurchin|213/258|[from] item: Leftovers\n|upkeep\n|turn|5\n|-enditem|p2a: Golem|Custap Berry|[eat]\n|-activate|p2a: Golem|item: Custap Berry|[consumed]\n|\n|t:|1782817055\n|switch|p1a: Hydrapple|Hydrapple, L83, F|312/312\n|move|p2a: Golem|Earthquake|p1a: Hydrapple\n|-resisted|p1a: Hydrapple\n|-damage|p1a: Hydrapple|250/312\n|\n|upkeep\n|turn|6\n|\n|t:|1782817063\n|move|p2a: Golem|Stealth Rock|p1a: Hydrapple\n|-sidestart|p1: AGILE419|move: Stealth Rock\n|move|p1a: Hydrapple|Fickle Beam|p2a: Golem|[anim] Fickle Beam All Out\n|-activate|p1a: Hydrapple|move: Fickle Beam\n|-damage|p2a: Golem|0 fnt\n|faint|p2a: Golem\n|\n|upkeep\n|\n|t:|1782817069\n|switch|p2a: Scyther|Scyther, L82, M|212/249\n|turn|7\n|\n|t:|1782817073\n|move|p2a: Scyther|Bug Bite|p1a: Hydrapple\n|-supereffective|p1a: Hydrapple\n|-damage|p1a: Hydrapple|80/312\n|move|p1a: Hydrapple|Fickle Beam|p2a: Scyther\n|-damage|p2a: Scyther|61/249\n|\n|-fieldend|move: Electric Terrain\n|upkeep\n|turn|8\n|\n|t:|1782817078\n|switch|p2a: Zangoose|Zangoose, L85, F|263/263\n|switch|p1a: Piloswine|Piloswine, L85, F|309/309\n|-damage|p1a: Piloswine|271/309|[from] Stealth Rock\n|\n|-status|p2a: Zangoose|tox|[from] item: Toxic Orb\n|upkeep\n|turn|9\n|\n|t:|1782817082\n|-terastallize|p2a: Zangoose|Normal\n|move|p2a: Zangoose|Facade|p1a: Piloswine\n|-damage|p1a: Piloswine|29/309\n|move|p1a: Piloswine|Stealth Rock|p2a: Zangoose\n|-sidestart|p2: lazatron|move: Stealth Rock\n|\n|-damage|p2a: Zangoose|247/263 tox|[from] psn\n|upkeep\n|turn|10\n|\n|t:|1782817086\n|move|p2a: Zangoose|Knock Off|p1a: Piloswine\n|-damage|p1a: Piloswine|0 fnt\n|-enditem|p1a: Piloswine|Eviolite|[from] move: Knock Off|[of] p2a: Zangoose\n|faint|p1a: Piloswine\n|\n|-damage|p2a: Zangoose|215/263 tox|[from] psn\n|upkeep\n|\n|t:|1782817091\n|switch|p1a: Zamazenta|Zamazenta-Crowned, L68|238/238\n|-damage|p1a: Zamazenta|231/238|[from] Stealth Rock\n|-ability|p1a: Zamazenta|Dauntless Shield|boost\n|-boost|p1a: Zamazenta|def|1\n|turn|11\n|\n|t:|1782817095\n|switch|p2a: Primarina|Primarina, L83, M|268/268\n|-damage|p2a: Primarina|235/268|[from] Stealth Rock\n|move|p1a: Zamazenta|Iron Defense|p1a: Zamazenta\n|-boost|p1a: Zamazenta|def|2\n|\n|-heal|p2a: Primarina|251/268|[from] item: Leftovers\n|upkeep\n|turn|12\n|\n|t:|1782817106\n|switch|p1a: Hydrapple|Hydrapple, L83, F|184/312\n|-damage|p1a: Hydrapple|145/312|[from] Stealth Rock\n|move|p2a: Primarina|Psychic Noise|p1a: Hydrapple\n|-resisted|p1a: Hydrapple\n|-damage|p1a: Hydrapple|117/312\n|-start|p1a: Hydrapple|move: Heal Block\n|\n|-heal|p2a: Primarina|267/268|[from] item: Leftovers\n|upkeep\n|turn|13\n|\n|t:|1782817116\n|switch|p2a: Scyther|Scyther, L82, M|61/249\n|move|p1a: Hydrapple|Leaf Storm|p2a: Scyther\n|-resisted|p2a: Scyther\n|-damage|p2a: Scyther|0 fnt\n|-unboost|p1a: Hydrapple|spa|2\n|faint|p2a: Scyther\n|\n|-end|p1a: Hydrapple|move: Heal Block\n|upkeep\n|\n|t:|1782817122\n|switch|p2a: Meloetta|Meloetta, L82|298/298\n|-damage|p2a: Meloetta|261/298|[from] Stealth Rock\n|turn|14\n|\n|t:|1782817125\n|move|p2a: Meloetta|Relic Song|p1a: Hydrapple\n|-damage|p1a: Hydrapple|0 fnt\n|faint|p1a: Hydrapple\n|-formechange|p2a: Meloetta|Meloetta-Pirouette|[msg]\n|-damage|p2a: Meloetta|232/298|[from] item: Life Orb\n|\n|upkeep\n|\n|t:|1782817129\n|switch|p1a: Spidops|Spidops, L96, M|271/271\n|turn|15\n|\n|t:|1782817138\n|move|p2a: Meloetta|Knock Off|p1a: Spidops\n|-damage|p1a: Spidops|181/271\n|-enditem|p1a: Spidops|Heavy-Duty Boots|[from] move: Knock Off|[of] p2a: Meloetta\n|-damage|p2a: Meloetta|203/298|[from] item: Life Orb\n|move|p1a: Spidops|Sticky Web|p2a: Meloetta\n|-sidestart|p2: lazatron|move: Sticky Web\n|\n|upkeep\n|turn|16\n|\n|t:|1782817141\n|move|p2a: Meloetta|Triple Axel|p1a: Spidops\n|-damage|p1a: Spidops|162/271\n|-damage|p1a: Spidops|123/271\n|-damage|p1a: Spidops|68/271\n|-hitcount|p1a: Spidops|3\n|-damage|p2a: Meloetta|174/298|[from] item: Life Orb\n|move|p1a: Spidops|Circle Throw|p2a: Meloetta\n|-supereffective|p2a: Meloetta\n|-damage|p2a: Meloetta|70/298\n|drag|p2a: Primarina|Primarina, L83, M|267/268\n|-damage|p2a: Primarina|234/268|[from] Stealth Rock\n|-activate|p2a: Primarina|move: Sticky Web\n|-unboost|p2a: Primarina|spe|1\n|\n|-heal|p2a: Primarina|250/268|[from] item: Leftovers\n|upkeep\n|turn|17\n|\n|t:|1782817146\n|move|p1a: Spidops|Knock Off|p2a: Primarina\n|-resisted|p2a: Primarina\n|-crit|p2a: Primarina\n|-damage|p2a: Primarina|189/268\n|-enditem|p2a: Primarina|Leftovers|[from] move: Knock Off|[of] p1a: Spidops\n|move|p2a: Primarina|Draining Kiss|p1a: Spidops\n|-damage|p1a: Spidops|8/271\n|-heal|p2a: Primarina|234/268|[from] drain|[of] p1a: Spidops\n|\n|upkeep\n|turn|18\n|\n|t:|1782817149\n|move|p1a: Spidops|Spikes|p2a: Primarina\n|-sidestart|p2: lazatron|Spikes\n|move|p2a: Primarina|Draining Kiss|p1a: Spidops\n|-damage|p1a: Spidops|0 fnt\n|-heal|p2a: Primarina|240/268|[from] drain|[of] p1a: Spidops\n|faint|p1a: Spidops\n|\n|upkeep\n|\n|t:|1782817150\n|switch|p1a: Pawmot|Pawmot, L80, M|99/243\n|-damage|p1a: Pawmot|84/243|[from] Stealth Rock\n|turn|19\n|\n|t:|1782817155\n|switch|p2a: Meloetta|Meloetta, L82|70/298\n|-damage|p2a: Meloetta|33/298|[from] Stealth Rock\n|-activate|p2a: Meloetta|move: Sticky Web\n|-unboost|p2a: Meloetta|spe|1\n|-damage|p2a: Meloetta|0 fnt|[from] Spikes\n|faint|p2a: Meloetta\n|move|p1a: Pawmot|Revival Blessing|p1a: Pawmot\n|-enditem|p1a: Pawmot|Leppa Berry|[eat]\n|-activate|p1a: Pawmot|item: Leppa Berry|Revival Blessing|[consumed]\n|\n|t:|1782817159\n|-heal|p1: Piloswine|154/309|[from] move: Revival Blessing\n|\n|upkeep\n|\n|t:|1782817163\n|switch|p2a: Zangoose|Zangoose, L85, F, tera:Normal|215/263 tox\n|-damage|p2a: Zangoose|183/263 tox|[from] Stealth Rock\n|-activate|p2a: Zangoose|move: Sticky Web\n|-unboost|p2a: Zangoose|spe|1\n|-damage|p2a: Zangoose|151/263 tox|[from] Spikes\n|turn|20\n|\n|t:|1782817168\n|switch|p1a: Zamazenta|Zamazenta-Crowned, L68|231/238\n|-damage|p1a: Zamazenta|224/238|[from] Stealth Rock\n|move|p2a: Zangoose|Close Combat|p1a: Zamazenta\n|-supereffective|p1a: Zamazenta\n|-damage|p1a: Zamazenta|0 fnt\n|-unboost|p2a: Zangoose|def|1\n|-unboost|p2a: Zangoose|spd|1\n|faint|p1a: Zamazenta\n|\n|-damage|p2a: Zangoose|135/263 tox|[from] psn\n|upkeep\n|\n|t:|1782817173\n|switch|p1a: Pawmot|Pawmot, L80, M|84/243\n|-damage|p1a: Pawmot|69/243|[from] Stealth Rock\n|turn|21\n|\n|t:|1782817175\n|move|p2a: Zangoose|Quick Attack|p1a: Pawmot\n|-damage|p1a: Pawmot|0 fnt\n|faint|p1a: Pawmot\n|\n|-damage|p2a: Zangoose|103/263 tox|[from] psn\n|upkeep\n|\n|t:|1782817177\n|switch|p1a: Piloswine|Piloswine, L85, F|154/309\n|-damage|p1a: Piloswine|116/309|[from] Stealth Rock\n|turn|22\n|\n|t:|1782817190\n|switch|p2a: Primarina|Primarina, L83, M|240/268\n|-damage|p2a: Primarina|207/268|[from] Stealth Rock\n|-activate|p2a: Primarina|move: Sticky Web\n|-unboost|p2a: Primarina|spe|1\n|-damage|p2a: Primarina|174/268|[from] Spikes\n|move|p1a: Piloswine|Icicle Crash|p2a: Primarina\n|-resisted|p2a: Primarina\n|-damage|p2a: Primarina|121/268\n|\n|upkeep\n|turn|23\n|\n|t:|1782817197\n|move|p1a: Piloswine|Earthquake|p2a: Primarina\n|-damage|p2a: Primarina|0 fnt\n|faint|p2a: Primarina\n|\n|upkeep\n|\n|t:|1782817201\n|switch|p2a: Zangoose|Zangoose, L85, F, tera:Normal|103/263 tox\n|-damage|p2a: Zangoose|71/263 tox|[from] Stealth Rock\n|-activate|p2a: Zangoose|move: Sticky Web\n|-unboost|p2a: Zangoose|spe|1\n|-damage|p2a: Zangoose|39/263 tox|[from] Spikes\n|turn|24\n|\n|t:|1782817204\n|move|p1a: Piloswine|Earthquake|p2a: Zangoose\n|-damage|p2a: Zangoose|0 fnt\n|faint|p2a: Zangoose\n|\n|upkeep\n|-message|lazatron forfeited.\n|\n|win|AGILE419\n", "inputlog": ">version f8ac14003a5f27e1bdc8d8c59608a773c1cb96e5\n>start {\"formatid\":\"gen9randombattle\",\"seed\":\"sodium,c507958d0ebfa20c4100506f9fe130b9\",\"rated\":\"Rated battle\"}\n>player p1 {\"name\":\"AGILE419\",\"avatar\":\"170\",\"rating\":2235,\"seed\":\"sodium,28fec4b0fee1291cfcd7536f0288a7bb\"}\n>player p2 {\"name\":\"lazatron\",\"avatar\":\"170\",\"rating\":2264,\"seed\":\"sodium,ba8585d6dedc4222f91e6eec138a994b\"}\n>p1 move nuzzle\n>p2 move superfang\n>p1 move closecombat\n>p2 move uturn\n>p2 switch 4\n>p1 switch 3\n>p2 move closecombat\n>p1 move liquidation\n>p2 switch 3\n>p1 switch 5\n>p2 move earthquake\n>p1 move ficklebeam\n>p2 move stealthrock\n>p2 switch 3\n>p1 move ficklebeam\n>p2 move bugbite\n>p1 switch 2\n>p2 switch 5\n>p1 move stealthrock\n>p2 move facade terastallize\n>p1 move earthquake\n>p2 move knockoff\n>p1 switch 4\n>p1 move irondefense\n>p2 switch 2\n>p1 switch 2\n>p2 move psychicnoise\n>p1 move leafstorm\n>p2 switch 5\n>p2 switch 6\n>p1 move leafstorm\n>p2 move relicsong\n>p1 switch 6\n>p1 move stickyweb\n>p2 move knockoff\n>p1 move circlethrow\n>p2 move tripleaxel\n>p1 move knockoff\n>p2 move drainingkiss\n>p1 move spikes\n>p2 move drainingkiss\n>p1 switch 3\n>p1 move revivalblessing\n>p2 switch 5\n>p1 switch 4\n>p2 switch 2\n>p1 switch 2\n>p2 move closecombat\n>p1 switch 2\n>p1 move revivalblessing\n>p2 move quickattack\n>p1 switch 4\n>p1 move iciclecrash\n>p2 switch 5\n>p1 move earthquake\n>p2 move psychicnoise\n>p2 switch 5\n>p1 move earthquake\n>p2 move facade\n>forcelose p2", "uploadtime": 1782817014, "views": 3, "formatid": "gen9randombattle", "rating": null, "private": 0, "password": null, "player_dets": [{"name": "AGILE419", "avatar": "170", "rating": 2235, "seed": "sodium,28fec4b0fee1291cfcd7536f0288a7bb"}, {"name": "lazatron", "avatar": "170", "rating": 2264, "seed": "sodium,ba8585d6dedc4222f91e6eec138a994b"}], "teams_full": [{"Pawmot": {"name": "Pawmot", "species": "Pawmot", "speciesId": "pawmot", "gender": "M", "shiny": false, "level": 80, "moves": ["closecombat", "revivalblessing", "doubleshock", "nuzzle"], "ability": "Volt Absorb", "evs": {"hp": 85, "atk": 85, "def": 85, "spa": 85, "spd": 85, "spe": 85}, "ivs": {"hp": 31, "atk": 31, "def": 31, "spa": 31, "spd": 31, "spe": 31}, "item": "Leppa Berry", "teraType": "Electric", "role": "Fast Attacker", "bvs": {"hp": 70, "atk": 115, "def": 70, "spa": 70, "spd": 60, "spe": 105}, "stats": {"hp": 243, "atk": 230, "def": 158, "spa": 158, "spd": 142, "spe": 214}, "types": ["Electric", "Fighting"]}, "Piloswine": {"name": "Piloswine", "species": "Piloswine", "speciesId": "piloswine", "gender": "F", "shiny": false, "level": 85, "moves": ["roar", "iciclecrash", "stealthrock", "earthquake"], "ability": "Thick Fat", "evs": {"hp": 85, "atk": 85, "def": 85, "spa": 85, "spd": 85, "spe": 85}, "ivs": {"hp": 31, "atk": 31, "def": 31, "spa": 31, "spd": 31, "spe": 31}, "item": "Eviolite", "teraType": "Dragon", "role": "Bulky Support", "bvs": {"hp": 100, "atk": 100, "def": 80, "spa": 60, "spd": 60, "spe": 50}, "stats": {"hp": 309, "atk": 219, "def": 185, "spa": 151, "spd": 151, "spe": 134}, "types": ["Ice", "Ground"]}, "Pincurchin": {"name": "Pincurchin", "species": "Pincurchin", "speciesId": "pincurchin", "gender": "M", "shiny": false, "level": 100, "moves": ["recover", "liquidation", "curse", "zingzap"], "ability": "Electric Surge", "evs": {"hp": 85, "atk": 85, "def": 85, "spa": 85, "spd": 85, "spe": 85}, "ivs": {"hp": 31, "atk": 31, "def": 31, "spa": 31, "spd": 31, "spe": 31}, "item": "Leftovers", "teraType": "Water", "role": "Bulky Setup", "bvs": {"hp": 48, "atk": 101, "def": 95, "spa": 91, "spd": 85, "spe": 15}, "stats": {"hp": 258, "atk": 259, "def": 247, "spa": 239, "spd": 227, "spe": 87}, "types": ["Electric"]}, "Zamazenta": {"name": "Zamazenta", "species": "Zamazenta", "speciesId": "zamazentacrowned", "gender": "N", "shiny": false, "level": 68, "moves": ["irondefense", "stoneedge", "bodypress", "heavyslam"], "ability": "Dauntless Shield", "evs": {"hp": 85, "atk": 85, "def": 85, "spa": 85, "spd": 85, "spe": 85}, "ivs": {"hp": 31, "atk": 31, "def": 31, "spa": 31, "spd": 31, "spe": 31}, "item": "Rusted Shield", "teraType": "Fighting", "role": "Bulky Setup", "bvs": {"hp": 92, "atk": 120, "def": 140, "spa": 80, "spd": 140, "spe": 128}, "stats": {"hp": 238, "atk": 203, "def": 230, "spa": 149, "spd": 230, "spe": 214}, "types": ["Fighting", "Steel"]}, "Hydrapple": {"name": "Hydrapple", "species": "Hydrapple", "speciesId": "hydrapple", "gender": "F", "shiny": false, "level": 83, "moves": ["dracometeor", "ficklebeam", "earthpower", "leafstorm"], "ability": "Regenerator", "evs": {"hp": 85, "atk": 0, "def": 85, "spa": 85, "spd": 85, "spe": 85}, "ivs": {"hp": 31, "atk": 0, "def": 31, "spa": 31, "spd": 31, "spe": 31}, "item": "Choice Specs", "teraType": "Dragon", "role": "Wallbreaker", "bvs": {"hp": 106, "atk": 80, "def": 110, "spa": 120, "spd": 80, "spe": 44}, "stats": {"hp": 312, "atk": 137, "def": 230, "spa": 247, "spd": 180, "spe": 121}, "types": ["Grass", "Dragon"]}, "Spidops": {"name": "Spidops", "species": "Spidops", "speciesId": "spidops", "gender": "M", "shiny": false, "level": 96, "moves": ["knockoff", "spikes", "stickyweb", "circlethrow"], "ability": "Stakeout", "evs": {"hp": 85, "atk": 85, "def": 85, "spa": 85, "spd": 85, "spe": 85}, "ivs": {"hp": 31, "atk": 31, "def": 31, "spa": 31, "spd": 31, "spe": 31}, "item": "Heavy-Duty Boots", "teraType": "Ghost", "role": "Bulky Support", "bvs": {"hp": 60, "atk": 79, "def": 92, "spa": 52, "spd": 86, "spe": 35}, "stats": {"hp": 271, "atk": 206, "def": 231, "spa": 154, "spd": 220, "spe": 122}, "types": ["Bug"]}}, {"Pachirisu": {"name": "Pachirisu", "species": "Pachirisu", "speciesId": "pachirisu", "gender": "M", "shiny": false, "level": 96, "moves": ["encore", "discharge", "superfang", "uturn"], "ability": "Volt Absorb", "evs": {"hp": 85, "atk": 85, "def": 85, "spa": 85, "spd": 85, "spe": 85}, "ivs": {"hp": 31, "atk": 31, "def": 31, "spa": 31, "spd": 31, "spe": 31}, "item": "Heavy-Duty Boots", "teraType": "Flying", "role": "Fast Support", "bvs": {"hp": 60, "atk": 45, "def": 70, "spa": 45, "spd": 90, "spe": 95}, "stats": {"hp": 271, "atk": 141, "def": 189, "spa": 141, "spd": 227, "spe": 237}, "types": ["Electric"]}, "Primarina": {"name": "Primarina", "species": "Primarina", "speciesId": "primarina", "gender": "M", "shiny": false, "level": 83, "moves": ["psychicnoise", "moonblast", "drainingkiss", "calmmind"], "ability": "Liquid Voice", "evs": {"hp": 85, "atk": 0, "def": 85, "spa": 85, "spd": 85, "spe": 85}, "ivs": {"hp": 31, "atk": 0, "def": 31, "spa": 31, "spd": 31, "spe": 31}, "item": "Leftovers", "teraType": "Poison", "role": "Bulky Setup", "bvs": {"hp": 80, "atk": 74, "def": 74, "spa": 126, "spd": 116, "spe": 60}, "stats": {"hp": 268, "atk": 127, "def": 171, "spa": 257, "spd": 240, "spe": 147}, "types": ["Water", "Fairy"]}, "Golem": {"name": "Golem", "species": "Golem", "speciesId": "golem", "gender": "F", "shiny": false, "level": 87, "moves": ["stoneedge", "earthquake", "stealthrock", "explosion"], "ability": "Sturdy", "evs": {"hp": 85, "atk": 85, "def": 85, "spa": 85, "spd": 85, "spe": 85}, "ivs": {"hp": 31, "atk": 31, "def": 31, "spa": 31, "spd": 31, "spe": 31}, "item": "Custap Berry", "teraType": "Steel", "role": "Bulky Attacker", "bvs": {"hp": 80, "atk": 120, "def": 130, "spa": 55, "spd": 65, "spe": 45}, "stats": {"hp": 281, "atk": 259, "def": 276, "spa": 145, "spd": 163, "spe": 128}, "types": ["Rock", "Ground"]}, "Scyther": {"name": "Scyther", "species": "Scyther", "speciesId": "scyther", "gender": "M", "shiny": false, "level": 82, "moves": ["bugbite", "swordsdance", "dualwingbeat", "closecombat"], "ability": "Technician", "evs": {"hp": 85, "atk": 85, "def": 85, "spa": 85, "spd": 85, "spe": 85}, "ivs": {"hp": 31, "atk": 31, "def": 31, "spa": 31, "spd": 31, "spe": 31}, "item": "Heavy-Duty Boots", "teraType": "Fighting", "role": "Setup Sweeper", "bvs": {"hp": 70, "atk": 110, "def": 80, "spa": 55, "spd": 80, "spe": 105}, "stats": {"hp": 249, "atk": 228, "def": 178, "spa": 137, "spd": 178, "spe": 219}, "types": ["Bug", "Flying"]}, "Zangoose": {"name": "Zangoose", "species": "Zangoose", "speciesId": "zangoose", "gender": "F", "shiny": false, "level": 85, "moves": ["quickattack", "closecombat", "knockoff", "facade"], "ability": "Toxic Boost", "evs": {"hp": 85, "atk": 85, "def": 85, "spa": 85, "spd": 85, "spe": 85}, "ivs": {"hp": 31, "atk": 31, "def": 31, "spa": 31, "spd": 31, "spe": 31}, "item": "Toxic Orb", "teraType": "Normal", "role": "Fast Attacker", "bvs": {"hp": 73, "atk": 115, "def": 60, "spa": 60, "spd": 60, "spe": 90}, "stats": {"hp": 263, "atk": 244, "def": 151, "spa": 151, "spd": 151, "spe": 202}, "types": ["Normal"]}, "Meloetta": {"name": "Meloetta", "species": "Meloetta", "speciesId": "meloetta", "gender": "N", "shiny": false, "level": 82, "moves": ["tripleaxel", "relicsong", "closecombat", "knockoff"], "ability": "Serene Grace", "evs": {"hp": 85, "atk": 85, "def": 85, "spa": 85, "spd": 85, "spe": 85}, "ivs": {"hp": 31, "atk": 31, "def": 31, "spa": 31, "spd": 31, "spe": 31}, "item": "Life Orb", "teraType": "Dark", "role": "Wallbreaker", "bvs": {"hp": 100, "atk": 77, "def": 77, "spa": 128, "spd": 128, "spe": 90}, "stats": {"hp": 298, "atk": 173, "def": 173, "spa": 257, "spd": 257, "spe": 195}, "types": ["Normal", "Psychic"]}}]}