{"id": "gen9randombattle-2641494998", "format": "[Gen 9] Random Battle", "players": ["testbotcif", "baiye20224"], "log": "|j|\u2606testbotcif\n|j|\u2606baiye20224\n|t:|1782794305\n|gametype|singles\n|player|p1|testbotcif|266|1260\n|player|p2|baiye20224|red|1266\n|gen|9\n|tier|[Gen 9] Random Battle\n|rated|\n|rule|Species Clause: Limit one of each Pok\u00e9mon\n|rule|HP Percentage Mod: HP is shown in percentages\n|rule|Sleep Clause Mod: Limit one foe put to sleep\n|rule|Illusion Level Mod: Illusion disguises the Pok\u00e9mon's true level\n|\n|t:|1782794305\n|teamsize|p1|6\n|teamsize|p2|6\n|start\n|switch|p1a: Haxorus|Haxorus, L77, F|244/244\n|switch|p2a: Porygon2|Porygon2, L81|270/270\n|-ability|p1a: Haxorus|Mold Breaker\n|-ability|p2a: Porygon2|Download|boost\n|-boost|p2a: Porygon2|spa|1\n|turn|1\n|inactive|Battle timer is ON: inactive players will automatically lose when time's up. (requested by testbotcif)\n|c|\u2606testbotcif|rlhf\n|inactive|baiye20224 has 120 seconds left.\n|\n|t:|1782794338\n|move|p1a: Haxorus|Swords Dance|p1a: Haxorus\n|-boost|p1a: Haxorus|atk|2\n|move|p2a: Porygon2|Thunder Wave|p1a: Haxorus\n|-status|p1a: Haxorus|par\n|\n|upkeep\n|turn|2\n|\n|t:|1782794346\n|-terastallize|p2a: Porygon2|Fairy\n|move|p2a: Porygon2|Tera Blast|p1a: Haxorus|[anim] Tera Blast Fairy\n|-supereffective|p1a: Haxorus\n|-crit|p1a: Haxorus\n|-damage|p1a: Haxorus|0 fnt\n|faint|p1a: Haxorus\n|\n|upkeep\n|\n|t:|1782794347\n|switch|p1a: Hydreigon|Hydreigon, L79, F|275/275\n|turn|3\n|\n|t:|1782794355\n|move|p1a: Hydreigon|Dark Pulse|p2a: Porygon2\n|-resisted|p2a: Porygon2\n|-damage|p2a: Porygon2|239/270\n|move|p2a: Porygon2|Tera Blast|p1a: Hydreigon|[anim] Tera Blast Fairy\n|-supereffective|p1a: Hydreigon\n|-damage|p1a: Hydreigon|0 fnt\n|faint|p1a: Hydreigon\n|\n|upkeep\n|\n|t:|1782794355\n|switch|p1a: Bisharp|Bisharp, L79, M|232/232\n|turn|4\n|\n|t:|1782794385\n|switch|p2a: Zamazenta|Zamazenta-Crowned, L68|238/238\n|-ability|p2a: Zamazenta|Dauntless Shield|boost\n|-boost|p2a: Zamazenta|def|1\n|move|p1a: Bisharp|Stealth Rock|p2a: Zamazenta\n|-sidestart|p2: baiye20224|move: Stealth Rock\n|\n|upkeep\n|turn|5\n|\n|t:|1782794393\n|switch|p1a: Vikavolt|Vikavolt, L83, F|263/263\n|move|p2a: Zamazenta|Body Press|p1a: Vikavolt\n|-resisted|p1a: Vikavolt\n|-damage|p1a: Vikavolt|201/263\n|\n|upkeep\n|turn|6\n|\n|t:|1782794400\n|move|p2a: Zamazenta|Stone Edge|p1a: Vikavolt\n|-supereffective|p1a: Vikavolt\n|-damage|p1a: Vikavolt|87/263\n|move|p1a: Vikavolt|Discharge|p2a: Zamazenta\n|-damage|p2a: Zamazenta|142/238\n|-status|p2a: Zamazenta|par\n|\n|upkeep\n|turn|7\n|\n|t:|1782794405\n|move|p1a: Vikavolt|Volt Switch|p2a: Zamazenta\n|-damage|p2a: Zamazenta|57/238 par\n|\n|t:|1782794406\n|switch|p1a: Tornadus|Tornadus, L82, M|264/264|[from] Volt Switch\n|move|p2a: Zamazenta|Stone Edge|p1a: Tornadus|[miss]\n|-miss|p2a: Zamazenta|p1a: Tornadus\n|\n|upkeep\n|turn|8\n|\n|t:|1782794418\n|move|p1a: Tornadus|Nasty Plot|p1a: Tornadus\n|-boost|p1a: Tornadus|spa|2\n|cant|p2a: Zamazenta|par\n|\n|upkeep\n|turn|9\n|\n|t:|1782794423\n|move|p1a: Tornadus|Focus Blast|p2a: Zamazenta\n|-supereffective|p2a: Zamazenta\n|-damage|p2a: Zamazenta|0 fnt\n|faint|p2a: Zamazenta\n|\n|upkeep\n|\n|t:|1782794433\n|switch|p2a: Porygon2|Porygon2, L81, tera:Fairy|239/270\n|-damage|p2a: Porygon2|206/270|[from] Stealth Rock\n|-ability|p2a: Porygon2|Download|boost\n|-boost|p2a: Porygon2|atk|1\n|turn|10\n|\n|t:|1782794436\n|-terastallize|p1a: Tornadus|Fighting\n|move|p1a: Tornadus|Bleakwind Storm|p2a: Porygon2\n|-damage|p2a: Porygon2|61/270\n|-unboost|p2a: Porygon2|spe|1\n|move|p2a: Porygon2|Thunder Wave|p1a: Tornadus\n|-status|p1a: Tornadus|par\n|\n|upkeep\n|turn|11\n|\n|t:|1782794448\n|move|p1a: Tornadus|Focus Blast|p2a: Porygon2\n|-resisted|p2a: Porygon2\n|-crit|p2a: Porygon2\n|-damage|p2a: Porygon2|0 fnt\n|faint|p2a: Porygon2\n|\n|upkeep\n|\n|t:|1782794468\n|switch|p2a: Dragapult|Dragapult, L77, M|262/262\n|turn|12\n|\n|t:|1782794483\n|move|p2a: Dragapult|Dragon Darts|p1a: Tornadus\n|-crit|p1a: Tornadus\n|-damage|p1a: Tornadus|162/264 par\n|-anim|p2a: Dragapult|Dragon Darts|p1a: Tornadus\n|-damage|p1a: Tornadus|101/264 par\n|cant|p1a: Tornadus|par\n|\n|upkeep\n|turn|13\n|\n|t:|1782794495\n|move|p2a: Dragapult|Dragon Darts|p1a: Tornadus\n|-damage|p1a: Tornadus|34/264 par\n|-anim|p2a: Dragapult|Dragon Darts|p1a: Tornadus\n|-damage|p1a: Tornadus|0 fnt\n|faint|p1a: Tornadus\n|\n|upkeep\n|\n|t:|1782794495\n|switch|p1a: Bisharp|Bisharp, L79, M|232/232\n|turn|14\n|inactive|baiye20224 has 120 seconds left.\n|\n|t:|1782794520\n|move|p2a: Dragapult|Will-O-Wisp|p1a: Bisharp|[miss]\n|-miss|p2a: Dragapult|p1a: Bisharp\n|move|p1a: Bisharp|Throat Chop|p2a: Dragapult\n|-supereffective|p2a: Dragapult\n|-damage|p2a: Dragapult|46/262\n|-start|p2a: Dragapult|Throat Chop|[silent]\n|\n|upkeep\n|turn|15\n|\n|t:|1782794524\n|move|p1a: Bisharp|Sucker Punch||[still]\n|-fail|p1a: Bisharp\n|move|p2a: Dragapult|Will-O-Wisp|p1a: Bisharp\n|-status|p1a: Bisharp|brn\n|\n|-damage|p1a: Bisharp|218/232 brn|[from] brn\n|-end|p2a: Dragapult|Throat Chop|[silent]\n|upkeep\n|turn|16\n|\n|t:|1782794529\n|move|p2a: Dragapult|U-turn|p1a: Bisharp\n|-damage|p1a: Bisharp|184/232 brn\n|\n|t:|1782794534\n|switch|p2a: Swampert|Swampert, L83, M|302/302|[from] U-turn\n|-damage|p2a: Swampert|284/302|[from] Stealth Rock\n|move|p1a: Bisharp|Iron Head|p2a: Swampert\n|-resisted|p2a: Swampert\n|-damage|p2a: Swampert|263/302\n|\n|-heal|p2a: Swampert|281/302|[from] item: Leftovers\n|-damage|p1a: Bisharp|170/232 brn|[from] brn\n|upkeep\n|turn|17\n|\n|t:|1782794547\n|move|p1a: Bisharp|Throat Chop|p2a: Swampert\n|-damage|p2a: Swampert|239/302\n|-start|p2a: Swampert|Throat Chop|[silent]\n|move|p2a: Swampert|Ice Beam|p1a: Bisharp\n|-resisted|p1a: Bisharp\n|-damage|p1a: Bisharp|145/232 brn\n|\n|-heal|p2a: Swampert|257/302|[from] item: Leftovers\n|-damage|p1a: Bisharp|131/232 brn|[from] brn\n|upkeep\n|turn|18\n|\n|t:|1782794550\n|move|p1a: Bisharp|Throat Chop|p2a: Swampert\n|-damage|p2a: Swampert|209/302\n|move|p2a: Swampert|Earthquake|p1a: Bisharp\n|-supereffective|p1a: Bisharp\n|-damage|p1a: Bisharp|0 fnt\n|faint|p1a: Bisharp\n|\n|-heal|p2a: Swampert|227/302|[from] item: Leftovers\n|-end|p2a: Swampert|Throat Chop|[silent]\n|upkeep\n|\n|t:|1782794550\n|switch|p1a: Alomomola|Alomomola, L87, M|429/429\n|turn|19\n|inactive|baiye20224 has 120 seconds left.\n|\n|t:|1782794585\n|switch|p2a: Misdreavus|Misdreavus, L90, M|254/254\n|-damage|p2a: Misdreavus|223/254|[from] Stealth Rock\n|move|p1a: Alomomola|Flip Turn|p2a: Misdreavus\n|-damage|p2a: Misdreavus|180/254\n|\n|t:|1782794585\n|switch|p1a: Vikavolt|Vikavolt, L83, F|87/263|[from] Flip Turn\n|\n|upkeep\n|turn|20\n|inactive|baiye20224 has 120 seconds left.\n|\n|t:|1782794602\n|move|p2a: Misdreavus|Shadow Ball|p1a: Vikavolt\n|-damage|p1a: Vikavolt|0 fnt\n|faint|p1a: Vikavolt\n|\n|upkeep\n|\n|t:|1782794602\n|switch|p1a: Alomomola|Alomomola, L87, M|429/429\n|turn|21\n|\n|t:|1782794608\n|move|p2a: Misdreavus|Calm Mind|p2a: Misdreavus\n|-boost|p2a: Misdreavus|spa|1\n|-boost|p2a: Misdreavus|spd|1\n|move|p1a: Alomomola|Flip Turn|p2a: Misdreavus\n|-damage|p2a: Misdreavus|132/254\n|\n|upkeep\n|turn|22\n|\n|t:|1782794612\n|move|p2a: Misdreavus|Will-O-Wisp|p1a: Alomomola\n|-status|p1a: Alomomola|brn\n|move|p1a: Alomomola|Flip Turn|p2a: Misdreavus\n|-damage|p2a: Misdreavus|109/254\n|\n|-damage|p1a: Alomomola|403/429 brn|[from] brn\n|upkeep\n|turn|23\n|\n|t:|1782794615\n|move|p2a: Misdreavus|Calm Mind|p2a: Misdreavus\n|-boost|p2a: Misdreavus|spa|1\n|-boost|p2a: Misdreavus|spd|1\n|move|p1a: Alomomola|Flip Turn|p2a: Misdreavus\n|-damage|p2a: Misdreavus|86/254\n|\n|-heal|p1a: Alomomola|429/429 brn|[from] item: Leftovers\n|-damage|p1a: Alomomola|403/429 brn|[from] brn\n|upkeep\n|turn|24\n|\n|t:|1782794617\n|move|p2a: Misdreavus|Draining Kiss|p1a: Alomomola\n|-damage|p1a: Alomomola|284/429 brn\n|-heal|p2a: Misdreavus|175/254|[from] drain|[of] p1a: Alomomola\n|move|p1a: Alomomola|Flip Turn|p2a: Misdreavus\n|-damage|p2a: Misdreavus|153/254\n|\n|-heal|p1a: Alomomola|310/429 brn|[from] item: Leftovers\n|-damage|p1a: Alomomola|284/429 brn|[from] brn\n|upkeep\n|turn|25\n|\n|t:|1782794619\n|move|p1a: Alomomola|Protect|p1a: Alomomola\n|-singleturn|p1a: Alomomola|Protect\n|move|p2a: Misdreavus|Calm Mind|p2a: Misdreavus\n|-boost|p2a: Misdreavus|spa|1\n|-boost|p2a: Misdreavus|spd|1\n|\n|-heal|p1a: Alomomola|310/429 brn|[from] item: Leftovers\n|-damage|p1a: Alomomola|284/429 brn|[from] brn\n|upkeep\n|turn|26\n|\n|t:|1782794622\n|move|p2a: Misdreavus|Calm Mind|p2a: Misdreavus\n|-boost|p2a: Misdreavus|spa|1\n|-boost|p2a: Misdreavus|spd|1\n|move|p1a: Alomomola|Flip Turn|p2a: Misdreavus\n|-damage|p2a: Misdreavus|132/254\n|\n|-heal|p1a: Alomomola|310/429 brn|[from] item: Leftovers\n|-damage|p1a: Alomomola|284/429 brn|[from] brn\n|upkeep\n|turn|27\n|\n|t:|1782794624\n|move|p2a: Misdreavus|Draining Kiss|p1a: Alomomola\n|-damage|p1a: Alomomola|107/429 brn\n|-heal|p2a: Misdreavus|254/254|[from] drain|[of] p1a: Alomomola\n|move|p1a: Alomomola|Flip Turn|p2a: Misdreavus\n|-damage|p2a: Misdreavus|233/254\n|\n|-heal|p1a: Alomomola|133/429 brn|[from] item: Leftovers\n|-damage|p1a: Alomomola|107/429 brn|[from] brn\n|upkeep\n|turn|28\n|\n|t:|1782794626\n|move|p1a: Alomomola|Protect|p1a: Alomomola\n|-singleturn|p1a: Alomomola|Protect\n|move|p2a: Misdreavus|Calm Mind|p2a: Misdreavus\n|-boost|p2a: Misdreavus|spa|1\n|-boost|p2a: Misdreavus|spd|1\n|\n|-heal|p1a: Alomomola|133/429 brn|[from] item: Leftovers\n|-damage|p1a: Alomomola|107/429 brn|[from] brn\n|upkeep\n|turn|29\n|\n|t:|1782794628\n|move|p2a: Misdreavus|Calm Mind|p2a: Misdreavus\n|-boost|p2a: Misdreavus|spa|1\n|-boost|p2a: Misdreavus|spd|1\n|move|p1a: Alomomola|Flip Turn|p2a: Misdreavus\n|-damage|p2a: Misdreavus|211/254\n|\n|-heal|p1a: Alomomola|133/429 brn|[from] item: Leftovers\n|-damage|p1a: Alomomola|107/429 brn|[from] brn\n|upkeep\n|turn|30\n|\n|t:|1782794630\n|move|p2a: Misdreavus|Draining Kiss|p1a: Alomomola\n|-damage|p1a: Alomomola|0 fnt\n|-heal|p2a: Misdreavus|254/254|[from] drain|[of] p1a: Alomomola\n|faint|p1a: Alomomola\n|\n|win|baiye20224\n|raw|testbotcif's rating: 1260 &rarr; <strong>1235</strong><br />(-25 for losing)\n|raw|baiye20224's rating: 1266 &rarr; <strong>1291</strong><br />(+25 for winning)\n", "inputlog": ">version f8ac14003a5f27e1bdc8d8c59608a773c1cb96e5\n>start {\"formatid\":\"gen9randombattle\",\"seed\":\"sodium,e3c3a2846302b4ea814adc95b144d84a\",\"rated\":\"Rated battle\"}\n>player p1 {\"name\":\"testbotcif\",\"avatar\":\"266\",\"rating\":1260,\"seed\":\"sodium,5926fa1ed9f46a97ec199926e7ffa435\"}\n>player p2 {\"name\":\"baiye20224\",\"avatar\":\"red\",\"rating\":1266,\"seed\":\"sodium,c91716e9f731071dcaeee8852887215f\"}\n>chat \u2606testbotcif|rlhf\n>p1 move swordsdance\n>p2 move thunderwave\n>p1 move scaleshot\n>p2 move terablast terastallize\n>p1 switch 3\n>p1 move darkpulse\n>p2 move terablast\n>p1 switch 4\n>p1 move stealthrock\n>p2 switch 2\n>p1 switch 5\n>p2 move bodypress\n>p1 move discharge\n>p2 move stoneedge\n>p1 move voltswitch\n>p2 move stoneedge\n>p1 switch 2\n>p1 move nastyplot\n>p2 move stoneedge\n>p1 move focusblast\n>p2 move stoneedge\n>p2 switch 2\n>p1 move bleakwindstorm terastallize\n>p2 move thunderwave\n>p1 move focusblast\n>p2 move recover\n>p2 switch 5\n>p1 move bleakwindstorm\n>p2 move dragondarts\n>p1 move bleakwindstorm\n>p2 move dragondarts\n>p1 switch 5\n>p1 move throatchop\n>p2 move willowisp\n>p1 move suckerpunch\n>p2 move willowisp\n>p1 move ironhead\n>p2 move uturn\n>p2 switch 6\n>p1 move throatchop\n>p2 move icebeam\n>p1 move throatchop\n>p2 move earthquake\n>p1 switch 6\n>p1 move flipturn\n>p2 switch 4\n>p1 switch 2\n>p1 move discharge\n>p2 move shadowball\n>p1 switch 2\n>p1 move flipturn\n>p2 move calmmind\n>p1 move flipturn\n>p2 move willowisp\n>p1 move flipturn\n>p2 move calmmind\n>p1 move flipturn\n>p2 move drainingkiss\n>p1 move protect\n>p2 move calmmind\n>p1 move flipturn\n>p2 move calmmind\n>p1 move flipturn\n>p2 move drainingkiss\n>p1 move protect\n>p2 move calmmind\n>p1 move flipturn\n>p2 move calmmind\n>p1 move flipturn\n>p2 move drainingkiss", "uploadtime": 1782794630, "views": 6, "formatid": "gen9randombattle", "rating": 1235, "private": 0, "password": null, "player_dets": [{"name": "testbotcif", "avatar": "266", "rating": 1260, "seed": "sodium,5926fa1ed9f46a97ec199926e7ffa435"}, {"name": "baiye20224", "avatar": "red", "rating": 1266, "seed": "sodium,c91716e9f731071dcaeee8852887215f"}], "teams_full": [{"Haxorus": {"name": "Haxorus", "species": "Haxorus", "speciesId": "haxorus", "gender": "F", "shiny": false, "level": 77, "moves": ["scaleshot", "swordsdance", "closecombat", "ironhead"], "ability": "Mold Breaker", "evs": {"hp": 85, "atk": 85, "def": 85, "spa": 85, "spd": 85, "spe": 85}, "ivs": {"hp": 31, "atk": 31, "def": 31, "spa": 31, "spd": 31, "spe": 31}, "item": "Loaded Dice", "teraType": "Steel", "role": "Fast Bulky Setup", "bvs": {"hp": 76, "atk": 147, "def": 90, "spa": 60, "spd": 70, "spe": 97}, "stats": {"hp": 244, "atk": 271, "def": 183, "spa": 137, "spd": 152, "spe": 194}, "types": ["Dragon"]}, "Tornadus": {"name": "Tornadus", "species": "Tornadus", "speciesId": "tornadus", "gender": "M", "shiny": false, "level": 82, "moves": ["grassknot", "focusblast", "bleakwindstorm", "nastyplot"], "ability": "Prankster", "evs": {"hp": 85, "atk": 0, "def": 85, "spa": 85, "spd": 85, "spe": 85}, "ivs": {"hp": 31, "atk": 0, "def": 31, "spa": 31, "spd": 31, "spe": 31}, "item": "Heavy-Duty Boots", "teraType": "Fighting", "role": "Fast Attacker", "bvs": {"hp": 79, "atk": 115, "def": 70, "spa": 125, "spd": 80, "spe": 111}, "stats": {"hp": 264, "atk": 193, "def": 162, "spa": 252, "spd": 178, "spe": 229}, "types": ["Flying"]}, "Hydreigon": {"name": "Hydreigon", "species": "Hydreigon", "speciesId": "hydreigon", "gender": "F", "shiny": false, "level": 79, "moves": ["fireblast", "flashcannon", "dracometeor", "darkpulse"], "ability": "Levitate", "evs": {"hp": 85, "atk": 0, "def": 85, "spa": 85, "spd": 85, "spe": 85}, "ivs": {"hp": 31, "atk": 0, "def": 31, "spa": 31, "spd": 31, "spe": 31}, "item": "Choice Scarf", "teraType": "Fire", "role": "Fast Attacker", "bvs": {"hp": 92, "atk": 105, "def": 90, "spa": 125, "spd": 90, "spe": 98}, "stats": {"hp": 275, "atk": 170, "def": 188, "spa": 243, "spd": 188, "spe": 200}, "types": ["Dark", "Dragon"]}, "Bisharp": {"name": "Bisharp", "species": "Bisharp", "speciesId": "bisharp", "gender": "M", "shiny": false, "level": 79, "moves": ["stealthrock", "throatchop", "ironhead", "suckerpunch"], "ability": "Defiant", "evs": {"hp": 85, "atk": 85, "def": 85, "spa": 85, "spd": 85, "spe": 85}, "ivs": {"hp": 31, "atk": 31, "def": 31, "spa": 31, "spd": 31, "spe": 31}, "item": "Eviolite", "teraType": "Flying", "role": "Bulky Attacker", "bvs": {"hp": 65, "atk": 125, "def": 100, "spa": 60, "spd": 70, "spe": 70}, "stats": {"hp": 232, "atk": 243, "def": 204, "spa": 140, "spd": 156, "spe": 156}, "types": ["Dark", "Steel"]}, "Vikavolt": {"name": "Vikavolt", "species": "Vikavolt", "speciesId": "vikavolt", "gender": "F", "shiny": false, "level": 83, "moves": ["voltswitch", "discharge", "bugbuzz", "stickyweb"], "ability": "Levitate", "evs": {"hp": 85, "atk": 0, "def": 85, "spa": 85, "spd": 85, "spe": 85}, "ivs": {"hp": 31, "atk": 0, "def": 31, "spa": 31, "spd": 31, "spe": 31}, "item": "Heavy-Duty Boots", "teraType": "Electric", "role": "Bulky Support", "bvs": {"hp": 77, "atk": 70, "def": 90, "spa": 145, "spd": 75, "spe": 43}, "stats": {"hp": 263, "atk": 121, "def": 197, "spa": 288, "spd": 172, "spe": 119}, "types": ["Bug", "Electric"]}, "Alomomola": {"name": "Alomomola", "species": "Alomomola", "speciesId": "alomomola", "gender": "M", "shiny": false, "level": 87, "moves": ["wish", "protect", "scald", "flipturn"], "ability": "Regenerator", "evs": {"hp": 85, "atk": 85, "def": 85, "spa": 85, "spd": 85, "spe": 85}, "ivs": {"hp": 31, "atk": 31, "def": 31, "spa": 31, "spd": 31, "spe": 31}, "item": "Leftovers", "teraType": "Poison", "role": "Bulky Support", "bvs": {"hp": 165, "atk": 75, "def": 80, "spa": 40, "spd": 45, "spe": 65}, "stats": {"hp": 429, "atk": 180, "def": 189, "spa": 119, "spd": 128, "spe": 163}, "types": ["Water"]}}, {"Porygon2": {"name": "Porygon2", "species": "Porygon2", "speciesId": "porygon2", "gender": "N", "shiny": false, "level": 81, "moves": ["terablast", "thunderwave", "shadowball", "recover"], "ability": "Download", "evs": {"hp": 85, "atk": 85, "def": 85, "spa": 85, "spd": 85, "spe": 85}, "ivs": {"hp": 31, "atk": 31, "def": 31, "spa": 31, "spd": 31, "spe": 31}, "item": "Eviolite", "teraType": "Fairy", "role": "Tera Blast user", "bvs": {"hp": 85, "atk": 80, "def": 90, "spa": 105, "spd": 95, "spe": 60}, "stats": {"hp": 270, "atk": 176, "def": 192, "spa": 217, "spd": 201, "spe": 144}, "types": ["Normal"]}, "Zamazenta": {"name": "Zamazenta", "species": "Zamazenta", "speciesId": "zamazentacrowned", "gender": "N", "shiny": false, "level": 68, "moves": ["bodypress", "stoneedge", "heavyslam", "irondefense"], "ability": "Dauntless Shield", "evs": {"hp": 85, "atk": 85, "def": 85, "spa": 85, "spd": 85, "spe": 85}, "ivs": {"hp": 31, "atk": 31, "def": 31, "spa": 31, "spd": 31, "spe": 31}, "item": "Rusted Shield", "teraType": "Fighting", "role": "Bulky Setup", "bvs": {"hp": 92, "atk": 120, "def": 140, "spa": 80, "spd": 140, "spe": 128}, "stats": {"hp": 238, "atk": 203, "def": 230, "spa": 149, "spd": 230, "spe": 214}, "types": ["Fighting", "Steel"]}, "Iron Moth": {"name": "Iron Moth", "species": "Iron Moth", "speciesId": "ironmoth", "gender": "N", "shiny": false, "level": 78, "moves": ["fierydance", "uturn", "sludgewave", "energyball"], "ability": "Quark Drive", "evs": {"hp": 85, "atk": 85, "def": 85, "spa": 85, "spd": 85, "spe": 85}, "ivs": {"hp": 31, "atk": 31, "def": 31, "spa": 31, "spd": 31, "spe": 31}, "item": "Choice Specs", "teraType": "Grass", "role": "Fast Attacker", "bvs": {"hp": 80, "atk": 70, "def": 60, "spa": 140, "spd": 110, "spe": 110}, "stats": {"hp": 253, "atk": 154, "def": 139, "spa": 263, "spd": 217, "spe": 217}, "types": ["Fire", "Poison"]}, "Misdreavus": {"name": "Misdreavus", "species": "Misdreavus", "speciesId": "misdreavus", "gender": "M", "shiny": false, "level": 90, "moves": ["willowisp", "drainingkiss", "shadowball", "calmmind"], "ability": "Levitate", "evs": {"hp": 85, "atk": 0, "def": 85, "spa": 85, "spd": 85, "spe": 85}, "ivs": {"hp": 31, "atk": 0, "def": 31, "spa": 31, "spd": 31, "spe": 31}, "item": "Eviolite", "teraType": "Fairy", "role": "Bulky Setup", "bvs": {"hp": 60, "atk": 60, "def": 60, "spa": 85, "spd": 85, "spe": 85}, "stats": {"hp": 254, "atk": 113, "def": 159, "spa": 204, "spd": 204, "spe": 204}, "types": ["Ghost"]}, "Dragapult": {"name": "Dragapult", "species": "Dragapult", "speciesId": "dragapult", "gender": "M", "shiny": false, "level": 77, "moves": ["uturn", "dragondarts", "willowisp", "hex"], "ability": "Cursed Body", "evs": {"hp": 85, "atk": 85, "def": 85, "spa": 85, "spd": 85, "spe": 85}, "ivs": {"hp": 31, "atk": 31, "def": 31, "spa": 31, "spd": 31, "spe": 31}, "item": "Heavy-Duty Boots", "teraType": "Fairy", "role": "Fast Support", "bvs": {"hp": 88, "atk": 120, "def": 75, "spa": 100, "spd": 75, "spe": 142}, "stats": {"hp": 262, "atk": 229, "def": 160, "spa": 199, "spd": 160, "spe": 263}, "types": ["Dragon", "Ghost"]}, "Swampert": {"name": "Swampert", "species": "Swampert", "speciesId": "swampert", "gender": "M", "shiny": false, "level": 83, "moves": ["earthquake", "icebeam", "stealthrock", "flipturn"], "ability": "Torrent", "evs": {"hp": 85, "atk": 85, "def": 85, "spa": 85, "spd": 85, "spe": 85}, "ivs": {"hp": 31, "atk": 31, "def": 31, "spa": 31, "spd": 31, "spe": 31}, "item": "Leftovers", "teraType": "Poison", "role": "Bulky Support", "bvs": {"hp": 100, "atk": 110, "def": 90, "spa": 85, "spd": 90, "spe": 60}, "stats": {"hp": 302, "atk": 230, "def": 197, "spa": 189, "spd": 197, "spe": 147}, "types": ["Water", "Ground"]}}]}