{"id": "gen9randombattle-2641593210", "format": "[Gen 9] Random Battle", "players": ["nortonaf", "ban Freezai"], "log": "|j|\u2606nortonaf\n|j|\u2606ban Freezai\n|t:|1782814942\n|gametype|singles\n|player|p1|nortonaf|pokekid|2122\n|player|p2|ban Freezai|1|2235\n|gen|9\n|tier|[Gen 9] Random Battle\n|rated|\n|rule|Species Clause: Limit one of each Pok\u00e9mon\n|rule|HP Percentage Mod: HP is shown in percentages\n|rule|Sleep Clause Mod: Limit one foe put to sleep\n|rule|Illusion Level Mod: Illusion disguises the Pok\u00e9mon's true level\n|\n|t:|1782814942\n|teamsize|p1|6\n|teamsize|p2|6\n|start\n|switch|p1a: Slowking|Slowking, L88, M|310/310\n|switch|p2a: Swanna|Swanna, L89, M|278/278\n|turn|1\n|inactive|Battle timer is ON: inactive players will automatically lose when time's up. (requested by nortonaf)\n|\n|t:|1782814949\n|move|p2a: Swanna|Brave Bird|p1a: Slowking\n|-damage|p1a: Slowking|169/310\n|-damage|p2a: Swanna|231/278|[from] Recoil\n|-prepare|p1a: Slowking|Chilly Reception|[premajor]\n|move|p1a: Slowking|Chilly Reception|p1a: Slowking\n|-weather|Snowscape\n|\n|t:|1782814956\n|switch|p1a: Kyurem|Kyurem-White, L73|303/303|[from] Chilly Reception\n|-ability|p1a: Kyurem|Turboblaze\n|\n|-weather|Snowscape|[upkeep]\n|upkeep\n|turn|2\n|\n|t:|1782814962\n|switch|p2a: Cryogonal|Cryogonal, L89|287/287\n|move|p1a: Kyurem|Freeze-Dry|p2a: Cryogonal\n|-resisted|p2a: Cryogonal\n|-damage|p2a: Cryogonal|242/287\n|\n|-weather|Snowscape|[upkeep]\n|upkeep\n|turn|3\n|\n|t:|1782814969\n|switch|p1a: Iron Moth|Iron Moth, L78|253/253\n|move|p2a: Cryogonal|Freeze-Dry|p1a: Iron Moth\n|-resisted|p1a: Iron Moth\n|-damage|p1a: Iron Moth|214/253\n|\n|-weather|Snowscape|[upkeep]\n|upkeep\n|turn|4\n|\n|t:|1782814988\n|switch|p2a: Deoxys|Deoxys-Defense, L84|221/221\n|-ability|p2a: Deoxys|Pressure\n|move|p1a: Iron Moth|Sludge Wave|p2a: Deoxys\n|-damage|p2a: Deoxys|154/221\n|\n|-weather|Snowscape|[upkeep]\n|upkeep\n|turn|5\n|\n|t:|1782815002\n|move|p1a: Iron Moth|Fiery Dance|p2a: Deoxys\n|-damage|p2a: Deoxys|90/221\n|move|p2a: Deoxys|Stealth Rock|p1a: Iron Moth\n|-sidestart|p1: nortonaf|move: Stealth Rock\n|\n|-weather|none\n|upkeep\n|turn|6\n|\n|t:|1782815007\n|move|p1a: Iron Moth|Fiery Dance|p2a: Deoxys\n|-damage|p2a: Deoxys|30/221\n|move|p2a: Deoxys|Recover|p2a: Deoxys\n|-heal|p2a: Deoxys|141/221\n|\n|upkeep\n|turn|7\n|\n|t:|1782815013\n|move|p1a: Iron Moth|Fiery Dance|p2a: Deoxys\n|-damage|p2a: Deoxys|81/221\n|move|p2a: Deoxys|Psychic Noise|p1a: Iron Moth\n|-supereffective|p1a: Iron Moth\n|-damage|p1a: Iron Moth|106/253\n|-start|p1a: Iron Moth|move: Heal Block\n|\n|upkeep\n|turn|8\n|\n|t:|1782815021\n|switch|p2a: Swanna|Swanna, L89, M|231/278\n|move|p1a: Iron Moth|Sludge Wave|p2a: Swanna\n|-damage|p2a: Swanna|86/278\n|\n|-end|p1a: Iron Moth|move: Heal Block\n|upkeep\n|turn|9\n|\n|t:|1782815027\n|-end|p1a: Iron Moth|Quark Drive|[silent]\n|switch|p1a: Rampardos|Rampardos, L90, F|321/321\n|-damage|p1a: Rampardos|281/321|[from] Stealth Rock\n|move|p2a: Swanna|Brave Bird|p1a: Rampardos\n|-resisted|p1a: Rampardos\n|-damage|p1a: Rampardos|202/321\n|-damage|p2a: Swanna|60/278|[from] Recoil\n|\n|upkeep\n|turn|10\n|\n|t:|1782815035\n|move|p1a: Rampardos|Head Smash|p2a: Swanna|[miss]\n|-miss|p1a: Rampardos|p2a: Swanna\n|move|p2a: Swanna|Hydro Pump|p1a: Rampardos\n|-supereffective|p1a: Rampardos\n|-damage|p1a: Rampardos|0 fnt\n|faint|p1a: Rampardos\n|\n|upkeep\n|\n|t:|1782815038\n|switch|p1a: Volcanion|Volcanion, L79|255/255\n|-damage|p1a: Volcanion|192/255|[from] Stealth Rock\n|turn|11\n|\n|t:|1782815043\n|move|p1a: Volcanion|Steam Eruption|p2a: Swanna\n|-resisted|p2a: Swanna\n|-damage|p2a: Swanna|0 fnt\n|faint|p2a: Swanna\n|\n|upkeep\n|\n|t:|1782815053\n|switch|p2a: Cryogonal|Cryogonal, L89|242/287\n|turn|12\n|\n|t:|1782815059\n|switch|p1a: Iron Moth|Iron Moth, L78|106/253\n|move|p2a: Cryogonal|Freeze-Dry|p1a: Iron Moth\n|-resisted|p1a: Iron Moth\n|-damage|p1a: Iron Moth|67/253\n|\n|upkeep\n|turn|13\n|\n|t:|1782815071\n|switch|p2a: Deoxys|Deoxys-Defense, L84|81/221\n|-ability|p2a: Deoxys|Pressure\n|move|p1a: Iron Moth|Morning Sun|p1a: Iron Moth\n|-heal|p1a: Iron Moth|193/253\n|\n|upkeep\n|turn|14\n|\n|t:|1782815078\n|move|p1a: Iron Moth|Fiery Dance|p2a: Deoxys\n|-damage|p2a: Deoxys|14/221\n|move|p2a: Deoxys|Knock Off|p1a: Iron Moth\n|-damage|p1a: Iron Moth|115/253\n|-enditem|p1a: Iron Moth|Heavy-Duty Boots|[from] move: Knock Off|[of] p2a: Deoxys\n|\n|upkeep\n|turn|15\n|\n|t:|1782815082\n|move|p1a: Iron Moth|Fiery Dance|p2a: Deoxys\n|-damage|p2a: Deoxys|0 fnt\n|faint|p2a: Deoxys\n|\n|upkeep\n|\n|t:|1782815086\n|switch|p2a: Cinccino|Cinccino, L83, M|260/260\n|turn|16\n|\n|t:|1782815089\n|-end|p1a: Iron Moth|Quark Drive|[silent]\n|switch|p1a: Giratina|Giratina-Origin, L72|335/335\n|-damage|p1a: Giratina|294/335|[from] Stealth Rock\n|move|p2a: Cinccino|Tail Slap|p1a: Giratina\n|-immune|p1a: Giratina\n|\n|upkeep\n|turn|17\n|\n|t:|1782815095\n|switch|p2a: Cryogonal|Cryogonal, L89|242/287\n|move|p1a: Giratina|Will-O-Wisp|p2a: Cryogonal\n|-status|p2a: Cryogonal|brn\n|\n|-damage|p2a: Cryogonal|225/287 brn|[from] brn\n|upkeep\n|turn|18\n|\n|t:|1782815112\n|switch|p1a: Iron Moth|Iron Moth, L78|115/253\n|-damage|p1a: Iron Moth|52/253|[from] Stealth Rock\n|move|p2a: Cryogonal|Freeze-Dry|p1a: Iron Moth\n|-resisted|p1a: Iron Moth\n|-damage|p1a: Iron Moth|16/253\n|\n|-damage|p2a: Cryogonal|208/287 brn|[from] brn\n|upkeep\n|turn|19\n|\n|t:|1782815120\n|move|p2a: Cryogonal|Freeze-Dry|p1a: Iron Moth\n|-resisted|p1a: Iron Moth\n|-damage|p1a: Iron Moth|0 fnt\n|faint|p1a: Iron Moth\n|-end|p1a: Iron Moth|Quark Drive|[silent]\n|\n|-damage|p2a: Cryogonal|191/287 brn|[from] brn\n|upkeep\n|\n|t:|1782815123\n|switch|p1a: Volcanion|Volcanion, L79|192/255\n|-damage|p1a: Volcanion|129/255|[from] Stealth Rock\n|turn|20\n|\n|t:|1782815132\n|move|p2a: Cryogonal|Freeze-Dry|p1a: Volcanion\n|-damage|p1a: Volcanion|45/255\n|move|p1a: Volcanion|Flamethrower|p2a: Cryogonal\n|-supereffective|p2a: Cryogonal\n|-damage|p2a: Cryogonal|39/287 brn\n|\n|-damage|p2a: Cryogonal|22/287 brn|[from] brn\n|upkeep\n|turn|21\n|\n|t:|1782815137\n|move|p2a: Cryogonal|Freeze-Dry|p1a: Volcanion\n|-damage|p1a: Volcanion|0 fnt\n|faint|p1a: Volcanion\n|\n|-damage|p2a: Cryogonal|5/287 brn|[from] brn\n|upkeep\n|\n|t:|1782815142\n|switch|p1a: Slowking|Slowking, L88, M|272/310\n|turn|22\n|\n|t:|1782815145\n|move|p2a: Cryogonal|Recover|p2a: Cryogonal\n|-heal|p2a: Cryogonal|149/287 brn\n|move|p1a: Slowking|Psyshock|p2a: Cryogonal\n|-damage|p2a: Cryogonal|16/287 brn\n|\n|-damage|p2a: Cryogonal|0 fnt|[from] brn\n|faint|p2a: Cryogonal\n|upkeep\n|\n|t:|1782815166\n|switch|p2a: Meganium|Meganium, L90, F|290/290\n|turn|23\n|\n|t:|1782815171\n|move|p2a: Meganium|Knock Off|p1a: Slowking\n|-supereffective|p1a: Slowking\n|-damage|p1a: Slowking|134/310\n|-enditem|p1a: Slowking|Heavy-Duty Boots|[from] move: Knock Off|[of] p2a: Meganium\n|-prepare|p1a: Slowking|Chilly Reception|[premajor]\n|move|p1a: Slowking|Chilly Reception|p1a: Slowking\n|-weather|Snowscape\n|\n|t:|1782815175\n|switch|p1a: Kyurem|Kyurem-White, L73|303/303|[from] Chilly Reception\n|-damage|p1a: Kyurem|228/303|[from] Stealth Rock\n|-ability|p1a: Kyurem|Turboblaze\n|\n|-weather|Snowscape|[upkeep]\n|upkeep\n|turn|24\n|\n|t:|1782815188\n|move|p2a: Meganium|Knock Off|p1a: Kyurem\n|-damage|p1a: Kyurem|174/303\n|-enditem|p1a: Kyurem|Choice Specs|[from] move: Knock Off|[of] p2a: Meganium\n|move|p1a: Kyurem|Freeze-Dry|p2a: Meganium\n|-supereffective|p2a: Meganium\n|-damage|p2a: Meganium|128/290\n|-status|p2a: Meganium|frz\n|\n|-weather|Snowscape|[upkeep]\n|-heal|p2a: Meganium|146/290 frz|[from] item: Leftovers\n|upkeep\n|turn|25\n|\n|t:|1782815196\n|cant|p2a: Meganium|frz\n|move|p1a: Kyurem|Freeze-Dry|p2a: Meganium\n|-supereffective|p2a: Meganium\n|-damage|p2a: Meganium|0 fnt\n|faint|p2a: Meganium\n|\n|-weather|Snowscape|[upkeep]\n|upkeep\n|\n|t:|1782815198\n|switch|p2a: Cinccino|Cinccino, L83, M|260/260\n|turn|26\n|\n|t:|1782815202\n|move|p2a: Cinccino|Tail Slap|p1a: Kyurem\n|-damage|p1a: Kyurem|143/303\n|-crit|p1a: Kyurem\n|-damage|p1a: Kyurem|98/303\n|-damage|p1a: Kyurem|68/303\n|-damage|p1a: Kyurem|37/303\n|-hitcount|p1a: Kyurem|4\n|move|p1a: Kyurem|Draco Meteor|p2a: Cinccino|[miss]\n|-miss|p1a: Kyurem|p2a: Cinccino\n|\n|-weather|Snowscape|[upkeep]\n|upkeep\n|turn|27\n|\n|t:|1782815231\n|move|p2a: Cinccino|Bullet Seed|p1a: Kyurem\n|-resisted|p1a: Kyurem\n|-damage|p1a: Kyurem|27/303\n|-resisted|p1a: Kyurem\n|-damage|p1a: Kyurem|17/303\n|-resisted|p1a: Kyurem\n|-damage|p1a: Kyurem|7/303\n|-resisted|p1a: Kyurem\n|-damage|p1a: Kyurem|0 fnt\n|faint|p1a: Kyurem\n|-hitcount|p1: Kyurem|4\n|\n|-weather|none\n|upkeep\n|\n|t:|1782815238\n|switch|p1a: Giratina|Giratina-Origin, L72|294/335\n|-damage|p1a: Giratina|253/335|[from] Stealth Rock\n|turn|28\n|\n|t:|1782815243\n|-terastallize|p2a: Cinccino|Ice\n|move|p2a: Cinccino|Triple Axel|p1a: Giratina\n|-supereffective|p1a: Giratina\n|-damage|p1a: Giratina|181/335\n|-supereffective|p1a: Giratina\n|-damage|p1a: Giratina|61/335\n|-supereffective|p1a: Giratina\n|-damage|p1a: Giratina|0 fnt\n|faint|p1a: Giratina\n|-hitcount|p1: Giratina|3\n|\n|upkeep\n|\n|t:|1782815250\n|switch|p1a: Slowking|Slowking, L88, M|237/310\n|-damage|p1a: Slowking|199/310|[from] Stealth Rock\n|turn|29\n|c|\u2606ban Freezai|Gg\n|\n|t:|1782815258\n|-terastallize|p1a: Slowking|Dragon\n|move|p2a: Cinccino|Bullet Seed|p1a: Slowking\n|-resisted|p1a: Slowking\n|-damage|p1a: Slowking|185/310\n|-resisted|p1a: Slowking\n|-damage|p1a: Slowking|172/310\n|-resisted|p1a: Slowking\n|-damage|p1a: Slowking|160/310\n|-resisted|p1a: Slowking\n|-crit|p1a: Slowking\n|-damage|p1a: Slowking|140/310\n|-resisted|p1a: Slowking\n|-damage|p1a: Slowking|128/310\n|-hitcount|p1a: Slowking|5\n|move|p1a: Slowking|Scald|p2a: Cinccino\n|-damage|p2a: Cinccino|139/260\n|-status|p2a: Cinccino|brn\n|\n|-damage|p2a: Cinccino|123/260 brn|[from] brn\n|upkeep\n|turn|30\n|\n|t:|1782815262\n|move|p2a: Cinccino|Triple Axel|p1a: Slowking\n|-supereffective|p1a: Slowking\n|-damage|p1a: Slowking|98/310\n|-supereffective|p1a: Slowking\n|-damage|p1a: Slowking|37/310\n|-supereffective|p1a: Slowking\n|-damage|p1a: Slowking|0 fnt\n|faint|p1a: Slowking\n|-hitcount|p1: Slowking|3\n|\n|win|ban Freezai\n|raw|nortonaf's rating: 2122 &rarr; <strong>2108</strong><br />(-14 for losing)\n|raw|ban Freezai's rating: 2235 &rarr; <strong>2249</strong><br />(+14 for winning)\n", "inputlog": ">version f8ac14003a5f27e1bdc8d8c59608a773c1cb96e5\n>start {\"formatid\":\"gen9randombattle\",\"seed\":\"sodium,2ffd8b62b76389f742e7c0cb50b2f95f\",\"rated\":\"Rated battle\"}\n>player p1 {\"name\":\"nortonaf\",\"avatar\":\"pokekid\",\"rating\":2122,\"seed\":\"sodium,99aceb90c71542f20388cd3c1ba434e8\"}\n>player p2 {\"name\":\"ban Freezai\",\"avatar\":\"1\",\"rating\":2235,\"seed\":\"sodium,cd569eba2debf8b78534b20d26887615\"}\n>p1 move chillyreception\n>p2 move bravebird\n>p1 switch 3\n>p1 move freezedry\n>p2 switch 6\n>p1 switch 2\n>p2 move freezedry\n>p1 move sludgewave\n>p2 switch 3\n>p1 move fierydance\n>p2 move stealthrock\n>p1 move fierydance\n>p2 move recover\n>p1 move fierydance\n>p2 move psychicnoise\n>p1 move sludgewave\n>p2 switch 6\n>p1 switch 5\n>p2 move bravebird\n>p1 move headsmash\n>p2 move hydropump\n>p1 switch 4\n>p1 move steameruption\n>p2 move roost\n>p2 switch 3\n>p1 switch 5\n>p2 move freezedry\n>p1 move morningsun\n>p2 switch 6\n>p1 move fierydance\n>p2 move knockoff\n>p1 move fierydance\n>p2 move recover\n>p2 switch 5\n>p1 switch 6\n>p2 move tailslap\n>p1 move willowisp\n>p2 switch 6\n>p1 switch 6\n>p2 move freezedry\n>p1 move fierydance\n>p2 move freezedry\n>p1 switch 5\n>p1 move flamethrower\n>p2 move freezedry\n>p1 move flamethrower\n>p2 move freezedry\n>p1 switch 3\n>p1 move psyshock\n>p2 move recover\n>p2 switch 2\n>p1 move chillyreception\n>p2 move knockoff\n>p1 switch 2\n>p1 move freezedry\n>p2 move knockoff\n>p1 move freezedry\n>p2 move energyball\n>p2 switch 6\n>p1 move dracometeor\n>p2 move tailslap\n>p1 move dracometeor\n>p2 move bulletseed\n>p1 switch 6\n>p1 move willowisp\n>p2 move tripleaxel terastallize\n>p1 switch 2\n>chat \u2606ban Freezai|Gg\n>p1 move scald terastallize\n>p2 move bulletseed\n>p1 move slackoff\n>p2 move tripleaxel", "uploadtime": 1782814944, "views": 5, "formatid": "gen9randombattle", "rating": 2108, "private": 0, "password": null, "player_dets": [{"name": "nortonaf", "avatar": "pokekid", "rating": 2122, "seed": "sodium,99aceb90c71542f20388cd3c1ba434e8"}, {"name": "ban Freezai", "avatar": "1", "rating": 2235, "seed": "sodium,cd569eba2debf8b78534b20d26887615"}], "teams_full": [{"Slowking": {"name": "Slowking", "species": "Slowking", "speciesId": "slowking", "gender": "M", "shiny": false, "level": 88, "moves": ["slackoff", "chillyreception", "scald", "psyshock"], "ability": "Regenerator", "evs": {"hp": 85, "atk": 0, "def": 85, "spa": 85, "spd": 85, "spe": 85}, "ivs": {"hp": 31, "atk": 0, "def": 31, "spa": 31, "spd": 31, "spe": 31}, "item": "Heavy-Duty Boots", "teraType": "Dragon", "role": "Bulky Attacker", "bvs": {"hp": 95, "atk": 75, "def": 80, "spa": 100, "spd": 110, "spe": 30}, "stats": {"hp": 310, "atk": 137, "def": 191, "spa": 226, "spd": 244, "spe": 103}, "types": ["Water", "Psychic"]}, "Iron Moth": {"name": "Iron Moth", "species": "Iron Moth", "speciesId": "ironmoth", "gender": "N", "shiny": false, "level": 78, "moves": ["sludgewave", "energyball", "fierydance", "morningsun"], "ability": "Quark Drive", "evs": {"hp": 85, "atk": 0, "def": 85, "spa": 85, "spd": 85, "spe": 85}, "ivs": {"hp": 31, "atk": 0, "def": 31, "spa": 31, "spd": 31, "spe": 31}, "item": "Heavy-Duty Boots", "teraType": "Grass", "role": "Fast Attacker", "bvs": {"hp": 80, "atk": 70, "def": 60, "spa": 140, "spd": 110, "spe": 110}, "stats": {"hp": 253, "atk": 114, "def": 139, "spa": 263, "spd": 217, "spe": 217}, "types": ["Fire", "Poison"]}, "Kyurem": {"name": "Kyurem", "species": "Kyurem-White", "speciesId": "kyuremwhite", "gender": "N", "shiny": false, "level": 73, "moves": ["dracometeor", "earthpower", "freezedry", "fusionflare"], "ability": "Turboblaze", "evs": {"hp": 85, "atk": 0, "def": 85, "spa": 85, "spd": 85, "spe": 85}, "ivs": {"hp": 31, "atk": 0, "def": 31, "spa": 31, "spd": 31, "spe": 31}, "item": "Choice Specs", "teraType": "Dragon", "role": "Fast Attacker", "bvs": {"hp": 125, "atk": 120, "def": 90, "spa": 170, "spd": 100, "spe": 95}, "stats": {"hp": 303, "atk": 180, "def": 174, "spa": 291, "spd": 188, "spe": 181}, "types": ["Dragon", "Ice"]}, "Volcanion": {"name": "Volcanion", "species": "Volcanion", "speciesId": "volcanion", "gender": "N", "shiny": false, "level": 79, "moves": ["flamethrower", "sludgebomb", "earthpower", "steameruption"], "ability": "Water Absorb", "evs": {"hp": 81, "atk": 0, "def": 85, "spa": 85, "spd": 85, "spe": 85}, "ivs": {"hp": 31, "atk": 0, "def": 31, "spa": 31, "spd": 31, "spe": 31}, "item": "Choice Scarf", "teraType": "Ground", "role": "Bulky Attacker", "bvs": {"hp": 80, "atk": 110, "def": 120, "spa": 130, "spd": 90, "spe": 70}, "stats": {"hp": 255, "atk": 178, "def": 235, "spa": 251, "spd": 188, "spe": 156}, "types": ["Fire", "Water"]}, "Rampardos": {"name": "Rampardos", "species": "Rampardos", "speciesId": "rampardos", "gender": "F", "shiny": false, "level": 90, "moves": ["rockslide", "firepunch", "earthquake", "headsmash"], "ability": "Sheer Force", "evs": {"hp": 85, "atk": 85, "def": 85, "spa": 85, "spd": 85, "spe": 85}, "ivs": {"hp": 31, "atk": 31, "def": 31, "spa": 31, "spd": 31, "spe": 31}, "item": "Choice Scarf", "teraType": "Ground", "role": "Fast Attacker", "bvs": {"hp": 97, "atk": 165, "def": 60, "spa": 65, "spd": 50, "spe": 58}, "stats": {"hp": 321, "atk": 348, "def": 159, "spa": 168, "spd": 141, "spe": 156}, "types": ["Rock"]}, "Giratina": {"name": "Giratina", "species": "Giratina-Origin", "speciesId": "giratinaorigin", "gender": "N", "shiny": false, "level": 72, "moves": ["willowisp", "dracometeor", "poltergeist", "dragontail"], "ability": "Levitate", "evs": {"hp": 85, "atk": 85, "def": 85, "spa": 85, "spd": 85, "spe": 85}, "ivs": {"hp": 31, "atk": 31, "def": 31, "spa": 31, "spd": 31, "spe": 31}, "item": "Griseous Core", "teraType": "Ghost", "role": "Fast Attacker", "bvs": {"hp": 150, "atk": 120, "def": 100, "spa": 120, "spd": 100, "spe": 90}, "stats": {"hp": 335, "atk": 215, "def": 186, "spa": 215, "spd": 186, "spe": 172}, "types": ["Ghost", "Dragon"]}}, {"Swanna": {"name": "Swanna", "species": "Swanna", "speciesId": "swanna", "gender": "M", "shiny": false, "level": 89, "moves": ["roost", "defog", "hydropump", "bravebird"], "ability": "Hydration", "evs": {"hp": 85, "atk": 85, "def": 85, "spa": 85, "spd": 85, "spe": 85}, "ivs": {"hp": 31, "atk": 31, "def": 31, "spa": 31, "spd": 31, "spe": 31}, "item": "Heavy-Duty Boots", "teraType": "Ground", "role": "Bulky Support", "bvs": {"hp": 75, "atk": 87, "def": 63, "spa": 87, "spd": 63, "spe": 98}, "stats": {"hp": 278, "atk": 206, "def": 163, "spa": 206, "spd": 163, "spe": 225}, "types": ["Water", "Flying"]}, "Meganium": {"name": "Meganium", "species": "Meganium", "speciesId": "meganium", "gender": "F", "shiny": false, "level": 90, "moves": ["energyball", "dragontail", "knockoff", "synthesis"], "ability": "Overgrow", "evs": {"hp": 85, "atk": 85, "def": 85, "spa": 85, "spd": 85, "spe": 85}, "ivs": {"hp": 31, "atk": 31, "def": 31, "spa": 31, "spd": 31, "spe": 31}, "item": "Leftovers", "teraType": "Water", "role": "Bulky Attacker", "bvs": {"hp": 80, "atk": 82, "def": 100, "spa": 83, "spd": 100, "spe": 80}, "stats": {"hp": 290, "atk": 199, "def": 231, "spa": 201, "spd": 231, "spe": 195}, "types": ["Grass"]}, "Deoxys": {"name": "Deoxys", "species": "Deoxys-Defense", "speciesId": "deoxysdefense", "gender": "N", "shiny": false, "level": 84, "moves": ["recover", "knockoff", "stealthrock", "psychicnoise"], "ability": "Pressure", "evs": {"hp": 85, "atk": 85, "def": 85, "spa": 85, "spd": 85, "spe": 85}, "ivs": {"hp": 31, "atk": 31, "def": 31, "spa": 31, "spd": 31, "spe": 31}, "item": "Rocky Helmet", "teraType": "Dark", "role": "Bulky Support", "bvs": {"hp": 50, "atk": 70, "def": 160, "spa": 70, "spd": 160, "spe": 90}, "stats": {"hp": 221, "atk": 166, "def": 317, "spa": 166, "spd": 317, "spe": 199}, "types": ["Psychic"]}, "Weezing": {"name": "Weezing", "species": "Weezing", "speciesId": "weezing", "gender": "F", "shiny": false, "level": 88, "moves": ["painsplit", "fireblast", "sludgebomb", "toxicspikes"], "ability": "Levitate", "evs": {"hp": 85, "atk": 0, "def": 85, "spa": 85, "spd": 85, "spe": 85}, "ivs": {"hp": 31, "atk": 0, "def": 31, "spa": 31, "spd": 31, "spe": 31}, "item": "Leftovers", "teraType": "Steel", "role": "Bulky Attacker", "bvs": {"hp": 65, "atk": 90, "def": 120, "spa": 85, "spd": 70, "spe": 60}, "stats": {"hp": 258, "atk": 163, "def": 261, "spa": 200, "spd": 173, "spe": 156}, "types": ["Poison"]}, "Cinccino": {"name": "Cinccino", "species": "Cinccino", "speciesId": "cinccino", "gender": "M", "shiny": false, "level": 83, "moves": ["uturn", "bulletseed", "tripleaxel", "tailslap"], "ability": "Technician", "evs": {"hp": 85, "atk": 85, "def": 85, "spa": 85, "spd": 85, "spe": 85}, "ivs": {"hp": 31, "atk": 31, "def": 31, "spa": 31, "spd": 31, "spe": 31}, "item": "Loaded Dice", "teraType": "Ice", "role": "Fast Attacker", "bvs": {"hp": 75, "atk": 95, "def": 60, "spa": 65, "spd": 60, "spe": 115}, "stats": {"hp": 260, "atk": 205, "def": 147, "spa": 156, "spd": 147, "spe": 239}, "types": ["Normal"]}, "Cryogonal": {"name": "Cryogonal", "species": "Cryogonal", "speciesId": "cryogonal", "gender": "N", "shiny": false, "level": 89, "moves": ["flashcannon", "recover", "haze", "freezedry"], "ability": "Levitate", "evs": {"hp": 85, "atk": 0, "def": 85, "spa": 85, "spd": 85, "spe": 85}, "ivs": {"hp": 31, "atk": 0, "def": 31, "spa": 31, "spd": 31, "spe": 31}, "item": "Heavy-Duty Boots", "teraType": "Steel", "role": "Bulky Support", "bvs": {"hp": 80, "atk": 50, "def": 50, "spa": 95, "spd": 135, "spe": 105}, "stats": {"hp": 287, "atk": 94, "def": 140, "spa": 220, "spd": 291, "spe": 238}, "types": ["Ice"]}}]}