{"id": "gen9randombattle-2641119892", "format": "[Gen 9] Random Battle", "players": ["dr.drill", "Jhonae"], "log": "|j|\u2606dr.drill\n|j|\u2606Jhonae\n|t:|1782742981\n|gametype|singles\n|player|p1|dr.drill|shadowtriad|1644\n|player|p2|Jhonae|102|1688\n|gen|9\n|tier|[Gen 9] Random Battle\n|rated|\n|rule|Species Clause: Limit one of each Pok\u00e9mon\n|rule|HP Percentage Mod: HP is shown in percentages\n|rule|Sleep Clause Mod: Limit one foe put to sleep\n|rule|Illusion Level Mod: Illusion disguises the Pok\u00e9mon's true level\n|\n|t:|1782742981\n|teamsize|p1|6\n|teamsize|p2|6\n|start\n|switch|p1a: Vaporeon|Vaporeon, L86, M|364/364\n|switch|p2a: Noctowl|Noctowl, L95, M|344/344\n|turn|1\n|\n|t:|1782742991\n|switch|p2a: Blissey|Blissey, L85, F|572/572\n|move|p1a: Vaporeon|Ice Beam|p2a: Blissey\n|-damage|p2a: Blissey|524/572\n|\n|-heal|p2a: Blissey|559/572|[from] item: Leftovers\n|upkeep\n|turn|2\n|\n|t:|1782742998\n|switch|p1a: Ting-Lu|Ting-Lu, L78|370/370\n|-ability|p1a: Ting-Lu|Vessel of Ruin\n|move|p2a: Blissey|Thunder Wave|p1a: Ting-Lu\n|-immune|p1a: Ting-Lu\n|\n|-heal|p2a: Blissey|572/572|[from] item: Leftovers\n|upkeep\n|turn|3\n|\n|t:|1782743014\n|switch|p2a: Vikavolt|Vikavolt, L83, F|263/263\n|move|p1a: Ting-Lu|Spikes|p2a: Vikavolt\n|-sidestart|p2: Jhonae|Spikes\n|\n|upkeep\n|turn|4\n|\n|t:|1782743027\n|switch|p1a: Iron Boulder|Iron Boulder, L77|265/265\n|move|p2a: Vikavolt|Sticky Web|p1a: Iron Boulder\n|-sidestart|p1: dr.drill|move: Sticky Web\n|\n|upkeep\n|turn|5\n|\n|t:|1782743044\n|switch|p2a: Carbink|Carbink, L90|236/236\n|-damage|p2a: Carbink|207/236|[from] Spikes\n|-terastallize|p1a: Iron Boulder|Fighting\n|move|p1a: Iron Boulder|Swords Dance|p1a: Iron Boulder\n|-boost|p1a: Iron Boulder|atk|2\n|\n|-heal|p2a: Carbink|221/236|[from] item: Leftovers\n|upkeep\n|turn|6\n|\n|t:|1782743059\n|move|p1a: Iron Boulder|Zen Headbutt|p2a: Carbink\n|-damage|p2a: Carbink|75/236\n|-damage|p1a: Iron Boulder|239/265|[from] item: Life Orb\n|cant|p2a: Carbink|flinch\n|\n|-heal|p2a: Carbink|89/236|[from] item: Leftovers\n|upkeep\n|turn|7\n|\n|t:|1782743067\n|move|p1a: Iron Boulder|Zen Headbutt|p2a: Carbink\n|-damage|p2a: Carbink|0 fnt\n|faint|p2a: Carbink\n|-damage|p1a: Iron Boulder|213/265|[from] item: Life Orb\n|\n|upkeep\n|\n|t:|1782743073\n|switch|p2a: Empoleon|Empoleon, L84, F|278/278\n|-damage|p2a: Empoleon|244/278|[from] Spikes\n|turn|8\n|\n|t:|1782743083\n|-terastallize|p2a: Empoleon|Flying\n|move|p1a: Iron Boulder|Mighty Cleave|p2a: Empoleon\n|-supereffective|p2a: Empoleon\n|-damage|p2a: Empoleon|0 fnt\n|faint|p2a: Empoleon\n|-damage|p1a: Iron Boulder|187/265|[from] item: Life Orb\n|\n|upkeep\n|\n|t:|1782743090\n|switch|p2a: Zebstrika|Zebstrika, L87, F|272/272\n|-damage|p2a: Zebstrika|238/272|[from] Spikes\n|turn|9\n|\n|t:|1782743095\n|move|p2a: Zebstrika|Supercell Slam|p1a: Iron Boulder|[miss]\n|-miss|p2a: Zebstrika|p1a: Iron Boulder\n|-damage|p2a: Zebstrika|102/272|[from] supercellslam\n|move|p1a: Iron Boulder|Mighty Cleave|p2a: Zebstrika\n|-damage|p2a: Zebstrika|0 fnt\n|faint|p2a: Zebstrika\n|-damage|p1a: Iron Boulder|161/265|[from] item: Life Orb\n|\n|upkeep\n|-message|Jhonae forfeited.\n|\n|win|dr.drill\n|raw|dr.drill's rating: 1644 &rarr; <strong>1667</strong><br />(+23 for winning)\n|raw|Jhonae's rating: 1688 &rarr; <strong>1665</strong><br />(-23 for losing)\n|l|\u2606Jhonae\n|player|p2|\n", "inputlog": ">version f8ac14003a5f27e1bdc8d8c59608a773c1cb96e5\n>start {\"formatid\":\"gen9randombattle\",\"seed\":\"sodium,f68280a64ad457b411e31747f77b565b\",\"rated\":\"Rated battle\"}\n>player p1 {\"name\":\"dr.drill\",\"avatar\":\"shadowtriad\",\"rating\":1644,\"seed\":\"sodium,343eab13a2265d063bdc0eaaed151d6a\"}\n>player p2 {\"name\":\"Jhonae\",\"avatar\":\"102\",\"rating\":1688,\"seed\":\"sodium,548c782cb4351749d065f0410eff8974\"}\n>p1 move icebeam\n>p2 switch 4\n>p1 switch 4\n>p2 move thunderwave\n>p1 move spikes\n>p2 switch 5\n>p1 switch 6\n>p2 move stickyweb\n>p1 move swordsdance terastallize\n>p2 switch 3\n>p1 move zenheadbutt\n>p2 move irondefense\n>p1 move zenheadbutt\n>p2 move moonblast\n>p2 switch 2\n>p1 move mightycleave\n>p2 move surf terastallize\n>p2 switch 6\n>p1 move mightycleave\n>p2 move supercellslam\n>forcelose p2", "uploadtime": 1782743107, "views": 5, "formatid": "gen9randombattle", "rating": 1665, "private": 0, "password": null, "player_dets": [{"name": "dr.drill", "avatar": "shadowtriad", "rating": 1644, "seed": "sodium,343eab13a2265d063bdc0eaaed151d6a"}, {"name": "Jhonae", "avatar": "102", "rating": 1688, "seed": "sodium,548c782cb4351749d065f0410eff8974"}], "teams_full": [{"Vaporeon": {"name": "Vaporeon", "species": "Vaporeon", "speciesId": "vaporeon", "gender": "M", "shiny": false, "level": 86, "moves": ["protect", "icebeam", "wish", "scald"], "ability": "Water Absorb", "evs": {"hp": 85, "atk": 0, "def": 85, "spa": 85, "spd": 85, "spe": 85}, "ivs": {"hp": 31, "atk": 0, "def": 31, "spa": 31, "spd": 31, "spe": 31}, "item": "Leftovers", "teraType": "Ground", "role": "Bulky Support", "bvs": {"hp": 130, "atk": 65, "def": 60, "spa": 110, "spd": 95, "spe": 65}, "stats": {"hp": 364, "atk": 116, "def": 152, "spa": 238, "spd": 213, "spe": 161}, "types": ["Water"]}, "Archaludon": {"name": "Archaludon", "species": "Archaludon", "speciesId": "archaludon", "gender": "M", "shiny": false, "level": 78, "moves": ["swordsdance", "ironhead", "outrage", "earthquake"], "ability": "Stamina", "evs": {"hp": 85, "atk": 85, "def": 85, "spa": 85, "spd": 85, "spe": 85}, "ivs": {"hp": 31, "atk": 31, "def": 31, "spa": 31, "spd": 31, "spe": 31}, "item": "Lum Berry", "teraType": "Ground", "role": "Bulky Setup", "bvs": {"hp": 90, "atk": 105, "def": 130, "spa": 125, "spd": 65, "spe": 85}, "stats": {"hp": 268, "atk": 209, "def": 248, "spa": 240, "spd": 146, "spe": 178}, "types": ["Steel", "Dragon"]}, "Indeedee": {"name": "Indeedee", "species": "Indeedee-F", "speciesId": "indeedeef", "gender": "F", "shiny": false, "level": 90, "moves": ["psyshock", "dazzlinggleam", "shadowball", "hypervoice"], "ability": "Psychic Surge", "evs": {"hp": 85, "atk": 0, "def": 85, "spa": 85, "spd": 85, "spe": 85}, "ivs": {"hp": 31, "atk": 0, "def": 31, "spa": 31, "spd": 31, "spe": 31}, "item": "Choice Specs", "teraType": "Fairy", "role": "Fast Attacker", "bvs": {"hp": 70, "atk": 55, "def": 65, "spa": 95, "spd": 105, "spe": 85}, "stats": {"hp": 272, "atk": 104, "def": 168, "spa": 222, "spd": 240, "spe": 204}, "types": ["Psychic", "Normal"]}, "Ting-Lu": {"name": "Ting-Lu", "species": "Ting-Lu", "speciesId": "tinglu", "gender": "N", "shiny": false, "level": 78, "moves": ["spikes", "earthquake", "throatchop", "whirlwind"], "ability": "Vessel of Ruin", "evs": {"hp": 85, "atk": 85, "def": 85, "spa": 85, "spd": 85, "spe": 85}, "ivs": {"hp": 31, "atk": 31, "def": 31, "spa": 31, "spd": 31, "spe": 31}, "item": "Leftovers", "teraType": "Poison", "role": "Bulky Support", "bvs": {"hp": 155, "atk": 110, "def": 125, "spa": 55, "spd": 80, "spe": 45}, "stats": {"hp": 370, "atk": 217, "def": 240, "spa": 131, "spd": 170, "spe": 115}, "types": ["Dark", "Ground"]}, "Glimmora": {"name": "Glimmora", "species": "Glimmora", "speciesId": "glimmora", "gender": "F", "shiny": false, "level": 75, "moves": ["sludgewave", "earthpower", "meteorbeam", "energyball"], "ability": "Toxic Debris", "evs": {"hp": 85, "atk": 0, "def": 85, "spa": 85, "spd": 85, "spe": 85}, "ivs": {"hp": 31, "atk": 0, "def": 31, "spa": 31, "spd": 31, "spe": 31}, "item": "Power Herb", "teraType": "Grass", "role": "Setup Sweeper", "bvs": {"hp": 83, "atk": 55, "def": 90, "spa": 130, "spd": 81, "spe": 86}, "stats": {"hp": 248, "atk": 87, "def": 179, "spa": 239, "spd": 165, "spe": 173}, "types": ["Rock", "Poison"]}, "Iron Boulder": {"name": "Iron Boulder", "species": "Iron Boulder", "speciesId": "ironboulder", "gender": "N", "shiny": false, "level": 77, "moves": ["mightycleave", "closecombat", "swordsdance", "zenheadbutt"], "ability": "Quark Drive", "evs": {"hp": 85, "atk": 85, "def": 85, "spa": 85, "spd": 85, "spe": 85}, "ivs": {"hp": 31, "atk": 31, "def": 31, "spa": 31, "spd": 31, "spe": 31}, "item": "Life Orb", "teraType": "Fighting", "role": "Setup Sweeper", "bvs": {"hp": 90, "atk": 120, "def": 80, "spa": 68, "spd": 108, "spe": 124}, "stats": {"hp": 265, "atk": 229, "def": 168, "spa": 149, "spd": 211, "spe": 236}, "types": ["Rock", "Psychic"]}}, {"Noctowl": {"name": "Noctowl", "species": "Noctowl", "speciesId": "noctowl", "gender": "M", "shiny": false, "level": 95, "moves": ["hurricane", "hypervoice", "roost", "calmmind"], "ability": "Tinted Lens", "evs": {"hp": 85, "atk": 0, "def": 85, "spa": 85, "spd": 85, "spe": 85}, "ivs": {"hp": 31, "atk": 0, "def": 31, "spa": 31, "spd": 31, "spe": 31}, "item": "Heavy-Duty Boots", "teraType": "Ground", "role": "Bulky Attacker", "bvs": {"hp": 100, "atk": 50, "def": 50, "spa": 86, "spd": 96, "spe": 70}, "stats": {"hp": 344, "atk": 100, "def": 149, "spa": 217, "spd": 236, "spe": 187}, "types": ["Normal", "Flying"]}, "Empoleon": {"name": "Empoleon", "species": "Empoleon", "speciesId": "empoleon", "gender": "F", "shiny": false, "level": 84, "moves": ["surf", "knockoff", "roost", "icebeam"], "ability": "Competitive", "evs": {"hp": 85, "atk": 85, "def": 85, "spa": 85, "spd": 85, "spe": 85}, "ivs": {"hp": 31, "atk": 31, "def": 31, "spa": 31, "spd": 31, "spe": 31}, "item": "Leftovers", "teraType": "Flying", "role": "Bulky Support", "bvs": {"hp": 84, "atk": 86, "def": 88, "spa": 111, "spd": 101, "spe": 60}, "stats": {"hp": 278, "atk": 193, "def": 196, "spa": 235, "spd": 218, "spe": 149}, "types": ["Water", "Steel"]}, "Carbink": {"name": "Carbink", "species": "Carbink", "speciesId": "carbink", "gender": "N", "shiny": false, "level": 90, "moves": ["irondefense", "moonblast", "bodypress", "rockpolish"], "ability": "Sturdy", "evs": {"hp": 85, "atk": 0, "def": 85, "spa": 85, "spd": 85, "spe": 85}, "ivs": {"hp": 31, "atk": 0, "def": 31, "spa": 31, "spd": 31, "spe": 31}, "item": "Leftovers", "teraType": "Fighting", "role": "Fast Bulky Setup", "bvs": {"hp": 50, "atk": 50, "def": 150, "spa": 50, "spd": 150, "spe": 50}, "stats": {"hp": 236, "atk": 95, "def": 321, "spa": 141, "spd": 321, "spe": 141}, "types": ["Rock", "Fairy"]}, "Blissey": {"name": "Blissey", "species": "Blissey", "speciesId": "blissey", "gender": "F", "shiny": false, "level": 85, "moves": ["softboiled", "healbell", "thunderwave", "seismictoss"], "ability": "Natural Cure", "evs": {"hp": 85, "atk": 0, "def": 85, "spa": 85, "spd": 85, "spe": 85}, "ivs": {"hp": 31, "atk": 0, "def": 31, "spa": 31, "spd": 31, "spe": 31}, "item": "Leftovers", "teraType": "Poison", "role": "Bulky Support", "bvs": {"hp": 255, "atk": 10, "def": 10, "spa": 75, "spd": 135, "spe": 55}, "stats": {"hp": 572, "atk": 22, "def": 66, "spa": 176, "spd": 278, "spe": 142}, "types": ["Normal"]}, "Vikavolt": {"name": "Vikavolt", "species": "Vikavolt", "speciesId": "vikavolt", "gender": "F", "shiny": false, "level": 83, "moves": ["stickyweb", "energyball", "thunderbolt", "bugbuzz"], "ability": "Levitate", "evs": {"hp": 85, "atk": 0, "def": 85, "spa": 85, "spd": 85, "spe": 85}, "ivs": {"hp": 31, "atk": 0, "def": 31, "spa": 31, "spd": 31, "spe": 31}, "item": "Heavy-Duty Boots", "teraType": "Electric", "role": "Bulky Support", "bvs": {"hp": 77, "atk": 70, "def": 90, "spa": 145, "spd": 75, "spe": 43}, "stats": {"hp": 263, "atk": 121, "def": 197, "spa": 288, "spd": 172, "spe": 119}, "types": ["Bug", "Electric"]}, "Zebstrika": {"name": "Zebstrika", "species": "Zebstrika", "speciesId": "zebstrika", "gender": "F", "shiny": false, "level": 87, "moves": ["overheat", "voltswitch", "highhorsepower", "supercellslam"], "ability": "Sap Sipper", "evs": {"hp": 85, "atk": 85, "def": 85, "spa": 85, "spd": 85, "spe": 85}, "ivs": {"hp": 31, "atk": 31, "def": 31, "spa": 31, "spd": 31, "spe": 31}, "item": "Life Orb", "teraType": "Ground", "role": "Fast Attacker", "bvs": {"hp": 75, "atk": 100, "def": 63, "spa": 80, "spd": 63, "spe": 116}, "stats": {"hp": 272, "atk": 224, "def": 159, "spa": 189, "spd": 159, "spe": 252}, "types": ["Electric"]}}]}