{"id": "gen9randombattle-2641552344", "format": "[Gen 9] Random Battle", "players": ["Calibold", "Zibabu"], "log": "|j|\u2606Calibold\n|j|\u2606Zibabu\n|t:|1782806410\n|gametype|singles\n|player|p1|Calibold|larry|2035\n|player|p2|Zibabu|102|2004\n|gen|9\n|tier|[Gen 9] Random Battle\n|rated|\n|rule|Species Clause: Limit one of each Pok\u00e9mon\n|rule|HP Percentage Mod: HP is shown in percentages\n|rule|Sleep Clause Mod: Limit one foe put to sleep\n|rule|Illusion Level Mod: Illusion disguises the Pok\u00e9mon's true level\n|\n|t:|1782806410\n|teamsize|p1|6\n|teamsize|p2|6\n|start\n|switch|p1a: Drifblim|Drifblim, L86, M|396/396\n|switch|p2a: Rayquaza|Rayquaza, L72|270/270\n|-ability|p2a: Rayquaza|Air Lock\n|turn|1\n|inactive|Battle timer is ON: inactive players will automatically lose when time's up. (requested by Zibabu)\n|\n|t:|1782806419\n|switch|p1a: Skarmory|Skarmory, L80, M|235/235\n|switch|p2a: Probopass|Probopass, L91, F|257/257\n|\n|upkeep\n|turn|2\n|\n|t:|1782806425\n|move|p1a: Skarmory|Spikes|p2a: Probopass\n|-sidestart|p2: Zibabu|Spikes\n|move|p2a: Probopass|Thunder Wave|p1a: Skarmory\n|-status|p1a: Skarmory|par\n|\n|upkeep\n|turn|3\n|\n|t:|1782806428\n|move|p2a: Probopass|Iron Defense|p2a: Probopass\n|-boost|p2a: Probopass|def|2\n|move|p1a: Skarmory|Whirlwind|p2a: Probopass\n|drag|p2a: Scrafty|Scrafty, L83, F|244/244\n|-damage|p2a: Scrafty|214/244|[from] Spikes\n|-ability|p2a: Scrafty|Intimidate|boost\n|-unboost|p1a: Skarmory|atk|1\n|\n|-heal|p2a: Scrafty|229/244|[from] item: Leftovers\n|upkeep\n|turn|4\n|\n|t:|1782806437\n|move|p2a: Scrafty|Knock Off|p1a: Skarmory\n|-damage|p1a: Skarmory|169/235 par\n|-damage|p2a: Scrafty|189/244|[from] item: Rocky Helmet|[of] p1a: Skarmory\n|-enditem|p1a: Skarmory|Rocky Helmet|[from] move: Knock Off|[of] p2a: Scrafty\n|cant|p1a: Skarmory|par\n|\n|-heal|p2a: Scrafty|204/244|[from] item: Leftovers\n|upkeep\n|turn|5\n|\n|t:|1782806441\n|switch|p2a: Probopass|Probopass, L91, F|257/257\n|-damage|p2a: Probopass|225/257|[from] Spikes\n|move|p1a: Skarmory|Whirlwind|p2a: Probopass\n|drag|p2a: Breloom|Breloom, L83, M|235/235\n|-damage|p2a: Breloom|206/235|[from] Spikes\n|\n|upkeep\n|turn|6\n|\n|t:|1782806446\n|move|p2a: Breloom|Swords Dance|p2a: Breloom\n|-boost|p2a: Breloom|atk|2\n|move|p1a: Skarmory|Roost|p1a: Skarmory\n|-heal|p1a: Skarmory|235/235 par\n|-singleturn|p1a: Skarmory|move: Roost\n|\n|upkeep\n|turn|7\n|\n|t:|1782806450\n|move|p2a: Breloom|Rock Tomb|p1a: Skarmory\n|-damage|p1a: Skarmory|87/235 par\n|-unboost|p1a: Skarmory|spe|1\n|-damage|p2a: Breloom|183/235|[from] item: Life Orb\n|move|p1a: Skarmory|Whirlwind|p2a: Breloom\n|drag|p2a: Delphox|Delphox, L84, F|263/263\n|\n|upkeep\n|turn|8\n|\n|t:|1782806462\n|switch|p1a: Drifblim|Drifblim, L86, M|396/396\n|move|p2a: Delphox|Nasty Plot|p2a: Delphox\n|-boost|p2a: Delphox|spa|2\n|\n|upkeep\n|turn|9\n|\n|t:|1782806467\n|move|p2a: Delphox|Fire Blast|p1a: Drifblim\n|-damage|p1a: Drifblim|56/396\n|-enditem|p1a: Drifblim|Sitrus Berry|[eat]\n|-heal|p1a: Drifblim|155/396|[from] item: Sitrus Berry\n|move|p1a: Drifblim|Shadow Ball|p2a: Delphox\n|-supereffective|p2a: Delphox\n|-damage|p2a: Delphox|107/263\n|-unboost|p2a: Delphox|spd|1\n|\n|upkeep\n|turn|10\n|\n|t:|1782806473\n|move|p1a: Drifblim|Shadow Ball|p2a: Delphox\n|-supereffective|p2a: Delphox\n|-damage|p2a: Delphox|0 fnt\n|faint|p2a: Delphox\n|\n|upkeep\n|\n|t:|1782806482\n|switch|p2a: Probopass|Probopass, L91, F|225/257\n|-damage|p2a: Probopass|193/257|[from] Spikes\n|turn|11\n|\n|t:|1782806488\n|move|p1a: Drifblim|Strength Sap|p2a: Probopass\n|-unboost|p2a: Probopass|atk|1\n|-heal|p1a: Drifblim|260/396\n|move|p2a: Probopass|Power Gem|p1a: Drifblim\n|-supereffective|p1a: Drifblim\n|-damage|p1a: Drifblim|32/396\n|\n|-heal|p2a: Probopass|209/257|[from] item: Leftovers\n|upkeep\n|turn|12\n|\n|t:|1782806493\n|switch|p1a: Toedscruel|Toedscruel, L87, M|281/281\n|move|p2a: Probopass|Power Gem|p1a: Toedscruel\n|-resisted|p1a: Toedscruel\n|-damage|p1a: Toedscruel|251/281\n|\n|-heal|p1a: Toedscruel|268/281|[from] item: Leftovers\n|-heal|p2a: Probopass|225/257|[from] item: Leftovers\n|upkeep\n|turn|13\n|\n|t:|1782806501\n|switch|p2a: Scrafty|Scrafty, L83, F|204/244\n|-damage|p2a: Scrafty|174/244|[from] Spikes\n|-ability|p2a: Scrafty|Intimidate|boost\n|-unboost|p1a: Toedscruel|atk|1\n|move|p1a: Toedscruel|Earth Power|p2a: Scrafty\n|-damage|p2a: Scrafty|101/244\n|\n|-heal|p1a: Toedscruel|281/281|[from] item: Leftovers\n|-heal|p2a: Scrafty|116/244|[from] item: Leftovers\n|upkeep\n|turn|14\n|\n|t:|1782806507\n|move|p1a: Toedscruel|Leaf Storm|p2a: Scrafty\n|-damage|p2a: Scrafty|17/244\n|-unboost|p1a: Toedscruel|spa|2\n|move|p2a: Scrafty|Knock Off|p1a: Toedscruel\n|-damage|p1a: Toedscruel|169/281\n|-enditem|p1a: Toedscruel|Leftovers|[from] move: Knock Off|[of] p2a: Scrafty\n|\n|-heal|p2a: Scrafty|32/244|[from] item: Leftovers\n|upkeep\n|turn|15\n|\n|t:|1782806511\n|move|p1a: Toedscruel|Leaf Storm|p2a: Scrafty\n|-damage|p2a: Scrafty|0 fnt\n|-unboost|p1a: Toedscruel|spa|2\n|faint|p2a: Scrafty\n|\n|upkeep\n|\n|t:|1782806514\n|switch|p2a: Furret|Furret, L94, M|312/312\n|-damage|p2a: Furret|273/312|[from] Spikes\n|turn|16\n|\n|t:|1782806522\n|switch|p1a: Drifblim|Drifblim, L86, M|32/396\n|move|p2a: Furret|Tidy Up|p2a: Furret\n|-sideend|p2: Zibabu|Spikes\n|-activate|p2a: Furret|move: Tidy Up\n|-boost|p2a: Furret|atk|1\n|-boost|p2a: Furret|spe|1\n|\n|upkeep\n|turn|17\n|\n|t:|1782806527\n|move|p2a: Furret|Tidy Up|p2a: Furret\n|-boost|p2a: Furret|atk|1\n|-boost|p2a: Furret|spe|1\n|move|p1a: Drifblim|Strength Sap|p2a: Furret\n|-unboost|p2a: Furret|atk|1\n|-heal|p1a: Drifblim|396/396\n|\n|upkeep\n|turn|18\n|\n|t:|1782806535\n|move|p2a: Furret|Knock Off|p1a: Drifblim\n|-supereffective|p1a: Drifblim\n|-damage|p1a: Drifblim|120/396\n|-damage|p2a: Furret|242/312|[from] item: Life Orb\n|move|p1a: Drifblim|Strength Sap|p2a: Furret\n|-unboost|p2a: Furret|atk|1\n|-heal|p1a: Drifblim|396/396\n|\n|upkeep\n|turn|19\n|\n|t:|1782806539\n|move|p2a: Furret|Knock Off|p1a: Drifblim\n|-supereffective|p1a: Drifblim\n|-damage|p1a: Drifblim|204/396\n|-damage|p2a: Furret|211/312|[from] item: Life Orb\n|move|p1a: Drifblim|Strength Sap|p2a: Furret\n|-unboost|p2a: Furret|atk|1\n|-heal|p1a: Drifblim|396/396\n|\n|upkeep\n|turn|20\n|\n|t:|1782806543\n|switch|p2a: Breloom|Breloom, L83, M|183/235\n|move|p1a: Drifblim|Air Slash|p2a: Breloom\n|-supereffective|p2a: Breloom\n|-damage|p2a: Breloom|0 fnt\n|faint|p2a: Breloom\n|\n|upkeep\n|\n|t:|1782806546\n|switch|p2a: Rayquaza|Rayquaza, L72|270/270\n|-ability|p2a: Rayquaza|Air Lock\n|turn|21\n|\n|t:|1782806552\n|switch|p1a: Skarmory|Skarmory, L80, M|87/235 par\n|move|p2a: Rayquaza|Dragon Dance|p2a: Rayquaza\n|-boost|p2a: Rayquaza|atk|1\n|-boost|p2a: Rayquaza|spe|1\n|\n|upkeep\n|turn|22\n|\n|t:|1782806558\n|move|p2a: Rayquaza|Outrage|p1a: Skarmory\n|-resisted|p1a: Skarmory\n|-crit|p1a: Skarmory\n|-damage|p1a: Skarmory|0 fnt\n|faint|p1a: Skarmory\n|\n|upkeep\n|\n|t:|1782806564\n|switch|p1a: Espathra|Espathra, L80, M|283/283\n|turn|23\n|\n|t:|1782806566\n|-terastallize|p1a: Espathra|Fairy\n|move|p2a: Rayquaza|Outrage|p1a: Espathra|[from] lockedmove\n|-immune|p1a: Espathra\n|-start|p2a: Rayquaza|confusion|[fatigue]\n|move|p1a: Espathra|Calm Mind|p1a: Espathra\n|-boost|p1a: Espathra|spa|1\n|-boost|p1a: Espathra|spd|1\n|\n|-ability|p1a: Espathra|Speed Boost|boost\n|-boost|p1a: Espathra|spe|1\n|upkeep\n|turn|24\n|\n|t:|1782806571\n|move|p1a: Espathra|Dazzling Gleam|p2a: Rayquaza\n|-supereffective|p2a: Rayquaza\n|-damage|p2a: Rayquaza|6/270\n|-activate|p2a: Rayquaza|confusion\n|-damage|p2a: Rayquaza|0 fnt|[from] confusion\n|faint|p2a: Rayquaza\n|\n|-ability|p1a: Espathra|Speed Boost|boost\n|-boost|p1a: Espathra|spe|1\n|upkeep\n|\n|t:|1782806578\n|switch|p2a: Probopass|Probopass, L91, F|225/257\n|turn|25\n|\n|t:|1782806584\n|move|p1a: Espathra|Calm Mind|p1a: Espathra\n|-boost|p1a: Espathra|spa|1\n|-boost|p1a: Espathra|spd|1\n|move|p2a: Probopass|Thunder Wave|p1a: Espathra\n|-status|p1a: Espathra|par\n|\n|-heal|p2a: Probopass|241/257|[from] item: Leftovers\n|-ability|p1a: Espathra|Speed Boost|boost\n|-boost|p1a: Espathra|spe|1\n|upkeep\n|turn|26\n|\n|t:|1782806592\n|move|p1a: Espathra|Calm Mind|p1a: Espathra\n|-boost|p1a: Espathra|spa|1\n|-boost|p1a: Espathra|spd|1\n|move|p2a: Probopass|Iron Defense|p2a: Probopass\n|-boost|p2a: Probopass|def|2\n|\n|-heal|p2a: Probopass|257/257|[from] item: Leftovers\n|-ability|p1a: Espathra|Speed Boost|boost\n|-boost|p1a: Espathra|spe|1\n|upkeep\n|turn|27\n|\n|t:|1782806595\n|move|p1a: Espathra|Stored Power|p2a: Probopass\n|-resisted|p2a: Probopass\n|-damage|p2a: Probopass|77/257\n|move|p2a: Probopass|Iron Defense|p2a: Probopass\n|-boost|p2a: Probopass|def|2\n|\n|-heal|p2a: Probopass|93/257|[from] item: Leftovers\n|-ability|p1a: Espathra|Speed Boost|boost\n|-boost|p1a: Espathra|spe|1\n|upkeep\n|turn|28\n|\n|t:|1782806597\n|move|p1a: Espathra|Stored Power|p2a: Probopass\n|-resisted|p2a: Probopass\n|-damage|p2a: Probopass|0 fnt\n|faint|p2a: Probopass\n|\n|-ability|p1a: Espathra|Speed Boost|boost\n|-boost|p1a: Espathra|spe|1\n|upkeep\n|\n|t:|1782806598\n|switch|p2a: Furret|Furret, L94, M|211/312\n|-item|p1a: Espathra|Leftovers|[from] ability: Frisk|[of] p2a: Furret\n|turn|29\n|\n|t:|1782806601\n|move|p1a: Espathra|Stored Power|p2a: Furret\n|-damage|p2a: Furret|0 fnt\n|faint|p2a: Furret\n|\n|win|Calibold\n", "inputlog": ">version f8ac14003a5f27e1bdc8d8c59608a773c1cb96e5\n>start {\"formatid\":\"gen9randombattle\",\"seed\":\"sodium,e4c4bb4de7bfed0a45fd07d7e21485f7\",\"rated\":\"Rated battle\"}\n>player p1 {\"name\":\"Calibold\",\"avatar\":\"larry\",\"rating\":2035,\"seed\":\"sodium,a4aba25ad8eae1ac276b730420cd2c40\"}\n>player p2 {\"name\":\"Zibabu\",\"avatar\":\"102\",\"rating\":2004,\"seed\":\"sodium,a8466cb5f4d5a2accabe675146933a8e\"}\n>p1 switch 2\n>p2 switch 5\n>p1 move spikes\n>p2 move thunderwave\n>p1 move whirlwind\n>p2 move irondefense\n>p1 move whirlwind\n>p2 move knockoff\n>p1 move whirlwind\n>p2 switch 4\n>p1 move roost\n>p2 move swordsdance\n>p1 move whirlwind\n>p2 move rocktomb\n>p1 switch 2\n>p2 move nastyplot\n>p1 move shadowball\n>p2 move fireblast\n>p1 move shadowball\n>p2 move psyshock\n>p2 switch 6\n>p1 move strengthsap\n>p2 move powergem\n>p1 switch 6\n>p2 move powergem\n>p1 move earthpower\n>p2 switch 4\n>p1 move leafstorm\n>p2 move knockoff\n>p1 move leafstorm\n>p2 move dragondance\n>p2 switch 2\n>p1 switch 6\n>p2 move tidyup\n>p1 move strengthsap\n>p2 move tidyup\n>p1 move strengthsap\n>p2 move knockoff\n>p1 move strengthsap\n>p2 move knockoff\n>p1 move airslash\n>p2 switch 3\n>p2 switch 5\n>p1 switch 2\n>p2 move dragondance\n>p1 move roost\n>p2 move outrage\n>p1 switch 3\n>p1 move calmmind terastallize\n>p2 move outrage\n>p1 move dazzlinggleam\n>p2 move dragondance\n>p2 switch 4\n>p1 move calmmind\n>p2 move thunderwave\n>p1 move calmmind\n>p2 move irondefense\n>p1 move storedpower\n>p2 move irondefense\n>p1 move storedpower\n>p2 move bodypress\n>p2 switch 3\n>p1 move storedpower\n>p2 move tidyup", "uploadtime": 1782806412, "views": 4, "formatid": "gen9randombattle", "rating": null, "private": 0, "password": null, "player_dets": [{"name": "Calibold", "avatar": "larry", "rating": 2035, "seed": "sodium,a4aba25ad8eae1ac276b730420cd2c40"}, {"name": "Zibabu", "avatar": "102", "rating": 2004, "seed": "sodium,a8466cb5f4d5a2accabe675146933a8e"}], "teams_full": [{"Drifblim": {"name": "Drifblim", "species": "Drifblim", "speciesId": "drifblim", "gender": "M", "shiny": false, "level": 86, "moves": ["shadowball", "calmmind", "airslash", "strengthsap"], "ability": "Unburden", "evs": {"hp": 73, "atk": 0, "def": 85, "spa": 85, "spd": 85, "spe": 85}, "ivs": {"hp": 31, "atk": 0, "def": 31, "spa": 31, "spd": 31, "spe": 31}, "item": "Sitrus Berry", "teraType": "Dark", "role": "Bulky Attacker", "bvs": {"hp": 150, "atk": 80, "def": 44, "spa": 90, "spd": 54, "spe": 80}, "stats": {"hp": 396, "atk": 142, "def": 125, "spa": 204, "spd": 142, "spe": 187}, "types": ["Ghost", "Flying"]}, "Skarmory": {"name": "Skarmory", "species": "Skarmory", "speciesId": "skarmory", "gender": "M", "shiny": false, "level": 80, "moves": ["roost", "bravebird", "whirlwind", "spikes"], "ability": "Sturdy", "evs": {"hp": 85, "atk": 85, "def": 85, "spa": 85, "spd": 85, "spe": 85}, "ivs": {"hp": 31, "atk": 31, "def": 31, "spa": 31, "spd": 31, "spe": 31}, "item": "Rocky Helmet", "teraType": "Dragon", "role": "Bulky Support", "bvs": {"hp": 65, "atk": 80, "def": 140, "spa": 40, "spd": 70, "spe": 70}, "stats": {"hp": 235, "atk": 174, "def": 270, "spa": 110, "spd": 158, "spe": 158}, "types": ["Steel", "Flying"]}, "Espathra": {"name": "Espathra", "species": "Espathra", "speciesId": "espathra", "gender": "M", "shiny": false, "level": 80, "moves": ["calmmind", "storedpower", "protect", "dazzlinggleam"], "ability": "Speed Boost", "evs": {"hp": 85, "atk": 0, "def": 85, "spa": 85, "spd": 85, "spe": 85}, "ivs": {"hp": 31, "atk": 0, "def": 31, "spa": 31, "spd": 31, "spe": 31}, "item": "Leftovers", "teraType": "Fairy", "role": "Fast Bulky Setup", "bvs": {"hp": 95, "atk": 60, "def": 60, "spa": 101, "spd": 60, "spe": 105}, "stats": {"hp": 283, "atk": 101, "def": 142, "spa": 208, "spd": 142, "spe": 214}, "types": ["Psychic"]}, "Zebstrika": {"name": "Zebstrika", "species": "Zebstrika", "speciesId": "zebstrika", "gender": "F", "shiny": false, "level": 87, "moves": ["voltswitch", "highhorsepower", "overheat", "supercellslam"], "ability": "Sap Sipper", "evs": {"hp": 85, "atk": 85, "def": 85, "spa": 85, "spd": 85, "spe": 85}, "ivs": {"hp": 31, "atk": 31, "def": 31, "spa": 31, "spd": 31, "spe": 31}, "item": "Life Orb", "teraType": "Ground", "role": "Fast Attacker", "bvs": {"hp": 75, "atk": 100, "def": 63, "spa": 80, "spd": 63, "spe": 116}, "stats": {"hp": 272, "atk": 224, "def": 159, "spa": 189, "spd": 159, "spe": 252}, "types": ["Electric"]}, "Glaceon": {"name": "Glaceon", "species": "Glaceon", "speciesId": "glaceon", "gender": "F", "shiny": false, "level": 94, "moves": ["wish", "freezedry", "mudshot", "protect"], "ability": "Ice Body", "evs": {"hp": 85, "atk": 0, "def": 85, "spa": 85, "spd": 85, "spe": 85}, "ivs": {"hp": 31, "atk": 0, "def": 31, "spa": 31, "spd": 31, "spe": 31}, "item": "Heavy-Duty Boots", "teraType": "Ground", "role": "Bulky Attacker", "bvs": {"hp": 65, "atk": 60, "def": 110, "spa": 130, "spd": 95, "spe": 65}, "stats": {"hp": 275, "atk": 117, "def": 260, "spa": 298, "spd": 232, "spe": 176}, "types": ["Ice"]}, "Toedscruel": {"name": "Toedscruel", "species": "Toedscruel", "speciesId": "toedscruel", "gender": "M", "shiny": false, "level": 87, "moves": ["leafstorm", "spore", "rapidspin", "earthpower"], "ability": "Mycelium Might", "evs": {"hp": 85, "atk": 85, "def": 85, "spa": 85, "spd": 85, "spe": 85}, "ivs": {"hp": 31, "atk": 31, "def": 31, "spa": 31, "spd": 31, "spe": 31}, "item": "Leftovers", "teraType": "Water", "role": "Bulky Support", "bvs": {"hp": 80, "atk": 70, "def": 65, "spa": 80, "spd": 120, "spe": 100}, "stats": {"hp": 281, "atk": 172, "def": 163, "spa": 189, "spd": 259, "spe": 224}, "types": ["Ground", "Grass"]}}, {"Rayquaza": {"name": "Rayquaza", "species": "Rayquaza", "speciesId": "rayquaza", "gender": "N", "shiny": false, "level": 72, "moves": ["dragonascent", "earthquake", "dragondance", "outrage"], "ability": "Air Lock", "evs": {"hp": 85, "atk": 85, "def": 85, "spa": 85, "spd": 85, "spe": 85}, "ivs": {"hp": 31, "atk": 31, "def": 31, "spa": 31, "spd": 31, "spe": 31}, "item": "Heavy-Duty Boots", "teraType": "Steel", "role": "Setup Sweeper", "bvs": {"hp": 105, "atk": 150, "def": 90, "spa": 150, "spd": 90, "spe": 95}, "stats": {"hp": 270, "atk": 258, "def": 172, "spa": 258, "spd": 172, "spe": 179}, "types": ["Dragon", "Flying"]}, "Furret": {"name": "Furret", "species": "Furret", "speciesId": "furret", "gender": "M", "shiny": false, "level": 94, "moves": ["brickbreak", "tidyup", "knockoff", "doubleedge"], "ability": "Frisk", "evs": {"hp": 85, "atk": 85, "def": 85, "spa": 85, "spd": 85, "spe": 85}, "ivs": {"hp": 31, "atk": 31, "def": 31, "spa": 31, "spd": 31, "spe": 31}, "item": "Life Orb", "teraType": "Normal", "role": "Setup Sweeper", "bvs": {"hp": 85, "atk": 76, "def": 64, "spa": 45, "spd": 55, "spe": 90}, "stats": {"hp": 312, "atk": 196, "def": 174, "spa": 138, "spd": 157, "spe": 223}, "types": ["Normal"]}, "Delphox": {"name": "Delphox", "species": "Delphox", "speciesId": "delphox", "gender": "F", "shiny": false, "level": 84, "moves": ["nastyplot", "psyshock", "focusblast", "fireblast"], "ability": "Blaze", "evs": {"hp": 85, "atk": 0, "def": 85, "spa": 85, "spd": 85, "spe": 85}, "ivs": {"hp": 31, "atk": 0, "def": 31, "spa": 31, "spd": 31, "spe": 31}, "item": "Heavy-Duty Boots", "teraType": "Fighting", "role": "Fast Attacker", "bvs": {"hp": 75, "atk": 69, "def": 72, "spa": 114, "spd": 100, "spe": 104}, "stats": {"hp": 263, "atk": 120, "def": 169, "spa": 240, "spd": 216, "spe": 223}, "types": ["Fire", "Psychic"]}, "Scrafty": {"name": "Scrafty", "species": "Scrafty", "speciesId": "scrafty", "gender": "F", "shiny": false, "level": 83, "moves": ["poisonjab", "drainpunch", "dragondance", "knockoff"], "ability": "Intimidate", "evs": {"hp": 85, "atk": 85, "def": 85, "spa": 85, "spd": 85, "spe": 85}, "ivs": {"hp": 31, "atk": 31, "def": 31, "spa": 31, "spd": 31, "spe": 31}, "item": "Leftovers", "teraType": "Poison", "role": "Bulky Attacker", "bvs": {"hp": 65, "atk": 90, "def": 115, "spa": 45, "spd": 115, "spe": 58}, "stats": {"hp": 244, "atk": 197, "def": 239, "spa": 122, "spd": 239, "spe": 144}, "types": ["Dark", "Fighting"]}, "Probopass": {"name": "Probopass", "species": "Probopass", "speciesId": "probopass", "gender": "F", "shiny": false, "level": 91, "moves": ["irondefense", "bodypress", "thunderwave", "powergem"], "ability": "Magnet Pull", "evs": {"hp": 85, "atk": 0, "def": 85, "spa": 85, "spd": 85, "spe": 85}, "ivs": {"hp": 31, "atk": 0, "def": 31, "spa": 31, "spd": 31, "spe": 31}, "item": "Leftovers", "teraType": "Fighting", "role": "Bulky Setup", "bvs": {"hp": 60, "atk": 55, "def": 145, "spa": 75, "spd": 150, "spe": 40}, "stats": {"hp": 257, "atk": 105, "def": 316, "spa": 188, "spd": 325, "spe": 125}, "types": ["Rock", "Steel"]}, "Breloom": {"name": "Breloom", "species": "Breloom", "speciesId": "breloom", "gender": "M", "shiny": false, "level": 83, "moves": ["bulletseed", "rocktomb", "swordsdance", "machpunch"], "ability": "Technician", "evs": {"hp": 85, "atk": 85, "def": 85, "spa": 85, "spd": 85, "spe": 85}, "ivs": {"hp": 31, "atk": 31, "def": 31, "spa": 31, "spd": 31, "spe": 31}, "item": "Life Orb", "teraType": "Rock", "role": "Fast Attacker", "bvs": {"hp": 60, "atk": 130, "def": 80, "spa": 60, "spd": 60, "spe": 70}, "stats": {"hp": 235, "atk": 263, "def": 180, "spa": 147, "spd": 147, "spe": 164}, "types": ["Grass", "Fighting"]}}]}