{"id": "gen9randombattle-2641643596", "format": "[Gen 9] Random Battle", "players": ["oilupforfriedfood", "bandsgender"], "log": "|j|\u2606oilupforfriedfood\n|j|\u2606bandsgender\n|t:|1782823877\n|gametype|singles\n|player|p1|oilupforfriedfood|102|1524\n|player|p2|bandsgender|erika|1496\n|gen|9\n|tier|[Gen 9] Random Battle\n|rated|\n|rule|Species Clause: Limit one of each Pok\u00e9mon\n|rule|HP Percentage Mod: HP is shown in percentages\n|rule|Sleep Clause Mod: Limit one foe put to sleep\n|rule|Illusion Level Mod: Illusion disguises the Pok\u00e9mon's true level\n|\n|t:|1782823877\n|teamsize|p1|6\n|teamsize|p2|6\n|start\n|switch|p1a: Florges|Florges, L85, F|271/271\n|switch|p2a: Regice|Regice, L88|284/284\n|turn|1\n|inactive|Battle timer is ON: inactive players will automatically lose when time's up. (requested by bandsgender)\n|\n|t:|1782823892\n|move|p1a: Florges|Calm Mind|p1a: Florges\n|-boost|p1a: Florges|spa|1\n|-boost|p1a: Florges|spd|1\n|move|p2a: Regice|Ice Beam|p1a: Florges\n|-damage|p1a: Florges|228/271\n|\n|-heal|p1a: Florges|244/271|[from] item: Leftovers\n|upkeep\n|turn|2\n|\n|t:|1782823907\n|move|p1a: Florges|Calm Mind|p1a: Florges\n|-boost|p1a: Florges|spa|1\n|-boost|p1a: Florges|spd|1\n|move|p2a: Regice|Ice Beam|p1a: Florges\n|-damage|p1a: Florges|210/271\n|\n|-heal|p1a: Florges|226/271|[from] item: Leftovers\n|upkeep\n|turn|3\n|\n|t:|1782823929\n|move|p1a: Florges|Calm Mind|p1a: Florges\n|-boost|p1a: Florges|spa|1\n|-boost|p1a: Florges|spd|1\n|move|p2a: Regice|Ice Beam|p1a: Florges\n|-damage|p1a: Florges|198/271\n|\n|-heal|p1a: Florges|214/271|[from] item: Leftovers\n|upkeep\n|turn|4\n|\n|t:|1782823932\n|move|p1a: Florges|Calm Mind|p1a: Florges\n|-boost|p1a: Florges|spa|1\n|-boost|p1a: Florges|spd|1\n|move|p2a: Regice|Ice Beam|p1a: Florges\n|-damage|p1a: Florges|192/271\n|\n|-heal|p1a: Florges|208/271|[from] item: Leftovers\n|upkeep\n|turn|5\n|\n|t:|1782823937\n|move|p1a: Florges|Calm Mind|p1a: Florges\n|-boost|p1a: Florges|spa|1\n|-boost|p1a: Florges|spd|1\n|move|p2a: Regice|Ice Beam|p1a: Florges\n|-damage|p1a: Florges|190/271\n|\n|-heal|p1a: Florges|206/271|[from] item: Leftovers\n|upkeep\n|turn|6\n|\n|t:|1782823939\n|move|p1a: Florges|Calm Mind|p1a: Florges\n|-boost|p1a: Florges|spa|1\n|-boost|p1a: Florges|spd|1\n|move|p2a: Regice|Ice Beam|p1a: Florges\n|-damage|p1a: Florges|187/271\n|\n|-heal|p1a: Florges|203/271|[from] item: Leftovers\n|upkeep\n|turn|7\n|\n|t:|1782823942\n|move|p1a: Florges|Moonblast|p2a: Regice\n|-damage|p2a: Regice|56/284\n|move|p2a: Regice|Ice Beam|p1a: Florges\n|-damage|p1a: Florges|184/271\n|\n|-heal|p1a: Florges|200/271|[from] item: Leftovers\n|upkeep\n|turn|8\n|\n|t:|1782823946\n|move|p1a: Florges|Synthesis|p1a: Florges\n|-heal|p1a: Florges|271/271\n|move|p2a: Regice|Ice Beam|p1a: Florges\n|-crit|p1a: Florges\n|-damage|p1a: Florges|163/271\n|\n|-heal|p1a: Florges|179/271|[from] item: Leftovers\n|upkeep\n|turn|9\n|\n|t:|1782823960\n|move|p1a: Florges|Moonblast|p2a: Regice\n|-damage|p2a: Regice|0 fnt\n|faint|p2a: Regice\n|\n|-heal|p1a: Florges|195/271|[from] item: Leftovers\n|upkeep\n|\n|t:|1782823963\n|switch|p2a: Entei|Entei, L78|307/307\n|turn|10\n|inactive|oilupforfriedfood has 120 seconds left.\n|inactive|oilupforfriedfood has 90 seconds left.\n|\n|t:|1782824026\n|-terastallize|p1a: Florges|Ground\n|move|p2a: Entei|Flare Blitz|p1a: Florges\n|-damage|p1a: Florges|0 fnt\n|faint|p1a: Florges\n|-damage|p2a: Entei|243/307|[from] Recoil\n|\n|upkeep\n|inactive|oilupforfriedfood has 90 seconds left.\n|\n|t:|1782824042\n|switch|p1a: Alomomola|Alomomola, L87, M|429/429\n|turn|11\n|\n|t:|1782824055\n|switch|p2a: Archaludon|Archaludon, L78, F|268/268\n|move|p1a: Alomomola|Scald|p2a: Archaludon\n|-resisted|p2a: Archaludon\n|-damage|p2a: Archaludon|246/268\n|-status|p2a: Archaludon|brn\n|-ability|p2a: Archaludon|Stamina|boost\n|-boost|p2a: Archaludon|def|1\n|\n|-damage|p2a: Archaludon|230/268 brn|[from] brn\n|upkeep\n|turn|12\n|inactive|oilupforfriedfood has 90 seconds left.\n|\n|t:|1782824068\n|switch|p1a: Serperior|Serperior, L79, M|248/248\n|move|p2a: Archaludon|Dragon Tail|p1a: Serperior\n|-damage|p1a: Serperior|221/248\n|drag|p1a: Chi-Yu|Chi-Yu, L77|211/211\n|-ability|p1a: Chi-Yu|Beads of Ruin\n|\n|-damage|p2a: Archaludon|214/268 brn|[from] brn\n|upkeep\n|turn|13\n|\n|t:|1782824078\n|move|p1a: Chi-Yu|Dark Pulse|p2a: Archaludon\n|-damage|p2a: Archaludon|61/268 brn\n|-ability|p2a: Archaludon|Stamina|boost\n|-boost|p2a: Archaludon|def|1\n|move|p2a: Archaludon|Body Press|p1a: Chi-Yu\n|-supereffective|p1a: Chi-Yu\n|-damage|p1a: Chi-Yu|54/211\n|\n|-damage|p2a: Archaludon|45/268 brn|[from] brn\n|upkeep\n|turn|14\n|\n|t:|1782824088\n|move|p1a: Chi-Yu|Dark Pulse|p2a: Archaludon\n|-damage|p2a: Archaludon|0 fnt\n|faint|p2a: Archaludon\n|\n|upkeep\n|\n|t:|1782824102\n|switch|p2a: Enamorus|Enamorus-Therian, L83, F|259/259\n|turn|15\n|\n|t:|1782824123\n|switch|p1a: Munkidori|Munkidori, L79, M|269/269\n|move|p2a: Enamorus|Moonblast|p1a: Munkidori\n|-resisted|p1a: Munkidori\n|-damage|p1a: Munkidori|207/269\n|\n|upkeep\n|turn|16\n|\n|t:|1782824128\n|switch|p2a: Glimmora|Glimmora, L75, M|248/248\n|move|p1a: Munkidori|Sludge Wave|p2a: Glimmora\n|-resisted|p2a: Glimmora\n|-damage|p2a: Glimmora|214/248\n|\n|upkeep\n|turn|17\n|\n|t:|1782824155\n|move|p1a: Munkidori|Psychic Noise|p2a: Glimmora\n|-supereffective|p2a: Glimmora\n|-damage|p2a: Glimmora|0 fnt\n|faint|p2a: Glimmora\n|\n|upkeep\n|\n|t:|1782824160\n|switch|p2a: Haxorus|Haxorus, L77, F|244/244\n|-ability|p2a: Haxorus|Mold Breaker\n|turn|18\n|inactive|oilupforfriedfood has 120 seconds left.\n|\n|t:|1782824188\n|-terastallize|p2a: Haxorus|Steel\n|move|p1a: Munkidori|Psychic Noise|p2a: Haxorus\n|-resisted|p2a: Haxorus\n|-damage|p2a: Haxorus|187/244\n|-start|p2a: Haxorus|move: Heal Block\n|move|p2a: Haxorus|Dragon Dance|p2a: Haxorus\n|-boost|p2a: Haxorus|atk|1\n|-boost|p2a: Haxorus|spe|1\n|\n|upkeep\n|turn|19\n|\n|t:|1782824194\n|move|p2a: Haxorus|Dragon Dance|p2a: Haxorus\n|-boost|p2a: Haxorus|atk|1\n|-boost|p2a: Haxorus|spe|1\n|move|p1a: Munkidori|U-turn|p2a: Haxorus\n|-resisted|p2a: Haxorus\n|-damage|p2a: Haxorus|168/244\n|\n|t:|1782824196\n|switch|p1a: Alomomola|Alomomola, L87, M|429/429|[from] U-turn\n|\n|-end|p2a: Haxorus|move: Heal Block\n|upkeep\n|turn|20\n|\n|t:|1782824205\n|move|p2a: Haxorus|Outrage|p1a: Alomomola\n|-damage|p1a: Alomomola|110/429\n|move|p1a: Alomomola|Scald|p2a: Haxorus\n|-damage|p2a: Haxorus|99/244\n|\n|upkeep\n|turn|21\n|inactive|oilupforfriedfood has 120 seconds left.\n|\n|t:|1782824217\n|move|p2a: Haxorus|Outrage|p1a: Alomomola|[from] lockedmove\n|-damage|p1a: Alomomola|0 fnt\n|faint|p1a: Alomomola\n|-start|p2a: Haxorus|confusion|[fatigue]\n|-enditem|p2a: Haxorus|Lum Berry|[eat]\n|-end|p2a: Haxorus|confusion\n|\n|upkeep\n|\n|t:|1782824220\n|switch|p1a: Munkidori|Munkidori, L79, M|207/269\n|turn|22\n|\n|t:|1782824229\n|move|p1a: Munkidori|Fake Out|p2a: Haxorus\n|-resisted|p2a: Haxorus\n|-damage|p2a: Haxorus|89/244\n|cant|p2a: Haxorus|flinch\n|\n|upkeep\n|turn|23\n|\n|t:|1782824232\n|switch|p1a: Chi-Yu|Chi-Yu, L77|54/211\n|-ability|p1a: Chi-Yu|Beads of Ruin\n|move|p2a: Haxorus|Iron Head|p1a: Chi-Yu\n|-resisted|p1a: Chi-Yu\n|-damage|p1a: Chi-Yu|0 fnt\n|faint|p1a: Chi-Yu\n|\n|upkeep\n|\n|t:|1782824242\n|switch|p1a: Munkidori|Munkidori, L79, M|207/269\n|turn|24\n|\n|t:|1782824245\n|move|p1a: Munkidori|Fake Out|p2a: Haxorus\n|-resisted|p2a: Haxorus\n|-damage|p2a: Haxorus|78/244\n|cant|p2a: Haxorus|flinch\n|\n|upkeep\n|turn|25\n|\n|t:|1782824249\n|move|p2a: Haxorus|Iron Head|p1a: Munkidori\n|-crit|p1a: Munkidori\n|-damage|p1a: Munkidori|0 fnt\n|faint|p1a: Munkidori\n|\n|upkeep\n|\n|t:|1782824251\n|switch|p1a: Serperior|Serperior, L79, M|221/248\n|turn|26\n|\n|t:|1782824256\n|move|p2a: Haxorus|Outrage|p1a: Serperior\n|-damage|p1a: Serperior|0 fnt\n|faint|p1a: Serperior\n|\n|upkeep\n|\n|t:|1782824258\n|switch|p1a: Armarouge|Armarouge, L80, M|267/267\n|turn|27\n|\n|t:|1782824262\n|move|p2a: Haxorus|Outrage|p1a: Armarouge|[from] lockedmove\n|-damage|p1a: Armarouge|0 fnt\n|faint|p1a: Armarouge\n|\n|win|bandsgender\n|raw|oilupforfriedfood's rating: 1524 &rarr; <strong>1502</strong><br />(-22 for losing)\n|raw|bandsgender's rating: 1496 &rarr; <strong>1518</strong><br />(+22 for winning)\n", "inputlog": ">version f8ac14003a5f27e1bdc8d8c59608a773c1cb96e5\n>start {\"formatid\":\"gen9randombattle\",\"seed\":\"sodium,9a6054d9b0790f0e80ac56f4f0575bd9\",\"rated\":\"Rated battle\"}\n>player p1 {\"name\":\"oilupforfriedfood\",\"avatar\":\"102\",\"rating\":1524,\"seed\":\"sodium,e0c700b73a139cd0a80327ca498fe0e6\"}\n>player p2 {\"name\":\"bandsgender\",\"avatar\":\"erika\",\"rating\":1496,\"seed\":\"sodium,758dbd1ff666de85b9b0d91e1c1edd46\"}\n>p1 move calmmind\n>p2 move icebeam\n>p1 move calmmind\n>p2 move icebeam\n>p1 move calmmind\n>p2 move icebeam\n>p1 move calmmind\n>p2 move icebeam\n>p1 move calmmind\n>p2 move icebeam\n>p1 move calmmind\n>p2 move icebeam\n>p1 move moonblast\n>p2 move icebeam\n>p1 move synthesis\n>p2 move icebeam\n>p1 move moonblast\n>p2 move icebeam\n>p2 switch 2\n>p1 move terablast terastallize\n>p2 move flareblitz\n>p1 switch 4\n>p1 move scald\n>p2 switch 5\n>p1 switch 3\n>p2 move dragontail\n>p1 move darkpulse\n>p2 move bodypress\n>p1 move darkpulse\n>p2 move bodypress\n>p2 switch 3\n>p1 switch 2\n>p2 move moonblast\n>p1 move sludgewave\n>p2 switch 4\n>p1 move psychicnoise\n>p2 move meteorbeam\n>p2 switch 6\n>p1 move psychicnoise\n>p2 move dragondance terastallize\n>p1 move uturn\n>p2 move dragondance\n>p1 switch 3\n>p1 move scald\n>p2 move outrage\n>p1 move scald\n>p2 move outrage\n>p1 switch 3\n>p1 move fakeout\n>p2 move ironhead\n>p1 switch 2\n>p2 move ironhead\n>p1 switch 2\n>p1 move fakeout\n>p2 move ironhead\n>p1 move psychicnoise\n>p2 move ironhead\n>p1 switch 6\n>p1 move glare\n>p2 move outrage\n>p1 switch 5\n>p1 move armorcannon\n>p2 move outrage", "uploadtime": 1782824269, "views": 7, "formatid": "gen9randombattle", "rating": 1502, "private": 0, "password": null, "player_dets": [{"name": "oilupforfriedfood", "avatar": "102", "rating": 1524, "seed": "sodium,e0c700b73a139cd0a80327ca498fe0e6"}, {"name": "bandsgender", "avatar": "erika", "rating": 1496, "seed": "sodium,758dbd1ff666de85b9b0d91e1c1edd46"}], "teams_full": [{"Florges": {"name": "Florges", "species": "Florges", "speciesId": "florges", "gender": "F", "shiny": false, "level": 85, "moves": ["terablast", "synthesis", "calmmind", "moonblast"], "ability": "Flower Veil", "evs": {"hp": 85, "atk": 0, "def": 85, "spa": 85, "spd": 85, "spe": 85}, "ivs": {"hp": 31, "atk": 0, "def": 31, "spa": 31, "spd": 31, "spe": 31}, "item": "Leftovers", "teraType": "Ground", "role": "Tera Blast user", "bvs": {"hp": 78, "atk": 65, "def": 68, "spa": 112, "spd": 154, "spe": 75}, "stats": {"hp": 271, "atk": 115, "def": 164, "spa": 239, "spd": 311, "spe": 176}, "types": ["Fairy"]}, "Munkidori": {"name": "Munkidori", "species": "Munkidori", "speciesId": "munkidori", "gender": "M", "shiny": false, "level": 79, "moves": ["psychicnoise", "uturn", "fakeout", "sludgewave"], "ability": "Toxic Chain", "evs": {"hp": 85, "atk": 85, "def": 85, "spa": 85, "spd": 85, "spe": 85}, "ivs": {"hp": 31, "atk": 31, "def": 31, "spa": 31, "spd": 31, "spe": 31}, "item": "Assault Vest", "teraType": "Dark", "role": "AV Pivot", "bvs": {"hp": 88, "atk": 75, "def": 66, "spa": 130, "spd": 90, "spe": 106}, "stats": {"hp": 269, "atk": 164, "def": 150, "spa": 251, "spd": 188, "spe": 213}, "types": ["Poison", "Psychic"]}, "Serperior": {"name": "Serperior", "species": "Serperior", "speciesId": "serperior", "gender": "M", "shiny": false, "level": 79, "moves": ["dragonpulse", "glare", "leafstorm", "synthesis"], "ability": "Contrary", "evs": {"hp": 85, "atk": 0, "def": 85, "spa": 85, "spd": 85, "spe": 85}, "ivs": {"hp": 31, "atk": 0, "def": 31, "spa": 31, "spd": 31, "spe": 31}, "item": "Life Orb", "teraType": "Grass", "role": "Fast Attacker", "bvs": {"hp": 75, "atk": 75, "def": 95, "spa": 75, "spd": 95, "spe": 113}, "stats": {"hp": 248, "atk": 123, "def": 196, "spa": 164, "spd": 196, "spe": 224}, "types": ["Grass"]}, "Alomomola": {"name": "Alomomola", "species": "Alomomola", "speciesId": "alomomola", "gender": "M", "shiny": false, "level": 87, "moves": ["flipturn", "wish", "scald", "protect"], "ability": "Regenerator", "evs": {"hp": 85, "atk": 85, "def": 85, "spa": 85, "spd": 85, "spe": 85}, "ivs": {"hp": 31, "atk": 31, "def": 31, "spa": 31, "spd": 31, "spe": 31}, "item": "Heavy-Duty Boots", "teraType": "Poison", "role": "Fast Support", "bvs": {"hp": 165, "atk": 75, "def": 80, "spa": 40, "spd": 45, "spe": 65}, "stats": {"hp": 429, "atk": 180, "def": 189, "spa": 119, "spd": 128, "spe": 163}, "types": ["Water"]}, "Armarouge": {"name": "Armarouge", "species": "Armarouge", "speciesId": "armarouge", "gender": "M", "shiny": false, "level": 80, "moves": ["energyball", "psyshock", "aurasphere", "armorcannon"], "ability": "Weak Armor", "evs": {"hp": 85, "atk": 0, "def": 85, "spa": 85, "spd": 85, "spe": 85}, "ivs": {"hp": 31, "atk": 0, "def": 31, "spa": 31, "spd": 31, "spe": 31}, "item": "Choice Specs", "teraType": "Fighting", "role": "Wallbreaker", "bvs": {"hp": 85, "atk": 60, "def": 100, "spa": 125, "spd": 80, "spe": 75}, "stats": {"hp": 267, "atk": 101, "def": 206, "spa": 246, "spd": 174, "spe": 166}, "types": ["Fire", "Psychic"]}, "Chi-Yu": {"name": "Chi-Yu", "species": "Chi-Yu", "speciesId": "chiyu", "gender": "N", "shiny": false, "level": 77, "moves": ["overheat", "flamethrower", "psychic", "darkpulse"], "ability": "Beads of Ruin", "evs": {"hp": 85, "atk": 0, "def": 85, "spa": 85, "spd": 85, "spe": 85}, "ivs": {"hp": 31, "atk": 0, "def": 31, "spa": 31, "spd": 31, "spe": 31}, "item": "Choice Specs", "teraType": "Dark", "role": "Fast Attacker", "bvs": {"hp": 55, "atk": 80, "def": 80, "spa": 135, "spd": 120, "spe": 100}, "stats": {"hp": 211, "atk": 128, "def": 168, "spa": 252, "spd": 229, "spe": 199}, "types": ["Dark", "Fire"]}}, {"Regice": {"name": "Regice", "species": "Regice", "speciesId": "regice", "gender": "N", "shiny": false, "level": 88, "moves": ["sleeptalk", "thunderbolt", "icebeam", "rest"], "ability": "Clear Body", "evs": {"hp": 85, "atk": 0, "def": 85, "spa": 85, "spd": 85, "spe": 85}, "ivs": {"hp": 31, "atk": 0, "def": 31, "spa": 31, "spd": 31, "spe": 31}, "item": "Heavy-Duty Boots", "teraType": "Electric", "role": "Bulky Attacker", "bvs": {"hp": 80, "atk": 50, "def": 100, "spa": 100, "spd": 200, "spe": 50}, "stats": {"hp": 284, "atk": 93, "def": 226, "spa": 226, "spd": 402, "spe": 138}, "types": ["Ice"]}, "Entei": {"name": "Entei", "species": "Entei", "speciesId": "entei", "gender": "N", "shiny": false, "level": 78, "moves": ["stoneedge", "extremespeed", "sacredfire", "flareblitz"], "ability": "Inner Focus", "evs": {"hp": 85, "atk": 85, "def": 85, "spa": 85, "spd": 85, "spe": 85}, "ivs": {"hp": 31, "atk": 31, "def": 31, "spa": 31, "spd": 31, "spe": 31}, "item": "Choice Band", "teraType": "Fire", "role": "Fast Attacker", "bvs": {"hp": 115, "atk": 115, "def": 85, "spa": 90, "spd": 75, "spe": 100}, "stats": {"hp": 307, "atk": 224, "def": 178, "spa": 185, "spd": 162, "spe": 201}, "types": ["Fire"]}, "Enamorus": {"name": "Enamorus", "species": "Enamorus-Therian", "speciesId": "enamorustherian", "gender": "F", "shiny": false, "level": 83, "moves": ["mysticalfire", "earthpower", "moonblast", "psychic"], "ability": "Overcoat", "evs": {"hp": 85, "atk": 0, "def": 85, "spa": 85, "spd": 85, "spe": 85}, "ivs": {"hp": 31, "atk": 0, "def": 31, "spa": 31, "spd": 31, "spe": 31}, "item": "Choice Specs", "teraType": "Fairy", "role": "Bulky Attacker", "bvs": {"hp": 74, "atk": 115, "def": 110, "spa": 135, "spd": 100, "spe": 46}, "stats": {"hp": 259, "atk": 195, "def": 230, "spa": 272, "spd": 214, "spe": 124}, "types": ["Fairy", "Flying"]}, "Glimmora": {"name": "Glimmora", "species": "Glimmora", "speciesId": "glimmora", "gender": "M", "shiny": false, "level": 75, "moves": ["energyball", "meteorbeam", "earthpower", "sludgewave"], "ability": "Toxic Debris", "evs": {"hp": 85, "atk": 0, "def": 85, "spa": 85, "spd": 85, "spe": 85}, "ivs": {"hp": 31, "atk": 0, "def": 31, "spa": 31, "spd": 31, "spe": 31}, "item": "Power Herb", "teraType": "Grass", "role": "Setup Sweeper", "bvs": {"hp": 83, "atk": 55, "def": 90, "spa": 130, "spd": 81, "spe": 86}, "stats": {"hp": 248, "atk": 87, "def": 179, "spa": 239, "spd": 165, "spe": 173}, "types": ["Rock", "Poison"]}, "Archaludon": {"name": "Archaludon", "species": "Archaludon", "speciesId": "archaludon", "gender": "F", "shiny": false, "level": 78, "moves": ["dracometeor", "bodypress", "flashcannon", "dragontail"], "ability": "Stamina", "evs": {"hp": 85, "atk": 85, "def": 85, "spa": 85, "spd": 85, "spe": 85}, "ivs": {"hp": 31, "atk": 31, "def": 31, "spa": 31, "spd": 31, "spe": 31}, "item": "Assault Vest", "teraType": "Fighting", "role": "Bulky Attacker", "bvs": {"hp": 90, "atk": 105, "def": 130, "spa": 125, "spd": 65, "spe": 85}, "stats": {"hp": 268, "atk": 209, "def": 248, "spa": 240, "spd": 146, "spe": 178}, "types": ["Steel", "Dragon"]}, "Haxorus": {"name": "Haxorus", "species": "Haxorus", "speciesId": "haxorus", "gender": "F", "shiny": false, "level": 77, "moves": ["ironhead", "dragondance", "outrage", "closecombat"], "ability": "Mold Breaker", "evs": {"hp": 85, "atk": 85, "def": 85, "spa": 85, "spd": 85, "spe": 85}, "ivs": {"hp": 31, "atk": 31, "def": 31, "spa": 31, "spd": 31, "spe": 31}, "item": "Lum Berry", "teraType": "Steel", "role": "Setup Sweeper", "bvs": {"hp": 76, "atk": 147, "def": 90, "spa": 60, "spd": 70, "spe": 97}, "stats": {"hp": 244, "atk": 271, "def": 183, "spa": 137, "spd": 152, "spe": 194}, "types": ["Dragon"]}}]}