{"id": "gen9randombattle-2641699488", "format": "[Gen 9] Random Battle", "players": ["bluffmepls", "Matuidi14"], "log": "|badge|p2|bronze|gen9randombattle|100-9\n|html|<div class=\"broadcast-red\"><strong>This battle is required to be public due to one or more player having a season medal.</strong><br />During the public phase, you can discuss the state of the ladder <a href=\"/seasondiscussion\">in a special chatroom.</a></div>\n|uhtml|medal-msg|<div class=\"broadcast-blue\">Curious what those medals under the avatar are? PS now has Ladder Seasons! For more information, check out the <a href=\"https://www.smogon.com/forums/threads/3740067/\">thread on Smogon.</a></div>\n|j|\u2606bluffmepls\n|j|\u2606Matuidi14\n|t:|1782831342\n|gametype|singles\n|player|p1|bluffmepls|265|2130\n|player|p2|Matuidi14|clown|2298\n|gen|9\n|tier|[Gen 9] Random Battle\n|rated|\n|rule|Species Clause: Limit one of each Pok\u00e9mon\n|rule|HP Percentage Mod: HP is shown in percentages\n|rule|Sleep Clause Mod: Limit one foe put to sleep\n|rule|Illusion Level Mod: Illusion disguises the Pok\u00e9mon's true level\n|\n|t:|1782831342\n|teamsize|p1|6\n|teamsize|p2|6\n|start\n|switch|p1a: Gardevoir|Gardevoir, L83, F|249/249\n|switch|p2a: Vaporeon|Vaporeon, L86, F|364/364\n|-ability|p1a: Gardevoir|Water Absorb|Trace|[from] ability: Trace|[of] p2a: Vaporeon\n|turn|1\n|inactive|Battle timer is ON: inactive players will automatically lose when time's up. (requested by bluffmepls)\n|\n|t:|1782831354\n|switch|p2a: Entei|Entei, L78|307/307\n|move|p1a: Gardevoir|Calm Mind|p1a: Gardevoir\n|-boost|p1a: Gardevoir|spa|1\n|-boost|p1a: Gardevoir|spd|1\n|\n|upkeep\n|turn|2\n|\n|t:|1782831363\n|switch|p1a: Volcanion|Volcanion, L79|255/255\n|move|p2a: Entei|Flare Blitz|p1a: Volcanion\n|-resisted|p1a: Volcanion\n|-damage|p1a: Volcanion|214/255\n|-damage|p2a: Entei|293/307|[from] Recoil\n|\n|upkeep\n|turn|3\n|\n|t:|1782831372\n|switch|p2a: Vaporeon|Vaporeon, L86, F|364/364\n|move|p1a: Volcanion|Sludge Bomb|p2a: Vaporeon\n|-damage|p2a: Vaporeon|262/364\n|\n|-heal|p2a: Vaporeon|284/364|[from] item: Leftovers\n|upkeep\n|turn|4\n|\n|t:|1782831378\n|move|p2a: Vaporeon|Wish|p2a: Vaporeon\n|move|p1a: Volcanion|Sludge Bomb|p2a: Vaporeon\n|-damage|p2a: Vaporeon|181/364\n|-status|p2a: Vaporeon|psn\n|\n|-heal|p2a: Vaporeon|203/364 psn|[from] item: Leftovers\n|-damage|p2a: Vaporeon|158/364 psn|[from] psn\n|upkeep\n|turn|5\n|\n|t:|1782831386\n|switch|p2a: Groudon|Groudon, L72|263/263\n|-weather|SunnyDay|[from] ability: Drought|[of] p2a: Groudon\n|switch|p1a: Ursaring|Ursaring, L84, F|288/288\n|\n|-weather|SunnyDay|[upkeep]\n|-status|p1a: Ursaring|tox|[from] item: Toxic Orb\n|upkeep\n|turn|6\n|\n|t:|1782831394\n|move|p1a: Ursaring|Swords Dance|p1a: Ursaring\n|-boost|p1a: Ursaring|atk|2\n|move|p2a: Groudon|Heat Crash|p1a: Ursaring\n|-damage|p1a: Ursaring|139/288 tox\n|\n|-weather|SunnyDay|[upkeep]\n|-damage|p1a: Ursaring|121/288 tox|[from] psn\n|upkeep\n|turn|7\n|\n|t:|1782831403\n|switch|p2a: Donphan|Donphan, L84, M|288/288\n|move|p1a: Ursaring|Facade|p2a: Donphan\n|-damage|p2a: Donphan|20/288\n|\n|-weather|SunnyDay|[upkeep]\n|-heal|p2a: Donphan|38/288|[from] item: Leftovers\n|-damage|p1a: Ursaring|85/288 tox|[from] psn\n|upkeep\n|turn|8\n|\n|t:|1782831410\n|move|p1a: Ursaring|Facade|p2a: Donphan\n|-damage|p2a: Donphan|0 fnt\n|faint|p2a: Donphan\n|\n|-weather|SunnyDay|[upkeep]\n|-damage|p1a: Ursaring|31/288 tox|[from] psn\n|upkeep\n|\n|t:|1782831412\n|switch|p2a: Entei|Entei, L78|293/307\n|turn|9\n|\n|t:|1782831414\n|move|p2a: Entei|Extreme Speed|p1a: Ursaring\n|-damage|p1a: Ursaring|0 fnt\n|faint|p1a: Ursaring\n|\n|-weather|none\n|upkeep\n|\n|t:|1782831418\n|switch|p1a: Arcanine|Arcanine-Hisui, L79, F|279/279\n|turn|10\n|\n|t:|1782831424\n|switch|p2a: Vaporeon|Vaporeon, L86, F|158/364 psn\n|move|p1a: Arcanine|Flare Blitz|p2a: Vaporeon\n|-resisted|p2a: Vaporeon\n|-damage|p2a: Vaporeon|44/364 psn\n|\n|-heal|p2a: Vaporeon|66/364 psn|[from] item: Leftovers\n|-damage|p2a: Vaporeon|21/364 psn|[from] psn\n|upkeep\n|turn|11\n|\n|t:|1782831429\n|move|p1a: Arcanine|Flare Blitz|p2a: Vaporeon\n|-resisted|p2a: Vaporeon\n|-damage|p2a: Vaporeon|0 fnt\n|faint|p2a: Vaporeon\n|\n|upkeep\n|\n|t:|1782831434\n|switch|p2a: Entei|Entei, L78|293/307\n|turn|12\n|\n|t:|1782831444\n|switch|p1a: Flapple|Flapple, L88, M|266/266\n|move|p2a: Entei|Stomping Tantrum|p1a: Flapple\n|-resisted|p1a: Flapple\n|-damage|p1a: Flapple|226/266\n|\n|upkeep\n|turn|13\n|\n|t:|1782831452\n|switch|p2a: Groudon|Groudon, L72|263/263\n|-weather|SunnyDay|[from] ability: Drought|[of] p2a: Groudon\n|move|p1a: Flapple|Dragon Dance|p1a: Flapple\n|-boost|p1a: Flapple|atk|1\n|-boost|p1a: Flapple|spe|1\n|\n|-weather|SunnyDay|[upkeep]\n|upkeep\n|turn|14\n|\n|t:|1782831458\n|move|p1a: Flapple|Outrage|p2a: Groudon\n|-damage|p2a: Groudon|0 fnt\n|faint|p2a: Groudon\n|\n|-weather|SunnyDay|[upkeep]\n|upkeep\n|\n|t:|1782831460\n|switch|p2a: Malamar|Malamar, L82, F|275/275\n|turn|15\n|\n|t:|1782831462\n|move|p1a: Flapple|Outrage|p2a: Malamar|[from] lockedmove\n|-damage|p2a: Malamar|0 fnt\n|faint|p2a: Malamar\n|\n|-weather|SunnyDay|[upkeep]\n|upkeep\n|\n|t:|1782831468\n|switch|p2a: Entei|Entei, L78|293/307\n|turn|16\n|\n|t:|1782831470\n|move|p1a: Flapple|Outrage|p2a: Entei|[from] lockedmove|[miss]\n|-miss|p1a: Flapple|p2a: Entei\n|-start|p1a: Flapple|confusion|[fatigue]\n|move|p2a: Entei|Sacred Fire|p1a: Flapple\n|-damage|p1a: Flapple|0 fnt\n|faint|p1a: Flapple\n|\n|-weather|SunnyDay|[upkeep]\n|upkeep\n|\n|t:|1782831474\n|switch|p1a: Arcanine|Arcanine-Hisui, L79, F|279/279\n|turn|17\n|\n|t:|1782831478\n|switch|p2a: Dipplin|Dipplin, L88, M|284/284\n|move|p1a: Arcanine|Head Smash|p2a: Dipplin\n|-damage|p2a: Dipplin|160/284\n|\n|-weather|none\n|upkeep\n|turn|18\n|\n|t:|1782831486\n|switch|p1a: Bronzong|Bronzong, L88|261/261\n|move|p2a: Dipplin|Recover|p2a: Dipplin\n|-heal|p2a: Dipplin|284/284\n|\n|upkeep\n|turn|19\n|\n|t:|1782831490\n|switch|p2a: Entei|Entei, L78|293/307\n|move|p1a: Bronzong|Hypnosis|p2a: Entei|[miss]\n|-miss|p1a: Bronzong|p2a: Entei\n|\n|upkeep\n|turn|20\n|\n|t:|1782831500\n|-terastallize|p1a: Bronzong|Water\n|move|p2a: Entei|Stomping Tantrum|p1a: Bronzong\n|-immune|p1a: Bronzong|[from] ability: Levitate\n|move|p1a: Bronzong|Stealth Rock|p2a: Entei\n|-sidestart|p2: Matuidi14|move: Stealth Rock\n|\n|upkeep\n|turn|21\n|\n|t:|1782831505\n|switch|p2a: Dipplin|Dipplin, L88, M|284/284\n|-damage|p2a: Dipplin|249/284|[from] Stealth Rock\n|move|p1a: Bronzong|Psychic|p2a: Dipplin\n|-damage|p2a: Dipplin|191/284\n|-unboost|p2a: Dipplin|spd|1\n|\n|upkeep\n|turn|22\n|\n|t:|1782831509\n|move|p2a: Dipplin|Giga Drain|p1a: Bronzong\n|-supereffective|p1a: Bronzong\n|-damage|p1a: Bronzong|129/261\n|-heal|p2a: Dipplin|257/284|[from] drain|[of] p1a: Bronzong\n|move|p1a: Bronzong|Psychic|p2a: Dipplin\n|-damage|p2a: Dipplin|160/284\n|\n|-heal|p1a: Bronzong|145/261|[from] item: Leftovers\n|upkeep\n|turn|23\n|\n|t:|1782831515\n|switch|p1a: Gardevoir|Gardevoir, L83, F|249/249\n|-ability|p1a: Gardevoir|Sticky Hold|Trace|[from] ability: Trace|[of] p2a: Dipplin\n|move|p2a: Dipplin|Giga Drain|p1a: Gardevoir\n|-damage|p1a: Gardevoir|182/249\n|-heal|p2a: Dipplin|194/284|[from] drain|[of] p1a: Gardevoir\n|\n|upkeep\n|turn|24\n|\n|t:|1782831525\n|switch|p2a: Entei|Entei, L78|293/307\n|-damage|p2a: Entei|217/307|[from] Stealth Rock\n|move|p1a: Gardevoir|Psyshock|p2a: Entei\n|-damage|p2a: Entei|65/307\n|-damage|p1a: Gardevoir|158/249|[from] item: Life Orb\n|\n|upkeep\n|turn|25\n|\n|t:|1782831529\n|switch|p1a: Volcanion|Volcanion, L79|214/255\n|move|p2a: Entei|Stomping Tantrum|p1a: Volcanion\n|-supereffective|p1a: Volcanion\n|-damage|p1a: Volcanion|76/255\n|\n|upkeep\n|turn|26\n|\n|t:|1782831534\n|switch|p1a: Bronzong|Bronzong, L88, tera:Water|145/261\n|move|p2a: Entei|Stomping Tantrum|p1a: Bronzong\n|-immune|p1a: Bronzong|[from] ability: Levitate\n|\n|-heal|p1a: Bronzong|161/261|[from] item: Leftovers\n|upkeep\n|turn|27\n|\n|t:|1782831537\n|switch|p2a: Dipplin|Dipplin, L88, M|194/284\n|-damage|p2a: Dipplin|159/284|[from] Stealth Rock\n|move|p1a: Bronzong|Psychic|p2a: Dipplin\n|-damage|p2a: Dipplin|98/284\n|\n|-heal|p1a: Bronzong|177/261|[from] item: Leftovers\n|upkeep\n|turn|28\n|\n|t:|1782831542\n|switch|p1a: Gardevoir|Gardevoir, L83, F|158/249\n|-ability|p1a: Gardevoir|Sticky Hold|Trace|[from] ability: Trace|[of] p2a: Dipplin\n|move|p2a: Dipplin|Giga Drain|p1a: Gardevoir\n|-damage|p1a: Gardevoir|91/249\n|-heal|p2a: Dipplin|132/284|[from] drain|[of] p1a: Gardevoir\n|\n|upkeep\n|turn|29\n|\n|t:|1782831555\n|-terastallize|p2a: Dipplin|Steel\n|move|p1a: Gardevoir|Mystical Fire|p2a: Dipplin\n|-supereffective|p2a: Dipplin\n|-damage|p2a: Dipplin|18/284\n|-unboost|p2a: Dipplin|spa|1\n|-damage|p1a: Gardevoir|67/249|[from] item: Life Orb\n|move|p2a: Dipplin|Recover|p2a: Dipplin\n|-heal|p2a: Dipplin|160/284\n|\n|upkeep\n|turn|30\n|-message|Matuidi14 forfeited.\n|\n|win|bluffmepls\n", "inputlog": ">version f8ac14003a5f27e1bdc8d8c59608a773c1cb96e5\n>start {\"formatid\":\"gen9randombattle\",\"seed\":\"sodium,97f89e530e6cbccf8ace50070cae9fe7\",\"rated\":\"Rated battle\"}\n>player p1 {\"name\":\"bluffmepls\",\"avatar\":\"265\",\"rating\":2130,\"seed\":\"sodium,ea56dd9c487f53df81e06897f7a6f3c4\"}\n>player p2 {\"name\":\"Matuidi14\",\"avatar\":\"clown\",\"rating\":2298,\"seed\":\"sodium,903eda5ec93500acd65ca757c8dc2432\"}\n>p1 move calmmind\n>p2 switch 6\n>p1 switch 6\n>p2 move flareblitz\n>p1 move sludgebomb\n>p2 switch 6\n>p1 move sludgebomb\n>p2 move wish\n>p1 switch 5\n>p2 switch 3\n>p1 move swordsdance\n>p2 move heatcrash\n>p1 move facade\n>p2 switch 4\n>p1 move facade\n>p2 move stealthrock\n>p2 switch 6\n>p1 move facade\n>p2 move extremespeed\n>p1 switch 3\n>p1 move flareblitz\n>p2 switch 3\n>p1 move flareblitz\n>p2 move icebeam\n>p2 switch 3\n>p1 switch 2\n>p2 move stompingtantrum\n>p1 move dragondance\n>p2 switch 4\n>p1 move outrage\n>p2 move heatcrash\n>p2 switch 2\n>p1 move outrage\n>p2 move superpower\n>p2 switch 4\n>p1 move outrage\n>p2 move sacredfire\n>p1 switch 2\n>p1 move headsmash\n>p2 switch 5\n>p1 switch 4\n>p2 move recover\n>p1 move hypnosis\n>p2 switch 5\n>p1 move stealthrock terastallize\n>p2 move stompingtantrum\n>p1 move psychic\n>p2 switch 5\n>p1 move psychic\n>p2 move gigadrain\n>p1 switch 6\n>p2 move gigadrain\n>p1 move psyshock\n>p2 switch 5\n>p1 switch 5\n>p2 move stompingtantrum\n>p1 switch 6\n>p2 move stompingtantrum\n>p1 move psychic\n>p2 switch 5\n>p1 switch 5\n>p2 move gigadrain\n>p1 move mysticalfire\n>p2 move recover terastallize\n>forcelose p2", "uploadtime": 1782831344, "views": 7, "formatid": "gen9randombattle", "rating": null, "private": 0, "password": null, "player_dets": [{"name": "bluffmepls", "avatar": "265", "rating": 2130, "seed": "sodium,ea56dd9c487f53df81e06897f7a6f3c4"}, {"name": "Matuidi14", "avatar": "clown", "rating": 2298, "seed": "sodium,903eda5ec93500acd65ca757c8dc2432"}], "teams_full": [{"Gardevoir": {"name": "Gardevoir", "species": "Gardevoir", "speciesId": "gardevoir", "gender": "F", "shiny": false, "level": 83, "moves": ["calmmind", "psyshock", "moonblast", "mysticalfire"], "ability": "Trace", "evs": {"hp": 85, "atk": 0, "def": 85, "spa": 85, "spd": 85, "spe": 85}, "ivs": {"hp": 31, "atk": 0, "def": 31, "spa": 31, "spd": 31, "spe": 31}, "item": "Life Orb", "teraType": "Fairy", "role": "Fast Attacker", "bvs": {"hp": 68, "atk": 65, "def": 65, "spa": 125, "spd": 115, "spe": 80}, "stats": {"hp": 249, "atk": 112, "def": 156, "spa": 255, "spd": 239, "spe": 180}, "types": ["Psychic", "Fairy"]}, "Flapple": {"name": "Flapple", "species": "Flapple", "speciesId": "flapple", "gender": "M", "shiny": false, "level": 88, "moves": ["outrage", "gravapple", "terablast", "dragondance"], "ability": "Hustle", "evs": {"hp": 85, "atk": 85, "def": 85, "spa": 85, "spd": 85, "spe": 85}, "ivs": {"hp": 31, "atk": 31, "def": 31, "spa": 31, "spd": 31, "spe": 31}, "item": "Wide Lens", "teraType": "Fire", "role": "Tera Blast user", "bvs": {"hp": 70, "atk": 110, "def": 80, "spa": 95, "spd": 60, "spe": 70}, "stats": {"hp": 266, "atk": 244, "def": 191, "spa": 217, "spd": 156, "spe": 173}, "types": ["Grass", "Dragon"]}, "Arcanine": {"name": "Arcanine", "species": "Arcanine-Hisui", "speciesId": "arcaninehisui", "gender": "F", "shiny": false, "level": 79, "moves": ["flareblitz", "closecombat", "extremespeed", "headsmash"], "ability": "Rock Head", "evs": {"hp": 81, "atk": 85, "def": 85, "spa": 85, "spd": 85, "spe": 85}, "ivs": {"hp": 31, "atk": 31, "def": 31, "spa": 31, "spd": 31, "spe": 31}, "item": "Choice Band", "teraType": "Rock", "role": "Fast Attacker", "bvs": {"hp": 95, "atk": 115, "def": 80, "spa": 95, "spd": 80, "spe": 90}, "stats": {"hp": 279, "atk": 227, "def": 172, "spa": 196, "spd": 172, "spe": 188}, "types": ["Fire", "Rock"]}, "Bronzong": {"name": "Bronzong", "species": "Bronzong", "speciesId": "bronzong", "gender": "N", "shiny": false, "level": 88, "moves": ["ironhead", "hypnosis", "stealthrock", "psychic"], "ability": "Levitate", "evs": {"hp": 85, "atk": 85, "def": 85, "spa": 85, "spd": 85, "spe": 85}, "ivs": {"hp": 31, "atk": 31, "def": 31, "spa": 31, "spd": 31, "spe": 31}, "item": "Leftovers", "teraType": "Water", "role": "Bulky Support", "bvs": {"hp": 67, "atk": 89, "def": 116, "spa": 79, "spd": 116, "spe": 33}, "stats": {"hp": 261, "atk": 207, "def": 254, "spa": 189, "spd": 254, "spe": 108}, "types": ["Steel", "Psychic"]}, "Ursaring": {"name": "Ursaring", "species": "Ursaring", "speciesId": "ursaring", "gender": "F", "shiny": false, "level": 84, "moves": ["facade", "crunch", "closecombat", "swordsdance"], "ability": "Quick Feet", "evs": {"hp": 85, "atk": 85, "def": 85, "spa": 85, "spd": 85, "spe": 85}, "ivs": {"hp": 31, "atk": 31, "def": 31, "spa": 31, "spd": 31, "spe": 31}, "item": "Toxic Orb", "teraType": "Normal", "role": "Setup Sweeper", "bvs": {"hp": 90, "atk": 130, "def": 75, "spa": 75, "spd": 75, "spe": 55}, "stats": {"hp": 288, "atk": 267, "def": 174, "spa": 174, "spd": 174, "spe": 141}, "types": ["Normal"]}, "Volcanion": {"name": "Volcanion", "species": "Volcanion", "speciesId": "volcanion", "gender": "N", "shiny": false, "level": 79, "moves": ["sludgebomb", "earthpower", "flamethrower", "steameruption"], "ability": "Water Absorb", "evs": {"hp": 81, "atk": 0, "def": 85, "spa": 85, "spd": 85, "spe": 85}, "ivs": {"hp": 31, "atk": 0, "def": 31, "spa": 31, "spd": 31, "spe": 31}, "item": "Choice Specs", "teraType": "Ground", "role": "Bulky Attacker", "bvs": {"hp": 80, "atk": 110, "def": 120, "spa": 130, "spd": 90, "spe": 70}, "stats": {"hp": 255, "atk": 178, "def": 235, "spa": 251, "spd": 188, "spe": 156}, "types": ["Fire", "Water"]}}, {"Vaporeon": {"name": "Vaporeon", "species": "Vaporeon", "speciesId": "vaporeon", "gender": "F", "shiny": false, "level": 86, "moves": ["wish", "scald", "icebeam", "protect"], "ability": "Water Absorb", "evs": {"hp": 85, "atk": 0, "def": 85, "spa": 85, "spd": 85, "spe": 85}, "ivs": {"hp": 31, "atk": 0, "def": 31, "spa": 31, "spd": 31, "spe": 31}, "item": "Leftovers", "teraType": "Ghost", "role": "Bulky Support", "bvs": {"hp": 130, "atk": 65, "def": 60, "spa": 110, "spd": 95, "spe": 65}, "stats": {"hp": 364, "atk": 116, "def": 152, "spa": 238, "spd": 213, "spe": 161}, "types": ["Water"]}, "Malamar": {"name": "Malamar", "species": "Malamar", "speciesId": "malamar", "gender": "F", "shiny": false, "level": 82, "moves": ["superpower", "knockoff", "psychocut", "rest"], "ability": "Contrary", "evs": {"hp": 85, "atk": 85, "def": 85, "spa": 85, "spd": 85, "spe": 85}, "ivs": {"hp": 31, "atk": 31, "def": 31, "spa": 31, "spd": 31, "spe": 31}, "item": "Chesto Berry", "teraType": "Poison", "role": "Fast Bulky Setup", "bvs": {"hp": 86, "atk": 92, "def": 88, "spa": 68, "spd": 75, "spe": 73}, "stats": {"hp": 275, "atk": 198, "def": 191, "spa": 159, "spd": 170, "spe": 167}, "types": ["Dark", "Psychic"]}, "Groudon": {"name": "Groudon", "species": "Groudon", "speciesId": "groudon", "gender": "N", "shiny": false, "level": 72, "moves": ["precipiceblades", "stoneedge", "thunderwave", "heatcrash"], "ability": "Drought", "evs": {"hp": 85, "atk": 85, "def": 85, "spa": 85, "spd": 85, "spe": 85}, "ivs": {"hp": 31, "atk": 31, "def": 31, "spa": 31, "spd": 31, "spe": 31}, "item": "Leftovers", "teraType": "Fire", "role": "Bulky Attacker", "bvs": {"hp": 100, "atk": 150, "def": 140, "spa": 100, "spd": 90, "spe": 90}, "stats": {"hp": 263, "atk": 258, "def": 244, "spa": 186, "spd": 172, "spe": 172}, "types": ["Ground"]}, "Donphan": {"name": "Donphan", "species": "Donphan", "speciesId": "donphan", "gender": "M", "shiny": false, "level": 84, "moves": ["earthquake", "rapidspin", "stealthrock", "knockoff"], "ability": "Sturdy", "evs": {"hp": 85, "atk": 85, "def": 85, "spa": 85, "spd": 85, "spe": 85}, "ivs": {"hp": 31, "atk": 31, "def": 31, "spa": 31, "spd": 31, "spe": 31}, "item": "Leftovers", "teraType": "Dragon", "role": "Bulky Support", "bvs": {"hp": 90, "atk": 120, "def": 120, "spa": 60, "spd": 60, "spe": 50}, "stats": {"hp": 288, "atk": 250, "def": 250, "spa": 149, "spd": 149, "spe": 132}, "types": ["Ground"]}, "Dipplin": {"name": "Dipplin", "species": "Dipplin", "speciesId": "dipplin", "gender": "M", "shiny": false, "level": 88, "moves": ["gigadrain", "dragonpulse", "recover", "dragontail"], "ability": "Sticky Hold", "evs": {"hp": 85, "atk": 85, "def": 85, "spa": 85, "spd": 85, "spe": 85}, "ivs": {"hp": 31, "atk": 31, "def": 31, "spa": 31, "spd": 31, "spe": 31}, "item": "Eviolite", "teraType": "Steel", "role": "Bulky Attacker", "bvs": {"hp": 80, "atk": 80, "def": 110, "spa": 95, "spd": 80, "spe": 40}, "stats": {"hp": 284, "atk": 191, "def": 244, "spa": 217, "spd": 191, "spe": 121}, "types": ["Grass", "Dragon"]}, "Entei": {"name": "Entei", "species": "Entei", "speciesId": "entei", "gender": "N", "shiny": false, "level": 78, "moves": ["sacredfire", "stompingtantrum", "extremespeed", "flareblitz"], "ability": "Inner Focus", "evs": {"hp": 85, "atk": 85, "def": 85, "spa": 85, "spd": 85, "spe": 85}, "ivs": {"hp": 31, "atk": 31, "def": 31, "spa": 31, "spd": 31, "spe": 31}, "item": "Choice Band", "teraType": "Fire", "role": "Wallbreaker", "bvs": {"hp": 115, "atk": 115, "def": 85, "spa": 90, "spd": 75, "spe": 100}, "stats": {"hp": 307, "atk": 224, "def": 178, "spa": 185, "spd": 162, "spe": 201}, "types": ["Fire"]}}]}