{"id": "gen9randombattle-2641552508", "format": "[Gen 9] Random Battle", "players": ["nardodick", "ftaochaphet"], "log": "|j|\u2606nardodick\n|j|\u2606ftaochaphet\n|t:|1782806445\n|gametype|singles\n|player|p1|nardodick|170|2131\n|player|p2|ftaochaphet|170|2189\n|gen|9\n|tier|[Gen 9] Random Battle\n|rated|\n|rule|Species Clause: Limit one of each Pok\u00e9mon\n|rule|HP Percentage Mod: HP is shown in percentages\n|rule|Sleep Clause Mod: Limit one foe put to sleep\n|rule|Illusion Level Mod: Illusion disguises the Pok\u00e9mon's true level\n|\n|t:|1782806445\n|teamsize|p1|6\n|teamsize|p2|6\n|start\n|switch|p1a: Beartic|Beartic, L91, F|321/321\n|switch|p2a: Vileplume|Vileplume, L85, M|266/266\n|turn|1\n|inactive|Battle timer is ON: inactive players will automatically lose when time's up. (requested by nardodick)\n|\n|t:|1782806459\n|switch|p2a: Jirachi|Jirachi, L80|291/291\n|move|p1a: Beartic|Icicle Crash|p2a: Jirachi\n|-resisted|p2a: Jirachi\n|-damage|p2a: Jirachi|228/291\n|\n|-heal|p2a: Jirachi|246/291|[from] item: Leftovers\n|upkeep\n|turn|2\n|\n|t:|1782806468\n|switch|p1a: Alomomola|Alomomola, L87, M|429/429\n|move|p2a: Jirachi|Stealth Rock|p1a: Alomomola\n|-sidestart|p1: nardodick|move: Stealth Rock\n|\n|-heal|p2a: Jirachi|264/291|[from] item: Leftovers\n|upkeep\n|turn|3\n|\n|t:|1782806477\n|move|p2a: Jirachi|Body Slam|p1a: Alomomola\n|-damage|p1a: Alomomola|375/429\n|move|p1a: Alomomola|Flip Turn|p2a: Jirachi\n|-damage|p2a: Jirachi|210/291\n|\n|t:|1782806489\n|switch|p1a: Politoed|Politoed, L88, F|302/302|[from] Flip Turn\n|-damage|p1a: Politoed|265/302|[from] Stealth Rock\n|-weather|RainDance|[from] ability: Drizzle|[of] p1a: Politoed\n|\n|-weather|RainDance|[upkeep]\n|-heal|p2a: Jirachi|228/291|[from] item: Leftovers\n|upkeep\n|turn|4\n|\n|t:|1782806495\n|switch|p2a: Vileplume|Vileplume, L85, M|266/266\n|move|p1a: Politoed|Weather Ball|p2a: Vileplume\n|-resisted|p2a: Vileplume\n|-damage|p2a: Vileplume|156/266\n|\n|-weather|RainDance|[upkeep]\n|-heal|p2a: Vileplume|172/266|[from] item: Leftovers\n|upkeep\n|turn|5\n|inactive|nardodick has 120 seconds left.\n|\n|t:|1782806534\n|switch|p1a: Hypno|Hypno, L95, F|315/315\n|-damage|p1a: Hypno|276/315|[from] Stealth Rock\n|move|p2a: Vileplume|Giga Drain|p1a: Hypno\n|-damage|p1a: Hypno|204/315\n|-heal|p2a: Vileplume|208/266|[from] drain|[of] p1a: Hypno\n|\n|-weather|RainDance|[upkeep]\n|-heal|p1a: Hypno|223/315|[from] item: Leftovers\n|-heal|p2a: Vileplume|224/266|[from] item: Leftovers\n|upkeep\n|turn|6\n|\n|t:|1782806541\n|switch|p2a: Rabsca|Rabsca, L91, M|284/284\n|move|p1a: Hypno|Psychic Noise|p2a: Rabsca\n|-resisted|p2a: Rabsca\n|-damage|p2a: Rabsca|250/284\n|-start|p2a: Rabsca|move: Heal Block\n|\n|-weather|RainDance|[upkeep]\n|-heal|p1a: Hypno|242/315|[from] item: Leftovers\n|upkeep\n|turn|7\n|inactive|nardodick has 120 seconds left.\n|\n|t:|1782806561\n|switch|p1a: Beartic|Beartic, L91, F|321/321\n|move|p2a: Rabsca|Bug Buzz|p1a: Beartic\n|-damage|p1a: Beartic|201/321\n|\n|-weather|none\n|-end|p2a: Rabsca|move: Heal Block\n|upkeep\n|turn|8\n|\n|t:|1782806574\n|switch|p2a: Jirachi|Jirachi, L80|228/291\n|move|p1a: Beartic|Snowscape|p1a: Beartic\n|-weather|Snowscape\n|\n|-weather|Snowscape|[upkeep]\n|-heal|p2a: Jirachi|246/291|[from] item: Leftovers\n|upkeep\n|turn|9\n|\n|t:|1782806593\n|move|p1a: Beartic|Earthquake|p2a: Jirachi\n|-supereffective|p2a: Jirachi\n|-damage|p2a: Jirachi|62/291\n|move|p2a: Jirachi|Body Slam|p1a: Beartic\n|-damage|p1a: Beartic|164/321\n|\n|-weather|Snowscape|[upkeep]\n|-heal|p2a: Jirachi|80/291|[from] item: Leftovers\n|upkeep\n|turn|10\n|\n|t:|1782806611\n|move|p1a: Beartic|Earthquake|p2a: Jirachi\n|-supereffective|p2a: Jirachi\n|-damage|p2a: Jirachi|0 fnt\n|faint|p2a: Jirachi\n|\n|-weather|Snowscape|[upkeep]\n|upkeep\n|\n|t:|1782806617\n|switch|p2a: Rabsca|Rabsca, L91, M|250/284\n|turn|11\n|\n|t:|1782806626\n|move|p1a: Beartic|Icicle Crash|p2a: Rabsca\n|-damage|p2a: Rabsca|129/284\n|move|p2a: Rabsca|Revival Blessing|p2a: Rabsca\n|\n|t:|1782806631\n|-heal|p2: Jirachi|145/291|[from] move: Revival Blessing\n|\n|-weather|Snowscape|[upkeep]\n|upkeep\n|turn|12\n|\n|t:|1782806634\n|move|p1a: Beartic|Icicle Crash|p2a: Rabsca\n|-damage|p2a: Rabsca|5/284\n|move|p2a: Rabsca|Bug Buzz|p1a: Beartic\n|-damage|p1a: Beartic|44/321\n|\n|-weather|none\n|upkeep\n|turn|13\n|\n|t:|1782806639\n|move|p1a: Beartic|Earthquake|p2a: Rabsca\n|-resisted|p2a: Rabsca\n|-damage|p2a: Rabsca|0 fnt\n|faint|p2a: Rabsca\n|\n|upkeep\n|\n|t:|1782806641\n|switch|p2a: Jirachi|Jirachi, L80|145/291\n|turn|14\n|inactive|nardodick has 120 seconds left.\n|inactive|nardodick has 90 seconds left.\n|\n|t:|1782806723\n|move|p2a: Jirachi|Drain Punch|p1a: Beartic\n|-supereffective|p1a: Beartic\n|-damage|p1a: Beartic|0 fnt\n|-heal|p2a: Jirachi|167/291|[from] drain|[of] p1a: Beartic\n|faint|p1a: Beartic\n|\n|-heal|p2a: Jirachi|185/291|[from] item: Leftovers\n|upkeep\n|\n|t:|1782806729\n|switch|p1a: Politoed|Politoed, L88, F|265/302\n|-damage|p1a: Politoed|228/302|[from] Stealth Rock\n|-weather|RainDance|[from] ability: Drizzle|[of] p1a: Politoed\n|turn|15\n|\n|t:|1782806735\n|switch|p2a: Blissey|Blissey, L85, F|572/572\n|move|p1a: Politoed|Weather Ball|p2a: Blissey\n|-damage|p2a: Blissey|394/572\n|\n|-weather|RainDance|[upkeep]\n|-heal|p2a: Blissey|429/572|[from] item: Leftovers\n|upkeep\n|turn|16\n|\n|t:|1782806744\n|switch|p1a: Alomomola|Alomomola, L87, M|429/429\n|-damage|p1a: Alomomola|376/429|[from] Stealth Rock\n|move|p2a: Blissey|Thunder Wave|p1a: Alomomola|[miss]\n|-miss|p2a: Blissey|p1a: Alomomola\n|\n|-weather|RainDance|[upkeep]\n|-heal|p1a: Alomomola|402/429|[from] item: Leftovers\n|-heal|p2a: Blissey|464/572|[from] item: Leftovers\n|upkeep\n|turn|17\n|\n|t:|1782806750\n|move|p1a: Alomomola|Flip Turn|p2a: Blissey\n|-damage|p2a: Blissey|230/572\n|\n|t:|1782806752\n|switch|p1a: Minun|Minun, L95, F|268/268|[from] Flip Turn\n|-damage|p1a: Minun|235/268|[from] Stealth Rock\n|move|p2a: Blissey|Thunder Wave|p1a: Minun\n|-heal|p1a: Minun|268/268|[from] ability: Volt Absorb|[of] p2a: Blissey\n|\n|-weather|RainDance|[upkeep]\n|-heal|p2a: Blissey|265/572|[from] item: Leftovers\n|upkeep\n|turn|18\n|\n|t:|1782806758\n|switch|p2a: Vileplume|Vileplume, L85, M|224/266\n|move|p1a: Minun|Nasty Plot|p1a: Minun\n|-boost|p1a: Minun|spa|2\n|\n|-weather|RainDance|[upkeep]\n|-heal|p2a: Vileplume|240/266|[from] item: Leftovers\n|upkeep\n|turn|19\n|\n|t:|1782806769\n|move|p1a: Minun|Thunderbolt|p2a: Vileplume\n|-resisted|p2a: Vileplume\n|-damage|p2a: Vileplume|119/266\n|-damage|p1a: Minun|242/268|[from] item: Life Orb\n|move|p2a: Vileplume|Sludge Bomb|p1a: Minun\n|-damage|p1a: Minun|137/268\n|\n|-weather|none\n|-heal|p2a: Vileplume|135/266|[from] item: Leftovers\n|upkeep\n|turn|20\n|\n|t:|1782806774\n|move|p1a: Minun|Thunderbolt|p2a: Vileplume\n|-resisted|p2a: Vileplume\n|-damage|p2a: Vileplume|10/266\n|-damage|p1a: Minun|111/268|[from] item: Life Orb\n|move|p2a: Vileplume|Strength Sap|p1a: Minun\n|-unboost|p1a: Minun|atk|1\n|-heal|p2a: Vileplume|91/266\n|\n|-heal|p2a: Vileplume|107/266|[from] item: Leftovers\n|upkeep\n|turn|21\n|\n|t:|1782806779\n|move|p1a: Minun|Thunderbolt|p2a: Vileplume\n|-resisted|p2a: Vileplume\n|-damage|p2a: Vileplume|0 fnt\n|faint|p2a: Vileplume\n|-damage|p1a: Minun|85/268|[from] item: Life Orb\n|\n|upkeep\n|\n|t:|1782806785\n|switch|p2a: Blissey|Blissey, L85, F|265/572\n|turn|22\n|inactive|nardodick has 120 seconds left.\n|\n|t:|1782806823\n|switch|p1a: Alomomola|Alomomola, L87, M|429/429\n|-damage|p1a: Alomomola|376/429|[from] Stealth Rock\n|move|p2a: Blissey|Seismic Toss|p1a: Alomomola\n|-damage|p1a: Alomomola|291/429\n|\n|-heal|p1a: Alomomola|317/429|[from] item: Leftovers\n|-heal|p2a: Blissey|300/572|[from] item: Leftovers\n|upkeep\n|turn|23\n|\n|t:|1782806834\n|move|p1a: Alomomola|Wish|p1a: Alomomola\n|move|p2a: Blissey|Soft-Boiled|p2a: Blissey\n|-heal|p2a: Blissey|572/572\n|\n|-heal|p1a: Alomomola|343/429|[from] item: Leftovers\n|upkeep\n|turn|24\n|\n|t:|1782806851\n|move|p1a: Alomomola|Scald|p2a: Blissey\n|-damage|p2a: Blissey|536/572\n|move|p2a: Blissey|Seismic Toss|p1a: Alomomola\n|-damage|p1a: Alomomola|258/429\n|\n|-heal|p1a: Alomomola|429/429|[from] move: Wish|[wisher] Alomomola\n|-heal|p2a: Blissey|571/572|[from] item: Leftovers\n|upkeep\n|turn|25\n|\n|t:|1782806858\n|move|p1a: Alomomola|Wish|p1a: Alomomola\n|move|p2a: Blissey|Thunder Wave|p1a: Alomomola\n|-status|p1a: Alomomola|par\n|\n|-heal|p2a: Blissey|572/572|[from] item: Leftovers\n|upkeep\n|turn|26\n|\n|t:|1782806862\n|move|p2a: Blissey|Seismic Toss|p1a: Alomomola\n|-damage|p1a: Alomomola|344/429 par\n|move|p1a: Alomomola|Scald|p2a: Blissey\n|-damage|p2a: Blissey|535/572\n|-status|p2a: Blissey|brn\n|\n|-heal|p1a: Alomomola|429/429 par|[from] move: Wish|[wisher] Alomomola\n|-heal|p2a: Blissey|570/572 brn|[from] item: Leftovers\n|-damage|p2a: Blissey|535/572 brn|[from] brn\n|upkeep\n|turn|27\n|inactive|nardodick has 120 seconds left.\n|\n|t:|1782806892\n|move|p2a: Blissey|Seismic Toss|p1a: Alomomola\n|-damage|p1a: Alomomola|344/429 par\n|move|p1a: Alomomola|Wish|p1a: Alomomola\n|\n|-heal|p2a: Blissey|570/572 brn|[from] item: Leftovers\n|-heal|p1a: Alomomola|370/429 par|[from] item: Leftovers\n|-damage|p2a: Blissey|535/572 brn|[from] brn\n|upkeep\n|turn|28\n|\n|t:|1782806895\n|-curestatus|p2a: Blissey|brn|[from] ability: Natural Cure|[silent]\n|switch|p2a: Zangoose|Zangoose, L85, M|263/263\n|cant|p1a: Alomomola|par\n|\n|-heal|p1a: Alomomola|429/429 par|[from] move: Wish|[wisher] Alomomola\n|-status|p2a: Zangoose|tox|[from] item: Toxic Orb\n|upkeep\n|turn|29\n|\n|t:|1782806903\n|move|p2a: Zangoose|Swords Dance|p2a: Zangoose\n|-boost|p2a: Zangoose|atk|2\n|cant|p1a: Alomomola|par\n|\n|-damage|p2a: Zangoose|247/263 tox|[from] psn\n|upkeep\n|turn|30\n|\n|t:|1782806908\n|cant|p1a: Alomomola|par\n|move|p2a: Zangoose|Facade|p1a: Alomomola\n|-damage|p1a: Alomomola|0 fnt\n|faint|p1a: Alomomola\n|\n|-damage|p2a: Zangoose|215/263 tox|[from] psn\n|upkeep\n|\n|t:|1782806915\n|switch|p1a: Minun|Minun, L95, F|85/268\n|-damage|p1a: Minun|52/268|[from] Stealth Rock\n|turn|31\n|\n|t:|1782806918\n|move|p1a: Minun|Thunderbolt|p2a: Zangoose\n|-damage|p2a: Zangoose|54/263 tox\n|-damage|p1a: Minun|26/268|[from] item: Life Orb\n|move|p2a: Zangoose|Knock Off|p1a: Minun\n|-crit|p1a: Minun\n|-damage|p1a: Minun|0 fnt\n|-enditem|p1a: Minun|Life Orb|[from] move: Knock Off|[of] p2a: Zangoose\n|faint|p1a: Minun\n|\n|-damage|p2a: Zangoose|6/263 tox|[from] psn\n|upkeep\n|\n|t:|1782806929\n|switch|p1a: Whimsicott|Whimsicott, L84, M|238/238\n|-damage|p1a: Whimsicott|209/238|[from] Stealth Rock\n|turn|32\n|\n|t:|1782806933\n|move|p1a: Whimsicott|Substitute|p1a: Whimsicott\n|-start|p1a: Whimsicott|Substitute\n|-damage|p1a: Whimsicott|150/238\n|move|p2a: Zangoose|Facade|p1a: Whimsicott\n|-end|p1a: Whimsicott|Substitute\n|\n|-heal|p1a: Whimsicott|164/238|[from] item: Leftovers\n|-damage|p2a: Zangoose|0 fnt|[from] psn\n|faint|p2a: Zangoose\n|upkeep\n|\n|t:|1782806935\n|switch|p2a: Jirachi|Jirachi, L80|185/291\n|turn|33\n|\n|t:|1782806955\n|switch|p1a: Politoed|Politoed, L88, F|228/302\n|-damage|p1a: Politoed|191/302|[from] Stealth Rock\n|-weather|RainDance|[from] ability: Drizzle|[of] p1a: Politoed\n|move|p2a: Jirachi|Body Slam|p1a: Politoed\n|-damage|p1a: Politoed|129/302\n|-status|p1a: Politoed|par\n|\n|-weather|RainDance|[upkeep]\n|-heal|p2a: Jirachi|203/291|[from] item: Leftovers\n|upkeep\n|turn|34\n|\n|t:|1782806966\n|switch|p2a: Toxapex|Toxapex, L82, M|216/216\n|move|p1a: Politoed|Weather Ball|p2a: Toxapex\n|-resisted|p2a: Toxapex\n|-damage|p2a: Toxapex|129/216\n|\n|-weather|RainDance|[upkeep]\n|-heal|p2a: Toxapex|142/216|[from] item: Leftovers\n|upkeep\n|turn|35\n|inactive|nardodick has 120 seconds left.\n|\n|t:|1782807009\n|move|p2a: Toxapex|Toxic Spikes|p1a: Politoed\n|-sidestart|p1: nardodick|move: Toxic Spikes\n|move|p1a: Politoed|Weather Ball|p2a: Toxapex\n|-resisted|p2a: Toxapex\n|-damage|p2a: Toxapex|62/216\n|\n|-weather|RainDance|[upkeep]\n|-heal|p2a: Toxapex|75/216|[from] item: Leftovers\n|upkeep\n|turn|36\n|\n|t:|1782807017\n|move|p2a: Toxapex|Recover|p2a: Toxapex\n|-heal|p2a: Toxapex|183/216\n|cant|p1a: Politoed|par\n|\n|-weather|RainDance|[upkeep]\n|-heal|p2a: Toxapex|196/216|[from] item: Leftovers\n|upkeep\n|turn|37\n|\n|t:|1782807020\n|move|p2a: Toxapex|Toxic Spikes|p1a: Politoed\n|-sidestart|p1: nardodick|move: Toxic Spikes\n|move|p1a: Politoed|Weather Ball|p2a: Toxapex\n|-resisted|p2a: Toxapex\n|-damage|p2a: Toxapex|115/216\n|\n|-weather|none\n|-heal|p2a: Toxapex|128/216|[from] item: Leftovers\n|upkeep\n|turn|38\n|\n|t:|1782807024\n|move|p2a: Toxapex|Liquidation|p1a: Politoed\n|-resisted|p1a: Politoed\n|-damage|p1a: Politoed|95/302 par\n|move|p1a: Politoed|Weather Ball|p2a: Toxapex\n|-damage|p2a: Toxapex|87/216\n|\n|-heal|p2a: Toxapex|100/216|[from] item: Leftovers\n|upkeep\n|turn|39\n|\n|t:|1782807027\n|move|p2a: Toxapex|Recover|p2a: Toxapex\n|-heal|p2a: Toxapex|208/216\n|move|p1a: Politoed|Weather Ball|p2a: Toxapex\n|-damage|p2a: Toxapex|171/216\n|\n|-heal|p2a: Toxapex|184/216|[from] item: Leftovers\n|upkeep\n|turn|40\n|\n|t:|1782807037\n|move|p2a: Toxapex|Liquidation|p1a: Politoed\n|-resisted|p1a: Politoed\n|-damage|p1a: Politoed|59/302 par\n|move|p1a: Politoed|Weather Ball|p2a: Toxapex\n|-damage|p2a: Toxapex|141/216\n|\n|-heal|p2a: Toxapex|154/216|[from] item: Leftovers\n|upkeep\n|turn|41\n|\n|t:|1782807040\n|move|p2a: Toxapex|Liquidation|p1a: Politoed\n|-resisted|p1a: Politoed\n|-damage|p1a: Politoed|28/302 par\n|move|p1a: Politoed|Weather Ball|p2a: Toxapex\n|-damage|p2a: Toxapex|113/216\n|\n|-heal|p2a: Toxapex|126/216|[from] item: Leftovers\n|upkeep\n|turn|42\n|\n|t:|1782807059\n|move|p2a: Toxapex|Recover|p2a: Toxapex\n|-heal|p2a: Toxapex|216/216\n|cant|p1a: Politoed|par\n|\n|upkeep\n|turn|43\n|-message|nardodick forfeited.\n|\n|win|ftaochaphet\n", "inputlog": ">version f8ac14003a5f27e1bdc8d8c59608a773c1cb96e5\n>start {\"formatid\":\"gen9randombattle\",\"seed\":\"sodium,28aff36d068d6063d6fa8f5f5226eecb\",\"rated\":\"Rated battle\"}\n>player p1 {\"name\":\"nardodick\",\"avatar\":\"170\",\"rating\":2131,\"seed\":\"sodium,b14732e2f6c4e9f249727487322f18f7\"}\n>player p2 {\"name\":\"ftaochaphet\",\"avatar\":\"170\",\"rating\":2189,\"seed\":\"sodium,7576d45f98e028e8e5636c5c21aa2fa0\"}\n>p1 move iciclecrash\n>p2 switch 3\n>p1 switch 5\n>p2 move stealthrock\n>p1 move flipturn\n>p2 move bodyslam\n>p1 switch 6\n>p1 move weatherball\n>p2 switch 3\n>p1 switch 2\n>p2 move gigadrain\n>p1 move psychicnoise\n>p2 switch 2\n>p1 switch 5\n>p2 move bugbuzz\n>p1 move snowscape\n>p2 switch 3\n>p1 move earthquake\n>p2 move bodyslam\n>p1 move earthquake\n>p2 move bodyslam\n>p2 switch 3\n>p1 move iciclecrash\n>p2 move revivalblessing\n>p2 switch 3\n>p1 move iciclecrash\n>p2 move bugbuzz\n>p1 move earthquake\n>p2 move bugbuzz\n>p2 switch 3\n>p1 move earthquake\n>p2 move drainpunch\n>p1 switch 2\n>p1 move weatherball\n>p2 switch 6\n>p1 switch 6\n>p2 move thunderwave\n>p1 move flipturn\n>p2 move thunderwave\n>p1 switch 3\n>p1 move nastyplot\n>p2 switch 2\n>p1 move thunderbolt\n>p2 move sludgebomb\n>p1 move thunderbolt\n>p2 move strengthsap\n>p1 move thunderbolt\n>p2 move sludgebomb\n>p2 switch 2\n>p1 switch 3\n>p2 move seismictoss\n>p1 move wish\n>p2 move softboiled\n>p1 move scald\n>p2 move seismictoss\n>p1 move wish\n>p2 move thunderwave\n>p1 move scald\n>p2 move seismictoss\n>p1 move wish\n>p2 move seismictoss\n>p1 move flipturn\n>p2 switch 4\n>p1 move wish\n>p2 move swordsdance\n>p1 move protect\n>p2 move facade\n>p1 switch 3\n>p1 move thunderbolt\n>p2 move knockoff\n>p1 switch 4\n>p1 move substitute\n>p2 move facade\n>p2 switch 6\n>p1 switch 6\n>p2 move bodyslam\n>p1 move weatherball\n>p2 switch 5\n>p1 move weatherball\n>p2 move toxicspikes\n>p1 move weatherball\n>p2 move recover\n>p1 move weatherball\n>p2 move toxicspikes\n>p1 move weatherball\n>p2 move liquidation\n>p1 move weatherball\n>p2 move recover\n>p1 move weatherball\n>p2 move liquidation\n>p1 move weatherball\n>p2 move liquidation\n>p1 move weatherball\n>p2 move recover\n>forcelose p1", "uploadtime": 1782806447, "views": 5, "formatid": "gen9randombattle", "rating": null, "private": 0, "password": null, "player_dets": [{"name": "nardodick", "avatar": "170", "rating": 2131, "seed": "sodium,b14732e2f6c4e9f249727487322f18f7"}, {"name": "ftaochaphet", "avatar": "170", "rating": 2189, "seed": "sodium,7576d45f98e028e8e5636c5c21aa2fa0"}], "teams_full": [{"Beartic": {"name": "Beartic", "species": "Beartic", "speciesId": "beartic", "gender": "F", "shiny": false, "level": 91, "moves": ["closecombat", "snowscape", "iciclecrash", "earthquake"], "ability": "Slush Rush", "evs": {"hp": 85, "atk": 85, "def": 85, "spa": 85, "spd": 85, "spe": 85}, "ivs": {"hp": 31, "atk": 31, "def": 31, "spa": 31, "spd": 31, "spe": 31}, "item": "Heavy-Duty Boots", "teraType": "Ground", "role": "Wallbreaker", "bvs": {"hp": 95, "atk": 130, "def": 80, "spa": 70, "spd": 80, "spe": 50}, "stats": {"hp": 321, "atk": 288, "def": 197, "spa": 179, "spd": 197, "spe": 143}, "types": ["Ice"]}, "Hypno": {"name": "Hypno", "species": "Hypno", "speciesId": "hypno", "gender": "F", "shiny": false, "level": 95, "moves": ["focusblast", "toxic", "psychicnoise", "protect"], "ability": "Insomnia", "evs": {"hp": 85, "atk": 0, "def": 85, "spa": 85, "spd": 85, "spe": 85}, "ivs": {"hp": 31, "atk": 0, "def": 31, "spa": 31, "spd": 31, "spe": 31}, "item": "Leftovers", "teraType": "Dark", "role": "Bulky Attacker", "bvs": {"hp": 85, "atk": 73, "def": 70, "spa": 73, "spd": 115, "spe": 67}, "stats": {"hp": 315, "atk": 143, "def": 187, "spa": 193, "spd": 272, "spe": 181}, "types": ["Psychic"]}, "Minun": {"name": "Minun", "species": "Minun", "speciesId": "minun", "gender": "F", "shiny": false, "level": 95, "moves": ["grassknot", "nastyplot", "encore", "thunderbolt"], "ability": "Volt Absorb", "evs": {"hp": 85, "atk": 0, "def": 85, "spa": 85, "spd": 85, "spe": 85}, "ivs": {"hp": 31, "atk": 0, "def": 31, "spa": 31, "spd": 31, "spe": 31}, "item": "Life Orb", "teraType": "Grass", "role": "Setup Sweeper", "bvs": {"hp": 60, "atk": 40, "def": 50, "spa": 75, "spd": 85, "spe": 95}, "stats": {"hp": 268, "atk": 81, "def": 149, "spa": 196, "spd": 215, "spe": 234}, "types": ["Electric"]}, "Whimsicott": {"name": "Whimsicott", "species": "Whimsicott", "speciesId": "whimsicott", "gender": "M", "shiny": false, "level": 84, "moves": ["substitute", "encore", "leechseed", "moonblast"], "ability": "Prankster", "evs": {"hp": 85, "atk": 0, "def": 85, "spa": 85, "spd": 85, "spe": 85}, "ivs": {"hp": 31, "atk": 0, "def": 31, "spa": 31, "spd": 31, "spe": 31}, "item": "Leftovers", "teraType": "Steel", "role": "Bulky Support", "bvs": {"hp": 60, "atk": 67, "def": 85, "spa": 77, "spd": 75, "spe": 116}, "stats": {"hp": 238, "atk": 117, "def": 191, "spa": 178, "spd": 174, "spe": 243}, "types": ["Grass", "Fairy"]}, "Alomomola": {"name": "Alomomola", "species": "Alomomola", "speciesId": "alomomola", "gender": "M", "shiny": false, "level": 87, "moves": ["scald", "flipturn", "protect", "wish"], "ability": "Regenerator", "evs": {"hp": 85, "atk": 85, "def": 85, "spa": 85, "spd": 85, "spe": 85}, "ivs": {"hp": 31, "atk": 31, "def": 31, "spa": 31, "spd": 31, "spe": 31}, "item": "Leftovers", "teraType": "Steel", "role": "Bulky Support", "bvs": {"hp": 165, "atk": 75, "def": 80, "spa": 40, "spd": 45, "spe": 65}, "stats": {"hp": 429, "atk": 180, "def": 189, "spa": 119, "spd": 128, "spe": 163}, "types": ["Water"]}, "Politoed": {"name": "Politoed", "species": "Politoed", "speciesId": "politoed", "gender": "F", "shiny": false, "level": 88, "moves": ["weatherball", "focusblast", "icebeam", "hydropump"], "ability": "Drizzle", "evs": {"hp": 85, "atk": 0, "def": 85, "spa": 85, "spd": 85, "spe": 85}, "ivs": {"hp": 31, "atk": 0, "def": 31, "spa": 31, "spd": 31, "spe": 31}, "item": "Choice Specs", "teraType": "Water", "role": "Fast Attacker", "bvs": {"hp": 90, "atk": 75, "def": 75, "spa": 90, "spd": 100, "spe": 70}, "stats": {"hp": 302, "atk": 137, "def": 182, "spa": 209, "spd": 226, "spe": 173}, "types": ["Water"]}}, {"Vileplume": {"name": "Vileplume", "species": "Vileplume", "speciesId": "vileplume", "gender": "M", "shiny": false, "level": 85, "moves": ["gigadrain", "sludgebomb", "sleeppowder", "strengthsap"], "ability": "Effect Spore", "evs": {"hp": 85, "atk": 0, "def": 85, "spa": 85, "spd": 85, "spe": 85}, "ivs": {"hp": 31, "atk": 0, "def": 31, "spa": 31, "spd": 31, "spe": 31}, "item": "Leftovers", "teraType": "Water", "role": "Bulky Attacker", "bvs": {"hp": 75, "atk": 80, "def": 85, "spa": 110, "spd": 90, "spe": 50}, "stats": {"hp": 266, "atk": 141, "def": 193, "spa": 236, "spd": 202, "spe": 134}, "types": ["Grass", "Poison"]}, "Rabsca": {"name": "Rabsca", "species": "Rabsca", "speciesId": "rabsca", "gender": "M", "shiny": false, "level": 91, "moves": ["recover", "revivalblessing", "psychic", "bugbuzz"], "ability": "Synchronize", "evs": {"hp": 85, "atk": 0, "def": 85, "spa": 85, "spd": 85, "spe": 85}, "ivs": {"hp": 31, "atk": 0, "def": 31, "spa": 31, "spd": 31, "spe": 31}, "item": "Heavy-Duty Boots", "teraType": "Steel", "role": "Wallbreaker", "bvs": {"hp": 75, "atk": 50, "def": 85, "spa": 115, "spd": 100, "spe": 45}, "stats": {"hp": 284, "atk": 96, "def": 207, "spa": 261, "spd": 234, "spe": 134}, "types": ["Bug", "Psychic"]}, "Jirachi": {"name": "Jirachi", "species": "Jirachi", "speciesId": "jirachi", "gender": "N", "shiny": false, "level": 80, "moves": ["ironhead", "stealthrock", "bodyslam", "drainpunch"], "ability": "Serene Grace", "evs": {"hp": 85, "atk": 85, "def": 85, "spa": 85, "spd": 85, "spe": 85}, "ivs": {"hp": 31, "atk": 31, "def": 31, "spa": 31, "spd": 31, "spe": 31}, "item": "Leftovers", "teraType": "Fighting", "role": "Bulky Attacker", "bvs": {"hp": 100, "atk": 100, "def": 100, "spa": 100, "spd": 100, "spe": 100}, "stats": {"hp": 291, "atk": 206, "def": 206, "spa": 206, "spd": 206, "spe": 206}, "types": ["Steel", "Psychic"]}, "Zangoose": {"name": "Zangoose", "species": "Zangoose", "speciesId": "zangoose", "gender": "M", "shiny": false, "level": 85, "moves": ["swordsdance", "closecombat", "facade", "knockoff"], "ability": "Toxic Boost", "evs": {"hp": 85, "atk": 85, "def": 85, "spa": 85, "spd": 85, "spe": 85}, "ivs": {"hp": 31, "atk": 31, "def": 31, "spa": 31, "spd": 31, "spe": 31}, "item": "Toxic Orb", "teraType": "Normal", "role": "Fast Attacker", "bvs": {"hp": 73, "atk": 115, "def": 60, "spa": 60, "spd": 60, "spe": 90}, "stats": {"hp": 263, "atk": 244, "def": 151, "spa": 151, "spd": 151, "spe": 202}, "types": ["Normal"]}, "Toxapex": {"name": "Toxapex", "species": "Toxapex", "speciesId": "toxapex", "gender": "M", "shiny": false, "level": 82, "moves": ["liquidation", "toxicspikes", "recover", "haze"], "ability": "Regenerator", "evs": {"hp": 85, "atk": 85, "def": 85, "spa": 85, "spd": 85, "spe": 85}, "ivs": {"hp": 31, "atk": 31, "def": 31, "spa": 31, "spd": 31, "spe": 31}, "item": "Leftovers", "teraType": "Grass", "role": "Bulky Support", "bvs": {"hp": 50, "atk": 63, "def": 152, "spa": 53, "spd": 142, "spe": 35}, "stats": {"hp": 216, "atk": 150, "def": 296, "spa": 134, "spd": 280, "spe": 105}, "types": ["Poison", "Water"]}, "Blissey": {"name": "Blissey", "species": "Blissey", "speciesId": "blissey", "gender": "F", "shiny": false, "level": 85, "moves": ["softboiled", "seismictoss", "healbell", "thunderwave"], "ability": "Natural Cure", "evs": {"hp": 85, "atk": 0, "def": 85, "spa": 85, "spd": 85, "spe": 85}, "ivs": {"hp": 31, "atk": 0, "def": 31, "spa": 31, "spd": 31, "spe": 31}, "item": "Leftovers", "teraType": "Poison", "role": "Bulky Support", "bvs": {"hp": 255, "atk": 10, "def": 10, "spa": 75, "spd": 135, "spe": 55}, "stats": {"hp": 572, "atk": 22, "def": 66, "spa": 176, "spd": 278, "spe": 142}, "types": ["Normal"]}}]}