{"id": "gen9randombattle-2641451512", "format": "[Gen 9] Random Battle", "players": ["nickolassbomfim", "7R1N17Y"], "log": "|j|\u2606nickolassbomfim\n|j|\u203d7R1N17Y\n|t:|1782786807\n|gametype|singles\n|player|p1|nickolassbomfim|red-masters|2073\n|player|p2|7R1N17Y|dawn|2011\n|gen|9\n|tier|[Gen 9] Random Battle\n|rated|\n|rule|Species Clause: Limit one of each Pok\u00e9mon\n|rule|HP Percentage Mod: HP is shown in percentages\n|rule|Sleep Clause Mod: Limit one foe put to sleep\n|rule|Illusion Level Mod: Illusion disguises the Pok\u00e9mon's true level\n|\n|t:|1782786808\n|teamsize|p1|6\n|teamsize|p2|6\n|start\n|switch|p1a: Alcremie|Alcremie, L90, F|263/263\n|switch|p2a: Bellossom|Bellossom, L84, F|263/263\n|turn|1\n|inactive|Battle timer is ON: inactive players will automatically lose when time's up. (requested by nickolassbomfim)\n|\n|t:|1782786818\n|switch|p1a: Shaymin|Shaymin-Sky, L73|266/266\n|move|p2a: Bellossom|Quiver Dance|p2a: Bellossom\n|-boost|p2a: Bellossom|spa|1\n|-boost|p2a: Bellossom|spd|1\n|-boost|p2a: Bellossom|spe|1\n|\n|upkeep\n|turn|2\n|\n|t:|1782786821\n|move|p1a: Shaymin|Air Slash|p2a: Bellossom\n|-supereffective|p2a: Bellossom\n|-damage|p2a: Bellossom|165/263\n|cant|p2a: Bellossom|flinch\n|\n|-heal|p2a: Bellossom|181/263|[from] item: Leftovers\n|upkeep\n|turn|3\n|\n|t:|1782786826\n|switch|p2a: Blissey|Blissey, L85, F|572/572\n|move|p1a: Shaymin|Air Slash|p2a: Blissey\n|-damage|p2a: Blissey|524/572\n|\n|-heal|p2a: Blissey|559/572|[from] item: Leftovers\n|upkeep\n|turn|4\n|\n|t:|1782786829\n|move|p1a: Shaymin|Substitute|p1a: Shaymin\n|-start|p1a: Shaymin|Substitute\n|-damage|p1a: Shaymin|200/266\n|move|p2a: Blissey|Stealth Rock|p1a: Shaymin\n|-sidestart|p1: nickolassbomfim|move: Stealth Rock\n|\n|-heal|p1a: Shaymin|216/266|[from] item: Leftovers\n|-heal|p2a: Blissey|572/572|[from] item: Leftovers\n|upkeep\n|turn|5\n|\n|t:|1782786833\n|move|p1a: Shaymin|Seed Flare|p2a: Blissey\n|-damage|p2a: Blissey|485/572\n|-unboost|p2a: Blissey|spd|2\n|move|p2a: Blissey|Seismic Toss|p1a: Shaymin\n|-end|p1a: Shaymin|Substitute\n|\n|-heal|p1a: Shaymin|232/266|[from] item: Leftovers\n|-heal|p2a: Blissey|520/572|[from] item: Leftovers\n|upkeep\n|turn|6\n|\n|t:|1782786839\n|move|p1a: Shaymin|Air Slash|p2a: Blissey|[miss]\n|-miss|p1a: Shaymin|p2a: Blissey\n|move|p2a: Blissey|Seismic Toss|p1a: Shaymin\n|-damage|p1a: Shaymin|147/266\n|\n|-heal|p1a: Shaymin|163/266|[from] item: Leftovers\n|-heal|p2a: Blissey|555/572|[from] item: Leftovers\n|upkeep\n|turn|7\n|\n|t:|1782786841\n|move|p1a: Shaymin|Substitute|p1a: Shaymin\n|-start|p1a: Shaymin|Substitute\n|-damage|p1a: Shaymin|97/266\n|move|p2a: Blissey|Seismic Toss|p1a: Shaymin\n|-end|p1a: Shaymin|Substitute\n|\n|-heal|p1a: Shaymin|113/266|[from] item: Leftovers\n|-heal|p2a: Blissey|572/572|[from] item: Leftovers\n|upkeep\n|turn|8\n|\n|t:|1782786845\n|move|p1a: Shaymin|Air Slash|p2a: Blissey\n|-damage|p2a: Blissey|466/572\n|cant|p2a: Blissey|flinch\n|\n|-heal|p1a: Shaymin|129/266|[from] item: Leftovers\n|-heal|p2a: Blissey|501/572|[from] item: Leftovers\n|upkeep\n|turn|9\n|\n|t:|1782786847\n|move|p1a: Shaymin|Air Slash|p2a: Blissey\n|-damage|p2a: Blissey|396/572\n|move|p2a: Blissey|Seismic Toss|p1a: Shaymin\n|-damage|p1a: Shaymin|44/266\n|\n|-heal|p1a: Shaymin|60/266|[from] item: Leftovers\n|-heal|p2a: Blissey|431/572|[from] item: Leftovers\n|upkeep\n|turn|10\n|\n|t:|1782786850\n|move|p1a: Shaymin|Air Slash|p2a: Blissey\n|-damage|p2a: Blissey|332/572\n|move|p2a: Blissey|Seismic Toss|p1a: Shaymin\n|-damage|p1a: Shaymin|0 fnt\n|faint|p1a: Shaymin\n|\n|-heal|p2a: Blissey|367/572|[from] item: Leftovers\n|upkeep\n|\n|t:|1782786854\n|switch|p1a: Zekrom|Zekrom, L71|259/259\n|-damage|p1a: Zekrom|227/259|[from] Stealth Rock\n|-ability|p1a: Zekrom|Teravolt\n|turn|11\n|\n|t:|1782786861\n|switch|p2a: Electrode|Electrode-Hisui, L87|246/246\n|move|p1a: Zekrom|Dragon Dance|p1a: Zekrom\n|-boost|p1a: Zekrom|atk|1\n|-boost|p1a: Zekrom|spe|1\n|\n|-heal|p1a: Zekrom|243/259|[from] item: Leftovers\n|upkeep\n|turn|12\n|\n|t:|1782786864\n|move|p2a: Electrode|Substitute|p2a: Electrode\n|-start|p2a: Electrode|Substitute\n|-damage|p2a: Electrode|185/246\n|move|p1a: Zekrom|Dragon Dance|p1a: Zekrom\n|-boost|p1a: Zekrom|atk|1\n|-boost|p1a: Zekrom|spe|1\n|\n|-heal|p1a: Zekrom|259/259|[from] item: Leftovers\n|-heal|p2a: Electrode|200/246|[from] item: Leftovers\n|upkeep\n|turn|13\n|\n|t:|1782786868\n|move|p1a: Zekrom|Outrage|p2a: Electrode\n|-end|p2a: Electrode|Substitute\n|move|p2a: Electrode|Leech Seed|p1a: Zekrom\n|-start|p1a: Zekrom|move: Leech Seed\n|\n|-heal|p2a: Electrode|215/246|[from] item: Leftovers\n|-damage|p1a: Zekrom|227/259|[from] Leech Seed|[of] p2a: Electrode\n|-heal|p2a: Electrode|246/246|[silent]\n|upkeep\n|turn|14\n|\n|t:|1782786878\n|move|p1a: Zekrom|Outrage|p2a: Electrode|[from] lockedmove\n|-damage|p2a: Electrode|0 fnt\n|faint|p2a: Electrode\n|\n|-heal|p1a: Zekrom|243/259|[from] item: Leftovers\n|upkeep\n|inactive|7R1N17Y has 120 seconds left.\n|\n|t:|1782786915\n|switch|p2a: Pikachu|Pikachu-Sinnoh, L93, M|216/216\n|turn|15\n|\n|t:|1782786917\n|move|p2a: Pikachu|Fake Out|p1a: Zekrom\n|-damage|p1a: Zekrom|201/259\n|cant|p1a: Zekrom|flinch\n|\n|-heal|p1a: Zekrom|217/259|[from] item: Leftovers\n|-damage|p1a: Zekrom|185/259|[from] Leech Seed|[of] p2a: Pikachu\n|-start|p1a: Zekrom|confusion|[fatigue]\n|upkeep\n|turn|16\n|\n|t:|1782786924\n|-activate|p1a: Zekrom|confusion\n|-damage|p1a: Zekrom|134/259|[from] confusion\n|move|p2a: Pikachu|Knock Off|p1a: Zekrom\n|-damage|p1a: Zekrom|39/259\n|-enditem|p1a: Zekrom|Leftovers|[from] move: Knock Off|[of] p2a: Pikachu\n|\n|-damage|p1a: Zekrom|7/259|[from] Leech Seed|[of] p2a: Pikachu\n|upkeep\n|turn|17\n|\n|t:|1782786932\n|-activate|p1a: Zekrom|confusion\n|-damage|p1a: Zekrom|0 fnt|[from] confusion\n|faint|p1a: Zekrom\n|move|p2a: Pikachu|Knock Off|p1: Zekrom|[notarget]\n|-fail|p2a: Pikachu\n|\n|upkeep\n|\n|t:|1782786937\n|switch|p1a: Magcargo|Magcargo, L95, M|268/268\n|turn|18\n|\n|t:|1782786942\n|-terastallize|p1a: Magcargo|Dragon\n|move|p2a: Pikachu|Surf|p1a: Magcargo\n|-resisted|p1a: Magcargo\n|-damage|p1a: Magcargo|218/268\n|move|p1a: Magcargo|Shell Smash|p1a: Magcargo\n|-unboost|p1a: Magcargo|def|1\n|-unboost|p1a: Magcargo|spd|1\n|-boost|p1a: Magcargo|atk|2\n|-boost|p1a: Magcargo|spa|2\n|-boost|p1a: Magcargo|spe|2\n|\n|upkeep\n|turn|19\n|\n|t:|1782786954\n|switch|p2a: Poliwrath|Poliwrath, L88, M|302/302\n|move|p1a: Magcargo|Fire Blast|p2a: Poliwrath\n|-resisted|p2a: Poliwrath\n|-damage|p2a: Poliwrath|179/302\n|\n|-heal|p2a: Poliwrath|197/302|[from] item: Leftovers\n|upkeep\n|turn|20\n|\n|t:|1782786960\n|move|p1a: Magcargo|Earth Power|p2a: Poliwrath\n|-damage|p2a: Poliwrath|64/302\n|move|p2a: Poliwrath|Drain Punch|p1a: Magcargo\n|-damage|p1a: Magcargo|128/268\n|-heal|p2a: Poliwrath|109/302|[from] drain|[of] p1a: Magcargo\n|-ability|p1a: Magcargo|Weak Armor|boost\n|-unboost|p1a: Magcargo|def|1\n|-boost|p1a: Magcargo|spe|2\n|\n|-heal|p2a: Poliwrath|127/302|[from] item: Leftovers\n|upkeep\n|turn|21\n|\n|t:|1782786964\n|switch|p2a: Blissey|Blissey, L85, F|367/572\n|move|p1a: Magcargo|Earth Power|p2a: Blissey\n|-damage|p2a: Blissey|264/572\n|\n|-heal|p2a: Blissey|299/572|[from] item: Leftovers\n|upkeep\n|turn|22\n|\n|t:|1782786967\n|move|p1a: Magcargo|Fire Blast|p2a: Blissey|[miss]\n|-miss|p1a: Magcargo|p2a: Blissey\n|move|p2a: Blissey|Soft-Boiled|p2a: Blissey\n|-heal|p2a: Blissey|572/572\n|\n|upkeep\n|turn|23\n|-message|nickolassbomfim forfeited.\n|\n|win|7R1N17Y\n|raw|nickolassbomfim's rating: 2073 &rarr; <strong>2049</strong><br />(-24 for losing)\n|raw|7R1N17Y's rating: 2011 &rarr; <strong>2035</strong><br />(+24 for winning)\n", "inputlog": ">version f8ac14003a5f27e1bdc8d8c59608a773c1cb96e5\n>start {\"formatid\":\"gen9randombattle\",\"seed\":\"sodium,7f38b36ec1fccd9dadc9d964cfe0dc5f\",\"rated\":\"Rated battle\"}\n>player p1 {\"name\":\"nickolassbomfim\",\"avatar\":\"red-masters\",\"rating\":2073,\"seed\":\"sodium,5f057358a688688ad7210d7cfb927221\"}\n>player p2 {\"name\":\"7R1N17Y\",\"avatar\":\"dawn\",\"rating\":2011,\"seed\":\"sodium,6e942cfbcc16461f6bbb62a2110c4b86\"}\n>p1 switch 4\n>p2 move quiverdance\n>p1 move airslash\n>p2 move quiverdance\n>p1 move airslash\n>p2 switch 3\n>p1 move substitute\n>p2 move stealthrock\n>p1 move seedflare\n>p2 move seismictoss\n>p1 move airslash\n>p2 move seismictoss\n>p1 move substitute\n>p2 move seismictoss\n>p1 move airslash\n>p2 move seismictoss\n>p1 move airslash\n>p2 move seismictoss\n>p1 move airslash\n>p2 move seismictoss\n>p1 switch 5\n>p1 move dragondance\n>p2 switch 2\n>p1 move dragondance\n>p2 move substitute\n>p1 move outrage\n>p2 move leechseed\n>p1 move outrage\n>p2 move gigadrain\n>p2 switch 6\n>p1 move outrage\n>p2 move fakeout\n>p1 move outrage\n>p2 move knockoff\n>p1 move outrage\n>p2 move knockoff\n>p1 switch 6\n>p1 move shellsmash terastallize\n>p2 move surf\n>p1 move fireblast\n>p2 switch 5\n>p1 move earthpower\n>p2 move drainpunch\n>p1 move earthpower\n>p2 switch 2\n>p1 move fireblast\n>p2 move softboiled\n>forcelose p1", "uploadtime": 1782786809, "views": 4, "formatid": "gen9randombattle", "rating": 2035, "private": 0, "password": null, "player_dets": [{"name": "nickolassbomfim", "avatar": "red-masters", "rating": 2073, "seed": "sodium,5f057358a688688ad7210d7cfb927221"}, {"name": "7R1N17Y", "avatar": "dawn", "rating": 2011, "seed": "sodium,6e942cfbcc16461f6bbb62a2110c4b86"}], "teams_full": [{"Alcremie": {"name": "Alcremie", "species": "Alcremie", "speciesId": "alcremie", "gender": "F", "shiny": false, "level": 90, "moves": ["terablast", "recover", "alluringvoice", "calmmind"], "ability": "Aroma Veil", "evs": {"hp": 85, "atk": 0, "def": 85, "spa": 85, "spd": 85, "spe": 85}, "ivs": {"hp": 31, "atk": 0, "def": 31, "spa": 31, "spd": 31, "spe": 31}, "item": "Leftovers", "teraType": "Ground", "role": "Tera Blast user", "bvs": {"hp": 65, "atk": 60, "def": 75, "spa": 110, "spd": 121, "spe": 64}, "stats": {"hp": 263, "atk": 113, "def": 186, "spa": 249, "spd": 269, "spe": 167}, "types": ["Fairy"]}, "Roaring Moon": {"name": "Roaring Moon", "species": "Roaring Moon", "speciesId": "roaringmoon", "gender": "N", "shiny": false, "level": 72, "moves": ["knockoff", "uturn", "outrage", "ironhead"], "ability": "Protosynthesis", "evs": {"hp": 85, "atk": 85, "def": 85, "spa": 85, "spd": 85, "spe": 85}, "ivs": {"hp": 31, "atk": 31, "def": 31, "spa": 31, "spd": 31, "spe": 31}, "item": "Choice Band", "teraType": "Steel", "role": "Bulky Attacker", "bvs": {"hp": 105, "atk": 139, "def": 71, "spa": 55, "spd": 101, "spe": 119}, "stats": {"hp": 270, "atk": 242, "def": 144, "spa": 121, "spd": 187, "spe": 213}, "types": ["Dragon", "Dark"]}, "Gastrodon": {"name": "Gastrodon", "species": "Gastrodon", "speciesId": "gastrodon", "gender": "M", "shiny": false, "level": 86, "moves": ["stealthrock", "surf", "earthquake", "recover"], "ability": "Storm Drain", "evs": {"hp": 85, "atk": 85, "def": 85, "spa": 85, "spd": 85, "spe": 85}, "ivs": {"hp": 31, "atk": 31, "def": 31, "spa": 31, "spd": 31, "spe": 31}, "item": "Leftovers", "teraType": "Steel", "role": "Bulky Attacker", "bvs": {"hp": 111, "atk": 83, "def": 68, "spa": 92, "spd": 82, "spe": 39}, "stats": {"hp": 331, "atk": 192, "def": 166, "spa": 207, "spd": 190, "spe": 116}, "types": ["Water", "Ground"]}, "Shaymin": {"name": "Shaymin", "species": "Shaymin-Sky", "speciesId": "shayminsky", "gender": "N", "shiny": false, "level": 73, "moves": ["substitute", "airslash", "leechseed", "seedflare"], "ability": "Serene Grace", "evs": {"hp": 85, "atk": 0, "def": 85, "spa": 85, "spd": 85, "spe": 85}, "ivs": {"hp": 31, "atk": 0, "def": 31, "spa": 31, "spd": 31, "spe": 31}, "item": "Leftovers", "teraType": "Steel", "role": "Bulky Support", "bvs": {"hp": 100, "atk": 103, "def": 75, "spa": 120, "spd": 75, "spe": 127}, "stats": {"hp": 266, "atk": 155, "def": 152, "spa": 218, "spd": 152, "spe": 228}, "types": ["Grass", "Flying"]}, "Zekrom": {"name": "Zekrom", "species": "Zekrom", "speciesId": "zekrom", "gender": "N", "shiny": false, "level": 71, "moves": ["boltstrike", "dragondance", "substitute", "outrage"], "ability": "Teravolt", "evs": {"hp": 85, "atk": 85, "def": 85, "spa": 85, "spd": 85, "spe": 85}, "ivs": {"hp": 31, "atk": 31, "def": 31, "spa": 31, "spd": 31, "spe": 31}, "item": "Leftovers", "teraType": "Electric", "role": "Setup Sweeper", "bvs": {"hp": 100, "atk": 150, "def": 120, "spa": 120, "spd": 100, "spe": 90}, "stats": {"hp": 259, "atk": 254, "def": 212, "spa": 212, "spd": 183, "spe": 169}, "types": ["Dragon", "Electric"]}, "Magcargo": {"name": "Magcargo", "species": "Magcargo", "speciesId": "magcargo", "gender": "M", "shiny": false, "level": 95, "moves": ["shellsmash", "powergem", "earthpower", "fireblast"], "ability": "Weak Armor", "evs": {"hp": 85, "atk": 0, "def": 85, "spa": 85, "spd": 85, "spe": 85}, "ivs": {"hp": 31, "atk": 0, "def": 31, "spa": 31, "spd": 31, "spe": 31}, "item": "Heavy-Duty Boots", "teraType": "Dragon", "role": "Setup Sweeper", "bvs": {"hp": 60, "atk": 50, "def": 120, "spa": 90, "spd": 80, "spe": 30}, "stats": {"hp": 268, "atk": 100, "def": 282, "spa": 225, "spd": 206, "spe": 111}, "types": ["Fire", "Rock"]}}, {"Bellossom": {"name": "Bellossom", "species": "Bellossom", "speciesId": "bellossom", "gender": "F", "shiny": false, "level": 84, "moves": ["strengthsap", "quiverdance", "terablast", "gigadrain"], "ability": "Chlorophyll", "evs": {"hp": 85, "atk": 0, "def": 85, "spa": 85, "spd": 85, "spe": 85}, "ivs": {"hp": 31, "atk": 0, "def": 31, "spa": 31, "spd": 31, "spe": 31}, "item": "Leftovers", "teraType": "Fire", "role": "Tera Blast user", "bvs": {"hp": 75, "atk": 80, "def": 95, "spa": 90, "spd": 100, "spe": 50}, "stats": {"hp": 263, "atk": 139, "def": 208, "spa": 199, "spd": 216, "spe": 132}, "types": ["Grass"]}, "Electrode": {"name": "Electrode", "species": "Electrode-Hisui", "speciesId": "electrodehisui", "gender": "N", "shiny": false, "level": 87, "moves": ["leechseed", "gigadrain", "thunderbolt", "substitute"], "ability": "Soundproof", "evs": {"hp": 85, "atk": 0, "def": 85, "spa": 85, "spd": 85, "spe": 85}, "ivs": {"hp": 31, "atk": 0, "def": 31, "spa": 31, "spd": 31, "spe": 31}, "item": "Leftovers", "teraType": "Poison", "role": "Fast Support", "bvs": {"hp": 60, "atk": 50, "def": 70, "spa": 80, "spd": 80, "spe": 150}, "stats": {"hp": 246, "atk": 92, "def": 172, "spa": 189, "spd": 189, "spe": 311}, "types": ["Electric", "Grass"]}, "Blissey": {"name": "Blissey", "species": "Blissey", "speciesId": "blissey", "gender": "F", "shiny": false, "level": 85, "moves": ["seismictoss", "thunderwave", "softboiled", "stealthrock"], "ability": "Natural Cure", "evs": {"hp": 85, "atk": 0, "def": 85, "spa": 85, "spd": 85, "spe": 85}, "ivs": {"hp": 31, "atk": 0, "def": 31, "spa": 31, "spd": 31, "spe": 31}, "item": "Leftovers", "teraType": "Fairy", "role": "Bulky Support", "bvs": {"hp": 255, "atk": 10, "def": 10, "spa": 75, "spd": 135, "spe": 55}, "stats": {"hp": 572, "atk": 22, "def": 66, "spa": 176, "spd": 278, "spe": 142}, "types": ["Normal"]}, "Quaquaval": {"name": "Quaquaval", "species": "Quaquaval", "speciesId": "quaquaval", "gender": "M", "shiny": false, "level": 79, "moves": ["closecombat", "aquastep", "rapidspin", "roost"], "ability": "Moxie", "evs": {"hp": 85, "atk": 85, "def": 85, "spa": 85, "spd": 85, "spe": 85}, "ivs": {"hp": 31, "atk": 31, "def": 31, "spa": 31, "spd": 31, "spe": 31}, "item": "Leftovers", "teraType": "Steel", "role": "Bulky Attacker", "bvs": {"hp": 85, "atk": 120, "def": 80, "spa": 85, "spd": 75, "spe": 85}, "stats": {"hp": 264, "atk": 235, "def": 172, "spa": 180, "spd": 164, "spe": 180}, "types": ["Water", "Fighting"]}, "Poliwrath": {"name": "Poliwrath", "species": "Poliwrath", "speciesId": "poliwrath", "gender": "M", "shiny": false, "level": 88, "moves": ["bulkup", "poisonjab", "liquidation", "drainpunch"], "ability": "Water Absorb", "evs": {"hp": 85, "atk": 85, "def": 85, "spa": 85, "spd": 85, "spe": 85}, "ivs": {"hp": 31, "atk": 31, "def": 31, "spa": 31, "spd": 31, "spe": 31}, "item": "Leftovers", "teraType": "Water", "role": "Bulky Setup", "bvs": {"hp": 90, "atk": 95, "def": 95, "spa": 70, "spd": 90, "spe": 70}, "stats": {"hp": 302, "atk": 217, "def": 217, "spa": 173, "spd": 209, "spe": 173}, "types": ["Water", "Fighting"]}, "Pikachu": {"name": "Pikachu", "species": "Pikachu-Sinnoh", "speciesId": "pikachu", "gender": "M", "shiny": false, "level": 93, "moves": ["surf", "knockoff", "volttackle", "fakeout"], "ability": "Lightning Rod", "evs": {"hp": 85, "atk": 85, "def": 85, "spa": 85, "spd": 85, "spe": 85}, "ivs": {"hp": 31, "atk": 31, "def": 31, "spa": 31, "spd": 31, "spe": 31}, "item": "Light Ball", "teraType": "Water", "role": "Fast Attacker", "bvs": {"hp": 35, "atk": 55, "def": 40, "spa": 50, "spd": 50, "spe": 90}, "stats": {"hp": 216, "atk": 155, "def": 127, "spa": 146, "spd": 146, "spe": 220}, "types": ["Electric"]}}]}