{"id": "gen9randombattle-2641468165", "format": "[Gen 9] Random Battle", "players": ["emlaconvoi", "pswdjj"], "log": "|j|\u2606emlaconvoi\n|j|\u2606pswdjj\n|t:|1782789465\n|gametype|singles\n|player|p1|emlaconvoi|102|1920\n|player|p2|pswdjj|bugcatcher-gen4dp|1932\n|gen|9\n|tier|[Gen 9] Random Battle\n|rated|\n|rule|Species Clause: Limit one of each Pok\u00e9mon\n|rule|HP Percentage Mod: HP is shown in percentages\n|rule|Sleep Clause Mod: Limit one foe put to sleep\n|rule|Illusion Level Mod: Illusion disguises the Pok\u00e9mon's true level\n|\n|t:|1782789465\n|teamsize|p1|6\n|teamsize|p2|6\n|start\n|switch|p1a: Masquerain|Masquerain, L87, F|264/264\n|switch|p2a: Cryogonal|Cryogonal, L89|287/287\n|-ability|p1a: Masquerain|Intimidate|boost\n|-unboost|p2a: Cryogonal|atk|1\n|turn|1\n|inactive|Battle timer is ON: inactive players will automatically lose when time's up. (requested by pswdjj)\n|\n|t:|1782789481\n|switch|p1a: Revavroom|Revavroom, L79, F|256/256\n|move|p2a: Cryogonal|Ice Beam|p1a: Revavroom\n|-resisted|p1a: Revavroom\n|-damage|p1a: Revavroom|191/256\n|\n|upkeep\n|turn|2\n|\n|t:|1782789506\n|switch|p2a: Skarmory|Skarmory, L80, F|235/235\n|move|p1a: Revavroom|Shift Gear|p1a: Revavroom\n|-boost|p1a: Revavroom|spe|2\n|-boost|p1a: Revavroom|atk|1\n|\n|upkeep\n|turn|3\n|inactive|emlaconvoi has 120 seconds left.\n|\n|t:|1782789543\n|switch|p1a: Slowbro|Slowbro, L85, M|300/300\n|move|p2a: Skarmory|Whirlwind|p1a: Slowbro\n|drag|p1a: Revavroom|Revavroom, L79, F|191/256\n|\n|upkeep\n|turn|4\n|inactive|emlaconvoi has 120 seconds left.\n|\n|t:|1782789551\n|switch|p1a: Slowbro|Slowbro, L85, M|300/300\n|move|p2a: Skarmory|Spikes|p1a: Slowbro\n|-sidestart|p1: emlaconvoi|Spikes\n|\n|upkeep\n|turn|5\n|\n|t:|1782789578\n|move|p2a: Skarmory|Spikes|p1a: Slowbro\n|-sidestart|p1: emlaconvoi|Spikes\n|move|p1a: Slowbro|Scald|p2a: Skarmory\n|-damage|p2a: Skarmory|129/235\n|\n|upkeep\n|turn|6\n|inactive|emlaconvoi has 120 seconds left.\n|inactive|pswdjj has 120 seconds left.\n|\n|t:|1782789605\n|switch|p2a: Regigigas|Regigigas, L84|322/322\n|-start|p2a: Regigigas|ability: Slow Start\n|move|p1a: Slowbro|Scald|p2a: Regigigas\n|-damage|p2a: Regigigas|243/322\n|-status|p2a: Regigigas|brn\n|\n|-heal|p2a: Regigigas|263/322 brn|[from] item: Leftovers\n|-damage|p2a: Regigigas|243/322 brn|[from] brn\n|upkeep\n|turn|7\n|\n|t:|1782789613\n|move|p2a: Regigigas|Knock Off|p1a: Slowbro\n|-supereffective|p1a: Slowbro\n|-damage|p1a: Slowbro|254/300\n|-enditem|p1a: Slowbro|Leftovers|[from] move: Knock Off|[of] p2a: Regigigas\n|move|p1a: Slowbro|Iron Defense|p1a: Slowbro\n|-boost|p1a: Slowbro|def|2\n|\n|-heal|p2a: Regigigas|263/322 brn|[from] item: Leftovers\n|-damage|p2a: Regigigas|243/322 brn|[from] brn\n|upkeep\n|turn|8\n|inactive|pswdjj has 120 seconds left.\n|\n|t:|1782789620\n|switch|p2a: Skarmory|Skarmory, L80, F|129/235\n|move|p1a: Slowbro|Body Press|p2a: Skarmory\n|-damage|p2a: Skarmory|43/235\n|-damage|p1a: Slowbro|204/300|[from] item: Rocky Helmet|[of] p2a: Skarmory\n|\n|upkeep\n|turn|9\n|\n|t:|1782789628\n|move|p2a: Skarmory|Roost|p2a: Skarmory\n|-heal|p2a: Skarmory|161/235\n|-singleturn|p2a: Skarmory|move: Roost\n|move|p1a: Slowbro|Scald|p2a: Skarmory\n|-damage|p2a: Skarmory|43/235\n|\n|upkeep\n|turn|10\n|\n|t:|1782789640\n|move|p2a: Skarmory|Roost|p2a: Skarmory\n|-heal|p2a: Skarmory|161/235\n|-singleturn|p2a: Skarmory|move: Roost\n|move|p1a: Slowbro|Scald|p2a: Skarmory\n|-damage|p2a: Skarmory|56/235\n|\n|upkeep\n|turn|11\n|inactive|pswdjj has 120 seconds left.\n|\n|t:|1782789667\n|move|p2a: Skarmory|Roost|p2a: Skarmory\n|-heal|p2a: Skarmory|174/235\n|-singleturn|p2a: Skarmory|move: Roost\n|move|p1a: Slowbro|Body Press|p2a: Skarmory\n|-supereffective|p2a: Skarmory\n|-damage|p2a: Skarmory|0 fnt\n|-damage|p1a: Slowbro|154/300|[from] item: Rocky Helmet|[of] p2a: Skarmory\n|faint|p2a: Skarmory\n|\n|upkeep\n|\n|t:|1782789688\n|switch|p2a: Weezing|Weezing-Galar, L86, F|252/252\n|turn|12\n|\n|t:|1782789696\n|move|p2a: Weezing|Gunk Shot|p1a: Slowbro\n|-damage|p1a: Slowbro|103/300\n|-status|p1a: Slowbro|psn\n|move|p1a: Slowbro|Scald|p2a: Weezing\n|-damage|p2a: Weezing|144/252\n|-status|p2a: Weezing|brn\n|\n|-heal|p2a: Weezing|159/252 brn|[from] item: Leftovers\n|-damage|p1a: Slowbro|66/300 psn|[from] psn\n|-damage|p2a: Weezing|144/252 brn|[from] brn\n|upkeep\n|turn|13\n|\n|t:|1782789712\n|move|p2a: Weezing|Strange Steam|p1a: Slowbro\n|-damage|p1a: Slowbro|0 fnt\n|faint|p1a: Slowbro\n|\n|-heal|p2a: Weezing|159/252 brn|[from] item: Leftovers\n|-damage|p2a: Weezing|144/252 brn|[from] brn\n|upkeep\n|\n|t:|1782789719\n|switch|p1a: Revavroom|Revavroom, L79, F|191/256\n|-damage|p1a: Revavroom|149/256|[from] Spikes\n|turn|14\n|\n|t:|1782789728\n|move|p1a: Revavroom|Shift Gear|p1a: Revavroom\n|-boost|p1a: Revavroom|spe|2\n|-boost|p1a: Revavroom|atk|1\n|move|p2a: Weezing|Fire Blast|p1a: Revavroom\n|-supereffective|p1a: Revavroom\n|-damage|p1a: Revavroom|0 fnt\n|faint|p1a: Revavroom\n|\n|-heal|p2a: Weezing|159/252 brn|[from] item: Leftovers\n|-damage|p2a: Weezing|144/252 brn|[from] brn\n|upkeep\n|\n|t:|1782789737\n|switch|p1a: Masquerain|Masquerain, L87, F|264/264\n|-ability|p1a: Masquerain|Intimidate|boost\n|-unboost|p2a: Weezing|atk|1\n|turn|15\n|\n|t:|1782789749\n|move|p1a: Masquerain|Quiver Dance|p1a: Masquerain\n|-boost|p1a: Masquerain|spa|1\n|-boost|p1a: Masquerain|spd|1\n|-boost|p1a: Masquerain|spe|1\n|move|p2a: Weezing|Fire Blast|p1a: Masquerain\n|-supereffective|p1a: Masquerain\n|-damage|p1a: Masquerain|166/264\n|\n|-heal|p2a: Weezing|159/252 brn|[from] item: Leftovers\n|-damage|p2a: Weezing|144/252 brn|[from] brn\n|upkeep\n|turn|16\n|inactive|pswdjj has 120 seconds left.\n|\n|t:|1782789765\n|move|p1a: Masquerain|Quiver Dance|p1a: Masquerain\n|-boost|p1a: Masquerain|spa|1\n|-boost|p1a: Masquerain|spd|1\n|-boost|p1a: Masquerain|spe|1\n|move|p2a: Weezing|Fire Blast|p1a: Masquerain|[miss]\n|-miss|p2a: Weezing|p1a: Masquerain\n|\n|-heal|p2a: Weezing|159/252 brn|[from] item: Leftovers\n|-damage|p2a: Weezing|144/252 brn|[from] brn\n|upkeep\n|turn|17\n|\n|t:|1782789773\n|move|p1a: Masquerain|Hurricane|p2a: Weezing\n|-damage|p2a: Weezing|0 fnt\n|faint|p2a: Weezing\n|\n|upkeep\n|inactive|pswdjj has 120 seconds left.\n|\n|t:|1782789792\n|switch|p2a: Regidrago|Regidrago, L77|435/435\n|turn|18\n|inactive|pswdjj has 120 seconds left.\n|inactive|emlaconvoi has 120 seconds left.\n|\n|t:|1782789844\n|-terastallize|p2a: Regidrago|Dragon\n|move|p1a: Masquerain|Bug Buzz|p2a: Regidrago\n|-damage|p2a: Regidrago|99/435\n|move|p2a: Regidrago|Outrage|p1a: Masquerain\n|-damage|p1a: Masquerain|0 fnt\n|faint|p1a: Masquerain\n|\n|upkeep\n|\n|t:|1782789855\n|switch|p1a: Whimsicott|Whimsicott, L84, F|238/238\n|-damage|p1a: Whimsicott|199/238|[from] Spikes\n|turn|19\n|\n|t:|1782789859\n|move|p1a: Whimsicott|Moonblast|p2a: Regidrago\n|-supereffective|p2a: Regidrago\n|-damage|p2a: Regidrago|0 fnt\n|faint|p2a: Regidrago\n|\n|-heal|p1a: Whimsicott|213/238|[from] item: Leftovers\n|upkeep\n|\n|t:|1782789869\n|switch|p2a: Cryogonal|Cryogonal, L89|287/287\n|turn|20\n|inactive|emlaconvoi has 90 seconds left.\n|\n|t:|1782789916\n|switch|p1a: Wyrdeer|Wyrdeer, L87, M|321/321\n|-damage|p1a: Wyrdeer|268/321|[from] Spikes\n|-ability|p1a: Wyrdeer|Intimidate|boost\n|-unboost|p2a: Cryogonal|atk|1\n|move|p2a: Cryogonal|Rapid Spin|p1a: Wyrdeer\n|-damage|p1a: Wyrdeer|250/321\n|-boost|p2a: Cryogonal|spe|1\n|\n|upkeep\n|turn|21\n|\n|t:|1782789929\n|move|p2a: Cryogonal|Ice Beam|p1a: Wyrdeer\n|-damage|p1a: Wyrdeer|169/321\n|move|p1a: Wyrdeer|Body Slam|p2a: Cryogonal\n|-damage|p2a: Cryogonal|139/287\n|\n|upkeep\n|turn|22\n|inactive|emlaconvoi has 60 seconds left.\n|\n|t:|1782789980\n|switch|p2a: Regigigas|Regigigas, L84|243/322 brn\n|-start|p2a: Regigigas|ability: Slow Start\n|move|p1a: Wyrdeer|Body Slam|p2a: Regigigas\n|-damage|p2a: Regigigas|164/322 brn\n|\n|-heal|p2a: Regigigas|184/322 brn|[from] item: Leftovers\n|-damage|p2a: Regigigas|164/322 brn|[from] brn\n|upkeep\n|turn|23\n|\n|t:|1782789988\n|move|p1a: Wyrdeer|Psychic Noise|p2a: Regigigas\n|-damage|p2a: Regigigas|88/322 brn\n|-start|p2a: Regigigas|move: Heal Block\n|move|p2a: Regigigas|Knock Off|p1a: Wyrdeer\n|-supereffective|p1a: Wyrdeer\n|-damage|p1a: Wyrdeer|111/321\n|-enditem|p1a: Wyrdeer|Assault Vest|[from] move: Knock Off|[of] p2a: Regigigas\n|\n|-damage|p2a: Regigigas|68/322 brn|[from] brn\n|upkeep\n|turn|24\n|\n|t:|1782790003\n|move|p1a: Wyrdeer|Body Slam|p2a: Regigigas\n|-crit|p2a: Regigigas\n|-damage|p2a: Regigigas|0 fnt\n|faint|p2a: Regigigas\n|-end|p2a: Regigigas|Slow Start|[silent]\n|\n|upkeep\n|\n|t:|1782790006\n|switch|p2a: Slowking|Slowking, L88, M|310/310\n|turn|25\n|\n|t:|1782790017\n|move|p1a: Wyrdeer|Megahorn|p2a: Slowking\n|-supereffective|p2a: Slowking\n|-damage|p2a: Slowking|104/310\n|move|p2a: Slowking|Thunder Wave|p1a: Wyrdeer\n|-status|p1a: Wyrdeer|par\n|\n|-heal|p2a: Slowking|123/310|[from] item: Leftovers\n|upkeep\n|turn|26\n|\n|t:|1782790024\n|move|p2a: Slowking|Slack Off|p2a: Slowking\n|-heal|p2a: Slowking|278/310\n|move|p1a: Wyrdeer|Megahorn|p2a: Slowking\n|-supereffective|p2a: Slowking\n|-damage|p2a: Slowking|96/310\n|\n|-heal|p2a: Slowking|115/310|[from] item: Leftovers\n|upkeep\n|turn|27\n|inactive|emlaconvoi has 60 seconds left.\n|\n|t:|1782790032\n|move|p2a: Slowking|Slack Off|p2a: Slowking\n|-heal|p2a: Slowking|270/310\n|move|p1a: Wyrdeer|Megahorn|p2a: Slowking|[miss]\n|-miss|p1a: Wyrdeer|p2a: Slowking\n|\n|-heal|p2a: Slowking|289/310|[from] item: Leftovers\n|upkeep\n|turn|28\n|\n|t:|1782790038\n|move|p2a: Slowking|Scald|p1a: Wyrdeer\n|-damage|p1a: Wyrdeer|15/321 par\n|move|p1a: Wyrdeer|Megahorn|p2a: Slowking\n|-supereffective|p2a: Slowking\n|-damage|p2a: Slowking|99/310\n|\n|-heal|p2a: Slowking|118/310|[from] item: Leftovers\n|upkeep\n|turn|29\n|\n|t:|1782790045\n|move|p2a: Slowking|Slack Off|p2a: Slowking\n|-heal|p2a: Slowking|273/310\n|move|p1a: Wyrdeer|Psychic Noise|p2a: Slowking\n|-resisted|p2a: Slowking\n|-damage|p2a: Slowking|238/310\n|-start|p2a: Slowking|move: Heal Block\n|\n|upkeep\n|turn|30\n|\n|t:|1782790056\n|move|p2a: Slowking|Psychic Noise|p1a: Wyrdeer\n|-resisted|p1a: Wyrdeer\n|-damage|p1a: Wyrdeer|0 fnt\n|faint|p1a: Wyrdeer\n|\n|-end|p2a: Slowking|move: Heal Block\n|upkeep\n|\n|t:|1782790068\n|switch|p1a: Sableye|Sableye, L88, F|231/231\n|-damage|p1a: Sableye|193/231|[from] Spikes\n|turn|31\n|\n|t:|1782790082\n|move|p1a: Sableye|Knock Off|p2a: Slowking\n|-supereffective|p2a: Slowking\n|-damage|p2a: Slowking|58/310\n|-enditem|p2a: Slowking|Leftovers|[from] move: Knock Off|[of] p1a: Sableye\n|move|p2a: Slowking|Thunder Wave|p1a: Sableye|[miss]\n|-miss|p2a: Slowking|p1a: Sableye\n|\n|-heal|p1a: Sableye|207/231|[from] item: Leftovers\n|upkeep\n|turn|32\n|\n|t:|1782790089\n|switch|p2a: Cryogonal|Cryogonal, L89|139/287\n|move|p1a: Sableye|Knock Off|p2a: Cryogonal\n|-damage|p2a: Cryogonal|19/287\n|-enditem|p2a: Cryogonal|Heavy-Duty Boots|[from] move: Knock Off|[of] p1a: Sableye\n|\n|-heal|p1a: Sableye|221/231|[from] item: Leftovers\n|upkeep\n|turn|33\n|\n|t:|1782790102\n|move|p1a: Sableye|Thunder Wave|p2a: Cryogonal|[miss]\n|-miss|p1a: Sableye|p2a: Cryogonal\n|move|p2a: Cryogonal|Recover|p2a: Cryogonal\n|-heal|p2a: Cryogonal|163/287\n|\n|-heal|p1a: Sableye|231/231|[from] item: Leftovers\n|upkeep\n|turn|34\n|\n|t:|1782790110\n|move|p1a: Sableye|Encore|p2a: Cryogonal\n|-start|p2a: Cryogonal|Encore\n|move|p2a: Cryogonal|Recover|p2a: Cryogonal\n|-heal|p2a: Cryogonal|287/287\n|\n|upkeep\n|turn|35\n|\n|t:|1782790114\n|switch|p2a: Slowking|Slowking, L88, M|161/310\n|move|p1a: Sableye|Thunder Wave|p2a: Slowking\n|-status|p2a: Slowking|par\n|\n|upkeep\n|turn|36\n|\n|t:|1782790119\n|switch|p2a: Cryogonal|Cryogonal, L89|287/287\n|move|p1a: Sableye|Knock Off|p2a: Cryogonal\n|-damage|p2a: Cryogonal|193/287\n|\n|upkeep\n|turn|37\n|\n|t:|1782790126\n|move|p1a: Sableye|Thunder Wave|p2a: Cryogonal\n|-status|p2a: Cryogonal|par\n|move|p2a: Cryogonal|Ice Beam|p1a: Sableye\n|-damage|p1a: Sableye|110/231\n|-status|p1a: Sableye|frz\n|\n|-heal|p1a: Sableye|124/231 frz|[from] item: Leftovers\n|upkeep\n|turn|38\n|inactive|emlaconvoi has 120 seconds left.\n|\n|t:|1782790132\n|cant|p1a: Sableye|frz\n|cant|p2a: Cryogonal|par\n|\n|-heal|p1a: Sableye|138/231 frz|[from] item: Leftovers\n|upkeep\n|turn|39\n|\n|t:|1782790136\n|cant|p1a: Sableye|frz\n|cant|p2a: Cryogonal|par\n|\n|-heal|p1a: Sableye|152/231 frz|[from] item: Leftovers\n|upkeep\n|turn|40\n|\n|t:|1782790141\n|-curestatus|p1a: Sableye|frz|[msg]\n|move|p1a: Sableye|Knock Off|p2a: Cryogonal\n|-damage|p2a: Cryogonal|111/287 par\n|move|p2a: Cryogonal|Ice Beam|p1a: Sableye\n|-damage|p1a: Sableye|22/231\n|\n|-heal|p1a: Sableye|36/231|[from] item: Leftovers\n|upkeep\n|turn|41\n|\n|t:|1782790151\n|move|p1a: Sableye|Recover|p1a: Sableye\n|-heal|p1a: Sableye|152/231\n|cant|p2a: Cryogonal|par\n|\n|-heal|p1a: Sableye|166/231|[from] item: Leftovers\n|upkeep\n|turn|42\n|\n|t:|1782790167\n|-terastallize|p1a: Sableye|Steel\n|move|p1a: Sableye|Encore|p2a: Cryogonal\n|-start|p2a: Cryogonal|Encore\n|move|p2a: Cryogonal|Ice Beam|p1a: Sableye\n|-resisted|p1a: Sableye\n|-damage|p1a: Sableye|104/231\n|-status|p1a: Sableye|frz\n|\n|-heal|p1a: Sableye|118/231 frz|[from] item: Leftovers\n|upkeep\n|turn|43\n|\n|t:|1782790174\n|switch|p2a: Slowking|Slowking, L88, M|264/310 par\n|cant|p1a: Sableye|frz\n|\n|-heal|p1a: Sableye|132/231 frz|[from] item: Leftovers\n|upkeep\n|turn|44\n|\n|t:|1782790179\n|cant|p1a: Sableye|frz\n|move|p2a: Slowking|Scald|p1a: Sableye\n|-damage|p1a: Sableye|15/231 frz\n|-curestatus|p1a: Sableye|frz|[msg]\n|\n|-heal|p1a: Sableye|29/231|[from] item: Leftovers\n|upkeep\n|turn|45\n|\n|t:|1782790183\n|move|p1a: Sableye|Knock Off|p2a: Slowking\n|-supereffective|p2a: Slowking\n|-damage|p2a: Slowking|136/310 par\n|cant|p2a: Slowking|par\n|\n|-heal|p1a: Sableye|43/231|[from] item: Leftovers\n|upkeep\n|turn|46\n|\n|t:|1782790195\n|move|p1a: Sableye|Knock Off|p2a: Slowking\n|-supereffective|p2a: Slowking\n|-damage|p2a: Slowking|2/310 par\n|move|p2a: Slowking|Thunder Wave|p1a: Sableye\n|-status|p1a: Sableye|par\n|\n|-heal|p1a: Sableye|57/231 par|[from] item: Leftovers\n|upkeep\n|turn|47\n|\n|t:|1782790205\n|switch|p2a: Cryogonal|Cryogonal, L89|111/287 par\n|cant|p1a: Sableye|par\n|\n|-heal|p1a: Sableye|71/231 par|[from] item: Leftovers\n|upkeep\n|turn|48\n|\n|t:|1782790213\n|move|p2a: Cryogonal|Recover|p2a: Cryogonal\n|-heal|p2a: Cryogonal|255/287 par\n|cant|p1a: Sableye|par\n|\n|-heal|p1a: Sableye|85/231 par|[from] item: Leftovers\n|upkeep\n|turn|49\n|\n|t:|1782790218\n|switch|p2a: Slowking|Slowking, L88, M|105/310 par\n|cant|p1a: Sableye|par\n|\n|-heal|p1a: Sableye|99/231 par|[from] item: Leftovers\n|upkeep\n|turn|50\n|\n|t:|1782790225\n|move|p1a: Sableye|Knock Off|p2a: Slowking\n|-supereffective|p2a: Slowking\n|-damage|p2a: Slowking|0 fnt\n|faint|p2a: Slowking\n|\n|-heal|p1a: Sableye|113/231 par|[from] item: Leftovers\n|upkeep\n|\n|t:|1782790227\n|switch|p2a: Cryogonal|Cryogonal, L89|255/287 par\n|turn|51\n|\n|t:|1782790242\n|move|p1a: Sableye|Recover|p1a: Sableye\n|-heal|p1a: Sableye|229/231 par\n|move|p2a: Cryogonal|Ice Beam|p1a: Sableye\n|-resisted|p1a: Sableye\n|-damage|p1a: Sableye|171/231 par\n|\n|-heal|p1a: Sableye|185/231 par|[from] item: Leftovers\n|upkeep\n|turn|52\n|inactive|pswdjj has 120 seconds left.\n|inactive|pswdjj has 90 seconds left.\n|inactive|pswdjj has 60 seconds left.\n|inactive|pswdjj has 30 seconds left.\n|inactive|pswdjj has 20 seconds left.\n|inactive|pswdjj has 15 seconds left.\n|inactive|pswdjj has 10 seconds left.\n|inactive|pswdjj has 5 seconds left.\n|-message|pswdjj lost due to inactivity.\n|\n|win|emlaconvoi\n|raw|emlaconvoi's rating: 1920 &rarr; <strong>1940</strong><br />(+20 for winning)\n|raw|pswdjj's rating: 1913 &rarr; <strong>1893</strong><br />(-20 for losing)\n", "inputlog": ">version f8ac14003a5f27e1bdc8d8c59608a773c1cb96e5\n>start {\"formatid\":\"gen9randombattle\",\"seed\":\"sodium,9a969802398af44e90d75bee3e43d87c\",\"rated\":\"Rated battle\"}\n>player p1 {\"name\":\"emlaconvoi\",\"avatar\":\"102\",\"rating\":1920,\"seed\":\"sodium,e5c87e076cf5fdcf0411343e3e24a5d6\"}\n>player p2 {\"name\":\"pswdjj\",\"avatar\":\"bugcatcher-gen4dp\",\"rating\":1932,\"seed\":\"sodium,19e5a9c7a87460da65ca86dfd3a3b588\"}\n>p1 switch 5\n>p2 move icebeam\n>p1 move shiftgear\n>p2 switch 2\n>p1 switch 3\n>p2 move whirlwind\n>p1 switch 3\n>p2 move spikes\n>p1 move scald\n>p2 move spikes\n>p1 move scald\n>p2 switch 6\n>p1 move irondefense\n>p2 move knockoff\n>p1 move bodypress\n>p2 switch 6\n>p1 move scald\n>p2 move roost\n>p1 move scald\n>p2 move roost\n>p1 move bodypress\n>p2 move roost\n>p2 switch 5\n>p1 move scald\n>p2 move gunkshot\n>p1 move slackoff\n>p2 move strangesteam\n>p1 switch 3\n>p1 move shiftgear\n>p2 move fireblast\n>p1 switch 5\n>p1 move quiverdance\n>p2 move fireblast\n>p1 move quiverdance\n>p2 move fireblast\n>p1 move hurricane\n>p2 move fireblast\n>p2 switch 3\n>p1 move bugbuzz\n>p2 move outrage terastallize\n>p1 switch 2\n>p1 move moonblast\n>p2 move outrage\n>p2 switch 2\n>p1 switch 4\n>p2 move rapidspin\n>p1 move bodyslam\n>p2 move icebeam\n>p1 move bodyslam\n>p2 switch 6\n>p1 move psychicnoise\n>p2 move knockoff\n>p1 move bodyslam\n>p2 move bodyslam\n>p2 switch 4\n>p1 move megahorn\n>p2 move thunderwave\n>p1 move megahorn\n>p2 move slackoff\n>p1 move megahorn\n>p2 move slackoff\n>p1 move megahorn\n>p2 move scald\n>p1 move psychicnoise\n>p2 move slackoff\n>p1 move megahorn\n>p2 move psychicnoise\n>p1 switch 6\n>p1 move knockoff\n>p2 move thunderwave\n>p1 move knockoff\n>p2 switch 6\n>p1 move thunderwave\n>p2 move recover\n>p1 move encore\n>p2 move icebeam\n>p1 move thunderwave\n>p2 switch 6\n>p1 move knockoff\n>p2 switch 6\n>p1 move thunderwave\n>p2 move icebeam\n>p1 move knockoff\n>p2 move icebeam\n>p1 move knockoff\n>p2 move icebeam\n>p1 move knockoff\n>p2 move icebeam\n>p1 move recover\n>p2 move recover\n>p1 move encore terastallize\n>p2 move recover\n>p1 move knockoff\n>p2 switch 6\n>p1 move knockoff\n>p2 move scald\n>p1 move knockoff\n>p2 move thunderwave\n>p1 move knockoff\n>p2 move thunderwave\n>p1 move knockoff\n>p2 switch 6\n>p1 move knockoff\n>p2 move recover\n>p1 move knockoff\n>p2 switch 6\n>p1 move knockoff\n>p2 move slackoff\n>p2 switch 6\n>p1 move recover\n>p2 move icebeam\n>forcelose p2", "uploadtime": 1782789467, "views": 4, "formatid": "gen9randombattle", "rating": 1893, "private": 0, "password": null, "player_dets": [{"name": "emlaconvoi", "avatar": "102", "rating": 1920, "seed": "sodium,e5c87e076cf5fdcf0411343e3e24a5d6"}, {"name": "pswdjj", "avatar": "bugcatcher-gen4dp", "rating": 1932, "seed": "sodium,19e5a9c7a87460da65ca86dfd3a3b588"}], "teams_full": [{"Masquerain": {"name": "Masquerain", "species": "Masquerain", "speciesId": "masquerain", "gender": "F", "shiny": false, "level": 87, "moves": ["hurricane", "hydropump", "quiverdance", "bugbuzz"], "ability": "Intimidate", "evs": {"hp": 85, "atk": 0, "def": 85, "spa": 85, "spd": 85, "spe": 85}, "ivs": {"hp": 31, "atk": 0, "def": 31, "spa": 31, "spd": 31, "spe": 31}, "item": "Heavy-Duty Boots", "teraType": "Water", "role": "Setup Sweeper", "bvs": {"hp": 70, "atk": 60, "def": 62, "spa": 100, "spd": 82, "spe": 80}, "stats": {"hp": 264, "atk": 109, "def": 158, "spa": 224, "spd": 192, "spe": 189}, "types": ["Bug", "Flying"]}, "Whimsicott": {"name": "Whimsicott", "species": "Whimsicott", "speciesId": "whimsicott", "gender": "F", "shiny": false, "level": 84, "moves": ["substitute", "moonblast", "leechseed", "encore"], "ability": "Prankster", "evs": {"hp": 85, "atk": 0, "def": 85, "spa": 85, "spd": 85, "spe": 85}, "ivs": {"hp": 31, "atk": 0, "def": 31, "spa": 31, "spd": 31, "spe": 31}, "item": "Leftovers", "teraType": "Steel", "role": "Bulky Support", "bvs": {"hp": 60, "atk": 67, "def": 85, "spa": 77, "spd": 75, "spe": 116}, "stats": {"hp": 238, "atk": 117, "def": 191, "spa": 178, "spd": 174, "spe": 243}, "types": ["Grass", "Fairy"]}, "Slowbro": {"name": "Slowbro", "species": "Slowbro", "speciesId": "slowbro", "gender": "M", "shiny": false, "level": 85, "moves": ["irondefense", "scald", "slackoff", "bodypress"], "ability": "Regenerator", "evs": {"hp": 85, "atk": 0, "def": 85, "spa": 85, "spd": 85, "spe": 85}, "ivs": {"hp": 31, "atk": 0, "def": 31, "spa": 31, "spd": 31, "spe": 31}, "item": "Leftovers", "teraType": "Fighting", "role": "Bulky Setup", "bvs": {"hp": 95, "atk": 75, "def": 110, "spa": 100, "spd": 80, "spe": 30}, "stats": {"hp": 300, "atk": 132, "def": 236, "spa": 219, "spd": 185, "spe": 100}, "types": ["Water", "Psychic"]}, "Wyrdeer": {"name": "Wyrdeer", "species": "Wyrdeer", "speciesId": "wyrdeer", "gender": "M", "shiny": false, "level": 87, "moves": ["psychicnoise", "bodyslam", "earthquake", "megahorn"], "ability": "Intimidate", "evs": {"hp": 85, "atk": 85, "def": 85, "spa": 85, "spd": 85, "spe": 85}, "ivs": {"hp": 31, "atk": 31, "def": 31, "spa": 31, "spd": 31, "spe": 31}, "item": "Assault Vest", "teraType": "Ground", "role": "Bulky Attacker", "bvs": {"hp": 103, "atk": 105, "def": 72, "spa": 105, "spd": 75, "spe": 65}, "stats": {"hp": 321, "atk": 232, "def": 175, "spa": 232, "spd": 180, "spe": 163}, "types": ["Normal", "Psychic"]}, "Revavroom": {"name": "Revavroom", "species": "Revavroom", "speciesId": "revavroom", "gender": "F", "shiny": false, "level": 79, "moves": ["highhorsepower", "shiftgear", "gunkshot", "ironhead"], "ability": "Filter", "evs": {"hp": 85, "atk": 85, "def": 85, "spa": 85, "spd": 85, "spe": 85}, "ivs": {"hp": 31, "atk": 31, "def": 31, "spa": 31, "spd": 31, "spe": 31}, "item": "Life Orb", "teraType": "Ground", "role": "Fast Attacker", "bvs": {"hp": 80, "atk": 119, "def": 90, "spa": 54, "spd": 67, "spe": 90}, "stats": {"hp": 256, "atk": 234, "def": 188, "spa": 131, "spd": 151, "spe": 188}, "types": ["Steel", "Poison"]}, "Sableye": {"name": "Sableye", "species": "Sableye", "speciesId": "sableye", "gender": "F", "shiny": false, "level": 88, "moves": ["recover", "knockoff", "thunderwave", "encore"], "ability": "Prankster", "evs": {"hp": 85, "atk": 85, "def": 85, "spa": 85, "spd": 85, "spe": 85}, "ivs": {"hp": 31, "atk": 31, "def": 31, "spa": 31, "spd": 31, "spe": 31}, "item": "Leftovers", "teraType": "Steel", "role": "Bulky Support", "bvs": {"hp": 50, "atk": 75, "def": 75, "spa": 65, "spd": 65, "spe": 50}, "stats": {"hp": 231, "atk": 182, "def": 182, "spa": 165, "spd": 165, "spe": 138}, "types": ["Dark", "Ghost"]}}, {"Cryogonal": {"name": "Cryogonal", "species": "Cryogonal", "speciesId": "cryogonal", "gender": "N", "shiny": false, "level": 89, "moves": ["terablast", "rapidspin", "icebeam", "recover"], "ability": "Levitate", "evs": {"hp": 85, "atk": 85, "def": 85, "spa": 85, "spd": 85, "spe": 85}, "ivs": {"hp": 31, "atk": 31, "def": 31, "spa": 31, "spd": 31, "spe": 31}, "item": "Heavy-Duty Boots", "teraType": "Electric", "role": "Tera Blast user", "bvs": {"hp": 80, "atk": 50, "def": 50, "spa": 95, "spd": 135, "spe": 105}, "stats": {"hp": 287, "atk": 140, "def": 140, "spa": 220, "spd": 291, "spe": 238}, "types": ["Ice"]}, "Skarmory": {"name": "Skarmory", "species": "Skarmory", "speciesId": "skarmory", "gender": "F", "shiny": false, "level": 80, "moves": ["bravebird", "spikes", "roost", "whirlwind"], "ability": "Sturdy", "evs": {"hp": 85, "atk": 85, "def": 85, "spa": 85, "spd": 85, "spe": 85}, "ivs": {"hp": 31, "atk": 31, "def": 31, "spa": 31, "spd": 31, "spe": 31}, "item": "Rocky Helmet", "teraType": "Dragon", "role": "Bulky Support", "bvs": {"hp": 65, "atk": 80, "def": 140, "spa": 40, "spd": 70, "spe": 70}, "stats": {"hp": 235, "atk": 174, "def": 270, "spa": 110, "spd": 158, "spe": 158}, "types": ["Steel", "Flying"]}, "Regidrago": {"name": "Regidrago", "species": "Regidrago", "speciesId": "regidrago", "gender": "N", "shiny": false, "level": 77, "moves": ["outrage", "earthquake", "dragondance", "dracometeor"], "ability": "Dragon's Maw", "evs": {"hp": 85, "atk": 85, "def": 85, "spa": 85, "spd": 85, "spe": 85}, "ivs": {"hp": 31, "atk": 31, "def": 31, "spa": 31, "spd": 31, "spe": 31}, "item": "Lum Berry", "teraType": "Dragon", "role": "Setup Sweeper", "bvs": {"hp": 200, "atk": 100, "def": 50, "spa": 100, "spd": 50, "spe": 80}, "stats": {"hp": 435, "atk": 199, "def": 122, "spa": 199, "spd": 122, "spe": 168}, "types": ["Dragon"]}, "Slowking": {"name": "Slowking", "species": "Slowking", "speciesId": "slowking", "gender": "M", "shiny": false, "level": 88, "moves": ["scald", "thunderwave", "slackoff", "psychicnoise"], "ability": "Regenerator", "evs": {"hp": 85, "atk": 0, "def": 85, "spa": 85, "spd": 85, "spe": 85}, "ivs": {"hp": 31, "atk": 0, "def": 31, "spa": 31, "spd": 31, "spe": 31}, "item": "Leftovers", "teraType": "Fairy", "role": "Bulky Attacker", "bvs": {"hp": 95, "atk": 75, "def": 80, "spa": 100, "spd": 110, "spe": 30}, "stats": {"hp": 310, "atk": 137, "def": 191, "spa": 226, "spd": 244, "spe": 103}, "types": ["Water", "Psychic"]}, "Weezing": {"name": "Weezing", "species": "Weezing-Galar", "speciesId": "weezinggalar", "gender": "F", "shiny": false, "level": 86, "moves": ["fireblast", "gunkshot", "painsplit", "strangesteam"], "ability": "Levitate", "evs": {"hp": 85, "atk": 85, "def": 85, "spa": 85, "spd": 85, "spe": 85}, "ivs": {"hp": 31, "atk": 31, "def": 31, "spa": 31, "spd": 31, "spe": 31}, "item": "Leftovers", "teraType": "Steel", "role": "Bulky Support", "bvs": {"hp": 65, "atk": 90, "def": 120, "spa": 85, "spd": 70, "spe": 60}, "stats": {"hp": 252, "atk": 204, "def": 256, "spa": 195, "spd": 170, "spe": 152}, "types": ["Poison", "Fairy"]}, "Regigigas": {"name": "Regigigas", "species": "Regigigas", "speciesId": "regigigas", "gender": "N", "shiny": false, "level": 84, "moves": ["sleeptalk", "knockoff", "bodyslam", "rest"], "ability": "Slow Start", "evs": {"hp": 85, "atk": 85, "def": 85, "spa": 85, "spd": 85, "spe": 85}, "ivs": {"hp": 31, "atk": 31, "def": 31, "spa": 31, "spd": 31, "spe": 31}, "item": "Leftovers", "teraType": "Ghost", "role": "Bulky Support", "bvs": {"hp": 110, "atk": 160, "def": 110, "spa": 80, "spd": 110, "spe": 100}, "stats": {"hp": 322, "atk": 317, "def": 233, "spa": 183, "spd": 233, "spe": 216}, "types": ["Normal"]}}]}