{"id": "gen9randombattle-2641598203", "format": "[Gen 9] Random Battle", "players": ["epicgamer65", "kiitolinja"], "log": "|j|\u2606epicgamer65\n|j|\u2606kiitolinja\n|t:|1782815959\n|gametype|singles\n|player|p1|epicgamer65|brycenman|1900\n|player|p2|kiitolinja|drayden|1886\n|gen|9\n|tier|[Gen 9] Random Battle\n|rated|\n|rule|Species Clause: Limit one of each Pok\u00e9mon\n|rule|HP Percentage Mod: HP is shown in percentages\n|rule|Sleep Clause Mod: Limit one foe put to sleep\n|rule|Illusion Level Mod: Illusion disguises the Pok\u00e9mon's true level\n|\n|t:|1782815959\n|teamsize|p1|6\n|teamsize|p2|6\n|start\n|switch|p1a: Basculegion|Basculegion, L80, M|323/323\n|switch|p2a: Cobalion|Cobalion, L80|277/277\n|turn|1\n|inactive|Battle timer is ON: inactive players will automatically lose when time's up. (requested by kiitolinja)\n|inactive|epicgamer65 also wants the timer to be on.\n|\n|t:|1782815974\n|switch|p2a: Goodra|Goodra-Hisui, L82, M|265/265\n|move|p1a: Basculegion|Wave Crash|p2a: Goodra\n|-resisted|p2a: Goodra\n|-crit|p2a: Goodra\n|-damage|p2a: Goodra|139/265\n|-damage|p1a: Basculegion|281/323|[from] Recoil\n|\n|upkeep\n|turn|2\n|\n|t:|1782815984\n|move|p1a: Basculegion|Flip Turn|p2a: Goodra\n|-resisted|p2a: Goodra\n|-crit|p2a: Goodra\n|-damage|p2a: Goodra|80/265\n|\n|t:|1782816005\n|switch|p1a: Tinkaton|Tinkaton, L82, F|274/274|[from] Flip Turn\n|-ability|p1a: Tinkaton|Mold Breaker\n|move|p2a: Goodra|Knock Off|p1a: Tinkaton\n|-resisted|p1a: Tinkaton\n|-damage|p1a: Tinkaton|238/274\n|-enditem|p1a: Tinkaton|Leftovers|[from] move: Knock Off|[of] p2a: Goodra\n|\n|upkeep\n|turn|3\n|\n|t:|1782816014\n|move|p1a: Tinkaton|Play Rough|p2a: Goodra\n|-damage|p2a: Goodra|13/265\n|move|p2a: Goodra|Earthquake|p1a: Tinkaton\n|-supereffective|p1a: Tinkaton\n|-damage|p1a: Tinkaton|80/274\n|\n|upkeep\n|turn|4\n|\n|t:|1782816019\n|move|p1a: Tinkaton|Knock Off|p2a: Goodra\n|-damage|p2a: Goodra|0 fnt\n|-enditem|p2a: Goodra|Assault Vest|[from] move: Knock Off|[of] p1a: Tinkaton\n|faint|p2a: Goodra\n|\n|upkeep\n|\n|t:|1782816031\n|switch|p2a: Salazzle|Salazzle, L83, F|249/249\n|turn|5\n|\n|t:|1782816039\n|move|p2a: Salazzle|Toxic|p1a: Tinkaton\n|-status|p1a: Tinkaton|tox\n|move|p1a: Tinkaton|Knock Off|p2a: Salazzle\n|-damage|p2a: Salazzle|180/249\n|-enditem|p2a: Salazzle|Leftovers|[from] move: Knock Off|[of] p1a: Tinkaton\n|\n|-damage|p1a: Tinkaton|63/274 tox|[from] psn\n|upkeep\n|turn|6\n|\n|t:|1782816043\n|move|p2a: Salazzle|Protect|p2a: Salazzle\n|-singleturn|p2a: Salazzle|Protect\n|move|p1a: Tinkaton|Gigaton Hammer|p2a: Salazzle\n|-activate|p2a: Salazzle|move: Protect\n|\n|-damage|p1a: Tinkaton|29/274 tox|[from] psn\n|upkeep\n|turn|7\n|\n|t:|1782816054\n|move|p2a: Salazzle|Flamethrower|p1a: Tinkaton\n|-supereffective|p1a: Tinkaton\n|-damage|p1a: Tinkaton|0 fnt\n|faint|p1a: Tinkaton\n|\n|upkeep\n|\n|t:|1782816056\n|switch|p1a: Basculegion|Basculegion, L80, M|281/323\n|turn|8\n|\n|t:|1782816060\n|switch|p2a: Hydreigon|Hydreigon, L79, M|275/275\n|move|p1a: Basculegion|Flip Turn|p2a: Hydreigon\n|-resisted|p2a: Hydreigon\n|-damage|p2a: Hydreigon|231/275\n|\n|t:|1782816066\n|switch|p1a: Cryogonal|Cryogonal, L89|287/287|[from] Flip Turn\n|\n|upkeep\n|turn|9\n|\n|t:|1782816073\n|-terastallize|p2a: Hydreigon|Steel\n|move|p1a: Cryogonal|Ice Beam|p2a: Hydreigon\n|-resisted|p2a: Hydreigon\n|-damage|p2a: Hydreigon|179/275\n|move|p2a: Hydreigon|Nasty Plot|p2a: Hydreigon\n|-boost|p2a: Hydreigon|spa|2\n|\n|upkeep\n|turn|10\n|\n|t:|1782816090\n|move|p1a: Cryogonal|Ice Beam|p2a: Hydreigon\n|-resisted|p2a: Hydreigon\n|-damage|p2a: Hydreigon|122/275\n|move|p2a: Hydreigon|Flash Cannon|p1a: Cryogonal\n|-supereffective|p1a: Cryogonal\n|-damage|p1a: Cryogonal|0 fnt\n|faint|p1a: Cryogonal\n|-damage|p2a: Hydreigon|95/275|[from] item: Life Orb\n|\n|upkeep\n|\n|t:|1782816095\n|switch|p1a: Basculegion|Basculegion, L80, M|281/323\n|turn|11\n|\n|t:|1782816098\n|move|p1a: Basculegion|Aqua Jet|p2a: Hydreigon\n|-damage|p2a: Hydreigon|37/275\n|move|p2a: Hydreigon|Dark Pulse|p1a: Basculegion\n|-supereffective|p1a: Basculegion\n|-damage|p1a: Basculegion|0 fnt\n|faint|p1a: Basculegion\n|-damage|p2a: Hydreigon|10/275|[from] item: Life Orb\n|\n|upkeep\n|\n|t:|1782816104\n|switch|p1a: Shaymin|Shaymin-Sky, L73|266/266\n|turn|12\n|\n|t:|1782816112\n|switch|p2a: Cobalion|Cobalion, L80|277/277\n|move|p1a: Shaymin|Air Slash|p2a: Cobalion\n|-damage|p2a: Cobalion|186/277\n|\n|upkeep\n|turn|13\n|\n|t:|1782816119\n|move|p1a: Shaymin|Earth Power|p2a: Cobalion\n|-supereffective|p2a: Cobalion\n|-crit|p2a: Cobalion\n|-damage|p2a: Cobalion|0 fnt\n|faint|p2a: Cobalion\n|\n|upkeep\n|\n|t:|1782816127\n|switch|p2a: Salazzle|Salazzle, L83, F|180/249\n|turn|14\n|\n|t:|1782816133\n|move|p2a: Salazzle|Protect|p2a: Salazzle\n|-singleturn|p2a: Salazzle|Protect\n|move|p1a: Shaymin|Earth Power|p2a: Salazzle\n|-activate|p2a: Salazzle|move: Protect\n|\n|upkeep\n|turn|15\n|\n|t:|1782816135\n|move|p2a: Salazzle|Flamethrower|p1a: Shaymin\n|-supereffective|p1a: Shaymin\n|-damage|p1a: Shaymin|0 fnt\n|faint|p1a: Shaymin\n|\n|upkeep\n|\n|t:|1782816137\n|switch|p1a: Eternatus|Eternatus, L69|308/308\n|-ability|p1a: Eternatus|Pressure\n|turn|16\n|\n|t:|1782816142\n|move|p2a: Salazzle|Toxic|p1a: Eternatus\n|-status|p1a: Eternatus|tox\n|move|p1a: Eternatus|Meteor Beam||[still]\n|-prepare|p1a: Eternatus|Meteor Beam\n|-boost|p1a: Eternatus|spa|1\n|-enditem|p1a: Eternatus|Power Herb\n|-anim|p1a: Eternatus|Meteor Beam|p2a: Salazzle\n|-supereffective|p2a: Salazzle\n|-damage|p2a: Salazzle|0 fnt\n|faint|p2a: Salazzle\n|\n|-damage|p1a: Eternatus|289/308 tox|[from] psn\n|upkeep\n|\n|t:|1782816149\n|switch|p2a: Sceptile|Sceptile, L87, M|264/264\n|turn|17\n|\n|t:|1782816156\n|-terastallize|p1a: Eternatus|Dragon\n|move|p2a: Sceptile|Substitute|p2a: Sceptile\n|-start|p2a: Sceptile|Substitute\n|-damage|p2a: Sceptile|198/264\n|move|p1a: Eternatus|Sludge Bomb|p2a: Sceptile\n|-supereffective|p2a: Sceptile\n|-end|p2a: Sceptile|Substitute\n|\n|-heal|p2a: Sceptile|214/264|[from] item: Leftovers\n|-damage|p1a: Eternatus|251/308 tox|[from] psn\n|upkeep\n|turn|18\n|\n|t:|1782816163\n|switch|p1a: Florges|Florges, L85, F|271/271\n|move|p2a: Sceptile|Substitute|p2a: Sceptile\n|-start|p2a: Sceptile|Substitute\n|-damage|p2a: Sceptile|148/264\n|\n|-heal|p2a: Sceptile|164/264|[from] item: Leftovers\n|upkeep\n|turn|19\n|\n|t:|1782816168\n|move|p2a: Sceptile|Leech Seed|p1a: Florges\n|-start|p1a: Florges|move: Leech Seed\n|move|p1a: Florges|Moonblast|p2a: Sceptile\n|-end|p2a: Sceptile|Substitute\n|\n|-heal|p2a: Sceptile|180/264|[from] item: Leftovers\n|-damage|p1a: Florges|238/271|[from] Leech Seed|[of] p2a: Sceptile\n|-heal|p2a: Sceptile|213/264|[silent]\n|upkeep\n|turn|20\n|\n|t:|1782816172\n|switch|p2a: Venusaur|Venusaur, L84, F|272/272\n|move|p1a: Florges|Moonblast|p2a: Venusaur\n|-resisted|p2a: Venusaur\n|-damage|p2a: Venusaur|215/272\n|\n|-heal|p2a: Venusaur|232/272|[from] item: Leftovers\n|-heal|p1a: Florges|254/271|[from] item: Leftovers\n|-damage|p1a: Florges|221/271|[from] Leech Seed|[of] p2a: Venusaur\n|-heal|p2a: Venusaur|265/272|[silent]\n|upkeep\n|turn|21\n|-message|epicgamer65 forfeited.\n|\n|win|kiitolinja\n|raw|epicgamer65's rating: 1900 &rarr; <strong>1879</strong><br />(-21 for losing)\n|raw|kiitolinja's rating: 1886 &rarr; <strong>1907</strong><br />(+21 for winning)\n", "inputlog": ">version f8ac14003a5f27e1bdc8d8c59608a773c1cb96e5\n>start {\"formatid\":\"gen9randombattle\",\"seed\":\"sodium,f524202ffa33e2a636c130336f9efb2c\",\"rated\":\"Rated battle\"}\n>player p1 {\"name\":\"epicgamer65\",\"avatar\":\"brycenman\",\"rating\":1900,\"seed\":\"sodium,7cd65022c5b3b3e1afbec29786e2c34b\"}\n>player p2 {\"name\":\"kiitolinja\",\"avatar\":\"drayden\",\"rating\":1886,\"seed\":\"sodium,67440d641324ebd075cf97a4cddefb3d\"}\n>p1 move wavecrash\n>p2 switch 3\n>p1 move flipturn\n>p2 move knockoff\n>p1 switch 5\n>p1 move playrough\n>p2 move earthquake\n>p1 move knockoff\n>p2 move earthquake\n>p2 switch 4\n>p1 move knockoff\n>p2 move toxic\n>p1 move gigatonhammer\n>p2 move protect\n>p1 move stealthrock\n>p2 move flamethrower\n>p1 switch 5\n>p1 move flipturn\n>p2 switch 5\n>p1 switch 3\n>p1 move icebeam\n>p2 move nastyplot terastallize\n>p1 move icebeam\n>p2 move flashcannon\n>p1 switch 3\n>p1 move aquajet\n>p2 move darkpulse\n>p1 switch 2\n>p1 move airslash\n>p2 switch 3\n>p1 move earthpower\n>p2 move stoneedge\n>p2 switch 5\n>p1 move earthpower\n>p2 move protect\n>p1 move earthpower\n>p2 move flamethrower\n>p1 switch 4\n>p1 move meteorbeam\n>p2 move toxic\n>p2 switch 2\n>p1 move sludgebomb terastallize\n>p2 move substitute\n>p1 switch 6\n>p2 move substitute\n>p1 move moonblast\n>p2 move leechseed\n>p1 move moonblast\n>p2 switch 6\n>forcelose p1", "uploadtime": 1782816175, "views": 3, "formatid": "gen9randombattle", "rating": 1879, "private": 0, "password": null, "player_dets": [{"name": "epicgamer65", "avatar": "brycenman", "rating": 1900, "seed": "sodium,7cd65022c5b3b3e1afbec29786e2c34b"}, {"name": "kiitolinja", "avatar": "drayden", "rating": 1886, "seed": "sodium,67440d641324ebd075cf97a4cddefb3d"}], "teams_full": [{"Basculegion": {"name": "Basculegion", "species": "Basculegion", "speciesId": "basculegion", "gender": "M", "shiny": false, "level": 80, "moves": ["shadowball", "wavecrash", "aquajet", "flipturn"], "ability": "Adaptability", "evs": {"hp": 85, "atk": 85, "def": 85, "spa": 85, "spd": 85, "spe": 85}, "ivs": {"hp": 31, "atk": 31, "def": 31, "spa": 31, "spd": 31, "spe": 31}, "item": "Assault Vest", "teraType": "Water", "role": "AV Pivot", "bvs": {"hp": 120, "atk": 112, "def": 65, "spa": 80, "spd": 75, "spe": 78}, "stats": {"hp": 323, "atk": 225, "def": 150, "spa": 174, "spd": 166, "spe": 171}, "types": ["Water", "Ghost"]}, "Shaymin": {"name": "Shaymin", "species": "Shaymin-Sky", "speciesId": "shayminsky", "gender": "N", "shiny": false, "level": 73, "moves": ["airslash", "earthpower", "synthesis", "seedflare"], "ability": "Serene Grace", "evs": {"hp": 85, "atk": 0, "def": 85, "spa": 85, "spd": 85, "spe": 85}, "ivs": {"hp": 31, "atk": 0, "def": 31, "spa": 31, "spd": 31, "spe": 31}, "item": "Heavy-Duty Boots", "teraType": "Steel", "role": "Bulky Attacker", "bvs": {"hp": 100, "atk": 103, "def": 75, "spa": 120, "spd": 75, "spe": 127}, "stats": {"hp": 266, "atk": 155, "def": 152, "spa": 218, "spd": 152, "spe": 228}, "types": ["Grass", "Flying"]}, "Cryogonal": {"name": "Cryogonal", "species": "Cryogonal", "speciesId": "cryogonal", "gender": "N", "shiny": false, "level": 89, "moves": ["recover", "rapidspin", "icebeam", "terablast"], "ability": "Levitate", "evs": {"hp": 85, "atk": 85, "def": 85, "spa": 85, "spd": 85, "spe": 85}, "ivs": {"hp": 31, "atk": 31, "def": 31, "spa": 31, "spd": 31, "spe": 31}, "item": "Heavy-Duty Boots", "teraType": "Electric", "role": "Tera Blast user", "bvs": {"hp": 80, "atk": 50, "def": 50, "spa": 95, "spd": 135, "spe": 105}, "stats": {"hp": 287, "atk": 140, "def": 140, "spa": 220, "spd": 291, "spe": 238}, "types": ["Ice"]}, "Eternatus": {"name": "Eternatus", "species": "Eternatus", "speciesId": "eternatus", "gender": "N", "shiny": false, "level": 69, "moves": ["sludgebomb", "meteorbeam", "fireblast", "dynamaxcannon"], "ability": "Pressure", "evs": {"hp": 85, "atk": 0, "def": 85, "spa": 85, "spd": 85, "spe": 85}, "ivs": {"hp": 31, "atk": 0, "def": 31, "spa": 31, "spd": 31, "spe": 31}, "item": "Power Herb", "teraType": "Dragon", "role": "Setup Sweeper", "bvs": {"hp": 140, "atk": 85, "def": 95, "spa": 145, "spd": 95, "spe": 130}, "stats": {"hp": 308, "atk": 122, "def": 171, "spa": 240, "spd": 171, "spe": 220}, "types": ["Poison", "Dragon"]}, "Tinkaton": {"name": "Tinkaton", "species": "Tinkaton", "speciesId": "tinkaton", "gender": "F", "shiny": false, "level": 82, "moves": ["gigatonhammer", "knockoff", "playrough", "stealthrock"], "ability": "Mold Breaker", "evs": {"hp": 85, "atk": 85, "def": 85, "spa": 85, "spd": 85, "spe": 85}, "ivs": {"hp": 31, "atk": 31, "def": 31, "spa": 31, "spd": 31, "spe": 31}, "item": "Leftovers", "teraType": "Water", "role": "Bulky Attacker", "bvs": {"hp": 85, "atk": 75, "def": 77, "spa": 70, "spd": 105, "spe": 94}, "stats": {"hp": 274, "atk": 170, "def": 173, "spa": 162, "spd": 219, "spe": 201}, "types": ["Fairy", "Steel"]}, "Florges": {"name": "Florges", "species": "Florges", "speciesId": "florges", "gender": "F", "shiny": false, "level": 85, "moves": ["wish", "protect", "calmmind", "moonblast"], "ability": "Flower Veil", "evs": {"hp": 85, "atk": 0, "def": 85, "spa": 85, "spd": 85, "spe": 85}, "ivs": {"hp": 31, "atk": 0, "def": 31, "spa": 31, "spd": 31, "spe": 31}, "item": "Leftovers", "teraType": "Steel", "role": "Bulky Setup", "bvs": {"hp": 78, "atk": 65, "def": 68, "spa": 112, "spd": 154, "spe": 75}, "stats": {"hp": 271, "atk": 115, "def": 164, "spa": 239, "spd": 311, "spe": 176}, "types": ["Fairy"]}}, {"Cobalion": {"name": "Cobalion", "species": "Cobalion", "speciesId": "cobalion", "gender": "N", "shiny": false, "level": 80, "moves": ["stoneedge", "swordsdance", "ironhead", "closecombat"], "ability": "Justified", "evs": {"hp": 85, "atk": 85, "def": 85, "spa": 85, "spd": 85, "spe": 85}, "ivs": {"hp": 31, "atk": 31, "def": 31, "spa": 31, "spd": 31, "spe": 31}, "item": "Life Orb", "teraType": "Fighting", "role": "Fast Bulky Setup", "bvs": {"hp": 91, "atk": 90, "def": 129, "spa": 90, "spd": 72, "spe": 108}, "stats": {"hp": 277, "atk": 190, "def": 253, "spa": 190, "spd": 161, "spe": 219}, "types": ["Steel", "Fighting"]}, "Sceptile": {"name": "Sceptile", "species": "Sceptile", "speciesId": "sceptile", "gender": "M", "shiny": false, "level": 87, "moves": ["substitute", "gigadrain", "leechseed", "focusblast"], "ability": "Overgrow", "evs": {"hp": 85, "atk": 0, "def": 85, "spa": 85, "spd": 85, "spe": 85}, "ivs": {"hp": 31, "atk": 0, "def": 31, "spa": 31, "spd": 31, "spe": 31}, "item": "Leftovers", "teraType": "Steel", "role": "Fast Support", "bvs": {"hp": 70, "atk": 85, "def": 65, "spa": 105, "spd": 85, "spe": 120}, "stats": {"hp": 264, "atk": 152, "def": 163, "spa": 232, "spd": 198, "spe": 259}, "types": ["Grass"]}, "Goodra": {"name": "Goodra", "species": "Goodra-Hisui", "speciesId": "goodrahisui", "gender": "M", "shiny": false, "level": 82, "moves": ["heavyslam", "dracometeor", "earthquake", "knockoff"], "ability": "Sap Sipper", "evs": {"hp": 85, "atk": 85, "def": 85, "spa": 85, "spd": 85, "spe": 85}, "ivs": {"hp": 31, "atk": 31, "def": 31, "spa": 31, "spd": 31, "spe": 31}, "item": "Assault Vest", "teraType": "Flying", "role": "AV Pivot", "bvs": {"hp": 80, "atk": 100, "def": 100, "spa": 110, "spd": 150, "spe": 60}, "stats": {"hp": 265, "atk": 211, "def": 211, "spa": 228, "spd": 293, "spe": 146}, "types": ["Steel", "Dragon"]}, "Salazzle": {"name": "Salazzle", "species": "Salazzle", "speciesId": "salazzle", "gender": "F", "shiny": false, "level": 83, "moves": ["protect", "toxic", "substitute", "flamethrower"], "ability": "Corrosion", "evs": {"hp": 85, "atk": 0, "def": 85, "spa": 85, "spd": 85, "spe": 85}, "ivs": {"hp": 31, "atk": 0, "def": 31, "spa": 31, "spd": 31, "spe": 31}, "item": "Leftovers", "teraType": "Flying", "role": "Fast Support", "bvs": {"hp": 68, "atk": 64, "def": 60, "spa": 111, "spd": 60, "spe": 117}, "stats": {"hp": 249, "atk": 111, "def": 147, "spa": 232, "spd": 147, "spe": 242}, "types": ["Poison", "Fire"]}, "Hydreigon": {"name": "Hydreigon", "species": "Hydreigon", "speciesId": "hydreigon", "gender": "M", "shiny": false, "level": 79, "moves": ["nastyplot", "flashcannon", "darkpulse", "dracometeor"], "ability": "Levitate", "evs": {"hp": 85, "atk": 0, "def": 85, "spa": 85, "spd": 85, "spe": 85}, "ivs": {"hp": 31, "atk": 0, "def": 31, "spa": 31, "spd": 31, "spe": 31}, "item": "Life Orb", "teraType": "Steel", "role": "Fast Attacker", "bvs": {"hp": 92, "atk": 105, "def": 90, "spa": 125, "spd": 90, "spe": 98}, "stats": {"hp": 275, "atk": 170, "def": 188, "spa": 243, "spd": 188, "spe": 200}, "types": ["Dark", "Dragon"]}, "Venusaur": {"name": "Venusaur", "species": "Venusaur", "speciesId": "venusaur", "gender": "F", "shiny": false, "level": 84, "moves": ["earthpower", "synthesis", "knockoff", "sludgebomb"], "ability": "Chlorophyll", "evs": {"hp": 85, "atk": 85, "def": 85, "spa": 85, "spd": 85, "spe": 85}, "ivs": {"hp": 31, "atk": 31, "def": 31, "spa": 31, "spd": 31, "spe": 31}, "item": "Leftovers", "teraType": "Dark", "role": "Bulky Attacker", "bvs": {"hp": 80, "atk": 82, "def": 83, "spa": 100, "spd": 100, "spe": 80}, "stats": {"hp": 272, "atk": 186, "def": 188, "spa": 216, "spd": 216, "spe": 183}, "types": ["Grass", "Poison"]}}]}