{"id": "gen9randombattle-2641335008", "format": "[Gen 9] Random Battle", "players": ["Laritate", "aci2nn"], "log": "|j|\u2606Laritate\n|j|\u2606aci2nn\n|t:|1782769371\n|gametype|singles\n|player|p1|Laritate|2|1882\n|player|p2|aci2nn|1|1872\n|gen|9\n|tier|[Gen 9] Random Battle\n|rated|\n|rule|Species Clause: Limit one of each Pok\u00e9mon\n|rule|HP Percentage Mod: HP is shown in percentages\n|rule|Sleep Clause Mod: Limit one foe put to sleep\n|rule|Illusion Level Mod: Illusion disguises the Pok\u00e9mon's true level\n|\n|t:|1782769371\n|teamsize|p1|6\n|teamsize|p2|6\n|start\n|switch|p1a: Venomoth|Venomoth, L84, F|255/255\n|switch|p2a: Dachsbun|Dachsbun, L92, F|254/254\n|turn|1\n|inactive|Battle timer is ON: inactive players will automatically lose when time's up. (requested by aci2nn)\n|inactive|Laritate also wants the timer to be on.\n|\n|t:|1782769378\n|move|p2a: Dachsbun|Yawn|p1a: Venomoth\n|-start|p1a: Venomoth|move: Yawn|[of] p2a: Dachsbun\n|move|p1a: Venomoth|Quiver Dance|p1a: Venomoth\n|-boost|p1a: Venomoth|spa|1\n|-boost|p1a: Venomoth|spd|1\n|-boost|p1a: Venomoth|spe|1\n|\n|upkeep\n|turn|2\n|\n|t:|1782769382\n|move|p2a: Dachsbun|Protect|p2a: Dachsbun\n|-singleturn|p2a: Dachsbun|Protect\n|move|p1a: Venomoth|Sleep Powder|p2a: Dachsbun\n|-activate|p2a: Dachsbun|move: Protect\n|\n|-end|p1a: Venomoth|move: Yawn|[silent]\n|-status|p1a: Venomoth|slp\n|upkeep\n|turn|3\n|\n|t:|1782769389\n|switch|p2a: Ting-Lu|Ting-Lu, L78|370/370\n|-ability|p2a: Ting-Lu|Vessel of Ruin\n|cant|p1a: Venomoth|slp\n|\n|upkeep\n|turn|4\n|\n|t:|1782769393\n|-curestatus|p1a: Venomoth|slp|[msg]\n|move|p1a: Venomoth|Sleep Powder|p2a: Ting-Lu|[miss]\n|-miss|p1a: Venomoth|p2a: Ting-Lu\n|move|p2a: Ting-Lu|Earthquake|p1a: Venomoth\n|-crit|p1a: Venomoth\n|-damage|p1a: Venomoth|38/255\n|\n|upkeep\n|turn|5\n|\n|t:|1782769418\n|switch|p2a: Shaymin|Shaymin-Sky, L73|266/266\n|move|p1a: Venomoth|Sleep Powder|p2a: Shaymin\n|-immune|p2a: Shaymin\n|\n|upkeep\n|turn|6\n|\n|t:|1782769421\n|switch|p2a: Mimikyu|Mimikyu, L79, F|216/216\n|move|p1a: Venomoth|Sludge Wave|p2a: Mimikyu\n|-activate|p2a: Mimikyu|ability: Disguise\n|-damage|p2a: Mimikyu|216/216\n|detailschange|p2a: Mimikyu|Mimikyu-Busted, L79, F\n|-damage|p2a: Mimikyu|189/216|[from] pokemon: Mimikyu-Busted\n|\n|upkeep\n|turn|7\n|\n|t:|1782769424\n|move|p2a: Mimikyu|Shadow Sneak|p1a: Venomoth\n|-damage|p1a: Venomoth|0 fnt\n|faint|p1a: Venomoth\n|-damage|p2a: Mimikyu|168/216|[from] item: Life Orb\n|\n|upkeep\n|\n|t:|1782769428\n|switch|p1a: Orthworm|Orthworm, L88, M|266/266\n|turn|8\n|\n|t:|1782769437\n|switch|p2a: Toxtricity|Toxtricity, L82, F|257/257\n|move|p1a: Orthworm|Heavy Slam|p2a: Toxtricity\n|-resisted|p2a: Toxtricity\n|-damage|p2a: Toxtricity|174/257\n|\n|upkeep\n|turn|9\n|\n|t:|1782769442\n|move|p2a: Toxtricity|Overdrive|p1a: Orthworm\n|-damage|p1a: Orthworm|115/266\n|-enditem|p2a: Toxtricity|Throat Spray\n|-boost|p2a: Toxtricity|spa|1|[from] item: Throat Spray\n|move|p1a: Orthworm|Shed Tail|p1a: Orthworm\n|-fail|p1a: Orthworm|move: Shed Tail|[weak]\n|\n|-heal|p1a: Orthworm|131/266|[from] item: Leftovers\n|upkeep\n|turn|10\n|\n|t:|1782769448\n|switch|p1a: Iron Hands|Iron Hands, L79|373/373\n|move|p2a: Toxtricity|Shift Gear|p2a: Toxtricity\n|-boost|p2a: Toxtricity|spe|2\n|-boost|p2a: Toxtricity|atk|1\n|\n|upkeep\n|turn|11\n|\n|t:|1782769453\n|move|p2a: Toxtricity|Boomburst|p1a: Iron Hands\n|-damage|p1a: Iron Hands|100/373\n|move|p1a: Iron Hands|Thunder Punch|p2a: Toxtricity\n|-resisted|p2a: Toxtricity\n|-damage|p2a: Toxtricity|113/257\n|\n|-heal|p1a: Iron Hands|123/373|[from] item: Leftovers\n|upkeep\n|turn|12\n|\n|t:|1782769456\n|move|p2a: Toxtricity|Boomburst|p1a: Iron Hands\n|-damage|p1a: Iron Hands|0 fnt\n|faint|p1a: Iron Hands\n|-end|p1a: Iron Hands|Quark Drive|[silent]\n|\n|upkeep\n|\n|t:|1782769462\n|switch|p1a: Clefable|Clefable, L83, M|293/293\n|turn|13\n|\n|t:|1782769465\n|move|p2a: Toxtricity|Overdrive|p1a: Clefable\n|-damage|p1a: Clefable|125/293\n|move|p1a: Clefable|Fire Blast|p2a: Toxtricity\n|-damage|p2a: Toxtricity|3/257\n|\n|upkeep\n|turn|14\n|\n|t:|1782769469\n|move|p2a: Toxtricity|Overdrive|p1a: Clefable\n|-damage|p1a: Clefable|0 fnt\n|faint|p1a: Clefable\n|\n|upkeep\n|\n|t:|1782769473\n|switch|p1a: Sylveon|Sylveon, L85, F|300/300\n|turn|15\n|\n|t:|1782769475\n|move|p2a: Toxtricity|Gunk Shot|p1a: Sylveon\n|-supereffective|p1a: Sylveon\n|-damage|p1a: Sylveon|0 fnt\n|faint|p1a: Sylveon\n|\n|upkeep\n|\n|t:|1782769477\n|switch|p1a: Orthworm|Orthworm, L88, M|131/266\n|turn|16\n|\n|t:|1782769478\n|move|p2a: Toxtricity|Overdrive|p1a: Orthworm\n|-damage|p1a: Orthworm|0 fnt\n|faint|p1a: Orthworm\n|\n|upkeep\n|\n|t:|1782769480\n|switch|p1a: Phione|Phione, L91|293/293\n|turn|17\n|\n|t:|1782769483\n|-terastallize|p1a: Phione|Steel\n|move|p2a: Toxtricity|Boomburst|p1a: Phione\n|-resisted|p1a: Phione\n|-damage|p1a: Phione|185/293\n|move|p1a: Phione|Scald|p2a: Toxtricity\n|-damage|p2a: Toxtricity|0 fnt\n|faint|p2a: Toxtricity\n|\n|-heal|p1a: Phione|203/293|[from] item: Leftovers\n|upkeep\n|\n|t:|1782769492\n|switch|p2a: Ting-Lu|Ting-Lu, L78|370/370\n|-ability|p2a: Ting-Lu|Vessel of Ruin\n|turn|18\n|\n|t:|1782769497\n|move|p1a: Phione|Scald|p2a: Ting-Lu\n|-supereffective|p2a: Ting-Lu\n|-damage|p2a: Ting-Lu|220/370\n|-status|p2a: Ting-Lu|brn\n|move|p2a: Ting-Lu|Earthquake|p1a: Phione\n|-supereffective|p1a: Phione\n|-damage|p1a: Phione|97/293\n|\n|-heal|p1a: Phione|115/293|[from] item: Leftovers\n|-heal|p2a: Ting-Lu|243/370 brn|[from] item: Leftovers\n|-damage|p2a: Ting-Lu|220/370 brn|[from] brn\n|upkeep\n|turn|19\n|\n|t:|1782769502\n|move|p1a: Phione|Grass Knot|p2a: Ting-Lu\n|-supereffective|p2a: Ting-Lu\n|-damage|p2a: Ting-Lu|72/370 brn\n|move|p2a: Ting-Lu|Earthquake|p1a: Phione\n|-supereffective|p1a: Phione\n|-damage|p1a: Phione|16/293\n|\n|-heal|p1a: Phione|34/293|[from] item: Leftovers\n|-heal|p2a: Ting-Lu|95/370 brn|[from] item: Leftovers\n|-damage|p2a: Ting-Lu|72/370 brn|[from] brn\n|upkeep\n|turn|20\n|\n|t:|1782769505\n|move|p1a: Phione|Scald|p2a: Ting-Lu\n|-supereffective|p2a: Ting-Lu\n|-damage|p2a: Ting-Lu|0 fnt\n|faint|p2a: Ting-Lu\n|\n|-heal|p1a: Phione|52/293|[from] item: Leftovers\n|upkeep\n|\n|t:|1782769515\n|switch|p2a: Shaymin|Shaymin-Sky, L73|266/266\n|turn|21\n|\n|t:|1782769518\n|move|p2a: Shaymin|Earth Power|p1a: Phione\n|-supereffective|p1a: Phione\n|-damage|p1a: Phione|0 fnt\n|faint|p1a: Phione\n|\n|win|aci2nn\n|raw|Laritate's rating: 1882 &rarr; <strong>1861</strong><br />(-21 for losing)\n|raw|aci2nn's rating: 1872 &rarr; <strong>1893</strong><br />(+21 for winning)\n|l|\u2606Laritate\n|player|p1|\n", "inputlog": ">version f8ac14003a5f27e1bdc8d8c59608a773c1cb96e5\n>start {\"formatid\":\"gen9randombattle\",\"seed\":\"sodium,ca6af6cc62492d893b12c1cbbb73d2bb\",\"rated\":\"Rated battle\"}\n>player p1 {\"name\":\"Laritate\",\"avatar\":\"2\",\"rating\":1882,\"seed\":\"sodium,1c06b4ca8f0d4b64e19b1c69e1c725d1\"}\n>player p2 {\"name\":\"aci2nn\",\"avatar\":\"1\",\"rating\":1872,\"seed\":\"sodium,11668ce08424b431b103bff34526cc55\"}\n>p1 move quiverdance\n>p2 move yawn\n>p1 move sleeppowder\n>p2 move protect\n>p1 move sleeppowder\n>p2 switch 4\n>p1 move sleeppowder\n>p2 move earthquake\n>p1 move sleeppowder\n>p2 switch 2\n>p1 move sludgewave\n>p2 switch 3\n>p1 move sludgewave\n>p2 move shadowsneak\n>p1 switch 2\n>p1 move heavyslam\n>p2 switch 5\n>p1 move shedtail\n>p2 move overdrive\n>p1 switch 5\n>p2 move shiftgear\n>p1 move thunderpunch\n>p2 move boomburst\n>p1 move thunderpunch\n>p2 move boomburst\n>p1 switch 4\n>p1 move fireblast\n>p2 move overdrive\n>p1 move fireblast\n>p2 move overdrive\n>p1 switch 3\n>p1 move hypervoice\n>p2 move gunkshot\n>p1 switch 5\n>p1 move stealthrock\n>p2 move overdrive\n>p1 switch 6\n>p1 move scald terastallize\n>p2 move boomburst\n>p2 switch 2\n>p1 move scald\n>p2 move earthquake\n>p1 move grassknot\n>p2 move earthquake\n>p1 move scald\n>p2 move earthquake\n>p2 switch 3\n>p1 move icebeam\n>p2 move earthpower", "uploadtime": 1782769522, "views": 5, "formatid": "gen9randombattle", "rating": 1861, "private": 0, "password": null, "player_dets": [{"name": "Laritate", "avatar": "2", "rating": 1882, "seed": "sodium,1c06b4ca8f0d4b64e19b1c69e1c725d1"}, {"name": "aci2nn", "avatar": "1", "rating": 1872, "seed": "sodium,11668ce08424b431b103bff34526cc55"}], "teams_full": [{"Venomoth": {"name": "Venomoth", "species": "Venomoth", "speciesId": "venomoth", "gender": "F", "shiny": false, "level": 84, "moves": ["sludgewave", "bugbuzz", "sleeppowder", "quiverdance"], "ability": "Tinted Lens", "evs": {"hp": 85, "atk": 0, "def": 85, "spa": 85, "spd": 85, "spe": 85}, "ivs": {"hp": 31, "atk": 0, "def": 31, "spa": 31, "spd": 31, "spe": 31}, "item": "Heavy-Duty Boots", "teraType": "Bug", "role": "Setup Sweeper", "bvs": {"hp": 70, "atk": 65, "def": 60, "spa": 90, "spd": 75, "spe": 90}, "stats": {"hp": 255, "atk": 114, "def": 149, "spa": 199, "spd": 174, "spe": 199}, "types": ["Bug", "Poison"]}, "Orthworm": {"name": "Orthworm", "species": "Orthworm", "speciesId": "orthworm", "gender": "M", "shiny": false, "level": 88, "moves": ["stealthrock", "shedtail", "bodypress", "heavyslam"], "ability": "Earth Eater", "evs": {"hp": 85, "atk": 85, "def": 85, "spa": 85, "spd": 85, "spe": 85}, "ivs": {"hp": 31, "atk": 31, "def": 31, "spa": 31, "spd": 31, "spe": 31}, "item": "Leftovers", "teraType": "Electric", "role": "Bulky Attacker", "bvs": {"hp": 70, "atk": 85, "def": 145, "spa": 60, "spd": 55, "spe": 65}, "stats": {"hp": 266, "atk": 200, "def": 305, "spa": 156, "spd": 147, "spe": 165}, "types": ["Steel"]}, "Sylveon": {"name": "Sylveon", "species": "Sylveon", "speciesId": "sylveon", "gender": "F", "shiny": false, "level": 85, "moves": ["hypervoice", "calmmind", "wish", "protect"], "ability": "Pixilate", "evs": {"hp": 85, "atk": 0, "def": 85, "spa": 85, "spd": 85, "spe": 85}, "ivs": {"hp": 31, "atk": 0, "def": 31, "spa": 31, "spd": 31, "spe": 31}, "item": "Leftovers", "teraType": "Steel", "role": "Bulky Setup", "bvs": {"hp": 95, "atk": 65, "def": 65, "spa": 110, "spd": 130, "spe": 60}, "stats": {"hp": 300, "atk": 115, "def": 159, "spa": 236, "spd": 270, "spe": 151}, "types": ["Fairy"]}, "Clefable": {"name": "Clefable", "species": "Clefable", "speciesId": "clefable", "gender": "M", "shiny": false, "level": 83, "moves": ["moonblast", "fireblast", "moonlight", "calmmind"], "ability": "Magic Guard", "evs": {"hp": 85, "atk": 0, "def": 85, "spa": 85, "spd": 85, "spe": 85}, "ivs": {"hp": 31, "atk": 0, "def": 31, "spa": 31, "spd": 31, "spe": 31}, "item": "Life Orb", "teraType": "Steel", "role": "Bulky Setup", "bvs": {"hp": 95, "atk": 70, "def": 73, "spa": 95, "spd": 90, "spe": 60}, "stats": {"hp": 293, "atk": 121, "def": 169, "spa": 205, "spd": 197, "spe": 147}, "types": ["Fairy"]}, "Iron Hands": {"name": "Iron Hands", "species": "Iron Hands", "speciesId": "ironhands", "gender": "N", "shiny": false, "level": 79, "moves": ["drainpunch", "swordsdance", "thunderpunch", "icepunch"], "ability": "Quark Drive", "evs": {"hp": 85, "atk": 85, "def": 85, "spa": 85, "spd": 85, "spe": 85}, "ivs": {"hp": 31, "atk": 31, "def": 31, "spa": 31, "spd": 31, "spe": 31}, "item": "Leftovers", "teraType": "Fighting", "role": "Bulky Attacker", "bvs": {"hp": 154, "atk": 140, "def": 108, "spa": 50, "spd": 68, "spe": 50}, "stats": {"hp": 373, "atk": 267, "def": 216, "spa": 125, "spd": 153, "spe": 125}, "types": ["Fighting", "Electric"]}, "Phione": {"name": "Phione", "species": "Phione", "speciesId": "phione", "gender": "N", "shiny": false, "level": 91, "moves": ["scald", "icebeam", "grassknot", "takeheart"], "ability": "Hydration", "evs": {"hp": 85, "atk": 0, "def": 85, "spa": 85, "spd": 85, "spe": 85}, "ivs": {"hp": 31, "atk": 0, "def": 31, "spa": 31, "spd": 31, "spe": 31}, "item": "Leftovers", "teraType": "Steel", "role": "Bulky Attacker", "bvs": {"hp": 80, "atk": 80, "def": 80, "spa": 80, "spd": 80, "spe": 80}, "stats": {"hp": 293, "atk": 150, "def": 197, "spa": 197, "spd": 197, "spe": 197}, "types": ["Water"]}}, {"Dachsbun": {"name": "Dachsbun", "species": "Dachsbun", "speciesId": "dachsbun", "gender": "F", "shiny": false, "level": 92, "moves": ["yawn", "wish", "playrough", "protect"], "ability": "Well-Baked Body", "evs": {"hp": 85, "atk": 85, "def": 85, "spa": 85, "spd": 85, "spe": 85}, "ivs": {"hp": 31, "atk": 31, "def": 31, "spa": 31, "spd": 31, "spe": 31}, "item": "Leftovers", "teraType": "Steel", "role": "Bulky Support", "bvs": {"hp": 57, "atk": 80, "def": 115, "spa": 50, "spd": 80, "spe": 95}, "stats": {"hp": 254, "atk": 200, "def": 264, "spa": 144, "spd": 200, "spe": 227}, "types": ["Fairy"]}, "Shaymin": {"name": "Shaymin", "species": "Shaymin-Sky", "speciesId": "shayminsky", "gender": "N", "shiny": false, "level": 73, "moves": ["earthpower", "synthesis", "seedflare", "airslash"], "ability": "Serene Grace", "evs": {"hp": 85, "atk": 0, "def": 85, "spa": 85, "spd": 85, "spe": 85}, "ivs": {"hp": 31, "atk": 0, "def": 31, "spa": 31, "spd": 31, "spe": 31}, "item": "Heavy-Duty Boots", "teraType": "Water", "role": "Bulky Attacker", "bvs": {"hp": 100, "atk": 103, "def": 75, "spa": 120, "spd": 75, "spe": 127}, "stats": {"hp": 266, "atk": 155, "def": 152, "spa": 218, "spd": 152, "spe": 228}, "types": ["Grass", "Flying"]}, "Mimikyu": {"name": "Mimikyu", "species": "Mimikyu", "speciesId": "mimikyu", "gender": "F", "shiny": false, "level": 79, "moves": ["playrough", "swordsdance", "shadowclaw", "shadowsneak"], "ability": "Disguise", "evs": {"hp": 85, "atk": 85, "def": 85, "spa": 85, "spd": 85, "spe": 85}, "ivs": {"hp": 31, "atk": 31, "def": 31, "spa": 31, "spd": 31, "spe": 31}, "item": "Life Orb", "teraType": "Fairy", "role": "Fast Bulky Setup", "bvs": {"hp": 55, "atk": 90, "def": 80, "spa": 50, "spd": 105, "spe": 96}, "stats": {"hp": 216, "atk": 188, "def": 172, "spa": 125, "spd": 211, "spe": 197}, "types": ["Ghost", "Fairy"]}, "Ting-Lu": {"name": "Ting-Lu", "species": "Ting-Lu", "speciesId": "tinglu", "gender": "N", "shiny": false, "level": 78, "moves": ["earthquake", "throatchop", "stealthrock", "spikes"], "ability": "Vessel of Ruin", "evs": {"hp": 85, "atk": 85, "def": 85, "spa": 85, "spd": 85, "spe": 85}, "ivs": {"hp": 31, "atk": 31, "def": 31, "spa": 31, "spd": 31, "spe": 31}, "item": "Leftovers", "teraType": "Ghost", "role": "Bulky Support", "bvs": {"hp": 155, "atk": 110, "def": 125, "spa": 55, "spd": 80, "spe": 45}, "stats": {"hp": 370, "atk": 217, "def": 240, "spa": 131, "spd": 170, "spe": 115}, "types": ["Dark", "Ground"]}, "Toxtricity": {"name": "Toxtricity", "species": "Toxtricity", "speciesId": "toxtricity", "gender": "F", "shiny": false, "level": 82, "moves": ["shiftgear", "overdrive", "gunkshot", "boomburst"], "ability": "Punk Rock", "evs": {"hp": 85, "atk": 85, "def": 85, "spa": 85, "spd": 85, "spe": 85}, "ivs": {"hp": 31, "atk": 31, "def": 31, "spa": 31, "spd": 31, "spe": 31}, "item": "Throat Spray", "teraType": "Normal", "role": "Setup Sweeper", "bvs": {"hp": 75, "atk": 98, "def": 70, "spa": 114, "spd": 70, "spe": 75}, "stats": {"hp": 257, "atk": 208, "def": 162, "spa": 234, "spd": 162, "spe": 170}, "types": ["Electric", "Poison"]}, "Glaceon": {"name": "Glaceon", "species": "Glaceon", "speciesId": "glaceon", "gender": "M", "shiny": false, "level": 94, "moves": ["protect", "wish", "mudshot", "freezedry"], "ability": "Ice Body", "evs": {"hp": 85, "atk": 0, "def": 85, "spa": 85, "spd": 85, "spe": 85}, "ivs": {"hp": 31, "atk": 0, "def": 31, "spa": 31, "spd": 31, "spe": 31}, "item": "Heavy-Duty Boots", "teraType": "Ground", "role": "Bulky Attacker", "bvs": {"hp": 65, "atk": 60, "def": 110, "spa": 130, "spd": 95, "spe": 65}, "stats": {"hp": 275, "atk": 117, "def": 260, "spa": 298, "spd": 232, "spe": 176}, "types": ["Ice"]}}]}