{"id": "gen9randombattle-2641464117", "format": "[Gen 9] Random Battle", "players": ["NizeTradez214", "ye nah ye nah"], "log": "|j|\u2606NizeTradez214\n|j|\u2606ye nah ye nah\n|t:|1782788799\n|gametype|singles\n|player|p1|NizeTradez214|170|\n|player|p2|ye nah ye nah|1|\n|gen|9\n|tier|[Gen 9] Random Battle\n|rule|Species Clause: Limit one of each Pok\u00e9mon\n|rule|HP Percentage Mod: HP is shown in percentages\n|rule|Sleep Clause Mod: Limit one foe put to sleep\n|rule|Illusion Level Mod: Illusion disguises the Pok\u00e9mon's true level\n|\n|t:|1782788799\n|teamsize|p1|6\n|teamsize|p2|6\n|start\n|switch|p1a: Great Tusk|Great Tusk, L77|304/304\n|switch|p2a: Noctowl|Noctowl, L95, F|344/344\n|turn|1\n|inactive|Battle timer is ON: inactive players will automatically lose when time's up. (requested by ye nah ye nah)\n|\n|t:|1782788810\n|move|p2a: Noctowl|Calm Mind|p2a: Noctowl\n|-boost|p2a: Noctowl|spa|1\n|-boost|p2a: Noctowl|spd|1\n|move|p1a: Great Tusk|Rapid Spin|p2a: Noctowl\n|-damage|p2a: Noctowl|293/344\n|-boost|p1a: Great Tusk|spe|1\n|\n|upkeep\n|turn|2\n|\n|t:|1782788824\n|move|p1a: Great Tusk|Bulk Up|p1a: Great Tusk\n|-boost|p1a: Great Tusk|atk|1\n|-boost|p1a: Great Tusk|def|1\n|move|p2a: Noctowl|Hurricane|p1a: Great Tusk\n|-supereffective|p1a: Great Tusk\n|-damage|p1a: Great Tusk|0 fnt\n|faint|p1a: Great Tusk\n|-end|p1a: Great Tusk|Protosynthesis|[silent]\n|\n|upkeep\n|\n|t:|1782788833\n|switch|p1a: Blissey|Blissey, L85, F|572/572\n|turn|3\n|inactive|ye nah ye nah has 270 seconds left.\n|\n|t:|1782788878\n|switch|p2a: Regice|Regice, L88|284/284\n|move|p1a: Blissey|Thunder Wave|p2a: Regice\n|-status|p2a: Regice|par\n|\n|upkeep\n|turn|4\n|inactive|ye nah ye nah has 240 seconds left.\n|\n|t:|1782788905\n|move|p1a: Blissey|Seismic Toss|p2a: Regice\n|-damage|p2a: Regice|199/284 par\n|move|p2a: Regice|Ice Beam|p1a: Blissey\n|-damage|p1a: Blissey|497/572\n|\n|-heal|p1a: Blissey|532/572|[from] item: Leftovers\n|upkeep\n|turn|5\n|inactive|ye nah ye nah has 240 seconds left.\n|\n|t:|1782788920\n|move|p1a: Blissey|Seismic Toss|p2a: Regice\n|-damage|p2a: Regice|114/284 par\n|move|p2a: Regice|Ice Beam|p1a: Blissey\n|-damage|p1a: Blissey|460/572\n|\n|-heal|p1a: Blissey|495/572|[from] item: Leftovers\n|upkeep\n|turn|6\n|inactive|ye nah ye nah has 240 seconds left.\n|\n|t:|1782788935\n|move|p1a: Blissey|Seismic Toss|p2a: Regice\n|-damage|p2a: Regice|29/284 par\n|cant|p2a: Regice|par\n|\n|-heal|p1a: Blissey|530/572|[from] item: Leftovers\n|upkeep\n|turn|7\n|\n|t:|1782788943\n|move|p1a: Blissey|Seismic Toss|p2a: Regice\n|-damage|p2a: Regice|0 fnt\n|faint|p2a: Regice\n|\n|-heal|p1a: Blissey|565/572|[from] item: Leftovers\n|upkeep\n|\n|t:|1782788956\n|switch|p2a: Deoxys|Deoxys-Attack, L72|191/191\n|-ability|p2a: Deoxys|Pressure\n|turn|8\n|inactive|ye nah ye nah has 240 seconds left.\n|\n|t:|1782788972\n|move|p2a: Deoxys|Superpower|p1a: Blissey\n|-supereffective|p1a: Blissey\n|-damage|p1a: Blissey|0 fnt\n|-unboost|p2a: Deoxys|atk|1\n|-unboost|p2a: Deoxys|def|1\n|faint|p1a: Blissey\n|-damage|p2a: Deoxys|172/191|[from] item: Life Orb\n|\n|upkeep\n|\n|t:|1782788984\n|switch|p1a: Miraidon|Miraidon, L65|238/238\n|-fieldstart|move: Electric Terrain|[from] ability: Hadron Engine|[of] p1a: Miraidon\n|turn|9\n|\n|t:|1782788997\n|move|p2a: Deoxys|Knock Off|p1a: Miraidon\n|-damage|p1a: Miraidon|148/238\n|-enditem|p1a: Miraidon|Life Orb|[from] move: Knock Off|[of] p2a: Deoxys\n|-damage|p2a: Deoxys|153/191|[from] item: Life Orb\n|move|p1a: Miraidon|Electro Drift|p2a: Deoxys\n|-damage|p2a: Deoxys|0 fnt\n|faint|p2a: Deoxys\n|\n|upkeep\n|\n|t:|1782789006\n|switch|p2a: Noctowl|Noctowl, L95, F|293/344\n|turn|10\n|\n|t:|1782789013\n|-terastallize|p2a: Noctowl|Ground\n|move|p1a: Miraidon|Electro Drift|p2a: Noctowl\n|-immune|p2a: Noctowl\n|move|p2a: Noctowl|Hyper Voice|p1a: Miraidon\n|-damage|p1a: Miraidon|37/238\n|\n|upkeep\n|turn|11\n|\n|t:|1782789027\n|move|p1a: Miraidon|Draco Meteor|p2a: Noctowl\n|-crit|p2a: Noctowl\n|-damage|p2a: Noctowl|97/344\n|-unboost|p1a: Miraidon|spa|2\n|move|p2a: Noctowl|Calm Mind|p2a: Noctowl\n|-boost|p2a: Noctowl|spa|1\n|-boost|p2a: Noctowl|spd|1\n|\n|upkeep\n|turn|12\n|\n|t:|1782789035\n|move|p1a: Miraidon|Dragon Pulse|p2a: Noctowl\n|-damage|p2a: Noctowl|67/344\n|move|p2a: Noctowl|Roost|p2a: Noctowl\n|-heal|p2a: Noctowl|239/344\n|\n|upkeep\n|turn|13\n|inactive|ye nah ye nah has 270 seconds left.\n|\n|t:|1782789045\n|move|p1a: Miraidon|Draco Meteor|p2a: Noctowl|[miss]\n|-miss|p1a: Miraidon|p2a: Noctowl\n|move|p2a: Noctowl|Roost|p2a: Noctowl\n|-heal|p2a: Noctowl|344/344\n|\n|-fieldend|move: Electric Terrain\n|upkeep\n|turn|14\n|\n|t:|1782789059\n|move|p1a: Miraidon|Draco Meteor|p2a: Noctowl\n|-damage|p2a: Noctowl|310/344\n|-unboost|p1a: Miraidon|spa|2\n|move|p2a: Noctowl|Hyper Voice|p1a: Miraidon\n|-damage|p1a: Miraidon|0 fnt\n|faint|p1a: Miraidon\n|\n|upkeep\n|\n|t:|1782789066\n|switch|p1a: Gumshoos|Gumshoos, L95, F|321/321\n|turn|15\n|\n|t:|1782789082\n|move|p2a: Noctowl|Hyper Voice|p1a: Gumshoos\n|-damage|p1a: Gumshoos|114/321\n|move|p1a: Gumshoos|Earthquake|p2a: Noctowl\n|-damage|p2a: Noctowl|100/344\n|\n|upkeep\n|turn|16\n|\n|t:|1782789090\n|move|p2a: Noctowl|Roost|p2a: Noctowl\n|-heal|p2a: Noctowl|272/344\n|move|p1a: Gumshoos|Earthquake|p2a: Noctowl\n|-damage|p2a: Noctowl|70/344\n|\n|upkeep\n|turn|17\n|\n|t:|1782789096\n|move|p2a: Noctowl|Roost|p2a: Noctowl\n|-heal|p2a: Noctowl|242/344\n|move|p1a: Gumshoos|Earthquake|p2a: Noctowl\n|-damage|p2a: Noctowl|40/344\n|\n|upkeep\n|turn|18\n|\n|t:|1782789103\n|move|p2a: Noctowl|Hyper Voice|p1a: Gumshoos\n|-damage|p1a: Gumshoos|0 fnt\n|faint|p1a: Gumshoos\n|\n|upkeep\n|\n|t:|1782789106\n|switch|p1a: Electrode|Electrode, L92|260/260\n|turn|19\n|\n|t:|1782789120\n|move|p1a: Electrode|Foul Play|p2a: Noctowl\n|-damage|p2a: Noctowl|0 fnt\n|faint|p2a: Noctowl\n|\n|upkeep\n|\n|t:|1782789123\n|switch|p2a: Palkia|Palkia, L75|259/259\n|-ability|p2a: Palkia|Pressure\n|turn|20\n|\n|t:|1782789130\n|move|p1a: Electrode|Thunderbolt|p2a: Palkia\n|-damage|p2a: Palkia|175/259\n|move|p2a: Palkia|Draco Meteor|p1a: Electrode\n|-damage|p1a: Electrode|107/260\n|-unboost|p2a: Palkia|spa|2\n|\n|upkeep\n|turn|21\n|\n|t:|1782789143\n|move|p1a: Electrode|Thunderbolt|p2a: Palkia\n|-damage|p2a: Palkia|85/259\n|move|p2a: Palkia|Draco Meteor|p1a: Electrode\n|-damage|p1a: Electrode|28/260\n|-unboost|p2a: Palkia|spa|2\n|\n|upkeep\n|turn|22\n|\n|t:|1782789158\n|move|p1a: Electrode|Thunderbolt|p2a: Palkia\n|-damage|p2a: Palkia|0 fnt\n|faint|p2a: Palkia\n|\n|upkeep\n|\n|t:|1782789161\n|switch|p2a: Noivern|Noivern, L82, M|274/274\n|turn|23\n|\n|t:|1782789171\n|move|p1a: Electrode|Explosion|p2a: Noivern\n|-damage|p2a: Noivern|127/274\n|faint|p1a: Electrode\n|move|p2a: Noivern|Flamethrower|p1: Electrode|[notarget]\n|-fail|p2a: Noivern\n|\n|upkeep\n|\n|t:|1782789178\n|switch|p1a: Gouging Fire|Gouging Fire, L74|277/277\n|turn|24\n|\n|t:|1782789191\n|move|p2a: Noivern|Draco Meteor|p1a: Gouging Fire\n|-supereffective|p1a: Gouging Fire\n|-damage|p1a: Gouging Fire|0 fnt\n|-unboost|p2a: Noivern|spa|2\n|faint|p1a: Gouging Fire\n|-end|p1a: Gouging Fire|Protosynthesis|[silent]\n|\n|win|ye nah ye nah\n", "inputlog": ">version f8ac14003a5f27e1bdc8d8c59608a773c1cb96e5\n>start {\"formatid\":\"gen9randombattle\",\"seed\":\"sodium,0f6cc7091658b348b85d70f047511efd\"}\n>player p1 {\"name\":\"NizeTradez214\",\"avatar\":\"170\",\"rating\":0,\"seed\":\"sodium,4bb9cacb22562a3ef641f0214ff074e6\"}\n>player p2 {\"name\":\"ye nah ye nah\",\"avatar\":\"1\",\"rating\":0,\"seed\":\"sodium,03398cd5304d35b5e9e93af8ca76c60c\"}\n>p1 move rapidspin\n>p2 move calmmind\n>p1 move bulkup\n>p2 move hurricane\n>p1 switch 2\n>p1 move thunderwave\n>p2 switch 3\n>p1 move seismictoss\n>p2 move icebeam\n>p1 move seismictoss\n>p2 move icebeam\n>p1 move seismictoss\n>p2 move icebeam\n>p1 move seismictoss\n>p2 move rest\n>p2 switch 6\n>p1 move thunderwave\n>p2 move superpower\n>p1 switch 3\n>p1 move electrodrift\n>p2 move knockoff\n>p2 switch 3\n>p1 move electrodrift\n>p2 move hypervoice terastallize\n>p1 move dracometeor\n>p2 move calmmind\n>p1 move dragonpulse\n>p2 move roost\n>p1 move dracometeor\n>p2 move roost\n>p1 move dracometeor\n>p2 move hypervoice\n>p1 switch 6\n>p1 move earthquake\n>p2 move hypervoice\n>p1 move earthquake\n>p2 move roost\n>p1 move earthquake\n>p2 move roost\n>p1 move earthquake\n>p2 move hypervoice\n>p1 switch 4\n>p1 move foulplay\n>p2 move hypervoice\n>p2 switch 4\n>p1 move thunderbolt\n>p2 move dracometeor\n>p1 move thunderbolt\n>p2 move dracometeor\n>p1 move thunderbolt\n>p2 move dracometeor\n>p2 switch 2\n>p1 move explosion\n>p2 move flamethrower\n>p1 switch 5\n>p1 move outrage\n>p2 move dracometeor", "uploadtime": 1782789199, "views": 6, "formatid": "gen9randombattle", "rating": null, "private": 0, "password": null, "player_dets": [{"name": "NizeTradez214", "avatar": "170", "rating": 0, "seed": "sodium,4bb9cacb22562a3ef641f0214ff074e6"}, {"name": "ye nah ye nah", "avatar": "1", "rating": 0, "seed": "sodium,03398cd5304d35b5e9e93af8ca76c60c"}], "teams_full": [{"Great Tusk": {"name": "Great Tusk", "species": "Great Tusk", "speciesId": "greattusk", "gender": "N", "shiny": false, "level": 77, "moves": ["rapidspin", "closecombat", "bulkup", "earthquake"], "ability": "Protosynthesis", "evs": {"hp": 85, "atk": 85, "def": 85, "spa": 85, "spd": 85, "spe": 85}, "ivs": {"hp": 31, "atk": 31, "def": 31, "spa": 31, "spd": 31, "spe": 31}, "item": "Leftovers", "teraType": "Ground", "role": "Bulky Setup", "bvs": {"hp": 115, "atk": 131, "def": 131, "spa": 53, "spd": 53, "spe": 87}, "stats": {"hp": 304, "atk": 246, "def": 246, "spa": 126, "spd": 126, "spe": 179}, "types": ["Ground", "Fighting"]}, "Blissey": {"name": "Blissey", "species": "Blissey", "speciesId": "blissey", "gender": "F", "shiny": false, "level": 85, "moves": ["stealthrock", "softboiled", "thunderwave", "seismictoss"], "ability": "Natural Cure", "evs": {"hp": 85, "atk": 0, "def": 85, "spa": 85, "spd": 85, "spe": 85}, "ivs": {"hp": 31, "atk": 0, "def": 31, "spa": 31, "spd": 31, "spe": 31}, "item": "Leftovers", "teraType": "Dark", "role": "Bulky Support", "bvs": {"hp": 255, "atk": 10, "def": 10, "spa": 75, "spd": 135, "spe": 55}, "stats": {"hp": 572, "atk": 22, "def": 66, "spa": 176, "spd": 278, "spe": 142}, "types": ["Normal"]}, "Miraidon": {"name": "Miraidon", "species": "Miraidon", "speciesId": "miraidon", "gender": "N", "shiny": false, "level": 65, "moves": ["dragonpulse", "dracometeor", "electrodrift", "calmmind"], "ability": "Hadron Engine", "evs": {"hp": 85, "atk": 0, "def": 85, "spa": 85, "spd": 85, "spe": 85}, "ivs": {"hp": 31, "atk": 0, "def": 31, "spa": 31, "spd": 31, "spe": 31}, "item": "Life Orb", "teraType": "Electric", "role": "Setup Sweeper", "bvs": {"hp": 100, "atk": 85, "def": 100, "spa": 135, "spd": 115, "spe": 135}, "stats": {"hp": 238, "atk": 115, "def": 168, "spa": 214, "spd": 188, "spe": 214}, "types": ["Electric", "Dragon"]}, "Electrode": {"name": "Electrode", "species": "Electrode", "speciesId": "electrode", "gender": "N", "shiny": false, "level": 92, "moves": ["explosion", "foulplay", "voltswitch", "thunderbolt"], "ability": "Soundproof", "evs": {"hp": 85, "atk": 85, "def": 85, "spa": 85, "spd": 85, "spe": 85}, "ivs": {"hp": 31, "atk": 31, "def": 31, "spa": 31, "spd": 31, "spe": 31}, "item": "Assault Vest", "teraType": "Dark", "role": "Fast Support", "bvs": {"hp": 60, "atk": 50, "def": 70, "spa": 80, "spd": 80, "spe": 150}, "stats": {"hp": 260, "atk": 144, "def": 181, "spa": 200, "spd": 200, "spe": 328}, "types": ["Electric"]}, "Gouging Fire": {"name": "Gouging Fire", "species": "Gouging Fire", "speciesId": "gougingfire", "gender": "N", "shiny": false, "level": 74, "moves": ["outrage", "dragondance", "heatcrash", "morningsun"], "ability": "Protosynthesis", "evs": {"hp": 85, "atk": 85, "def": 85, "spa": 85, "spd": 85, "spe": 85}, "ivs": {"hp": 31, "atk": 31, "def": 31, "spa": 31, "spd": 31, "spe": 31}, "item": "Heavy-Duty Boots", "teraType": "Fairy", "role": "Bulky Setup", "bvs": {"hp": 105, "atk": 115, "def": 121, "spa": 65, "spd": 93, "spe": 91}, "stats": {"hp": 277, "atk": 213, "def": 222, "spa": 139, "spd": 181, "spe": 178}, "types": ["Fire", "Dragon"]}, "Gumshoos": {"name": "Gumshoos", "species": "Gumshoos", "speciesId": "gumshoos", "gender": "F", "shiny": false, "level": 95, "moves": ["knockoff", "uturn", "earthquake", "doubleedge"], "ability": "Stakeout", "evs": {"hp": 85, "atk": 85, "def": 85, "spa": 85, "spd": 85, "spe": 85}, "ivs": {"hp": 31, "atk": 31, "def": 31, "spa": 31, "spd": 31, "spe": 31}, "item": "Choice Band", "teraType": "Normal", "role": "Wallbreaker", "bvs": {"hp": 88, "atk": 110, "def": 60, "spa": 55, "spd": 60, "spe": 45}, "stats": {"hp": 321, "atk": 263, "def": 168, "spa": 158, "spd": 168, "spe": 139}, "types": ["Normal"]}}, {"Noctowl": {"name": "Noctowl", "species": "Noctowl", "speciesId": "noctowl", "gender": "F", "shiny": false, "level": 95, "moves": ["calmmind", "hurricane", "roost", "hypervoice"], "ability": "Tinted Lens", "evs": {"hp": 85, "atk": 0, "def": 85, "spa": 85, "spd": 85, "spe": 85}, "ivs": {"hp": 31, "atk": 0, "def": 31, "spa": 31, "spd": 31, "spe": 31}, "item": "Heavy-Duty Boots", "teraType": "Ground", "role": "Bulky Attacker", "bvs": {"hp": 100, "atk": 50, "def": 50, "spa": 86, "spd": 96, "spe": 70}, "stats": {"hp": 344, "atk": 100, "def": 149, "spa": 217, "spd": 236, "spe": 187}, "types": ["Normal", "Flying"]}, "Noivern": {"name": "Noivern", "species": "Noivern", "speciesId": "noivern", "gender": "M", "shiny": false, "level": 82, "moves": ["hurricane", "dracometeor", "defog", "flamethrower"], "ability": "Infiltrator", "evs": {"hp": 85, "atk": 0, "def": 85, "spa": 85, "spd": 85, "spe": 85}, "ivs": {"hp": 31, "atk": 0, "def": 31, "spa": 31, "spd": 31, "spe": 31}, "item": "Heavy-Duty Boots", "teraType": "Fire", "role": "Fast Support", "bvs": {"hp": 85, "atk": 70, "def": 80, "spa": 97, "spd": 80, "spe": 123}, "stats": {"hp": 274, "atk": 119, "def": 178, "spa": 206, "spd": 178, "spe": 249}, "types": ["Flying", "Dragon"]}, "Regice": {"name": "Regice", "species": "Regice", "speciesId": "regice", "gender": "N", "shiny": false, "level": 88, "moves": ["icebeam", "sleeptalk", "rest", "thunderbolt"], "ability": "Clear Body", "evs": {"hp": 85, "atk": 0, "def": 85, "spa": 85, "spd": 85, "spe": 85}, "ivs": {"hp": 31, "atk": 0, "def": 31, "spa": 31, "spd": 31, "spe": 31}, "item": "Heavy-Duty Boots", "teraType": "Electric", "role": "Bulky Attacker", "bvs": {"hp": 80, "atk": 50, "def": 100, "spa": 100, "spd": 200, "spe": 50}, "stats": {"hp": 284, "atk": 93, "def": 226, "spa": 226, "spd": 402, "spe": 138}, "types": ["Ice"]}, "Palkia": {"name": "Palkia", "species": "Palkia", "speciesId": "palkia", "gender": "N", "shiny": false, "level": 75, "moves": ["dracometeor", "spacialrend", "hydropump", "fireblast"], "ability": "Pressure", "evs": {"hp": 85, "atk": 0, "def": 85, "spa": 85, "spd": 85, "spe": 85}, "ivs": {"hp": 31, "atk": 0, "def": 31, "spa": 31, "spd": 31, "spe": 31}, "item": "Choice Specs", "teraType": "Fire", "role": "Fast Attacker", "bvs": {"hp": 90, "atk": 120, "def": 100, "spa": 150, "spd": 120, "spe": 100}, "stats": {"hp": 259, "atk": 185, "def": 194, "spa": 269, "spd": 224, "spe": 194}, "types": ["Water", "Dragon"]}, "Manaphy": {"name": "Manaphy", "species": "Manaphy", "speciesId": "manaphy", "gender": "N", "shiny": false, "level": 78, "moves": ["icebeam", "tailglow", "surf", "energyball"], "ability": "Hydration", "evs": {"hp": 85, "atk": 0, "def": 85, "spa": 85, "spd": 85, "spe": 85}, "ivs": {"hp": 31, "atk": 0, "def": 31, "spa": 31, "spd": 31, "spe": 31}, "item": "Leftovers", "teraType": "Water", "role": "Bulky Setup", "bvs": {"hp": 100, "atk": 100, "def": 100, "spa": 100, "spd": 100, "spe": 100}, "stats": {"hp": 284, "atk": 161, "def": 201, "spa": 201, "spd": 201, "spe": 201}, "types": ["Water"]}, "Deoxys": {"name": "Deoxys", "species": "Deoxys-Attack", "speciesId": "deoxysattack", "gender": "N", "shiny": false, "level": 72, "moves": ["extremespeed", "knockoff", "psychoboost", "superpower"], "ability": "Pressure", "evs": {"hp": 85, "atk": 85, "def": 85, "spa": 85, "spd": 85, "spe": 85}, "ivs": {"hp": 31, "atk": 31, "def": 31, "spa": 31, "spd": 31, "spe": 31}, "item": "Life Orb", "teraType": "Dark", "role": "Fast Attacker", "bvs": {"hp": 50, "atk": 180, "def": 20, "spa": 180, "spd": 20, "spe": 150}, "stats": {"hp": 191, "atk": 301, "def": 71, "spa": 301, "spd": 71, "spe": 258}, "types": ["Psychic"]}}]}