{"id": "gen9randombattle-2641421226", "format": "[Gen 9] Random Battle", "players": ["DiwanyaFae", "frostlite4477"], "log": "|j|\u2606DiwanyaFae\n|j|\u2606frostlite4477\n|t:|1782782245\n|gametype|singles\n|player|p1|DiwanyaFae|furisodegirl-pink|1934\n|player|p2|frostlite4477|proton|2036\n|gen|9\n|tier|[Gen 9] Random Battle\n|rated|\n|rule|Species Clause: Limit one of each Pok\u00e9mon\n|rule|HP Percentage Mod: HP is shown in percentages\n|rule|Sleep Clause Mod: Limit one foe put to sleep\n|rule|Illusion Level Mod: Illusion disguises the Pok\u00e9mon's true level\n|\n|t:|1782782245\n|teamsize|p1|6\n|teamsize|p2|6\n|start\n|switch|p1a: Typhlosion|Typhlosion, L84, M|267/267\n|switch|p2a: Dusknoir|Dusknoir, L89, M|225/225\n|-item|p1a: Typhlosion|Choice Specs|[from] ability: Frisk|[of] p2a: Dusknoir\n|turn|1\n|\n|t:|1782782255\n|switch|p1a: Greninja|Greninja, L80, M|246/246\n|move|p2a: Dusknoir|Pain Split|p1a: Greninja\n|-sethp|p1a: Greninja|235/246|[from] move: Pain Split|[silent]\n|-sethp|p2a: Dusknoir|225/225|[from] move: Pain Split\n|\n|upkeep\n|turn|2\n|\n|t:|1782782264\n|switch|p2a: Dialga|Dialga, L73|266/266\n|-ability|p2a: Dialga|Pressure\n|move|p1a: Greninja|Dark Pulse|p2a: Dialga\n|-damage|p2a: Dialga|191/266\n|-damage|p1a: Greninja|211/246|[from] item: Life Orb\n|\n|upkeep\n|turn|3\n|\n|t:|1782782271\n|switch|p1a: Milotic|Milotic, L83, M|293/293\n|move|p2a: Dialga|Dragon Tail|p1a: Milotic\n|-damage|p1a: Milotic|224/293\n|drag|p1a: Greninja|Greninja, L80, M|211/246\n|\n|upkeep\n|turn|4\n|\n|t:|1782782278\n|switch|p1a: Milotic|Milotic, L83, M|224/293\n|move|p2a: Dialga|Dragon Tail|p1a: Milotic\n|-damage|p1a: Milotic|164/293\n|drag|p1a: Greninja|Greninja, L80, M|211/246\n|\n|upkeep\n|turn|5\n|\n|t:|1782782281\n|move|p1a: Greninja|Dark Pulse|p2a: Dialga\n|-damage|p2a: Dialga|112/266\n|-damage|p1a: Greninja|187/246|[from] item: Life Orb\n|cant|p2a: Dialga|flinch\n|\n|upkeep\n|turn|6\n|\n|t:|1782782289\n|switch|p1a: Milotic|Milotic, L83, M|164/293\n|move|p2a: Dialga|Dragon Tail|p1a: Milotic\n|-damage|p1a: Milotic|101/293\n|drag|p1a: Typhlosion|Typhlosion, L84, M|267/267\n|\n|upkeep\n|turn|7\n|\n|t:|1782782296\n|switch|p2a: Suicune|Suicune, L82|298/298\n|-ability|p2a: Suicune|Pressure\n|move|p1a: Typhlosion|Eruption|p2a: Suicune\n|-resisted|p2a: Suicune\n|-damage|p2a: Suicune|196/298\n|\n|-heal|p2a: Suicune|214/298|[from] item: Leftovers\n|upkeep\n|turn|8\n|\n|t:|1782782303\n|switch|p1a: Milotic|Milotic, L83, M|101/293\n|switch|p2a: Dialga|Dialga, L73|112/266\n|-ability|p2a: Dialga|Pressure\n|\n|-heal|p1a: Milotic|119/293|[from] item: Leftovers\n|upkeep\n|turn|9\n|\n|t:|1782782308\n|move|p1a: Milotic|Recover|p1a: Milotic\n|-heal|p1a: Milotic|266/293\n|move|p2a: Dialga|Dragon Tail|p1a: Milotic\n|-damage|p1a: Milotic|197/293\n|drag|p1a: Typhlosion|Typhlosion, L84, M|267/267\n|\n|upkeep\n|turn|10\n|c|\u2606frostlite4477|-_-\n|\n|t:|1782782314\n|move|p1a: Typhlosion|Eruption|p2a: Dialga\n|-damage|p2a: Dialga|0 fnt\n|faint|p2a: Dialga\n|\n|upkeep\n|\n|t:|1782782319\n|switch|p2a: Dusknoir|Dusknoir, L89, M|225/225\n|-item|p1a: Typhlosion|Choice Specs|[from] ability: Frisk|[of] p2a: Dusknoir\n|turn|11\n|\n|t:|1782782324\n|switch|p1a: Greninja|Greninja, L80, M|187/246\n|-singleturn|p2a: Dusknoir|move: Focus Punch\n|move|p2a: Dusknoir|Focus Punch|p1a: Greninja\n|-supereffective|p1a: Greninja\n|-damage|p1a: Greninja|0 fnt\n|faint|p1a: Greninja\n|\n|upkeep\n|\n|t:|1782782331\n|switch|p1a: Milotic|Milotic, L83, M|197/293\n|turn|12\n|\n|t:|1782782337\n|switch|p2a: Shaymin|Shaymin, L82|298/298\n|move|p1a: Milotic|Scald|p2a: Shaymin\n|-resisted|p2a: Shaymin\n|-damage|p2a: Shaymin|256/298\n|\n|-heal|p2a: Shaymin|274/298|[from] item: Leftovers\n|-heal|p1a: Milotic|215/293|[from] item: Leftovers\n|upkeep\n|turn|13\n|\n|t:|1782782342\n|switch|p1a: Oricorio|Oricorio-Pom-Pom, L82, F|257/257\n|move|p2a: Shaymin|Seed Flare|p1a: Oricorio\n|-resisted|p1a: Oricorio\n|-damage|p1a: Oricorio|185/257\n|\n|-heal|p2a: Shaymin|292/298|[from] item: Leftovers\n|upkeep\n|turn|14\n|\n|t:|1782782351\n|move|p2a: Shaymin|Seed Flare|p1a: Oricorio\n|-resisted|p1a: Oricorio\n|-damage|p1a: Oricorio|104/257\n|move|p1a: Oricorio|Revelation Dance|p2a: Shaymin\n|-resisted|p2a: Shaymin\n|-damage|p2a: Shaymin|247/298\n|\n|-heal|p2a: Shaymin|265/298|[from] item: Leftovers\n|upkeep\n|turn|15\n|\n|t:|1782782359\n|move|p2a: Shaymin|Seed Flare|p1a: Oricorio\n|-resisted|p1a: Oricorio\n|-damage|p1a: Oricorio|29/257\n|move|p1a: Oricorio|Roost|p1a: Oricorio\n|-heal|p1a: Oricorio|158/257\n|-singleturn|p1a: Oricorio|move: Roost\n|\n|-heal|p2a: Shaymin|283/298|[from] item: Leftovers\n|upkeep\n|turn|16\n|\n|t:|1782782363\n|move|p2a: Shaymin|Seed Flare|p1a: Oricorio\n|-resisted|p1a: Oricorio\n|-damage|p1a: Oricorio|80/257\n|-unboost|p1a: Oricorio|spd|2\n|move|p1a: Oricorio|Quiver Dance|p1a: Oricorio\n|-boost|p1a: Oricorio|spa|1\n|-boost|p1a: Oricorio|spd|1\n|-boost|p1a: Oricorio|spe|1\n|\n|-heal|p2a: Shaymin|298/298|[from] item: Leftovers\n|upkeep\n|turn|17\n|\n|t:|1782782370\n|move|p1a: Oricorio|Hurricane|p2a: Shaymin|[miss]\n|-miss|p1a: Oricorio|p2a: Shaymin\n|move|p2a: Shaymin|Seed Flare|p1a: Oricorio\n|-resisted|p1a: Oricorio\n|-damage|p1a: Oricorio|0 fnt\n|faint|p1a: Oricorio\n|\n|upkeep\n|\n|t:|1782782372\n|switch|p1a: Typhlosion|Typhlosion, L84, M|267/267\n|turn|18\n|\n|t:|1782782381\n|switch|p2a: Dusknoir|Dusknoir, L89, M|225/225\n|-item|p1a: Typhlosion|Choice Specs|[from] ability: Frisk|[of] p2a: Dusknoir\n|move|p1a: Typhlosion|Eruption|p2a: Dusknoir\n|-damage|p2a: Dusknoir|54/225\n|\n|-heal|p2a: Dusknoir|68/225|[from] item: Leftovers\n|upkeep\n|turn|19\n|\n|t:|1782782385\n|move|p1a: Typhlosion|Eruption|p2a: Dusknoir\n|-damage|p2a: Dusknoir|0 fnt\n|faint|p2a: Dusknoir\n|\n|upkeep\n|\n|t:|1782782387\n|switch|p2a: Suicune|Suicune, L82|214/298\n|-ability|p2a: Suicune|Pressure\n|turn|20\n|\n|t:|1782782391\n|switch|p1a: Milotic|Milotic, L83, M|215/293\n|move|p2a: Suicune|Calm Mind|p2a: Suicune\n|-boost|p2a: Suicune|spa|1\n|-boost|p2a: Suicune|spd|1\n|\n|-heal|p2a: Suicune|232/298|[from] item: Leftovers\n|-heal|p1a: Milotic|233/293|[from] item: Leftovers\n|upkeep\n|turn|21\n|\n|t:|1782782395\n|move|p2a: Suicune|Substitute|p2a: Suicune\n|-start|p2a: Suicune|Substitute\n|-damage|p2a: Suicune|158/298\n|move|p1a: Milotic|Haze|p1a: Milotic\n|-clearallboost\n|\n|-heal|p2a: Suicune|176/298|[from] item: Leftovers\n|-heal|p1a: Milotic|251/293|[from] item: Leftovers\n|upkeep\n|turn|22\n|\n|t:|1782782411\n|switch|p1a: Ditto|Ditto, L87|225/225\n|move|p2a: Suicune|Scald|p1a: Ditto\n|-damage|p1a: Ditto|107/225\n|\n|-heal|p2a: Suicune|194/298|[from] item: Leftovers\n|upkeep\n|turn|23\n|\n|t:|1782782417\n|switch|p1a: Milotic|Milotic, L83, M|251/293\n|move|p2a: Suicune|Scald|p1a: Milotic\n|-resisted|p1a: Milotic\n|-damage|p1a: Milotic|221/293\n|\n|-heal|p2a: Suicune|212/298|[from] item: Leftovers\n|-heal|p1a: Milotic|239/293|[from] item: Leftovers\n|upkeep\n|turn|24\n|\n|t:|1782782429\n|move|p2a: Suicune|Scald|p1a: Milotic\n|-resisted|p1a: Milotic\n|-damage|p1a: Milotic|212/293\n|move|p1a: Milotic|Scald|p2a: Suicune\n|-resisted|p2a: Suicune\n|-activate|p2a: Suicune|move: Substitute|[damage]\n|\n|-heal|p2a: Suicune|230/298|[from] item: Leftovers\n|-heal|p1a: Milotic|230/293|[from] item: Leftovers\n|upkeep\n|turn|25\n|\n|t:|1782782435\n|move|p2a: Suicune|Scald|p1a: Milotic\n|-resisted|p1a: Milotic\n|-damage|p1a: Milotic|201/293\n|move|p1a: Milotic|Scald|p2a: Suicune\n|-resisted|p2a: Suicune\n|-activate|p2a: Suicune|move: Substitute|[damage]\n|\n|-heal|p2a: Suicune|248/298|[from] item: Leftovers\n|-heal|p1a: Milotic|219/293|[from] item: Leftovers\n|upkeep\n|turn|26\n|\n|t:|1782782442\n|move|p2a: Suicune|Scald|p1a: Milotic\n|-resisted|p1a: Milotic\n|-damage|p1a: Milotic|192/293\n|move|p1a: Milotic|Haze|p1a: Milotic\n|-clearallboost\n|\n|-heal|p2a: Suicune|266/298|[from] item: Leftovers\n|-heal|p1a: Milotic|210/293|[from] item: Leftovers\n|upkeep\n|turn|27\n|c|\u2606frostlite4477|gang what r these odds\n|\n|t:|1782782449\n|move|p2a: Suicune|Scald|p1a: Milotic\n|-resisted|p1a: Milotic\n|-damage|p1a: Milotic|180/293\n|move|p1a: Milotic|Haze|p1a: Milotic\n|-clearallboost\n|\n|-heal|p2a: Suicune|284/298|[from] item: Leftovers\n|-heal|p1a: Milotic|198/293|[from] item: Leftovers\n|upkeep\n|turn|28\n|\n|t:|1782782453\n|move|p2a: Suicune|Scald|p1a: Milotic\n|-resisted|p1a: Milotic\n|-crit|p1a: Milotic\n|-damage|p1a: Milotic|152/293\n|move|p1a: Milotic|Haze|p1a: Milotic\n|-clearallboost\n|\n|-heal|p2a: Suicune|298/298|[from] item: Leftovers\n|-heal|p1a: Milotic|170/293|[from] item: Leftovers\n|upkeep\n|turn|29\n|\n|t:|1782782456\n|move|p2a: Suicune|Scald|p1a: Milotic\n|-resisted|p1a: Milotic\n|-damage|p1a: Milotic|143/293\n|move|p1a: Milotic|Recover|p1a: Milotic\n|-heal|p1a: Milotic|290/293\n|\n|-heal|p1a: Milotic|293/293|[from] item: Leftovers\n|upkeep\n|turn|30\n|\n|t:|1782782458\n|move|p2a: Suicune|Scald|p1a: Milotic\n|-resisted|p1a: Milotic\n|-damage|p1a: Milotic|263/293\n|move|p1a: Milotic|Haze|p1a: Milotic\n|-clearallboost\n|\n|-heal|p1a: Milotic|281/293|[from] item: Leftovers\n|upkeep\n|turn|31\n|c|\u2606frostlite4477|what kinda\n|c|\u2606frostlite4477|covert covert cloak\n|c|\u2606frostlite4477|is this\n|\n|t:|1782782471\n|move|p2a: Suicune|Scald|p1a: Milotic\n|-resisted|p1a: Milotic\n|-damage|p1a: Milotic|254/293\n|move|p1a: Milotic|Haze|p1a: Milotic\n|-clearallboost\n|\n|-heal|p1a: Milotic|272/293|[from] item: Leftovers\n|upkeep\n|turn|32\n|\n|t:|1782782473\n|move|p2a: Suicune|Scald|p1a: Milotic\n|-resisted|p1a: Milotic\n|-damage|p1a: Milotic|242/293\n|move|p1a: Milotic|Haze|p1a: Milotic\n|-clearallboost\n|\n|-heal|p1a: Milotic|260/293|[from] item: Leftovers\n|upkeep\n|turn|33\n|\n|t:|1782782475\n|move|p2a: Suicune|Scald|p1a: Milotic\n|-resisted|p1a: Milotic\n|-damage|p1a: Milotic|233/293\n|-status|p1a: Milotic|brn\n|move|p1a: Milotic|Haze|p1a: Milotic\n|-clearallboost\n|\n|-heal|p1a: Milotic|251/293 brn|[from] item: Leftovers\n|-damage|p1a: Milotic|233/293 brn|[from] brn\n|upkeep\n|turn|34\n|c|\u2606frostlite4477|finally\n|c|\u2606frostlite4477|holy\n|\n|t:|1782782488\n|switch|p2a: Shaymin|Shaymin, L82|298/298\n|move|p1a: Milotic|Haze|p1a: Milotic\n|-clearallboost\n|\n|-heal|p1a: Milotic|251/293 brn|[from] item: Leftovers\n|-damage|p1a: Milotic|233/293 brn|[from] brn\n|upkeep\n|turn|35\n|\n|t:|1782782493\n|switch|p1a: Ditto|Ditto, L87|107/225\n|-transform|p1a: Ditto|p2a: Shaymin|[from] ability: Imposter\n|move|p2a: Shaymin|Seed Flare|p1a: Ditto\n|-resisted|p1a: Ditto\n|-damage|p1a: Ditto|45/225\n|\n|upkeep\n|turn|36\n|\n|t:|1782782503\n|switch|p2a: Weezing|Weezing-Galar, L86, F|252/252\n|move|p1a: Ditto|Air Slash|p2a: Weezing\n|-damage|p2a: Weezing|186/252\n|\n|-heal|p2a: Weezing|201/252|[from] item: Leftovers\n|upkeep\n|turn|37\n|\n|t:|1782782508\n|switch|p1a: Rhyperior|Rhyperior, L82, M|323/323\n|move|p2a: Weezing|Strange Steam|p1a: Rhyperior\n|-damage|p1a: Rhyperior|238/323\n|\n|-heal|p2a: Weezing|216/252|[from] item: Leftovers\n|upkeep\n|turn|38\n|\n|t:|1782782516\n|-terastallize|p1a: Rhyperior|Steel\n|move|p2a: Weezing|Will-O-Wisp|p1a: Rhyperior\n|-status|p1a: Rhyperior|brn\n|move|p1a: Rhyperior|Stone Edge|p2a: Weezing\n|-damage|p2a: Weezing|162/252\n|\n|-heal|p2a: Weezing|177/252|[from] item: Leftovers\n|-damage|p1a: Rhyperior|218/323 brn|[from] brn\n|upkeep\n|turn|39\n|\n|t:|1782782529\n|move|p2a: Weezing|Strange Steam|p1a: Rhyperior\n|-resisted|p1a: Rhyperior\n|-damage|p1a: Rhyperior|177/323 brn\n|move|p1a: Rhyperior|Stone Edge|p2a: Weezing\n|-damage|p2a: Weezing|127/252\n|\n|-heal|p2a: Weezing|142/252|[from] item: Leftovers\n|-damage|p1a: Rhyperior|157/323 brn|[from] brn\n|upkeep\n|turn|40\n|-message|DiwanyaFae forfeited.\n|\n|win|frostlite4477\n", "inputlog": ">version f8ac14003a5f27e1bdc8d8c59608a773c1cb96e5\n>start {\"formatid\":\"gen9randombattle\",\"seed\":\"sodium,f36ae2b61b2e120badedb7b9e7f0d97f\",\"rated\":\"Rated battle\"}\n>player p1 {\"name\":\"DiwanyaFae\",\"avatar\":\"furisodegirl-pink\",\"rating\":1934,\"seed\":\"sodium,7022c15b17155c1bfd862615a023fd27\"}\n>player p2 {\"name\":\"frostlite4477\",\"avatar\":\"proton\",\"rating\":2036,\"seed\":\"sodium,2794a2940e36d71029f1858ccac7951f\"}\n>p1 switch 6\n>p2 move painsplit\n>p1 move darkpulse\n>p2 switch 2\n>p1 switch 3\n>p2 move dragontail\n>p1 switch 3\n>p2 move dragontail\n>p1 move darkpulse\n>p2 move dragontail\n>p1 switch 3\n>p2 move dragontail\n>p1 move eruption\n>p2 switch 5\n>p1 switch 6\n>p2 switch 5\n>p1 move recover\n>p2 move dragontail\n>chat \u2606frostlite4477|-_-\n>p1 move eruption\n>p2 move dracometeor\n>p2 switch 2\n>p1 switch 3\n>p2 move focuspunch\n>p1 switch 6\n>p1 move scald\n>p2 switch 6\n>p1 switch 4\n>p2 move seedflare\n>p1 move revelationdance\n>p2 move seedflare\n>p1 move roost\n>p2 move seedflare\n>p1 move quiverdance\n>p2 move seedflare\n>p1 move hurricane\n>p2 move seedflare\n>p1 switch 3\n>p1 move eruption\n>p2 switch 6\n>p1 move eruption\n>p2 move painsplit\n>p2 switch 5\n>p1 switch 4\n>p2 move calmmind\n>p1 move haze\n>p2 move substitute\n>p1 switch 5\n>p2 move scald\n>p1 switch 5\n>p2 move scald\n>p1 move scald\n>p2 move scald\n>p1 move scald\n>p2 move scald\n>p1 move haze\n>p2 move scald\n>chat \u2606frostlite4477|gang what r these odds\n>p1 move haze\n>p2 move scald\n>p1 move haze\n>p2 move scald\n>p1 move recover\n>p2 move scald\n>p1 move haze\n>p2 move scald\n>chat \u2606frostlite4477|what kinda\n>chat \u2606frostlite4477|covert covert cloak\n>chat \u2606frostlite4477|is this\n>p1 move haze\n>p2 move scald\n>p1 move haze\n>p2 move scald\n>p1 move haze\n>p2 move scald\n>chat \u2606frostlite4477|finally\n>chat \u2606frostlite4477|holy\n>p1 move haze\n>p2 switch 6\n>p1 switch 5\n>p2 move seedflare\n>p1 move airslash\n>p2 switch 3\n>p1 switch 2\n>p2 move strangesteam\n>p1 move stoneedge terastallize\n>p2 move willowisp\n>p1 move stoneedge\n>p2 move strangesteam\n>forcelose p1", "uploadtime": 1782782246, "views": 6, "formatid": "gen9randombattle", "rating": null, "private": 0, "password": null, "player_dets": [{"name": "DiwanyaFae", "avatar": "furisodegirl-pink", "rating": 1934, "seed": "sodium,7022c15b17155c1bfd862615a023fd27"}, {"name": "frostlite4477", "avatar": "proton", "rating": 2036, "seed": "sodium,2794a2940e36d71029f1858ccac7951f"}], "teams_full": [{"Typhlosion": {"name": "Typhlosion", "species": "Typhlosion", "speciesId": "typhlosion", "gender": "M", "shiny": false, "level": 84, "moves": ["scorchingsands", "focusblast", "eruption", "fireblast"], "ability": "Flash Fire", "evs": {"hp": 81, "atk": 0, "def": 85, "spa": 85, "spd": 85, "spe": 85}, "ivs": {"hp": 31, "atk": 0, "def": 31, "spa": 31, "spd": 31, "spe": 31}, "item": "Choice Specs", "teraType": "Fire", "role": "Fast Attacker", "bvs": {"hp": 78, "atk": 84, "def": 78, "spa": 109, "spd": 85, "spe": 100}, "stats": {"hp": 267, "atk": 146, "def": 179, "spa": 231, "spd": 191, "spe": 216}, "types": ["Fire"]}, "Rhyperior": {"name": "Rhyperior", "species": "Rhyperior", "speciesId": "rhyperior", "gender": "M", "shiny": false, "level": 82, "moves": ["stoneedge", "dragontail", "icepunch", "earthquake"], "ability": "Solid Rock", "evs": {"hp": 85, "atk": 85, "def": 85, "spa": 85, "spd": 85, "spe": 85}, "ivs": {"hp": 31, "atk": 31, "def": 31, "spa": 31, "spd": 31, "spe": 31}, "item": "Assault Vest", "teraType": "Steel", "role": "Bulky Attacker", "bvs": {"hp": 115, "atk": 140, "def": 130, "spa": 55, "spd": 55, "spe": 40}, "stats": {"hp": 323, "atk": 277, "def": 260, "spa": 137, "spd": 137, "spe": 113}, "types": ["Ground", "Rock"]}, "Milotic": {"name": "Milotic", "species": "Milotic", "speciesId": "milotic", "gender": "M", "shiny": false, "level": 83, "moves": ["recover", "icebeam", "scald", "haze"], "ability": "Competitive", "evs": {"hp": 85, "atk": 0, "def": 85, "spa": 85, "spd": 85, "spe": 85}, "ivs": {"hp": 31, "atk": 0, "def": 31, "spa": 31, "spd": 31, "spe": 31}, "item": "Leftovers", "teraType": "Dragon", "role": "Bulky Attacker", "bvs": {"hp": 95, "atk": 60, "def": 79, "spa": 100, "spd": 125, "spe": 81}, "stats": {"hp": 293, "atk": 104, "def": 179, "spa": 214, "spd": 255, "spe": 182}, "types": ["Water"]}, "Oricorio": {"name": "Oricorio", "species": "Oricorio-Pom-Pom", "speciesId": "oricoriopompom", "gender": "F", "shiny": false, "level": 82, "moves": ["quiverdance", "hurricane", "roost", "revelationdance"], "ability": "Dancer", "evs": {"hp": 85, "atk": 0, "def": 85, "spa": 85, "spd": 85, "spe": 85}, "ivs": {"hp": 31, "atk": 0, "def": 31, "spa": 31, "spd": 31, "spe": 31}, "item": "Heavy-Duty Boots", "teraType": "Ground", "role": "Setup Sweeper", "bvs": {"hp": 75, "atk": 70, "def": 70, "spa": 98, "spd": 70, "spe": 93}, "stats": {"hp": 257, "atk": 119, "def": 162, "spa": 208, "spd": 162, "spe": 200}, "types": ["Electric", "Flying"]}, "Ditto": {"name": "Ditto", "species": "Ditto", "speciesId": "ditto", "gender": "N", "shiny": false, "level": 87, "moves": ["transform"], "ability": "Imposter", "evs": {"hp": 85, "atk": 85, "def": 85, "spa": 85, "spd": 85, "spe": 85}, "ivs": {"hp": 31, "atk": 31, "def": 31, "spa": 31, "spd": 31, "spe": 31}, "item": "Choice Scarf", "teraType": "Ghost", "role": "Fast Support", "bvs": {"hp": 48, "atk": 48, "def": 48, "spa": 48, "spd": 48, "spe": 48}, "stats": {"hp": 225, "atk": 133, "def": 133, "spa": 133, "spd": 133, "spe": 133}, "types": ["Normal"]}, "Greninja": {"name": "Greninja", "species": "Greninja-Bond", "speciesId": "greninjabond", "gender": "M", "shiny": false, "level": 80, "moves": ["darkpulse", "icebeam", "gunkshot", "hydropump"], "ability": "Battle Bond", "evs": {"hp": 85, "atk": 85, "def": 85, "spa": 85, "spd": 85, "spe": 85}, "ivs": {"hp": 31, "atk": 31, "def": 31, "spa": 31, "spd": 31, "spe": 31}, "item": "Life Orb", "teraType": "Water", "role": "Fast Attacker", "bvs": {"hp": 72, "atk": 95, "def": 67, "spa": 103, "spd": 71, "spe": 122}, "stats": {"hp": 246, "atk": 198, "def": 153, "spa": 211, "spd": 160, "spe": 241}, "types": ["Water", "Dark"]}}, {"Dusknoir": {"name": "Dusknoir", "species": "Dusknoir", "speciesId": "dusknoir", "gender": "M", "shiny": false, "level": 89, "moves": ["poltergeist", "focuspunch", "painsplit", "substitute"], "ability": "Frisk", "evs": {"hp": 85, "atk": 85, "def": 85, "spa": 85, "spd": 85, "spe": 85}, "ivs": {"hp": 31, "atk": 31, "def": 31, "spa": 31, "spd": 31, "spe": 31}, "item": "Leftovers", "teraType": "Fighting", "role": "Bulky Attacker", "bvs": {"hp": 45, "atk": 100, "def": 135, "spa": 65, "spd": 135, "spe": 45}, "stats": {"hp": 225, "atk": 229, "def": 291, "spa": 166, "spd": 291, "spe": 131}, "types": ["Ghost"]}, "Dialga": {"name": "Dialga", "species": "Dialga", "speciesId": "dialga", "gender": "N", "shiny": false, "level": 73, "moves": ["fireblast", "heavyslam", "dragontail", "dracometeor"], "ability": "Pressure", "evs": {"hp": 85, "atk": 85, "def": 85, "spa": 85, "spd": 85, "spe": 85}, "ivs": {"hp": 31, "atk": 31, "def": 31, "spa": 31, "spd": 31, "spe": 31}, "item": "Assault Vest", "teraType": "Flying", "role": "AV Pivot", "bvs": {"hp": 100, "atk": 120, "def": 120, "spa": 150, "spd": 100, "spe": 90}, "stats": {"hp": 266, "atk": 218, "def": 218, "spa": 261, "spd": 188, "spe": 174}, "types": ["Steel", "Dragon"]}, "Weezing": {"name": "Weezing", "species": "Weezing-Galar", "speciesId": "weezinggalar", "gender": "F", "shiny": false, "level": 86, "moves": ["defog", "strangesteam", "willowisp", "gunkshot"], "ability": "Levitate", "evs": {"hp": 85, "atk": 85, "def": 85, "spa": 85, "spd": 85, "spe": 85}, "ivs": {"hp": 31, "atk": 31, "def": 31, "spa": 31, "spd": 31, "spe": 31}, "item": "Leftovers", "teraType": "Steel", "role": "Bulky Support", "bvs": {"hp": 65, "atk": 90, "def": 120, "spa": 85, "spd": 70, "spe": 60}, "stats": {"hp": 252, "atk": 204, "def": 256, "spa": 195, "spd": 170, "spe": 152}, "types": ["Poison", "Fairy"]}, "Mismagius": {"name": "Mismagius", "species": "Mismagius", "speciesId": "mismagius", "gender": "F", "shiny": false, "level": 86, "moves": ["shadowball", "dazzlinggleam", "energyball", "mysticalfire"], "ability": "Levitate", "evs": {"hp": 85, "atk": 0, "def": 85, "spa": 85, "spd": 85, "spe": 85}, "ivs": {"hp": 31, "atk": 0, "def": 31, "spa": 31, "spd": 31, "spe": 31}, "item": "Choice Specs", "teraType": "Fairy", "role": "Wallbreaker", "bvs": {"hp": 60, "atk": 60, "def": 60, "spa": 105, "spd": 105, "spe": 105}, "stats": {"hp": 243, "atk": 108, "def": 152, "spa": 230, "spd": 230, "spe": 230}, "types": ["Ghost"]}, "Suicune": {"name": "Suicune", "species": "Suicune", "speciesId": "suicune", "gender": "N", "shiny": false, "level": 82, "moves": ["scald", "calmmind", "substitute", "icebeam"], "ability": "Pressure", "evs": {"hp": 85, "atk": 0, "def": 85, "spa": 85, "spd": 85, "spe": 85}, "ivs": {"hp": 31, "atk": 0, "def": 31, "spa": 31, "spd": 31, "spe": 31}, "item": "Leftovers", "teraType": "Steel", "role": "Bulky Setup", "bvs": {"hp": 100, "atk": 75, "def": 115, "spa": 90, "spd": 115, "spe": 85}, "stats": {"hp": 298, "atk": 127, "def": 236, "spa": 195, "spd": 236, "spe": 187}, "types": ["Water"]}, "Shaymin": {"name": "Shaymin", "species": "Shaymin", "speciesId": "shaymin", "gender": "N", "shiny": false, "level": 82, "moves": ["synthesis", "earthpower", "airslash", "seedflare"], "ability": "Natural Cure", "evs": {"hp": 85, "atk": 0, "def": 85, "spa": 85, "spd": 85, "spe": 85}, "ivs": {"hp": 31, "atk": 0, "def": 31, "spa": 31, "spd": 31, "spe": 31}, "item": "Leftovers", "teraType": "Steel", "role": "Bulky Attacker", "bvs": {"hp": 100, "atk": 100, "def": 100, "spa": 100, "spd": 100, "spe": 100}, "stats": {"hp": 298, "atk": 169, "def": 211, "spa": 211, "spd": 211, "spe": 211}, "types": ["Grass"]}}]}