{"id": "gen9randombattle-2641612573", "format": "[Gen 9] Random Battle", "players": ["thedeadflagblues", "SquadLeCuisto"], "log": "|j|\u2606thedeadflagblues\n|j|\u2606SquadLeCuisto\n|t:|1782818713\n|gametype|singles\n|player|p1|thedeadflagblues|169|2072\n|player|p2|SquadLeCuisto|102|2100\n|gen|9\n|tier|[Gen 9] Random Battle\n|rated|\n|rule|Species Clause: Limit one of each Pok\u00e9mon\n|rule|HP Percentage Mod: HP is shown in percentages\n|rule|Sleep Clause Mod: Limit one foe put to sleep\n|rule|Illusion Level Mod: Illusion disguises the Pok\u00e9mon's true level\n|\n|t:|1782818713\n|teamsize|p1|6\n|teamsize|p2|6\n|start\n|switch|p1a: Emboar|Emboar, L84, M|322/322\n|switch|p2a: Walking Wake|Walking Wake, L79|286/286\n|turn|1\n|\n|t:|1782818724\n|switch|p1a: Chansey|Chansey, L85, F|564/564\n|move|p2a: Walking Wake|Flip Turn|p1a: Chansey\n|-damage|p1a: Chansey|450/564\n|\n|t:|1782818729\n|-end|p2a: Walking Wake|Protosynthesis|[silent]\n|switch|p2a: Piloswine|Piloswine, L85, F|309/309|[from] Flip Turn\n|\n|upkeep\n|turn|2\n|\n|t:|1782818738\n|switch|p1a: Emboar|Emboar, L84, M|322/322\n|move|p2a: Piloswine|Stealth Rock|p1a: Emboar\n|-sidestart|p1: thedeadflagblues|move: Stealth Rock\n|\n|upkeep\n|turn|3\n|\n|t:|1782818749\n|move|p1a: Emboar|Close Combat|p2a: Piloswine\n|-supereffective|p2a: Piloswine\n|-damage|p2a: Piloswine|109/309\n|-unboost|p1a: Emboar|def|1\n|-unboost|p1a: Emboar|spd|1\n|move|p2a: Piloswine|Earthquake|p1a: Emboar\n|-supereffective|p1a: Emboar\n|-damage|p1a: Emboar|0 fnt\n|faint|p1a: Emboar\n|\n|upkeep\n|inactive|Battle timer is ON: inactive players will automatically lose when time's up. (requested by thedeadflagblues)\n|\n|t:|1782818771\n|switch|p1a: Indeedee|Indeedee, L84, M|238/238\n|-damage|p1a: Indeedee|209/238|[from] Stealth Rock\n|-fieldstart|move: Psychic Terrain|[from] ability: Psychic Surge|[of] p1a: Indeedee\n|turn|4\n|\n|t:|1782818778\n|switch|p2a: Toedscruel|Toedscruel, L87, M|281/281\n|move|p1a: Indeedee|Expanding Force|p2a: Toedscruel\n|-damage|p2a: Toedscruel|196/281\n|\n|upkeep\n|turn|5\n|\n|t:|1782818787\n|switch|p1a: Vespiquen|Vespiquen, L99, F|299/299\n|-ability|p1a: Vespiquen|Pressure\n|move|p2a: Toedscruel|Knock Off|p1a: Vespiquen\n|-damage|p1a: Vespiquen|252/299\n|-enditem|p1a: Vespiquen|Heavy-Duty Boots|[from] move: Knock Off|[of] p2a: Toedscruel\n|\n|upkeep\n|turn|6\n|\n|t:|1782818798\n|switch|p2a: Lanturn|Lanturn, L89, F|367/367\n|move|p1a: Vespiquen|Toxic|p2a: Lanturn\n|-status|p2a: Lanturn|tox\n|\n|-damage|p2a: Lanturn|345/367 tox|[from] psn\n|upkeep\n|turn|7\n|\n|t:|1782818805\n|move|p2a: Lanturn|Thunderbolt|p1a: Vespiquen\n|-supereffective|p1a: Vespiquen\n|-damage|p1a: Vespiquen|112/299\n|move|p1a: Vespiquen|Roost|p1a: Vespiquen\n|-heal|p1a: Vespiquen|262/299\n|-singleturn|p1a: Vespiquen|move: Roost\n|\n|-heal|p2a: Lanturn|367/367 tox|[from] item: Leftovers\n|-damage|p2a: Lanturn|323/367 tox|[from] psn\n|upkeep\n|turn|8\n|\n|t:|1782818818\n|switch|p1a: Chansey|Chansey, L85, F|450/564\n|-damage|p1a: Chansey|380/564|[from] Stealth Rock\n|move|p2a: Lanturn|Thunderbolt|p1a: Chansey\n|-damage|p1a: Chansey|328/564\n|\n|-heal|p2a: Lanturn|345/367 tox|[from] item: Leftovers\n|-damage|p2a: Lanturn|279/367 tox|[from] psn\n|-fieldend|move: Psychic Terrain\n|upkeep\n|turn|9\n|\n|t:|1782818832\n|switch|p2a: Piloswine|Piloswine, L85, F|109/309\n|move|p1a: Chansey|Stealth Rock|p2a: Piloswine\n|-sidestart|p2: SquadLeCuisto|move: Stealth Rock\n|\n|upkeep\n|turn|10\n|\n|t:|1782818846\n|switch|p1a: Glastrier|Glastrier, L86|312/312\n|move|p2a: Piloswine|Icicle Crash|p1a: Glastrier\n|-resisted|p1a: Glastrier\n|-damage|p1a: Glastrier|277/312\n|\n|upkeep\n|turn|11\n|\n|t:|1782818856\n|switch|p2a: Lanturn|Lanturn, L89, F|279/367 tox\n|-damage|p2a: Lanturn|234/367 tox|[from] Stealth Rock\n|move|p1a: Glastrier|Close Combat|p2a: Lanturn\n|-damage|p2a: Lanturn|81/367 tox\n|-unboost|p1a: Glastrier|def|1\n|-unboost|p1a: Glastrier|spd|1\n|\n|-heal|p2a: Lanturn|103/367 tox|[from] item: Leftovers\n|-damage|p2a: Lanturn|81/367 tox|[from] psn\n|upkeep\n|turn|12\n|\n|t:|1782818868\n|switch|p1a: Chansey|Chansey, L85, F|328/564\n|-damage|p1a: Chansey|258/564|[from] Stealth Rock\n|move|p2a: Lanturn|Scald|p1a: Chansey\n|-damage|p1a: Chansey|210/564\n|\n|-heal|p2a: Lanturn|103/367 tox|[from] item: Leftovers\n|-damage|p2a: Lanturn|59/367 tox|[from] psn\n|upkeep\n|turn|13\n|\n|t:|1782818887\n|switch|p2a: Toedscruel|Toedscruel, L87, M|196/281\n|-damage|p2a: Toedscruel|179/281|[from] Stealth Rock\n|move|p1a: Chansey|Soft-Boiled|p1a: Chansey\n|-heal|p1a: Chansey|492/564\n|\n|upkeep\n|turn|14\n|\n|t:|1782818907\n|switch|p1a: Vespiquen|Vespiquen, L99, F|262/299\n|-damage|p1a: Vespiquen|113/299|[from] Stealth Rock\n|-ability|p1a: Vespiquen|Pressure\n|move|p2a: Toedscruel|Rapid Spin|p1a: Vespiquen\n|-damage|p1a: Vespiquen|88/299\n|-boost|p2a: Toedscruel|spe|1\n|-sideend|p2: SquadLeCuisto|Stealth Rock|[from] move: Rapid Spin|[of] p2a: Toedscruel\n|\n|upkeep\n|turn|15\n|inactive|SquadLeCuisto has 120 seconds left.\n|\n|t:|1782818939\n|switch|p2a: Banette|Banette, L93, M|270/270\n|move|p1a: Vespiquen|Roost|p1a: Vespiquen\n|-heal|p1a: Vespiquen|238/299\n|-singleturn|p1a: Vespiquen|move: Roost\n|\n|upkeep\n|turn|16\n|\n|t:|1782818946\n|move|p2a: Banette|Gunk Shot|p1a: Vespiquen\n|-damage|p1a: Vespiquen|129/299\n|-damage|p2a: Banette|243/270|[from] item: Life Orb\n|move|p1a: Vespiquen|Toxic|p2a: Banette\n|-status|p2a: Banette|tox\n|\n|-damage|p2a: Banette|227/270 tox|[from] psn\n|upkeep\n|turn|17\n|\n|t:|1782818951\n|move|p2a: Banette|Gunk Shot|p1a: Vespiquen\n|-damage|p1a: Vespiquen|7/299\n|-damage|p2a: Banette|200/270 tox|[from] item: Life Orb\n|move|p1a: Vespiquen|Roost|p1a: Vespiquen\n|-heal|p1a: Vespiquen|157/299\n|-singleturn|p1a: Vespiquen|move: Roost\n|\n|-damage|p2a: Banette|168/270 tox|[from] psn\n|upkeep\n|turn|18\n|\n|t:|1782818955\n|move|p2a: Banette|Gunk Shot|p1a: Vespiquen\n|-crit|p1a: Vespiquen\n|-damage|p1a: Vespiquen|0 fnt\n|faint|p1a: Vespiquen\n|-damage|p2a: Banette|141/270 tox|[from] item: Life Orb\n|\n|-damage|p2a: Banette|93/270 tox|[from] psn\n|upkeep\n|\n|t:|1782818960\n|switch|p1a: Indeedee|Indeedee, L84, M|209/238\n|-damage|p1a: Indeedee|180/238|[from] Stealth Rock\n|-fieldstart|move: Psychic Terrain|[from] ability: Psychic Surge|[of] p1a: Indeedee\n|turn|19\n|\n|t:|1782818967\n|move|p1a: Indeedee|Expanding Force|p2a: Banette\n|-damage|p2a: Banette|0 fnt\n|faint|p2a: Banette\n|\n|upkeep\n|\n|t:|1782818970\n|switch|p2a: Toedscruel|Toedscruel, L87, M|179/281\n|turn|20\n|\n|t:|1782818982\n|-terastallize|p1a: Indeedee|Psychic\n|move|p1a: Indeedee|Expanding Force|p2a: Toedscruel\n|-damage|p2a: Toedscruel|59/281\n|move|p2a: Toedscruel|Knock Off|p1a: Indeedee\n|-supereffective|p1a: Indeedee\n|-damage|p1a: Indeedee|14/238\n|-enditem|p1a: Indeedee|Choice Scarf|[from] move: Knock Off|[of] p2a: Toedscruel\n|\n|upkeep\n|turn|21\n|\n|t:|1782818989\n|move|p2a: Toedscruel|Earth Power|p1a: Indeedee\n|-damage|p1a: Indeedee|0 fnt\n|faint|p1a: Indeedee\n|\n|upkeep\n|\n|t:|1782818994\n|switch|p1a: Glastrier|Glastrier, L86|277/312\n|turn|22\n|\n|t:|1782819013\n|move|p2a: Toedscruel|Leaf Storm|p1a: Glastrier\n|-damage|p1a: Glastrier|175/312\n|-unboost|p2a: Toedscruel|spa|2\n|move|p1a: Glastrier|Icicle Crash|p2a: Toedscruel\n|-supereffective|p2a: Toedscruel\n|-damage|p2a: Toedscruel|0 fnt\n|faint|p2a: Toedscruel\n|-ability|p1a: Glastrier|Chilling Neigh|boost\n|-boost|p1a: Glastrier|atk|1\n|\n|upkeep\n|\n|t:|1782819015\n|switch|p2a: Walking Wake|Walking Wake, L79|286/286\n|turn|23\n|\n|t:|1782819024\n|-terastallize|p2a: Walking Wake|Fire\n|move|p2a: Walking Wake|Flamethrower|p1a: Glastrier\n|-supereffective|p1a: Glastrier\n|-damage|p1a: Glastrier|0 fnt\n|faint|p1a: Glastrier\n|\n|-fieldend|move: Psychic Terrain\n|upkeep\n|\n|t:|1782819029\n|switch|p1a: Chansey|Chansey, L85, F|492/564\n|-damage|p1a: Chansey|422/564|[from] Stealth Rock\n|turn|24\n|\n|t:|1782819037\n|-end|p2a: Walking Wake|Protosynthesis|[silent]\n|switch|p2a: Lanturn|Lanturn, L89, F|59/367 tox\n|move|p1a: Chansey|Seismic Toss|p2a: Lanturn\n|-damage|p2a: Lanturn|0 fnt\n|faint|p2a: Lanturn\n|\n|upkeep\n|\n|t:|1782819041\n|switch|p2a: Piloswine|Piloswine, L85, F|109/309\n|turn|25\n|\n|t:|1782819046\n|move|p1a: Chansey|Seismic Toss|p2a: Piloswine\n|-damage|p2a: Piloswine|24/309\n|move|p2a: Piloswine|Earthquake|p1a: Chansey\n|-damage|p1a: Chansey|151/564\n|\n|upkeep\n|turn|26\n|\n|t:|1782819052\n|move|p2a: Piloswine|Earthquake|p1a: Chansey\n|-damage|p1a: Chansey|0 fnt\n|faint|p1a: Chansey\n|\n|upkeep\n|\n|t:|1782819056\n|switch|p1a: Gholdengo|Gholdengo, L77|261/261\n|-damage|p1a: Gholdengo|245/261|[from] Stealth Rock\n|turn|27\n|\n|t:|1782819059\n|move|p1a: Gholdengo|Shadow Ball|p2a: Piloswine\n|-damage|p2a: Piloswine|0 fnt\n|faint|p2a: Piloswine\n|\n|-heal|p1a: Gholdengo|261/261|[from] item: Leftovers\n|upkeep\n|\n|t:|1782819061\n|switch|p2a: Walking Wake|Walking Wake, L79, tera:Fire|286/286\n|turn|28\n|\n|t:|1782819063\n|move|p2a: Walking Wake|Flamethrower|p1a: Gholdengo\n|-supereffective|p1a: Gholdengo\n|-damage|p1a: Gholdengo|0 fnt\n|faint|p1a: Gholdengo\n|\n|win|SquadLeCuisto\n", "inputlog": ">version f8ac14003a5f27e1bdc8d8c59608a773c1cb96e5\n>start {\"formatid\":\"gen9randombattle\",\"seed\":\"sodium,bbfe3d188dff11c6dbe19e9a6b395ae9\",\"rated\":\"Rated battle\"}\n>player p1 {\"name\":\"thedeadflagblues\",\"avatar\":\"169\",\"rating\":2072,\"seed\":\"sodium,8b68a9a55d4d383483a65bbff5cb7b60\"}\n>player p2 {\"name\":\"SquadLeCuisto\",\"avatar\":\"102\",\"rating\":2100,\"seed\":\"sodium,5cf891342a4554afb2af02586133829d\"}\n>p1 switch 3\n>p2 move flipturn\n>p2 switch 6\n>p1 switch 3\n>p2 move stealthrock\n>p1 move closecombat\n>p2 move earthquake\n>p1 switch 2\n>p1 move expandingforce\n>p2 switch 5\n>p1 switch 5\n>p2 move knockoff\n>p1 move toxic\n>p2 switch 2\n>p1 move roost\n>p2 move thunderbolt\n>p1 switch 3\n>p2 move thunderbolt\n>p1 move stealthrock\n>p2 switch 5\n>p1 switch 6\n>p2 move iciclecrash\n>p1 move closecombat\n>p2 switch 5\n>p1 switch 6\n>p2 move scald\n>p1 move softboiled\n>p2 switch 2\n>p1 switch 3\n>p2 move rapidspin\n>p1 move roost\n>p2 switch 4\n>p1 move toxic\n>p2 move gunkshot\n>p1 move roost\n>p2 move gunkshot\n>p1 move roost\n>p2 move gunkshot\n>p1 switch 5\n>p1 move expandingforce\n>p2 move thunderwave\n>p2 switch 4\n>p1 move expandingforce terastallize\n>p2 move knockoff\n>p1 move expandingforce\n>p2 move earthpower\n>p1 switch 6\n>p1 move iciclecrash\n>p2 move leafstorm\n>p2 switch 6\n>p1 move iciclecrash\n>p2 move flamethrower terastallize\n>p1 switch 3\n>p1 move seismictoss\n>p2 switch 2\n>p2 switch 5\n>p1 move seismictoss\n>p2 move earthquake\n>p1 move seismictoss\n>p2 move earthquake\n>p1 switch 4\n>p1 move shadowball\n>p2 move earthquake\n>p2 switch 2\n>p1 move shadowball\n>p2 move flamethrower", "uploadtime": 1782818716, "views": 3, "formatid": "gen9randombattle", "rating": null, "private": 0, "password": null, "player_dets": [{"name": "thedeadflagblues", "avatar": "169", "rating": 2072, "seed": "sodium,8b68a9a55d4d383483a65bbff5cb7b60"}, {"name": "SquadLeCuisto", "avatar": "102", "rating": 2100, "seed": "sodium,5cf891342a4554afb2af02586133829d"}], "teams_full": [{"Emboar": {"name": "Emboar", "species": "Emboar", "speciesId": "emboar", "gender": "M", "shiny": false, "level": 84, "moves": ["closecombat", "knockoff", "flareblitz", "scald"], "ability": "Reckless", "evs": {"hp": 85, "atk": 85, "def": 85, "spa": 85, "spd": 85, "spe": 85}, "ivs": {"hp": 31, "atk": 31, "def": 31, "spa": 31, "spd": 31, "spe": 31}, "item": "Assault Vest", "teraType": "Dark", "role": "AV Pivot", "bvs": {"hp": 110, "atk": 123, "def": 65, "spa": 100, "spd": 65, "spe": 65}, "stats": {"hp": 322, "atk": 255, "def": 157, "spa": 216, "spd": 157, "spe": 157}, "types": ["Fire", "Fighting"]}, "Indeedee": {"name": "Indeedee", "species": "Indeedee", "speciesId": "indeedee", "gender": "M", "shiny": false, "level": 84, "moves": ["shadowball", "hypervoice", "expandingforce", "healingwish"], "ability": "Psychic Surge", "evs": {"hp": 85, "atk": 0, "def": 85, "spa": 85, "spd": 85, "spe": 85}, "ivs": {"hp": 31, "atk": 0, "def": 31, "spa": 31, "spd": 31, "spe": 31}, "item": "Choice Scarf", "teraType": "Psychic", "role": "Fast Attacker", "bvs": {"hp": 60, "atk": 65, "def": 55, "spa": 105, "spd": 95, "spe": 95}, "stats": {"hp": 238, "atk": 114, "def": 141, "spa": 225, "spd": 208, "spe": 208}, "types": ["Psychic", "Normal"]}, "Chansey": {"name": "Chansey", "species": "Chansey", "speciesId": "chansey", "gender": "F", "shiny": false, "level": 85, "moves": ["softboiled", "thunderwave", "stealthrock", "seismictoss"], "ability": "Natural Cure", "evs": {"hp": 85, "atk": 0, "def": 85, "spa": 85, "spd": 85, "spe": 85}, "ivs": {"hp": 31, "atk": 0, "def": 31, "spa": 31, "spd": 31, "spe": 31}, "item": "Eviolite", "teraType": "Dark", "role": "Bulky Support", "bvs": {"hp": 250, "atk": 5, "def": 5, "spa": 35, "spd": 105, "spe": 50}, "stats": {"hp": 564, "atk": 13, "def": 57, "spa": 108, "spd": 227, "spe": 134}, "types": ["Normal"]}, "Gholdengo": {"name": "Gholdengo", "species": "Gholdengo", "speciesId": "gholdengo", "gender": "N", "shiny": false, "level": 77, "moves": ["makeitrain", "nastyplot", "shadowball", "recover"], "ability": "Good as Gold", "evs": {"hp": 85, "atk": 0, "def": 85, "spa": 85, "spd": 85, "spe": 85}, "ivs": {"hp": 31, "atk": 0, "def": 31, "spa": 31, "spd": 31, "spe": 31}, "item": "Leftovers", "teraType": "Dark", "role": "Bulky Support", "bvs": {"hp": 87, "atk": 60, "def": 95, "spa": 133, "spd": 91, "spe": 84}, "stats": {"hp": 261, "atk": 97, "def": 191, "spa": 249, "spd": 185, "spe": 174}, "types": ["Steel", "Ghost"]}, "Vespiquen": {"name": "Vespiquen", "species": "Vespiquen", "speciesId": "vespiquen", "gender": "F", "shiny": false, "level": 99, "moves": ["uturn", "toxic", "roost", "hurricane"], "ability": "Pressure", "evs": {"hp": 85, "atk": 85, "def": 85, "spa": 85, "spd": 85, "spe": 85}, "ivs": {"hp": 31, "atk": 31, "def": 31, "spa": 31, "spd": 31, "spe": 31}, "item": "Heavy-Duty Boots", "teraType": "Steel", "role": "Bulky Support", "bvs": {"hp": 70, "atk": 80, "def": 102, "spa": 80, "spd": 102, "spe": 40}, "stats": {"hp": 299, "atk": 214, "def": 258, "spa": 214, "spd": 258, "spe": 135}, "types": ["Bug", "Flying"]}, "Glastrier": {"name": "Glastrier", "species": "Glastrier", "speciesId": "glastrier", "gender": "N", "shiny": false, "level": 86, "moves": ["closecombat", "highhorsepower", "swordsdance", "iciclecrash"], "ability": "Chilling Neigh", "evs": {"hp": 85, "atk": 85, "def": 85, "spa": 85, "spd": 85, "spe": 85}, "ivs": {"hp": 31, "atk": 31, "def": 31, "spa": 31, "spd": 31, "spe": 31}, "item": "Heavy-Duty Boots", "teraType": "Ground", "role": "Bulky Attacker", "bvs": {"hp": 100, "atk": 145, "def": 130, "spa": 65, "spd": 110, "spe": 30}, "stats": {"hp": 312, "atk": 299, "def": 273, "spa": 161, "spd": 238, "spe": 101}, "types": ["Ice"]}}, {"Walking Wake": {"name": "Walking Wake", "species": "Walking Wake", "speciesId": "walkingwake", "gender": "N", "shiny": false, "level": 79, "moves": ["flamethrower", "hydropump", "flipturn", "dracometeor"], "ability": "Protosynthesis", "evs": {"hp": 85, "atk": 85, "def": 85, "spa": 85, "spd": 85, "spe": 85}, "ivs": {"hp": 31, "atk": 31, "def": 31, "spa": 31, "spd": 31, "spe": 31}, "item": "Choice Specs", "teraType": "Fire", "role": "Wallbreaker", "bvs": {"hp": 99, "atk": 83, "def": 91, "spa": 125, "spd": 83, "spe": 109}, "stats": {"hp": 286, "atk": 177, "def": 189, "spa": 243, "spd": 177, "spe": 218}, "types": ["Water", "Dragon"]}, "Lanturn": {"name": "Lanturn", "species": "Lanturn", "speciesId": "lanturn", "gender": "F", "shiny": false, "level": 89, "moves": ["scald", "thunderwave", "thunderbolt", "icebeam"], "ability": "Volt Absorb", "evs": {"hp": 85, "atk": 0, "def": 85, "spa": 85, "spd": 85, "spe": 85}, "ivs": {"hp": 31, "atk": 0, "def": 31, "spa": 31, "spd": 31, "spe": 31}, "item": "Leftovers", "teraType": "Flying", "role": "Bulky Attacker", "bvs": {"hp": 125, "atk": 58, "def": 58, "spa": 76, "spd": 76, "spe": 67}, "stats": {"hp": 367, "atk": 108, "def": 154, "spa": 186, "spd": 186, "spe": 170}, "types": ["Water", "Electric"]}, "Kilowattrel": {"name": "Kilowattrel", "species": "Kilowattrel", "speciesId": "kilowattrel", "gender": "M", "shiny": false, "level": 83, "moves": ["thunderbolt", "roost", "uturn", "hurricane"], "ability": "Volt Absorb", "evs": {"hp": 85, "atk": 85, "def": 85, "spa": 85, "spd": 85, "spe": 85}, "ivs": {"hp": 31, "atk": 31, "def": 31, "spa": 31, "spd": 31, "spe": 31}, "item": "Heavy-Duty Boots", "teraType": "Steel", "role": "Bulky Attacker", "bvs": {"hp": 70, "atk": 70, "def": 60, "spa": 105, "spd": 60, "spe": 125}, "stats": {"hp": 252, "atk": 164, "def": 147, "spa": 222, "spd": 147, "spe": 255}, "types": ["Electric", "Flying"]}, "Banette": {"name": "Banette", "species": "Banette", "speciesId": "banette", "gender": "M", "shiny": false, "level": 93, "moves": ["gunkshot", "thunderwave", "shadowsneak", "poltergeist"], "ability": "Insomnia", "evs": {"hp": 85, "atk": 85, "def": 85, "spa": 85, "spd": 85, "spe": 85}, "ivs": {"hp": 31, "atk": 31, "def": 31, "spa": 31, "spd": 31, "spe": 31}, "item": "Life Orb", "teraType": "Poison", "role": "Wallbreaker", "bvs": {"hp": 64, "atk": 115, "def": 65, "spa": 83, "spd": 63, "spe": 65}, "stats": {"hp": 270, "atk": 267, "def": 174, "spa": 207, "spd": 170, "spe": 174}, "types": ["Ghost"]}, "Toedscruel": {"name": "Toedscruel", "species": "Toedscruel", "speciesId": "toedscruel", "gender": "M", "shiny": false, "level": 87, "moves": ["rapidspin", "earthpower", "knockoff", "leafstorm"], "ability": "Mycelium Might", "evs": {"hp": 85, "atk": 85, "def": 85, "spa": 85, "spd": 85, "spe": 85}, "ivs": {"hp": 31, "atk": 31, "def": 31, "spa": 31, "spd": 31, "spe": 31}, "item": "Assault Vest", "teraType": "Water", "role": "Bulky Support", "bvs": {"hp": 80, "atk": 70, "def": 65, "spa": 80, "spd": 120, "spe": 100}, "stats": {"hp": 281, "atk": 172, "def": 163, "spa": 189, "spd": 259, "spe": 224}, "types": ["Ground", "Grass"]}, "Piloswine": {"name": "Piloswine", "species": "Piloswine", "speciesId": "piloswine", "gender": "F", "shiny": false, "level": 85, "moves": ["stealthrock", "earthquake", "iceshard", "iciclecrash"], "ability": "Thick Fat", "evs": {"hp": 85, "atk": 85, "def": 85, "spa": 85, "spd": 85, "spe": 85}, "ivs": {"hp": 31, "atk": 31, "def": 31, "spa": 31, "spd": 31, "spe": 31}, "item": "Eviolite", "teraType": "Poison", "role": "Bulky Support", "bvs": {"hp": 100, "atk": 100, "def": 80, "spa": 60, "spd": 60, "spe": 50}, "stats": {"hp": 309, "atk": 219, "def": 185, "spa": 151, "spd": 151, "spe": 134}, "types": ["Ice", "Ground"]}}]}