{"id": "gen9randombattle-2641548983", "format": "[Gen 9] Random Battle", "players": ["monheim", "testbotcif"], "log": "|j|\u2606monheim\n|j|\u2606testbotcif\n|t:|1782805701\n|gametype|singles\n|player|p1|monheim|fisherman-gen4|1318\n|player|p2|testbotcif|266|1265\n|gen|9\n|tier|[Gen 9] Random Battle\n|rated|\n|rule|Species Clause: Limit one of each Pok\u00e9mon\n|rule|HP Percentage Mod: HP is shown in percentages\n|rule|Sleep Clause Mod: Limit one foe put to sleep\n|rule|Illusion Level Mod: Illusion disguises the Pok\u00e9mon's true level\n|\n|t:|1782805701\n|teamsize|p1|6\n|teamsize|p2|6\n|start\n|switch|p1a: Espathra|Espathra, L80, F|283/283\n|switch|p2a: Polteageist|Polteageist, L78|222/222\n|turn|1\n|c|\u2606testbotcif|rlhf\n|inactive|Battle timer is ON: inactive players will automatically lose when time's up. (requested by monheim)\n|inactive|testbotcif also wants the timer to be on.\n|\n|t:|1782805719\n|move|p1a: Espathra|Shadow Ball|p2a: Polteageist\n|-supereffective|p2a: Polteageist\n|-damage|p2a: Polteageist|72/222\n|move|p2a: Polteageist|Shell Smash|p2a: Polteageist\n|-unboost|p2a: Polteageist|def|1\n|-unboost|p2a: Polteageist|spd|1\n|-boost|p2a: Polteageist|atk|2\n|-boost|p2a: Polteageist|spa|2\n|-boost|p2a: Polteageist|spe|2\n|-enditem|p2a: Polteageist|White Herb\n|-clearnegativeboost|p2a: Polteageist|[silent]\n|\n|-ability|p1a: Espathra|Speed Boost|boost\n|-boost|p1a: Espathra|spe|1\n|upkeep\n|turn|2\n|\n|t:|1782805732\n|-terastallize|p2a: Polteageist|Fighting\n|move|p1a: Espathra|Shadow Ball|p2a: Polteageist\n|-damage|p2a: Polteageist|0 fnt\n|faint|p2a: Polteageist\n|\n|-ability|p1a: Espathra|Speed Boost|boost\n|-boost|p1a: Espathra|spe|1\n|upkeep\n|\n|t:|1782805732\n|switch|p2a: Cacturne|Cacturne, L92, M|278/278\n|turn|3\n|inactive|monheim has 120 seconds left.\n|\n|t:|1782805765\n|switch|p1a: Bombirdier|Bombirdier, L85, M|258/258\n|move|p2a: Cacturne|Knock Off|p1a: Bombirdier\n|-resisted|p1a: Bombirdier\n|-damage|p1a: Bombirdier|161/258\n|-enditem|p1a: Bombirdier|Choice Band|[from] move: Knock Off|[of] p2a: Cacturne\n|-damage|p2a: Cacturne|251/278|[from] item: Life Orb\n|\n|upkeep\n|turn|4\n|inactive|monheim has 120 seconds left.\n|\n|t:|1782805776\n|switch|p2a: Cobalion|Cobalion, L80|277/277\n|move|p1a: Bombirdier|Brave Bird|p2a: Cobalion\n|-damage|p2a: Cobalion|162/277\n|-damage|p1a: Bombirdier|123/258|[from] Recoil\n|\n|-heal|p2a: Cobalion|179/277|[from] item: Leftovers\n|upkeep\n|turn|5\n|inactive|monheim has 120 seconds left.\n|\n|t:|1782805788\n|move|p2a: Cobalion|Calm Mind|p2a: Cobalion\n|-boost|p2a: Cobalion|spa|1\n|-boost|p2a: Cobalion|spd|1\n|move|p1a: Bombirdier|Brave Bird|p2a: Cobalion\n|-damage|p2a: Cobalion|71/277\n|-damage|p1a: Bombirdier|87/258|[from] Recoil\n|\n|-heal|p2a: Cobalion|88/277|[from] item: Leftovers\n|upkeep\n|turn|6\n|inactive|monheim has 120 seconds left.\n|\n|t:|1782805802\n|move|p2a: Cobalion|Flash Cannon|p1a: Bombirdier\n|-crit|p1a: Bombirdier\n|-damage|p1a: Bombirdier|0 fnt\n|faint|p1a: Bombirdier\n|\n|-heal|p2a: Cobalion|105/277|[from] item: Leftovers\n|upkeep\n|inactive|monheim has 120 seconds left.\n|\n|t:|1782805825\n|switch|p1a: Espathra|Espathra, L80, F|283/283\n|turn|7\n|\n|t:|1782805834\n|move|p2a: Cobalion|Flash Cannon|p1a: Espathra\n|-damage|p1a: Espathra|142/283\n|move|p1a: Espathra|Lumina Crash|p2a: Cobalion\n|-damage|p2a: Cobalion|12/277\n|-unboost|p2a: Cobalion|spd|2\n|\n|-heal|p2a: Cobalion|29/277|[from] item: Leftovers\n|-ability|p1a: Espathra|Speed Boost|boost\n|-boost|p1a: Espathra|spe|1\n|upkeep\n|turn|8\n|\n|t:|1782805845\n|move|p1a: Espathra|Lumina Crash|p2a: Cobalion\n|-damage|p2a: Cobalion|0 fnt\n|faint|p2a: Cobalion\n|\n|-ability|p1a: Espathra|Speed Boost|boost\n|-boost|p1a: Espathra|spe|1\n|upkeep\n|\n|t:|1782805845\n|switch|p2a: Cacturne|Cacturne, L92, M|251/278\n|turn|9\n|inactive|monheim has 120 seconds left.\n|inactive|monheim has 90 seconds left.\n|\n|t:|1782805894\n|switch|p1a: Solgaleo|Solgaleo, L74|325/325\n|move|p2a: Cacturne|Sucker Punch||[still]\n|-fail|p2a: Cacturne\n|\n|upkeep\n|turn|10\n|\n|t:|1782805903\n|move|p2a: Cacturne|Sucker Punch|p1a: Solgaleo\n|-supereffective|p1a: Solgaleo\n|-damage|p1a: Solgaleo|52/325\n|-enditem|p1a: Solgaleo|Weakness Policy\n|-boost|p1a: Solgaleo|atk|2|[from] item: Weakness Policy\n|-boost|p1a: Solgaleo|spa|2|[from] item: Weakness Policy\n|-damage|p2a: Cacturne|224/278|[from] item: Life Orb\n|move|p1a: Solgaleo|Flame Charge|p2a: Cacturne\n|-supereffective|p2a: Cacturne\n|-damage|p2a: Cacturne|46/278\n|-boost|p1a: Solgaleo|spe|1\n|\n|upkeep\n|turn|11\n|inactive|monheim has 90 seconds left.\n|\n|t:|1782805916\n|move|p2a: Cacturne|Sucker Punch|p1a: Solgaleo\n|-supereffective|p1a: Solgaleo\n|-damage|p1a: Solgaleo|0 fnt\n|faint|p1a: Solgaleo\n|-damage|p2a: Cacturne|19/278|[from] item: Life Orb\n|\n|upkeep\n|\n|t:|1782805943\n|switch|p1a: Roaring Moon|Roaring Moon, L72|270/270\n|turn|12\n|\n|t:|1782805954\n|move|p1a: Roaring Moon|Knock Off|p2a: Cacturne\n|-resisted|p2a: Cacturne\n|-damage|p2a: Cacturne|0 fnt\n|-enditem|p2a: Cacturne|Life Orb|[from] move: Knock Off|[of] p1a: Roaring Moon\n|faint|p2a: Cacturne\n|\n|upkeep\n|\n|t:|1782805954\n|switch|p2a: Bastiodon|Bastiodon, L89, M|252/252\n|turn|13\n|\n|t:|1782805964\n|move|p1a: Roaring Moon|Knock Off|p2a: Bastiodon\n|-damage|p2a: Bastiodon|167/252\n|-enditem|p2a: Bastiodon|Chesto Berry|[from] move: Knock Off|[of] p1a: Roaring Moon\n|move|p2a: Bastiodon|Iron Defense|p2a: Bastiodon\n|-boost|p2a: Bastiodon|def|2\n|\n|upkeep\n|turn|14\n|inactive|monheim has 60 seconds left.\n|\n|t:|1782806001\n|move|p1a: Roaring Moon|Knock Off|p2a: Bastiodon\n|-damage|p2a: Bastiodon|140/252\n|move|p2a: Bastiodon|Body Press|p1a: Roaring Moon\n|-supereffective|p1a: Roaring Moon\n|-damage|p1a: Roaring Moon|0 fnt\n|faint|p1a: Roaring Moon\n|-end|p1a: Roaring Moon|Protosynthesis|[silent]\n|\n|upkeep\n|\n|t:|1782806014\n|switch|p1a: Haxorus|Haxorus, L77, M|244/244\n|-ability|p1a: Haxorus|Mold Breaker\n|turn|15\n|\n|t:|1782806021\n|move|p1a: Haxorus|Earthquake|p2a: Bastiodon\n|-supereffective|p2a: Bastiodon\n|-damage|p2a: Bastiodon|52/252\n|move|p2a: Bastiodon|Body Press|p1a: Haxorus\n|-damage|p1a: Haxorus|30/244\n|\n|upkeep\n|turn|16\n|\n|t:|1782806031\n|move|p1a: Haxorus|Earthquake|p2a: Bastiodon\n|-supereffective|p2a: Bastiodon\n|-crit|p2a: Bastiodon\n|-damage|p2a: Bastiodon|0 fnt\n|faint|p2a: Bastiodon\n|\n|upkeep\n|\n|t:|1782806031\n|switch|p2a: Alomomola|Alomomola, L87, F|429/429\n|turn|17\n|inactive|monheim has 60 seconds left.\n|\n|t:|1782806055\n|move|p1a: Haxorus|Scale Shot|p2a: Alomomola\n|-damage|p2a: Alomomola|398/429\n|-damage|p2a: Alomomola|368/429\n|-damage|p2a: Alomomola|334/429\n|-damage|p2a: Alomomola|298/429\n|-hitcount|p2a: Alomomola|4\n|-unboost|p1a: Haxorus|def|1\n|-boost|p1a: Haxorus|spe|1\n|move|p2a: Alomomola|Scald|p1a: Haxorus\n|-resisted|p1a: Haxorus\n|-damage|p1a: Haxorus|0 fnt\n|faint|p1a: Haxorus\n|\n|-heal|p2a: Alomomola|324/429|[from] item: Leftovers\n|upkeep\n|\n|t:|1782806076\n|switch|p1a: Mismagius|Mismagius, L86, F|243/243\n|turn|18\n|\n|t:|1782806086\n|move|p1a: Mismagius|Substitute|p1a: Mismagius\n|-start|p1a: Mismagius|Substitute\n|-damage|p1a: Mismagius|183/243\n|move|p2a: Alomomola|Flip Turn|p1a: Mismagius\n|-end|p1a: Mismagius|Substitute\n|\n|t:|1782806086\n|switch|p2a: Meganium|Meganium, L90, F|290/290|[from] Flip Turn\n|\n|-heal|p1a: Mismagius|198/243|[from] item: Leftovers\n|upkeep\n|turn|19\n|\n|t:|1782806104\n|-terastallize|p1a: Mismagius|Electric\n|move|p1a: Mismagius|Nasty Plot|p1a: Mismagius\n|-boost|p1a: Mismagius|spa|2\n|move|p2a: Meganium|Knock Off|p1a: Mismagius\n|-damage|p1a: Mismagius|103/243\n|-enditem|p1a: Mismagius|Leftovers|[from] move: Knock Off|[of] p2a: Meganium\n|\n|upkeep\n|turn|20\n|\n|t:|1782806118\n|move|p1a: Mismagius|Shadow Ball|p2a: Meganium\n|-damage|p2a: Meganium|137/290\n|-unboost|p2a: Meganium|spd|1\n|move|p2a: Meganium|Energy Ball|p1a: Mismagius\n|-damage|p1a: Mismagius|15/243\n|\n|-heal|p2a: Meganium|155/290|[from] item: Leftovers\n|upkeep\n|turn|21\n|\n|t:|1782806128\n|move|p1a: Mismagius|Shadow Ball|p2a: Meganium\n|-damage|p2a: Meganium|0 fnt\n|faint|p2a: Meganium\n|\n|upkeep\n|\n|t:|1782806128\n|switch|p2a: Alomomola|Alomomola, L87, F|429/429\n|turn|22\n|\n|t:|1782806135\n|move|p1a: Mismagius|Thunderbolt|p2a: Alomomola\n|-supereffective|p2a: Alomomola\n|-damage|p2a: Alomomola|0 fnt\n|faint|p2a: Alomomola\n|\n|win|monheim\n|raw|monheim's rating: 1318 &rarr; <strong>1335</strong><br />(+17 for winning)\n|raw|testbotcif's rating: 1265 &rarr; <strong>1244</strong><br />(-21 for losing)\n", "inputlog": ">version f8ac14003a5f27e1bdc8d8c59608a773c1cb96e5\n>start {\"formatid\":\"gen9randombattle\",\"seed\":\"sodium,326e317459ca5bbfda4c1850dcd92e09\",\"rated\":\"Rated battle\"}\n>player p1 {\"name\":\"monheim\",\"avatar\":\"fisherman-gen4\",\"rating\":1318,\"seed\":\"sodium,329422d1ef74027b5a1512e4d481d7f7\"}\n>player p2 {\"name\":\"testbotcif\",\"avatar\":\"266\",\"rating\":1265,\"seed\":\"sodium,c1ddea709b4dfed5ded12cec4c42b2ed\"}\n>chat \u2606testbotcif|rlhf\n>p1 move shadowball\n>p2 move shellsmash\n>p1 move shadowball\n>p2 move shadowball terastallize\n>p2 switch 6\n>p1 switch 3\n>p2 move knockoff\n>p1 move bravebird\n>p2 switch 4\n>p1 move bravebird\n>p2 move calmmind\n>p1 move bravebird\n>p2 move flashcannon\n>p1 switch 3\n>p1 move luminacrash\n>p2 move flashcannon\n>p1 move luminacrash\n>p2 move flashcannon\n>p2 switch 4\n>p1 switch 2\n>p2 move suckerpunch\n>p1 move flamecharge\n>p2 move suckerpunch\n>p1 move flamecharge\n>p2 move suckerpunch\n>p1 switch 4\n>p1 move knockoff\n>p2 move focusblast\n>p2 switch 5\n>p1 move knockoff\n>p2 move irondefense\n>p1 move knockoff\n>p2 move bodypress\n>p1 switch 6\n>p1 move earthquake\n>p2 move bodypress\n>p1 move earthquake\n>p2 move rest\n>p2 switch 3\n>p1 move scaleshot\n>p2 move scald\n>p1 switch 5\n>p1 move substitute\n>p2 move flipturn\n>p2 switch 2\n>p1 move nastyplot terastallize\n>p2 move knockoff\n>p1 move shadowball\n>p2 move energyball\n>p1 move shadowball\n>p2 move synthesis\n>p2 switch 2\n>p1 move thunderbolt\n>p2 move flipturn", "uploadtime": 1782806135, "views": 8, "formatid": "gen9randombattle", "rating": 1244, "private": 0, "password": null, "player_dets": [{"name": "monheim", "avatar": "fisherman-gen4", "rating": 1318, "seed": "sodium,329422d1ef74027b5a1512e4d481d7f7"}, {"name": "testbotcif", "avatar": "266", "rating": 1265, "seed": "sodium,c1ddea709b4dfed5ded12cec4c42b2ed"}], "teams_full": [{"Espathra": {"name": "Espathra", "species": "Espathra", "speciesId": "espathra", "gender": "F", "shiny": false, "level": 80, "moves": ["luminacrash", "shadowball", "uturn", "dazzlinggleam"], "ability": "Speed Boost", "evs": {"hp": 85, "atk": 85, "def": 85, "spa": 85, "spd": 85, "spe": 85}, "ivs": {"hp": 31, "atk": 31, "def": 31, "spa": 31, "spd": 31, "spe": 31}, "item": "Choice Specs", "teraType": "Psychic", "role": "Wallbreaker", "bvs": {"hp": 95, "atk": 60, "def": 60, "spa": 101, "spd": 60, "spe": 105}, "stats": {"hp": 283, "atk": 142, "def": 142, "spa": 208, "spd": 142, "spe": 214}, "types": ["Psychic"]}, "Solgaleo": {"name": "Solgaleo", "species": "Solgaleo", "speciesId": "solgaleo", "gender": "N", "shiny": false, "level": 74, "moves": ["sunsteelstrike", "closecombat", "flamecharge", "knockoff"], "ability": "Full Metal Body", "evs": {"hp": 85, "atk": 85, "def": 85, "spa": 85, "spd": 85, "spe": 85}, "ivs": {"hp": 31, "atk": 31, "def": 31, "spa": 31, "spd": 31, "spe": 31}, "item": "Weakness Policy", "teraType": "Dark", "role": "Bulky Setup", "bvs": {"hp": 137, "atk": 137, "def": 107, "spa": 113, "spd": 89, "spe": 97}, "stats": {"hp": 325, "atk": 246, "def": 201, "spa": 210, "spd": 175, "spe": 187}, "types": ["Psychic", "Steel"]}, "Bombirdier": {"name": "Bombirdier", "species": "Bombirdier", "speciesId": "bombirdier", "gender": "M", "shiny": false, "level": 85, "moves": ["suckerpunch", "stoneedge", "knockoff", "bravebird"], "ability": "Rocky Payload", "evs": {"hp": 85, "atk": 85, "def": 85, "spa": 85, "spd": 85, "spe": 85}, "ivs": {"hp": 31, "atk": 31, "def": 31, "spa": 31, "spd": 31, "spe": 31}, "item": "Choice Band", "teraType": "Rock", "role": "Fast Attacker", "bvs": {"hp": 70, "atk": 103, "def": 85, "spa": 60, "spd": 85, "spe": 82}, "stats": {"hp": 258, "atk": 224, "def": 193, "spa": 151, "spd": 193, "spe": 188}, "types": ["Flying", "Dark"]}, "Roaring Moon": {"name": "Roaring Moon", "species": "Roaring Moon", "speciesId": "roaringmoon", "gender": "N", "shiny": false, "level": 72, "moves": ["ironhead", "uturn", "outrage", "knockoff"], "ability": "Protosynthesis", "evs": {"hp": 85, "atk": 85, "def": 85, "spa": 85, "spd": 85, "spe": 85}, "ivs": {"hp": 31, "atk": 31, "def": 31, "spa": 31, "spd": 31, "spe": 31}, "item": "Choice Band", "teraType": "Dragon", "role": "Bulky Attacker", "bvs": {"hp": 105, "atk": 139, "def": 71, "spa": 55, "spd": 101, "spe": 119}, "stats": {"hp": 270, "atk": 242, "def": 144, "spa": 121, "spd": 187, "spe": 213}, "types": ["Dragon", "Dark"]}, "Mismagius": {"name": "Mismagius", "species": "Mismagius", "speciesId": "mismagius", "gender": "F", "shiny": false, "level": 86, "moves": ["nastyplot", "thunderbolt", "shadowball", "substitute"], "ability": "Levitate", "evs": {"hp": 85, "atk": 0, "def": 85, "spa": 85, "spd": 85, "spe": 85}, "ivs": {"hp": 31, "atk": 0, "def": 31, "spa": 31, "spd": 31, "spe": 31}, "item": "Leftovers", "teraType": "Electric", "role": "Setup Sweeper", "bvs": {"hp": 60, "atk": 60, "def": 60, "spa": 105, "spd": 105, "spe": 105}, "stats": {"hp": 243, "atk": 108, "def": 152, "spa": 230, "spd": 230, "spe": 230}, "types": ["Ghost"]}, "Haxorus": {"name": "Haxorus", "species": "Haxorus", "speciesId": "haxorus", "gender": "M", "shiny": false, "level": 77, "moves": ["earthquake", "swordsdance", "ironhead", "scaleshot"], "ability": "Mold Breaker", "evs": {"hp": 85, "atk": 85, "def": 85, "spa": 85, "spd": 85, "spe": 85}, "ivs": {"hp": 31, "atk": 31, "def": 31, "spa": 31, "spd": 31, "spe": 31}, "item": "Loaded Dice", "teraType": "Steel", "role": "Fast Bulky Setup", "bvs": {"hp": 76, "atk": 147, "def": 90, "spa": 60, "spd": 70, "spe": 97}, "stats": {"hp": 244, "atk": 271, "def": 183, "spa": 137, "spd": 152, "spe": 194}, "types": ["Dragon"]}}, {"Polteageist": {"name": "Polteageist", "species": "Polteageist", "speciesId": "polteageist", "gender": "N", "shiny": false, "level": 78, "moves": ["shellsmash", "strengthsap", "shadowball", "terablast"], "ability": "Cursed Body", "evs": {"hp": 85, "atk": 0, "def": 85, "spa": 85, "spd": 85, "spe": 85}, "ivs": {"hp": 31, "atk": 0, "def": 31, "spa": 31, "spd": 31, "spe": 31}, "item": "White Herb", "teraType": "Fighting", "role": "Tera Blast user", "bvs": {"hp": 60, "atk": 65, "def": 65, "spa": 134, "spd": 114, "spe": 70}, "stats": {"hp": 222, "atk": 106, "def": 146, "spa": 254, "spd": 223, "spe": 154}, "types": ["Ghost"]}, "Meganium": {"name": "Meganium", "species": "Meganium", "speciesId": "meganium", "gender": "F", "shiny": false, "level": 90, "moves": ["knockoff", "dragontail", "energyball", "synthesis"], "ability": "Overgrow", "evs": {"hp": 85, "atk": 85, "def": 85, "spa": 85, "spd": 85, "spe": 85}, "ivs": {"hp": 31, "atk": 31, "def": 31, "spa": 31, "spd": 31, "spe": 31}, "item": "Leftovers", "teraType": "Poison", "role": "Bulky Attacker", "bvs": {"hp": 80, "atk": 82, "def": 100, "spa": 83, "spd": 100, "spe": 80}, "stats": {"hp": 290, "atk": 199, "def": 231, "spa": 201, "spd": 231, "spe": 195}, "types": ["Grass"]}, "Alomomola": {"name": "Alomomola", "species": "Alomomola", "speciesId": "alomomola", "gender": "F", "shiny": false, "level": 87, "moves": ["protect", "scald", "wish", "flipturn"], "ability": "Regenerator", "evs": {"hp": 85, "atk": 85, "def": 85, "spa": 85, "spd": 85, "spe": 85}, "ivs": {"hp": 31, "atk": 31, "def": 31, "spa": 31, "spd": 31, "spe": 31}, "item": "Leftovers", "teraType": "Poison", "role": "Bulky Support", "bvs": {"hp": 165, "atk": 75, "def": 80, "spa": 40, "spd": 45, "spe": 65}, "stats": {"hp": 429, "atk": 180, "def": 189, "spa": 119, "spd": 128, "spe": 163}, "types": ["Water"]}, "Cobalion": {"name": "Cobalion", "species": "Cobalion", "speciesId": "cobalion", "gender": "N", "shiny": false, "level": 80, "moves": ["vacuumwave", "aurasphere", "flashcannon", "calmmind"], "ability": "Justified", "evs": {"hp": 85, "atk": 0, "def": 85, "spa": 85, "spd": 85, "spe": 85}, "ivs": {"hp": 31, "atk": 0, "def": 31, "spa": 31, "spd": 31, "spe": 31}, "item": "Leftovers", "teraType": "Fighting", "role": "Bulky Setup", "bvs": {"hp": 91, "atk": 90, "def": 129, "spa": 90, "spd": 72, "spe": 108}, "stats": {"hp": 277, "atk": 149, "def": 253, "spa": 190, "spd": 161, "spe": 219}, "types": ["Steel", "Fighting"]}, "Bastiodon": {"name": "Bastiodon", "species": "Bastiodon", "speciesId": "bastiodon", "gender": "M", "shiny": false, "level": 89, "moves": ["irondefense", "rest", "foulplay", "bodypress"], "ability": "Soundproof", "evs": {"hp": 85, "atk": 0, "def": 85, "spa": 85, "spd": 85, "spe": 85}, "ivs": {"hp": 31, "atk": 0, "def": 31, "spa": 31, "spd": 31, "spe": 31}, "item": "Chesto Berry", "teraType": "Fighting", "role": "Bulky Setup", "bvs": {"hp": 60, "atk": 52, "def": 168, "spa": 47, "spd": 138, "spe": 30}, "stats": {"hp": 252, "atk": 97, "def": 350, "spa": 134, "spd": 296, "spe": 104}, "types": ["Rock", "Steel"]}, "Cacturne": {"name": "Cacturne", "species": "Cacturne", "speciesId": "cacturne", "gender": "M", "shiny": false, "level": 92, "moves": ["focusblast", "knockoff", "leafstorm", "suckerpunch"], "ability": "Water Absorb", "evs": {"hp": 85, "atk": 85, "def": 85, "spa": 85, "spd": 85, "spe": 85}, "ivs": {"hp": 31, "atk": 31, "def": 31, "spa": 31, "spd": 31, "spe": 31}, "item": "Life Orb", "teraType": "Dark", "role": "Wallbreaker", "bvs": {"hp": 70, "atk": 115, "def": 60, "spa": 115, "spd": 60, "spe": 55}, "stats": {"hp": 278, "atk": 264, "def": 163, "spa": 264, "spd": 163, "spe": 154}, "types": ["Grass", "Dark"]}}]}