{"id": "gen9randombattle-2641683145", "format": "[Gen 9] Random Battle", "players": ["CandleBlue", "eaglecarson214"], "log": "|j|\u2606CandleBlue\n|j|\u2606eaglecarson214\n|t:|1782829348\n|gametype|singles\n|player|p1|CandleBlue|1|2218\n|player|p2|eaglecarson214|clown|2262\n|gen|9\n|tier|[Gen 9] Random Battle\n|rated|\n|rule|Species Clause: Limit one of each Pok\u00e9mon\n|rule|HP Percentage Mod: HP is shown in percentages\n|rule|Sleep Clause Mod: Limit one foe put to sleep\n|rule|Illusion Level Mod: Illusion disguises the Pok\u00e9mon's true level\n|\n|t:|1782829348\n|teamsize|p1|6\n|teamsize|p2|6\n|start\n|switch|p1a: Gouging Fire|Gouging Fire, L74|277/277\n|switch|p2a: Tinkaton|Tinkaton, L82, F|274/274\n|-ability|p2a: Tinkaton|Mold Breaker\n|turn|1\n|inactive|Battle timer is ON: inactive players will automatically lose when time's up. (requested by eaglecarson214)\n|\n|t:|1782829376\n|move|p2a: Tinkaton|Knock Off|p1a: Gouging Fire\n|-damage|p1a: Gouging Fire|230/277\n|-enditem|p1a: Gouging Fire|Heavy-Duty Boots|[from] move: Knock Off|[of] p2a: Tinkaton\n|move|p1a: Gouging Fire|Dragon Dance|p1a: Gouging Fire\n|-boost|p1a: Gouging Fire|atk|1\n|-boost|p1a: Gouging Fire|spe|1\n|\n|upkeep\n|turn|2\n|\n|t:|1782829388\n|switch|p2a: Stonjourner|Stonjourner, L91, F|330/330\n|move|p1a: Gouging Fire|Heat Crash|p2a: Stonjourner\n|-resisted|p2a: Stonjourner\n|-damage|p2a: Stonjourner|313/330\n|\n|upkeep\n|turn|3\n|\n|t:|1782829403\n|-end|p1a: Gouging Fire|Protosynthesis|[silent]\n|switch|p1a: Sandaconda|Sandaconda, L84, F|258/258\n|move|p2a: Stonjourner|Stealth Rock|p1a: Sandaconda\n|-sidestart|p1: CandleBlue|move: Stealth Rock\n|\n|upkeep\n|turn|4\n|\n|t:|1782829414\n|switch|p2a: Phione|Phione, L91|293/293\n|move|p1a: Sandaconda|Glare|p2a: Phione\n|-status|p2a: Phione|par\n|\n|upkeep\n|turn|5\n|\n|t:|1782829430\n|switch|p1a: Metagross|Metagross, L79|256/256\n|-damage|p1a: Metagross|240/256|[from] Stealth Rock\n|cant|p2a: Phione|par\n|\n|upkeep\n|turn|6\n|\n|t:|1782829436\n|move|p1a: Metagross|Psychic Fangs|p2a: Phione\n|-damage|p2a: Phione|142/293 par\n|cant|p2a: Phione|par\n|\n|-heal|p2a: Phione|160/293 par|[from] item: Leftovers\n|upkeep\n|turn|7\n|\n|t:|1782829440\n|move|p1a: Metagross|Psychic Fangs|p2a: Phione\n|-damage|p2a: Phione|1/293 par\n|cant|p2a: Phione|par\n|\n|-heal|p2a: Phione|19/293 par|[from] item: Leftovers\n|upkeep\n|turn|8\n|\n|t:|1782829443\n|switch|p2a: Moltres|Moltres, L81|278/278\n|move|p1a: Metagross|Psychic Fangs|p2a: Moltres\n|-damage|p2a: Moltres|106/278\n|\n|upkeep\n|turn|9\n|j| Agnes Digitals alt\n|\n|t:|1782829451\n|switch|p1a: Houndoom|Houndoom, L87, F|272/272\n|move|p2a: Moltres|Scorching Sands|p1a: Houndoom\n|-supereffective|p1a: Houndoom\n|-damage|p1a: Houndoom|160/272\n|\n|upkeep\n|turn|10\n|\n|t:|1782829461\n|switch|p2a: Phione|Phione, L91|19/293 par\n|move|p1a: Houndoom|Nasty Plot|p1a: Houndoom\n|-boost|p1a: Houndoom|spa|2\n|\n|-heal|p2a: Phione|37/293 par|[from] item: Leftovers\n|upkeep\n|turn|11\n|\n|t:|1782829465\n|move|p1a: Houndoom|Dark Pulse|p2a: Phione\n|-damage|p2a: Phione|0 fnt\n|faint|p2a: Phione\n|\n|upkeep\n|\n|t:|1782829472\n|switch|p2a: Greedent|Greedent, L86, M|347/347\n|turn|12\n|\n|t:|1782829490\n|switch|p1a: Sandaconda|Sandaconda, L84, F|258/258\n|-damage|p1a: Sandaconda|242/258|[from] Stealth Rock\n|move|p2a: Greedent|Earthquake|p1a: Sandaconda\n|-damage|p1a: Sandaconda|182/258\n|\n|-heal|p1a: Sandaconda|198/258|[from] item: Leftovers\n|upkeep\n|turn|13\n|\n|t:|1782829497\n|move|p1a: Sandaconda|Coil|p1a: Sandaconda\n|-boost|p1a: Sandaconda|atk|1\n|-boost|p1a: Sandaconda|def|1\n|-boost|p1a: Sandaconda|accuracy|1\n|move|p2a: Greedent|Swords Dance|p2a: Greedent\n|-boost|p2a: Greedent|atk|2\n|\n|-heal|p1a: Sandaconda|214/258|[from] item: Leftovers\n|upkeep\n|turn|14\n|\n|t:|1782829501\n|move|p1a: Sandaconda|Coil|p1a: Sandaconda\n|-boost|p1a: Sandaconda|atk|1\n|-boost|p1a: Sandaconda|def|1\n|-boost|p1a: Sandaconda|accuracy|1\n|move|p2a: Greedent|Swords Dance|p2a: Greedent\n|-boost|p2a: Greedent|atk|2\n|\n|-heal|p1a: Sandaconda|230/258|[from] item: Leftovers\n|upkeep\n|turn|15\n|\n|t:|1782829505\n|move|p1a: Sandaconda|Coil|p1a: Sandaconda\n|-boost|p1a: Sandaconda|atk|1\n|-boost|p1a: Sandaconda|def|1\n|-boost|p1a: Sandaconda|accuracy|1\n|move|p2a: Greedent|Swords Dance|p2a: Greedent\n|-boost|p2a: Greedent|atk|2\n|\n|-heal|p1a: Sandaconda|246/258|[from] item: Leftovers\n|upkeep\n|turn|16\n|\n|t:|1782829508\n|move|p1a: Sandaconda|Coil|p1a: Sandaconda\n|-boost|p1a: Sandaconda|atk|1\n|-boost|p1a: Sandaconda|def|1\n|-boost|p1a: Sandaconda|accuracy|1\n|move|p2a: Greedent|Double-Edge|p1a: Sandaconda\n|-damage|p1a: Sandaconda|117/258\n|-damage|p2a: Greedent|304/347|[from] Recoil\n|\n|-heal|p1a: Sandaconda|133/258|[from] item: Leftovers\n|upkeep\n|turn|17\n|\n|t:|1782829512\n|move|p1a: Sandaconda|Earthquake|p2a: Greedent\n|-damage|p2a: Greedent|0 fnt\n|faint|p2a: Greedent\n|\n|-heal|p1a: Sandaconda|149/258|[from] item: Leftovers\n|upkeep\n|\n|t:|1782829519\n|switch|p2a: Tinkaton|Tinkaton, L82, F|274/274\n|-ability|p2a: Tinkaton|Mold Breaker\n|turn|18\n|\n|t:|1782829533\n|move|p2a: Tinkaton|Encore|p1a: Sandaconda\n|-start|p1a: Sandaconda|Encore\n|move|p1a: Sandaconda|Earthquake|p2a: Tinkaton\n|-supereffective|p2a: Tinkaton\n|-damage|p2a: Tinkaton|0 fnt\n|faint|p2a: Tinkaton\n|\n|-heal|p1a: Sandaconda|165/258|[from] item: Leftovers\n|upkeep\n|\n|t:|1782829535\n|switch|p2a: Moltres|Moltres, L81|106/278\n|turn|19\n|\n|t:|1782829549\n|move|p2a: Moltres|Roost|p2a: Moltres\n|-heal|p2a: Moltres|245/278\n|-singleturn|p2a: Moltres|move: Roost\n|move|p1a: Sandaconda|Earthquake|p2a: Moltres\n|-supereffective|p2a: Moltres\n|-damage|p2a: Moltres|0 fnt\n|faint|p2a: Moltres\n|\n|-heal|p1a: Sandaconda|181/258|[from] item: Leftovers\n|upkeep\n|-message|eaglecarson214 forfeited.\n|\n|win|CandleBlue\n", "inputlog": ">version f8ac14003a5f27e1bdc8d8c59608a773c1cb96e5\n>start {\"formatid\":\"gen9randombattle\",\"seed\":\"sodium,96c23de7ff4a9182b6ea77976215bdea\",\"rated\":\"Rated battle\"}\n>player p1 {\"name\":\"CandleBlue\",\"avatar\":\"1\",\"rating\":2218,\"seed\":\"sodium,5fb50e6c3a69747e6608d4cefee5bcc5\"}\n>player p2 {\"name\":\"eaglecarson214\",\"avatar\":\"clown\",\"rating\":2262,\"seed\":\"sodium,a300f974ac8140eb36d72bbd7dc60ceb\"}\n>p1 move dragondance\n>p2 move knockoff\n>p1 move heatcrash\n>p2 switch 4\n>p1 switch 3\n>p2 move stealthrock\n>p1 move glare\n>p2 switch 2\n>p1 switch 2\n>p2 move takeheart\n>p1 move psychicfangs\n>p2 move takeheart\n>p1 move psychicfangs\n>p2 move takeheart\n>p1 move psychicfangs\n>p2 switch 6\n>p1 switch 4\n>p2 move scorchingsands\n>p1 move nastyplot\n>p2 switch 6\n>p1 move darkpulse\n>p2 move scald\n>p2 switch 5\n>p1 switch 2\n>p2 move earthquake\n>p1 move coil\n>p2 move swordsdance\n>p1 move coil\n>p2 move swordsdance\n>p1 move coil\n>p2 move swordsdance\n>p1 move coil\n>p2 move doubleedge\n>p1 move earthquake\n>p2 move doubleedge\n>p2 switch 4\n>p1 move glare\n>p2 move encore\n>p2 switch 6\n>p1 move earthquake\n>p2 move roost\n>forcelose p2", "uploadtime": 1782829350, "views": 7, "formatid": "gen9randombattle", "rating": null, "private": 0, "password": null, "player_dets": [{"name": "CandleBlue", "avatar": "1", "rating": 2218, "seed": "sodium,5fb50e6c3a69747e6608d4cefee5bcc5"}, {"name": "eaglecarson214", "avatar": "clown", "rating": 2262, "seed": "sodium,a300f974ac8140eb36d72bbd7dc60ceb"}], "teams_full": [{"Gouging Fire": {"name": "Gouging Fire", "species": "Gouging Fire", "speciesId": "gougingfire", "gender": "N", "shiny": false, "level": 74, "moves": ["heatcrash", "dragondance", "outrage", "earthquake"], "ability": "Protosynthesis", "evs": {"hp": 85, "atk": 85, "def": 85, "spa": 85, "spd": 85, "spe": 85}, "ivs": {"hp": 31, "atk": 31, "def": 31, "spa": 31, "spd": 31, "spe": 31}, "item": "Heavy-Duty Boots", "teraType": "Ground", "role": "Setup Sweeper", "bvs": {"hp": 105, "atk": 115, "def": 121, "spa": 65, "spd": 93, "spe": 91}, "stats": {"hp": 277, "atk": 213, "def": 222, "spa": 139, "spd": 181, "spe": 178}, "types": ["Fire", "Dragon"]}, "Metagross": {"name": "Metagross", "species": "Metagross", "speciesId": "metagross", "gender": "N", "shiny": false, "level": 79, "moves": ["bulletpunch", "knockoff", "psychicfangs", "heavyslam"], "ability": "Clear Body", "evs": {"hp": 85, "atk": 85, "def": 85, "spa": 85, "spd": 85, "spe": 85}, "ivs": {"hp": 31, "atk": 31, "def": 31, "spa": 31, "spd": 31, "spe": 31}, "item": "Choice Band", "teraType": "Water", "role": "Bulky Support", "bvs": {"hp": 80, "atk": 135, "def": 130, "spa": 95, "spd": 90, "spe": 70}, "stats": {"hp": 256, "atk": 259, "def": 251, "spa": 196, "spd": 188, "spe": 156}, "types": ["Steel", "Psychic"]}, "Sandaconda": {"name": "Sandaconda", "species": "Sandaconda", "speciesId": "sandaconda", "gender": "F", "shiny": false, "level": 84, "moves": ["stoneedge", "coil", "earthquake", "glare"], "ability": "Shed Skin", "evs": {"hp": 85, "atk": 85, "def": 85, "spa": 85, "spd": 85, "spe": 85}, "ivs": {"hp": 31, "atk": 31, "def": 31, "spa": 31, "spd": 31, "spe": 31}, "item": "Leftovers", "teraType": "Dragon", "role": "Bulky Setup", "bvs": {"hp": 72, "atk": 107, "def": 125, "spa": 65, "spd": 70, "spe": 71}, "stats": {"hp": 258, "atk": 228, "def": 258, "spa": 157, "spd": 166, "spe": 167}, "types": ["Ground"]}, "Houndoom": {"name": "Houndoom", "species": "Houndoom", "speciesId": "houndoom", "gender": "F", "shiny": false, "level": 87, "moves": ["nastyplot", "suckerpunch", "fireblast", "darkpulse"], "ability": "Flash Fire", "evs": {"hp": 85, "atk": 85, "def": 85, "spa": 85, "spd": 85, "spe": 85}, "ivs": {"hp": 31, "atk": 31, "def": 31, "spa": 31, "spd": 31, "spe": 31}, "item": "Heavy-Duty Boots", "teraType": "Dark", "role": "Fast Attacker", "bvs": {"hp": 75, "atk": 90, "def": 50, "spa": 110, "spd": 80, "spe": 95}, "stats": {"hp": 272, "atk": 206, "def": 137, "spa": 241, "spd": 189, "spe": 215}, "types": ["Dark", "Fire"]}, "Masquerain": {"name": "Masquerain", "species": "Masquerain", "speciesId": "masquerain", "gender": "F", "shiny": false, "level": 87, "moves": ["bugbuzz", "hydropump", "quiverdance", "hurricane"], "ability": "Intimidate", "evs": {"hp": 85, "atk": 0, "def": 85, "spa": 85, "spd": 85, "spe": 85}, "ivs": {"hp": 31, "atk": 0, "def": 31, "spa": 31, "spd": 31, "spe": 31}, "item": "Heavy-Duty Boots", "teraType": "Water", "role": "Setup Sweeper", "bvs": {"hp": 70, "atk": 60, "def": 62, "spa": 100, "spd": 82, "spe": 80}, "stats": {"hp": 264, "atk": 109, "def": 158, "spa": 224, "spd": 192, "spe": 189}, "types": ["Bug", "Flying"]}, "Arceus": {"name": "Arceus", "species": "Arceus-Dragon", "speciesId": "arceusdragon", "gender": "N", "shiny": false, "level": 71, "moves": ["flareblitz", "heavyslam", "outrage", "swordsdance"], "ability": "Multitype", "evs": {"hp": 85, "atk": 85, "def": 85, "spa": 85, "spd": 85, "spe": 85}, "ivs": {"hp": 31, "atk": 31, "def": 31, "spa": 31, "spd": 31, "spe": 31}, "item": "Draco Plate", "teraType": "Fire", "role": "Setup Sweeper", "bvs": {"hp": 120, "atk": 120, "def": 120, "spa": 120, "spd": 120, "spe": 120}, "stats": {"hp": 288, "atk": 212, "def": 212, "spa": 212, "spd": 212, "spe": 212}, "types": ["Dragon"]}}, {"Tinkaton": {"name": "Tinkaton", "species": "Tinkaton", "speciesId": "tinkaton", "gender": "F", "shiny": false, "level": 82, "moves": ["knockoff", "gigatonhammer", "playrough", "encore"], "ability": "Mold Breaker", "evs": {"hp": 85, "atk": 85, "def": 85, "spa": 85, "spd": 85, "spe": 85}, "ivs": {"hp": 31, "atk": 31, "def": 31, "spa": 31, "spd": 31, "spe": 31}, "item": "Leftovers", "teraType": "Water", "role": "Bulky Attacker", "bvs": {"hp": 85, "atk": 75, "def": 77, "spa": 70, "spd": 105, "spe": 94}, "stats": {"hp": 274, "atk": 170, "def": 173, "spa": 162, "spd": 219, "spe": 201}, "types": ["Fairy", "Steel"]}, "Phione": {"name": "Phione", "species": "Phione", "speciesId": "phione", "gender": "N", "shiny": false, "level": 91, "moves": ["scald", "grassknot", "icebeam", "takeheart"], "ability": "Hydration", "evs": {"hp": 85, "atk": 0, "def": 85, "spa": 85, "spd": 85, "spe": 85}, "ivs": {"hp": 31, "atk": 0, "def": 31, "spa": 31, "spd": 31, "spe": 31}, "item": "Leftovers", "teraType": "Grass", "role": "Bulky Attacker", "bvs": {"hp": 80, "atk": 80, "def": 80, "spa": 80, "spd": 80, "spe": 80}, "stats": {"hp": 293, "atk": 150, "def": 197, "spa": 197, "spd": 197, "spe": 197}, "types": ["Water"]}, "Glastrier": {"name": "Glastrier", "species": "Glastrier", "speciesId": "glastrier", "gender": "N", "shiny": false, "level": 86, "moves": ["iciclecrash", "highhorsepower", "closecombat", "swordsdance"], "ability": "Chilling Neigh", "evs": {"hp": 85, "atk": 85, "def": 85, "spa": 85, "spd": 85, "spe": 85}, "ivs": {"hp": 31, "atk": 31, "def": 31, "spa": 31, "spd": 31, "spe": 31}, "item": "Heavy-Duty Boots", "teraType": "Fighting", "role": "Bulky Attacker", "bvs": {"hp": 100, "atk": 145, "def": 130, "spa": 65, "spd": 110, "spe": 30}, "stats": {"hp": 312, "atk": 299, "def": 273, "spa": 161, "spd": 238, "spe": 101}, "types": ["Ice"]}, "Stonjourner": {"name": "Stonjourner", "species": "Stonjourner", "speciesId": "stonjourner", "gender": "F", "shiny": false, "level": 91, "moves": ["earthquake", "heatcrash", "stoneedge", "stealthrock"], "ability": "Power Spot", "evs": {"hp": 85, "atk": 85, "def": 85, "spa": 85, "spd": 85, "spe": 85}, "ivs": {"hp": 31, "atk": 31, "def": 31, "spa": 31, "spd": 31, "spe": 31}, "item": "Life Orb", "teraType": "Ground", "role": "Fast Attacker", "bvs": {"hp": 100, "atk": 125, "def": 135, "spa": 20, "spd": 20, "spe": 70}, "stats": {"hp": 330, "atk": 279, "def": 298, "spa": 88, "spd": 88, "spe": 179}, "types": ["Rock"]}, "Greedent": {"name": "Greedent", "species": "Greedent", "speciesId": "greedent", "gender": "M", "shiny": false, "level": 86, "moves": ["swordsdance", "doubleedge", "earthquake", "knockoff"], "ability": "Cheek Pouch", "evs": {"hp": 85, "atk": 85, "def": 85, "spa": 85, "spd": 85, "spe": 85}, "ivs": {"hp": 31, "atk": 31, "def": 31, "spa": 31, "spd": 31, "spe": 31}, "item": "Sitrus Berry", "teraType": "Ground", "role": "Bulky Setup", "bvs": {"hp": 120, "atk": 95, "def": 95, "spa": 55, "spd": 75, "spe": 20}, "stats": {"hp": 347, "atk": 213, "def": 213, "spa": 144, "spd": 178, "spe": 84}, "types": ["Normal"]}, "Moltres": {"name": "Moltres", "species": "Moltres", "speciesId": "moltres", "gender": "N", "shiny": false, "level": 81, "moves": ["scorchingsands", "fireblast", "roost", "bravebird"], "ability": "Flame Body", "evs": {"hp": 85, "atk": 85, "def": 85, "spa": 85, "spd": 85, "spe": 85}, "ivs": {"hp": 31, "atk": 31, "def": 31, "spa": 31, "spd": 31, "spe": 31}, "item": "Heavy-Duty Boots", "teraType": "Steel", "role": "Bulky Attacker", "bvs": {"hp": 90, "atk": 100, "def": 90, "spa": 125, "spd": 85, "spe": 90}, "stats": {"hp": 278, "atk": 209, "def": 192, "spa": 249, "spd": 184, "spe": 192}, "types": ["Fire", "Flying"]}}]}