{"id": "gen9randombattle-2641454292", "format": "[Gen 9] Random Battle", "players": ["noluckboi", "oOSetonOo"], "log": "|j|\u2606noluckboi\n|j|\u2606oOSetonOo\n|t:|1782787239\n|gametype|singles\n|player|p1|noluckboi|brawly|1898\n|player|p2|oOSetonOo|265|1951\n|gen|9\n|tier|[Gen 9] Random Battle\n|rated|\n|rule|Species Clause: Limit one of each Pok\u00e9mon\n|rule|HP Percentage Mod: HP is shown in percentages\n|rule|Sleep Clause Mod: Limit one foe put to sleep\n|rule|Illusion Level Mod: Illusion disguises the Pok\u00e9mon's true level\n|\n|t:|1782787239\n|teamsize|p1|6\n|teamsize|p2|6\n|start\n|switch|p1a: Yanmega|Yanmega, L82, M|275/275\n|switch|p2a: Oricorio|Oricorio-Pa'u, L87, M|272/272\n|turn|1\n|\n|t:|1782787275\n|move|p2a: Oricorio|Quiver Dance|p2a: Oricorio\n|-boost|p2a: Oricorio|spa|1\n|-boost|p2a: Oricorio|spd|1\n|-boost|p2a: Oricorio|spe|1\n|move|p1a: Yanmega|Bug Buzz|p2a: Oricorio\n|-damage|p2a: Oricorio|193/272\n|\n|-ability|p1a: Yanmega|Speed Boost|boost\n|-boost|p1a: Yanmega|spe|1\n|upkeep\n|turn|2\n|inactive|Battle timer is ON: inactive players will automatically lose when time's up. (requested by noluckboi)\n|\n|t:|1782787290\n|move|p1a: Yanmega|Protect|p1a: Yanmega\n|-singleturn|p1a: Yanmega|Protect\n|move|p2a: Oricorio|Hurricane|p1a: Yanmega\n|-activate|p1a: Yanmega|move: Protect\n|\n|-ability|p1a: Yanmega|Speed Boost|boost\n|-boost|p1a: Yanmega|spe|1\n|upkeep\n|turn|3\n|\n|t:|1782787302\n|move|p1a: Yanmega|Air Slash|p2a: Oricorio\n|-damage|p2a: Oricorio|127/272\n|move|p2a: Oricorio|Hurricane|p1a: Yanmega|[miss]\n|-miss|p2a: Oricorio|p1a: Yanmega\n|\n|-ability|p1a: Yanmega|Speed Boost|boost\n|-boost|p1a: Yanmega|spe|1\n|upkeep\n|turn|4\n|\n|t:|1782787310\n|move|p1a: Yanmega|Air Slash|p2a: Oricorio\n|-damage|p2a: Oricorio|66/272\n|move|p2a: Oricorio|Roost|p2a: Oricorio\n|-heal|p2a: Oricorio|202/272\n|-singleturn|p2a: Oricorio|move: Roost\n|\n|-ability|p1a: Yanmega|Speed Boost|boost\n|-boost|p1a: Yanmega|spe|1\n|upkeep\n|turn|5\n|\n|t:|1782787319\n|switch|p1a: Pachirisu|Pachirisu, L96, M|271/271\n|move|p2a: Oricorio|Quiver Dance|p2a: Oricorio\n|-boost|p2a: Oricorio|spa|1\n|-boost|p2a: Oricorio|spd|1\n|-boost|p2a: Oricorio|spe|1\n|\n|upkeep\n|turn|6\n|\n|t:|1782787327\n|-terastallize|p2a: Oricorio|Ground\n|move|p2a: Oricorio|Revelation Dance|p1a: Pachirisu\n|-supereffective|p1a: Pachirisu\n|-damage|p1a: Pachirisu|0 fnt\n|faint|p1a: Pachirisu\n|\n|upkeep\n|\n|t:|1782787337\n|switch|p1a: Cresselia|Cresselia, L80, F|323/323\n|turn|7\n|\n|t:|1782787342\n|move|p2a: Oricorio|Hurricane|p1a: Cresselia\n|-damage|p1a: Cresselia|118/323\n|-start|p1a: Cresselia|confusion\n|-activate|p1a: Cresselia|confusion\n|move|p1a: Cresselia|Calm Mind|p1a: Cresselia\n|-boost|p1a: Cresselia|spa|1\n|-boost|p1a: Cresselia|spd|1\n|\n|-heal|p1a: Cresselia|138/323|[from] item: Leftovers\n|upkeep\n|turn|8\n|\n|t:|1782787350\n|move|p2a: Oricorio|Hurricane|p1a: Cresselia|[miss]\n|-miss|p2a: Oricorio|p1a: Cresselia\n|-end|p1a: Cresselia|confusion\n|move|p1a: Cresselia|Moonlight|p1a: Cresselia\n|-heal|p1a: Cresselia|299/323\n|\n|-heal|p1a: Cresselia|319/323|[from] item: Leftovers\n|upkeep\n|turn|9\n|\n|t:|1782787360\n|move|p2a: Oricorio|Quiver Dance|p2a: Oricorio\n|-boost|p2a: Oricorio|spa|1\n|-boost|p2a: Oricorio|spd|1\n|-boost|p2a: Oricorio|spe|1\n|move|p1a: Cresselia|Calm Mind|p1a: Cresselia\n|-boost|p1a: Cresselia|spa|1\n|-boost|p1a: Cresselia|spd|1\n|\n|-heal|p1a: Cresselia|323/323|[from] item: Leftovers\n|upkeep\n|turn|10\n|\n|t:|1782787368\n|move|p2a: Oricorio|Hurricane|p1a: Cresselia\n|-damage|p1a: Cresselia|193/323\n|-start|p1a: Cresselia|confusion\n|-activate|p1a: Cresselia|confusion\n|move|p1a: Cresselia|Calm Mind|p1a: Cresselia\n|-boost|p1a: Cresselia|spa|1\n|-boost|p1a: Cresselia|spd|1\n|\n|-heal|p1a: Cresselia|213/323|[from] item: Leftovers\n|upkeep\n|turn|11\n|\n|t:|1782787379\n|move|p2a: Oricorio|Hurricane|p1a: Cresselia\n|-damage|p1a: Cresselia|119/323\n|-end|p1a: Cresselia|confusion\n|move|p1a: Cresselia|Moonlight|p1a: Cresselia\n|-heal|p1a: Cresselia|280/323\n|\n|-heal|p1a: Cresselia|300/323|[from] item: Leftovers\n|upkeep\n|turn|12\n|\n|t:|1782787394\n|move|p2a: Oricorio|Hurricane|p1a: Cresselia\n|-damage|p1a: Cresselia|200/323\n|move|p1a: Cresselia|Calm Mind|p1a: Cresselia\n|-boost|p1a: Cresselia|spa|1\n|-boost|p1a: Cresselia|spd|1\n|\n|-heal|p1a: Cresselia|220/323|[from] item: Leftovers\n|upkeep\n|turn|13\n|\n|t:|1782787404\n|move|p2a: Oricorio|Hurricane|p1a: Cresselia|[miss]\n|-miss|p2a: Oricorio|p1a: Cresselia\n|move|p1a: Cresselia|Calm Mind|p1a: Cresselia\n|-boost|p1a: Cresselia|spa|1\n|-boost|p1a: Cresselia|spd|1\n|\n|-heal|p1a: Cresselia|240/323|[from] item: Leftovers\n|upkeep\n|turn|14\n|\n|t:|1782787412\n|move|p2a: Oricorio|Hurricane|p1a: Cresselia\n|-damage|p1a: Cresselia|170/323\n|move|p1a: Cresselia|Calm Mind|p1a: Cresselia\n|-boost|p1a: Cresselia|spa|1\n|-boost|p1a: Cresselia|spd|1\n|\n|-heal|p1a: Cresselia|190/323|[from] item: Leftovers\n|upkeep\n|turn|15\n|\n|t:|1782787420\n|move|p2a: Oricorio|Hurricane|p1a: Cresselia\n|-damage|p1a: Cresselia|126/323\n|move|p1a: Cresselia|Moonlight|p1a: Cresselia\n|-heal|p1a: Cresselia|287/323\n|\n|-heal|p1a: Cresselia|307/323|[from] item: Leftovers\n|upkeep\n|turn|16\n|\n|t:|1782787427\n|move|p2a: Oricorio|Quiver Dance|p2a: Oricorio\n|-boost|p2a: Oricorio|spa|1\n|-boost|p2a: Oricorio|spd|1\n|-boost|p2a: Oricorio|spe|1\n|move|p1a: Cresselia|Psyshock|p2a: Oricorio\n|-damage|p2a: Oricorio|0 fnt\n|faint|p2a: Oricorio\n|\n|-heal|p1a: Cresselia|323/323|[from] item: Leftovers\n|upkeep\n|\n|t:|1782787448\n|switch|p2a: Snorlax|Snorlax, L82, F|397/397\n|turn|17\n|\n|t:|1782787453\n|move|p1a: Cresselia|Psyshock|p2a: Snorlax\n|-damage|p2a: Snorlax|66/397\n|move|p2a: Snorlax|Body Slam|p1a: Cresselia\n|-crit|p1a: Cresselia\n|-damage|p1a: Cresselia|197/323\n|-status|p1a: Cresselia|par\n|\n|-heal|p2a: Snorlax|90/397|[from] item: Leftovers\n|-heal|p1a: Cresselia|217/323 par|[from] item: Leftovers\n|upkeep\n|turn|18\n|\n|t:|1782787465\n|move|p2a: Snorlax|Body Slam|p1a: Cresselia\n|-damage|p1a: Cresselia|135/323 par\n|move|p1a: Cresselia|Psyshock|p2a: Snorlax\n|-damage|p2a: Snorlax|0 fnt\n|faint|p2a: Snorlax\n|\n|-heal|p1a: Cresselia|155/323 par|[from] item: Leftovers\n|upkeep\n|\n|t:|1782787473\n|switch|p2a: Banette|Banette, L93, M|270/270\n|turn|19\n|\n|t:|1782787478\n|move|p2a: Banette|Poltergeist|p1a: Cresselia\n|-activate|p1a: Cresselia|move: Poltergeist|Leftovers\n|-supereffective|p1a: Cresselia\n|-damage|p1a: Cresselia|0 fnt\n|faint|p1a: Cresselia\n|-damage|p2a: Banette|243/270|[from] item: Life Orb\n|\n|upkeep\n|\n|t:|1782787497\n|switch|p1a: Kleavor|Kleavor, L78, F|237/237\n|turn|20\n|inactive|oOSetonOo has 120 seconds left.\n|\n|t:|1782787527\n|switch|p2a: Swalot|Swalot, L90, F|326/326\n|move|p1a: Kleavor|Stone Axe|p2a: Swalot\n|-damage|p2a: Swalot|215/326\n|-sidestart|p2: oOSetonOo|move: Stealth Rock\n|\n|-heal|p2a: Swalot|235/326|[from] item: Leftovers\n|upkeep\n|turn|21\n|\n|t:|1782787536\n|move|p1a: Kleavor|Stone Axe|p2a: Swalot\n|-damage|p2a: Swalot|112/326\n|move|p2a: Swalot|Knock Off|p1a: Kleavor\n|-damage|p1a: Kleavor|170/237\n|-enditem|p1a: Kleavor|Heavy-Duty Boots|[from] move: Knock Off|[of] p2a: Swalot\n|\n|-heal|p2a: Swalot|132/326|[from] item: Leftovers\n|upkeep\n|turn|22\n|\n|t:|1782787546\n|move|p1a: Kleavor|Stone Axe|p2a: Swalot\n|-damage|p2a: Swalot|21/326\n|move|p2a: Swalot|Gunk Shot|p1a: Kleavor|[miss]\n|-miss|p2a: Swalot|p1a: Kleavor\n|\n|-heal|p2a: Swalot|41/326|[from] item: Leftovers\n|upkeep\n|turn|23\n|\n|t:|1782787555\n|move|p1a: Kleavor|Stone Axe|p2a: Swalot\n|-damage|p2a: Swalot|0 fnt\n|faint|p2a: Swalot\n|\n|upkeep\n|\n|t:|1782787560\n|switch|p2a: Muk|Muk, L86, M|321/321\n|-damage|p2a: Muk|281/321|[from] Stealth Rock\n|turn|24\n|\n|t:|1782787565\n|move|p1a: Kleavor|Stone Axe|p2a: Muk\n|-damage|p2a: Muk|161/321\n|move|p2a: Muk|Gunk Shot|p1a: Kleavor\n|-resisted|p1a: Kleavor\n|-damage|p1a: Kleavor|104/237\n|\n|upkeep\n|turn|25\n|\n|t:|1782787573\n|move|p1a: Kleavor|Stone Axe|p2a: Muk\n|-damage|p2a: Muk|29/321\n|move|p2a: Muk|Gunk Shot|p1a: Kleavor\n|-resisted|p1a: Kleavor\n|-damage|p1a: Kleavor|37/237\n|\n|upkeep\n|turn|26\n|\n|t:|1782787580\n|move|p2a: Muk|Shadow Sneak|p1a: Kleavor\n|-damage|p1a: Kleavor|5/237\n|move|p1a: Kleavor|Stone Axe|p2a: Muk\n|-damage|p2a: Muk|0 fnt\n|faint|p2a: Muk\n|\n|upkeep\n|\n|t:|1782787586\n|switch|p2a: Banette|Banette, L93, M|243/270\n|-damage|p2a: Banette|210/270|[from] Stealth Rock\n|turn|27\n|\n|t:|1782787590\n|move|p2a: Banette|Shadow Sneak|p1a: Kleavor\n|-damage|p1a: Kleavor|0 fnt\n|faint|p1a: Kleavor\n|-damage|p2a: Banette|183/270|[from] item: Life Orb\n|\n|upkeep\n|\n|t:|1782787596\n|switch|p1a: Yanmega|Yanmega, L82, M|275/275\n|turn|28\n|\n|t:|1782787601\n|move|p1a: Yanmega|Air Slash|p2a: Banette\n|-damage|p2a: Banette|81/270\n|-start|p1a: Yanmega|Disable|Air Slash|[from] ability: Cursed Body|[of] p2a: Banette\n|move|p2a: Banette|Poltergeist|p1a: Yanmega\n|-activate|p1a: Yanmega|move: Poltergeist|Heavy-Duty Boots\n|-damage|p1a: Yanmega|71/275\n|-damage|p2a: Banette|54/270|[from] item: Life Orb\n|\n|-ability|p1a: Yanmega|Speed Boost|boost\n|-boost|p1a: Yanmega|spe|1\n|upkeep\n|turn|29\n|\n|t:|1782787612\n|move|p1a: Yanmega|Protect|p1a: Yanmega\n|-singleturn|p1a: Yanmega|Protect\n|move|p2a: Banette|Shadow Sneak|p1a: Yanmega\n|-activate|p1a: Yanmega|move: Protect\n|\n|-ability|p1a: Yanmega|Speed Boost|boost\n|-boost|p1a: Yanmega|spe|1\n|upkeep\n|turn|30\n|\n|t:|1782787622\n|move|p2a: Banette|Shadow Sneak|p1a: Yanmega\n|-damage|p1a: Yanmega|0 fnt\n|faint|p1a: Yanmega\n|-damage|p2a: Banette|27/270|[from] item: Life Orb\n|\n|upkeep\n|\n|t:|1782787627\n|switch|p1a: Rampardos|Rampardos, L90, M|321/321\n|turn|31\n|\n|t:|1782787634\n|move|p2a: Banette|Poltergeist|p1a: Rampardos\n|-activate|p1a: Rampardos|move: Poltergeist|Life Orb\n|-damage|p1a: Rampardos|78/321\n|-damage|p2a: Banette|0 fnt|[from] item: Life Orb\n|faint|p2a: Banette\n|move|p1a: Rampardos|Earthquake|p2: Banette|[notarget]\n|-fail|p1a: Rampardos\n|\n|upkeep\n|\n|t:|1782787642\n|switch|p2a: Chimecho|Chimecho, L93, F|290/290\n|-damage|p2a: Chimecho|254/290|[from] Stealth Rock\n|turn|32\n|\n|t:|1782787650\n|move|p2a: Chimecho|Dazzling Gleam|p1a: Rampardos\n|-damage|p1a: Rampardos|0 fnt\n|faint|p1a: Rampardos\n|\n|-heal|p2a: Chimecho|272/290|[from] item: Leftovers\n|upkeep\n|\n|t:|1782787655\n|switch|p1a: Mewtwo|Mewtwo, L72|272/272\n|-ability|p1a: Mewtwo|Pressure\n|turn|33\n|\n|t:|1782787660\n|move|p1a: Mewtwo|Dark Pulse|p2a: Chimecho\n|-supereffective|p2a: Chimecho\n|-damage|p2a: Chimecho|132/290\n|-damage|p1a: Mewtwo|245/272|[from] item: Life Orb\n|move|p2a: Chimecho|Cosmic Power|p2a: Chimecho\n|-boost|p2a: Chimecho|def|1\n|-boost|p2a: Chimecho|spd|1\n|\n|-heal|p2a: Chimecho|150/290|[from] item: Leftovers\n|upkeep\n|turn|34\n|\n|t:|1782787670\n|move|p1a: Mewtwo|Nasty Plot|p1a: Mewtwo\n|-boost|p1a: Mewtwo|spa|2\n|move|p2a: Chimecho|Recover|p2a: Chimecho\n|-heal|p2a: Chimecho|290/290\n|\n|upkeep\n|turn|35\n|\n|t:|1782787679\n|move|p1a: Mewtwo|Nasty Plot|p1a: Mewtwo\n|-boost|p1a: Mewtwo|spa|2\n|move|p2a: Chimecho|Dazzling Gleam|p1a: Mewtwo\n|-damage|p1a: Mewtwo|173/272\n|\n|upkeep\n|turn|36\n|\n|t:|1782787688\n|move|p1a: Mewtwo|Dark Pulse|p2a: Chimecho\n|-supereffective|p2a: Chimecho\n|-damage|p2a: Chimecho|20/290\n|-damage|p1a: Mewtwo|146/272|[from] item: Life Orb\n|move|p2a: Chimecho|Dazzling Gleam|p1a: Mewtwo\n|-damage|p1a: Mewtwo|67/272\n|\n|-heal|p2a: Chimecho|38/290|[from] item: Leftovers\n|upkeep\n|turn|37\n|\n|t:|1782787697\n|move|p1a: Mewtwo|Dark Pulse|p2a: Chimecho\n|-supereffective|p2a: Chimecho\n|-damage|p2a: Chimecho|0 fnt\n|faint|p2a: Chimecho\n|-damage|p1a: Mewtwo|40/272|[from] item: Life Orb\n|\n|win|noluckboi\n|raw|noluckboi's rating: 1898 &rarr; <strong>1921</strong><br />(+23 for winning)\n|raw|oOSetonOo's rating: 1951 &rarr; <strong>1928</strong><br />(-23 for losing)\n", "inputlog": ">version f8ac14003a5f27e1bdc8d8c59608a773c1cb96e5\n>start {\"formatid\":\"gen9randombattle\",\"seed\":\"sodium,5ed8c7351e01106698ed44cf6395ec6a\",\"rated\":\"Rated battle\"}\n>player p1 {\"name\":\"noluckboi\",\"avatar\":\"brawly\",\"rating\":1898,\"seed\":\"sodium,a12ec5c55399190a3a205ba93db0bef9\"}\n>player p2 {\"name\":\"oOSetonOo\",\"avatar\":\"265\",\"rating\":1951,\"seed\":\"sodium,dc5cbfe3b62364890beb050768d10295\"}\n>p1 move bugbuzz\n>p2 move quiverdance\n>p1 move protect\n>p2 move hurricane\n>p1 move airslash\n>p2 move hurricane\n>p1 move airslash\n>p2 move roost\n>p1 switch 6\n>p2 move quiverdance\n>p1 move encore\n>p2 move revelationdance terastallize\n>p1 switch 5\n>p1 move calmmind\n>p2 move hurricane\n>p1 move moonlight\n>p2 move hurricane\n>p1 move calmmind\n>p2 move quiverdance\n>p1 move calmmind\n>p2 move hurricane\n>p1 move moonlight\n>p2 move hurricane\n>p1 move calmmind\n>p2 move hurricane\n>p1 move calmmind\n>p2 move hurricane\n>p1 move calmmind\n>p2 move hurricane\n>p1 move moonlight\n>p2 move hurricane\n>p1 move psyshock\n>p2 move quiverdance\n>p2 switch 6\n>p1 move psyshock\n>p2 move bodyslam\n>p1 move psyshock\n>p2 move bodyslam\n>p2 switch 3\n>p1 move psyshock\n>p2 move poltergeist\n>p1 switch 4\n>p1 move stoneaxe\n>p2 switch 5\n>p1 move stoneaxe\n>p2 move knockoff\n>p1 move stoneaxe\n>p2 move gunkshot\n>p1 move stoneaxe\n>p2 move knockoff\n>p2 switch 4\n>p1 move stoneaxe\n>p2 move gunkshot\n>p1 move stoneaxe\n>p2 move gunkshot\n>p1 move stoneaxe\n>p2 move shadowsneak\n>p2 switch 5\n>p1 move stoneaxe\n>p2 move shadowsneak\n>p1 switch 6\n>p1 move airslash\n>p2 move poltergeist\n>p1 move protect\n>p2 move shadowsneak\n>p1 move bugbuzz\n>p2 move shadowsneak\n>p1 switch 2\n>p1 move earthquake\n>p2 move poltergeist\n>p2 switch 2\n>p1 move rockslide\n>p2 move dazzlinggleam\n>p1 switch 3\n>p1 move darkpulse\n>p2 move cosmicpower\n>p1 move nastyplot\n>p2 move recover\n>p1 move nastyplot\n>p2 move dazzlinggleam\n>p1 move darkpulse\n>p2 move dazzlinggleam\n>p1 move darkpulse\n>p2 move dazzlinggleam", "uploadtime": 1782787697, "views": 3, "formatid": "gen9randombattle", "rating": 1921, "private": 0, "password": null, "player_dets": [{"name": "noluckboi", "avatar": "brawly", "rating": 1898, "seed": "sodium,a12ec5c55399190a3a205ba93db0bef9"}, {"name": "oOSetonOo", "avatar": "265", "rating": 1951, "seed": "sodium,dc5cbfe3b62364890beb050768d10295"}], "teams_full": [{"Yanmega": {"name": "Yanmega", "species": "Yanmega", "speciesId": "yanmega", "gender": "M", "shiny": false, "level": 82, "moves": ["bugbuzz", "protect", "airslash", "terablast"], "ability": "Speed Boost", "evs": {"hp": 85, "atk": 0, "def": 85, "spa": 85, "spd": 85, "spe": 85}, "ivs": {"hp": 31, "atk": 0, "def": 31, "spa": 31, "spd": 31, "spe": 31}, "item": "Heavy-Duty Boots", "teraType": "Ground", "role": "Tera Blast user", "bvs": {"hp": 86, "atk": 76, "def": 86, "spa": 116, "spd": 56, "spe": 95}, "stats": {"hp": 275, "atk": 129, "def": 188, "spa": 237, "spd": 139, "spe": 203}, "types": ["Bug", "Flying"]}, "Rampardos": {"name": "Rampardos", "species": "Rampardos", "speciesId": "rampardos", "gender": "M", "shiny": false, "level": 90, "moves": ["earthquake", "firepunch", "rockslide", "zenheadbutt"], "ability": "Sheer Force", "evs": {"hp": 85, "atk": 85, "def": 85, "spa": 85, "spd": 85, "spe": 85}, "ivs": {"hp": 31, "atk": 31, "def": 31, "spa": 31, "spd": 31, "spe": 31}, "item": "Life Orb", "teraType": "Fire", "role": "Wallbreaker", "bvs": {"hp": 97, "atk": 165, "def": 60, "spa": 65, "spd": 50, "spe": 58}, "stats": {"hp": 321, "atk": 348, "def": 159, "spa": 168, "spd": 141, "spe": 156}, "types": ["Rock"]}, "Mewtwo": {"name": "Mewtwo", "species": "Mewtwo", "speciesId": "mewtwo", "gender": "N", "shiny": false, "level": 72, "moves": ["darkpulse", "nastyplot", "psystrike", "fireblast"], "ability": "Pressure", "evs": {"hp": 85, "atk": 0, "def": 85, "spa": 85, "spd": 85, "spe": 85}, "ivs": {"hp": 31, "atk": 0, "def": 31, "spa": 31, "spd": 31, "spe": 31}, "item": "Life Orb", "teraType": "Psychic", "role": "Setup Sweeper", "bvs": {"hp": 106, "atk": 110, "def": 90, "spa": 154, "spd": 90, "spe": 130}, "stats": {"hp": 272, "atk": 163, "def": 172, "spa": 264, "spd": 172, "spe": 229}, "types": ["Psychic"]}, "Kleavor": {"name": "Kleavor", "species": "Kleavor", "speciesId": "kleavor", "gender": "F", "shiny": false, "level": 78, "moves": ["stoneaxe", "closecombat", "xscissor", "defog"], "ability": "Sharpness", "evs": {"hp": 85, "atk": 85, "def": 85, "spa": 85, "spd": 85, "spe": 85}, "ivs": {"hp": 31, "atk": 31, "def": 31, "spa": 31, "spd": 31, "spe": 31}, "item": "Heavy-Duty Boots", "teraType": "Rock", "role": "Bulky Attacker", "bvs": {"hp": 70, "atk": 135, "def": 95, "spa": 45, "spd": 70, "spe": 85}, "stats": {"hp": 237, "atk": 256, "def": 193, "spa": 115, "spd": 154, "spe": 178}, "types": ["Bug", "Rock"]}, "Cresselia": {"name": "Cresselia", "species": "Cresselia", "speciesId": "cresselia", "gender": "F", "shiny": false, "level": 80, "moves": ["calmmind", "moonlight", "moonblast", "psyshock"], "ability": "Levitate", "evs": {"hp": 85, "atk": 0, "def": 85, "spa": 85, "spd": 85, "spe": 85}, "ivs": {"hp": 31, "atk": 0, "def": 31, "spa": 31, "spd": 31, "spe": 31}, "item": "Leftovers", "teraType": "Fairy", "role": "Bulky Setup", "bvs": {"hp": 120, "atk": 70, "def": 110, "spa": 75, "spd": 120, "spe": 85}, "stats": {"hp": 323, "atk": 117, "def": 222, "spa": 166, "spd": 238, "spe": 182}, "types": ["Psychic"]}, "Pachirisu": {"name": "Pachirisu", "species": "Pachirisu", "speciesId": "pachirisu", "gender": "M", "shiny": false, "level": 96, "moves": ["uturn", "encore", "superfang", "discharge"], "ability": "Volt Absorb", "evs": {"hp": 85, "atk": 85, "def": 85, "spa": 85, "spd": 85, "spe": 85}, "ivs": {"hp": 31, "atk": 31, "def": 31, "spa": 31, "spd": 31, "spe": 31}, "item": "Heavy-Duty Boots", "teraType": "Flying", "role": "Fast Support", "bvs": {"hp": 60, "atk": 45, "def": 70, "spa": 45, "spd": 90, "spe": 95}, "stats": {"hp": 271, "atk": 141, "def": 189, "spa": 141, "spd": 227, "spe": 237}, "types": ["Electric"]}}, {"Oricorio": {"name": "Oricorio", "species": "Oricorio-Pa'u", "speciesId": "oricoriopau", "gender": "M", "shiny": false, "level": 87, "moves": ["roost", "revelationdance", "quiverdance", "hurricane"], "ability": "Dancer", "evs": {"hp": 85, "atk": 0, "def": 85, "spa": 85, "spd": 85, "spe": 85}, "ivs": {"hp": 31, "atk": 0, "def": 31, "spa": 31, "spd": 31, "spe": 31}, "item": "Heavy-Duty Boots", "teraType": "Ground", "role": "Setup Sweeper", "bvs": {"hp": 75, "atk": 70, "def": 70, "spa": 98, "spd": 70, "spe": 93}, "stats": {"hp": 272, "atk": 126, "def": 172, "spa": 220, "spd": 172, "spe": 212}, "types": ["Psychic", "Flying"]}, "Chimecho": {"name": "Chimecho", "species": "Chimecho", "speciesId": "chimecho", "gender": "F", "shiny": false, "level": 93, "moves": ["dazzlinggleam", "recover", "storedpower", "cosmicpower"], "ability": "Levitate", "evs": {"hp": 85, "atk": 0, "def": 85, "spa": 85, "spd": 85, "spe": 85}, "ivs": {"hp": 31, "atk": 0, "def": 31, "spa": 31, "spd": 31, "spe": 31}, "item": "Leftovers", "teraType": "Steel", "role": "Bulky Attacker", "bvs": {"hp": 75, "atk": 50, "def": 80, "spa": 95, "spd": 90, "spe": 65}, "stats": {"hp": 290, "atk": 98, "def": 202, "spa": 230, "spd": 220, "spe": 174}, "types": ["Psychic"]}, "Banette": {"name": "Banette", "species": "Banette", "speciesId": "banette", "gender": "M", "shiny": false, "level": 93, "moves": ["swordsdance", "poltergeist", "shadowsneak", "gunkshot"], "ability": "Cursed Body", "evs": {"hp": 85, "atk": 85, "def": 85, "spa": 85, "spd": 85, "spe": 85}, "ivs": {"hp": 31, "atk": 31, "def": 31, "spa": 31, "spd": 31, "spe": 31}, "item": "Life Orb", "teraType": "Ghost", "role": "Wallbreaker", "bvs": {"hp": 64, "atk": 115, "def": 65, "spa": 83, "spd": 63, "spe": 65}, "stats": {"hp": 270, "atk": 267, "def": 174, "spa": 207, "spd": 170, "spe": 174}, "types": ["Ghost"]}, "Muk": {"name": "Muk", "species": "Muk", "speciesId": "muk", "gender": "M", "shiny": false, "level": 86, "moves": ["knockoff", "shadowsneak", "icepunch", "gunkshot"], "ability": "Poison Touch", "evs": {"hp": 85, "atk": 85, "def": 85, "spa": 85, "spd": 85, "spe": 85}, "ivs": {"hp": 31, "atk": 31, "def": 31, "spa": 31, "spd": 31, "spe": 31}, "item": "Assault Vest", "teraType": "Dark", "role": "AV Pivot", "bvs": {"hp": 105, "atk": 105, "def": 75, "spa": 65, "spd": 100, "spe": 50}, "stats": {"hp": 321, "atk": 230, "def": 178, "spa": 161, "spd": 221, "spe": 135}, "types": ["Poison"]}, "Swalot": {"name": "Swalot", "species": "Swalot", "speciesId": "swalot", "gender": "F", "shiny": false, "level": 90, "moves": ["swordsdance", "knockoff", "earthquake", "gunkshot"], "ability": "Liquid Ooze", "evs": {"hp": 85, "atk": 85, "def": 85, "spa": 85, "spd": 85, "spe": 85}, "ivs": {"hp": 31, "atk": 31, "def": 31, "spa": 31, "spd": 31, "spe": 31}, "item": "Leftovers", "teraType": "Ground", "role": "Bulky Setup", "bvs": {"hp": 100, "atk": 73, "def": 83, "spa": 73, "spd": 83, "spe": 55}, "stats": {"hp": 326, "atk": 183, "def": 201, "spa": 183, "spd": 201, "spe": 150}, "types": ["Poison"]}, "Snorlax": {"name": "Snorlax", "species": "Snorlax", "speciesId": "snorlax", "gender": "F", "shiny": false, "level": 82, "moves": ["sleeptalk", "rest", "curse", "bodyslam"], "ability": "Thick Fat", "evs": {"hp": 85, "atk": 85, "def": 85, "spa": 85, "spd": 85, "spe": 85}, "ivs": {"hp": 31, "atk": 31, "def": 31, "spa": 31, "spd": 31, "spe": 31}, "item": "Leftovers", "teraType": "Poison", "role": "Bulky Attacker", "bvs": {"hp": 160, "atk": 110, "def": 65, "spa": 65, "spd": 110, "spe": 30}, "stats": {"hp": 397, "atk": 228, "def": 154, "spa": 154, "spd": 228, "spe": 96}, "types": ["Normal"]}}]}