{"id": "gen9randombattle-2641687565", "format": "[Gen 9] Random Battle", "players": ["juewulit", "Bronzel Main"], "log": "|badge|p2|silver|gen9randombattle|30-9\n|html|<div class=\"broadcast-red\"><strong>This battle is required to be public due to one or more player having a season medal.</strong><br />During the public phase, you can discuss the state of the ladder <a href=\"/seasondiscussion\">in a special chatroom.</a></div>\n|uhtml|medal-msg|<div class=\"broadcast-blue\">Curious what those medals under the avatar are? PS now has Ladder Seasons! For more information, check out the <a href=\"https://www.smogon.com/forums/threads/3740067/\">thread on Smogon.</a></div>\n|raw|<div class=\"broadcast-blue\"><strong>This battle is required to be public due to a player having a name starting with 'medal'.</div>\n|j|\u2606juewulit\n|j|\u2606Bronzel Main\n|t:|1782829902\n|gametype|singles\n|player|p1|juewulit|hilbert|2164\n|player|p2|Bronzel Main|veteran|2423\n|gen|9\n|tier|[Gen 9] Random Battle\n|rated|\n|rule|Species Clause: Limit one of each Pok\u00e9mon\n|rule|HP Percentage Mod: HP is shown in percentages\n|rule|Sleep Clause Mod: Limit one foe put to sleep\n|rule|Illusion Level Mod: Illusion disguises the Pok\u00e9mon's true level\n|\n|t:|1782829902\n|teamsize|p1|6\n|teamsize|p2|6\n|start\n|switch|p1a: Spidops|Spidops, L96, F|271/271\n|switch|p2a: Mabosstiff|Mabosstiff, L86, F|278/278\n|turn|1\n|inactive|Battle timer is ON: inactive players will automatically lose when time's up. (requested by juewulit)\n|\n|t:|1782829931\n|switch|p2a: Forretress|Forretress, L84, F|263/263\n|move|p1a: Spidops|Sticky Web|p2a: Forretress\n|-sidestart|p2: Bronzel Main|move: Sticky Web\n|\n|upkeep\n|turn|2\n|\n|t:|1782829936\n|move|p1a: Spidops|U-turn|p2a: Forretress\n|-resisted|p2a: Forretress\n|-damage|p2a: Forretress|233/263\n|\n|t:|1782829940\n|switch|p1a: Flutter Mane|Flutter Mane, L74|203/203|[from] U-turn\n|move|p2a: Forretress|Stealth Rock|p1a: Flutter Mane\n|-sidestart|p1: juewulit|move: Stealth Rock\n|\n|-heal|p2a: Forretress|249/263|[from] item: Leftovers\n|upkeep\n|turn|3\n|\n|t:|1782829961\n|-end|p1a: Flutter Mane|Protosynthesis|[silent]\n|switch|p1a: Dedenne|Dedenne, L88, M|261/261\n|-damage|p1a: Dedenne|229/261|[from] Stealth Rock\n|switch|p2a: Clodsire|Clodsire, L81, F|343/343\n|-activate|p2a: Clodsire|move: Sticky Web\n|-unboost|p2a: Clodsire|spe|1\n|\n|upkeep\n|turn|4\n|\n|t:|1782829966\n|move|p1a: Dedenne|U-turn|p2a: Clodsire\n|-resisted|p2a: Clodsire\n|-crit|p2a: Clodsire\n|-damage|p2a: Clodsire|307/343\n|\n|t:|1782829969\n|switch|p1a: Beartic|Beartic, L91, M|321/321|[from] U-turn\n|move|p2a: Clodsire|Toxic Spikes|p1a: Beartic\n|-sidestart|p1: juewulit|move: Toxic Spikes\n|\n|-heal|p2a: Clodsire|328/343|[from] item: Leftovers\n|upkeep\n|turn|5\n|\n|t:|1782829990\n|switch|p2a: Forretress|Forretress, L84, F|249/263\n|-activate|p2a: Forretress|move: Sticky Web\n|-unboost|p2a: Forretress|spe|1\n|move|p1a: Beartic|Swords Dance|p1a: Beartic\n|-boost|p1a: Beartic|atk|2\n|\n|-heal|p2a: Forretress|263/263|[from] item: Leftovers\n|upkeep\n|turn|6\n|\n|t:|1782830006\n|move|p1a: Beartic|Earthquake|p2a: Forretress\n|-damage|p2a: Forretress|117/263\n|move|p2a: Forretress|Iron Head|p1a: Beartic\n|-supereffective|p1a: Beartic\n|-damage|p1a: Beartic|157/321\n|\n|-heal|p2a: Forretress|133/263|[from] item: Leftovers\n|upkeep\n|turn|7\n|inactive|Bronzel Main has 120 seconds left.\n|\n|t:|1782830041\n|move|p1a: Beartic|Earthquake|p2a: Forretress\n|-damage|p2a: Forretress|0 fnt\n|faint|p2a: Forretress\n|\n|upkeep\n|\n|t:|1782830044\n|switch|p2a: Arcanine|Arcanine-Hisui, L79, F|279/279\n|-activate|p2a: Arcanine|move: Sticky Web\n|-unboost|p2a: Arcanine|spe|1\n|turn|8\n|\n|t:|1782830048\n|move|p2a: Arcanine|Flare Blitz|p1a: Beartic\n|-supereffective|p1a: Beartic\n|-damage|p1a: Beartic|0 fnt\n|faint|p1a: Beartic\n|\n|upkeep\n|\n|t:|1782830057\n|switch|p1a: Dragonite|Dragonite, L74, M|257/257\n|turn|9\n|\n|t:|1782830069\n|switch|p2a: Grimmsnarl|Grimmsnarl, L83, M|293/293\n|-activate|p2a: Grimmsnarl|move: Sticky Web\n|-unboost|p2a: Grimmsnarl|spe|1\n|move|p1a: Dragonite|Earthquake|p2a: Grimmsnarl\n|-crit|p2a: Grimmsnarl\n|-damage|p2a: Grimmsnarl|154/293\n|\n|-heal|p2a: Grimmsnarl|172/293|[from] item: Leftovers\n|upkeep\n|turn|10\n|\n|t:|1782830081\n|switch|p1a: Dedenne|Dedenne, L88, M|229/261\n|-damage|p1a: Dedenne|197/261|[from] Stealth Rock\n|-status|p1a: Dedenne|psn\n|move|p2a: Grimmsnarl|Spirit Break|p1a: Dedenne\n|-damage|p1a: Dedenne|70/261 psn\n|-unboost|p1a: Dedenne|spa|1\n|-enditem|p1a: Dedenne|Sitrus Berry|[eat]\n|-heal|p1a: Dedenne|135/261 psn|[from] item: Sitrus Berry\n|-heal|p1a: Dedenne|222/261 psn|[from] ability: Cheek Pouch\n|\n|-heal|p2a: Grimmsnarl|190/293|[from] item: Leftovers\n|-damage|p1a: Dedenne|190/261 psn|[from] psn\n|upkeep\n|turn|11\n|\n|t:|1782830091\n|move|p2a: Grimmsnarl|Parting Shot|p1a: Dedenne\n|-unboost|p1a: Dedenne|atk|1\n|-unboost|p1a: Dedenne|spa|1\n|\n|t:|1782830093\n|switch|p2a: Clodsire|Clodsire, L81, F|328/343|[from] Parting Shot\n|-activate|p2a: Clodsire|move: Sticky Web\n|-unboost|p2a: Clodsire|spe|1\n|move|p1a: Dedenne|Super Fang|p2a: Clodsire\n|-damage|p2a: Clodsire|164/343\n|\n|-heal|p2a: Clodsire|185/343|[from] item: Leftovers\n|-damage|p1a: Dedenne|158/261 psn|[from] psn\n|upkeep\n|turn|12\n|\n|t:|1782830098\n|move|p1a: Dedenne|U-turn|p2a: Clodsire\n|-resisted|p2a: Clodsire\n|-damage|p2a: Clodsire|169/343\n|\n|t:|1782830103\n|switch|p1a: Spidops|Spidops, L96, F|271/271|[from] U-turn\n|move|p2a: Clodsire|Recover|p2a: Clodsire\n|-heal|p2a: Clodsire|341/343\n|\n|-heal|p2a: Clodsire|343/343|[from] item: Leftovers\n|upkeep\n|turn|13\n|\n|t:|1782830113\n|move|p1a: Spidops|Knock Off|p2a: Clodsire\n|-damage|p2a: Clodsire|247/343\n|-enditem|p2a: Clodsire|Leftovers|[from] move: Knock Off|[of] p1a: Spidops\n|move|p2a: Clodsire|Gunk Shot|p1a: Spidops\n|-damage|p1a: Spidops|193/271\n|-status|p1a: Spidops|psn\n|\n|-damage|p1a: Spidops|160/271 psn|[from] psn\n|upkeep\n|turn|14\n|\n|t:|1782830119\n|move|p1a: Spidops|Toxic Spikes|p2a: Clodsire\n|-sidestart|p2: Bronzel Main|move: Toxic Spikes\n|move|p2a: Clodsire|Recover|p2a: Clodsire\n|-heal|p2a: Clodsire|343/343\n|\n|-damage|p1a: Spidops|127/271 psn|[from] psn\n|upkeep\n|turn|15\n|\n|t:|1782830132\n|move|p1a: Spidops|U-turn|p2a: Clodsire\n|-resisted|p2a: Clodsire\n|-damage|p2a: Clodsire|286/343\n|\n|t:|1782830144\n|switch|p1a: Dedenne|Dedenne, L88, M|158/261 psn|[from] U-turn\n|-damage|p1a: Dedenne|126/261 psn|[from] Stealth Rock\n|move|p2a: Clodsire|Gunk Shot|p1a: Dedenne|[miss]\n|-miss|p2a: Clodsire|p1a: Dedenne\n|\n|-damage|p1a: Dedenne|94/261 psn|[from] psn\n|upkeep\n|turn|16\n|\n|t:|1782830147\n|move|p1a: Dedenne|Super Fang|p2a: Clodsire\n|-damage|p2a: Clodsire|143/343\n|move|p2a: Clodsire|Recover|p2a: Clodsire\n|-heal|p2a: Clodsire|315/343\n|\n|-damage|p1a: Dedenne|62/261 psn|[from] psn\n|upkeep\n|turn|17\n|\n|t:|1782830153\n|move|p1a: Dedenne|U-turn|p2a: Clodsire\n|-resisted|p2a: Clodsire\n|-damage|p2a: Clodsire|289/343\n|\n|t:|1782830155\n|switch|p1a: Flutter Mane|Flutter Mane, L74|203/203|[from] U-turn\n|-damage|p1a: Flutter Mane|178/203|[from] Stealth Rock\n|-status|p1a: Flutter Mane|psn\n|move|p2a: Clodsire|Recover|p2a: Clodsire\n|-heal|p2a: Clodsire|343/343\n|\n|-damage|p1a: Flutter Mane|153/203 psn|[from] psn\n|upkeep\n|turn|18\n|\n|t:|1782830171\n|move|p1a: Flutter Mane|Psyshock|p2a: Clodsire\n|-supereffective|p2a: Clodsire\n|-damage|p2a: Clodsire|95/343\n|move|p2a: Clodsire|Gunk Shot|p1a: Flutter Mane|[miss]\n|-miss|p2a: Clodsire|p1a: Flutter Mane\n|\n|-damage|p1a: Flutter Mane|128/203 psn|[from] psn\n|upkeep\n|turn|19\n|\n|t:|1782830182\n|switch|p2a: Grimmsnarl|Grimmsnarl, L83, M|190/293\n|-activate|p2a: Grimmsnarl|move: Sticky Web\n|-unboost|p2a: Grimmsnarl|spe|1\n|-status|p2a: Grimmsnarl|psn\n|move|p1a: Flutter Mane|Psyshock|p2a: Grimmsnarl\n|-immune|p2a: Grimmsnarl\n|\n|-heal|p2a: Grimmsnarl|208/293 psn|[from] item: Leftovers\n|-damage|p1a: Flutter Mane|103/203 psn|[from] psn\n|-damage|p2a: Grimmsnarl|172/293 psn|[from] psn\n|upkeep\n|turn|20\n|\n|t:|1782830196\n|-end|p1a: Flutter Mane|Protosynthesis|[silent]\n|switch|p1a: Dedenne|Dedenne, L88, M|62/261 psn\n|-damage|p1a: Dedenne|30/261 psn|[from] Stealth Rock\n|move|p2a: Grimmsnarl|Spirit Break|p1a: Dedenne\n|-damage|p1a: Dedenne|0 fnt\n|faint|p1a: Dedenne\n|\n|-heal|p2a: Grimmsnarl|190/293 psn|[from] item: Leftovers\n|-damage|p2a: Grimmsnarl|154/293 psn|[from] psn\n|upkeep\n|\n|t:|1782830204\n|switch|p1a: Falinks|Falinks, L84|246/246\n|-damage|p1a: Falinks|231/246|[from] Stealth Rock\n|-status|p1a: Falinks|psn\n|turn|21\n|\n|t:|1782830215\n|move|p2a: Grimmsnarl|Thunder Wave||[still]\n|-fail|p2a: Grimmsnarl\n|move|p1a: Falinks|Iron Head|p2a: Grimmsnarl\n|-supereffective|p2a: Grimmsnarl\n|-damage|p2a: Grimmsnarl|0 fnt\n|faint|p2a: Grimmsnarl\n|-damage|p1a: Falinks|207/246 psn|[from] item: Life Orb\n|\n|-damage|p1a: Falinks|177/246 psn|[from] psn\n|upkeep\n|\n|t:|1782830245\n|switch|p2a: Clodsire|Clodsire, L81, F|95/343\n|-activate|p2a: Clodsire|move: Sticky Web\n|-unboost|p2a: Clodsire|spe|1\n|-sideend|p2: Bronzel Main|move: Toxic Spikes|[of] p2a: Clodsire\n|turn|22\n|\n|t:|1782830256\n|move|p1a: Falinks|Close Combat|p2a: Clodsire\n|-resisted|p2a: Clodsire\n|-damage|p2a: Clodsire|0 fnt\n|-unboost|p1a: Falinks|def|1\n|-unboost|p1a: Falinks|spd|1\n|faint|p2a: Clodsire\n|-damage|p1a: Falinks|153/246 psn|[from] item: Life Orb\n|\n|-damage|p1a: Falinks|123/246 psn|[from] psn\n|upkeep\n|\n|t:|1782830263\n|switch|p2a: Hitmonchan|Hitmonchan, L87, M|229/229\n|-activate|p2a: Hitmonchan|move: Sticky Web\n|-unboost|p2a: Hitmonchan|spe|1\n|turn|23\n|\n|t:|1782830282\n|move|p1a: Falinks|No Retreat|p1a: Falinks\n|-boost|p1a: Falinks|atk|1\n|-boost|p1a: Falinks|def|1\n|-boost|p1a: Falinks|spa|1\n|-boost|p1a: Falinks|spd|1\n|-boost|p1a: Falinks|spe|1\n|-start|p1a: Falinks|move: No Retreat\n|move|p2a: Hitmonchan|Rapid Spin|p1a: Falinks\n|-damage|p1a: Falinks|87/246 psn\n|-boost|p2a: Hitmonchan|spe|1\n|-sideend|p2: Bronzel Main|Sticky Web|[from] move: Rapid Spin|[of] p2a: Hitmonchan\n|\n|-damage|p1a: Falinks|57/246 psn|[from] psn\n|upkeep\n|turn|24\n|\n|t:|1782830298\n|move|p1a: Falinks|Close Combat|p2a: Hitmonchan\n|-damage|p2a: Hitmonchan|0 fnt\n|-unboost|p1a: Falinks|def|1\n|-unboost|p1a: Falinks|spd|1\n|faint|p2a: Hitmonchan\n|-damage|p1a: Falinks|33/246 psn|[from] item: Life Orb\n|\n|-damage|p1a: Falinks|3/246 psn|[from] psn\n|upkeep\n|\n|t:|1782830312\n|switch|p2a: Arcanine|Arcanine-Hisui, L79, F|279/279\n|turn|25\n|\n|t:|1782830320\n|move|p2a: Arcanine|Head Smash|p1a: Falinks\n|-resisted|p1a: Falinks\n|-damage|p1a: Falinks|0 fnt\n|faint|p1a: Falinks\n|\n|upkeep\n|\n|t:|1782830331\n|switch|p1a: Dragonite|Dragonite, L74, M|257/257\n|turn|26\n|\n|t:|1782830338\n|-terastallize|p2a: Arcanine|Rock\n|move|p2a: Arcanine|Head Smash|p1a: Dragonite\n|-supereffective|p1a: Dragonite\n|-damage|p1a: Dragonite|13/257\n|move|p1a: Dragonite|Earthquake|p2a: Arcanine\n|-supereffective|p2a: Arcanine\n|-damage|p2a: Arcanine|109/279\n|\n|upkeep\n|turn|27\n|\n|t:|1782830348\n|switch|p2a: Mabosstiff|Mabosstiff, L86, F|278/278\n|move|p1a: Dragonite|Earthquake|p2a: Mabosstiff\n|-damage|p2a: Mabosstiff|214/278\n|\n|upkeep\n|turn|28\n|\n|t:|1782830355\n|move|p2a: Mabosstiff|Crunch|p1a: Dragonite\n|-damage|p1a: Dragonite|0 fnt\n|faint|p1a: Dragonite\n|\n|upkeep\n|\n|t:|1782830360\n|switch|p1a: Spidops|Spidops, L96, F|127/271 psn\n|turn|29\n|\n|t:|1782830366\n|move|p2a: Mabosstiff|Crunch|p1a: Spidops\n|-damage|p1a: Spidops|42/271 psn\n|move|p1a: Spidops|Sticky Web|p2a: Mabosstiff\n|-sidestart|p2: Bronzel Main|move: Sticky Web\n|\n|-damage|p1a: Spidops|9/271 psn|[from] psn\n|upkeep\n|turn|30\n|\n|t:|1782830370\n|move|p2a: Mabosstiff|Crunch|p1a: Spidops\n|-damage|p1a: Spidops|0 fnt\n|faint|p1a: Spidops\n|\n|upkeep\n|\n|t:|1782830373\n|switch|p1a: Flutter Mane|Flutter Mane, L74|103/203 psn\n|-damage|p1a: Flutter Mane|78/203 psn|[from] Stealth Rock\n|turn|31\n|\n|t:|1782830379\n|-terastallize|p1a: Flutter Mane|Fairy\n|move|p2a: Mabosstiff|Crunch|p1a: Flutter Mane\n|-resisted|p1a: Flutter Mane\n|-damage|p1a: Flutter Mane|0 fnt\n|faint|p1a: Flutter Mane\n|-end|p1a: Flutter Mane|Protosynthesis|[silent]\n|\n|win|Bronzel Main\n", "inputlog": ">version f8ac14003a5f27e1bdc8d8c59608a773c1cb96e5\n>start {\"formatid\":\"gen9randombattle\",\"seed\":\"sodium,db879dab5352c2ccd5e06bf1182b1421\",\"rated\":\"Rated battle\"}\n>player p1 {\"name\":\"juewulit\",\"avatar\":\"hilbert\",\"rating\":2164,\"seed\":\"sodium,13c1f127405f19c8ee91b6701e1cf6b0\"}\n>player p2 {\"name\":\"Bronzel Main\",\"avatar\":\"veteran\",\"rating\":2423,\"seed\":\"sodium,ad6bc6432b53fd4a315a0fca131f1f57\"}\n>p1 move stickyweb\n>p2 switch 6\n>p1 move uturn\n>p2 move stealthrock\n>p1 switch 4\n>p1 switch 5\n>p2 switch 4\n>p1 move uturn\n>p2 move toxicspikes\n>p1 switch 3\n>p1 move swordsdance\n>p2 switch 4\n>p1 move earthquake\n>p2 move ironhead\n>p1 move earthquake\n>p2 move ironhead\n>p2 switch 5\n>p1 move earthquake\n>p2 move flareblitz\n>p1 switch 2\n>p1 move earthquake\n>p2 switch 2\n>p1 switch 3\n>p2 move spiritbreak\n>p1 move superfang\n>p2 move partingshot\n>p2 switch 4\n>p1 move uturn\n>p2 move recover\n>p1 switch 4\n>p1 move knockoff\n>p2 move gunkshot\n>p1 move toxicspikes\n>p2 move recover\n>p1 move uturn\n>p2 move gunkshot\n>p1 switch 4\n>p1 move superfang\n>p2 move recover\n>p1 move uturn\n>p2 move recover\n>p1 switch 5\n>p1 move psyshock\n>p2 move gunkshot\n>p1 move psyshock\n>p2 switch 4\n>p1 switch 5\n>p2 move spiritbreak\n>p1 switch 6\n>p1 move ironhead\n>p2 move thunderwave\n>p2 switch 4\n>p1 move closecombat\n>p2 move recover\n>p2 switch 3\n>p1 move noretreat\n>p2 move rapidspin\n>p1 move closecombat\n>p2 move rapidspin\n>p2 switch 2\n>p1 move closecombat\n>p2 move headsmash\n>p1 switch 3\n>p1 move earthquake\n>p2 move headsmash terastallize\n>p1 move earthquake\n>p2 switch 6\n>p1 move dragondance\n>p2 move crunch\n>p1 switch 4\n>p1 move stickyweb\n>p2 move crunch\n>p1 move uturn\n>p2 move crunch\n>p1 switch 5\n>p1 move moonblast terastallize\n>p2 move crunch", "uploadtime": 1782829904, "views": 3, "formatid": "gen9randombattle", "rating": null, "private": 0, "password": null, "player_dets": [{"name": "juewulit", "avatar": "hilbert", "rating": 2164, "seed": "sodium,13c1f127405f19c8ee91b6701e1cf6b0"}, {"name": "Bronzel Main", "avatar": "veteran", "rating": 2423, "seed": "sodium,ad6bc6432b53fd4a315a0fca131f1f57"}], "teams_full": [{"Spidops": {"name": "Spidops", "species": "Spidops", "speciesId": "spidops", "gender": "F", "shiny": false, "level": 96, "moves": ["stickyweb", "knockoff", "toxicspikes", "uturn"], "ability": "Stakeout", "evs": {"hp": 85, "atk": 85, "def": 85, "spa": 85, "spd": 85, "spe": 85}, "ivs": {"hp": 31, "atk": 31, "def": 31, "spa": 31, "spd": 31, "spe": 31}, "item": "Heavy-Duty Boots", "teraType": "Ghost", "role": "Bulky Support", "bvs": {"hp": 60, "atk": 79, "def": 92, "spa": 52, "spd": 86, "spe": 35}, "stats": {"hp": 271, "atk": 206, "def": 231, "spa": 154, "spd": 220, "spe": 122}, "types": ["Bug"]}, "Dragonite": {"name": "Dragonite", "species": "Dragonite", "speciesId": "dragonite", "gender": "M", "shiny": false, "level": 74, "moves": ["dragondance", "outrage", "earthquake", "terablast"], "ability": "Multiscale", "evs": {"hp": 85, "atk": 85, "def": 85, "spa": 85, "spd": 85, "spe": 85}, "ivs": {"hp": 31, "atk": 31, "def": 31, "spa": 31, "spd": 31, "spe": 31}, "item": "Heavy-Duty Boots", "teraType": "Flying", "role": "Tera Blast user", "bvs": {"hp": 91, "atk": 134, "def": 95, "spa": 100, "spd": 100, "spe": 80}, "stats": {"hp": 257, "atk": 241, "def": 184, "spa": 191, "spd": 191, "spe": 161}, "types": ["Dragon", "Flying"]}, "Beartic": {"name": "Beartic", "species": "Beartic", "speciesId": "beartic", "gender": "M", "shiny": false, "level": 91, "moves": ["swordsdance", "iciclecrash", "snowscape", "earthquake"], "ability": "Slush Rush", "evs": {"hp": 85, "atk": 85, "def": 85, "spa": 85, "spd": 85, "spe": 85}, "ivs": {"hp": 31, "atk": 31, "def": 31, "spa": 31, "spd": 31, "spe": 31}, "item": "Heavy-Duty Boots", "teraType": "Ground", "role": "Wallbreaker", "bvs": {"hp": 95, "atk": 130, "def": 80, "spa": 70, "spd": 80, "spe": 50}, "stats": {"hp": 321, "atk": 288, "def": 197, "spa": 179, "spd": 197, "spe": 143}, "types": ["Ice"]}, "Flutter Mane": {"name": "Flutter Mane", "species": "Flutter Mane", "speciesId": "fluttermane", "gender": "N", "shiny": false, "level": 74, "moves": ["thunderbolt", "shadowball", "psyshock", "moonblast"], "ability": "Protosynthesis", "evs": {"hp": 85, "atk": 0, "def": 85, "spa": 85, "spd": 85, "spe": 85}, "ivs": {"hp": 31, "atk": 0, "def": 31, "spa": 31, "spd": 31, "spe": 31}, "item": "Choice Specs", "teraType": "Fairy", "role": "Wallbreaker", "bvs": {"hp": 55, "atk": 55, "def": 55, "spa": 135, "spd": 135, "spe": 135}, "stats": {"hp": 203, "atk": 86, "def": 124, "spa": 243, "spd": 243, "spe": 243}, "types": ["Ghost", "Fairy"]}, "Dedenne": {"name": "Dedenne", "species": "Dedenne", "speciesId": "dedenne", "gender": "M", "shiny": false, "level": 88, "moves": ["superfang", "uturn", "dazzlinggleam", "thunderbolt"], "ability": "Cheek Pouch", "evs": {"hp": 85, "atk": 85, "def": 85, "spa": 85, "spd": 85, "spe": 85}, "ivs": {"hp": 31, "atk": 31, "def": 31, "spa": 31, "spd": 31, "spe": 31}, "item": "Sitrus Berry", "teraType": "Flying", "role": "Fast Support", "bvs": {"hp": 67, "atk": 58, "def": 57, "spa": 81, "spd": 67, "spe": 101}, "stats": {"hp": 261, "atk": 152, "def": 151, "spa": 193, "spd": 168, "spe": 228}, "types": ["Electric", "Fairy"]}, "Falinks": {"name": "Falinks", "species": "Falinks", "speciesId": "falinks", "gender": "N", "shiny": false, "level": 84, "moves": ["closecombat", "ironhead", "noretreat", "knockoff"], "ability": "Defiant", "evs": {"hp": 85, "atk": 85, "def": 85, "spa": 85, "spd": 85, "spe": 85}, "ivs": {"hp": 31, "atk": 31, "def": 31, "spa": 31, "spd": 31, "spe": 31}, "item": "Life Orb", "teraType": "Steel", "role": "Setup Sweeper", "bvs": {"hp": 65, "atk": 100, "def": 100, "spa": 70, "spd": 60, "spe": 75}, "stats": {"hp": 246, "atk": 216, "def": 216, "spa": 166, "spd": 149, "spe": 174}, "types": ["Fighting"]}}, {"Mabosstiff": {"name": "Mabosstiff", "species": "Mabosstiff", "speciesId": "mabosstiff", "gender": "F", "shiny": false, "level": 86, "moves": ["crunch", "playrough", "wildcharge", "psychicfangs"], "ability": "Stakeout", "evs": {"hp": 85, "atk": 85, "def": 85, "spa": 85, "spd": 85, "spe": 85}, "ivs": {"hp": 31, "atk": 31, "def": 31, "spa": 31, "spd": 31, "spe": 31}, "item": "Choice Scarf", "teraType": "Fairy", "role": "Bulky Attacker", "bvs": {"hp": 80, "atk": 120, "def": 90, "spa": 60, "spd": 70, "spe": 85}, "stats": {"hp": 278, "atk": 256, "def": 204, "spa": 152, "spd": 170, "spe": 195}, "types": ["Dark"]}, "Grimmsnarl": {"name": "Grimmsnarl", "species": "Grimmsnarl", "speciesId": "grimmsnarl", "gender": "M", "shiny": false, "level": 83, "moves": ["thunderwave", "suckerpunch", "spiritbreak", "partingshot"], "ability": "Prankster", "evs": {"hp": 85, "atk": 85, "def": 85, "spa": 85, "spd": 85, "spe": 85}, "ivs": {"hp": 31, "atk": 31, "def": 31, "spa": 31, "spd": 31, "spe": 31}, "item": "Leftovers", "teraType": "Steel", "role": "Bulky Attacker", "bvs": {"hp": 95, "atk": 120, "def": 65, "spa": 95, "spd": 75, "spe": 60}, "stats": {"hp": 293, "atk": 247, "def": 156, "spa": 205, "spd": 172, "spe": 147}, "types": ["Dark", "Fairy"]}, "Hitmonchan": {"name": "Hitmonchan", "species": "Hitmonchan", "speciesId": "hitmonchan", "gender": "M", "shiny": false, "level": 87, "moves": ["bulkup", "knockoff", "rapidspin", "drainpunch"], "ability": "Iron Fist", "evs": {"hp": 85, "atk": 85, "def": 85, "spa": 85, "spd": 85, "spe": 85}, "ivs": {"hp": 31, "atk": 31, "def": 31, "spa": 31, "spd": 31, "spe": 31}, "item": "Leftovers", "teraType": "Dark", "role": "Bulky Setup", "bvs": {"hp": 50, "atk": 105, "def": 79, "spa": 35, "spd": 110, "spe": 76}, "stats": {"hp": 229, "atk": 232, "def": 187, "spa": 111, "spd": 241, "spe": 182}, "types": ["Fighting"]}, "Clodsire": {"name": "Clodsire", "species": "Clodsire", "speciesId": "clodsire", "gender": "F", "shiny": false, "level": 81, "moves": ["earthquake", "gunkshot", "toxicspikes", "recover"], "ability": "Water Absorb", "evs": {"hp": 85, "atk": 85, "def": 85, "spa": 85, "spd": 85, "spe": 85}, "ivs": {"hp": 31, "atk": 31, "def": 31, "spa": 31, "spd": 31, "spe": 31}, "item": "Leftovers", "teraType": "Flying", "role": "Bulky Attacker", "bvs": {"hp": 130, "atk": 75, "def": 60, "spa": 45, "spd": 100, "spe": 20}, "stats": {"hp": 343, "atk": 168, "def": 144, "spa": 120, "spd": 209, "spe": 79}, "types": ["Poison", "Ground"]}, "Arcanine": {"name": "Arcanine", "species": "Arcanine-Hisui", "speciesId": "arcaninehisui", "gender": "F", "shiny": false, "level": 79, "moves": ["wildcharge", "closecombat", "headsmash", "flareblitz"], "ability": "Rock Head", "evs": {"hp": 81, "atk": 85, "def": 85, "spa": 85, "spd": 85, "spe": 85}, "ivs": {"hp": 31, "atk": 31, "def": 31, "spa": 31, "spd": 31, "spe": 31}, "item": "Choice Scarf", "teraType": "Rock", "role": "Fast Attacker", "bvs": {"hp": 95, "atk": 115, "def": 80, "spa": 95, "spd": 80, "spe": 90}, "stats": {"hp": 279, "atk": 227, "def": 172, "spa": 196, "spd": 172, "spe": 188}, "types": ["Fire", "Rock"]}, "Forretress": {"name": "Forretress", "species": "Forretress", "speciesId": "forretress", "gender": "F", "shiny": false, "level": 84, "moves": ["stealthrock", "spikes", "bodypress", "ironhead"], "ability": "Sturdy", "evs": {"hp": 85, "atk": 85, "def": 85, "spa": 85, "spd": 85, "spe": 85}, "ivs": {"hp": 31, "atk": 31, "def": 31, "spa": 31, "spd": 31, "spe": 31}, "item": "Leftovers", "teraType": "Water", "role": "Bulky Attacker", "bvs": {"hp": 75, "atk": 90, "def": 140, "spa": 60, "spd": 60, "spe": 40}, "stats": {"hp": 263, "atk": 199, "def": 283, "spa": 149, "spd": 149, "spe": 115}, "types": ["Bug", "Steel"]}}]}