{"id": "gen9randombattle-2641110860", "format": "[Gen 9] Random Battle", "players": ["blakula22", "dududududusususu"], "log": "|j|\u2606blakula22\n|j|\u2606dududududusususu\n|t:|1782741810\n|gametype|singles\n|player|p1|blakula22|giovanni|1162\n|player|p2|dududududusususu|ingo|1141\n|gen|9\n|tier|[Gen 9] Random Battle\n|rated|\n|rule|Species Clause: Limit one of each Pok\u00e9mon\n|rule|HP Percentage Mod: HP is shown in percentages\n|rule|Sleep Clause Mod: Limit one foe put to sleep\n|rule|Illusion Level Mod: Illusion disguises the Pok\u00e9mon's true level\n|\n|t:|1782741810\n|teamsize|p1|6\n|teamsize|p2|6\n|start\n|switch|p1a: Zapdos|Zapdos-Galar, L77|265/265\n|switch|p2a: Scizor|Scizor, L79, M|240/240\n|turn|1\n|inactive|Battle timer is ON: inactive players will automatically lose when time's up. (requested by blakula22)\n|\n|t:|1782741823\n|move|p2a: Scizor|Bullet Punch|p1a: Zapdos\n|-damage|p1a: Zapdos|189/265\n|move|p1a: Zapdos|Bulk Up|p1a: Zapdos\n|-boost|p1a: Zapdos|atk|1\n|-boost|p1a: Zapdos|def|1\n|\n|upkeep\n|turn|2\n|\n|t:|1782741840\n|switch|p2a: Muk|Muk-Alola, L82, F|306/306\n|move|p1a: Zapdos|Brave Bird|p2a: Muk\n|-damage|p2a: Muk|29/306\n|-damage|p1a: Zapdos|98/265|[from] Recoil\n|-damage|p1a: Zapdos|72/265|[from] item: Life Orb\n|\n|upkeep\n|turn|3\n|\n|t:|1782741854\n|move|p1a: Zapdos|Brave Bird|p2a: Muk\n|-damage|p2a: Muk|0 fnt\n|faint|p2a: Muk\n|-damage|p1a: Zapdos|62/265|[from] Recoil\n|-damage|p1a: Zapdos|36/265|[from] item: Life Orb\n|\n|upkeep\n|\n|t:|1782741862\n|switch|p2a: Latios|Latios, L78, M|253/253\n|turn|4\n|\n|t:|1782741875\n|switch|p1a: Mabosstiff|Mabosstiff, L86, F|278/278\n|move|p2a: Latios|Psyshock|p1a: Mabosstiff\n|-immune|p1a: Mabosstiff\n|\n|upkeep\n|turn|5\n|\n|t:|1782741888\n|-terastallize|p2a: Latios|Steel\n|move|p1a: Mabosstiff|Crunch|p2a: Latios\n|-damage|p2a: Latios|121/253\n|-unboost|p2a: Latios|def|1\n|move|p2a: Latios|Calm Mind|p2a: Latios\n|-boost|p2a: Latios|spa|1\n|-boost|p2a: Latios|spd|1\n|\n|upkeep\n|turn|6\n|\n|t:|1782741899\n|move|p1a: Mabosstiff|Crunch|p2a: Latios\n|-damage|p2a: Latios|0 fnt\n|faint|p2a: Latios\n|\n|upkeep\n|\n|t:|1782741904\n|switch|p2a: Minior|Minior-Orange, L79|224/224\n|-formechange|p2a: Minior|Minior-Meteor||[from] ability: Shields Down\n|turn|7\n|\n|t:|1782741911\n|switch|p1a: Zapdos|Zapdos-Galar, L77|36/265\n|move|p2a: Minior|Power Gem|p1a: Zapdos\n|-damage|p1a: Zapdos|0 fnt\n|faint|p1a: Zapdos\n|\n|upkeep\n|\n|t:|1782741928\n|switch|p1a: Drednaw|Drednaw, L81, F|278/278\n|turn|8\n|\n|t:|1782741937\n|move|p1a: Drednaw|Shell Smash|p1a: Drednaw\n|-unboost|p1a: Drednaw|def|1\n|-unboost|p1a: Drednaw|spd|1\n|-boost|p1a: Drednaw|atk|2\n|-boost|p1a: Drednaw|spa|2\n|-boost|p1a: Drednaw|spe|2\n|-enditem|p1a: Drednaw|White Herb\n|-clearnegativeboost|p1a: Drednaw|[silent]\n|move|p2a: Minior|Earthquake|p1a: Drednaw\n|-supereffective|p1a: Drednaw\n|-damage|p1a: Drednaw|188/278\n|\n|upkeep\n|turn|9\n|\n|t:|1782741948\n|move|p1a: Drednaw|Liquidation|p2a: Minior\n|-supereffective|p2a: Minior\n|-damage|p2a: Minior|0 fnt\n|faint|p2a: Minior\n|\n|upkeep\n|\n|t:|1782741954\n|switch|p2a: Scizor|Scizor, L79, M|240/240\n|turn|10\n|\n|t:|1782741960\n|move|p1a: Drednaw|Stone Edge|p2a: Scizor\n|-damage|p2a: Scizor|8/240\n|move|p2a: Scizor|Close Combat|p1a: Drednaw\n|-supereffective|p1a: Drednaw\n|-damage|p1a: Drednaw|0 fnt\n|-unboost|p2a: Scizor|def|1\n|-unboost|p2a: Scizor|spd|1\n|faint|p1a: Drednaw\n|\n|-heal|p2a: Scizor|23/240|[from] item: Leftovers\n|upkeep\n|\n|t:|1782741972\n|switch|p1a: Jirachi|Jirachi, L80|291/291\n|turn|11\n|\n|t:|1782741981\n|move|p1a: Jirachi|U-turn|p2a: Scizor\n|-resisted|p2a: Scizor\n|-damage|p2a: Scizor|0 fnt\n|faint|p2a: Scizor\n|\n|t:|1782741986\n|switch|p1a: Brute Bonnet|Brute Bonnet, L80|309/309|[from] U-turn\n|\n|upkeep\n|\n|t:|1782741990\n|switch|p2a: Zekrom|Zekrom, L71|259/259\n|-ability|p2a: Zekrom|Teravolt\n|turn|12\n|\n|t:|1782741997\n|move|p2a: Zekrom|Dragon Dance|p2a: Zekrom\n|-boost|p2a: Zekrom|atk|1\n|-boost|p2a: Zekrom|spe|1\n|move|p1a: Brute Bonnet|Spore|p2a: Zekrom\n|-status|p2a: Zekrom|slp|[from] move: Spore\n|\n|upkeep\n|turn|13\n|\n|t:|1782742015\n|-end|p1a: Brute Bonnet|Protosynthesis|[silent]\n|switch|p1a: Tinkaton|Tinkaton, L82, F|274/274\n|-ability|p1a: Tinkaton|Mold Breaker\n|cant|p2a: Zekrom|slp\n|\n|upkeep\n|turn|14\n|\n|t:|1782742024\n|switch|p2a: Hoopa|Hoopa, L85|275/275\n|move|p1a: Tinkaton|Play Rough|p2a: Hoopa\n|-damage|p2a: Hoopa|175/275\n|\n|upkeep\n|turn|15\n|\n|t:|1782742029\n|switch|p1a: Mabosstiff|Mabosstiff, L86, F|278/278\n|move|p2a: Hoopa|Focus Blast|p1a: Mabosstiff\n|-supereffective|p1a: Mabosstiff\n|-damage|p1a: Mabosstiff|8/278\n|\n|upkeep\n|turn|16\n|\n|t:|1782742036\n|move|p1a: Mabosstiff|Crunch|p2a: Hoopa\n|-supereffective|p2a: Hoopa\n|-damage|p2a: Hoopa|0 fnt\n|faint|p2a: Hoopa\n|\n|upkeep\n|\n|t:|1782742039\n|switch|p2a: Zekrom|Zekrom, L71|259/259 slp\n|-ability|p2a: Zekrom|Teravolt\n|turn|17\n|\n|t:|1782742045\n|switch|p1a: Tinkaton|Tinkaton, L82, F|274/274\n|-ability|p1a: Tinkaton|Mold Breaker\n|cant|p2a: Zekrom|slp\n|\n|upkeep\n|turn|18\n|\n|t:|1782742054\n|move|p1a: Tinkaton|Play Rough|p2a: Zekrom\n|-supereffective|p2a: Zekrom\n|-damage|p2a: Zekrom|121/259 slp\n|cant|p2a: Zekrom|slp\n|\n|-heal|p2a: Zekrom|137/259 slp|[from] item: Leftovers\n|upkeep\n|turn|19\n|\n|t:|1782742060\n|move|p1a: Tinkaton|Play Rough|p2a: Zekrom\n|-supereffective|p2a: Zekrom\n|-damage|p2a: Zekrom|0 fnt\n|faint|p2a: Zekrom\n|\n|win|blakula22\n|raw|blakula22's rating: 1162 &rarr; <strong>1185</strong><br />(+23 for winning)\n|raw|dududududusususu's rating: 1141 &rarr; <strong>1118</strong><br />(-23 for losing)\n", "inputlog": ">version f8ac14003a5f27e1bdc8d8c59608a773c1cb96e5\n>start {\"formatid\":\"gen9randombattle\",\"seed\":\"sodium,161ce0de89ab8dfac1fda05223974066\",\"rated\":\"Rated battle\"}\n>player p1 {\"name\":\"blakula22\",\"avatar\":\"giovanni\",\"rating\":1162,\"seed\":\"sodium,39c4645e4167476942ad0ff58fbddbd7\"}\n>player p2 {\"name\":\"dududududusususu\",\"avatar\":\"ingo\",\"rating\":1141,\"seed\":\"sodium,b2a6b87c7a65f31a0139427f7166466d\"}\n>p1 move bulkup\n>p2 move bulletpunch\n>p1 move bravebird\n>p2 switch 5\n>p1 move bravebird\n>p2 move icepunch\n>p2 switch 6\n>p1 switch 2\n>p2 move psyshock\n>p1 move crunch\n>p2 move calmmind terastallize\n>p1 move crunch\n>p2 move dracometeor\n>p2 switch 4\n>p1 switch 2\n>p2 move powergem\n>p1 switch 6\n>p1 move shellsmash\n>p2 move earthquake\n>p1 move liquidation\n>p2 move shellsmash\n>p2 switch 5\n>p1 move stoneedge\n>p2 move closecombat\n>p1 switch 4\n>p1 move uturn\n>p2 move knockoff\n>p1 switch 3\n>p2 switch 3\n>p1 move spore\n>p2 move dragondance\n>p1 switch 5\n>p2 move substitute\n>p1 move playrough\n>p2 switch 2\n>p1 switch 2\n>p2 move focusblast\n>p1 move crunch\n>p2 move focusblast\n>p2 switch 2\n>p1 switch 2\n>p2 move dragondance\n>p1 move playrough\n>p2 move boltstrike\n>p1 move playrough\n>p2 move boltstrike", "uploadtime": 1782742062, "views": 5, "formatid": "gen9randombattle", "rating": 1118, "private": 0, "password": null, "player_dets": [{"name": "blakula22", "avatar": "giovanni", "rating": 1162, "seed": "sodium,39c4645e4167476942ad0ff58fbddbd7"}, {"name": "dududududusususu", "avatar": "ingo", "rating": 1141, "seed": "sodium,b2a6b87c7a65f31a0139427f7166466d"}], "teams_full": [{"Zapdos": {"name": "Zapdos", "species": "Zapdos-Galar", "speciesId": "zapdosgalar", "gender": "N", "shiny": false, "level": 77, "moves": ["closecombat", "bulkup", "bravebird", "knockoff"], "ability": "Defiant", "evs": {"hp": 85, "atk": 85, "def": 85, "spa": 85, "spd": 85, "spe": 85}, "ivs": {"hp": 31, "atk": 31, "def": 31, "spa": 31, "spd": 31, "spe": 31}, "item": "Life Orb", "teraType": "Fighting", "role": "Fast Attacker", "bvs": {"hp": 90, "atk": 125, "def": 90, "spa": 85, "spd": 90, "spe": 100}, "stats": {"hp": 265, "atk": 237, "def": 183, "spa": 175, "spd": 183, "spe": 199}, "types": ["Fighting", "Flying"]}, "Mabosstiff": {"name": "Mabosstiff", "species": "Mabosstiff", "speciesId": "mabosstiff", "gender": "F", "shiny": false, "level": 86, "moves": ["psychicfangs", "crunch", "playrough", "wildcharge"], "ability": "Stakeout", "evs": {"hp": 85, "atk": 85, "def": 85, "spa": 85, "spd": 85, "spe": 85}, "ivs": {"hp": 31, "atk": 31, "def": 31, "spa": 31, "spd": 31, "spe": 31}, "item": "Choice Scarf", "teraType": "Fairy", "role": "Bulky Attacker", "bvs": {"hp": 80, "atk": 120, "def": 90, "spa": 60, "spd": 70, "spe": 85}, "stats": {"hp": 278, "atk": 256, "def": 204, "spa": 152, "spd": 170, "spe": 195}, "types": ["Dark"]}, "Brute Bonnet": {"name": "Brute Bonnet", "species": "Brute Bonnet", "speciesId": "brutebonnet", "gender": "N", "shiny": false, "level": 80, "moves": ["crunch", "spore", "closecombat", "suckerpunch"], "ability": "Protosynthesis", "evs": {"hp": 85, "atk": 85, "def": 85, "spa": 85, "spd": 85, "spe": 85}, "ivs": {"hp": 31, "atk": 31, "def": 31, "spa": 31, "spd": 31, "spe": 31}, "item": "Leftovers", "teraType": "Fighting", "role": "Bulky Attacker", "bvs": {"hp": 111, "atk": 127, "def": 99, "spa": 79, "spd": 99, "spe": 55}, "stats": {"hp": 309, "atk": 249, "def": 205, "spa": 173, "spd": 205, "spe": 134}, "types": ["Grass", "Dark"]}, "Jirachi": {"name": "Jirachi", "species": "Jirachi", "speciesId": "jirachi", "gender": "N", "shiny": false, "level": 80, "moves": ["wish", "ironhead", "uturn", "protect"], "ability": "Serene Grace", "evs": {"hp": 85, "atk": 85, "def": 85, "spa": 85, "spd": 85, "spe": 85}, "ivs": {"hp": 31, "atk": 31, "def": 31, "spa": 31, "spd": 31, "spe": 31}, "item": "Leftovers", "teraType": "Water", "role": "Bulky Support", "bvs": {"hp": 100, "atk": 100, "def": 100, "spa": 100, "spd": 100, "spe": 100}, "stats": {"hp": 291, "atk": 206, "def": 206, "spa": 206, "spd": 206, "spe": 206}, "types": ["Steel", "Psychic"]}, "Tinkaton": {"name": "Tinkaton", "species": "Tinkaton", "speciesId": "tinkaton", "gender": "F", "shiny": false, "level": 82, "moves": ["playrough", "gigatonhammer", "protect", "swordsdance"], "ability": "Mold Breaker", "evs": {"hp": 85, "atk": 85, "def": 85, "spa": 85, "spd": 85, "spe": 85}, "ivs": {"hp": 31, "atk": 31, "def": 31, "spa": 31, "spd": 31, "spe": 31}, "item": "Leftovers", "teraType": "Steel", "role": "Bulky Setup", "bvs": {"hp": 85, "atk": 75, "def": 77, "spa": 70, "spd": 105, "spe": 94}, "stats": {"hp": 274, "atk": 170, "def": 173, "spa": 162, "spd": 219, "spe": 201}, "types": ["Fairy", "Steel"]}, "Drednaw": {"name": "Drednaw", "species": "Drednaw", "speciesId": "drednaw", "gender": "F", "shiny": false, "level": 81, "moves": ["crunch", "stoneedge", "liquidation", "shellsmash"], "ability": "Strong Jaw", "evs": {"hp": 85, "atk": 85, "def": 85, "spa": 85, "spd": 85, "spe": 85}, "ivs": {"hp": 31, "atk": 31, "def": 31, "spa": 31, "spd": 31, "spe": 31}, "item": "White Herb", "teraType": "Dark", "role": "Setup Sweeper", "bvs": {"hp": 90, "atk": 115, "def": 90, "spa": 48, "spd": 68, "spe": 74}, "stats": {"hp": 278, "atk": 233, "def": 192, "spa": 124, "spd": 157, "spe": 167}, "types": ["Water", "Rock"]}}, {"Scizor": {"name": "Scizor", "species": "Scizor", "speciesId": "scizor", "gender": "M", "shiny": false, "level": 79, "moves": ["knockoff", "bulletpunch", "defog", "closecombat"], "ability": "Technician", "evs": {"hp": 85, "atk": 85, "def": 85, "spa": 85, "spd": 85, "spe": 85}, "ivs": {"hp": 31, "atk": 31, "def": 31, "spa": 31, "spd": 31, "spe": 31}, "item": "Leftovers", "teraType": "Steel", "role": "Bulky Support", "bvs": {"hp": 70, "atk": 130, "def": 100, "spa": 55, "spd": 80, "spe": 65}, "stats": {"hp": 240, "atk": 251, "def": 204, "spa": 132, "spd": 172, "spe": 148}, "types": ["Bug", "Steel"]}, "Hoopa": {"name": "Hoopa", "species": "Hoopa", "speciesId": "hoopa", "gender": "N", "shiny": false, "level": 85, "moves": ["focusblast", "trick", "shadowball", "psychic"], "ability": "Magician", "evs": {"hp": 85, "atk": 0, "def": 85, "spa": 85, "spd": 85, "spe": 85}, "ivs": {"hp": 31, "atk": 0, "def": 31, "spa": 31, "spd": 31, "spe": 31}, "item": "Choice Scarf", "teraType": "Fighting", "role": "Fast Attacker", "bvs": {"hp": 80, "atk": 110, "def": 60, "spa": 150, "spd": 130, "spe": 70}, "stats": {"hp": 275, "atk": 192, "def": 151, "spa": 304, "spd": 270, "spe": 168}, "types": ["Psychic", "Ghost"]}, "Zekrom": {"name": "Zekrom", "species": "Zekrom", "speciesId": "zekrom", "gender": "N", "shiny": false, "level": 71, "moves": ["dragondance", "substitute", "outrage", "boltstrike"], "ability": "Teravolt", "evs": {"hp": 85, "atk": 85, "def": 85, "spa": 85, "spd": 85, "spe": 85}, "ivs": {"hp": 31, "atk": 31, "def": 31, "spa": 31, "spd": 31, "spe": 31}, "item": "Leftovers", "teraType": "Fairy", "role": "Setup Sweeper", "bvs": {"hp": 100, "atk": 150, "def": 120, "spa": 120, "spd": 100, "spe": 90}, "stats": {"hp": 259, "atk": 254, "def": 212, "spa": 212, "spd": 183, "spe": 169}, "types": ["Dragon", "Electric"]}, "Minior": {"name": "Minior", "species": "Minior-Orange", "speciesId": "minior", "gender": "N", "shiny": false, "level": 79, "moves": ["acrobatics", "earthquake", "powergem", "shellsmash"], "ability": "Shields Down", "evs": {"hp": 85, "atk": 85, "def": 85, "spa": 85, "spd": 85, "spe": 85}, "ivs": {"hp": 31, "atk": 31, "def": 31, "spa": 31, "spd": 31, "spe": 31}, "item": "White Herb", "teraType": "Steel", "role": "Setup Sweeper", "bvs": {"hp": 60, "atk": 100, "def": 60, "spa": 100, "spd": 60, "spe": 120}, "stats": {"hp": 224, "atk": 204, "def": 140, "spa": 204, "spd": 140, "spe": 235}, "types": ["Rock", "Flying"]}, "Muk": {"name": "Muk", "species": "Muk-Alola", "speciesId": "mukalola", "gender": "F", "shiny": false, "level": 82, "moves": ["poisonjab", "drainpunch", "knockoff", "icepunch"], "ability": "Poison Touch", "evs": {"hp": 85, "atk": 85, "def": 85, "spa": 85, "spd": 85, "spe": 85}, "ivs": {"hp": 31, "atk": 31, "def": 31, "spa": 31, "spd": 31, "spe": 31}, "item": "Assault Vest", "teraType": "Fighting", "role": "AV Pivot", "bvs": {"hp": 105, "atk": 105, "def": 75, "spa": 65, "spd": 100, "spe": 50}, "stats": {"hp": 306, "atk": 219, "def": 170, "spa": 154, "spd": 211, "spe": 129}, "types": ["Poison", "Dark"]}, "Latios": {"name": "Latios", "species": "Latios", "speciesId": "latios", "gender": "M", "shiny": false, "level": 78, "moves": ["dracometeor", "recover", "calmmind", "psyshock"], "ability": "Levitate", "evs": {"hp": 85, "atk": 0, "def": 85, "spa": 85, "spd": 85, "spe": 85}, "ivs": {"hp": 31, "atk": 0, "def": 31, "spa": 31, "spd": 31, "spe": 31}, "item": "Soul Dew", "teraType": "Steel", "role": "Bulky Setup", "bvs": {"hp": 80, "atk": 90, "def": 80, "spa": 130, "spd": 110, "spe": 110}, "stats": {"hp": 253, "atk": 145, "def": 170, "spa": 248, "spd": 217, "spe": 217}, "types": ["Dragon", "Psychic"]}}]}