{"id": "gen9randombattle-2641540273", "format": "[Gen 9] Random Battle", "players": ["gfdo", "ffyff"], "log": "|j|\u2606gfdo\n|j|\u2606ffyff\n|t:|1782803855\n|gametype|singles\n|player|p1|gfdo|brycenman|\n|player|p2|ffyff|2|\n|gen|9\n|tier|[Gen 9] Random Battle\n|rule|Species Clause: Limit one of each Pok\u00e9mon\n|rule|HP Percentage Mod: HP is shown in percentages\n|rule|Sleep Clause Mod: Limit one foe put to sleep\n|rule|Illusion Level Mod: Illusion disguises the Pok\u00e9mon's true level\n|\n|t:|1782803855\n|teamsize|p1|6\n|teamsize|p2|6\n|start\n|switch|p1a: Greninja|Greninja, L80, M|246/246\n|switch|p2a: Regidrago|Regidrago, L77|435/435\n|turn|1\n|inactive|Battle timer is ON: inactive players will automatically lose when time's up. (requested by gfdo)\n|\n|t:|1782803878\n|move|p1a: Greninja|Dark Pulse|p2a: Regidrago\n|-start|p1a: Greninja|typechange|Dark|[from] ability: Protean\n|-damage|p2a: Regidrago|266/435\n|-damage|p1a: Greninja|222/246|[from] item: Life Orb\n|move|p2a: Regidrago|Outrage|p1a: Greninja\n|-damage|p1a: Greninja|20/246\n|\n|upkeep\n|turn|2\n|\n|t:|1782803901\n|move|p1a: Greninja|Toxic Spikes|p2a: Regidrago\n|-sidestart|p2: ffyff|move: Toxic Spikes\n|move|p2a: Regidrago|Outrage|p1a: Greninja|[from] lockedmove\n|-damage|p1a: Greninja|0 fnt\n|faint|p1a: Greninja\n|\n|upkeep\n|\n|t:|1782803910\n|switch|p1a: Pyroar|Pyroar, L88, F|295/295\n|-ability|p1a: Pyroar|Unnerve\n|turn|3\n|\n|t:|1782803918\n|move|p1a: Pyroar|Hyper Voice|p2a: Regidrago\n|-damage|p2a: Regidrago|85/435\n|move|p2a: Regidrago|Outrage|p1a: Pyroar|[from] lockedmove\n|-damage|p1a: Pyroar|117/295\n|-start|p2a: Regidrago|confusion|[fatigue]\n|\n|upkeep\n|turn|4\n|\n|t:|1782803931\n|move|p1a: Pyroar|Hyper Voice|p2a: Regidrago\n|-damage|p2a: Regidrago|0 fnt\n|faint|p2a: Regidrago\n|\n|upkeep\n|\n|t:|1782803943\n|switch|p2a: Revavroom|Revavroom, L79, M|256/256\n|-sideend|p2: ffyff|move: Toxic Spikes|[of] p2a: Revavroom\n|turn|5\n|inactive|ffyff has 270 seconds left.\n|\n|t:|1782803979\n|switch|p2a: Dachsbun|Dachsbun, L92, M|254/254\n|move|p1a: Pyroar|Fire Blast|p2a: Dachsbun\n|-ability|p2a: Dachsbun|Well-Baked Body|boost\n|-boost|p2a: Dachsbun|def|2\n|\n|upkeep\n|turn|6\n|\n|t:|1782803991\n|move|p1a: Pyroar|Taunt|p2a: Dachsbun\n|-start|p2a: Dachsbun|move: Taunt\n|move|p2a: Dachsbun|Body Press|p1a: Pyroar\n|-supereffective|p1a: Pyroar\n|-crit|p1a: Pyroar\n|-damage|p1a: Pyroar|0 fnt\n|faint|p1a: Pyroar\n|\n|upkeep\n|\n|t:|1782804001\n|switch|p1a: Vileplume|Vileplume, L85, M|266/266\n|turn|7\n|inactive|ffyff has 270 seconds left.\n|inactive|ffyff has 240 seconds left.\n|\n|t:|1782804061\n|switch|p2a: Sandslash|Sandslash-Alola, L88, F|275/275\n|move|p1a: Vileplume|Strength Sap|p2a: Sandslash\n|-unboost|p2a: Sandslash|atk|1\n|\n|upkeep\n|turn|8\n|\n|t:|1782804070\n|move|p2a: Sandslash|Swords Dance|p2a: Sandslash\n|-boost|p2a: Sandslash|atk|2\n|move|p1a: Vileplume|Leech Seed|p2a: Sandslash\n|-start|p2a: Sandslash|move: Leech Seed\n|\n|-damage|p2a: Sandslash|241/275|[from] Leech Seed|[of] p1a: Vileplume\n|upkeep\n|turn|9\n|\n|t:|1782804079\n|-terastallize|p1a: Vileplume|Steel\n|move|p2a: Sandslash|Triple Axel|p1a: Vileplume\n|-resisted|p1a: Vileplume\n|-damage|p1a: Vileplume|243/266\n|-hitcount|p1a: Vileplume|1\n|-damage|p2a: Sandslash|214/275|[from] item: Life Orb\n|move|p1a: Vileplume|Strength Sap|p2a: Sandslash\n|-unboost|p2a: Sandslash|atk|1\n|-heal|p1a: Vileplume|266/266\n|\n|-damage|p2a: Sandslash|180/275|[from] Leech Seed|[of] p1a: Vileplume\n|upkeep\n|turn|10\n|\n|t:|1782804095\n|move|p2a: Sandslash|Swords Dance|p2a: Sandslash\n|-boost|p2a: Sandslash|atk|2\n|move|p1a: Vileplume|Giga Drain|p2a: Sandslash\n|-resisted|p2a: Sandslash\n|-damage|p2a: Sandslash|125/275\n|\n|-damage|p2a: Sandslash|91/275|[from] Leech Seed|[of] p1a: Vileplume\n|upkeep\n|turn|11\n|inactive|ffyff has 240 seconds left.\n|\n|t:|1782804104\n|move|p2a: Sandslash|Earthquake|p1a: Vileplume\n|-supereffective|p1a: Vileplume\n|-damage|p1a: Vileplume|0 fnt\n|faint|p1a: Vileplume\n|-damage|p2a: Sandslash|64/275|[from] item: Life Orb\n|\n|upkeep\n|\n|t:|1782804115\n|switch|p1a: Toxicroak|Toxicroak, L84, M|277/277\n|turn|12\n|\n|t:|1782804120\n|move|p1a: Toxicroak|Knock Off|p2a: Sandslash\n|-damage|p2a: Sandslash|0 fnt\n|-enditem|p2a: Sandslash|Life Orb|[from] move: Knock Off|[of] p1a: Toxicroak\n|faint|p2a: Sandslash\n|-damage|p1a: Toxicroak|250/277|[from] item: Life Orb\n|\n|upkeep\n|\n|t:|1782804128\n|switch|p2a: Grumpig|Grumpig, L92, M|297/297\n|turn|13\n|\n|t:|1782804139\n|move|p2a: Grumpig|Earth Power|p1a: Toxicroak\n|-supereffective|p1a: Toxicroak\n|-damage|p1a: Toxicroak|80/277\n|move|p1a: Toxicroak|Knock Off|p2a: Grumpig\n|-supereffective|p2a: Grumpig\n|-damage|p2a: Grumpig|79/297\n|-enditem|p2a: Grumpig|Leftovers|[from] move: Knock Off|[of] p1a: Toxicroak\n|-damage|p1a: Toxicroak|53/277|[from] item: Life Orb\n|\n|upkeep\n|turn|14\n|inactive|ffyff has 270 seconds left.\n|\n|t:|1782804149\n|switch|p1a: Mandibuzz|Mandibuzz, L85, F|326/326\n|move|p2a: Grumpig|Earth Power|p1a: Mandibuzz\n|-immune|p1a: Mandibuzz\n|\n|upkeep\n|turn|15\n|\n|t:|1782804158\n|switch|p2a: Dachsbun|Dachsbun, L92, M|254/254\n|move|p1a: Mandibuzz|Foul Play|p2a: Dachsbun\n|-resisted|p2a: Dachsbun\n|-damage|p2a: Dachsbun|217/254\n|\n|-heal|p2a: Dachsbun|232/254|[from] item: Leftovers\n|upkeep\n|turn|16\n|\n|t:|1782804170\n|move|p2a: Dachsbun|Play Rough|p1a: Mandibuzz\n|-supereffective|p1a: Mandibuzz\n|-damage|p1a: Mandibuzz|152/326\n|move|p1a: Mandibuzz|Toxic|p2a: Dachsbun\n|-status|p2a: Dachsbun|tox\n|\n|-heal|p2a: Dachsbun|247/254 tox|[from] item: Leftovers\n|-damage|p2a: Dachsbun|232/254 tox|[from] psn\n|upkeep\n|turn|17\n|\n|t:|1782804182\n|switch|p1a: Toxicroak|Toxicroak, L84, M|53/277\n|move|p2a: Dachsbun|Play Rough|p1a: Toxicroak\n|-damage|p1a: Toxicroak|0 fnt\n|faint|p1a: Toxicroak\n|\n|-heal|p2a: Dachsbun|247/254 tox|[from] item: Leftovers\n|-damage|p2a: Dachsbun|217/254 tox|[from] psn\n|upkeep\n|\n|t:|1782804193\n|switch|p1a: Latios|Latios, L78, M|253/253\n|turn|18\n|\n|t:|1782804200\n|move|p2a: Dachsbun|Play Rough|p1a: Latios\n|-supereffective|p1a: Latios\n|-damage|p1a: Latios|23/253\n|move|p1a: Latios|Psyshock|p2a: Dachsbun\n|-damage|p2a: Dachsbun|133/254 tox\n|\n|-heal|p2a: Dachsbun|148/254 tox|[from] item: Leftovers\n|-damage|p2a: Dachsbun|103/254 tox|[from] psn\n|upkeep\n|turn|19\n|\n|t:|1782804213\n|move|p2a: Dachsbun|Body Press|p1a: Latios\n|-resisted|p1a: Latios\n|-crit|p1a: Latios\n|-damage|p1a: Latios|0 fnt\n|faint|p1a: Latios\n|\n|-heal|p2a: Dachsbun|118/254 tox|[from] item: Leftovers\n|-damage|p2a: Dachsbun|58/254 tox|[from] psn\n|upkeep\n|\n|t:|1782804214\n|switch|p1a: Mandibuzz|Mandibuzz, L85, F|152/326\n|turn|20\n|\n|t:|1782804221\n|move|p2a: Dachsbun|Play Rough|p1a: Mandibuzz\n|-supereffective|p1a: Mandibuzz\n|-damage|p1a: Mandibuzz|0 fnt\n|faint|p1a: Mandibuzz\n|\n|win|ffyff\n", "inputlog": ">version f8ac14003a5f27e1bdc8d8c59608a773c1cb96e5\n>start {\"formatid\":\"gen9randombattle\",\"seed\":\"sodium,f06caccf6f24752505e82594e3b2eb6a\"}\n>player p1 {\"name\":\"gfdo\",\"avatar\":\"brycenman\",\"rating\":0,\"seed\":\"sodium,ccdab3696fac61ae5cb6a2d4188aeb71\"}\n>player p2 {\"name\":\"ffyff\",\"avatar\":\"2\",\"rating\":0,\"seed\":\"sodium,f85459f471764e1ca7b9a03b341bf511\"}\n>p1 move darkpulse\n>p2 move outrage\n>p1 move toxicspikes\n>p2 move outrage\n>p1 switch 6\n>p1 move hypervoice\n>p2 move outrage\n>p1 move hypervoice\n>p2 move outrage\n>p2 switch 2\n>p1 move fireblast\n>p2 switch 3\n>p1 move taunt\n>p2 move bodypress\n>p1 switch 5\n>p1 move strengthsap\n>p2 switch 4\n>p1 move leechseed\n>p2 move swordsdance\n>p1 move strengthsap terastallize\n>p2 move tripleaxel\n>p1 move gigadrain\n>p2 move swordsdance\n>p1 move strengthsap\n>p2 move earthquake\n>p1 switch 4\n>p1 move knockoff\n>p2 move earthquake\n>p2 switch 6\n>p1 move knockoff\n>p2 move earthpower\n>p1 switch 2\n>p2 move earthpower\n>p1 move foulplay\n>p2 switch 4\n>p1 move toxic\n>p2 move playrough\n>p1 switch 2\n>p2 move playrough\n>p1 switch 3\n>p1 move psyshock\n>p2 move playrough\n>p1 move recover\n>p2 move bodypress\n>p1 switch 2\n>p1 move toxic\n>p2 move playrough", "uploadtime": 1782804224, "views": 7, "formatid": "gen9randombattle", "rating": null, "private": 0, "password": null, "player_dets": [{"name": "gfdo", "avatar": "brycenman", "rating": 0, "seed": "sodium,ccdab3696fac61ae5cb6a2d4188aeb71"}, {"name": "ffyff", "avatar": "2", "rating": 0, "seed": "sodium,f85459f471764e1ca7b9a03b341bf511"}], "teams_full": [{"Greninja": {"name": "Greninja", "species": "Greninja", "speciesId": "greninja", "gender": "M", "shiny": false, "level": 80, "moves": ["grassknot", "darkpulse", "hydropump", "toxicspikes"], "ability": "Protean", "evs": {"hp": 85, "atk": 0, "def": 85, "spa": 85, "spd": 85, "spe": 85}, "ivs": {"hp": 31, "atk": 0, "def": 31, "spa": 31, "spd": 31, "spe": 31}, "item": "Life Orb", "teraType": "Dark", "role": "Fast Attacker", "bvs": {"hp": 72, "atk": 95, "def": 67, "spa": 103, "spd": 71, "spe": 122}, "stats": {"hp": 246, "atk": 157, "def": 153, "spa": 211, "spd": 160, "spe": 241}, "types": ["Water", "Dark"]}, "Mandibuzz": {"name": "Mandibuzz", "species": "Mandibuzz", "speciesId": "mandibuzz", "gender": "F", "shiny": false, "level": 85, "moves": ["foulplay", "defog", "toxic", "roost"], "ability": "Overcoat", "evs": {"hp": 85, "atk": 0, "def": 85, "spa": 85, "spd": 85, "spe": 85}, "ivs": {"hp": 31, "atk": 0, "def": 31, "spa": 31, "spd": 31, "spe": 31}, "item": "Heavy-Duty Boots", "teraType": "Steel", "role": "Bulky Support", "bvs": {"hp": 110, "atk": 65, "def": 105, "spa": 55, "spd": 95, "spe": 80}, "stats": {"hp": 326, "atk": 115, "def": 227, "spa": 142, "spd": 210, "spe": 185}, "types": ["Dark", "Flying"]}, "Latios": {"name": "Latios", "species": "Latios", "speciesId": "latios", "gender": "M", "shiny": false, "level": 78, "moves": ["psyshock", "calmmind", "dracometeor", "recover"], "ability": "Levitate", "evs": {"hp": 85, "atk": 0, "def": 85, "spa": 85, "spd": 85, "spe": 85}, "ivs": {"hp": 31, "atk": 0, "def": 31, "spa": 31, "spd": 31, "spe": 31}, "item": "Soul Dew", "teraType": "Steel", "role": "Bulky Setup", "bvs": {"hp": 80, "atk": 90, "def": 80, "spa": 130, "spd": 110, "spe": 110}, "stats": {"hp": 253, "atk": 145, "def": 170, "spa": 248, "spd": 217, "spe": 217}, "types": ["Dragon", "Psychic"]}, "Toxicroak": {"name": "Toxicroak", "species": "Toxicroak", "speciesId": "toxicroak", "gender": "M", "shiny": false, "level": 84, "moves": ["closecombat", "swordsdance", "knockoff", "gunkshot"], "ability": "Dry Skin", "evs": {"hp": 85, "atk": 85, "def": 85, "spa": 85, "spd": 85, "spe": 85}, "ivs": {"hp": 31, "atk": 31, "def": 31, "spa": 31, "spd": 31, "spe": 31}, "item": "Life Orb", "teraType": "Dark", "role": "Fast Attacker", "bvs": {"hp": 83, "atk": 106, "def": 65, "spa": 86, "spd": 65, "spe": 85}, "stats": {"hp": 277, "atk": 226, "def": 157, "spa": 193, "spd": 157, "spe": 191}, "types": ["Poison", "Fighting"]}, "Vileplume": {"name": "Vileplume", "species": "Vileplume", "speciesId": "vileplume", "gender": "M", "shiny": false, "level": 85, "moves": ["sludgebomb", "leechseed", "strengthsap", "gigadrain"], "ability": "Effect Spore", "evs": {"hp": 85, "atk": 0, "def": 85, "spa": 85, "spd": 85, "spe": 85}, "ivs": {"hp": 31, "atk": 0, "def": 31, "spa": 31, "spd": 31, "spe": 31}, "item": "Leftovers", "teraType": "Steel", "role": "Bulky Attacker", "bvs": {"hp": 75, "atk": 80, "def": 85, "spa": 110, "spd": 90, "spe": 50}, "stats": {"hp": 266, "atk": 141, "def": 193, "spa": 236, "spd": 202, "spe": 134}, "types": ["Grass", "Poison"]}, "Pyroar": {"name": "Pyroar", "species": "Pyroar", "speciesId": "pyroar", "gender": "F", "shiny": false, "level": 88, "moves": ["workup", "taunt", "fireblast", "hypervoice"], "ability": "Unnerve", "evs": {"hp": 85, "atk": 0, "def": 85, "spa": 85, "spd": 85, "spe": 85}, "ivs": {"hp": 31, "atk": 0, "def": 31, "spa": 31, "spd": 31, "spe": 31}, "item": "Heavy-Duty Boots", "teraType": "Fire", "role": "Fast Attacker", "bvs": {"hp": 86, "atk": 68, "def": 72, "spa": 109, "spd": 66, "spe": 106}, "stats": {"hp": 295, "atk": 124, "def": 177, "spa": 242, "spd": 166, "spe": 237}, "types": ["Fire", "Normal"]}}, {"Regidrago": {"name": "Regidrago", "species": "Regidrago", "speciesId": "regidrago", "gender": "N", "shiny": false, "level": 77, "moves": ["dracometeor", "dragondance", "outrage", "earthquake"], "ability": "Dragon's Maw", "evs": {"hp": 85, "atk": 85, "def": 85, "spa": 85, "spd": 85, "spe": 85}, "ivs": {"hp": 31, "atk": 31, "def": 31, "spa": 31, "spd": 31, "spe": 31}, "item": "Lum Berry", "teraType": "Dragon", "role": "Setup Sweeper", "bvs": {"hp": 200, "atk": 100, "def": 50, "spa": 100, "spd": 50, "spe": 80}, "stats": {"hp": 435, "atk": 199, "def": 122, "spa": 199, "spd": 122, "spe": 168}, "types": ["Dragon"]}, "Revavroom": {"name": "Revavroom", "species": "Revavroom", "speciesId": "revavroom", "gender": "M", "shiny": false, "level": 79, "moves": ["gunkshot", "highhorsepower", "shiftgear", "ironhead"], "ability": "Filter", "evs": {"hp": 85, "atk": 85, "def": 85, "spa": 85, "spd": 85, "spe": 85}, "ivs": {"hp": 31, "atk": 31, "def": 31, "spa": 31, "spd": 31, "spe": 31}, "item": "Life Orb", "teraType": "Ground", "role": "Fast Attacker", "bvs": {"hp": 80, "atk": 119, "def": 90, "spa": 54, "spd": 67, "spe": 90}, "stats": {"hp": 256, "atk": 234, "def": 188, "spa": 131, "spd": 151, "spe": 188}, "types": ["Steel", "Poison"]}, "Dachsbun": {"name": "Dachsbun", "species": "Dachsbun", "speciesId": "dachsbun", "gender": "M", "shiny": false, "level": 92, "moves": ["wish", "protect", "playrough", "bodypress"], "ability": "Well-Baked Body", "evs": {"hp": 85, "atk": 85, "def": 85, "spa": 85, "spd": 85, "spe": 85}, "ivs": {"hp": 31, "atk": 31, "def": 31, "spa": 31, "spd": 31, "spe": 31}, "item": "Leftovers", "teraType": "Steel", "role": "Bulky Support", "bvs": {"hp": 57, "atk": 80, "def": 115, "spa": 50, "spd": 80, "spe": 95}, "stats": {"hp": 254, "atk": 200, "def": 264, "spa": 144, "spd": 200, "spe": 227}, "types": ["Fairy"]}, "Sandslash": {"name": "Sandslash", "species": "Sandslash-Alola", "speciesId": "sandslashalola", "gender": "F", "shiny": false, "level": 88, "moves": ["tripleaxel", "iceshard", "swordsdance", "earthquake"], "ability": "Slush Rush", "evs": {"hp": 85, "atk": 85, "def": 85, "spa": 85, "spd": 85, "spe": 85}, "ivs": {"hp": 31, "atk": 31, "def": 31, "spa": 31, "spd": 31, "spe": 31}, "item": "Life Orb", "teraType": "Ground", "role": "Setup Sweeper", "bvs": {"hp": 75, "atk": 100, "def": 120, "spa": 25, "spd": 65, "spe": 65}, "stats": {"hp": 275, "atk": 226, "def": 261, "spa": 94, "spd": 165, "spe": 165}, "types": ["Ice", "Steel"]}, "Electivire": {"name": "Electivire", "species": "Electivire", "speciesId": "electivire", "gender": "F", "shiny": false, "level": 84, "moves": ["icepunch", "supercellslam", "bulkup", "earthquake"], "ability": "Motor Drive", "evs": {"hp": 85, "atk": 85, "def": 85, "spa": 85, "spd": 85, "spe": 85}, "ivs": {"hp": 31, "atk": 31, "def": 31, "spa": 31, "spd": 31, "spe": 31}, "item": "Life Orb", "teraType": "Flying", "role": "Setup Sweeper", "bvs": {"hp": 75, "atk": 123, "def": 67, "spa": 95, "spd": 85, "spe": 95}, "stats": {"hp": 263, "atk": 255, "def": 161, "spa": 208, "spd": 191, "spe": 208}, "types": ["Electric"]}, "Grumpig": {"name": "Grumpig", "species": "Grumpig", "speciesId": "grumpig", "gender": "M", "shiny": false, "level": 92, "moves": ["shadowball", "nastyplot", "earthpower", "psyshock"], "ability": "Thick Fat", "evs": {"hp": 85, "atk": 0, "def": 85, "spa": 85, "spd": 85, "spe": 85}, "ivs": {"hp": 31, "atk": 0, "def": 31, "spa": 31, "spd": 31, "spe": 31}, "item": "Leftovers", "teraType": "Ground", "role": "Bulky Setup", "bvs": {"hp": 80, "atk": 45, "def": 65, "spa": 90, "spd": 110, "spe": 80}, "stats": {"hp": 297, "atk": 87, "def": 172, "spa": 218, "spd": 255, "spe": 200}, "types": ["Psychic"]}}]}