{"id": "gen9randombattle-2641533868", "format": "[Gen 9] Random Battle", "players": ["moenke", "Yp97"], "log": "|badge|p1|bronze|gen9randombattle|100-9\n|html|<div class=\"broadcast-red\"><strong>This battle is required to be public due to one or more player having a season medal.</strong><br />During the public phase, you can discuss the state of the ladder <a href=\"/seasondiscussion\">in a special chatroom.</a></div>\n|uhtml|medal-msg|<div class=\"broadcast-blue\">Curious what those medals under the avatar are? PS now has Ladder Seasons! For more information, check out the <a href=\"https://www.smogon.com/forums/threads/3740067/\">thread on Smogon.</a></div>\n|raw|<div class=\"broadcast-blue\"><strong>This battle is required to be public due to a player having a name starting with 'medal'.</div>\n|j|\u2606moenke\n|j|\u2606Yp97\n|t:|1782802492\n|gametype|singles\n|player|p1|moenke|101|2327\n|player|p2|Yp97|steven|2285\n|gen|9\n|tier|[Gen 9] Random Battle\n|rated|\n|rule|Species Clause: Limit one of each Pok\u00e9mon\n|rule|HP Percentage Mod: HP is shown in percentages\n|rule|Sleep Clause Mod: Limit one foe put to sleep\n|rule|Illusion Level Mod: Illusion disguises the Pok\u00e9mon's true level\n|\n|t:|1782802492\n|teamsize|p1|6\n|teamsize|p2|6\n|start\n|switch|p1a: Frosmoth|Frosmoth, L82, F|249/249\n|switch|p2a: Regice|Regice, L88|284/284\n|turn|1\n|inactive|Battle timer is ON: inactive players will automatically lose when time's up. (requested by Yp97)\n|\n|t:|1782802515\n|switch|p1a: Mamoswine|Mamoswine, L81, M|311/311\n|switch|p2a: Dusknoir|Dusknoir, L89, F|225/225\n|-item|p1a: Mamoswine|Life Orb|[from] ability: Frisk|[of] p2a: Dusknoir\n|\n|upkeep\n|turn|2\n|\n|t:|1782802525\n|move|p1a: Mamoswine|Stealth Rock|p2a: Dusknoir\n|-sidestart|p2: Yp97|move: Stealth Rock\n|move|p2a: Dusknoir|Will-O-Wisp|p1a: Mamoswine|[miss]\n|-miss|p2a: Dusknoir|p1a: Mamoswine\n|\n|upkeep\n|turn|3\n|\n|t:|1782802532\n|move|p1a: Mamoswine|Earthquake|p2a: Dusknoir\n|-damage|p2a: Dusknoir|104/225\n|-damage|p1a: Mamoswine|280/311|[from] item: Life Orb\n|move|p2a: Dusknoir|Will-O-Wisp|p1a: Mamoswine\n|-status|p1a: Mamoswine|brn\n|\n|-heal|p2a: Dusknoir|118/225|[from] item: Leftovers\n|-damage|p1a: Mamoswine|261/311 brn|[from] brn\n|upkeep\n|turn|4\n|\n|t:|1782802536\n|move|p1a: Mamoswine|Earthquake|p2a: Dusknoir\n|-crit|p2a: Dusknoir\n|-damage|p2a: Dusknoir|28/225\n|-damage|p1a: Mamoswine|230/311 brn|[from] item: Life Orb\n|move|p2a: Dusknoir|Pain Split|p1a: Mamoswine\n|-sethp|p1a: Mamoswine|129/311 brn|[from] move: Pain Split|[silent]\n|-sethp|p2a: Dusknoir|129/225|[from] move: Pain Split\n|\n|-heal|p2a: Dusknoir|143/225|[from] item: Leftovers\n|-damage|p1a: Mamoswine|110/311 brn|[from] brn\n|upkeep\n|turn|5\n|\n|t:|1782802542\n|move|p1a: Mamoswine|Earthquake|p2a: Dusknoir\n|-crit|p2a: Dusknoir\n|-damage|p2a: Dusknoir|66/225\n|-damage|p1a: Mamoswine|79/311 brn|[from] item: Life Orb\n|move|p2a: Dusknoir|Poltergeist|p1a: Mamoswine\n|-activate|p1a: Mamoswine|move: Poltergeist|Life Orb\n|-damage|p1a: Mamoswine|0 fnt\n|faint|p1a: Mamoswine\n|\n|-heal|p2a: Dusknoir|80/225|[from] item: Leftovers\n|upkeep\n|c|\u2606Yp97|Damn\n|\n|t:|1782802549\n|switch|p1a: Stonjourner|Stonjourner, L91, F|330/330\n|turn|6\n|\n|t:|1782802556\n|move|p1a: Stonjourner|Earthquake|p2a: Dusknoir\n|-damage|p2a: Dusknoir|0 fnt\n|faint|p2a: Dusknoir\n|-damage|p1a: Stonjourner|297/330|[from] item: Life Orb\n|\n|upkeep\n|\n|t:|1782802566\n|switch|p2a: Landorus|Landorus-Therian, L76, M|260/260\n|-damage|p2a: Landorus|228/260|[from] Stealth Rock\n|-ability|p2a: Landorus|Intimidate|boost\n|-unboost|p1a: Stonjourner|atk|1\n|turn|7\n|\n|t:|1782802572\n|switch|p1a: Reuniclus|Reuniclus, L88, F|337/337\n|move|p2a: Landorus|Earthquake|p1a: Reuniclus\n|-damage|p1a: Reuniclus|202/337\n|\n|-heal|p2a: Landorus|244/260|[from] item: Leftovers\n|upkeep\n|turn|8\n|\n|t:|1782802581\n|move|p2a: Landorus|Taunt|p1a: Reuniclus\n|-start|p1a: Reuniclus|move: Taunt\n|move|p1a: Reuniclus|Psyshock|p2a: Landorus\n|-damage|p2a: Landorus|87/260\n|\n|-heal|p2a: Landorus|103/260|[from] item: Leftovers\n|upkeep\n|turn|9\n|\n|t:|1782802584\n|move|p2a: Landorus|U-turn|p1a: Reuniclus\n|-supereffective|p1a: Reuniclus\n|-damage|p1a: Reuniclus|76/337\n|\n|t:|1782802587\n|switch|p2a: Farigiraf|Farigiraf, L90, M|362/362|[from] U-turn\n|-damage|p2a: Farigiraf|317/362|[from] Stealth Rock\n|move|p1a: Reuniclus|Psyshock|p2a: Farigiraf\n|-resisted|p2a: Farigiraf\n|-damage|p2a: Farigiraf|236/362\n|\n|-heal|p2a: Farigiraf|258/362|[from] item: Leftovers\n|upkeep\n|turn|10\n|\n|t:|1782802597\n|switch|p1a: Stonjourner|Stonjourner, L91, F|297/330\n|move|p2a: Farigiraf|Wish|p2a: Farigiraf\n|\n|-heal|p2a: Farigiraf|280/362|[from] item: Leftovers\n|upkeep\n|turn|11\n|\n|t:|1782802603\n|move|p1a: Stonjourner|Stone Edge|p2a: Farigiraf\n|-damage|p2a: Farigiraf|58/362\n|-damage|p1a: Stonjourner|264/330|[from] item: Life Orb\n|move|p2a: Farigiraf|Psychic Noise|p1a: Stonjourner\n|-damage|p1a: Stonjourner|27/330\n|-start|p1a: Stonjourner|move: Heal Block\n|\n|-heal|p2a: Farigiraf|239/362|[from] move: Wish|[wisher] Farigiraf\n|-heal|p2a: Farigiraf|261/362|[from] item: Leftovers\n|upkeep\n|turn|12\n|\n|t:|1782802607\n|move|p2a: Farigiraf|Protect|p2a: Farigiraf\n|-singleturn|p2a: Farigiraf|Protect\n|move|p1a: Stonjourner|Stone Edge|p2a: Farigiraf\n|-activate|p2a: Farigiraf|move: Protect\n|\n|-heal|p2a: Farigiraf|283/362|[from] item: Leftovers\n|-end|p1a: Stonjourner|move: Heal Block\n|upkeep\n|turn|13\n|\n|t:|1782802610\n|move|p1a: Stonjourner|Stone Edge|p2a: Farigiraf\n|-damage|p2a: Farigiraf|53/362\n|-damage|p1a: Stonjourner|0 fnt|[from] item: Life Orb\n|faint|p1a: Stonjourner\n|move|p2a: Farigiraf|Wish|p2a: Farigiraf\n|\n|-heal|p2a: Farigiraf|75/362|[from] item: Leftovers\n|upkeep\n|\n|t:|1782802615\n|switch|p1a: Arceus|Arceus-Poison, L70|284/284\n|turn|14\n|\n|t:|1782802618\n|move|p1a: Arceus|Swords Dance|p1a: Arceus\n|-boost|p1a: Arceus|atk|2\n|move|p2a: Farigiraf|Body Slam|p1a: Arceus\n|-damage|p1a: Arceus|184/284\n|-status|p1a: Arceus|par\n|\n|-heal|p2a: Farigiraf|256/362|[from] move: Wish|[wisher] Farigiraf\n|-heal|p2a: Farigiraf|278/362|[from] item: Leftovers\n|upkeep\n|turn|15\n|\n|t:|1782802620\n|move|p2a: Farigiraf|Psychic Noise|p1a: Arceus\n|-supereffective|p1a: Arceus\n|-damage|p1a: Arceus|0 fnt\n|faint|p1a: Arceus\n|\n|-heal|p2a: Farigiraf|300/362|[from] item: Leftovers\n|upkeep\n|\n|t:|1782802623\n|switch|p1a: Frosmoth|Frosmoth, L82, F|249/249\n|turn|16\n|\n|t:|1782802626\n|move|p2a: Farigiraf|Body Slam|p1a: Frosmoth\n|-damage|p1a: Frosmoth|108/249\n|move|p1a: Frosmoth|Quiver Dance|p1a: Frosmoth\n|-boost|p1a: Frosmoth|spa|1\n|-boost|p1a: Frosmoth|spd|1\n|-boost|p1a: Frosmoth|spe|1\n|\n|-heal|p2a: Farigiraf|322/362|[from] item: Leftovers\n|upkeep\n|turn|17\n|\n|t:|1782802631\n|move|p2a: Farigiraf|Protect|p2a: Farigiraf\n|-singleturn|p2a: Farigiraf|Protect\n|move|p1a: Frosmoth|Bug Buzz|p2a: Farigiraf\n|-activate|p2a: Farigiraf|move: Protect\n|\n|-heal|p2a: Farigiraf|344/362|[from] item: Leftovers\n|upkeep\n|turn|18\n|\n|t:|1782802633\n|move|p1a: Frosmoth|Bug Buzz|p2a: Farigiraf\n|-supereffective|p2a: Farigiraf\n|-damage|p2a: Farigiraf|8/362\n|move|p2a: Farigiraf|Body Slam|p1a: Frosmoth\n|-damage|p1a: Frosmoth|0 fnt\n|faint|p1a: Frosmoth\n|\n|-heal|p2a: Farigiraf|30/362|[from] item: Leftovers\n|upkeep\n|\n|t:|1782802636\n|switch|p1a: Regieleki|Regieleki, L79|256/256\n|turn|19\n|\n|t:|1782802638\n|move|p2a: Farigiraf|Protect|p2a: Farigiraf\n|-singleturn|p2a: Farigiraf|Protect\n|move|p1a: Regieleki|Thunderbolt|p2a: Farigiraf\n|-activate|p2a: Farigiraf|move: Protect\n|\n|-heal|p2a: Farigiraf|52/362|[from] item: Leftovers\n|upkeep\n|turn|20\n|\n|t:|1782802641\n|move|p2a: Farigiraf|Protect||[still]\n|-fail|p2a: Farigiraf\n|move|p1a: Regieleki|Thunderbolt|p2a: Farigiraf\n|-damage|p2a: Farigiraf|0 fnt\n|faint|p2a: Farigiraf\n|\n|upkeep\n|\n|t:|1782802643\n|switch|p2a: Landorus|Landorus-Therian, L76, M|103/260\n|-damage|p2a: Landorus|71/260|[from] Stealth Rock\n|-ability|p2a: Landorus|Intimidate|boost\n|-unboost|p1a: Regieleki|atk|1\n|turn|21\n|\n|t:|1782802646\n|switch|p2a: Regice|Regice, L88|284/284\n|move|p1a: Regieleki|Explosion|p2a: Regice\n|-damage|p2a: Regice|194/284\n|faint|p1a: Regieleki\n|\n|upkeep\n|\n|t:|1782802648\n|switch|p1a: Reuniclus|Reuniclus, L88, F|76/337\n|turn|22\n|\n|t:|1782802652\n|-terastallize|p2a: Regice|Electric\n|move|p2a: Regice|Thunderbolt|p1a: Reuniclus\n|-damage|p1a: Reuniclus|0 fnt\n|faint|p1a: Reuniclus\n|\n|win|Yp97\n", "inputlog": ">version f8ac14003a5f27e1bdc8d8c59608a773c1cb96e5\n>start {\"formatid\":\"gen9randombattle\",\"seed\":\"sodium,2407d97019ef0bca628b3c3eb49f5ba6\",\"rated\":\"Rated battle\"}\n>player p1 {\"name\":\"moenke\",\"avatar\":\"101\",\"rating\":2327,\"seed\":\"sodium,d520ee72c1b7bf40456f3a0d98d57d4d\"}\n>player p2 {\"name\":\"Yp97\",\"avatar\":\"steven\",\"rating\":2285,\"seed\":\"sodium,7776e3b3d6d2e2cc4165b1b0bb73e94d\"}\n>p1 switch 2\n>p2 switch 4\n>p1 move stealthrock\n>p2 move willowisp\n>p1 move earthquake\n>p2 move willowisp\n>p1 move earthquake\n>p2 move painsplit\n>p1 move earthquake\n>p2 move poltergeist\n>chat \u2606Yp97|Damn\n>p1 switch 3\n>p1 move earthquake\n>p2 move painsplit\n>p2 switch 6\n>p1 switch 4\n>p2 move earthquake\n>p1 move psyshock\n>p2 move taunt\n>p1 move psyshock\n>p2 move uturn\n>p2 switch 2\n>p1 switch 4\n>p2 move wish\n>p1 move stoneedge\n>p2 move psychicnoise\n>p1 move stoneedge\n>p2 move protect\n>p1 move stoneedge\n>p2 move wish\n>p1 switch 6\n>p1 move swordsdance\n>p2 move bodyslam\n>p1 move gunkshot\n>p2 move psychicnoise\n>p1 switch 2\n>p1 move quiverdance\n>p2 move bodyslam\n>p1 move bugbuzz\n>p2 move protect\n>p1 move bugbuzz\n>p2 move bodyslam\n>p1 switch 5\n>p1 move thunderbolt\n>p2 move protect\n>p1 move thunderbolt\n>p2 move protect\n>p2 switch 2\n>p1 move explosion\n>p2 switch 4\n>p1 switch 4\n>p1 move calmmind\n>p2 move thunderbolt terastallize", "uploadtime": 1782802494, "views": 9, "formatid": "gen9randombattle", "rating": null, "private": 0, "password": null, "player_dets": [{"name": "moenke", "avatar": "101", "rating": 2327, "seed": "sodium,d520ee72c1b7bf40456f3a0d98d57d4d"}, {"name": "Yp97", "avatar": "steven", "rating": 2285, "seed": "sodium,7776e3b3d6d2e2cc4165b1b0bb73e94d"}], "teams_full": [{"Frosmoth": {"name": "Frosmoth", "species": "Frosmoth", "speciesId": "frosmoth", "gender": "F", "shiny": false, "level": 82, "moves": ["bugbuzz", "terablast", "icebeam", "quiverdance"], "ability": "Ice Scales", "evs": {"hp": 85, "atk": 0, "def": 85, "spa": 85, "spd": 85, "spe": 85}, "ivs": {"hp": 31, "atk": 0, "def": 31, "spa": 31, "spd": 31, "spe": 31}, "item": "Heavy-Duty Boots", "teraType": "Ground", "role": "Tera Blast user", "bvs": {"hp": 70, "atk": 65, "def": 60, "spa": 125, "spd": 90, "spe": 65}, "stats": {"hp": 249, "atk": 111, "def": 146, "spa": 252, "spd": 195, "spe": 154}, "types": ["Ice", "Bug"]}, "Mamoswine": {"name": "Mamoswine", "species": "Mamoswine", "speciesId": "mamoswine", "gender": "M", "shiny": false, "level": 81, "moves": ["iciclecrash", "earthquake", "iceshard", "stealthrock"], "ability": "Thick Fat", "evs": {"hp": 85, "atk": 85, "def": 85, "spa": 85, "spd": 85, "spe": 85}, "ivs": {"hp": 31, "atk": 31, "def": 31, "spa": 31, "spd": 31, "spe": 31}, "item": "Life Orb", "teraType": "Ice", "role": "Wallbreaker", "bvs": {"hp": 110, "atk": 130, "def": 80, "spa": 70, "spd": 60, "spe": 80}, "stats": {"hp": 311, "atk": 257, "def": 176, "spa": 160, "spd": 144, "spe": 176}, "types": ["Ice", "Ground"]}, "Stonjourner": {"name": "Stonjourner", "species": "Stonjourner", "speciesId": "stonjourner", "gender": "F", "shiny": false, "level": 91, "moves": ["stoneedge", "heatcrash", "earthquake", "rockpolish"], "ability": "Power Spot", "evs": {"hp": 85, "atk": 85, "def": 85, "spa": 85, "spd": 85, "spe": 85}, "ivs": {"hp": 31, "atk": 31, "def": 31, "spa": 31, "spd": 31, "spe": 31}, "item": "Life Orb", "teraType": "Ground", "role": "Fast Attacker", "bvs": {"hp": 100, "atk": 125, "def": 135, "spa": 20, "spd": 20, "spe": 70}, "stats": {"hp": 330, "atk": 279, "def": 298, "spa": 88, "spd": 88, "spe": 179}, "types": ["Rock"]}, "Reuniclus": {"name": "Reuniclus", "species": "Reuniclus", "speciesId": "reuniclus", "gender": "F", "shiny": false, "level": 88, "moves": ["psyshock", "focusblast", "calmmind", "recover"], "ability": "Magic Guard", "evs": {"hp": 85, "atk": 0, "def": 85, "spa": 85, "spd": 85, "spe": 85}, "ivs": {"hp": 31, "atk": 0, "def": 31, "spa": 31, "spd": 31, "spe": 31}, "item": "Life Orb", "teraType": "Steel", "role": "Bulky Setup", "bvs": {"hp": 110, "atk": 65, "def": 75, "spa": 125, "spd": 85, "spe": 30}, "stats": {"hp": 337, "atk": 119, "def": 182, "spa": 270, "spd": 200, "spe": 103}, "types": ["Psychic"]}, "Regieleki": {"name": "Regieleki", "species": "Regieleki", "speciesId": "regieleki", "gender": "N", "shiny": false, "level": 79, "moves": ["thunderbolt", "explosion", "voltswitch", "rapidspin"], "ability": "Transistor", "evs": {"hp": 85, "atk": 85, "def": 85, "spa": 85, "spd": 85, "spe": 85}, "ivs": {"hp": 31, "atk": 31, "def": 31, "spa": 31, "spd": 31, "spe": 31}, "item": "Magnet", "teraType": "Electric", "role": "Fast Support", "bvs": {"hp": 80, "atk": 100, "def": 50, "spa": 100, "spd": 50, "spe": 200}, "stats": {"hp": 256, "atk": 204, "def": 125, "spa": 204, "spd": 125, "spe": 362}, "types": ["Electric"]}, "Arceus": {"name": "Arceus", "species": "Arceus-Poison", "speciesId": "arceuspoison", "gender": "N", "shiny": false, "level": 70, "moves": ["gunkshot", "earthquake", "swordsdance", "extremespeed"], "ability": "Multitype", "evs": {"hp": 85, "atk": 85, "def": 85, "spa": 85, "spd": 85, "spe": 85}, "ivs": {"hp": 31, "atk": 31, "def": 31, "spa": 31, "spd": 31, "spe": 31}, "item": "Toxic Plate", "teraType": "Ground", "role": "Fast Bulky Setup", "bvs": {"hp": 120, "atk": 120, "def": 120, "spa": 120, "spd": 120, "spe": 120}, "stats": {"hp": 284, "atk": 209, "def": 209, "spa": 209, "spd": 209, "spe": 209}, "types": ["Poison"]}}, {"Regice": {"name": "Regice", "species": "Regice", "speciesId": "regice", "gender": "N", "shiny": false, "level": 88, "moves": ["thunderbolt", "rest", "sleeptalk", "icebeam"], "ability": "Clear Body", "evs": {"hp": 85, "atk": 0, "def": 85, "spa": 85, "spd": 85, "spe": 85}, "ivs": {"hp": 31, "atk": 0, "def": 31, "spa": 31, "spd": 31, "spe": 31}, "item": "Heavy-Duty Boots", "teraType": "Electric", "role": "Bulky Attacker", "bvs": {"hp": 80, "atk": 50, "def": 100, "spa": 100, "spd": 200, "spe": 50}, "stats": {"hp": 284, "atk": 93, "def": 226, "spa": 226, "spd": 402, "spe": 138}, "types": ["Ice"]}, "Farigiraf": {"name": "Farigiraf", "species": "Farigiraf", "speciesId": "farigiraf", "gender": "M", "shiny": false, "level": 90, "moves": ["protect", "psychicnoise", "bodyslam", "wish"], "ability": "Sap Sipper", "evs": {"hp": 85, "atk": 85, "def": 85, "spa": 85, "spd": 85, "spe": 85}, "ivs": {"hp": 31, "atk": 31, "def": 31, "spa": 31, "spd": 31, "spe": 31}, "item": "Leftovers", "teraType": "Water", "role": "Bulky Support", "bvs": {"hp": 120, "atk": 90, "def": 70, "spa": 110, "spd": 70, "spe": 60}, "stats": {"hp": 362, "atk": 213, "def": 177, "spa": 249, "spd": 177, "spe": 159}, "types": ["Normal", "Psychic"]}, "Porygon2": {"name": "Porygon2", "species": "Porygon2", "speciesId": "porygon2", "gender": "N", "shiny": false, "level": 81, "moves": ["terablast", "thunderwave", "shadowball", "recover"], "ability": "Download", "evs": {"hp": 85, "atk": 85, "def": 85, "spa": 85, "spd": 85, "spe": 85}, "ivs": {"hp": 31, "atk": 31, "def": 31, "spa": 31, "spd": 31, "spe": 31}, "item": "Eviolite", "teraType": "Fighting", "role": "Tera Blast user", "bvs": {"hp": 85, "atk": 80, "def": 90, "spa": 105, "spd": 95, "spe": 60}, "stats": {"hp": 270, "atk": 176, "def": 192, "spa": 217, "spd": 201, "spe": 144}, "types": ["Normal"]}, "Dusknoir": {"name": "Dusknoir", "species": "Dusknoir", "speciesId": "dusknoir", "gender": "F", "shiny": false, "level": 89, "moves": ["earthquake", "willowisp", "poltergeist", "painsplit"], "ability": "Frisk", "evs": {"hp": 85, "atk": 85, "def": 85, "spa": 85, "spd": 85, "spe": 85}, "ivs": {"hp": 31, "atk": 31, "def": 31, "spa": 31, "spd": 31, "spe": 31}, "item": "Leftovers", "teraType": "Dark", "role": "Bulky Support", "bvs": {"hp": 45, "atk": 100, "def": 135, "spa": 65, "spd": 135, "spe": 45}, "stats": {"hp": 225, "atk": 229, "def": 291, "spa": 166, "spd": 291, "spe": 131}, "types": ["Ghost"]}, "Raichu": {"name": "Raichu", "species": "Raichu-Alola", "speciesId": "raichualola", "gender": "M", "shiny": false, "level": 87, "moves": ["alluringvoice", "focusblast", "thunderbolt", "psyshock"], "ability": "Surge Surfer", "evs": {"hp": 85, "atk": 0, "def": 85, "spa": 85, "spd": 85, "spe": 85}, "ivs": {"hp": 31, "atk": 0, "def": 31, "spa": 31, "spd": 31, "spe": 31}, "item": "Choice Specs", "teraType": "Fairy", "role": "Fast Attacker", "bvs": {"hp": 60, "atk": 85, "def": 50, "spa": 95, "spd": 85, "spe": 110}, "stats": {"hp": 246, "atk": 152, "def": 137, "spa": 215, "spd": 198, "spe": 241}, "types": ["Electric", "Psychic"]}, "Landorus": {"name": "Landorus", "species": "Landorus-Therian", "speciesId": "landorustherian", "gender": "M", "shiny": false, "level": 76, "moves": ["taunt", "uturn", "earthquake", "stoneedge"], "ability": "Intimidate", "evs": {"hp": 85, "atk": 85, "def": 85, "spa": 85, "spd": 85, "spe": 85}, "ivs": {"hp": 31, "atk": 31, "def": 31, "spa": 31, "spd": 31, "spe": 31}, "item": "Leftovers", "teraType": "Water", "role": "Bulky Support", "bvs": {"hp": 89, "atk": 145, "def": 90, "spa": 105, "spd": 80, "spe": 91}, "stats": {"hp": 260, "atk": 264, "def": 181, "spa": 204, "spd": 166, "spe": 182}, "types": ["Ground", "Flying"]}}]}