{"id": "gen9randombattle-2641608277", "format": "[Gen 9] Random Battle", "players": ["the2ndworstplayer", "sjzl2"], "log": "|j|\u2606the2ndworstplayer\n|j|\u2606sjzl2\n|t:|1782817906\n|gametype|singles\n|player|p1|the2ndworstplayer|1|1936\n|player|p2|sjzl2|caitlin|1954\n|gen|9\n|tier|[Gen 9] Random Battle\n|rated|\n|rule|Species Clause: Limit one of each Pok\u00e9mon\n|rule|HP Percentage Mod: HP is shown in percentages\n|rule|Sleep Clause Mod: Limit one foe put to sleep\n|rule|Illusion Level Mod: Illusion disguises the Pok\u00e9mon's true level\n|\n|t:|1782817906\n|teamsize|p1|6\n|teamsize|p2|6\n|start\n|switch|p1a: Sableye|Sableye, L88, F|231/231\n|switch|p2a: Luxray|Luxray, L88, F|284/284\n|-ability|p2a: Luxray|Intimidate|boost\n|-unboost|p1a: Sableye|atk|1\n|turn|1\n|\n|t:|1782817923\n|move|p1a: Sableye|Will-O-Wisp|p2a: Luxray\n|-status|p2a: Luxray|brn\n|move|p2a: Luxray|Volt Switch|p1a: Sableye\n|-damage|p1a: Sableye|140/231\n|\n|t:|1782817926\n|switch|p2a: Skuntank|Skuntank, L84, M|310/310|[from] Volt Switch\n|\n|-heal|p1a: Sableye|154/231|[from] item: Leftovers\n|upkeep\n|turn|2\n|\n|t:|1782817934\n|switch|p1a: Mudsdale|Mudsdale, L83, M|302/302\n|move|p2a: Skuntank|Knock Off|p1a: Mudsdale\n|-damage|p1a: Mudsdale|185/302\n|-ability|p1a: Mudsdale|Stamina|boost\n|-boost|p1a: Mudsdale|def|1\n|-enditem|p1a: Mudsdale|Leftovers|[from] move: Knock Off|[of] p2a: Skuntank\n|-damage|p2a: Skuntank|279/310|[from] item: Life Orb\n|\n|upkeep\n|turn|3\n|\n|t:|1782817943\n|move|p2a: Skuntank|Taunt|p1a: Mudsdale\n|-start|p1a: Mudsdale|move: Taunt\n|move|p1a: Mudsdale|Stone Edge|p2a: Skuntank\n|-damage|p2a: Skuntank|170/310\n|\n|upkeep\n|turn|4\n|\n|t:|1782817949\n|switch|p2a: Ogerpon|Ogerpon-Cornerstone, L76, F|247/247\n|move|p1a: Mudsdale|Earthquake|p2a: Ogerpon\n|-damage|p2a: Ogerpon|111/247\n|\n|upkeep\n|turn|5\n|\n|t:|1782817955\n|move|p2a: Ogerpon|Power Whip|p1a: Mudsdale\n|-supereffective|p1a: Mudsdale\n|-damage|p1a: Mudsdale|5/302\n|-ability|p1a: Mudsdale|Stamina|boost\n|-boost|p1a: Mudsdale|def|1\n|move|p1a: Mudsdale|Heavy Slam|p2a: Ogerpon\n|-supereffective|p2a: Ogerpon\n|-damage|p2a: Ogerpon|0 fnt\n|faint|p2a: Ogerpon\n|\n|-end|p1a: Mudsdale|move: Taunt\n|upkeep\n|\n|t:|1782817960\n|switch|p2a: Luxray|Luxray, L88, F|284/284 brn\n|-ability|p2a: Luxray|Intimidate|boost\n|-unboost|p1a: Mudsdale|atk|1\n|turn|6\n|\n|t:|1782817968\n|move|p2a: Luxray|Ice Fang|p1a: Mudsdale\n|-supereffective|p1a: Mudsdale\n|-damage|p1a: Mudsdale|0 fnt\n|faint|p1a: Mudsdale\n|\n|-damage|p2a: Luxray|267/284 brn|[from] brn\n|upkeep\n|\n|t:|1782817971\n|switch|p1a: Spidops|Spidops, L96, M|271/271\n|turn|7\n|\n|t:|1782817979\n|move|p2a: Luxray|Volt Switch|p1a: Spidops\n|-damage|p1a: Spidops|196/271\n|\n|t:|1782817982\n|switch|p2a: Skuntank|Skuntank, L84, M|170/310|[from] Volt Switch\n|move|p1a: Spidops|Sticky Web|p2a: Skuntank\n|-sidestart|p2: sjzl2|move: Sticky Web\n|\n|upkeep\n|turn|8\n|\n|t:|1782817991\n|move|p2a: Skuntank|Gunk Shot|p1a: Spidops\n|-damage|p1a: Spidops|60/271\n|-damage|p2a: Skuntank|139/310|[from] item: Life Orb\n|move|p1a: Spidops|Circle Throw|p2a: Skuntank\n|-damage|p2a: Skuntank|83/310\n|drag|p2a: Polteageist|Polteageist, L78|222/222\n|-activate|p2a: Polteageist|move: Sticky Web\n|-unboost|p2a: Polteageist|spe|1\n|-enditem|p2a: Polteageist|White Herb\n|-clearnegativeboost|p2a: Polteageist|[silent]\n|\n|upkeep\n|turn|9\n|\n|t:|1782818000\n|move|p2a: Polteageist|Shadow Ball|p1a: Spidops\n|-damage|p1a: Spidops|0 fnt\n|faint|p1a: Spidops\n|\n|upkeep\n|\n|t:|1782818006\n|switch|p1a: Sableye|Sableye, L88, F|154/231\n|turn|10\n|\n|t:|1782818009\n|switch|p2a: Glimmora|Glimmora, L75, M|248/248\n|move|p1a: Sableye|Knock Off|p2a: Glimmora\n|-damage|p2a: Glimmora|148/248\n|-activate|p2a: Glimmora|ability: Toxic Debris\n|-sidestart|p1: the2ndworstplayer|move: Toxic Spikes\n|-enditem|p2a: Glimmora|Heavy-Duty Boots|[from] move: Knock Off|[of] p1a: Sableye\n|\n|-heal|p1a: Sableye|168/231|[from] item: Leftovers\n|upkeep\n|turn|11\n|\n|t:|1782818019\n|switch|p2a: Luxray|Luxray, L88, F|267/284 brn\n|-activate|p2a: Luxray|move: Sticky Web\n|-unboost|p2a: Luxray|spe|1\n|-ability|p2a: Luxray|Intimidate|boost\n|-unboost|p1a: Sableye|atk|1\n|switch|p1a: Archaludon|Archaludon, L78, M|268/268\n|\n|-damage|p2a: Luxray|250/284 brn|[from] brn\n|upkeep\n|turn|12\n|\n|t:|1782818027\n|move|p1a: Archaludon|Body Press|p2a: Luxray\n|-crit|p2a: Luxray\n|-damage|p2a: Luxray|155/284 brn\n|move|p2a: Luxray|Volt Switch|p1a: Archaludon\n|-resisted|p1a: Archaludon\n|-damage|p1a: Archaludon|232/268\n|-ability|p1a: Archaludon|Stamina|boost\n|-boost|p1a: Archaludon|def|1\n|\n|t:|1782818035\n|switch|p2a: Polteageist|Polteageist, L78|222/222|[from] Volt Switch\n|-activate|p2a: Polteageist|move: Sticky Web\n|-unboost|p2a: Polteageist|spe|1\n|\n|upkeep\n|turn|13\n|\n|t:|1782818048\n|move|p1a: Archaludon|Flash Cannon|p2a: Polteageist\n|-damage|p2a: Polteageist|149/222\n|move|p2a: Polteageist|Shell Smash|p2a: Polteageist\n|-unboost|p2a: Polteageist|def|1\n|-unboost|p2a: Polteageist|spd|1\n|-boost|p2a: Polteageist|atk|2\n|-boost|p2a: Polteageist|spa|2\n|-boost|p2a: Polteageist|spe|2\n|\n|upkeep\n|turn|14\n|\n|t:|1782818054\n|-terastallize|p2a: Polteageist|Fighting\n|move|p2a: Polteageist|Tera Blast|p1a: Archaludon|[anim] Tera Blast Fighting\n|-supereffective|p1a: Archaludon\n|-damage|p1a: Archaludon|0 fnt\n|faint|p1a: Archaludon\n|\n|upkeep\n|\n|t:|1782818060\n|switch|p1a: Sableye|Sableye, L88, F|168/231\n|-status|p1a: Sableye|psn\n|turn|15\n|\n|t:|1782818063\n|move|p1a: Sableye|Encore|p2a: Polteageist\n|-start|p2a: Polteageist|Encore\n|move|p2a: Polteageist|Tera Blast|p1a: Sableye|[anim] Tera Blast Fighting\n|-immune|p1a: Sableye\n|\n|-heal|p1a: Sableye|182/231 psn|[from] item: Leftovers\n|-damage|p1a: Sableye|154/231 psn|[from] psn\n|upkeep\n|turn|16\n|\n|t:|1782818072\n|switch|p2a: Luxray|Luxray, L88, F|155/284 brn\n|-activate|p2a: Luxray|move: Sticky Web\n|-unboost|p2a: Luxray|spe|1\n|-ability|p2a: Luxray|Intimidate|boost\n|-unboost|p1a: Sableye|atk|1\n|move|p1a: Sableye|Knock Off|p2a: Luxray\n|-damage|p2a: Luxray|85/284 brn\n|-enditem|p2a: Luxray|Assault Vest|[from] move: Knock Off|[of] p1a: Sableye\n|\n|-heal|p1a: Sableye|168/231 psn|[from] item: Leftovers\n|-damage|p1a: Sableye|140/231 psn|[from] psn\n|-damage|p2a: Luxray|68/284 brn|[from] brn\n|upkeep\n|turn|17\n|\n|t:|1782818076\n|move|p1a: Sableye|Knock Off|p2a: Luxray\n|-damage|p2a: Luxray|28/284 brn\n|move|p2a: Luxray|Play Rough|p1a: Sableye\n|-supereffective|p1a: Sableye\n|-damage|p1a: Sableye|58/231 psn\n|\n|-heal|p1a: Sableye|72/231 psn|[from] item: Leftovers\n|-damage|p1a: Sableye|44/231 psn|[from] psn\n|-damage|p2a: Luxray|11/284 brn|[from] brn\n|upkeep\n|turn|18\n|\n|t:|1782818080\n|move|p1a: Sableye|Recover|p1a: Sableye\n|-heal|p1a: Sableye|160/231 psn\n|move|p2a: Luxray|Volt Switch|p1a: Sableye\n|-damage|p1a: Sableye|66/231 psn\n|\n|t:|1782818084\n|switch|p2a: Skuntank|Skuntank, L84, M|83/310|[from] Volt Switch\n|-activate|p2a: Skuntank|move: Sticky Web\n|-unboost|p2a: Skuntank|spe|1\n|\n|-heal|p1a: Sableye|80/231 psn|[from] item: Leftovers\n|-damage|p1a: Sableye|52/231 psn|[from] psn\n|upkeep\n|turn|19\n|\n|t:|1782818087\n|move|p1a: Sableye|Recover|p1a: Sableye\n|-heal|p1a: Sableye|168/231 psn\n|move|p2a: Skuntank|Knock Off|p1a: Sableye\n|-damage|p1a: Sableye|39/231 psn\n|-enditem|p1a: Sableye|Leftovers|[from] move: Knock Off|[of] p2a: Skuntank\n|-damage|p2a: Skuntank|52/310|[from] item: Life Orb\n|\n|-damage|p1a: Sableye|11/231 psn|[from] psn\n|upkeep\n|turn|20\n|\n|t:|1782818096\n|move|p1a: Sableye|Recover|p1a: Sableye\n|-heal|p1a: Sableye|127/231 psn\n|move|p2a: Skuntank|Knock Off|p1a: Sableye\n|-damage|p1a: Sableye|40/231 psn\n|-damage|p2a: Skuntank|21/310|[from] item: Life Orb\n|\n|-damage|p1a: Sableye|12/231 psn|[from] psn\n|upkeep\n|turn|21\n|\n|t:|1782818099\n|move|p1a: Sableye|Recover|p1a: Sableye\n|-heal|p1a: Sableye|128/231 psn\n|move|p2a: Skuntank|Knock Off|p1a: Sableye\n|-damage|p1a: Sableye|33/231 psn\n|-damage|p2a: Skuntank|0 fnt|[from] item: Life Orb\n|faint|p2a: Skuntank\n|\n|-damage|p1a: Sableye|5/231 psn|[from] psn\n|upkeep\n|\n|t:|1782818106\n|switch|p2a: Luxray|Luxray, L88, F|11/284 brn\n|-activate|p2a: Luxray|move: Sticky Web\n|-unboost|p2a: Luxray|spe|1\n|-ability|p2a: Luxray|Intimidate|boost\n|-unboost|p1a: Sableye|atk|1\n|turn|22\n|\n|t:|1782818109\n|move|p1a: Sableye|Recover|p1a: Sableye\n|-heal|p1a: Sableye|121/231 psn\n|move|p2a: Luxray|Play Rough|p1a: Sableye\n|-supereffective|p1a: Sableye\n|-damage|p1a: Sableye|34/231 psn\n|\n|-damage|p1a: Sableye|6/231 psn|[from] psn\n|-damage|p2a: Luxray|0 fnt|[from] brn\n|faint|p2a: Luxray\n|upkeep\n|\n|t:|1782818115\n|switch|p2a: Glimmora|Glimmora, L75, M|148/248\n|-activate|p2a: Glimmora|move: Sticky Web\n|-unboost|p2a: Glimmora|spe|1\n|turn|23\n|\n|t:|1782818130\n|move|p1a: Sableye|Recover|p1a: Sableye\n|-heal|p1a: Sableye|122/231 psn\n|move|p2a: Glimmora|Earth Power|p1a: Sableye\n|-damage|p1a: Sableye|48/231 psn\n|\n|-damage|p1a: Sableye|20/231 psn|[from] psn\n|upkeep\n|turn|24\n|\n|t:|1782818137\n|move|p1a: Sableye|Recover|p1a: Sableye\n|-heal|p1a: Sableye|136/231 psn\n|move|p2a: Glimmora|Earth Power|p1a: Sableye\n|-damage|p1a: Sableye|52/231 psn\n|\n|-damage|p1a: Sableye|24/231 psn|[from] psn\n|upkeep\n|turn|25\n|\n|t:|1782818144\n|move|p1a: Sableye|Recover|p1a: Sableye\n|-heal|p1a: Sableye|140/231 psn\n|move|p2a: Glimmora|Earth Power|p1a: Sableye\n|-damage|p1a: Sableye|61/231 psn\n|\n|-damage|p1a: Sableye|33/231 psn|[from] psn\n|upkeep\n|turn|26\n|\n|t:|1782818154\n|move|p1a: Sableye|Will-O-Wisp|p2a: Glimmora\n|-status|p2a: Glimmora|brn\n|move|p2a: Glimmora|Earth Power|p1a: Sableye\n|-damage|p1a: Sableye|0 fnt\n|faint|p1a: Sableye\n|\n|-damage|p2a: Glimmora|133/248 brn|[from] brn\n|upkeep\n|\n|t:|1782818165\n|switch|p1a: Drednaw|Drednaw, L81, F|278/278\n|-status|p1a: Drednaw|psn\n|turn|27\n|\n|t:|1782818180\n|move|p1a: Drednaw|Shell Smash|p1a: Drednaw\n|-unboost|p1a: Drednaw|def|1\n|-unboost|p1a: Drednaw|spd|1\n|-boost|p1a: Drednaw|atk|2\n|-boost|p1a: Drednaw|spa|2\n|-boost|p1a: Drednaw|spe|2\n|-enditem|p1a: Drednaw|White Herb\n|-clearnegativeboost|p1a: Drednaw|[silent]\n|move|p2a: Glimmora|Sludge Wave|p1a: Drednaw\n|-resisted|p1a: Drednaw\n|-damage|p1a: Drednaw|212/278 psn\n|\n|-damage|p1a: Drednaw|178/278 psn|[from] psn\n|-damage|p2a: Glimmora|118/248 brn|[from] brn\n|upkeep\n|turn|28\n|\n|t:|1782818188\n|move|p1a: Drednaw|Liquidation|p2a: Glimmora\n|-supereffective|p2a: Glimmora\n|-damage|p2a: Glimmora|0 fnt\n|-activate|p2a: Glimmora|ability: Toxic Debris\n|-sidestart|p1: the2ndworstplayer|move: Toxic Spikes\n|faint|p2a: Glimmora\n|\n|-damage|p1a: Drednaw|144/278 psn|[from] psn\n|upkeep\n|-message|sjzl2 forfeited.\n|\n|win|the2ndworstplayer\n", "inputlog": ">version f8ac14003a5f27e1bdc8d8c59608a773c1cb96e5\n>start {\"formatid\":\"gen9randombattle\",\"seed\":\"sodium,2d59af14d502355f8eebf1a8d5d09a09\",\"rated\":\"Rated battle\"}\n>player p1 {\"name\":\"the2ndworstplayer\",\"avatar\":\"1\",\"rating\":1936,\"seed\":\"sodium,605ba232cac6cc76648c7698f46ef3b9\"}\n>player p2 {\"name\":\"sjzl2\",\"avatar\":\"caitlin\",\"rating\":1954,\"seed\":\"sodium,3d8ce0ecc318db0c15c623ea0199eee1\"}\n>p1 move willowisp\n>p2 move voltswitch\n>p2 switch 4\n>p1 switch 2\n>p2 move knockoff\n>p1 move stoneedge\n>p2 move taunt\n>p1 move earthquake\n>p2 switch 6\n>p1 move heavyslam\n>p2 move powerwhip\n>p2 switch 4\n>p1 move earthquake\n>p2 move icefang\n>p1 switch 4\n>p1 move stickyweb\n>p2 move voltswitch\n>p2 switch 6\n>p1 move circlethrow\n>p2 move gunkshot\n>p1 move knockoff\n>p2 move shadowball\n>p1 switch 2\n>p1 move knockoff\n>p2 switch 3\n>p1 switch 5\n>p2 switch 6\n>p1 move bodypress\n>p2 move voltswitch\n>p2 switch 3\n>p1 move flashcannon\n>p2 move shellsmash\n>p1 move dracometeor\n>p2 move terablast terastallize\n>p1 switch 5\n>p1 move encore\n>p2 move shadowball\n>p1 move knockoff\n>p2 switch 3\n>p1 move knockoff\n>p2 move playrough\n>p1 move recover\n>p2 move voltswitch\n>p2 switch 5\n>p1 move recover\n>p2 move knockoff\n>p1 move recover\n>p2 move knockoff\n>p1 move recover\n>p2 move knockoff\n>p2 switch 5\n>p1 move recover\n>p2 move playrough\n>p2 switch 6\n>p1 move recover\n>p2 move earthpower\n>p1 move recover\n>p2 move earthpower\n>p1 move recover\n>p2 move earthpower\n>p1 move willowisp\n>p2 move earthpower\n>p1 switch 3\n>p1 move shellsmash\n>p2 move sludgewave\n>p1 move liquidation\n>p2 move earthpower\n>forcelose p2", "uploadtime": 1782817909, "views": 5, "formatid": "gen9randombattle", "rating": null, "private": 0, "password": null, "player_dets": [{"name": "the2ndworstplayer", "avatar": "1", "rating": 1936, "seed": "sodium,605ba232cac6cc76648c7698f46ef3b9"}, {"name": "sjzl2", "avatar": "caitlin", "rating": 1954, "seed": "sodium,3d8ce0ecc318db0c15c623ea0199eee1"}], "teams_full": [{"Sableye": {"name": "Sableye", "species": "Sableye", "speciesId": "sableye", "gender": "F", "shiny": false, "level": 88, "moves": ["knockoff", "recover", "encore", "willowisp"], "ability": "Prankster", "evs": {"hp": 85, "atk": 85, "def": 85, "spa": 85, "spd": 85, "spe": 85}, "ivs": {"hp": 31, "atk": 31, "def": 31, "spa": 31, "spd": 31, "spe": 31}, "item": "Leftovers", "teraType": "Poison", "role": "Bulky Support", "bvs": {"hp": 50, "atk": 75, "def": 75, "spa": 65, "spd": 65, "spe": 50}, "stats": {"hp": 231, "atk": 182, "def": 182, "spa": 165, "spd": 165, "spe": 138}, "types": ["Dark", "Ghost"]}, "Mudsdale": {"name": "Mudsdale", "species": "Mudsdale", "speciesId": "mudsdale", "gender": "M", "shiny": false, "level": 83, "moves": ["earthquake", "heavyslam", "roar", "stoneedge"], "ability": "Stamina", "evs": {"hp": 85, "atk": 85, "def": 85, "spa": 85, "spd": 85, "spe": 85}, "ivs": {"hp": 31, "atk": 31, "def": 31, "spa": 31, "spd": 31, "spe": 31}, "item": "Leftovers", "teraType": "Steel", "role": "Bulky Attacker", "bvs": {"hp": 100, "atk": 125, "def": 100, "spa": 55, "spd": 85, "spe": 35}, "stats": {"hp": 302, "atk": 255, "def": 214, "spa": 139, "spd": 189, "spe": 106}, "types": ["Ground"]}, "Drednaw": {"name": "Drednaw", "species": "Drednaw", "speciesId": "drednaw", "gender": "F", "shiny": false, "level": 81, "moves": ["shellsmash", "stoneedge", "earthquake", "liquidation"], "ability": "Shell Armor", "evs": {"hp": 85, "atk": 85, "def": 85, "spa": 85, "spd": 85, "spe": 85}, "ivs": {"hp": 31, "atk": 31, "def": 31, "spa": 31, "spd": 31, "spe": 31}, "item": "White Herb", "teraType": "Water", "role": "Fast Bulky Setup", "bvs": {"hp": 90, "atk": 115, "def": 90, "spa": 48, "spd": 68, "spe": 74}, "stats": {"hp": 278, "atk": 233, "def": 192, "spa": 124, "spd": 157, "spe": 167}, "types": ["Water", "Rock"]}, "Spidops": {"name": "Spidops", "species": "Spidops", "speciesId": "spidops", "gender": "M", "shiny": false, "level": 96, "moves": ["knockoff", "toxicspikes", "stickyweb", "circlethrow"], "ability": "Stakeout", "evs": {"hp": 85, "atk": 85, "def": 85, "spa": 85, "spd": 85, "spe": 85}, "ivs": {"hp": 31, "atk": 31, "def": 31, "spa": 31, "spd": 31, "spe": 31}, "item": "Heavy-Duty Boots", "teraType": "Ghost", "role": "Bulky Support", "bvs": {"hp": 60, "atk": 79, "def": 92, "spa": 52, "spd": 86, "spe": 35}, "stats": {"hp": 271, "atk": 206, "def": 231, "spa": 154, "spd": 220, "spe": 122}, "types": ["Bug"]}, "Archaludon": {"name": "Archaludon", "species": "Archaludon", "speciesId": "archaludon", "gender": "M", "shiny": false, "level": 78, "moves": ["flashcannon", "thunderbolt", "bodypress", "dracometeor"], "ability": "Stamina", "evs": {"hp": 85, "atk": 0, "def": 85, "spa": 85, "spd": 85, "spe": 85}, "ivs": {"hp": 31, "atk": 0, "def": 31, "spa": 31, "spd": 31, "spe": 31}, "item": "Assault Vest", "teraType": "Fighting", "role": "Bulky Attacker", "bvs": {"hp": 90, "atk": 105, "def": 130, "spa": 125, "spd": 65, "spe": 85}, "stats": {"hp": 268, "atk": 168, "def": 248, "spa": 240, "spd": 146, "spe": 178}, "types": ["Steel", "Dragon"]}, "Meloetta": {"name": "Meloetta", "species": "Meloetta", "speciesId": "meloetta", "gender": "N", "shiny": false, "level": 82, "moves": ["relicsong", "knockoff", "tripleaxel", "closecombat"], "ability": "Serene Grace", "evs": {"hp": 85, "atk": 85, "def": 85, "spa": 85, "spd": 85, "spe": 85}, "ivs": {"hp": 31, "atk": 31, "def": 31, "spa": 31, "spd": 31, "spe": 31}, "item": "Life Orb", "teraType": "Fighting", "role": "Wallbreaker", "bvs": {"hp": 100, "atk": 77, "def": 77, "spa": 128, "spd": 128, "spe": 90}, "stats": {"hp": 298, "atk": 173, "def": 173, "spa": 257, "spd": 257, "spe": 195}, "types": ["Normal", "Psychic"]}}, {"Luxray": {"name": "Luxray", "species": "Luxray", "speciesId": "luxray", "gender": "F", "shiny": false, "level": 88, "moves": ["playrough", "icefang", "wildcharge", "voltswitch"], "ability": "Intimidate", "evs": {"hp": 85, "atk": 85, "def": 85, "spa": 85, "spd": 85, "spe": 85}, "ivs": {"hp": 31, "atk": 31, "def": 31, "spa": 31, "spd": 31, "spe": 31}, "item": "Assault Vest", "teraType": "Fairy", "role": "AV Pivot", "bvs": {"hp": 80, "atk": 120, "def": 79, "spa": 95, "spd": 79, "spe": 70}, "stats": {"hp": 284, "atk": 261, "def": 189, "spa": 217, "spd": 189, "spe": 173}, "types": ["Electric"]}, "Chimecho": {"name": "Chimecho", "species": "Chimecho", "speciesId": "chimecho", "gender": "F", "shiny": false, "level": 93, "moves": ["recover", "storedpower", "dazzlinggleam", "cosmicpower"], "ability": "Levitate", "evs": {"hp": 85, "atk": 0, "def": 85, "spa": 85, "spd": 85, "spe": 85}, "ivs": {"hp": 31, "atk": 0, "def": 31, "spa": 31, "spd": 31, "spe": 31}, "item": "Leftovers", "teraType": "Steel", "role": "Bulky Attacker", "bvs": {"hp": 75, "atk": 50, "def": 80, "spa": 95, "spd": 90, "spe": 65}, "stats": {"hp": 290, "atk": 98, "def": 202, "spa": 230, "spd": 220, "spe": 174}, "types": ["Psychic"]}, "Glimmora": {"name": "Glimmora", "species": "Glimmora", "speciesId": "glimmora", "gender": "M", "shiny": false, "level": 75, "moves": ["mortalspin", "sludgewave", "earthpower", "stealthrock"], "ability": "Toxic Debris", "evs": {"hp": 85, "atk": 85, "def": 85, "spa": 85, "spd": 85, "spe": 85}, "ivs": {"hp": 31, "atk": 31, "def": 31, "spa": 31, "spd": 31, "spe": 31}, "item": "Heavy-Duty Boots", "teraType": "Ground", "role": "Fast Support", "bvs": {"hp": 83, "atk": 55, "def": 90, "spa": 130, "spd": 81, "spe": 86}, "stats": {"hp": 248, "atk": 126, "def": 179, "spa": 239, "spd": 165, "spe": 173}, "types": ["Rock", "Poison"]}, "Skuntank": {"name": "Skuntank", "species": "Skuntank", "speciesId": "skuntank", "gender": "M", "shiny": false, "level": 84, "moves": ["knockoff", "suckerpunch", "gunkshot", "taunt"], "ability": "Aftermath", "evs": {"hp": 85, "atk": 85, "def": 85, "spa": 85, "spd": 85, "spe": 85}, "ivs": {"hp": 31, "atk": 31, "def": 31, "spa": 31, "spd": 31, "spe": 31}, "item": "Life Orb", "teraType": "Dark", "role": "Fast Support", "bvs": {"hp": 103, "atk": 93, "def": 67, "spa": 71, "spd": 61, "spe": 84}, "stats": {"hp": 310, "atk": 204, "def": 161, "spa": 167, "spd": 151, "spe": 189}, "types": ["Poison", "Dark"]}, "Polteageist": {"name": "Polteageist", "species": "Polteageist", "speciesId": "polteageist", "gender": "N", "shiny": false, "level": 78, "moves": ["shadowball", "terablast", "shellsmash", "strengthsap"], "ability": "Cursed Body", "evs": {"hp": 85, "atk": 0, "def": 85, "spa": 85, "spd": 85, "spe": 85}, "ivs": {"hp": 31, "atk": 0, "def": 31, "spa": 31, "spd": 31, "spe": 31}, "item": "White Herb", "teraType": "Fighting", "role": "Tera Blast user", "bvs": {"hp": 60, "atk": 65, "def": 65, "spa": 134, "spd": 114, "spe": 70}, "stats": {"hp": 222, "atk": 106, "def": 146, "spa": 254, "spd": 223, "spe": 154}, "types": ["Ghost"]}, "Ogerpon": {"name": "Ogerpon", "species": "Ogerpon-Cornerstone", "speciesId": "ogerponcornerstone", "gender": "F", "shiny": false, "level": 76, "moves": ["swordsdance", "superpower", "ivycudgel", "powerwhip"], "ability": "Sturdy", "evs": {"hp": 85, "atk": 85, "def": 85, "spa": 85, "spd": 85, "spe": 85}, "ivs": {"hp": 31, "atk": 31, "def": 31, "spa": 31, "spd": 31, "spe": 31}, "item": "Cornerstone Mask", "teraType": "Rock", "role": "Setup Sweeper", "bvs": {"hp": 80, "atk": 120, "def": 84, "spa": 60, "spd": 96, "spe": 110}, "stats": {"hp": 247, "atk": 226, "def": 172, "spa": 135, "spd": 190, "spe": 211}, "types": ["Grass", "Rock"]}}]}