{"id": "gen9randombattle-2641679140", "format": "[Gen 9] Random Battle", "players": ["CCS_Wolf", "Bronzel Main"], "log": "|badge|p2|silver|gen9randombattle|30-9\n|html|<div class=\"broadcast-red\"><strong>This battle is required to be public due to one or more player having a season medal.</strong><br />During the public phase, you can discuss the state of the ladder <a href=\"/seasondiscussion\">in a special chatroom.</a></div>\n|uhtml|medal-msg|<div class=\"broadcast-blue\">Curious what those medals under the avatar are? PS now has Ladder Seasons! For more information, check out the <a href=\"https://www.smogon.com/forums/threads/3740067/\">thread on Smogon.</a></div>\n|raw|<div class=\"broadcast-blue\"><strong>This battle is required to be public due to a player having a name starting with 'medal'.</div>\n|j|\u2606CCS_Wolf\n|j|\u2606Bronzel Main\n|t:|1782828834\n|gametype|singles\n|player|p1|CCS_Wolf|1|2226\n|player|p2|Bronzel Main|veteran|2396\n|gen|9\n|tier|[Gen 9] Random Battle\n|rated|\n|rule|Species Clause: Limit one of each Pok\u00e9mon\n|rule|HP Percentage Mod: HP is shown in percentages\n|rule|Sleep Clause Mod: Limit one foe put to sleep\n|rule|Illusion Level Mod: Illusion disguises the Pok\u00e9mon's true level\n|\n|t:|1782828834\n|teamsize|p1|6\n|teamsize|p2|6\n|start\n|switch|p1a: Mew|Mew, L82|298/298\n|switch|p2a: Sandslash|Sandslash-Alola, L88, F|275/275\n|turn|1\n|\n|t:|1782828869\n|switch|p2a: Banette|Banette, L93, F|270/270\n|move|p1a: Mew|Knock Off|p2a: Banette\n|-supereffective|p2a: Banette\n|-damage|p2a: Banette|134/270\n|-enditem|p2a: Banette|Life Orb|[from] move: Knock Off|[of] p1a: Mew\n|\n|upkeep\n|turn|2\n|\n|t:|1782828892\n|switch|p1a: Eternatus|Eternatus, L69|308/308\n|-ability|p1a: Eternatus|Pressure\n|move|p2a: Banette|Poltergeist|p1a: Eternatus|[miss]\n|-miss|p2a: Banette|p1a: Eternatus\n|\n|upkeep\n|turn|3\n|\n|t:|1782828912\n|switch|p2a: Metagross|Metagross, L79|256/256\n|move|p1a: Eternatus|Meteor Beam||[still]\n|-prepare|p1a: Eternatus|Meteor Beam\n|-boost|p1a: Eternatus|spa|1\n|-enditem|p1a: Eternatus|Power Herb\n|-anim|p1a: Eternatus|Meteor Beam|p2a: Metagross\n|-resisted|p2a: Metagross\n|-damage|p2a: Metagross|199/256\n|\n|-heal|p2a: Metagross|215/256|[from] item: Leftovers\n|upkeep\n|turn|4\n|\n|t:|1782828934\n|move|p1a: Eternatus|Fire Blast|p2a: Metagross|[miss]\n|-miss|p1a: Eternatus|p2a: Metagross\n|move|p2a: Metagross|Psychic Fangs|p1a: Eternatus\n|-supereffective|p1a: Eternatus\n|-damage|p1a: Eternatus|90/308\n|\n|-heal|p2a: Metagross|231/256|[from] item: Leftovers\n|upkeep\n|turn|5\n|\n|t:|1782828943\n|move|p1a: Eternatus|Fire Blast|p2a: Metagross\n|-supereffective|p2a: Metagross\n|-damage|p2a: Metagross|13/256\n|move|p2a: Metagross|Psychic Fangs|p1a: Eternatus\n|-supereffective|p1a: Eternatus\n|-damage|p1a: Eternatus|0 fnt\n|faint|p1a: Eternatus\n|\n|-heal|p2a: Metagross|29/256|[from] item: Leftovers\n|upkeep\n|\n|t:|1782828952\n|switch|p1a: Froslass|Froslass, L87, F|263/263\n|turn|6\n|\n|t:|1782828963\n|move|p1a: Froslass|Triple Axel|p2a: Metagross\n|-resisted|p2a: Metagross\n|-damage|p2a: Metagross|22/256\n|-resisted|p2a: Metagross\n|-damage|p2a: Metagross|7/256\n|-resisted|p2a: Metagross\n|-damage|p2a: Metagross|0 fnt\n|faint|p2a: Metagross\n|-hitcount|p2: Metagross|3\n|\n|upkeep\n|\n|t:|1782828993\n|switch|p2a: Exeggutor|Exeggutor-Alola, L89, F|314/314\n|-item|p1a: Froslass|Wide Lens|[from] ability: Frisk|[of] p2a: Exeggutor\n|turn|7\n|\n|t:|1782829002\n|switch|p1a: Mew|Mew, L82|298/298\n|-terastallize|p2a: Exeggutor|Fire\n|move|p2a: Exeggutor|Flamethrower|p1a: Mew\n|-damage|p1a: Mew|132/298\n|\n|-heal|p1a: Mew|150/298|[from] item: Leftovers\n|upkeep\n|turn|8\n|\n|t:|1782829016\n|switch|p2a: Banette|Banette, L93, F|134/270\n|move|p1a: Mew|Knock Off|p2a: Banette\n|-supereffective|p2a: Banette\n|-crit|p2a: Banette\n|-damage|p2a: Banette|0 fnt\n|faint|p2a: Banette\n|\n|-heal|p1a: Mew|168/298|[from] item: Leftovers\n|upkeep\n|\n|t:|1782829023\n|switch|p2a: Sunflora|Sunflora, M|312/312\n|turn|9\n|\n|t:|1782829036\n|move|p1a: Mew|Knock Off|p2a: Sunflora\n|-damage|p2a: Sunflora|240/312\n|-enditem|p2a: Sunflora|Choice Specs|[from] move: Knock Off|[of] p1a: Mew\n|move|p2a: Sunflora|Leaf Storm|p1a: Mew\n|-damage|p1a: Mew|0 fnt\n|-unboost|p2a: Sunflora|spa|2\n|faint|p1a: Mew\n|\n|upkeep\n|\n|t:|1782829048\n|switch|p1a: Froslass|Froslass, L87, F|263/263\n|turn|10\n|\n|t:|1782829070\n|switch|p2a: Exeggutor|Exeggutor-Alola, L89, F, tera:Fire|314/314\n|-item|p1a: Froslass|Wide Lens|[from] ability: Frisk|[of] p2a: Exeggutor\n|move|p1a: Froslass|Triple Axel|p2a: Exeggutor\n|-resisted|p2a: Exeggutor\n|-damage|p2a: Exeggutor|304/314\n|-resisted|p2a: Exeggutor\n|-crit|p2a: Exeggutor\n|-damage|p2a: Exeggutor|275/314\n|-resisted|p2a: Exeggutor\n|-damage|p2a: Exeggutor|245/314\n|-hitcount|p2a: Exeggutor|3\n|\n|upkeep\n|turn|11\n|\n|t:|1782829079\n|switch|p1a: Exeggutor|Exeggutor, L89, M|312/312\n|move|p2a: Exeggutor|Giga Drain|p1a: Exeggutor\n|-resisted|p1a: Exeggutor\n|-damage|p1a: Exeggutor|224/312\n|-heal|p2a: Exeggutor|289/314|[from] drain|[of] p1a: Exeggutor\n|\n|upkeep\n|turn|12\n|\n|t:|1782829090\n|switch|p2a: Sandslash|Sandslash-Alola, L88, F|275/275\n|move|p1a: Exeggutor|Leech Seed|p2a: Sandslash\n|-start|p2a: Sandslash|move: Leech Seed\n|\n|-damage|p2a: Sandslash|241/275|[from] Leech Seed|[of] p1a: Exeggutor\n|-heal|p1a: Exeggutor|258/312|[silent]\n|upkeep\n|turn|13\n|\n|t:|1782829103\n|switch|p2a: Sunflora|Sunflora, M|240/312\n|switch|p1a: Excadrill|Excadrill, L79, M|303/303\n|-ability|p1a: Excadrill|Mold Breaker\n|\n|upkeep\n|turn|14\n|\n|t:|1782829111\n|move|p1a: Excadrill|Iron Head|p2a: Sunflora\n|-damage|p2a: Sunflora|120/312\n|cant|p2a: Sunflora|flinch\n|\n|upkeep\n|turn|15\n|\n|t:|1782829117\n|move|p1a: Excadrill|Iron Head|p2a: Sunflora\n|-damage|p2a: Sunflora|8/312\n|cant|p2a: Sunflora|flinch\n|\n|upkeep\n|turn|16\n|\n|t:|1782829121\n|move|p1a: Excadrill|Rapid Spin|p2a: Sunflora\n|-damage|p2a: Sunflora|0 fnt\n|-boost|p1a: Excadrill|spe|1\n|faint|p2a: Sunflora\n|\n|upkeep\n|\n|t:|1782829123\n|switch|p2a: Tauros|Tauros-Paldea-Combat, L82, M|257/257\n|-ability|p2a: Tauros|Intimidate|boost\n|-unboost|p1a: Excadrill|atk|1\n|turn|17\n|\n|t:|1782829135\n|switch|p1a: Exeggutor|Exeggutor, L89, M|258/312\n|move|p2a: Tauros|Bulk Up|p2a: Tauros\n|-boost|p2a: Tauros|atk|1\n|-boost|p2a: Tauros|def|1\n|\n|upkeep\n|turn|18\n|\n|t:|1782829143\n|switch|p2a: Sandslash|Sandslash-Alola, L88, F|241/275\n|move|p1a: Exeggutor|Leech Seed|p2a: Sandslash|[miss]\n|-miss|p1a: Exeggutor|p2a: Sandslash\n|\n|-heal|p2a: Sandslash|258/275|[from] item: Leftovers\n|upkeep\n|turn|19\n|\n|t:|1782829151\n|move|p2a: Sandslash|Triple Axel|p1a: Exeggutor\n|-supereffective|p1a: Exeggutor\n|-damage|p1a: Exeggutor|208/312\n|-supereffective|p1a: Exeggutor\n|-damage|p1a: Exeggutor|122/312\n|-enditem|p1a: Exeggutor|Sitrus Berry|[eat]\n|-heal|p1a: Exeggutor|200/312|[from] item: Sitrus Berry\n|-supereffective|p1a: Exeggutor\n|-damage|p1a: Exeggutor|50/312\n|-hitcount|p1a: Exeggutor|3\n|move|p1a: Exeggutor|Sleep Powder|p2a: Sandslash|[miss]\n|-miss|p1a: Exeggutor|p2a: Sandslash\n|\n|-heal|p2a: Sandslash|275/275|[from] item: Leftovers\n|upkeep\n|turn|20\n|\n|t:|1782829165\n|move|p2a: Sandslash|Triple Axel|p1a: Exeggutor\n|-supereffective|p1a: Exeggutor\n|-damage|p1a: Exeggutor|6/312\n|-supereffective|p1a: Exeggutor\n|-damage|p1a: Exeggutor|0 fnt\n|faint|p1a: Exeggutor\n|-hitcount|p1: Exeggutor|2\n|\n|upkeep\n|\n|t:|1782829168\n|switch|p1a: Reshiram|Reshiram, L76|277/277\n|-ability|p1a: Reshiram|Turboblaze\n|turn|21\n|\n|t:|1782829174\n|switch|p2a: Exeggutor|Exeggutor-Alola, L89, F, tera:Fire|289/314\n|-item|p1a: Reshiram|Heavy-Duty Boots|[from] ability: Frisk|[of] p2a: Exeggutor\n|move|p1a: Reshiram|Flare Blitz|p2a: Exeggutor\n|-resisted|p2a: Exeggutor\n|-damage|p2a: Exeggutor|228/314\n|-damage|p1a: Reshiram|257/277|[from] Recoil\n|\n|upkeep\n|turn|22\n|\n|t:|1782829193\n|switch|p1a: Excadrill|Excadrill, L79, M|303/303\n|-ability|p1a: Excadrill|Mold Breaker\n|move|p2a: Exeggutor|Flamethrower|p1a: Excadrill\n|-supereffective|p1a: Excadrill\n|-damage|p1a: Excadrill|0 fnt\n|faint|p1a: Excadrill\n|\n|upkeep\n|\n|t:|1782829199\n|switch|p1a: Reshiram|Reshiram, L76|257/277\n|-ability|p1a: Reshiram|Turboblaze\n|turn|23\n|\n|t:|1782829201\n|switch|p2a: Tauros|Tauros-Paldea-Combat, L82, M|257/257\n|-ability|p2a: Tauros|Intimidate|boost\n|-unboost|p1a: Reshiram|atk|1\n|move|p1a: Reshiram|Dragon Dance|p1a: Reshiram\n|-boost|p1a: Reshiram|atk|1\n|-boost|p1a: Reshiram|spe|1\n|\n|upkeep\n|turn|24\n|\n|t:|1782829212\n|-terastallize|p1a: Reshiram|Dragon\n|move|p1a: Reshiram|Outrage|p2a: Tauros\n|-damage|p2a: Tauros|105/257\n|move|p2a: Tauros|Bulk Up|p2a: Tauros\n|-boost|p2a: Tauros|atk|1\n|-boost|p2a: Tauros|def|1\n|\n|upkeep\n|turn|25\n|\n|t:|1782829216\n|move|p1a: Reshiram|Outrage|p2a: Tauros|[from] lockedmove\n|-damage|p2a: Tauros|15/257\n|-start|p1a: Reshiram|confusion|[fatigue]\n|move|p2a: Tauros|Close Combat|p1a: Reshiram\n|-damage|p1a: Reshiram|0 fnt\n|-unboost|p2a: Tauros|def|1\n|-unboost|p2a: Tauros|spd|1\n|faint|p1a: Reshiram\n|-damage|p2a: Tauros|0 fnt|[from] item: Life Orb\n|faint|p2a: Tauros\n|\n|upkeep\n|\n|t:|1782829221\n|switch|p2a: Exeggutor|Exeggutor-Alola, L89, F, tera:Fire|228/314\n|switch|p1a: Froslass|Froslass, L87, F|263/263\n|-item|p1a: Froslass|Wide Lens|[from] ability: Frisk|[of] p2a: Exeggutor\n|turn|26\n|\n|t:|1782829225\n|move|p1a: Froslass|Poltergeist|p2a: Exeggutor\n|-activate|p2a: Exeggutor|move: Poltergeist|Choice Specs\n|-damage|p2a: Exeggutor|129/314\n|move|p2a: Exeggutor|Flamethrower|p1a: Froslass\n|-supereffective|p1a: Froslass\n|-damage|p1a: Froslass|0 fnt\n|faint|p1a: Froslass\n|\n|win|Bronzel Main\n", "inputlog": ">version f8ac14003a5f27e1bdc8d8c59608a773c1cb96e5\n>start {\"formatid\":\"gen9randombattle\",\"seed\":\"sodium,683fef56b1f213f2d4dca30b973c4f80\",\"rated\":\"Rated battle\"}\n>player p1 {\"name\":\"CCS_Wolf\",\"avatar\":\"1\",\"rating\":2226,\"seed\":\"sodium,537a376ef74c74534c8814e6cba1b22f\"}\n>player p2 {\"name\":\"Bronzel Main\",\"avatar\":\"veteran\",\"rating\":2396,\"seed\":\"sodium,867c977a2ad7161768f9e72aa8a86114\"}\n>p1 move knockoff\n>p2 switch 4\n>p1 switch 6\n>p2 move poltergeist\n>p1 move meteorbeam\n>p2 switch 6\n>p1 move fireblast\n>p2 move psychicfangs\n>p1 move fireblast\n>p2 move psychicfangs\n>p1 switch 2\n>p1 move tripleaxel\n>p2 move stealthrock\n>p2 switch 3\n>p1 switch 6\n>p2 move flamethrower terastallize\n>p1 move knockoff\n>p2 switch 6\n>p2 switch 2\n>p1 move knockoff\n>p2 move leafstorm\n>p1 switch 6\n>p1 move tripleaxel\n>p2 switch 6\n>p1 switch 3\n>p2 move gigadrain\n>p1 move leechseed\n>p2 switch 4\n>p1 switch 4\n>p2 switch 6\n>p1 move ironhead\n>p2 move leafstorm\n>p1 move ironhead\n>p2 move leafstorm\n>p1 move rapidspin\n>p2 move leafstorm\n>p2 switch 5\n>p1 switch 4\n>p2 move bulkup\n>p1 move leechseed\n>p2 switch 6\n>p1 move sleeppowder\n>p2 move tripleaxel\n>p1 move sleeppowder\n>p2 move tripleaxel\n>p1 switch 5\n>p1 move flareblitz\n>p2 switch 4\n>p1 switch 4\n>p2 move flamethrower\n>p1 switch 4\n>p1 move dragondance\n>p2 switch 6\n>p1 move outrage terastallize\n>p2 move bulkup\n>p1 move outrage\n>p2 move closecombat\n>p1 switch 3\n>p2 switch 6\n>p1 move poltergeist\n>p2 move flamethrower", "uploadtime": 1782828836, "views": 7, "formatid": "gen9randombattle", "rating": null, "private": 0, "password": null, "player_dets": [{"name": "CCS_Wolf", "avatar": "1", "rating": 2226, "seed": "sodium,537a376ef74c74534c8814e6cba1b22f"}, {"name": "Bronzel Main", "avatar": "veteran", "rating": 2396, "seed": "sodium,867c977a2ad7161768f9e72aa8a86114"}], "teams_full": [{"Mew": {"name": "Mew", "species": "Mew", "speciesId": "mew", "gender": "N", "shiny": false, "level": 82, "moves": ["knockoff", "willowisp", "stealthrock", "psychic"], "ability": "Synchronize", "evs": {"hp": 85, "atk": 85, "def": 85, "spa": 85, "spd": 85, "spe": 85}, "ivs": {"hp": 31, "atk": 31, "def": 31, "spa": 31, "spd": 31, "spe": 31}, "item": "Leftovers", "teraType": "Fairy", "role": "Bulky Support", "bvs": {"hp": 100, "atk": 100, "def": 100, "spa": 100, "spd": 100, "spe": 100}, "stats": {"hp": 298, "atk": 211, "def": 211, "spa": 211, "spd": 211, "spe": 211}, "types": ["Psychic"]}, "Froslass": {"name": "Froslass", "species": "Froslass", "speciesId": "froslass", "gender": "F", "shiny": false, "level": 87, "moves": ["destinybond", "poltergeist", "tripleaxel", "spikes"], "ability": "Cursed Body", "evs": {"hp": 81, "atk": 85, "def": 85, "spa": 85, "spd": 85, "spe": 85}, "ivs": {"hp": 31, "atk": 31, "def": 31, "spa": 31, "spd": 31, "spe": 31}, "item": "Wide Lens", "teraType": "Ghost", "role": "Fast Support", "bvs": {"hp": 70, "atk": 80, "def": 70, "spa": 80, "spd": 70, "spe": 110}, "stats": {"hp": 263, "atk": 189, "def": 172, "spa": 189, "spd": 172, "spe": 241}, "types": ["Ice", "Ghost"]}, "Exeggutor": {"name": "Exeggutor", "species": "Exeggutor", "speciesId": "exeggutor", "gender": "M", "shiny": false, "level": 89, "moves": ["substitute", "sleeppowder", "psychicnoise", "leechseed"], "ability": "Harvest", "evs": {"hp": 77, "atk": 0, "def": 85, "spa": 85, "spd": 85, "spe": 85}, "ivs": {"hp": 31, "atk": 0, "def": 31, "spa": 31, "spd": 31, "spe": 31}, "item": "Sitrus Berry", "teraType": "Steel", "role": "Bulky Support", "bvs": {"hp": 95, "atk": 95, "def": 85, "spa": 125, "spd": 75, "spe": 55}, "stats": {"hp": 312, "atk": 174, "def": 202, "spa": 273, "spd": 184, "spe": 149}, "types": ["Grass", "Psychic"]}, "Excadrill": {"name": "Excadrill", "species": "Excadrill", "speciesId": "excadrill", "gender": "M", "shiny": false, "level": 79, "moves": ["ironhead", "rockslide", "rapidspin", "earthquake"], "ability": "Mold Breaker", "evs": {"hp": 85, "atk": 85, "def": 85, "spa": 85, "spd": 85, "spe": 85}, "ivs": {"hp": 31, "atk": 31, "def": 31, "spa": 31, "spd": 31, "spe": 31}, "item": "Assault Vest", "teraType": "Water", "role": "AV Pivot", "bvs": {"hp": 110, "atk": 135, "def": 60, "spa": 50, "spd": 65, "spe": 88}, "stats": {"hp": 303, "atk": 259, "def": 140, "spa": 125, "spd": 148, "spe": 185}, "types": ["Ground", "Steel"]}, "Reshiram": {"name": "Reshiram", "species": "Reshiram", "speciesId": "reshiram", "gender": "N", "shiny": false, "level": 76, "moves": ["dragondance", "outrage", "flareblitz", "stoneedge"], "ability": "Turboblaze", "evs": {"hp": 85, "atk": 85, "def": 85, "spa": 85, "spd": 85, "spe": 85}, "ivs": {"hp": 31, "atk": 31, "def": 31, "spa": 31, "spd": 31, "spe": 31}, "item": "Heavy-Duty Boots", "teraType": "Dragon", "role": "Setup Sweeper", "bvs": {"hp": 100, "atk": 120, "def": 100, "spa": 150, "spd": 120, "spe": 90}, "stats": {"hp": 277, "atk": 226, "def": 196, "spa": 272, "spd": 226, "spe": 181}, "types": ["Dragon", "Fire"]}, "Eternatus": {"name": "Eternatus", "species": "Eternatus", "speciesId": "eternatus", "gender": "N", "shiny": false, "level": 69, "moves": ["dynamaxcannon", "sludgebomb", "meteorbeam", "fireblast"], "ability": "Pressure", "evs": {"hp": 85, "atk": 0, "def": 85, "spa": 85, "spd": 85, "spe": 85}, "ivs": {"hp": 31, "atk": 0, "def": 31, "spa": 31, "spd": 31, "spe": 31}, "item": "Power Herb", "teraType": "Fire", "role": "Setup Sweeper", "bvs": {"hp": 140, "atk": 85, "def": 95, "spa": 145, "spd": 95, "spe": 130}, "stats": {"hp": 308, "atk": 122, "def": 171, "spa": 240, "spd": 171, "spe": 220}, "types": ["Poison", "Dragon"]}}, {"Sandslash": {"name": "Sandslash", "species": "Sandslash-Alola", "speciesId": "sandslashalola", "gender": "F", "shiny": false, "level": 88, "moves": ["swordsdance", "tripleaxel", "rapidspin", "earthquake"], "ability": "Slush Rush", "evs": {"hp": 85, "atk": 85, "def": 85, "spa": 85, "spd": 85, "spe": 85}, "ivs": {"hp": 31, "atk": 31, "def": 31, "spa": 31, "spd": 31, "spe": 31}, "item": "Leftovers", "teraType": "Ground", "role": "Setup Sweeper", "bvs": {"hp": 75, "atk": 100, "def": 120, "spa": 25, "spd": 65, "spe": 65}, "stats": {"hp": 275, "atk": 226, "def": 261, "spa": 94, "spd": 165, "spe": 165}, "types": ["Ice", "Steel"]}, "Sunflora": {"name": "Sunflora", "species": "Sunflora", "speciesId": "sunflora", "gender": "M", "shiny": false, "level": 100, "moves": ["earthpower", "dazzlinggleam", "sludgebomb", "leafstorm"], "ability": "Chlorophyll", "evs": {"hp": 85, "atk": 0, "def": 85, "spa": 85, "spd": 85, "spe": 85}, "ivs": {"hp": 31, "atk": 0, "def": 31, "spa": 31, "spd": 31, "spe": 31}, "item": "Choice Specs", "teraType": "Ground", "role": "Wallbreaker", "bvs": {"hp": 75, "atk": 75, "def": 55, "spa": 105, "spd": 85, "spe": 30}, "stats": {"hp": 312, "atk": 155, "def": 167, "spa": 267, "spd": 227, "spe": 117}, "types": ["Grass"]}, "Exeggutor": {"name": "Exeggutor", "species": "Exeggutor-Alola", "speciesId": "exeggutoralola", "gender": "F", "shiny": false, "level": 89, "moves": ["flamethrower", "leafstorm", "gigadrain", "dracometeor"], "ability": "Frisk", "evs": {"hp": 85, "atk": 0, "def": 85, "spa": 85, "spd": 85, "spe": 85}, "ivs": {"hp": 31, "atk": 0, "def": 31, "spa": 31, "spd": 31, "spe": 31}, "item": "Choice Specs", "teraType": "Fire", "role": "Wallbreaker", "bvs": {"hp": 95, "atk": 105, "def": 85, "spa": 125, "spd": 75, "spe": 45}, "stats": {"hp": 314, "atk": 191, "def": 202, "spa": 273, "spd": 184, "spe": 131}, "types": ["Grass", "Dragon"]}, "Banette": {"name": "Banette", "species": "Banette", "speciesId": "banette", "gender": "F", "shiny": false, "level": 93, "moves": ["shadowsneak", "poltergeist", "gunkshot", "swordsdance"], "ability": "Insomnia", "evs": {"hp": 85, "atk": 85, "def": 85, "spa": 85, "spd": 85, "spe": 85}, "ivs": {"hp": 31, "atk": 31, "def": 31, "spa": 31, "spd": 31, "spe": 31}, "item": "Life Orb", "teraType": "Ghost", "role": "Wallbreaker", "bvs": {"hp": 64, "atk": 115, "def": 65, "spa": 83, "spd": 63, "spe": 65}, "stats": {"hp": 270, "atk": 267, "def": 174, "spa": 207, "spd": 170, "spe": 174}, "types": ["Ghost"]}, "Tauros": {"name": "Tauros", "species": "Tauros-Paldea-Combat", "speciesId": "taurospaldeacombat", "gender": "M", "shiny": false, "level": 82, "moves": ["ironhead", "closecombat", "bulkup", "throatchop"], "ability": "Intimidate", "evs": {"hp": 85, "atk": 85, "def": 85, "spa": 85, "spd": 85, "spe": 85}, "ivs": {"hp": 31, "atk": 31, "def": 31, "spa": 31, "spd": 31, "spe": 31}, "item": "Life Orb", "teraType": "Dark", "role": "Wallbreaker", "bvs": {"hp": 75, "atk": 110, "def": 105, "spa": 30, "spd": 70, "spe": 100}, "stats": {"hp": 257, "atk": 228, "def": 219, "spa": 96, "spd": 162, "spe": 211}, "types": ["Fighting"]}, "Metagross": {"name": "Metagross", "species": "Metagross", "speciesId": "metagross", "gender": "N", "shiny": false, "level": 79, "moves": ["psychicfangs", "earthquake", "stealthrock", "heavyslam"], "ability": "Clear Body", "evs": {"hp": 85, "atk": 85, "def": 85, "spa": 85, "spd": 85, "spe": 85}, "ivs": {"hp": 31, "atk": 31, "def": 31, "spa": 31, "spd": 31, "spe": 31}, "item": "Leftovers", "teraType": "Water", "role": "Bulky Support", "bvs": {"hp": 80, "atk": 135, "def": 130, "spa": 95, "spd": 90, "spe": 70}, "stats": {"hp": 256, "atk": 259, "def": 251, "spa": 196, "spd": 188, "spe": 156}, "types": ["Steel", "Psychic"]}}]}