{"id": "gen9randombattle-2641617986", "format": "[Gen 9] Random Battle", "players": ["kepurah", "the cheff"], "log": "|j|\u2606kepurah\n|j|\u2606the cheff\n|t:|1782819688\n|gametype|singles\n|player|p1|kepurah|102|1919\n|player|p2|the cheff|baker|1960\n|gen|9\n|tier|[Gen 9] Random Battle\n|rated|\n|rule|Species Clause: Limit one of each Pok\u00e9mon\n|rule|HP Percentage Mod: HP is shown in percentages\n|rule|Sleep Clause Mod: Limit one foe put to sleep\n|rule|Illusion Level Mod: Illusion disguises the Pok\u00e9mon's true level\n|\n|t:|1782819688\n|teamsize|p1|6\n|teamsize|p2|6\n|start\n|switch|p1a: Lanturn|Lanturn, L89, M|367/367\n|switch|p2a: Lanturn|Lanturn, L89, F|367/367\n|turn|1\n|inactive|Battle timer is ON: inactive players will automatically lose when time's up. (requested by kepurah)\n|l|\u2606kepurah\n|inactive|kepurah disconnected and has a minute to reconnect!\n|player|p1|\n|j|\u2606kepurah\n|inactive|kepurah reconnected and has 125 seconds left.\n|player|p1|kepurah|102|\n|inactive|kepurah has 120 seconds left.\n|\n|t:|1782819726\n|move|p2a: Lanturn|Scald|p1a: Lanturn\n|-resisted|p1a: Lanturn\n|-damage|p1a: Lanturn|328/367\n|-status|p1a: Lanturn|brn\n|move|p1a: Lanturn|Scald|p2a: Lanturn\n|-resisted|p2a: Lanturn\n|-damage|p2a: Lanturn|325/367\n|\n|-heal|p1a: Lanturn|350/367 brn|[from] item: Leftovers\n|-heal|p2a: Lanturn|347/367|[from] item: Leftovers\n|-damage|p1a: Lanturn|328/367 brn|[from] brn\n|upkeep\n|turn|2\n|\n|t:|1782819737\n|move|p2a: Lanturn|Scald|p1a: Lanturn\n|-resisted|p1a: Lanturn\n|-damage|p1a: Lanturn|289/367 brn\n|move|p1a: Lanturn|Scald|p2a: Lanturn\n|-resisted|p2a: Lanturn\n|-damage|p2a: Lanturn|308/367\n|\n|-heal|p1a: Lanturn|311/367 brn|[from] item: Leftovers\n|-heal|p2a: Lanturn|330/367|[from] item: Leftovers\n|-damage|p1a: Lanturn|289/367 brn|[from] brn\n|upkeep\n|turn|3\n|\n|t:|1782819747\n|switch|p1a: Seviper|Seviper, L93, M|287/287\n|move|p2a: Lanturn|Scald|p1a: Seviper\n|-damage|p1a: Seviper|188/287\n|\n|-heal|p1a: Seviper|205/287|[from] item: Leftovers\n|-heal|p2a: Lanturn|352/367|[from] item: Leftovers\n|upkeep\n|turn|4\n|\n|t:|1782819759\n|switch|p2a: Articuno|Articuno-Galar, L84|288/288\n|move|p1a: Seviper|Swords Dance|p1a: Seviper\n|-boost|p1a: Seviper|atk|2\n|\n|-heal|p1a: Seviper|222/287|[from] item: Leftovers\n|upkeep\n|turn|5\n|\n|t:|1782819765\n|-terastallize|p1a: Seviper|Ground\n|move|p2a: Articuno|Freezing Glare|p1a: Seviper\n|-crit|p1a: Seviper\n|-damage|p1a: Seviper|3/287\n|-status|p1a: Seviper|frz\n|-curestatus|p1a: Seviper|frz|[msg]\n|move|p1a: Seviper|Gunk Shot|p2a: Articuno\n|-damage|p2a: Articuno|0 fnt\n|faint|p2a: Articuno\n|\n|-heal|p1a: Seviper|20/287|[from] item: Leftovers\n|upkeep\n|\n|t:|1782819782\n|switch|p2a: Iron Moth|Iron Moth, L78|253/253\n|turn|6\n|\n|t:|1782819797\n|move|p2a: Iron Moth|Sludge Wave|p1a: Seviper\n|-resisted|p1a: Seviper\n|-damage|p1a: Seviper|0 fnt\n|faint|p1a: Seviper\n|\n|upkeep\n|\n|t:|1782819801\n|switch|p1a: Lanturn|Lanturn, L89, M|289/367 brn\n|turn|7\n|\n|t:|1782819804\n|move|p2a: Iron Moth|Sludge Wave|p1a: Lanturn\n|-damage|p1a: Lanturn|168/367 brn\n|move|p1a: Lanturn|Scald|p2a: Iron Moth\n|-supereffective|p2a: Iron Moth\n|-crit|p2a: Iron Moth\n|-damage|p2a: Iron Moth|41/253\n|\n|-heal|p1a: Lanturn|190/367 brn|[from] item: Leftovers\n|-damage|p1a: Lanturn|168/367 brn|[from] brn\n|upkeep\n|turn|8\n|\n|t:|1782819807\n|move|p2a: Iron Moth|U-turn|p1a: Lanturn\n|-damage|p1a: Lanturn|122/367 brn\n|\n|t:|1782819810\n|-end|p2a: Iron Moth|Quark Drive|[silent]\n|switch|p2a: Lanturn|Lanturn, L89, F|352/367|[from] U-turn\n|move|p1a: Lanturn|Scald|p2a: Lanturn\n|-resisted|p2a: Lanturn\n|-damage|p2a: Lanturn|307/367\n|\n|-heal|p1a: Lanturn|144/367 brn|[from] item: Leftovers\n|-heal|p2a: Lanturn|329/367|[from] item: Leftovers\n|-damage|p1a: Lanturn|122/367 brn|[from] brn\n|upkeep\n|turn|9\n|\n|t:|1782819814\n|move|p2a: Lanturn|Scald|p1a: Lanturn\n|-resisted|p1a: Lanturn\n|-damage|p1a: Lanturn|77/367 brn\n|move|p1a: Lanturn|Scald|p2a: Lanturn\n|-resisted|p2a: Lanturn\n|-damage|p2a: Lanturn|291/367\n|\n|-heal|p2a: Lanturn|313/367|[from] item: Leftovers\n|-heal|p1a: Lanturn|99/367 brn|[from] item: Leftovers\n|-damage|p1a: Lanturn|77/367 brn|[from] brn\n|upkeep\n|turn|10\n|\n|t:|1782819818\n|move|p1a: Lanturn|Scald|p2a: Lanturn\n|-resisted|p2a: Lanturn\n|-damage|p2a: Lanturn|271/367\n|move|p2a: Lanturn|Scald|p1a: Lanturn\n|-resisted|p1a: Lanturn\n|-damage|p1a: Lanturn|33/367 brn\n|\n|-heal|p2a: Lanturn|293/367|[from] item: Leftovers\n|-heal|p1a: Lanturn|55/367 brn|[from] item: Leftovers\n|-damage|p1a: Lanturn|33/367 brn|[from] brn\n|upkeep\n|turn|11\n|\n|t:|1782819820\n|move|p1a: Lanturn|Scald|p2a: Lanturn\n|-resisted|p2a: Lanturn\n|-damage|p2a: Lanturn|249/367\n|-status|p2a: Lanturn|brn\n|move|p2a: Lanturn|Scald|p1a: Lanturn\n|-resisted|p1a: Lanturn\n|-damage|p1a: Lanturn|0 fnt\n|faint|p1a: Lanturn\n|\n|-heal|p2a: Lanturn|271/367 brn|[from] item: Leftovers\n|-damage|p2a: Lanturn|249/367 brn|[from] brn\n|upkeep\n|\n|t:|1782819825\n|switch|p1a: Vikavolt|Vikavolt, L83, M|263/263\n|turn|12\n|\n|t:|1782819834\n|move|p2a: Lanturn|Scald|p1a: Vikavolt\n|-damage|p1a: Vikavolt|169/263\n|move|p1a: Vikavolt|Sticky Web|p2a: Lanturn\n|-sidestart|p2: the cheff|move: Sticky Web\n|\n|-heal|p2a: Lanturn|271/367 brn|[from] item: Leftovers\n|-damage|p2a: Lanturn|249/367 brn|[from] brn\n|upkeep\n|turn|13\n|\n|t:|1782819839\n|move|p2a: Lanturn|Scald|p1a: Vikavolt\n|-damage|p1a: Vikavolt|78/263\n|move|p1a: Vikavolt|Energy Ball|p2a: Lanturn\n|-supereffective|p2a: Lanturn\n|-damage|p2a: Lanturn|75/367 brn\n|\n|-heal|p2a: Lanturn|97/367 brn|[from] item: Leftovers\n|-damage|p2a: Lanturn|75/367 brn|[from] brn\n|upkeep\n|turn|14\n|\n|t:|1782819845\n|move|p2a: Lanturn|Scald|p1a: Vikavolt\n|-damage|p1a: Vikavolt|0 fnt\n|faint|p1a: Vikavolt\n|\n|-heal|p2a: Lanturn|97/367 brn|[from] item: Leftovers\n|-damage|p2a: Lanturn|75/367 brn|[from] brn\n|upkeep\n|\n|t:|1782819849\n|switch|p1a: Scyther|Scyther, L82, M|249/249\n|turn|15\n|\n|t:|1782819854\n|move|p1a: Scyther|Dual Wingbeat|p2a: Lanturn\n|-resisted|p2a: Lanturn\n|-damage|p2a: Lanturn|36/367 brn\n|-resisted|p2a: Lanturn\n|-damage|p2a: Lanturn|0 fnt\n|faint|p2a: Lanturn\n|-hitcount|p2: Lanturn|2\n|\n|upkeep\n|\n|t:|1782819860\n|switch|p2a: Pincurchin|Pincurchin, M|258/258\n|-activate|p2a: Pincurchin|move: Sticky Web\n|-unboost|p2a: Pincurchin|spe|1\n|-fieldstart|move: Electric Terrain|[from] ability: Electric Surge|[of] p2a: Pincurchin\n|turn|16\n|\n|t:|1782819863\n|move|p1a: Scyther|U-turn|p2a: Pincurchin\n|-damage|p2a: Pincurchin|198/258\n|\n|t:|1782819864\n|switch|p1a: Carbink|Carbink, L90|236/236|[from] U-turn\n|move|p2a: Pincurchin|Curse|p2a: Pincurchin\n|-unboost|p2a: Pincurchin|spe|1\n|-boost|p2a: Pincurchin|atk|1\n|-boost|p2a: Pincurchin|def|1\n|\n|-heal|p2a: Pincurchin|214/258|[from] item: Leftovers\n|upkeep\n|turn|17\n|\n|t:|1782819869\n|move|p1a: Carbink|Iron Defense|p1a: Carbink\n|-boost|p1a: Carbink|def|2\n|move|p2a: Pincurchin|Curse|p2a: Pincurchin\n|-unboost|p2a: Pincurchin|spe|1\n|-boost|p2a: Pincurchin|atk|1\n|-boost|p2a: Pincurchin|def|1\n|\n|-heal|p2a: Pincurchin|230/258|[from] item: Leftovers\n|upkeep\n|turn|18\n|\n|t:|1782819873\n|move|p1a: Carbink|Iron Defense|p1a: Carbink\n|-boost|p1a: Carbink|def|2\n|move|p2a: Pincurchin|Liquidation|p1a: Carbink\n|-supereffective|p1a: Carbink\n|-damage|p1a: Carbink|158/236\n|\n|-heal|p2a: Pincurchin|246/258|[from] item: Leftovers\n|upkeep\n|turn|19\n|\n|t:|1782819879\n|move|p1a: Carbink|Iron Defense|p1a: Carbink\n|-boost|p1a: Carbink|def|2\n|move|p2a: Pincurchin|Curse|p2a: Pincurchin\n|-unboost|p2a: Pincurchin|spe|1\n|-boost|p2a: Pincurchin|atk|1\n|-boost|p2a: Pincurchin|def|1\n|\n|-heal|p2a: Pincurchin|258/258|[from] item: Leftovers\n|upkeep\n|turn|20\n|\n|t:|1782819882\n|move|p1a: Carbink|Body Press|p2a: Pincurchin\n|-damage|p2a: Pincurchin|143/258\n|move|p2a: Pincurchin|Curse|p2a: Pincurchin\n|-unboost|p2a: Pincurchin|spe|1\n|-boost|p2a: Pincurchin|atk|1\n|-boost|p2a: Pincurchin|def|1\n|\n|-heal|p2a: Pincurchin|159/258|[from] item: Leftovers\n|-fieldend|move: Electric Terrain\n|upkeep\n|turn|21\n|\n|t:|1782819886\n|move|p1a: Carbink|Body Press|p2a: Pincurchin\n|-damage|p2a: Pincurchin|54/258\n|move|p2a: Pincurchin|Recover|p2a: Pincurchin\n|-heal|p2a: Pincurchin|183/258\n|\n|-heal|p2a: Pincurchin|199/258|[from] item: Leftovers\n|upkeep\n|turn|22\n|\n|t:|1782819889\n|move|p1a: Carbink|Body Press|p2a: Pincurchin\n|-damage|p2a: Pincurchin|103/258\n|move|p2a: Pincurchin|Recover|p2a: Pincurchin\n|-heal|p2a: Pincurchin|232/258\n|\n|-heal|p2a: Pincurchin|248/258|[from] item: Leftovers\n|upkeep\n|turn|23\n|\n|t:|1782819892\n|move|p1a: Carbink|Body Press|p2a: Pincurchin\n|-damage|p2a: Pincurchin|147/258\n|move|p2a: Pincurchin|Curse|p2a: Pincurchin\n|-unboost|p2a: Pincurchin|spe|1\n|-boost|p2a: Pincurchin|atk|1\n|-boost|p2a: Pincurchin|def|1\n|\n|-heal|p2a: Pincurchin|163/258|[from] item: Leftovers\n|upkeep\n|turn|24\n|\n|t:|1782819895\n|move|p1a: Carbink|Body Press|p2a: Pincurchin\n|-damage|p2a: Pincurchin|81/258\n|move|p2a: Pincurchin|Recover|p2a: Pincurchin\n|-heal|p2a: Pincurchin|210/258\n|\n|-heal|p2a: Pincurchin|226/258|[from] item: Leftovers\n|upkeep\n|turn|25\n|\n|t:|1782819897\n|move|p1a: Carbink|Body Press|p2a: Pincurchin\n|-damage|p2a: Pincurchin|146/258\n|move|p2a: Pincurchin|Curse|p2a: Pincurchin\n|-boost|p2a: Pincurchin|atk|1\n|-boost|p2a: Pincurchin|def|1\n|\n|-heal|p2a: Pincurchin|162/258|[from] item: Leftovers\n|upkeep\n|turn|26\n|\n|t:|1782819899\n|move|p1a: Carbink|Body Press|p2a: Pincurchin\n|-damage|p2a: Pincurchin|81/258\n|move|p2a: Pincurchin|Recover|p2a: Pincurchin\n|-heal|p2a: Pincurchin|210/258\n|\n|-heal|p2a: Pincurchin|226/258|[from] item: Leftovers\n|upkeep\n|turn|27\n|\n|t:|1782819902\n|move|p1a: Carbink|Body Press|p2a: Pincurchin\n|-damage|p2a: Pincurchin|150/258\n|move|p2a: Pincurchin|Liquidation|p1a: Carbink\n|-supereffective|p1a: Carbink\n|-damage|p1a: Carbink|40/236\n|\n|-heal|p2a: Pincurchin|166/258|[from] item: Leftovers\n|upkeep\n|turn|28\n|\n|t:|1782819905\n|move|p1a: Carbink|Rest|p1a: Carbink\n|-status|p1a: Carbink|slp|[from] move: Rest\n|-heal|p1a: Carbink|236/236 slp|[silent]\n|-enditem|p1a: Carbink|Chesto Berry|[eat]\n|-curestatus|p1a: Carbink|slp|[msg]\n|move|p2a: Pincurchin|Liquidation|p1a: Carbink\n|-supereffective|p1a: Carbink\n|-damage|p1a: Carbink|134/236\n|\n|-heal|p2a: Pincurchin|182/258|[from] item: Leftovers\n|upkeep\n|turn|29\n|\n|t:|1782819907\n|move|p1a: Carbink|Body Press|p2a: Pincurchin\n|-damage|p2a: Pincurchin|110/258\n|move|p2a: Pincurchin|Liquidation|p1a: Carbink\n|-supereffective|p1a: Carbink\n|-damage|p1a: Carbink|20/236\n|\n|-heal|p2a: Pincurchin|126/258|[from] item: Leftovers\n|upkeep\n|turn|30\n|\n|t:|1782819910\n|move|p1a: Carbink|Body Press|p2a: Pincurchin\n|-damage|p2a: Pincurchin|55/258\n|move|p2a: Pincurchin|Recover|p2a: Pincurchin\n|-heal|p2a: Pincurchin|184/258\n|\n|-heal|p2a: Pincurchin|200/258|[from] item: Leftovers\n|upkeep\n|turn|31\n|\n|t:|1782819912\n|move|p1a: Carbink|Body Press|p2a: Pincurchin\n|-damage|p2a: Pincurchin|132/258\n|move|p2a: Pincurchin|Liquidation|p1a: Carbink\n|-supereffective|p1a: Carbink\n|-damage|p1a: Carbink|0 fnt\n|faint|p1a: Carbink\n|\n|-heal|p2a: Pincurchin|148/258|[from] item: Leftovers\n|upkeep\n|\n|t:|1782819917\n|switch|p1a: Manaphy|Manaphy, L78|284/284\n|turn|32\n|\n|t:|1782819921\n|-terastallize|p2a: Pincurchin|Grass\n|move|p1a: Manaphy|Surf|p2a: Pincurchin\n|-resisted|p2a: Pincurchin\n|-damage|p2a: Pincurchin|109/258\n|move|p2a: Pincurchin|Zing Zap|p1a: Manaphy\n|-supereffective|p1a: Manaphy\n|-damage|p1a: Manaphy|0 fnt\n|faint|p1a: Manaphy\n|\n|-heal|p2a: Pincurchin|125/258|[from] item: Leftovers\n|upkeep\n|\n|t:|1782819923\n|switch|p1a: Scyther|Scyther, L82, M|249/249\n|turn|33\n|\n|t:|1782819926\n|move|p1a: Scyther|Dual Wingbeat|p2a: Pincurchin\n|-supereffective|p2a: Pincurchin\n|-damage|p2a: Pincurchin|95/258\n|-supereffective|p2a: Pincurchin\n|-damage|p2a: Pincurchin|69/258\n|-hitcount|p2a: Pincurchin|2\n|move|p2a: Pincurchin|Zing Zap|p1a: Scyther\n|-supereffective|p1a: Scyther\n|-damage|p1a: Scyther|0 fnt\n|faint|p1a: Scyther\n|\n|win|the cheff\n", "inputlog": ">version f8ac14003a5f27e1bdc8d8c59608a773c1cb96e5\n>start {\"formatid\":\"gen9randombattle\",\"seed\":\"sodium,008a2df1f996a222b3fdfa0b009d9352\",\"rated\":\"Rated battle\"}\n>player p1 {\"name\":\"kepurah\",\"avatar\":\"102\",\"rating\":1919,\"seed\":\"sodium,b49fbbbf2ea8850734d5bc3006789a7d\"}\n>player p2 {\"name\":\"the cheff\",\"avatar\":\"baker\",\"rating\":1960,\"seed\":\"sodium,bff281aed8f270fd6231954062ad7c86\"}\n>p1 move scald\n>p2 move scald\n>p1 move scald\n>p2 move scald\n>p1 switch 6\n>p2 move scald\n>p1 move swordsdance\n>p2 switch 3\n>p1 move gunkshot terastallize\n>p2 move freezingglare\n>p2 switch 6\n>p1 move earthquake\n>p2 move sludgewave\n>p1 switch 6\n>p1 move scald\n>p2 move sludgewave\n>p1 move scald\n>p2 move uturn\n>p2 switch 3\n>p1 move scald\n>p2 move scald\n>p1 move scald\n>p2 move scald\n>p1 move scald\n>p2 move scald\n>p1 switch 5\n>p1 move stickyweb\n>p2 move scald\n>p1 move energyball\n>p2 move scald\n>p1 move energyball\n>p2 move scald\n>p1 switch 2\n>p1 move dualwingbeat\n>p2 move thunderwave\n>p2 switch 4\n>p1 move uturn\n>p2 move curse\n>p1 switch 3\n>p1 move irondefense\n>p2 move curse\n>p1 move irondefense\n>p2 move liquidation\n>p1 move irondefense\n>p2 move curse\n>p1 move bodypress\n>p2 move curse\n>p1 move bodypress\n>p2 move recover\n>p1 move bodypress\n>p2 move recover\n>p1 move bodypress\n>p2 move curse\n>p1 move bodypress\n>p2 move recover\n>p1 move bodypress\n>p2 move curse\n>p1 move bodypress\n>p2 move recover\n>p1 move bodypress\n>p2 move liquidation\n>p1 move rest\n>p2 move liquidation\n>p1 move bodypress\n>p2 move liquidation\n>p1 move bodypress\n>p2 move recover\n>p1 move bodypress\n>p2 move liquidation\n>p1 switch 4\n>p1 move surf\n>p2 move zingzap terastallize\n>p1 switch 3\n>p1 move dualwingbeat\n>p2 move zingzap", "uploadtime": 1782819691, "views": 3, "formatid": "gen9randombattle", "rating": null, "private": 0, "password": null, "player_dets": [{"name": "kepurah", "avatar": "102", "rating": 1919, "seed": "sodium,b49fbbbf2ea8850734d5bc3006789a7d"}, {"name": "the cheff", "avatar": "baker", "rating": 1960, "seed": "sodium,bff281aed8f270fd6231954062ad7c86"}], "teams_full": [{"Lanturn": {"name": "Lanturn", "species": "Lanturn", "speciesId": "lanturn", "gender": "M", "shiny": false, "level": 89, "moves": ["icebeam", "thunderbolt", "thunderwave", "scald"], "ability": "Volt Absorb", "evs": {"hp": 85, "atk": 0, "def": 85, "spa": 85, "spd": 85, "spe": 85}, "ivs": {"hp": 31, "atk": 0, "def": 31, "spa": 31, "spd": 31, "spe": 31}, "item": "Leftovers", "teraType": "Flying", "role": "Bulky Attacker", "bvs": {"hp": 125, "atk": 58, "def": 58, "spa": 76, "spd": 76, "spe": 67}, "stats": {"hp": 367, "atk": 108, "def": 154, "spa": 186, "spd": 186, "spe": 170}, "types": ["Water", "Electric"]}, "Scyther": {"name": "Scyther", "species": "Scyther", "speciesId": "scyther", "gender": "M", "shiny": false, "level": 82, "moves": ["uturn", "dualwingbeat", "defog", "closecombat"], "ability": "Technician", "evs": {"hp": 85, "atk": 85, "def": 85, "spa": 85, "spd": 85, "spe": 85}, "ivs": {"hp": 31, "atk": 31, "def": 31, "spa": 31, "spd": 31, "spe": 31}, "item": "Heavy-Duty Boots", "teraType": "Fighting", "role": "Fast Support", "bvs": {"hp": 70, "atk": 110, "def": 80, "spa": 55, "spd": 80, "spe": 105}, "stats": {"hp": 249, "atk": 228, "def": 178, "spa": 137, "spd": 178, "spe": 219}, "types": ["Bug", "Flying"]}, "Carbink": {"name": "Carbink", "species": "Carbink", "speciesId": "carbink", "gender": "N", "shiny": false, "level": 90, "moves": ["irondefense", "rest", "bodypress", "moonblast"], "ability": "Clear Body", "evs": {"hp": 85, "atk": 0, "def": 85, "spa": 85, "spd": 85, "spe": 85}, "ivs": {"hp": 31, "atk": 0, "def": 31, "spa": 31, "spd": 31, "spe": 31}, "item": "Chesto Berry", "teraType": "Fighting", "role": "Fast Bulky Setup", "bvs": {"hp": 50, "atk": 50, "def": 150, "spa": 50, "spd": 150, "spe": 50}, "stats": {"hp": 236, "atk": 95, "def": 321, "spa": 141, "spd": 321, "spe": 141}, "types": ["Rock", "Fairy"]}, "Manaphy": {"name": "Manaphy", "species": "Manaphy", "speciesId": "manaphy", "gender": "N", "shiny": false, "level": 78, "moves": ["surf", "energyball", "icebeam", "tailglow"], "ability": "Hydration", "evs": {"hp": 85, "atk": 0, "def": 85, "spa": 85, "spd": 85, "spe": 85}, "ivs": {"hp": 31, "atk": 0, "def": 31, "spa": 31, "spd": 31, "spe": 31}, "item": "Leftovers", "teraType": "Grass", "role": "Bulky Setup", "bvs": {"hp": 100, "atk": 100, "def": 100, "spa": 100, "spd": 100, "spe": 100}, "stats": {"hp": 284, "atk": 161, "def": 201, "spa": 201, "spd": 201, "spe": 201}, "types": ["Water"]}, "Vikavolt": {"name": "Vikavolt", "species": "Vikavolt", "speciesId": "vikavolt", "gender": "M", "shiny": false, "level": 83, "moves": ["bugbuzz", "discharge", "stickyweb", "energyball"], "ability": "Levitate", "evs": {"hp": 85, "atk": 0, "def": 85, "spa": 85, "spd": 85, "spe": 85}, "ivs": {"hp": 31, "atk": 0, "def": 31, "spa": 31, "spd": 31, "spe": 31}, "item": "Heavy-Duty Boots", "teraType": "Electric", "role": "Bulky Support", "bvs": {"hp": 77, "atk": 70, "def": 90, "spa": 145, "spd": 75, "spe": 43}, "stats": {"hp": 263, "atk": 121, "def": 197, "spa": 288, "spd": 172, "spe": 119}, "types": ["Bug", "Electric"]}, "Seviper": {"name": "Seviper", "species": "Seviper", "speciesId": "seviper", "gender": "M", "shiny": false, "level": 93, "moves": ["earthquake", "swordsdance", "trailblaze", "gunkshot"], "ability": "Infiltrator", "evs": {"hp": 85, "atk": 85, "def": 85, "spa": 85, "spd": 85, "spe": 85}, "ivs": {"hp": 31, "atk": 31, "def": 31, "spa": 31, "spd": 31, "spe": 31}, "item": "Leftovers", "teraType": "Ground", "role": "Bulky Setup", "bvs": {"hp": 73, "atk": 100, "def": 60, "spa": 100, "spd": 60, "spe": 65}, "stats": {"hp": 287, "atk": 239, "def": 164, "spa": 239, "spd": 164, "spe": 174}, "types": ["Poison"]}}, {"Lanturn": {"name": "Lanturn", "species": "Lanturn", "speciesId": "lanturn", "gender": "F", "shiny": false, "level": 89, "moves": ["scald", "thunderbolt", "thunderwave", "icebeam"], "ability": "Volt Absorb", "evs": {"hp": 85, "atk": 0, "def": 85, "spa": 85, "spd": 85, "spe": 85}, "ivs": {"hp": 31, "atk": 0, "def": 31, "spa": 31, "spd": 31, "spe": 31}, "item": "Leftovers", "teraType": "Flying", "role": "Bulky Attacker", "bvs": {"hp": 125, "atk": 58, "def": 58, "spa": 76, "spd": 76, "spe": 67}, "stats": {"hp": 367, "atk": 108, "def": 154, "spa": 186, "spd": 186, "spe": 170}, "types": ["Water", "Electric"]}, "Palkia": {"name": "Palkia", "species": "Palkia", "speciesId": "palkia", "gender": "N", "shiny": false, "level": 75, "moves": ["hydropump", "fireblast", "dracometeor", "spacialrend"], "ability": "Pressure", "evs": {"hp": 85, "atk": 0, "def": 85, "spa": 85, "spd": 85, "spe": 85}, "ivs": {"hp": 31, "atk": 0, "def": 31, "spa": 31, "spd": 31, "spe": 31}, "item": "Choice Scarf", "teraType": "Dragon", "role": "Fast Attacker", "bvs": {"hp": 90, "atk": 120, "def": 100, "spa": 150, "spd": 120, "spe": 100}, "stats": {"hp": 259, "atk": 185, "def": 194, "spa": 269, "spd": 224, "spe": 194}, "types": ["Water", "Dragon"]}, "Articuno": {"name": "Articuno", "species": "Articuno-Galar", "speciesId": "articunogalar", "gender": "N", "shiny": false, "level": 84, "moves": ["freezingglare", "recover", "hurricane", "calmmind"], "ability": "Competitive", "evs": {"hp": 85, "atk": 0, "def": 85, "spa": 85, "spd": 85, "spe": 85}, "ivs": {"hp": 31, "atk": 0, "def": 31, "spa": 31, "spd": 31, "spe": 31}, "item": "Heavy-Duty Boots", "teraType": "Steel", "role": "Fast Bulky Setup", "bvs": {"hp": 90, "atk": 85, "def": 85, "spa": 125, "spd": 100, "spe": 95}, "stats": {"hp": 288, "atk": 147, "def": 191, "spa": 258, "spd": 216, "spe": 208}, "types": ["Psychic", "Flying"]}, "Pincurchin": {"name": "Pincurchin", "species": "Pincurchin", "speciesId": "pincurchin", "gender": "M", "shiny": false, "level": 100, "moves": ["liquidation", "zingzap", "curse", "recover"], "ability": "Electric Surge", "evs": {"hp": 85, "atk": 85, "def": 85, "spa": 85, "spd": 85, "spe": 85}, "ivs": {"hp": 31, "atk": 31, "def": 31, "spa": 31, "spd": 31, "spe": 31}, "item": "Leftovers", "teraType": "Grass", "role": "Bulky Setup", "bvs": {"hp": 48, "atk": 101, "def": 95, "spa": 91, "spd": 85, "spe": 15}, "stats": {"hp": 258, "atk": 259, "def": 247, "spa": 239, "spd": 227, "spe": 87}, "types": ["Electric"]}, "Annihilape": {"name": "Annihilape", "species": "Annihilape", "speciesId": "annihilape", "gender": "F", "shiny": false, "level": 76, "moves": ["bulkup", "gunkshot", "ragefist", "drainpunch"], "ability": "Defiant", "evs": {"hp": 85, "atk": 85, "def": 85, "spa": 85, "spd": 85, "spe": 85}, "ivs": {"hp": 31, "atk": 31, "def": 31, "spa": 31, "spd": 31, "spe": 31}, "item": "Leftovers", "teraType": "Water", "role": "Bulky Setup", "bvs": {"hp": 110, "atk": 115, "def": 80, "spa": 50, "spd": 90, "spe": 90}, "stats": {"hp": 292, "atk": 219, "def": 166, "spa": 120, "spd": 181, "spe": 181}, "types": ["Fighting", "Ghost"]}, "Iron Moth": {"name": "Iron Moth", "species": "Iron Moth", "speciesId": "ironmoth", "gender": "N", "shiny": false, "level": 78, "moves": ["sludgewave", "fireblast", "morningsun", "uturn"], "ability": "Quark Drive", "evs": {"hp": 85, "atk": 85, "def": 85, "spa": 85, "spd": 85, "spe": 85}, "ivs": {"hp": 31, "atk": 31, "def": 31, "spa": 31, "spd": 31, "spe": 31}, "item": "Heavy-Duty Boots", "teraType": "Fire", "role": "Fast Attacker", "bvs": {"hp": 80, "atk": 70, "def": 60, "spa": 140, "spd": 110, "spe": 110}, "stats": {"hp": 253, "atk": 154, "def": 139, "spa": 263, "spd": 217, "spe": 217}, "types": ["Fire", "Poison"]}}]}