{"id": "gen9randombattle-2641468523", "format": "[Gen 9] Random Battle", "players": ["Ctannn", "aceguy123"], "log": "|badge|p1|bronze|gen9ou|100-9\n|uhtml|medal-msg|<div class=\"broadcast-blue\">Curious what those medals under the avatar are? PS now has Ladder Seasons! For more information, check out the <a href=\"https://www.smogon.com/forums/threads/3740067/\">thread on Smogon.</a></div>\n|j|\u2606Ctannn\n|j|\u2606aceguy123\n|t:|1782789524\n|gametype|singles\n|player|p1|Ctannn|170|2065\n|player|p2|aceguy123|firebreather|2115\n|gen|9\n|tier|[Gen 9] Random Battle\n|rated|\n|rule|Species Clause: Limit one of each Pok\u00e9mon\n|rule|HP Percentage Mod: HP is shown in percentages\n|rule|Sleep Clause Mod: Limit one foe put to sleep\n|rule|Illusion Level Mod: Illusion disguises the Pok\u00e9mon's true level\n|\n|t:|1782789524\n|teamsize|p1|6\n|teamsize|p2|6\n|start\n|switch|p1a: Altaria|Altaria, L89, M|278/278\n|switch|p2a: Ariados|Ariados, L95, F|287/287\n|turn|1\n|inactive|Battle timer is ON: inactive players will automatically lose when time's up. (requested by Ctannn)\n|\n|t:|1782789536\n|switch|p2a: Tyranitar|Tyranitar, L78, M|284/284\n|-weather|Sandstorm|[from] ability: Sand Stream|[of] p2a: Tyranitar\n|move|p1a: Altaria|Brave Bird|p2a: Tyranitar\n|-resisted|p2a: Tyranitar\n|-damage|p2a: Tyranitar|236/284\n|-damage|p1a: Altaria|262/278|[from] Recoil\n|\n|-weather|Sandstorm|[upkeep]\n|-damage|p1a: Altaria|245/278|[from] Sandstorm\n|upkeep\n|turn|2\n|\n|t:|1782789552\n|switch|p1a: Rotom|Rotom-Wash, L82|216/216\n|move|p2a: Tyranitar|Knock Off|p1a: Rotom\n|-damage|p1a: Rotom|119/216\n|-enditem|p1a: Rotom|Leftovers|[from] move: Knock Off|[of] p2a: Tyranitar\n|\n|-weather|Sandstorm|[upkeep]\n|-damage|p1a: Rotom|106/216|[from] Sandstorm\n|upkeep\n|turn|3\n|\n|t:|1782789566\n|switch|p2a: Scovillain|Scovillain, L91, F|266/266\n|move|p1a: Rotom|Pain Split|p2a: Scovillain\n|-sethp|p2a: Scovillain|186/266|[from] move: Pain Split|[silent]\n|-sethp|p1a: Rotom|186/216|[from] move: Pain Split\n|\n|-weather|Sandstorm|[upkeep]\n|-damage|p2a: Scovillain|170/266|[from] Sandstorm\n|-damage|p1a: Rotom|173/216|[from] Sandstorm\n|upkeep\n|turn|4\n|\n|t:|1782789578\n|switch|p1a: Altaria|Altaria, L89, M|245/278\n|move|p2a: Scovillain|Energy Ball|p1a: Altaria\n|-resisted|p1a: Altaria\n|-damage|p1a: Altaria|221/278\n|\n|-weather|Sandstorm|[upkeep]\n|-damage|p1a: Altaria|204/278|[from] Sandstorm\n|-damage|p2a: Scovillain|154/266|[from] Sandstorm\n|upkeep\n|turn|5\n|\n|t:|1782789587\n|switch|p2a: Tyranitar|Tyranitar, L78, M|236/284\n|move|p1a: Altaria|Roost|p1a: Altaria\n|-heal|p1a: Altaria|278/278\n|-singleturn|p1a: Altaria|move: Roost\n|\n|-weather|none\n|upkeep\n|turn|6\n|\n|t:|1782789596\n|switch|p1a: Rotom|Rotom-Wash, L82|173/216\n|move|p2a: Tyranitar|Stone Edge|p1a: Rotom\n|-damage|p1a: Rotom|74/216\n|\n|upkeep\n|turn|7\n|\n|t:|1782789603\n|switch|p2a: Scovillain|Scovillain, L91, F|154/266\n|move|p1a: Rotom|Pain Split|p2a: Scovillain\n|-sethp|p2a: Scovillain|114/266|[from] move: Pain Split|[silent]\n|-sethp|p1a: Rotom|114/216|[from] move: Pain Split\n|\n|upkeep\n|turn|8\n|\n|t:|1782789610\n|switch|p1a: Altaria|Altaria, L89, M|278/278\n|switch|p2a: Tyranitar|Tyranitar, L78, M|236/284\n|-weather|Sandstorm|[from] ability: Sand Stream|[of] p2a: Tyranitar\n|\n|-weather|Sandstorm|[upkeep]\n|-damage|p1a: Altaria|261/278|[from] Sandstorm\n|upkeep\n|turn|9\n|\n|t:|1782789620\n|switch|p1a: Rotom|Rotom-Wash, L82|114/216\n|move|p2a: Tyranitar|Stone Edge|p1a: Rotom\n|-damage|p1a: Rotom|3/216\n|\n|-weather|Sandstorm|[upkeep]\n|-damage|p1a: Rotom|0 fnt|[from] Sandstorm\n|faint|p1a: Rotom\n|upkeep\n|\n|t:|1782789634\n|switch|p1a: Glalie|Glalie, L96, M|309/309\n|turn|10\n|\n|t:|1782789641\n|move|p1a: Glalie|Spikes|p2a: Tyranitar\n|-sidestart|p2: aceguy123|Spikes\n|move|p2a: Tyranitar|Dragon Dance|p2a: Tyranitar\n|-boost|p2a: Tyranitar|atk|1\n|-boost|p2a: Tyranitar|spe|1\n|\n|-weather|Sandstorm|[upkeep]\n|-damage|p1a: Glalie|290/309|[from] Sandstorm\n|upkeep\n|turn|11\n|\n|t:|1782789647\n|move|p2a: Tyranitar|Stone Edge|p1a: Glalie\n|-supereffective|p1a: Glalie\n|-damage|p1a: Glalie|0 fnt\n|faint|p1a: Glalie\n|\n|-weather|Sandstorm|[upkeep]\n|upkeep\n|\n|t:|1782789657\n|switch|p1a: Altaria|Altaria, L89, M|261/278\n|turn|12\n|\n|t:|1782789661\n|move|p2a: Tyranitar|Knock Off|p1a: Altaria\n|-damage|p1a: Altaria|108/278\n|-enditem|p1a: Altaria|Heavy-Duty Boots|[from] move: Knock Off|[of] p2a: Tyranitar\n|move|p1a: Altaria|Brave Bird|p2a: Tyranitar\n|-resisted|p2a: Tyranitar\n|-crit|p2a: Tyranitar\n|-damage|p2a: Tyranitar|161/284\n|-damage|p1a: Altaria|83/278|[from] Recoil\n|\n|-weather|none\n|upkeep\n|turn|13\n|\n|t:|1782789665\n|move|p2a: Tyranitar|Knock Off|p1a: Altaria\n|-damage|p1a: Altaria|0 fnt\n|faint|p1a: Altaria\n|\n|upkeep\n|\n|t:|1782789668\n|switch|p1a: Iron Bundle|Iron Bundle, L78|215/215\n|turn|14\n|\n|t:|1782789681\n|move|p1a: Iron Bundle|Hydro Pump|p2a: Tyranitar|[miss]\n|-miss|p1a: Iron Bundle|p2a: Tyranitar\n|move|p2a: Tyranitar|Stone Edge|p1a: Iron Bundle\n|-supereffective|p1a: Iron Bundle\n|-crit|p1a: Iron Bundle\n|-damage|p1a: Iron Bundle|0 fnt\n|faint|p1a: Iron Bundle\n|-end|p1a: Iron Bundle|Quark Drive|[silent]\n|\n|upkeep\n|\n|t:|1782789686\n|switch|p1a: Regieleki|Regieleki, L79|256/256\n|turn|15\n|\n|t:|1782789690\n|move|p1a: Regieleki|Thunderbolt|p2a: Tyranitar\n|-damage|p2a: Tyranitar|28/284\n|move|p2a: Tyranitar|Earthquake|p1a: Regieleki\n|-supereffective|p1a: Regieleki\n|-damage|p1a: Regieleki|0 fnt\n|faint|p1a: Regieleki\n|\n|upkeep\n|\n|t:|1782789696\n|switch|p1a: Hatterene|Hatterene, L85, F|236/236\n|turn|16\n|\n|t:|1782789698\n|move|p2a: Tyranitar|Knock Off|p1a: Hatterene\n|-damage|p1a: Hatterene|68/236\n|-enditem|p1a: Hatterene|Leftovers|[from] move: Knock Off|[of] p2a: Tyranitar\n|move|p1a: Hatterene|Calm Mind|p1a: Hatterene\n|-boost|p1a: Hatterene|spa|1\n|-boost|p1a: Hatterene|spd|1\n|\n|upkeep\n|turn|17\n|\n|t:|1782789701\n|move|p2a: Tyranitar|Knock Off|p1a: Hatterene\n|-crit|p1a: Hatterene\n|-damage|p1a: Hatterene|0 fnt\n|faint|p1a: Hatterene\n|\n|win|aceguy123\n", "inputlog": ">version f8ac14003a5f27e1bdc8d8c59608a773c1cb96e5\n>start {\"formatid\":\"gen9randombattle\",\"seed\":\"sodium,1d8e09c0b06a3619149b491ecedc554e\",\"rated\":\"Rated battle\"}\n>player p1 {\"name\":\"Ctannn\",\"avatar\":\"170\",\"rating\":2065,\"seed\":\"sodium,e867eb97a1ac95f4aa66e8b6974c70b9\"}\n>player p2 {\"name\":\"aceguy123\",\"avatar\":\"firebreather\",\"rating\":2115,\"seed\":\"sodium,bc0dce0e2050ccdfcfa10caf40aeb356\"}\n>p1 move bravebird\n>p2 switch 2\n>p1 switch 6\n>p2 move knockoff\n>p1 move painsplit\n>p2 switch 5\n>p1 switch 6\n>p2 move energyball\n>p1 move roost\n>p2 switch 5\n>p1 switch 6\n>p2 move stoneedge\n>p1 move painsplit\n>p2 switch 5\n>p1 switch 6\n>p2 switch 5\n>p1 switch 6\n>p2 move stoneedge\n>p1 switch 2\n>p1 move spikes\n>p2 move dragondance\n>p1 move taunt\n>p2 move stoneedge\n>p1 switch 6\n>p1 move bravebird\n>p2 move knockoff\n>p1 move bravebird\n>p2 move knockoff\n>p1 switch 4\n>p1 move hydropump\n>p2 move stoneedge\n>p1 switch 5\n>p1 move thunderbolt\n>p2 move earthquake\n>p1 switch 3\n>p1 move calmmind\n>p2 move knockoff\n>p1 move calmmind\n>p2 move knockoff", "uploadtime": 1782789525, "views": 6, "formatid": "gen9randombattle", "rating": null, "private": 0, "password": null, "player_dets": [{"name": "Ctannn", "avatar": "170", "rating": 2065, "seed": "sodium,e867eb97a1ac95f4aa66e8b6974c70b9"}, {"name": "aceguy123", "avatar": "firebreather", "rating": 2115, "seed": "sodium,bc0dce0e2050ccdfcfa10caf40aeb356"}], "teams_full": [{"Altaria": {"name": "Altaria", "species": "Altaria", "speciesId": "altaria", "gender": "M", "shiny": false, "level": 89, "moves": ["roost", "haze", "defog", "bravebird"], "ability": "Natural Cure", "evs": {"hp": 85, "atk": 85, "def": 85, "spa": 85, "spd": 85, "spe": 85}, "ivs": {"hp": 31, "atk": 31, "def": 31, "spa": 31, "spd": 31, "spe": 31}, "item": "Heavy-Duty Boots", "teraType": "Steel", "role": "Bulky Support", "bvs": {"hp": 75, "atk": 70, "def": 90, "spa": 70, "spd": 105, "spe": 80}, "stats": {"hp": 278, "atk": 175, "def": 211, "spa": 175, "spd": 238, "spe": 193}, "types": ["Dragon", "Flying"]}, "Glalie": {"name": "Glalie", "species": "Glalie", "speciesId": "glalie", "gender": "M", "shiny": false, "level": 96, "moves": ["spikes", "freezedry", "taunt", "earthquake"], "ability": "Inner Focus", "evs": {"hp": 85, "atk": 85, "def": 85, "spa": 85, "spd": 85, "spe": 85}, "ivs": {"hp": 31, "atk": 31, "def": 31, "spa": 31, "spd": 31, "spe": 31}, "item": "Heavy-Duty Boots", "teraType": "Ghost", "role": "Fast Support", "bvs": {"hp": 80, "atk": 80, "def": 80, "spa": 80, "spd": 80, "spe": 80}, "stats": {"hp": 309, "atk": 208, "def": 208, "spa": 208, "spd": 208, "spe": 208}, "types": ["Ice"]}, "Hatterene": {"name": "Hatterene", "species": "Hatterene", "speciesId": "hatterene", "gender": "F", "shiny": false, "level": 85, "moves": ["psyshock", "mysticalfire", "drainingkiss", "calmmind"], "ability": "Magic Bounce", "evs": {"hp": 85, "atk": 0, "def": 85, "spa": 85, "spd": 85, "spe": 85}, "ivs": {"hp": 31, "atk": 0, "def": 31, "spa": 31, "spd": 31, "spe": 31}, "item": "Leftovers", "teraType": "Fairy", "role": "Bulky Setup", "bvs": {"hp": 57, "atk": 90, "def": 95, "spa": 136, "spd": 103, "spe": 29}, "stats": {"hp": 236, "atk": 158, "def": 210, "spa": 280, "spd": 224, "spe": 98}, "types": ["Psychic", "Fairy"]}, "Iron Bundle": {"name": "Iron Bundle", "species": "Iron Bundle", "speciesId": "ironbundle", "gender": "N", "shiny": false, "level": 78, "moves": ["encore", "freezedry", "hydropump", "icebeam"], "ability": "Quark Drive", "evs": {"hp": 85, "atk": 0, "def": 85, "spa": 85, "spd": 85, "spe": 85}, "ivs": {"hp": 31, "atk": 0, "def": 31, "spa": 31, "spd": 31, "spe": 31}, "item": "Heavy-Duty Boots", "teraType": "Water", "role": "Fast Attacker", "bvs": {"hp": 56, "atk": 80, "def": 114, "spa": 124, "spd": 60, "spe": 136}, "stats": {"hp": 215, "atk": 129, "def": 223, "spa": 239, "spd": 139, "spe": 257}, "types": ["Ice", "Water"]}, "Regieleki": {"name": "Regieleki", "species": "Regieleki", "speciesId": "regieleki", "gender": "N", "shiny": false, "level": 79, "moves": ["thunderbolt", "terablast", "rapidspin", "voltswitch"], "ability": "Transistor", "evs": {"hp": 85, "atk": 85, "def": 85, "spa": 85, "spd": 85, "spe": 85}, "ivs": {"hp": 31, "atk": 31, "def": 31, "spa": 31, "spd": 31, "spe": 31}, "item": "Magnet", "teraType": "Ice", "role": "Tera Blast user", "bvs": {"hp": 80, "atk": 100, "def": 50, "spa": 100, "spd": 50, "spe": 200}, "stats": {"hp": 256, "atk": 204, "def": 125, "spa": 204, "spd": 125, "spe": 362}, "types": ["Electric"]}, "Rotom": {"name": "Rotom", "species": "Rotom-Wash", "speciesId": "rotomwash", "gender": "N", "shiny": false, "level": 82, "moves": ["hydropump", "voltswitch", "painsplit", "discharge"], "ability": "Levitate", "evs": {"hp": 85, "atk": 0, "def": 85, "spa": 85, "spd": 85, "spe": 85}, "ivs": {"hp": 31, "atk": 0, "def": 31, "spa": 31, "spd": 31, "spe": 31}, "item": "Leftovers", "teraType": "Steel", "role": "Bulky Support", "bvs": {"hp": 50, "atk": 65, "def": 107, "spa": 105, "spd": 107, "spe": 86}, "stats": {"hp": 216, "atk": 111, "def": 223, "spa": 219, "spd": 223, "spe": 188}, "types": ["Electric", "Water"]}}, {"Ariados": {"name": "Ariados", "species": "Ariados", "speciesId": "ariados", "gender": "F", "shiny": false, "level": 95, "moves": ["stickyweb", "megahorn", "suckerpunch", "poisonjab"], "ability": "Swarm", "evs": {"hp": 85, "atk": 85, "def": 85, "spa": 85, "spd": 85, "spe": 85}, "ivs": {"hp": 31, "atk": 31, "def": 31, "spa": 31, "spd": 31, "spe": 31}, "item": "Focus Sash", "teraType": "Ghost", "role": "Fast Support", "bvs": {"hp": 70, "atk": 90, "def": 70, "spa": 60, "spd": 70, "spe": 40}, "stats": {"hp": 287, "atk": 225, "def": 187, "spa": 168, "spd": 187, "spe": 130}, "types": ["Bug", "Poison"]}, "Tyranitar": {"name": "Tyranitar", "species": "Tyranitar", "speciesId": "tyranitar", "gender": "M", "shiny": false, "level": 78, "moves": ["earthquake", "knockoff", "dragondance", "stoneedge"], "ability": "Sand Stream", "evs": {"hp": 85, "atk": 85, "def": 85, "spa": 85, "spd": 85, "spe": 85}, "ivs": {"hp": 31, "atk": 31, "def": 31, "spa": 31, "spd": 31, "spe": 31}, "item": "Weakness Policy", "teraType": "Rock", "role": "Bulky Setup", "bvs": {"hp": 100, "atk": 134, "def": 110, "spa": 95, "spd": 100, "spe": 61}, "stats": {"hp": 284, "atk": 254, "def": 217, "spa": 193, "spd": 201, "spe": 140}, "types": ["Rock", "Dark"]}, "Gardevoir": {"name": "Gardevoir", "species": "Gardevoir", "speciesId": "gardevoir", "gender": "M", "shiny": false, "level": 83, "moves": ["trick", "focusblast", "moonblast", "psychic"], "ability": "Trace", "evs": {"hp": 85, "atk": 0, "def": 85, "spa": 85, "spd": 85, "spe": 85}, "ivs": {"hp": 31, "atk": 0, "def": 31, "spa": 31, "spd": 31, "spe": 31}, "item": "Choice Scarf", "teraType": "Fighting", "role": "Fast Attacker", "bvs": {"hp": 68, "atk": 65, "def": 65, "spa": 125, "spd": 115, "spe": 80}, "stats": {"hp": 249, "atk": 112, "def": 156, "spa": 255, "spd": 239, "spe": 180}, "types": ["Psychic", "Fairy"]}, "Tinkaton": {"name": "Tinkaton", "species": "Tinkaton", "speciesId": "tinkaton", "gender": "F", "shiny": false, "level": 82, "moves": ["playrough", "gigatonhammer", "thunderwave", "knockoff"], "ability": "Mold Breaker", "evs": {"hp": 85, "atk": 85, "def": 85, "spa": 85, "spd": 85, "spe": 85}, "ivs": {"hp": 31, "atk": 31, "def": 31, "spa": 31, "spd": 31, "spe": 31}, "item": "Leftovers", "teraType": "Water", "role": "Bulky Attacker", "bvs": {"hp": 85, "atk": 75, "def": 77, "spa": 70, "spd": 105, "spe": 94}, "stats": {"hp": 274, "atk": 170, "def": 173, "spa": 162, "spd": 219, "spe": 201}, "types": ["Fairy", "Steel"]}, "Scovillain": {"name": "Scovillain", "species": "Scovillain", "speciesId": "scovillain", "gender": "F", "shiny": false, "level": 91, "moves": ["fireblast", "stompingtantrum", "energyball", "sunnyday"], "ability": "Chlorophyll", "evs": {"hp": 85, "atk": 85, "def": 85, "spa": 85, "spd": 85, "spe": 85}, "ivs": {"hp": 31, "atk": 31, "def": 31, "spa": 31, "spd": 31, "spe": 31}, "item": "Heavy-Duty Boots", "teraType": "Fire", "role": "Wallbreaker", "bvs": {"hp": 65, "atk": 108, "def": 65, "spa": 108, "spd": 65, "spe": 75}, "stats": {"hp": 266, "atk": 248, "def": 170, "spa": 248, "spd": 170, "spe": 188}, "types": ["Grass", "Fire"]}, "Typhlosion": {"name": "Typhlosion", "species": "Typhlosion", "speciesId": "typhlosion", "gender": "F", "shiny": false, "level": 84, "moves": ["fireblast", "focusblast", "scorchingsands", "eruption"], "ability": "Flash Fire", "evs": {"hp": 81, "atk": 0, "def": 85, "spa": 85, "spd": 85, "spe": 85}, "ivs": {"hp": 31, "atk": 0, "def": 31, "spa": 31, "spd": 31, "spe": 31}, "item": "Choice Scarf", "teraType": "Fire", "role": "Fast Attacker", "bvs": {"hp": 78, "atk": 84, "def": 78, "spa": 109, "spd": 85, "spe": 100}, "stats": {"hp": 267, "atk": 146, "def": 179, "spa": 231, "spd": 191, "spe": 216}, "types": ["Fire"]}}]}