{"id": "gen9randombattle-2641643971", "format": "[Gen 9] Random Battle", "players": ["testbotcif", "mauryabhatia007"], "log": "|j|\u2606testbotcif\n|j|\u2606mauryabhatia007\n|t:|1782823933\n|gametype|singles\n|player|p1|testbotcif|266|1255\n|player|p2|mauryabhatia007|102|1251\n|gen|9\n|tier|[Gen 9] Random Battle\n|rated|\n|rule|Species Clause: Limit one of each Pok\u00e9mon\n|rule|HP Percentage Mod: HP is shown in percentages\n|rule|Sleep Clause Mod: Limit one foe put to sleep\n|rule|Illusion Level Mod: Illusion disguises the Pok\u00e9mon's true level\n|\n|t:|1782823933\n|teamsize|p1|6\n|teamsize|p2|6\n|start\n|switch|p1a: Arboliva|Arboliva, L91, F|290/290\n|switch|p2a: Iron Boulder|Iron Boulder, L77|265/265\n|turn|1\n|inactive|Battle timer is ON: inactive players will automatically lose when time's up. (requested by testbotcif)\n|c|\u2606testbotcif|rlhf\n|\n|t:|1782823943\n|-terastallize|p2a: Iron Boulder|Fighting\n|move|p2a: Iron Boulder|Swords Dance|p2a: Iron Boulder\n|-boost|p2a: Iron Boulder|atk|2\n|move|p1a: Arboliva|Energy Ball|p2a: Iron Boulder\n|-damage|p2a: Iron Boulder|142/265\n|-unboost|p2a: Iron Boulder|spd|1\n|\n|upkeep\n|turn|2\n|\n|t:|1782823951\n|move|p2a: Iron Boulder|Close Combat|p1a: Arboliva\n|-supereffective|p1a: Arboliva\n|-damage|p1a: Arboliva|0 fnt\n|-unboost|p2a: Iron Boulder|def|1\n|-unboost|p2a: Iron Boulder|spd|1\n|-fieldstart|move: Grassy Terrain|[from] ability: Seed Sower|[of] p1a: Arboliva\n|faint|p1a: Arboliva\n|-damage|p2a: Iron Boulder|116/265|[from] item: Life Orb\n|\n|-heal|p2a: Iron Boulder|132/265|[from] Grassy Terrain\n|upkeep\n|\n|t:|1782823951\n|switch|p1a: Basculegion|Basculegion, L80, M|323/323\n|turn|3\n|\n|t:|1782823967\n|move|p1a: Basculegion|Aqua Jet|p2a: Iron Boulder\n|-damage|p2a: Iron Boulder|36/265\n|move|p2a: Iron Boulder|Mighty Cleave|p1a: Basculegion\n|-damage|p1a: Basculegion|0 fnt\n|faint|p1a: Basculegion\n|-damage|p2a: Iron Boulder|10/265|[from] item: Life Orb\n|\n|-heal|p2a: Iron Boulder|26/265|[from] Grassy Terrain\n|upkeep\n|\n|t:|1782823967\n|switch|p1a: Lilligant|Lilligant-Hisui, L79, F|240/240\n|turn|4\n|\n|t:|1782823979\n|move|p2a: Iron Boulder|Zen Headbutt|p1a: Lilligant\n|-supereffective|p1a: Lilligant\n|-damage|p1a: Lilligant|0 fnt\n|faint|p1a: Lilligant\n|-damage|p2a: Iron Boulder|0 fnt|[from] item: Life Orb\n|faint|p2a: Iron Boulder\n|-end|p2a: Iron Boulder|Quark Drive|[silent]\n|\n|upkeep\n|\n|t:|1782823989\n|switch|p2a: Zarude|Zarude, L77|288/288\n|switch|p1a: Greedent|Greedent, L86, F|347/347\n|turn|5\n|\n|t:|1782823996\n|move|p2a: Zarude|Swords Dance|p2a: Zarude\n|-boost|p2a: Zarude|atk|2\n|move|p1a: Greedent|Swords Dance|p1a: Greedent\n|-boost|p1a: Greedent|atk|2\n|\n|upkeep\n|turn|6\n|\n|t:|1782824001\n|move|p2a: Zarude|Close Combat|p1a: Greedent\n|-supereffective|p1a: Greedent\n|-damage|p1a: Greedent|0 fnt\n|-unboost|p2a: Zarude|def|1\n|-unboost|p2a: Zarude|spd|1\n|faint|p1a: Greedent\n|-damage|p2a: Zarude|260/288|[from] item: Life Orb\n|\n|-heal|p2a: Zarude|278/288|[from] Grassy Terrain\n|-fieldend|move: Grassy Terrain\n|upkeep\n|\n|t:|1782824001\n|switch|p1a: Dragalge|Dragalge, L88, F|258/258\n|turn|7\n|\n|t:|1782824013\n|move|p2a: Zarude|Knock Off|p1a: Dragalge\n|-damage|p1a: Dragalge|28/258\n|-enditem|p1a: Dragalge|Assault Vest|[from] move: Knock Off|[of] p2a: Zarude\n|-damage|p2a: Zarude|250/288|[from] item: Life Orb\n|move|p1a: Dragalge|Sludge Wave|p2a: Zarude\n|-supereffective|p2a: Zarude\n|-damage|p2a: Zarude|0 fnt\n|faint|p2a: Zarude\n|\n|upkeep\n|\n|t:|1782824022\n|switch|p2a: Copperajah|Copperajah, L86, M|350/350\n|turn|8\n|\n|t:|1782824027\n|move|p1a: Dragalge|Focus Blast|p2a: Copperajah\n|-supereffective|p2a: Copperajah\n|-damage|p2a: Copperajah|114/350\n|-unboost|p2a: Copperajah|spd|1\n|move|p2a: Copperajah|Heavy Slam|p1a: Dragalge\n|-damage|p1a: Dragalge|0 fnt\n|faint|p1a: Dragalge\n|\n|upkeep\n|\n|t:|1782824028\n|switch|p1a: Ampharos|Ampharos, L88, F|302/302\n|turn|9\n|\n|t:|1782824039\n|move|p1a: Ampharos|Thunderbolt|p2a: Copperajah\n|-damage|p2a: Copperajah|0 fnt\n|faint|p2a: Copperajah\n|\n|upkeep\n|\n|t:|1782824044\n|switch|p2a: Hitmontop|Hitmontop, L88, M|231/231\n|-ability|p2a: Hitmontop|Intimidate|boost\n|-unboost|p1a: Ampharos|atk|1\n|turn|10\n|\n|t:|1782824048\n|-terastallize|p1a: Ampharos|Fairy\n|move|p2a: Hitmontop|Earthquake|p1a: Ampharos\n|-damage|p1a: Ampharos|228/302\n|move|p1a: Ampharos|Dazzling Gleam|p2a: Hitmontop\n|-supereffective|p2a: Hitmontop\n|-damage|p2a: Hitmontop|121/231\n|\n|upkeep\n|turn|11\n|\n|t:|1782824062\n|move|p2a: Hitmontop|Earthquake|p1a: Ampharos\n|-damage|p1a: Ampharos|156/302\n|move|p1a: Ampharos|Dazzling Gleam|p2a: Hitmontop\n|-supereffective|p2a: Hitmontop\n|-damage|p2a: Hitmontop|5/231\n|\n|upkeep\n|turn|12\n|\n|t:|1782824069\n|move|p2a: Hitmontop|Earthquake|p1a: Ampharos\n|-damage|p1a: Ampharos|81/302\n|move|p1a: Ampharos|Dazzling Gleam|p2a: Hitmontop\n|-supereffective|p2a: Hitmontop\n|-damage|p2a: Hitmontop|0 fnt\n|faint|p2a: Hitmontop\n|\n|upkeep\n|\n|t:|1782824077\n|switch|p2a: Girafarig|Girafarig, L89, M|269/269\n|turn|13\n|\n|t:|1782824081\n|move|p2a: Girafarig|Psychic|p1a: Ampharos\n|-damage|p1a: Ampharos|14/302\n|move|p1a: Ampharos|Dazzling Gleam|p2a: Girafarig\n|-damage|p2a: Girafarig|187/269\n|\n|upkeep\n|turn|14\n|\n|t:|1782824087\n|move|p2a: Girafarig|Psychic|p1a: Ampharos\n|-damage|p1a: Ampharos|0 fnt\n|faint|p1a: Ampharos\n|\n|win|mauryabhatia007\n|raw|testbotcif's rating: 1255 &rarr; <strong>1230</strong><br />(-25 for losing)\n|raw|mauryabhatia007's rating: 1251 &rarr; <strong>1276</strong><br />(+25 for winning)\n", "inputlog": ">version f8ac14003a5f27e1bdc8d8c59608a773c1cb96e5\n>start {\"formatid\":\"gen9randombattle\",\"seed\":\"sodium,f7e571e625220a94c1ef860d62d0eed7\",\"rated\":\"Rated battle\"}\n>player p1 {\"name\":\"testbotcif\",\"avatar\":\"266\",\"rating\":1255,\"seed\":\"sodium,3a9d72ae1f5219cd32ba4316ccf83c93\"}\n>player p2 {\"name\":\"mauryabhatia007\",\"avatar\":\"102\",\"rating\":1251,\"seed\":\"sodium,6e3eb1546ce73626b0506436e5572fc3\"}\n>chat \u2606testbotcif|rlhf\n>p1 move energyball\n>p2 move swordsdance terastallize\n>p1 move energyball\n>p2 move closecombat\n>p1 switch 6\n>p1 move aquajet\n>p2 move mightycleave\n>p1 switch 2\n>p1 move closecombat\n>p2 move zenheadbutt\n>p1 switch 3\n>p2 switch 6\n>p1 move swordsdance\n>p2 move swordsdance\n>p1 move doubleedge\n>p2 move closecombat\n>p1 switch 4\n>p1 move sludgewave\n>p2 move knockoff\n>p2 switch 5\n>p1 move focusblast\n>p2 move heavyslam\n>p1 switch 5\n>p1 move thunderbolt\n>p2 move heavyslam\n>p2 switch 4\n>p1 move dazzlinggleam terastallize\n>p2 move earthquake\n>p1 move dazzlinggleam\n>p2 move earthquake\n>p1 move dazzlinggleam\n>p2 move earthquake\n>p2 switch 2\n>p1 move dazzlinggleam\n>p2 move psychic\n>p1 move dazzlinggleam\n>p2 move psychic", "uploadtime": 1782824087, "views": 8, "formatid": "gen9randombattle", "rating": 1230, "private": 0, "password": null, "player_dets": [{"name": "testbotcif", "avatar": "266", "rating": 1255, "seed": "sodium,3a9d72ae1f5219cd32ba4316ccf83c93"}, {"name": "mauryabhatia007", "avatar": "102", "rating": 1251, "seed": "sodium,6e3eb1546ce73626b0506436e5572fc3"}], "teams_full": [{"Arboliva": {"name": "Arboliva", "species": "Arboliva", "speciesId": "arboliva", "gender": "F", "shiny": false, "level": 91, "moves": ["strengthsap", "hypervoice", "energyball", "earthpower"], "ability": "Seed Sower", "evs": {"hp": 85, "atk": 0, "def": 85, "spa": 85, "spd": 85, "spe": 85}, "ivs": {"hp": 31, "atk": 0, "def": 31, "spa": 31, "spd": 31, "spe": 31}, "item": "Leftovers", "teraType": "Poison", "role": "Bulky Attacker", "bvs": {"hp": 78, "atk": 69, "def": 90, "spa": 125, "spd": 109, "spe": 39}, "stats": {"hp": 290, "atk": 130, "def": 216, "spa": 279, "spd": 250, "spe": 123}, "types": ["Grass", "Normal"]}, "Lilligant": {"name": "Lilligant", "species": "Lilligant-Hisui", "speciesId": "lilliganthisui", "gender": "F", "shiny": false, "level": 79, "moves": ["closecombat", "victorydance", "sleeppowder", "leafblade"], "ability": "Hustle", "evs": {"hp": 85, "atk": 85, "def": 85, "spa": 85, "spd": 85, "spe": 85}, "ivs": {"hp": 31, "atk": 31, "def": 31, "spa": 31, "spd": 31, "spe": 31}, "item": "Wide Lens", "teraType": "Steel", "role": "Setup Sweeper", "bvs": {"hp": 70, "atk": 105, "def": 75, "spa": 50, "spd": 75, "spe": 105}, "stats": {"hp": 240, "atk": 211, "def": 164, "spa": 125, "spd": 164, "spe": 211}, "types": ["Grass", "Fighting"]}, "Greedent": {"name": "Greedent", "species": "Greedent", "speciesId": "greedent", "gender": "F", "shiny": false, "level": 86, "moves": ["earthquake", "doubleedge", "swordsdance", "knockoff"], "ability": "Cheek Pouch", "evs": {"hp": 85, "atk": 85, "def": 85, "spa": 85, "spd": 85, "spe": 85}, "ivs": {"hp": 31, "atk": 31, "def": 31, "spa": 31, "spd": 31, "spe": 31}, "item": "Sitrus Berry", "teraType": "Ground", "role": "Bulky Setup", "bvs": {"hp": 120, "atk": 95, "def": 95, "spa": 55, "spd": 75, "spe": 20}, "stats": {"hp": 347, "atk": 213, "def": 213, "spa": 144, "spd": 178, "spe": 84}, "types": ["Normal"]}, "Dragalge": {"name": "Dragalge", "species": "Dragalge", "speciesId": "dragalge", "gender": "F", "shiny": false, "level": 88, "moves": ["dragontail", "focusblast", "sludgewave", "dracometeor"], "ability": "Adaptability", "evs": {"hp": 85, "atk": 85, "def": 85, "spa": 85, "spd": 85, "spe": 85}, "ivs": {"hp": 31, "atk": 31, "def": 31, "spa": 31, "spd": 31, "spe": 31}, "item": "Assault Vest", "teraType": "Fighting", "role": "Bulky Attacker", "bvs": {"hp": 65, "atk": 75, "def": 90, "spa": 97, "spd": 123, "spe": 44}, "stats": {"hp": 258, "atk": 182, "def": 209, "spa": 221, "spd": 267, "spe": 128}, "types": ["Poison", "Dragon"]}, "Ampharos": {"name": "Ampharos", "species": "Ampharos", "speciesId": "ampharos", "gender": "F", "shiny": false, "level": 88, "moves": ["dragontail", "dazzlinggleam", "thunderbolt", "voltswitch"], "ability": "Static", "evs": {"hp": 85, "atk": 85, "def": 85, "spa": 85, "spd": 85, "spe": 85}, "ivs": {"hp": 31, "atk": 31, "def": 31, "spa": 31, "spd": 31, "spe": 31}, "item": "Assault Vest", "teraType": "Fairy", "role": "AV Pivot", "bvs": {"hp": 90, "atk": 75, "def": 85, "spa": 115, "spd": 90, "spe": 55}, "stats": {"hp": 302, "atk": 182, "def": 200, "spa": 253, "spd": 209, "spe": 147}, "types": ["Electric"]}, "Basculegion": {"name": "Basculegion", "species": "Basculegion", "speciesId": "basculegion", "gender": "M", "shiny": false, "level": 80, "moves": ["wavecrash", "shadowball", "aquajet", "flipturn"], "ability": "Adaptability", "evs": {"hp": 85, "atk": 85, "def": 85, "spa": 85, "spd": 85, "spe": 85}, "ivs": {"hp": 31, "atk": 31, "def": 31, "spa": 31, "spd": 31, "spe": 31}, "item": "Assault Vest", "teraType": "Water", "role": "AV Pivot", "bvs": {"hp": 120, "atk": 112, "def": 65, "spa": 80, "spd": 75, "spe": 78}, "stats": {"hp": 323, "atk": 225, "def": 150, "spa": 174, "spd": 166, "spe": 171}, "types": ["Water", "Ghost"]}}, {"Iron Boulder": {"name": "Iron Boulder", "species": "Iron Boulder", "speciesId": "ironboulder", "gender": "N", "shiny": false, "level": 77, "moves": ["zenheadbutt", "swordsdance", "closecombat", "mightycleave"], "ability": "Quark Drive", "evs": {"hp": 85, "atk": 85, "def": 85, "spa": 85, "spd": 85, "spe": 85}, "ivs": {"hp": 31, "atk": 31, "def": 31, "spa": 31, "spd": 31, "spe": 31}, "item": "Life Orb", "teraType": "Fighting", "role": "Setup Sweeper", "bvs": {"hp": 90, "atk": 120, "def": 80, "spa": 68, "spd": 108, "spe": 124}, "stats": {"hp": 265, "atk": 229, "def": 168, "spa": 149, "spd": 211, "spe": 236}, "types": ["Rock", "Psychic"]}, "Girafarig": {"name": "Girafarig", "species": "Girafarig", "speciesId": "girafarig", "gender": "M", "shiny": false, "level": 89, "moves": ["shadowball", "dazzlinggleam", "psychic", "nastyplot"], "ability": "Sap Sipper", "evs": {"hp": 85, "atk": 0, "def": 85, "spa": 85, "spd": 85, "spe": 85}, "ivs": {"hp": 31, "atk": 0, "def": 31, "spa": 31, "spd": 31, "spe": 31}, "item": "Eviolite", "teraType": "Fairy", "role": "Bulky Setup", "bvs": {"hp": 70, "atk": 80, "def": 65, "spa": 90, "spd": 65, "spe": 85}, "stats": {"hp": 269, "atk": 147, "def": 166, "spa": 211, "spd": 166, "spe": 202}, "types": ["Normal", "Psychic"]}, "Lanturn": {"name": "Lanturn", "species": "Lanturn", "speciesId": "lanturn", "gender": "F", "shiny": false, "level": 89, "moves": ["icebeam", "thunderbolt", "scald", "thunderwave"], "ability": "Volt Absorb", "evs": {"hp": 85, "atk": 0, "def": 85, "spa": 85, "spd": 85, "spe": 85}, "ivs": {"hp": 31, "atk": 0, "def": 31, "spa": 31, "spd": 31, "spe": 31}, "item": "Leftovers", "teraType": "Flying", "role": "Bulky Attacker", "bvs": {"hp": 125, "atk": 58, "def": 58, "spa": 76, "spd": 76, "spe": 67}, "stats": {"hp": 367, "atk": 108, "def": 154, "spa": 186, "spd": 186, "spe": 170}, "types": ["Water", "Electric"]}, "Hitmontop": {"name": "Hitmontop", "species": "Hitmontop", "speciesId": "hitmontop", "gender": "M", "shiny": false, "level": 88, "moves": ["earthquake", "suckerpunch", "closecombat", "rapidspin"], "ability": "Intimidate", "evs": {"hp": 85, "atk": 85, "def": 85, "spa": 85, "spd": 85, "spe": 85}, "ivs": {"hp": 31, "atk": 31, "def": 31, "spa": 31, "spd": 31, "spe": 31}, "item": "Assault Vest", "teraType": "Steel", "role": "Bulky Support", "bvs": {"hp": 50, "atk": 95, "def": 95, "spa": 35, "spd": 110, "spe": 70}, "stats": {"hp": 231, "atk": 217, "def": 217, "spa": 112, "spd": 244, "spe": 173}, "types": ["Fighting"]}, "Copperajah": {"name": "Copperajah", "species": "Copperajah", "speciesId": "copperajah", "gender": "M", "shiny": false, "level": 86, "moves": ["heavyslam", "superpower", "stoneedge", "heatcrash"], "ability": "Heavy Metal", "evs": {"hp": 85, "atk": 85, "def": 85, "spa": 85, "spd": 85, "spe": 85}, "ivs": {"hp": 31, "atk": 31, "def": 31, "spa": 31, "spd": 31, "spe": 31}, "item": "Choice Band", "teraType": "Flying", "role": "Bulky Attacker", "bvs": {"hp": 122, "atk": 130, "def": 69, "spa": 80, "spd": 69, "spe": 30}, "stats": {"hp": 350, "atk": 273, "def": 168, "spa": 187, "spd": 168, "spe": 101}, "types": ["Steel"]}, "Zarude": {"name": "Zarude", "species": "Zarude", "speciesId": "zarude", "gender": "N", "shiny": false, "level": 77, "moves": ["knockoff", "powerwhip", "swordsdance", "closecombat"], "ability": "Leaf Guard", "evs": {"hp": 85, "atk": 85, "def": 85, "spa": 85, "spd": 85, "spe": 85}, "ivs": {"hp": 31, "atk": 31, "def": 31, "spa": 31, "spd": 31, "spe": 31}, "item": "Life Orb", "teraType": "Grass", "role": "Fast Bulky Setup", "bvs": {"hp": 105, "atk": 120, "def": 105, "spa": 70, "spd": 95, "spe": 105}, "stats": {"hp": 288, "atk": 229, "def": 206, "spa": 152, "spd": 191, "spe": 206}, "types": ["Dark", "Grass"]}}]}