{"id": "gen9randombattle-2641421789", "format": "[Gen 9] Random Battle", "players": ["Bumpydump", "testbotcif"], "log": "|j|\u2606Bumpydump\n|j|\u2606testbotcif\n|t:|1782782328\n|gametype|singles\n|player|p1|Bumpydump|clown|1156\n|player|p2|testbotcif|266|1161\n|gen|9\n|tier|[Gen 9] Random Battle\n|rated|\n|rule|Species Clause: Limit one of each Pok\u00e9mon\n|rule|HP Percentage Mod: HP is shown in percentages\n|rule|Sleep Clause Mod: Limit one foe put to sleep\n|rule|Illusion Level Mod: Illusion disguises the Pok\u00e9mon's true level\n|\n|t:|1782782328\n|teamsize|p1|6\n|teamsize|p2|6\n|start\n|switch|p1a: Dewgong|Dewgong, L94, F|322/322\n|switch|p2a: Great Tusk|Great Tusk, L77|304/304\n|turn|1\n|c|\u2606testbotcif|rlhf\n|inactive|Battle timer is ON: inactive players will automatically lose when time's up. (requested by testbotcif)\n|\n|t:|1782782337\n|-terastallize|p2a: Great Tusk|Ground\n|move|p1a: Dewgong|Flip Turn|p2a: Great Tusk\n|-supereffective|p2a: Great Tusk\n|-damage|p2a: Great Tusk|200/304\n|\n|t:|1782782350\n|switch|p1a: Cacturne|Cacturne, L92, M|278/278|[from] Flip Turn\n|move|p2a: Great Tusk|Close Combat|p1a: Cacturne\n|-supereffective|p1a: Cacturne\n|-damage|p1a: Cacturne|0 fnt\n|-unboost|p2a: Great Tusk|def|1\n|-unboost|p2a: Great Tusk|spd|1\n|faint|p1a: Cacturne\n|\n|upkeep\n|c|\u2606Bumpydump|yikes\n|\n|t:|1782782362\n|switch|p1a: Dewgong|Dewgong, L94, F|322/322\n|turn|2\n|\n|t:|1782782363\n|move|p1a: Dewgong|Surf|p2a: Great Tusk\n|-supereffective|p2a: Great Tusk\n|-damage|p2a: Great Tusk|0 fnt\n|faint|p2a: Great Tusk\n|-end|p2a: Great Tusk|Protosynthesis|[silent]\n|\n|upkeep\n|\n|t:|1782782363\n|switch|p2a: Pawmot|Pawmot, L80, M|243/243\n|turn|3\n|\n|t:|1782782373\n|move|p2a: Pawmot|Close Combat|p1a: Dewgong\n|-supereffective|p1a: Dewgong\n|-damage|p1a: Dewgong|2/322\n|-unboost|p2a: Pawmot|def|1\n|-unboost|p2a: Pawmot|spd|1\n|-damage|p2a: Pawmot|219/243|[from] item: Life Orb\n|move|p1a: Dewgong|Flip Turn|p2a: Pawmot\n|-damage|p2a: Pawmot|98/243\n|\n|t:|1782782384\n|switch|p1a: Probopass|Probopass, L91, F|257/257|[from] Flip Turn\n|\n|upkeep\n|turn|4\n|\n|t:|1782782390\n|-terastallize|p1a: Probopass|Fighting\n|move|p2a: Pawmot|Close Combat|p1a: Probopass\n|-damage|p1a: Probopass|139/257\n|-unboost|p2a: Pawmot|def|1\n|-unboost|p2a: Pawmot|spd|1\n|-damage|p2a: Pawmot|74/243|[from] item: Life Orb\n|move|p1a: Probopass|Iron Defense|p1a: Probopass\n|-boost|p1a: Probopass|def|2\n|\n|upkeep\n|turn|5\n|\n|t:|1782782400\n|move|p2a: Pawmot|Close Combat|p1a: Probopass\n|-damage|p1a: Probopass|79/257\n|-unboost|p2a: Pawmot|def|1\n|-unboost|p2a: Pawmot|spd|1\n|-damage|p2a: Pawmot|50/243|[from] item: Life Orb\n|move|p1a: Probopass|Body Press|p2a: Pawmot\n|-damage|p2a: Pawmot|0 fnt\n|faint|p2a: Pawmot\n|\n|upkeep\n|\n|t:|1782782400\n|switch|p2a: Ludicolo|Ludicolo, L90, M|290/290\n|turn|6\n|\n|t:|1782782410\n|move|p2a: Ludicolo|Giga Drain|p1a: Probopass\n|-damage|p1a: Probopass|15/257\n|-damage|p2a: Ludicolo|261/290|[from] item: Life Orb\n|move|p1a: Probopass|Rest|p1a: Probopass\n|-status|p1a: Probopass|slp|[from] move: Rest\n|-heal|p1a: Probopass|257/257 slp|[silent]\n|-enditem|p1a: Probopass|Chesto Berry|[eat]\n|-curestatus|p1a: Probopass|slp|[msg]\n|\n|upkeep\n|turn|7\n|\n|t:|1782782417\n|move|p2a: Ludicolo|Giga Drain|p1a: Probopass\n|-damage|p1a: Probopass|189/257\n|-heal|p2a: Ludicolo|290/290|[from] drain|[of] p1a: Probopass\n|-damage|p2a: Ludicolo|261/290|[from] item: Life Orb\n|move|p1a: Probopass|Body Press|p2a: Ludicolo\n|-damage|p2a: Ludicolo|0 fnt\n|faint|p2a: Ludicolo\n|\n|upkeep\n|\n|t:|1782782417\n|switch|p2a: Jolteon|Jolteon, L84, F|246/246\n|turn|8\n|\n|t:|1782782424\n|move|p2a: Jolteon|Calm Mind|p2a: Jolteon\n|-boost|p2a: Jolteon|spa|1\n|-boost|p2a: Jolteon|spd|1\n|move|p1a: Probopass|Body Press|p2a: Jolteon\n|-damage|p2a: Jolteon|0 fnt\n|faint|p2a: Jolteon\n|\n|upkeep\n|\n|t:|1782782424\n|switch|p2a: Pelipper|Pelipper, L86, F|243/243\n|-weather|RainDance|[from] ability: Drizzle|[of] p2a: Pelipper\n|turn|9\n|\n|t:|1782782432\n|move|p2a: Pelipper|Hydro Pump|p1a: Probopass\n|-damage|p1a: Probopass|77/257\n|move|p1a: Probopass|Iron Defense|p1a: Probopass\n|-boost|p1a: Probopass|def|2\n|\n|-weather|RainDance|[upkeep]\n|upkeep\n|turn|10\n|\n|t:|1782782445\n|move|p2a: Pelipper|Hydro Pump|p1a: Probopass\n|-crit|p1a: Probopass\n|-damage|p1a: Probopass|0 fnt\n|faint|p1a: Probopass\n|\n|-weather|RainDance|[upkeep]\n|upkeep\n|\n|t:|1782782448\n|switch|p1a: Galvantula|Galvantula, L82, F|249/249\n|turn|11\n|\n|t:|1782782451\n|move|p1a: Galvantula|Thunder|p2a: Pelipper\n|-supereffective|p2a: Pelipper\n|-damage|p2a: Pelipper|0 fnt\n|faint|p2a: Pelipper\n|\n|-weather|RainDance|[upkeep]\n|upkeep\n|\n|t:|1782782451\n|switch|p2a: Corviknight|Corviknight, L80, M|288/288\n|turn|12\n|\n|t:|1782782455\n|move|p1a: Galvantula|Thunder|p2a: Corviknight\n|-supereffective|p2a: Corviknight\n|-damage|p2a: Corviknight|64/288\n|move|p2a: Corviknight|Roost|p2a: Corviknight\n|-heal|p2a: Corviknight|208/288\n|-singleturn|p2a: Corviknight|move: Roost\n|\n|-weather|RainDance|[upkeep]\n|-heal|p2a: Corviknight|226/288|[from] item: Leftovers\n|upkeep\n|turn|13\n|\n|t:|1782782462\n|move|p1a: Galvantula|Sticky Web|p2a: Corviknight\n|-sidestart|p2: testbotcif|move: Sticky Web\n|move|p2a: Corviknight|Roost|p2a: Corviknight\n|-heal|p2a: Corviknight|288/288\n|-singleturn|p2a: Corviknight|move: Roost\n|\n|-weather|none\n|upkeep\n|turn|14\n|\n|t:|1782782466\n|move|p1a: Galvantula|Thunder|p2a: Corviknight\n|-supereffective|p2a: Corviknight\n|-damage|p2a: Corviknight|48/288\n|move|p2a: Corviknight|Brave Bird|p1a: Galvantula\n|-damage|p1a: Galvantula|102/249\n|-damage|p2a: Corviknight|0 fnt|[from] Recoil\n|faint|p2a: Corviknight\n|\n|win|Bumpydump\n|raw|Bumpydump's rating: 1156 &rarr; <strong>1181</strong><br />(+25 for winning)\n|raw|testbotcif's rating: 1161 &rarr; <strong>1136</strong><br />(-25 for losing)\n", "inputlog": ">version f8ac14003a5f27e1bdc8d8c59608a773c1cb96e5\n>start {\"formatid\":\"gen9randombattle\",\"seed\":\"sodium,dcb011e88724bf8bfa8ee022c0d60a14\",\"rated\":\"Rated battle\"}\n>player p1 {\"name\":\"Bumpydump\",\"avatar\":\"clown\",\"rating\":1156,\"seed\":\"sodium,f8b422208f5b1c6153564a893e59bcd2\"}\n>player p2 {\"name\":\"testbotcif\",\"avatar\":\"266\",\"rating\":1161,\"seed\":\"sodium,d09e25c589ed3123eadcd81eb47dc1be\"}\n>chat \u2606testbotcif|rlhf\n>p1 move flipturn\n>p2 move closecombat terastallize\n>p1 switch 3\n>chat \u2606Bumpydump|yikes\n>p1 switch 3\n>p1 move surf\n>p2 move closecombat\n>p2 switch 3\n>p1 move flipturn\n>p2 move closecombat\n>p1 switch 6\n>p1 move irondefense terastallize\n>p2 move closecombat\n>p1 move bodypress\n>p2 move closecombat\n>p2 switch 6\n>p1 move rest\n>p2 move gigadrain\n>p1 move bodypress\n>p2 move gigadrain\n>p2 switch 5\n>p1 move bodypress\n>p2 move calmmind\n>p2 switch 2\n>p1 move irondefense\n>p2 move hydropump\n>p1 move flashcannon\n>p2 move hydropump\n>p1 switch 4\n>p1 move thunder\n>p2 move hydropump\n>p2 switch 4\n>p1 move thunder\n>p2 move roost\n>p1 move stickyweb\n>p2 move roost\n>p1 move thunder\n>p2 move bravebird", "uploadtime": 1782782466, "views": 3, "formatid": "gen9randombattle", "rating": 1136, "private": 0, "password": null, "player_dets": [{"name": "Bumpydump", "avatar": "clown", "rating": 1156, "seed": "sodium,f8b422208f5b1c6153564a893e59bcd2"}, {"name": "testbotcif", "avatar": "266", "rating": 1161, "seed": "sodium,d09e25c589ed3123eadcd81eb47dc1be"}], "teams_full": [{"Dewgong": {"name": "Dewgong", "species": "Dewgong", "speciesId": "dewgong", "gender": "F", "shiny": false, "level": 94, "moves": ["icebeam", "flipturn", "knockoff", "surf"], "ability": "Thick Fat", "evs": {"hp": 85, "atk": 85, "def": 85, "spa": 85, "spd": 85, "spe": 85}, "ivs": {"hp": 31, "atk": 31, "def": 31, "spa": 31, "spd": 31, "spe": 31}, "item": "Assault Vest", "teraType": "Grass", "role": "Bulky Support", "bvs": {"hp": 90, "atk": 70, "def": 80, "spa": 70, "spd": 95, "spe": 70}, "stats": {"hp": 322, "atk": 185, "def": 204, "spa": 185, "spd": 232, "spe": 185}, "types": ["Water", "Ice"]}, "Solgaleo": {"name": "Solgaleo", "species": "Solgaleo", "speciesId": "solgaleo", "gender": "N", "shiny": false, "level": 74, "moves": ["flamecharge", "earthquake", "psychic", "sunsteelstrike"], "ability": "Full Metal Body", "evs": {"hp": 85, "atk": 85, "def": 85, "spa": 85, "spd": 85, "spe": 85}, "ivs": {"hp": 31, "atk": 31, "def": 31, "spa": 31, "spd": 31, "spe": 31}, "item": "Weakness Policy", "teraType": "Ground", "role": "Bulky Setup", "bvs": {"hp": 137, "atk": 137, "def": 107, "spa": 113, "spd": 89, "spe": 97}, "stats": {"hp": 325, "atk": 246, "def": 201, "spa": 210, "spd": 175, "spe": 187}, "types": ["Psychic", "Steel"]}, "Cacturne": {"name": "Cacturne", "species": "Cacturne", "speciesId": "cacturne", "gender": "M", "shiny": false, "level": 92, "moves": ["knockoff", "seedbomb", "swordsdance", "suckerpunch"], "ability": "Water Absorb", "evs": {"hp": 85, "atk": 85, "def": 85, "spa": 85, "spd": 85, "spe": 85}, "ivs": {"hp": 31, "atk": 31, "def": 31, "spa": 31, "spd": 31, "spe": 31}, "item": "Life Orb", "teraType": "Dark", "role": "Setup Sweeper", "bvs": {"hp": 70, "atk": 115, "def": 60, "spa": 115, "spd": 60, "spe": 55}, "stats": {"hp": 278, "atk": 264, "def": 163, "spa": 264, "spd": 163, "spe": 154}, "types": ["Grass", "Dark"]}, "Galvantula": {"name": "Galvantula", "species": "Galvantula", "speciesId": "galvantula", "gender": "F", "shiny": false, "level": 82, "moves": ["energyball", "bugbuzz", "stickyweb", "thunder"], "ability": "Compound Eyes", "evs": {"hp": 85, "atk": 0, "def": 85, "spa": 85, "spd": 85, "spe": 85}, "ivs": {"hp": 31, "atk": 0, "def": 31, "spa": 31, "spd": 31, "spe": 31}, "item": "Heavy-Duty Boots", "teraType": "Electric", "role": "Fast Support", "bvs": {"hp": 70, "atk": 77, "def": 60, "spa": 97, "spd": 60, "spe": 108}, "stats": {"hp": 249, "atk": 131, "def": 146, "spa": 206, "spd": 146, "spe": 224}, "types": ["Bug", "Electric"]}, "Medicham": {"name": "Medicham", "species": "Medicham", "speciesId": "medicham", "gender": "M", "shiny": false, "level": 86, "moves": ["trick", "zenheadbutt", "closecombat", "bulletpunch"], "ability": "Pure Power", "evs": {"hp": 85, "atk": 85, "def": 85, "spa": 85, "spd": 85, "spe": 85}, "ivs": {"hp": 31, "atk": 31, "def": 31, "spa": 31, "spd": 31, "spe": 31}, "item": "Choice Band", "teraType": "Fighting", "role": "Fast Attacker", "bvs": {"hp": 60, "atk": 60, "def": 75, "spa": 60, "spd": 75, "spe": 80}, "stats": {"hp": 243, "atk": 152, "def": 178, "spa": 152, "spd": 178, "spe": 187}, "types": ["Fighting", "Psychic"]}, "Probopass": {"name": "Probopass", "species": "Probopass", "speciesId": "probopass", "gender": "F", "shiny": false, "level": 91, "moves": ["bodypress", "flashcannon", "rest", "irondefense"], "ability": "Magnet Pull", "evs": {"hp": 85, "atk": 0, "def": 85, "spa": 85, "spd": 85, "spe": 85}, "ivs": {"hp": 31, "atk": 0, "def": 31, "spa": 31, "spd": 31, "spe": 31}, "item": "Chesto Berry", "teraType": "Fighting", "role": "Bulky Setup", "bvs": {"hp": 60, "atk": 55, "def": 145, "spa": 75, "spd": 150, "spe": 40}, "stats": {"hp": 257, "atk": 105, "def": 316, "spa": 188, "spd": 325, "spe": 125}, "types": ["Rock", "Steel"]}}, {"Great Tusk": {"name": "Great Tusk", "species": "Great Tusk", "speciesId": "greattusk", "gender": "N", "shiny": false, "level": 77, "moves": ["icespinner", "headlongrush", "rapidspin", "closecombat"], "ability": "Protosynthesis", "evs": {"hp": 85, "atk": 85, "def": 85, "spa": 85, "spd": 85, "spe": 85}, "ivs": {"hp": 31, "atk": 31, "def": 31, "spa": 31, "spd": 31, "spe": 31}, "item": "Assault Vest", "teraType": "Ground", "role": "Bulky Support", "bvs": {"hp": 115, "atk": 131, "def": 131, "spa": 53, "spd": 53, "spe": 87}, "stats": {"hp": 304, "atk": 246, "def": 246, "spa": 126, "spd": 126, "spe": 179}, "types": ["Ground", "Fighting"]}, "Pelipper": {"name": "Pelipper", "species": "Pelipper", "speciesId": "pelipper", "gender": "F", "shiny": false, "level": 86, "moves": ["knockoff", "hydropump", "roost", "hurricane"], "ability": "Drizzle", "evs": {"hp": 85, "atk": 85, "def": 85, "spa": 85, "spd": 85, "spe": 85}, "ivs": {"hp": 31, "atk": 31, "def": 31, "spa": 31, "spd": 31, "spe": 31}, "item": "Heavy-Duty Boots", "teraType": "Ground", "role": "Bulky Attacker", "bvs": {"hp": 60, "atk": 50, "def": 100, "spa": 95, "spd": 70, "spe": 65}, "stats": {"hp": 243, "atk": 135, "def": 221, "spa": 213, "spd": 170, "spe": 161}, "types": ["Water", "Flying"]}, "Pawmot": {"name": "Pawmot", "species": "Pawmot", "speciesId": "pawmot", "gender": "M", "shiny": false, "level": 80, "moves": ["closecombat", "doubleshock", "icepunch", "revivalblessing"], "ability": "Iron Fist", "evs": {"hp": 85, "atk": 85, "def": 85, "spa": 85, "spd": 85, "spe": 85}, "ivs": {"hp": 31, "atk": 31, "def": 31, "spa": 31, "spd": 31, "spe": 31}, "item": "Life Orb", "teraType": "Electric", "role": "Wallbreaker", "bvs": {"hp": 70, "atk": 115, "def": 70, "spa": 70, "spd": 60, "spe": 105}, "stats": {"hp": 243, "atk": 230, "def": 158, "spa": 158, "spd": 142, "spe": 214}, "types": ["Electric", "Fighting"]}, "Corviknight": {"name": "Corviknight", "species": "Corviknight", "speciesId": "corviknight", "gender": "M", "shiny": false, "level": 80, "moves": ["bravebird", "roost", "uturn", "bodypress"], "ability": "Mirror Armor", "evs": {"hp": 85, "atk": 85, "def": 85, "spa": 85, "spd": 85, "spe": 85}, "ivs": {"hp": 31, "atk": 31, "def": 31, "spa": 31, "spd": 31, "spe": 31}, "item": "Leftovers", "teraType": "Dragon", "role": "Bulky Support", "bvs": {"hp": 98, "atk": 87, "def": 105, "spa": 53, "spd": 85, "spe": 67}, "stats": {"hp": 288, "atk": 185, "def": 214, "spa": 131, "spd": 182, "spe": 153}, "types": ["Flying", "Steel"]}, "Jolteon": {"name": "Jolteon", "species": "Jolteon", "speciesId": "jolteon", "gender": "F", "shiny": false, "level": 84, "moves": ["terablast", "substitute", "thunderbolt", "calmmind"], "ability": "Volt Absorb", "evs": {"hp": 85, "atk": 0, "def": 85, "spa": 85, "spd": 85, "spe": 85}, "ivs": {"hp": 31, "atk": 0, "def": 31, "spa": 31, "spd": 31, "spe": 31}, "item": "Leftovers", "teraType": "Ice", "role": "Tera Blast user", "bvs": {"hp": 65, "atk": 65, "def": 60, "spa": 110, "spd": 95, "spe": 130}, "stats": {"hp": 246, "atk": 114, "def": 149, "spa": 233, "spd": 208, "spe": 267}, "types": ["Electric"]}, "Ludicolo": {"name": "Ludicolo", "species": "Ludicolo", "speciesId": "ludicolo", "gender": "M", "shiny": false, "level": 90, "moves": ["raindance", "hydropump", "icebeam", "gigadrain"], "ability": "Swift Swim", "evs": {"hp": 85, "atk": 0, "def": 85, "spa": 85, "spd": 85, "spe": 85}, "ivs": {"hp": 31, "atk": 0, "def": 31, "spa": 31, "spd": 31, "spe": 31}, "item": "Life Orb", "teraType": "Grass", "role": "Setup Sweeper", "bvs": {"hp": 80, "atk": 70, "def": 70, "spa": 90, "spd": 100, "spe": 70}, "stats": {"hp": 290, "atk": 131, "def": 177, "spa": 213, "spd": 231, "spe": 177}, "types": ["Water", "Grass"]}}]}