{"id": "gen9randombattle-2641614172", "format": "[Gen 9] Random Battle", "players": ["testbotcif", "Aggron02"], "log": "|j|\u2606testbotcif\n|j|\u2606Aggron02\n|t:|1782819009\n|gametype|singles\n|player|p1|testbotcif|266|1285\n|player|p2|Aggron02|102|1300\n|gen|9\n|tier|[Gen 9] Random Battle\n|rated|\n|rule|Species Clause: Limit one of each Pok\u00e9mon\n|rule|HP Percentage Mod: HP is shown in percentages\n|rule|Sleep Clause Mod: Limit one foe put to sleep\n|rule|Illusion Level Mod: Illusion disguises the Pok\u00e9mon's true level\n|\n|t:|1782819009\n|teamsize|p1|6\n|teamsize|p2|6\n|start\n|switch|p1a: Latias|Latias, L79, F|256/256\n|switch|p2a: Raikou|Raikou, L81|278/278\n|-ability|p2a: Raikou|Pressure\n|turn|1\n|inactive|Battle timer is ON: inactive players will automatically lose when time's up. (requested by testbotcif)\n|c|\u2606testbotcif|rlhf\n|\n|t:|1782819015\n|move|p2a: Raikou|Calm Mind|p2a: Raikou\n|-boost|p2a: Raikou|spa|1\n|-boost|p2a: Raikou|spd|1\n|move|p1a: Latias|Calm Mind|p1a: Latias\n|-boost|p1a: Latias|spa|1\n|-boost|p1a: Latias|spd|1\n|\n|upkeep\n|turn|2\n|\n|t:|1782819020\n|move|p2a: Raikou|Calm Mind|p2a: Raikou\n|-boost|p2a: Raikou|spa|1\n|-boost|p2a: Raikou|spd|1\n|move|p1a: Latias|Calm Mind|p1a: Latias\n|-boost|p1a: Latias|spa|1\n|-boost|p1a: Latias|spd|1\n|\n|upkeep\n|turn|3\n|\n|t:|1782819024\n|move|p2a: Raikou|Calm Mind|p2a: Raikou\n|-boost|p2a: Raikou|spa|1\n|-boost|p2a: Raikou|spd|1\n|move|p1a: Latias|Psyshock|p2a: Raikou\n|-damage|p2a: Raikou|38/278\n|\n|-heal|p2a: Raikou|55/278|[from] item: Leftovers\n|upkeep\n|turn|4\n|\n|t:|1782819032\n|move|p2a: Raikou|Thunderbolt|p1a: Latias\n|-resisted|p1a: Latias\n|-damage|p1a: Latias|203/256\n|move|p1a: Latias|Psyshock|p2a: Raikou\n|-damage|p2a: Raikou|0 fnt\n|faint|p2a: Raikou\n|\n|upkeep\n|\n|t:|1782819043\n|switch|p2a: Goodra|Goodra, L85, F|292/292\n|turn|5\n|\n|t:|1782819046\n|switch|p2a: Whimsicott|Whimsicott, L84, M|238/238\n|move|p1a: Latias|Draco Meteor|p2a: Whimsicott\n|-immune|p2a: Whimsicott\n|\n|upkeep\n|turn|6\n|\n|t:|1782819050\n|switch|p1a: Bronzong|Bronzong, L88|261/261\n|move|p2a: Whimsicott|Encore||[still]\n|-fail|p2a: Whimsicott\n|\n|upkeep\n|turn|7\n|\n|t:|1782819053\n|move|p2a: Whimsicott|Leech Seed|p1a: Bronzong\n|-start|p1a: Bronzong|move: Leech Seed\n|move|p1a: Bronzong|Stealth Rock|p2a: Whimsicott\n|-sidestart|p2: Aggron02|move: Stealth Rock\n|\n|-damage|p1a: Bronzong|229/261|[from] Leech Seed|[of] p2a: Whimsicott\n|upkeep\n|turn|8\n|\n|t:|1782819057\n|move|p2a: Whimsicott|Substitute|p2a: Whimsicott\n|-start|p2a: Whimsicott|Substitute\n|-damage|p2a: Whimsicott|179/238\n|move|p1a: Bronzong|Iron Head|p2a: Whimsicott\n|-supereffective|p2a: Whimsicott\n|-end|p2a: Whimsicott|Substitute\n|\n|-heal|p2a: Whimsicott|193/238|[from] item: Leftovers\n|-heal|p1a: Bronzong|245/261|[from] item: Leftovers\n|-damage|p1a: Bronzong|213/261|[from] Leech Seed|[of] p2a: Whimsicott\n|-heal|p2a: Whimsicott|225/238|[silent]\n|upkeep\n|turn|9\n|\n|t:|1782819064\n|switch|p2a: Emboar|Emboar, L84, F|322/322\n|-damage|p2a: Emboar|282/322|[from] Stealth Rock\n|move|p1a: Bronzong|Iron Head|p2a: Emboar\n|-resisted|p2a: Emboar\n|-damage|p2a: Emboar|224/322\n|\n|-heal|p2a: Emboar|244/322|[from] item: Leftovers\n|-heal|p1a: Bronzong|229/261|[from] item: Leftovers\n|-damage|p1a: Bronzong|197/261|[from] Leech Seed|[of] p2a: Emboar\n|-heal|p2a: Emboar|276/322|[silent]\n|upkeep\n|turn|10\n|\n|t:|1782819071\n|-terastallize|p1a: Bronzong|Water\n|move|p2a: Emboar|Trailblaze|p1a: Bronzong\n|-supereffective|p1a: Bronzong\n|-damage|p1a: Bronzong|133/261\n|-boost|p2a: Emboar|spe|1\n|move|p1a: Bronzong|Psychic Noise|p2a: Emboar\n|-supereffective|p2a: Emboar\n|-crit|p2a: Emboar\n|-damage|p2a: Emboar|0 fnt\n|faint|p2a: Emboar\n|\n|-heal|p1a: Bronzong|149/261|[from] item: Leftovers\n|upkeep\n|\n|t:|1782819085\n|switch|p2a: Serperior|Serperior, L79, M|248/248\n|-damage|p2a: Serperior|217/248|[from] Stealth Rock\n|turn|11\n|\n|t:|1782819089\n|move|p2a: Serperior|Leaf Storm|p1a: Bronzong\n|-supereffective|p1a: Bronzong\n|-damage|p1a: Bronzong|0 fnt\n|-boost|p2a: Serperior|spa|2\n|faint|p1a: Bronzong\n|-damage|p2a: Serperior|193/248|[from] item: Life Orb\n|\n|upkeep\n|\n|t:|1782819089\n|switch|p1a: Latias|Latias, L79, F|203/256\n|turn|12\n|\n|t:|1782819094\n|move|p2a: Serperior|Glare|p1a: Latias\n|-status|p1a: Latias|par\n|move|p1a: Latias|Draco Meteor|p2a: Serperior\n|-damage|p2a: Serperior|33/248\n|-unboost|p1a: Latias|spa|2\n|\n|upkeep\n|turn|13\n|\n|t:|1782819100\n|move|p2a: Serperior|Synthesis|p2a: Serperior\n|-heal|p2a: Serperior|157/248\n|move|p1a: Latias|Psyshock|p2a: Serperior\n|-damage|p2a: Serperior|105/248\n|\n|upkeep\n|turn|14\n|\n|t:|1782819105\n|move|p2a: Serperior|Synthesis|p2a: Serperior\n|-heal|p2a: Serperior|229/248\n|move|p1a: Latias|Psyshock|p2a: Serperior\n|-crit|p2a: Serperior\n|-damage|p2a: Serperior|73/248\n|\n|upkeep\n|turn|15\n|\n|t:|1782819109\n|move|p2a: Serperior|Synthesis|p2a: Serperior\n|-heal|p2a: Serperior|197/248\n|move|p1a: Latias|Psyshock|p2a: Serperior\n|-damage|p2a: Serperior|143/248\n|\n|upkeep\n|turn|16\n|\n|t:|1782819115\n|move|p2a: Serperior|Leaf Storm|p1a: Latias\n|-resisted|p1a: Latias\n|-damage|p1a: Latias|96/256 par\n|-boost|p2a: Serperior|spa|2\n|-damage|p2a: Serperior|119/248|[from] item: Life Orb\n|cant|p1a: Latias|par\n|\n|upkeep\n|turn|17\n|\n|t:|1782819122\n|move|p2a: Serperior|Synthesis|p2a: Serperior\n|-heal|p2a: Serperior|243/248\n|cant|p1a: Latias|par\n|\n|upkeep\n|turn|18\n|\n|t:|1782819126\n|move|p2a: Serperior|Leaf Storm|p1a: Latias\n|-resisted|p1a: Latias\n|-damage|p1a: Latias|0 fnt\n|-boost|p2a: Serperior|spa|2\n|faint|p1a: Latias\n|-damage|p2a: Serperior|219/248|[from] item: Life Orb\n|\n|upkeep\n|\n|t:|1782819127\n|switch|p1a: Comfey|Comfey, L85, M|225/225\n|turn|19\n|\n|t:|1782819130\n|move|p2a: Serperior|Tera Blast|p1a: Comfey\n|-damage|p1a: Comfey|56/225\n|-damage|p2a: Serperior|195/248|[from] item: Life Orb\n|move|p1a: Comfey|Calm Mind|p1a: Comfey\n|-boost|p1a: Comfey|spa|1\n|-boost|p1a: Comfey|spd|1\n|\n|-heal|p1a: Comfey|70/225|[from] item: Leftovers\n|upkeep\n|turn|20\n|\n|t:|1782819133\n|move|p1a: Comfey|Draining Kiss|p2a: Serperior\n|-damage|p2a: Serperior|116/248\n|-heal|p1a: Comfey|129/225|[from] drain|[of] p2a: Serperior\n|move|p2a: Serperior|Leaf Storm|p1a: Comfey\n|-damage|p1a: Comfey|0 fnt\n|faint|p1a: Comfey\n|-damage|p2a: Serperior|92/248|[from] item: Life Orb\n|\n|upkeep\n|\n|t:|1782819134\n|switch|p1a: Sunflora|Sunflora, F|312/312\n|turn|21\n|\n|t:|1782819137\n|move|p2a: Serperior|Leaf Storm|p1a: Sunflora\n|-resisted|p1a: Sunflora\n|-damage|p1a: Sunflora|101/312\n|-damage|p2a: Serperior|68/248|[from] item: Life Orb\n|move|p1a: Sunflora|Weather Ball|p2a: Serperior\n|-damage|p2a: Serperior|0 fnt\n|faint|p2a: Serperior\n|-damage|p1a: Sunflora|70/312|[from] item: Life Orb\n|\n|upkeep\n|\n|t:|1782819146\n|switch|p2a: Whimsicott|Whimsicott, L84, M|225/238\n|-damage|p2a: Whimsicott|196/238|[from] Stealth Rock\n|turn|22\n|\n|t:|1782819147\n|move|p2a: Whimsicott|Moonblast|p1a: Sunflora\n|-damage|p1a: Sunflora|0 fnt\n|faint|p1a: Sunflora\n|\n|-heal|p2a: Whimsicott|210/238|[from] item: Leftovers\n|upkeep\n|\n|t:|1782819147\n|switch|p1a: Pikachu|Pikachu-Hoenn, L93, F|216/216\n|turn|23\n|\n|t:|1782819161\n|move|p2a: Whimsicott|Leech Seed|p1a: Pikachu\n|-start|p1a: Pikachu|move: Leech Seed\n|move|p1a: Pikachu|Play Rough|p2a: Whimsicott\n|-damage|p2a: Whimsicott|109/238\n|\n|-heal|p2a: Whimsicott|123/238|[from] item: Leftovers\n|-damage|p1a: Pikachu|189/216|[from] Leech Seed|[of] p2a: Whimsicott\n|-heal|p2a: Whimsicott|150/238|[silent]\n|upkeep\n|turn|24\n|\n|t:|1782819167\n|move|p2a: Whimsicott|Substitute|p2a: Whimsicott\n|-start|p2a: Whimsicott|Substitute\n|-damage|p2a: Whimsicott|91/238\n|move|p1a: Pikachu|Play Rough|p2a: Whimsicott\n|-end|p2a: Whimsicott|Substitute\n|\n|-heal|p2a: Whimsicott|105/238|[from] item: Leftovers\n|-damage|p1a: Pikachu|162/216|[from] Leech Seed|[of] p2a: Whimsicott\n|-heal|p2a: Whimsicott|132/238|[silent]\n|upkeep\n|turn|25\n|\n|t:|1782819173\n|move|p2a: Whimsicott|Substitute|p2a: Whimsicott\n|-start|p2a: Whimsicott|Substitute\n|-damage|p2a: Whimsicott|73/238\n|move|p1a: Pikachu|Play Rough|p2a: Whimsicott\n|-end|p2a: Whimsicott|Substitute\n|\n|-heal|p2a: Whimsicott|87/238|[from] item: Leftovers\n|-damage|p1a: Pikachu|135/216|[from] Leech Seed|[of] p2a: Whimsicott\n|-heal|p2a: Whimsicott|114/238|[silent]\n|upkeep\n|turn|26\n|\n|t:|1782819178\n|move|p2a: Whimsicott|Substitute|p2a: Whimsicott\n|-start|p2a: Whimsicott|Substitute\n|-damage|p2a: Whimsicott|55/238\n|move|p1a: Pikachu|Play Rough|p2a: Whimsicott\n|-end|p2a: Whimsicott|Substitute\n|\n|-heal|p2a: Whimsicott|69/238|[from] item: Leftovers\n|-damage|p1a: Pikachu|108/216|[from] Leech Seed|[of] p2a: Whimsicott\n|-heal|p2a: Whimsicott|96/238|[silent]\n|upkeep\n|turn|27\n|\n|t:|1782819185\n|move|p2a: Whimsicott|Substitute|p2a: Whimsicott\n|-start|p2a: Whimsicott|Substitute\n|-damage|p2a: Whimsicott|37/238\n|move|p1a: Pikachu|Play Rough|p2a: Whimsicott\n|-end|p2a: Whimsicott|Substitute\n|\n|-heal|p2a: Whimsicott|51/238|[from] item: Leftovers\n|-damage|p1a: Pikachu|81/216|[from] Leech Seed|[of] p2a: Whimsicott\n|-heal|p2a: Whimsicott|78/238|[silent]\n|upkeep\n|turn|28\n|\n|t:|1782819190\n|move|p2a: Whimsicott|Moonblast|p1a: Pikachu\n|-damage|p1a: Pikachu|0 fnt\n|faint|p1a: Pikachu\n|\n|-heal|p2a: Whimsicott|92/238|[from] item: Leftovers\n|upkeep\n|\n|t:|1782819190\n|switch|p1a: Floatzel|Floatzel, L86, F|286/286\n|turn|29\n|\n|t:|1782819197\n|move|p2a: Whimsicott|Substitute|p2a: Whimsicott\n|-start|p2a: Whimsicott|Substitute\n|-damage|p2a: Whimsicott|33/238\n|move|p1a: Floatzel|Ice Spinner|p2a: Whimsicott\n|-supereffective|p2a: Whimsicott\n|-end|p2a: Whimsicott|Substitute\n|\n|-heal|p2a: Whimsicott|47/238|[from] item: Leftovers\n|upkeep\n|turn|30\n|\n|t:|1782819202\n|move|p2a: Whimsicott|Leech Seed|p1a: Floatzel\n|-start|p1a: Floatzel|move: Leech Seed\n|move|p1a: Floatzel|Ice Spinner|p2a: Whimsicott\n|-supereffective|p2a: Whimsicott\n|-damage|p2a: Whimsicott|0 fnt\n|faint|p2a: Whimsicott\n|\n|upkeep\n|\n|t:|1782819206\n|switch|p2a: Goodra|Goodra, L85, F|292/292\n|-damage|p2a: Goodra|256/292|[from] Stealth Rock\n|turn|31\n|\n|t:|1782819209\n|move|p1a: Floatzel|Ice Spinner|p2a: Goodra\n|-supereffective|p2a: Goodra\n|-damage|p2a: Goodra|34/292\n|move|p2a: Goodra|Power Whip|p1a: Floatzel\n|-supereffective|p1a: Floatzel\n|-damage|p1a: Floatzel|28/286\n|\n|-damage|p1a: Floatzel|0 fnt|[from] Leech Seed|[of] p2a: Goodra\n|-heal|p2a: Goodra|62/292|[silent]\n|faint|p1a: Floatzel\n|\n|win|Aggron02\n|raw|testbotcif's rating: 1285 &rarr; <strong>1261</strong><br />(-24 for losing)\n|raw|Aggron02's rating: 1300 &rarr; <strong>1324</strong><br />(+24 for winning)\n", "inputlog": ">version f8ac14003a5f27e1bdc8d8c59608a773c1cb96e5\n>start {\"formatid\":\"gen9randombattle\",\"seed\":\"sodium,7c340943f0cb39d8ede59ba8e79f597e\",\"rated\":\"Rated battle\"}\n>player p1 {\"name\":\"testbotcif\",\"avatar\":\"266\",\"rating\":1285,\"seed\":\"sodium,e818d9f5446eee5366683d40be7cc6eb\"}\n>player p2 {\"name\":\"Aggron02\",\"avatar\":\"102\",\"rating\":1300,\"seed\":\"sodium,5d950d5d4d66ecd875de21cb12fb4015\"}\n>chat \u2606testbotcif|rlhf\n>p1 move calmmind\n>p2 move calmmind\n>p1 move calmmind\n>p2 move calmmind\n>p1 move psyshock\n>p2 move calmmind\n>p1 move psyshock\n>p2 move thunderbolt\n>p2 switch 4\n>p1 move dracometeor\n>p2 switch 5\n>p1 switch 2\n>p2 move encore\n>p1 move stealthrock\n>p2 move leechseed\n>p1 move ironhead\n>p2 move substitute\n>p1 move ironhead\n>p2 switch 2\n>p1 move psychicnoise terastallize\n>p2 move trailblaze\n>p2 switch 6\n>p1 move ironhead\n>p2 move leafstorm\n>p1 switch 2\n>p1 move dracometeor\n>p2 move glare\n>p1 move psyshock\n>p2 move synthesis\n>p1 move psyshock\n>p2 move synthesis\n>p1 move psyshock\n>p2 move synthesis\n>p1 move psyshock\n>p2 move leafstorm\n>p1 move psyshock\n>p2 move synthesis\n>p1 move psyshock\n>p2 move leafstorm\n>p1 switch 5\n>p1 move calmmind\n>p2 move terablast\n>p1 move drainingkiss\n>p2 move leafstorm\n>p1 switch 3\n>p1 move weatherball\n>p2 move leafstorm\n>p2 switch 2\n>p1 move sunnyday\n>p2 move moonblast\n>p1 switch 4\n>p1 move playrough\n>p2 move leechseed\n>p1 move playrough\n>p2 move substitute\n>p1 move playrough\n>p2 move substitute\n>p1 move playrough\n>p2 move substitute\n>p1 move playrough\n>p2 move substitute\n>p1 move playrough\n>p2 move moonblast\n>p1 switch 6\n>p1 move icespinner\n>p2 move substitute\n>p1 move icespinner\n>p2 move leechseed\n>p2 switch 5\n>p1 move icespinner\n>p2 move powerwhip", "uploadtime": 1782819209, "views": 4, "formatid": "gen9randombattle", "rating": 1261, "private": 0, "password": null, "player_dets": [{"name": "testbotcif", "avatar": "266", "rating": 1285, "seed": "sodium,e818d9f5446eee5366683d40be7cc6eb"}, {"name": "Aggron02", "avatar": "102", "rating": 1300, "seed": "sodium,5d950d5d4d66ecd875de21cb12fb4015"}], "teams_full": [{"Latias": {"name": "Latias", "species": "Latias", "speciesId": "latias", "gender": "F", "shiny": false, "level": 79, "moves": ["psyshock", "calmmind", "dracometeor", "recover"], "ability": "Levitate", "evs": {"hp": 85, "atk": 0, "def": 85, "spa": 85, "spd": 85, "spe": 85}, "ivs": {"hp": 31, "atk": 0, "def": 31, "spa": 31, "spd": 31, "spe": 31}, "item": "Soul Dew", "teraType": "Steel", "role": "Fast Bulky Setup", "bvs": {"hp": 80, "atk": 80, "def": 90, "spa": 110, "spd": 130, "spe": 110}, "stats": {"hp": 256, "atk": 131, "def": 188, "spa": 219, "spd": 251, "spe": 219}, "types": ["Dragon", "Psychic"]}, "Bronzong": {"name": "Bronzong", "species": "Bronzong", "speciesId": "bronzong", "gender": "N", "shiny": false, "level": 88, "moves": ["psychicnoise", "stealthrock", "ironhead", "earthquake"], "ability": "Levitate", "evs": {"hp": 85, "atk": 85, "def": 85, "spa": 85, "spd": 85, "spe": 85}, "ivs": {"hp": 31, "atk": 31, "def": 31, "spa": 31, "spd": 31, "spe": 31}, "item": "Leftovers", "teraType": "Water", "role": "Bulky Support", "bvs": {"hp": 67, "atk": 89, "def": 116, "spa": 79, "spd": 116, "spe": 33}, "stats": {"hp": 261, "atk": 207, "def": 254, "spa": 189, "spd": 254, "spe": 108}, "types": ["Steel", "Psychic"]}, "Sunflora": {"name": "Sunflora", "species": "Sunflora", "speciesId": "sunflora", "gender": "F", "shiny": false, "level": 100, "moves": ["sunnyday", "solarbeam", "earthpower", "weatherball"], "ability": "Chlorophyll", "evs": {"hp": 85, "atk": 0, "def": 85, "spa": 85, "spd": 85, "spe": 85}, "ivs": {"hp": 31, "atk": 0, "def": 31, "spa": 31, "spd": 31, "spe": 31}, "item": "Life Orb", "teraType": "Fire", "role": "Setup Sweeper", "bvs": {"hp": 75, "atk": 75, "def": 55, "spa": 105, "spd": 85, "spe": 30}, "stats": {"hp": 312, "atk": 155, "def": 167, "spa": 267, "spd": 227, "spe": 117}, "types": ["Grass"]}, "Pikachu": {"name": "Pikachu", "species": "Pikachu-Hoenn", "speciesId": "pikachu", "gender": "F", "shiny": false, "level": 93, "moves": ["playrough", "knockoff", "surf", "volttackle"], "ability": "Lightning Rod", "evs": {"hp": 85, "atk": 85, "def": 85, "spa": 85, "spd": 85, "spe": 85}, "ivs": {"hp": 31, "atk": 31, "def": 31, "spa": 31, "spd": 31, "spe": 31}, "item": "Light Ball", "teraType": "Water", "role": "Fast Attacker", "bvs": {"hp": 35, "atk": 55, "def": 40, "spa": 50, "spd": 50, "spe": 90}, "stats": {"hp": 216, "atk": 155, "def": 127, "spa": 146, "spd": 146, "spe": 220}, "types": ["Electric"]}, "Comfey": {"name": "Comfey", "species": "Comfey", "speciesId": "comfey", "gender": "M", "shiny": false, "level": 85, "moves": ["calmmind", "gigadrain", "terablast", "drainingkiss"], "ability": "Triage", "evs": {"hp": 85, "atk": 0, "def": 85, "spa": 85, "spd": 85, "spe": 85}, "ivs": {"hp": 31, "atk": 0, "def": 31, "spa": 31, "spd": 31, "spe": 31}, "item": "Leftovers", "teraType": "Ground", "role": "Tera Blast user", "bvs": {"hp": 51, "atk": 52, "def": 90, "spa": 82, "spd": 110, "spe": 100}, "stats": {"hp": 225, "atk": 93, "def": 202, "spa": 188, "spd": 236, "spe": 219}, "types": ["Fairy"]}, "Floatzel": {"name": "Floatzel", "species": "Floatzel", "speciesId": "floatzel", "gender": "F", "shiny": false, "level": 86, "moves": ["flipturn", "icespinner", "wavecrash", "crunch"], "ability": "Water Veil", "evs": {"hp": 85, "atk": 85, "def": 85, "spa": 85, "spd": 85, "spe": 85}, "ivs": {"hp": 31, "atk": 31, "def": 31, "spa": 31, "spd": 31, "spe": 31}, "item": "Choice Band", "teraType": "Water", "role": "Wallbreaker", "bvs": {"hp": 85, "atk": 105, "def": 55, "spa": 85, "spd": 50, "spe": 115}, "stats": {"hp": 286, "atk": 230, "def": 144, "spa": 195, "spd": 135, "spe": 247}, "types": ["Water"]}}, {"Raikou": {"name": "Raikou", "species": "Raikou", "speciesId": "raikou", "gender": "N", "shiny": false, "level": 81, "moves": ["thunderbolt", "scald", "calmmind", "substitute"], "ability": "Pressure", "evs": {"hp": 85, "atk": 0, "def": 85, "spa": 85, "spd": 85, "spe": 85}, "ivs": {"hp": 31, "atk": 0, "def": 31, "spa": 31, "spd": 31, "spe": 31}, "item": "Leftovers", "teraType": "Grass", "role": "Bulky Setup", "bvs": {"hp": 90, "atk": 85, "def": 75, "spa": 115, "spd": 100, "spe": 115}, "stats": {"hp": 278, "atk": 142, "def": 168, "spa": 233, "spd": 209, "spe": 233}, "types": ["Electric"]}, "Emboar": {"name": "Emboar", "species": "Emboar", "speciesId": "emboar", "gender": "F", "shiny": false, "level": 84, "moves": ["drainpunch", "bulkup", "flareblitz", "trailblaze"], "ability": "Reckless", "evs": {"hp": 85, "atk": 85, "def": 85, "spa": 85, "spd": 85, "spe": 85}, "ivs": {"hp": 31, "atk": 31, "def": 31, "spa": 31, "spd": 31, "spe": 31}, "item": "Leftovers", "teraType": "Grass", "role": "Bulky Setup", "bvs": {"hp": 110, "atk": 123, "def": 65, "spa": 100, "spd": 65, "spe": 65}, "stats": {"hp": 322, "atk": 255, "def": 157, "spa": 216, "spd": 157, "spe": 157}, "types": ["Fire", "Fighting"]}, "Pawmot": {"name": "Pawmot", "species": "Pawmot", "speciesId": "pawmot", "gender": "M", "shiny": false, "level": 80, "moves": ["closecombat", "revivalblessing", "icepunch", "doubleshock"], "ability": "Iron Fist", "evs": {"hp": 85, "atk": 85, "def": 85, "spa": 85, "spd": 85, "spe": 85}, "ivs": {"hp": 31, "atk": 31, "def": 31, "spa": 31, "spd": 31, "spe": 31}, "item": "Life Orb", "teraType": "Electric", "role": "Wallbreaker", "bvs": {"hp": 70, "atk": 115, "def": 70, "spa": 70, "spd": 60, "spe": 105}, "stats": {"hp": 243, "atk": 230, "def": 158, "spa": 158, "spd": 142, "spe": 214}, "types": ["Electric", "Fighting"]}, "Goodra": {"name": "Goodra", "species": "Goodra", "speciesId": "goodra", "gender": "F", "shiny": false, "level": 85, "moves": ["dracometeor", "scald", "powerwhip", "earthquake"], "ability": "Sap Sipper", "evs": {"hp": 85, "atk": 85, "def": 85, "spa": 85, "spd": 85, "spe": 85}, "ivs": {"hp": 31, "atk": 31, "def": 31, "spa": 31, "spd": 31, "spe": 31}, "item": "Assault Vest", "teraType": "Water", "role": "AV Pivot", "bvs": {"hp": 90, "atk": 100, "def": 70, "spa": 110, "spd": 150, "spe": 80}, "stats": {"hp": 292, "atk": 219, "def": 168, "spa": 236, "spd": 304, "spe": 185}, "types": ["Dragon"]}, "Whimsicott": {"name": "Whimsicott", "species": "Whimsicott", "speciesId": "whimsicott", "gender": "M", "shiny": false, "level": 84, "moves": ["substitute", "encore", "leechseed", "moonblast"], "ability": "Prankster", "evs": {"hp": 85, "atk": 0, "def": 85, "spa": 85, "spd": 85, "spe": 85}, "ivs": {"hp": 31, "atk": 0, "def": 31, "spa": 31, "spd": 31, "spe": 31}, "item": "Leftovers", "teraType": "Steel", "role": "Bulky Support", "bvs": {"hp": 60, "atk": 67, "def": 85, "spa": 77, "spd": 75, "spe": 116}, "stats": {"hp": 238, "atk": 117, "def": 191, "spa": 178, "spd": 174, "spe": 243}, "types": ["Grass", "Fairy"]}, "Serperior": {"name": "Serperior", "species": "Serperior", "speciesId": "serperior", "gender": "M", "shiny": false, "level": 79, "moves": ["terablast", "leafstorm", "synthesis", "glare"], "ability": "Contrary", "evs": {"hp": 85, "atk": 85, "def": 85, "spa": 85, "spd": 85, "spe": 85}, "ivs": {"hp": 31, "atk": 31, "def": 31, "spa": 31, "spd": 31, "spe": 31}, "item": "Life Orb", "teraType": "Rock", "role": "Tera Blast user", "bvs": {"hp": 75, "atk": 75, "def": 95, "spa": 75, "spd": 95, "spe": 113}, "stats": {"hp": 248, "atk": 164, "def": 196, "spa": 164, "spd": 196, "spe": 224}, "types": ["Grass"]}}]}