{"id": "gen9randombattle-2641616301", "format": "[Gen 9] Random Battle", "players": ["hazzamataza", "deepSeas"], "log": "|j|\u2606hazzamataza\n|j|\u2606deepSeas\n|t:|1782819394\n|gametype|singles\n|player|p1|hazzamataza|101|1272\n|player|p2|deepSeas|101|1301\n|gen|9\n|tier|[Gen 9] Random Battle\n|rated|\n|rule|Species Clause: Limit one of each Pok\u00e9mon\n|rule|HP Percentage Mod: HP is shown in percentages\n|rule|Sleep Clause Mod: Limit one foe put to sleep\n|rule|Illusion Level Mod: Illusion disguises the Pok\u00e9mon's true level\n|\n|t:|1782819394\n|teamsize|p1|6\n|teamsize|p2|6\n|start\n|switch|p1a: Azumarill|Azumarill, L82, M|298/298\n|switch|p2a: Dachsbun|Dachsbun, L92, F|254/254\n|turn|1\n|\n|t:|1782819429\n|move|p2a: Dachsbun|Play Rough|p1a: Azumarill\n|-damage|p1a: Azumarill|187/298\n|-unboost|p1a: Azumarill|atk|1\n|move|p1a: Azumarill|Belly Drum|p1a: Azumarill\n|-damage|p1a: Azumarill|38/298\n|-setboost|p1a: Azumarill|atk|6|[from] move: Belly Drum\n|-enditem|p1a: Azumarill|Sitrus Berry|[eat]\n|-heal|p1a: Azumarill|112/298|[from] item: Sitrus Berry\n|\n|upkeep\n|turn|2\n|\n|t:|1782819439\n|move|p1a: Azumarill|Aqua Jet|p2a: Dachsbun\n|-damage|p2a: Dachsbun|104/254\n|move|p2a: Dachsbun|Play Rough|p1a: Azumarill\n|-damage|p1a: Azumarill|0 fnt\n|faint|p1a: Azumarill\n|\n|-heal|p2a: Dachsbun|119/254|[from] item: Leftovers\n|upkeep\n|\n|t:|1782819452\n|switch|p1a: Perrserker|Perrserker, L89, M|269/269\n|turn|3\n|\n|t:|1782819457\n|move|p2a: Dachsbun|Body Press|p1a: Perrserker\n|-supereffective|p1a: Perrserker\n|-damage|p1a: Perrserker|147/269\n|move|p1a: Perrserker|Iron Head|p2a: Dachsbun\n|-supereffective|p2a: Dachsbun\n|-damage|p2a: Dachsbun|0 fnt\n|faint|p2a: Dachsbun\n|\n|upkeep\n|\n|t:|1782819462\n|switch|p2a: Gastrodon|Gastrodon, L86, M|331/331\n|turn|4\n|\n|t:|1782819468\n|switch|p1a: Wo-Chien|Wo-Chien, L83|277/277\n|-ability|p1a: Wo-Chien|Tablets of Ruin\n|move|p2a: Gastrodon|Spikes|p1a: Wo-Chien\n|-sidestart|p1: hazzamataza|Spikes\n|\n|upkeep\n|turn|5\n|\n|t:|1782819477\n|switch|p2a: Iron Jugulis|Iron Jugulis, L77|271/271\n|move|p1a: Wo-Chien|Giga Drain|p2a: Iron Jugulis\n|-resisted|p2a: Iron Jugulis\n|-damage|p2a: Iron Jugulis|224/271\n|\n|upkeep\n|turn|6\n|\n|t:|1782819484\n|move|p2a: Iron Jugulis|Hurricane|p1a: Wo-Chien|[miss]\n|-miss|p2a: Iron Jugulis|p1a: Wo-Chien\n|move|p1a: Wo-Chien|Leech Seed|p2a: Iron Jugulis\n|-start|p2a: Iron Jugulis|move: Leech Seed\n|\n|-damage|p2a: Iron Jugulis|191/271|[from] Leech Seed|[of] p1a: Wo-Chien\n|upkeep\n|turn|7\n|\n|t:|1782819491\n|move|p2a: Iron Jugulis|Meteor Beam||[still]\n|-prepare|p2a: Iron Jugulis|Meteor Beam\n|-boost|p2a: Iron Jugulis|spa|1\n|-enditem|p2a: Iron Jugulis|Power Herb\n|-anim|p2a: Iron Jugulis|Meteor Beam|p1a: Wo-Chien\n|-damage|p1a: Wo-Chien|189/277\n|move|p1a: Wo-Chien|Knock Off|p2a: Iron Jugulis\n|-resisted|p2a: Iron Jugulis\n|-damage|p2a: Iron Jugulis|154/271\n|\n|-heal|p1a: Wo-Chien|206/277|[from] item: Leftovers\n|-damage|p2a: Iron Jugulis|121/271|[from] Leech Seed|[of] p1a: Wo-Chien\n|-heal|p1a: Wo-Chien|239/277|[silent]\n|upkeep\n|turn|8\n|\n|t:|1782819503\n|move|p2a: Iron Jugulis|Hurricane|p1a: Wo-Chien\n|-supereffective|p1a: Wo-Chien\n|-damage|p1a: Wo-Chien|0 fnt\n|faint|p1a: Wo-Chien\n|\n|upkeep\n|\n|t:|1782819518\n|switch|p1a: Sandy Shocks|Sandy Shocks, L80|267/267\n|turn|9\n|\n|t:|1782819523\n|move|p2a: Iron Jugulis|Earth Power|p1a: Sandy Shocks\n|-supereffective|p1a: Sandy Shocks\n|-damage|p1a: Sandy Shocks|67/267\n|move|p1a: Sandy Shocks|Volt Switch|p2a: Iron Jugulis\n|-supereffective|p2a: Iron Jugulis\n|-damage|p2a: Iron Jugulis|0 fnt\n|faint|p2a: Iron Jugulis\n|-end|p2a: Iron Jugulis|Quark Drive|[silent]\n|\n|t:|1782819533\n|-end|p1a: Sandy Shocks|Protosynthesis|[silent]\n|switch|p1a: Basculegion|Basculegion-F, L83, F|335/335|[from] Volt Switch\n|-damage|p1a: Basculegion|294/335|[from] Spikes\n|\n|upkeep\n|\n|t:|1782819542\n|switch|p2a: Kingdra|Kingdra, L84, F|263/263\n|turn|10\n|\n|t:|1782819551\n|move|p2a: Kingdra|Rain Dance|p2a: Kingdra\n|-weather|RainDance\n|move|p1a: Basculegion|Shadow Ball|p2a: Kingdra\n|-damage|p2a: Kingdra|101/263\n|-unboost|p2a: Kingdra|spd|1\n|\n|-weather|RainDance|[upkeep]\n|upkeep\n|turn|11\n|\n|t:|1782819563\n|move|p2a: Kingdra|Draco Meteor|p1a: Basculegion\n|-damage|p1a: Basculegion|83/335\n|-unboost|p2a: Kingdra|spa|2\n|-damage|p2a: Kingdra|75/263|[from] item: Life Orb\n|move|p1a: Basculegion|Shadow Ball|p2a: Kingdra\n|-damage|p2a: Kingdra|0 fnt\n|faint|p2a: Kingdra\n|\n|-weather|RainDance|[upkeep]\n|upkeep\n|\n|t:|1782819568\n|switch|p2a: Grumpig|Grumpig, L92, M|297/297\n|turn|12\n|\n|t:|1782819574\n|move|p2a: Grumpig|Shadow Ball|p1a: Basculegion\n|-supereffective|p1a: Basculegion\n|-damage|p1a: Basculegion|0 fnt\n|faint|p1a: Basculegion\n|\n|-weather|RainDance|[upkeep]\n|upkeep\n|\n|t:|1782819586\n|switch|p1a: Perrserker|Perrserker, L89, M|147/269\n|-damage|p1a: Perrserker|114/269|[from] Spikes\n|turn|13\n|\n|t:|1782819593\n|move|p2a: Grumpig|Focus Blast|p1a: Perrserker\n|-supereffective|p1a: Perrserker\n|-damage|p1a: Perrserker|0 fnt\n|faint|p1a: Perrserker\n|\n|-weather|RainDance|[upkeep]\n|upkeep\n|\n|t:|1782819601\n|switch|p1a: Okidogi|Okidogi, L77, M|262/262\n|-damage|p1a: Okidogi|230/262|[from] Spikes\n|turn|14\n|\n|t:|1782819605\n|-terastallize|p1a: Okidogi|Dark\n|move|p2a: Grumpig|Psyshock|p1a: Okidogi\n|-immune|p1a: Okidogi\n|move|p1a: Okidogi|Knock Off|p2a: Grumpig\n|-supereffective|p2a: Grumpig\n|-damage|p2a: Grumpig|57/297\n|-enditem|p2a: Grumpig|Leftovers|[from] move: Knock Off|[of] p1a: Okidogi\n|\n|-weather|none\n|upkeep\n|turn|15\n|\n|t:|1782819616\n|move|p2a: Grumpig|Focus Blast|p1a: Okidogi|[miss]\n|-miss|p2a: Grumpig|p1a: Okidogi\n|move|p1a: Okidogi|Knock Off|p2a: Grumpig\n|-supereffective|p2a: Grumpig\n|-damage|p2a: Grumpig|0 fnt\n|faint|p2a: Grumpig\n|\n|upkeep\n|\n|t:|1782819619\n|switch|p2a: Koraidon|Koraidon, L64|235/235\n|-weather|SunnyDay|[from] ability: Orichalcum Pulse|[of] p2a: Koraidon\n|-activate|p2a: Koraidon|Orichalcum Pulse|[source]\n|turn|16\n|\n|t:|1782819626\n|move|p2a: Koraidon|Collision Course|p1a: Okidogi\n|-supereffective|p1a: Okidogi\n|-damage|p1a: Okidogi|0 fnt\n|faint|p1a: Okidogi\n|\n|-weather|SunnyDay|[upkeep]\n|upkeep\n|\n|t:|1782819641\n|switch|p1a: Sandy Shocks|Sandy Shocks, L80|67/267\n|-activate|p1a: Sandy Shocks|ability: Protosynthesis\n|-start|p1a: Sandy Shocks|protosynthesisspa\n|turn|17\n|\n|t:|1782819649\n|move|p2a: Koraidon|Flare Blitz|p1a: Sandy Shocks\n|-damage|p1a: Sandy Shocks|0 fnt\n|faint|p1a: Sandy Shocks\n|-end|p1a: Sandy Shocks|Protosynthesis|[silent]\n|-damage|p2a: Koraidon|213/235|[from] Recoil\n|\n|win|deepSeas\n|raw|hazzamataza's rating: 1272 &rarr; <strong>1249</strong><br />(-23 for losing)\n|raw|deepSeas's rating: 1301 &rarr; <strong>1319</strong><br />(+18 for winning)\n", "inputlog": ">version f8ac14003a5f27e1bdc8d8c59608a773c1cb96e5\n>start {\"formatid\":\"gen9randombattle\",\"seed\":\"sodium,4a3050b82a63dc670fafe4c32f5ee34e\",\"rated\":\"Rated battle\"}\n>player p1 {\"name\":\"hazzamataza\",\"avatar\":\"101\",\"rating\":1272,\"seed\":\"sodium,f80e528b8ee89f38a29399bd1af0af8c\"}\n>player p2 {\"name\":\"deepSeas\",\"avatar\":\"101\",\"rating\":1301,\"seed\":\"sodium,12b0004d20143a15dc7ad8b62c023839\"}\n>p1 move bellydrum\n>p2 move playrough\n>p1 move aquajet\n>p2 move playrough\n>p1 switch 2\n>p1 move ironhead\n>p2 move bodypress\n>p2 switch 5\n>p1 switch 4\n>p2 move spikes\n>p1 move gigadrain\n>p2 switch 6\n>p1 move leechseed\n>p2 move hurricane\n>p1 move knockoff\n>p2 move meteorbeam\n>p1 move gigadrain\n>p2 move hurricane\n>p1 switch 5\n>p1 move voltswitch\n>p2 move earthpower\n>p1 switch 3\n>p2 switch 2\n>p1 move shadowball\n>p2 move raindance\n>p1 move shadowball\n>p2 move dracometeor\n>p2 switch 4\n>p1 move shadowball\n>p2 move shadowball\n>p1 switch 4\n>p1 move knockoff\n>p2 move focusblast\n>p1 switch 6\n>p1 move knockoff terastallize\n>p2 move psyshock\n>p1 move knockoff\n>p2 move focusblast\n>p2 switch 3\n>p1 move psychicfangs\n>p2 move collisioncourse\n>p1 switch 3\n>p1 move earthpower\n>p2 move flareblitz", "uploadtime": 1782819652, "views": 2, "formatid": "gen9randombattle", "rating": 1249, "private": 0, "password": null, "player_dets": [{"name": "hazzamataza", "avatar": "101", "rating": 1272, "seed": "sodium,f80e528b8ee89f38a29399bd1af0af8c"}, {"name": "deepSeas", "avatar": "101", "rating": 1301, "seed": "sodium,12b0004d20143a15dc7ad8b62c023839"}], "teams_full": [{"Azumarill": {"name": "Azumarill", "species": "Azumarill", "speciesId": "azumarill", "gender": "M", "shiny": false, "level": 82, "moves": ["aquajet", "liquidation", "bellydrum", "playrough"], "ability": "Huge Power", "evs": {"hp": 85, "atk": 85, "def": 85, "spa": 85, "spd": 85, "spe": 85}, "ivs": {"hp": 31, "atk": 31, "def": 31, "spa": 31, "spd": 31, "spe": 31}, "item": "Sitrus Berry", "teraType": "Water", "role": "Bulky Attacker", "bvs": {"hp": 100, "atk": 50, "def": 80, "spa": 60, "spd": 80, "spe": 50}, "stats": {"hp": 298, "atk": 129, "def": 178, "spa": 146, "spd": 178, "spe": 129}, "types": ["Water", "Fairy"]}, "Perrserker": {"name": "Perrserker", "species": "Perrserker", "speciesId": "perrserker", "gender": "M", "shiny": false, "level": 89, "moves": ["knockoff", "closecombat", "ironhead", "uturn"], "ability": "Tough Claws", "evs": {"hp": 85, "atk": 85, "def": 85, "spa": 85, "spd": 85, "spe": 85}, "ivs": {"hp": 31, "atk": 31, "def": 31, "spa": 31, "spd": 31, "spe": 31}, "item": "Choice Band", "teraType": "Fighting", "role": "Fast Attacker", "bvs": {"hp": 70, "atk": 110, "def": 100, "spa": 50, "spd": 60, "spe": 50}, "stats": {"hp": 269, "atk": 247, "def": 229, "spa": 140, "spd": 158, "spe": 140}, "types": ["Steel"]}, "Basculegion": {"name": "Basculegion", "species": "Basculegion-F", "speciesId": "basculegionf", "gender": "F", "shiny": false, "level": 83, "moves": ["icebeam", "hydropump", "flipturn", "shadowball"], "ability": "Adaptability", "evs": {"hp": 85, "atk": 85, "def": 85, "spa": 85, "spd": 85, "spe": 85}, "ivs": {"hp": 31, "atk": 31, "def": 31, "spa": 31, "spd": 31, "spe": 31}, "item": "Choice Specs", "teraType": "Water", "role": "Wallbreaker", "bvs": {"hp": 120, "atk": 92, "def": 65, "spa": 100, "spd": 75, "spe": 78}, "stats": {"hp": 335, "atk": 200, "def": 156, "spa": 214, "spd": 172, "spe": 177}, "types": ["Water", "Ghost"]}, "Wo-Chien": {"name": "Wo-Chien", "species": "Wo-Chien", "speciesId": "wochien", "gender": "N", "shiny": false, "level": 83, "moves": ["gigadrain", "protect", "leechseed", "knockoff"], "ability": "Tablets of Ruin", "evs": {"hp": 85, "atk": 85, "def": 85, "spa": 85, "spd": 85, "spe": 85}, "ivs": {"hp": 31, "atk": 31, "def": 31, "spa": 31, "spd": 31, "spe": 31}, "item": "Leftovers", "teraType": "Poison", "role": "Bulky Support", "bvs": {"hp": 85, "atk": 85, "def": 100, "spa": 95, "spd": 135, "spe": 70}, "stats": {"hp": 277, "atk": 189, "def": 214, "spa": 205, "spd": 272, "spe": 164}, "types": ["Dark", "Grass"]}, "Sandy Shocks": {"name": "Sandy Shocks", "species": "Sandy Shocks", "speciesId": "sandyshocks", "gender": "N", "shiny": false, "level": 80, "moves": ["thunderbolt", "stealthrock", "voltswitch", "earthpower"], "ability": "Protosynthesis", "evs": {"hp": 85, "atk": 0, "def": 85, "spa": 85, "spd": 85, "spe": 85}, "ivs": {"hp": 31, "atk": 0, "def": 31, "spa": 31, "spd": 31, "spe": 31}, "item": "Heavy-Duty Boots", "teraType": "Grass", "role": "Fast Support", "bvs": {"hp": 85, "atk": 81, "def": 97, "spa": 121, "spd": 85, "spe": 101}, "stats": {"hp": 267, "atk": 134, "def": 201, "spa": 240, "spd": 182, "spe": 208}, "types": ["Electric", "Ground"]}, "Okidogi": {"name": "Okidogi", "species": "Okidogi", "speciesId": "okidogi", "gender": "M", "shiny": false, "level": 77, "moves": ["psychicfangs", "drainpunch", "knockoff", "gunkshot"], "ability": "Toxic Chain", "evs": {"hp": 85, "atk": 85, "def": 85, "spa": 85, "spd": 85, "spe": 85}, "ivs": {"hp": 31, "atk": 31, "def": 31, "spa": 31, "spd": 31, "spe": 31}, "item": "Assault Vest", "teraType": "Dark", "role": "AV Pivot", "bvs": {"hp": 88, "atk": 128, "def": 115, "spa": 58, "spd": 86, "spe": 80}, "stats": {"hp": 262, "atk": 242, "def": 222, "spa": 134, "spd": 177, "spe": 168}, "types": ["Poison", "Fighting"]}}, {"Dachsbun": {"name": "Dachsbun", "species": "Dachsbun", "speciesId": "dachsbun", "gender": "F", "shiny": false, "level": 92, "moves": ["bodypress", "protect", "wish", "playrough"], "ability": "Well-Baked Body", "evs": {"hp": 85, "atk": 85, "def": 85, "spa": 85, "spd": 85, "spe": 85}, "ivs": {"hp": 31, "atk": 31, "def": 31, "spa": 31, "spd": 31, "spe": 31}, "item": "Leftovers", "teraType": "Steel", "role": "Bulky Support", "bvs": {"hp": 57, "atk": 80, "def": 115, "spa": 50, "spd": 80, "spe": 95}, "stats": {"hp": 254, "atk": 200, "def": 264, "spa": 144, "spd": 200, "spe": 227}, "types": ["Fairy"]}, "Kingdra": {"name": "Kingdra", "species": "Kingdra", "speciesId": "kingdra", "gender": "F", "shiny": false, "level": 84, "moves": ["raindance", "hurricane", "wavecrash", "dracometeor"], "ability": "Swift Swim", "evs": {"hp": 85, "atk": 85, "def": 85, "spa": 85, "spd": 85, "spe": 85}, "ivs": {"hp": 31, "atk": 31, "def": 31, "spa": 31, "spd": 31, "spe": 31}, "item": "Life Orb", "teraType": "Water", "role": "Fast Attacker", "bvs": {"hp": 75, "atk": 95, "def": 95, "spa": 95, "spd": 95, "spe": 85}, "stats": {"hp": 263, "atk": 208, "def": 208, "spa": 208, "spd": 208, "spe": 191}, "types": ["Water", "Dragon"]}, "Koraidon": {"name": "Koraidon", "species": "Koraidon", "speciesId": "koraidon", "gender": "N", "shiny": false, "level": 64, "moves": ["collisioncourse", "swordsdance", "scaleshot", "flareblitz"], "ability": "Orichalcum Pulse", "evs": {"hp": 85, "atk": 85, "def": 85, "spa": 85, "spd": 85, "spe": 85}, "ivs": {"hp": 31, "atk": 31, "def": 31, "spa": 31, "spd": 31, "spe": 31}, "item": "Loaded Dice", "teraType": "Fire", "role": "Setup Sweeper", "bvs": {"hp": 100, "atk": 135, "def": 115, "spa": 85, "spd": 100, "spe": 135}, "stats": {"hp": 235, "atk": 211, "def": 185, "spa": 147, "spd": 166, "spe": 211}, "types": ["Fighting", "Dragon"]}, "Grumpig": {"name": "Grumpig", "species": "Grumpig", "speciesId": "grumpig", "gender": "M", "shiny": false, "level": 92, "moves": ["focusblast", "shadowball", "psyshock", "nastyplot"], "ability": "Thick Fat", "evs": {"hp": 85, "atk": 0, "def": 85, "spa": 85, "spd": 85, "spe": 85}, "ivs": {"hp": 31, "atk": 0, "def": 31, "spa": 31, "spd": 31, "spe": 31}, "item": "Leftovers", "teraType": "Fighting", "role": "Bulky Setup", "bvs": {"hp": 80, "atk": 45, "def": 65, "spa": 90, "spd": 110, "spe": 80}, "stats": {"hp": 297, "atk": 87, "def": 172, "spa": 218, "spd": 255, "spe": 200}, "types": ["Psychic"]}, "Gastrodon": {"name": "Gastrodon", "species": "Gastrodon", "speciesId": "gastrodon", "gender": "M", "shiny": false, "level": 86, "moves": ["recover", "icebeam", "earthquake", "spikes"], "ability": "Storm Drain", "evs": {"hp": 85, "atk": 85, "def": 85, "spa": 85, "spd": 85, "spe": 85}, "ivs": {"hp": 31, "atk": 31, "def": 31, "spa": 31, "spd": 31, "spe": 31}, "item": "Leftovers", "teraType": "Poison", "role": "Bulky Attacker", "bvs": {"hp": 111, "atk": 83, "def": 68, "spa": 92, "spd": 82, "spe": 39}, "stats": {"hp": 331, "atk": 192, "def": 166, "spa": 207, "spd": 190, "spe": 116}, "types": ["Water", "Ground"]}, "Iron Jugulis": {"name": "Iron Jugulis", "species": "Iron Jugulis", "speciesId": "ironjugulis", "gender": "N", "shiny": false, "level": 77, "moves": ["darkpulse", "meteorbeam", "hurricane", "earthpower"], "ability": "Quark Drive", "evs": {"hp": 85, "atk": 0, "def": 85, "spa": 85, "spd": 85, "spe": 85}, "ivs": {"hp": 31, "atk": 0, "def": 31, "spa": 31, "spd": 31, "spe": 31}, "item": "Power Herb", "teraType": "Dark", "role": "Setup Sweeper", "bvs": {"hp": 94, "atk": 80, "def": 86, "spa": 122, "spd": 80, "spe": 108}, "stats": {"hp": 271, "atk": 128, "def": 177, "spa": 232, "spd": 168, "spe": 211}, "types": ["Dark", "Flying"]}}]}