{"id": "gen9randombattle-2641637904", "format": "[Gen 9] Random Battle", "players": ["Blooodfooort", "jihadi jynx"], "log": "|j|\u2606Blooodfooort\n|j|\u2606jihadi jynx\n|t:|1782822992\n|gametype|singles\n|player|p1|Blooodfooort|169|2173\n|player|p2|jihadi jynx|169|2193\n|gen|9\n|tier|[Gen 9] Random Battle\n|rated|\n|rule|Species Clause: Limit one of each Pok\u00e9mon\n|rule|HP Percentage Mod: HP is shown in percentages\n|rule|Sleep Clause Mod: Limit one foe put to sleep\n|rule|Illusion Level Mod: Illusion disguises the Pok\u00e9mon's true level\n|\n|t:|1782822992\n|teamsize|p1|6\n|teamsize|p2|6\n|start\n|switch|p1a: Necrozma|Necrozma-Dawn-Wings, L76|272/272\n|switch|p2a: Tentacruel|Tentacruel, L84, F|272/272\n|turn|1\n|j| craftyveteran\n|\n|t:|1782823035\n|switch|p1a: Sandslash|Sandslash-Alola, L88, F|275/275\n|move|p2a: Tentacruel|Knock Off|p1a: Sandslash\n|-damage|p1a: Sandslash|236/275\n|-enditem|p1a: Sandslash|Life Orb|[from] move: Knock Off|[of] p2a: Tentacruel\n|\n|upkeep\n|turn|2\n|\n|t:|1782823057\n|switch|p2a: Wyrdeer|Wyrdeer, L87, F|321/321\n|-ability|p2a: Wyrdeer|Intimidate|boost\n|-unboost|p1a: Sandslash|atk|1\n|move|p1a: Sandslash|Knock Off|p2a: Wyrdeer\n|-supereffective|p2a: Wyrdeer\n|-damage|p2a: Wyrdeer|213/321\n|-enditem|p2a: Wyrdeer|Leftovers|[from] move: Knock Off|[of] p1a: Sandslash\n|\n|upkeep\n|turn|3\n|\n|t:|1782823069\n|switch|p1a: Heracross|Heracross, L80, F|259/259\n|move|p2a: Wyrdeer|Thunder Wave|p1a: Heracross\n|-status|p1a: Heracross|par\n|\n|upkeep\n|turn|4\n|l| craftyveteran\n|\n|t:|1782823081\n|switch|p2a: Vespiquen|Vespiquen, L99, F|299/299\n|-ability|p2a: Vespiquen|Pressure\n|move|p1a: Heracross|Megahorn|p2a: Vespiquen\n|-resisted|p2a: Vespiquen\n|-damage|p2a: Vespiquen|248/299\n|\n|upkeep\n|turn|5\n|\n|t:|1782823087\n|switch|p1a: Sandslash|Sandslash-Alola, L88, F|236/275\n|move|p2a: Vespiquen|Spikes|p1a: Sandslash\n|-sidestart|p1: Blooodfooort|Spikes\n|\n|upkeep\n|turn|6\n|\n|t:|1782823091\n|switch|p2a: Banette|Banette, L93, F|270/270\n|move|p1a: Sandslash|Swords Dance|p1a: Sandslash\n|-boost|p1a: Sandslash|atk|2\n|\n|upkeep\n|turn|7\n|\n|t:|1782823101\n|move|p2a: Banette|Thunder Wave|p1a: Sandslash\n|-status|p1a: Sandslash|par\n|cant|p1a: Sandslash|par\n|\n|upkeep\n|turn|8\n|inactive|Battle timer is ON: inactive players will automatically lose when time's up. (requested by Blooodfooort)\n|\n|t:|1782823116\n|switch|p2a: Iron Hands|Iron Hands, L79|373/373\n|move|p1a: Sandslash|Knock Off|p2a: Iron Hands\n|-resisted|p2a: Iron Hands\n|-damage|p2a: Iron Hands|303/373\n|-enditem|p2a: Iron Hands|Leftovers|[from] move: Knock Off|[of] p1a: Sandslash\n|\n|upkeep\n|turn|9\n|\n|t:|1782823123\n|move|p2a: Iron Hands|Drain Punch|p1a: Sandslash\n|-supereffective|p1a: Sandslash\n|-damage|p1a: Sandslash|0 fnt\n|-heal|p2a: Iron Hands|373/373|[from] drain|[of] p1a: Sandslash\n|faint|p1a: Sandslash\n|\n|upkeep\n|\n|t:|1782823131\n|switch|p1a: Gallade|Gallade, L80, M|240/240\n|-damage|p1a: Gallade|210/240|[from] Spikes\n|turn|10\n|\n|t:|1782823139\n|-end|p2a: Iron Hands|Quark Drive|[silent]\n|switch|p2a: Wyrdeer|Wyrdeer, L87, F|213/321\n|-ability|p2a: Wyrdeer|Intimidate|boost\n|-unboost|p1a: Gallade|atk|1\n|move|p1a: Gallade|Sacred Sword|p2a: Wyrdeer\n|-damage|p2a: Wyrdeer|39/321\n|\n|upkeep\n|turn|11\n|\n|t:|1782823148\n|switch|p1a: Heracross|Heracross, L80, F|259/259 par\n|-damage|p1a: Heracross|227/259 par|[from] Spikes\n|switch|p2a: Banette|Banette, L93, F|270/270\n|\n|upkeep\n|turn|12\n|\n|t:|1782823153\n|move|p2a: Banette|Poltergeist|p1a: Heracross\n|-activate|p1a: Heracross|move: Poltergeist|Choice Scarf\n|-damage|p1a: Heracross|0 fnt\n|faint|p1a: Heracross\n|-damage|p2a: Banette|243/270|[from] item: Life Orb\n|\n|upkeep\n|\n|t:|1782823161\n|switch|p1a: Raikou|Raikou, L81|278/278\n|-damage|p1a: Raikou|244/278|[from] Spikes\n|-ability|p1a: Raikou|Pressure\n|turn|13\n|\n|t:|1782823174\n|move|p1a: Raikou|Volt Switch|p2a: Banette\n|-damage|p2a: Banette|95/270\n|\n|t:|1782823176\n|switch|p1a: Necrozma|Necrozma-Dawn-Wings, L76|272/272|[from] Volt Switch\n|-damage|p1a: Necrozma|238/272|[from] Spikes\n|move|p2a: Banette|Poltergeist|p1a: Necrozma\n|-activate|p1a: Necrozma|move: Poltergeist|Leftovers\n|-supereffective|p1a: Necrozma\n|-damage|p1a: Necrozma|0 fnt\n|faint|p1a: Necrozma\n|-damage|p2a: Banette|68/270|[from] item: Life Orb\n|\n|upkeep\n|\n|t:|1782823178\n|switch|p1a: Raikou|Raikou, L81|244/278\n|-damage|p1a: Raikou|210/278|[from] Spikes\n|-ability|p1a: Raikou|Pressure\n|turn|14\n|\n|t:|1782823186\n|switch|p2a: Mudsdale|Mudsdale, L83, M|302/302\n|move|p1a: Raikou|Volt Switch|p2a: Mudsdale\n|-immune|p2a: Mudsdale\n|\n|upkeep\n|turn|15\n|\n|t:|1782823192\n|move|p1a: Raikou|Volt Switch|p2a: Mudsdale\n|-immune|p2a: Mudsdale\n|move|p2a: Mudsdale|Roar|p1a: Raikou\n|drag|p1a: Gallade|Gallade, L80, M|210/240\n|-damage|p1a: Gallade|180/240|[from] Spikes\n|\n|upkeep\n|turn|16\n|\n|t:|1782823199\n|switch|p2a: Vespiquen|Vespiquen, L99, F|248/299\n|-ability|p2a: Vespiquen|Pressure\n|move|p1a: Gallade|Leaf Blade|p2a: Vespiquen\n|-resisted|p2a: Vespiquen\n|-damage|p2a: Vespiquen|220/299\n|\n|upkeep\n|turn|17\n|\n|t:|1782823206\n|switch|p1a: Regieleki|Regieleki, L79|256/256\n|-damage|p1a: Regieleki|224/256|[from] Spikes\n|move|p2a: Vespiquen|U-turn|p1a: Regieleki\n|-damage|p1a: Regieleki|88/256\n|\n|t:|1782823221\n|switch|p2a: Banette|Banette, L93, F|68/270|[from] U-turn\n|\n|upkeep\n|turn|18\n|\n|t:|1782823224\n|move|p2a: Banette|Shadow Sneak|p1a: Regieleki\n|-damage|p1a: Regieleki|0 fnt\n|faint|p1a: Regieleki\n|-damage|p2a: Banette|41/270|[from] item: Life Orb\n|\n|upkeep\n|-message|Blooodfooort forfeited.\n|\n|win|jihadi jynx\n|raw|Blooodfooort's rating: 2173 &rarr; <strong>2154</strong><br />(-19 for losing)\n|raw|jihadi jynx's rating: 2193 &rarr; <strong>2212</strong><br />(+19 for winning)\n", "inputlog": ">version f8ac14003a5f27e1bdc8d8c59608a773c1cb96e5\n>start {\"formatid\":\"gen9randombattle\",\"seed\":\"sodium,3aa38d72c6d672b9bb1e680fa840e46b\",\"rated\":\"Rated battle\"}\n>player p1 {\"name\":\"Blooodfooort\",\"avatar\":\"169\",\"rating\":2173,\"seed\":\"sodium,993236999c19c62d4e833c415977e32a\"}\n>player p2 {\"name\":\"jihadi jynx\",\"avatar\":\"169\",\"rating\":2193,\"seed\":\"sodium,260c23c3983086aa9089b533c24984ef\"}\n>p1 switch 6\n>p2 move knockoff\n>p1 move knockoff\n>p2 switch 3\n>p1 switch 5\n>p2 move thunderwave\n>p1 move megahorn\n>p2 switch 6\n>p1 switch 5\n>p2 move spikes\n>p1 move swordsdance\n>p2 switch 4\n>p1 move knockoff\n>p2 move thunderwave\n>p1 move knockoff\n>p2 switch 2\n>p1 move earthquake\n>p2 move drainpunch\n>p1 switch 3\n>p1 move sacredsword\n>p2 switch 6\n>p1 switch 5\n>p2 switch 2\n>p1 move earthquake\n>p2 move poltergeist\n>p1 switch 2\n>p1 move voltswitch\n>p2 move poltergeist\n>p1 switch 6\n>p1 switch 6\n>p1 move voltswitch\n>p2 switch 5\n>p1 move voltswitch\n>p2 move roar\n>p1 move leafblade\n>p2 switch 4\n>p1 switch 4\n>p2 move uturn\n>p2 switch 5\n>p1 move thunderbolt\n>p2 move shadowsneak\n>forcelose p1", "uploadtime": 1782822995, "views": 8, "formatid": "gen9randombattle", "rating": 2154, "private": 0, "password": null, "player_dets": [{"name": "Blooodfooort", "avatar": "169", "rating": 2173, "seed": "sodium,993236999c19c62d4e833c415977e32a"}, {"name": "jihadi jynx", "avatar": "169", "rating": 2193, "seed": "sodium,260c23c3983086aa9089b533c24984ef"}], "teams_full": [{"Necrozma": {"name": "Necrozma", "species": "Necrozma-Dawn-Wings", "speciesId": "necrozmadawnwings", "gender": "N", "shiny": false, "level": 76, "moves": ["calmmind", "moonlight", "moongeistbeam", "photongeyser"], "ability": "Prism Armor", "evs": {"hp": 85, "atk": 0, "def": 85, "spa": 85, "spd": 85, "spe": 85}, "ivs": {"hp": 31, "atk": 0, "def": 31, "spa": 31, "spd": 31, "spe": 31}, "item": "Leftovers", "teraType": "Fairy", "role": "Bulky Setup", "bvs": {"hp": 97, "atk": 113, "def": 109, "spa": 157, "spd": 127, "spe": 77}, "stats": {"hp": 272, "atk": 176, "def": 210, "spa": 283, "spd": 237, "spe": 161}, "types": ["Psychic", "Ghost"]}, "Raikou": {"name": "Raikou", "species": "Raikou", "speciesId": "raikou", "gender": "N", "shiny": false, "level": 81, "moves": ["thunderbolt", "shadowball", "scald", "voltswitch"], "ability": "Pressure", "evs": {"hp": 85, "atk": 0, "def": 85, "spa": 85, "spd": 85, "spe": 85}, "ivs": {"hp": 31, "atk": 0, "def": 31, "spa": 31, "spd": 31, "spe": 31}, "item": "Choice Specs", "teraType": "Electric", "role": "Bulky Attacker", "bvs": {"hp": 90, "atk": 85, "def": 75, "spa": 115, "spd": 100, "spe": 115}, "stats": {"hp": 278, "atk": 142, "def": 168, "spa": 233, "spd": 209, "spe": 233}, "types": ["Electric"]}, "Gallade": {"name": "Gallade", "species": "Gallade", "speciesId": "gallade", "gender": "M", "shiny": false, "level": 80, "moves": ["nightslash", "leafblade", "psychocut", "sacredsword"], "ability": "Sharpness", "evs": {"hp": 85, "atk": 85, "def": 85, "spa": 85, "spd": 85, "spe": 85}, "ivs": {"hp": 31, "atk": 31, "def": 31, "spa": 31, "spd": 31, "spe": 31}, "item": "Choice Band", "teraType": "Fighting", "role": "Fast Attacker", "bvs": {"hp": 68, "atk": 125, "def": 65, "spa": 65, "spd": 115, "spe": 80}, "stats": {"hp": 240, "atk": 246, "def": 150, "spa": 150, "spd": 230, "spe": 174}, "types": ["Psychic", "Fighting"]}, "Regieleki": {"name": "Regieleki", "species": "Regieleki", "speciesId": "regieleki", "gender": "N", "shiny": false, "level": 79, "moves": ["thunderbolt", "voltswitch", "rapidspin", "explosion"], "ability": "Transistor", "evs": {"hp": 85, "atk": 85, "def": 85, "spa": 85, "spd": 85, "spe": 85}, "ivs": {"hp": 31, "atk": 31, "def": 31, "spa": 31, "spd": 31, "spe": 31}, "item": "Magnet", "teraType": "Electric", "role": "Fast Support", "bvs": {"hp": 80, "atk": 100, "def": 50, "spa": 100, "spd": 50, "spe": 200}, "stats": {"hp": 256, "atk": 204, "def": 125, "spa": 204, "spd": 125, "spe": 362}, "types": ["Electric"]}, "Heracross": {"name": "Heracross", "species": "Heracross", "speciesId": "heracross", "gender": "F", "shiny": false, "level": 80, "moves": ["stoneedge", "earthquake", "megahorn", "closecombat"], "ability": "Moxie", "evs": {"hp": 85, "atk": 85, "def": 85, "spa": 85, "spd": 85, "spe": 85}, "ivs": {"hp": 31, "atk": 31, "def": 31, "spa": 31, "spd": 31, "spe": 31}, "item": "Choice Scarf", "teraType": "Fighting", "role": "Fast Attacker", "bvs": {"hp": 80, "atk": 125, "def": 75, "spa": 40, "spd": 95, "spe": 85}, "stats": {"hp": 259, "atk": 246, "def": 166, "spa": 110, "spd": 198, "spe": 182}, "types": ["Bug", "Fighting"]}, "Sandslash": {"name": "Sandslash", "species": "Sandslash-Alola", "speciesId": "sandslashalola", "gender": "F", "shiny": false, "level": 88, "moves": ["earthquake", "tripleaxel", "swordsdance", "knockoff"], "ability": "Slush Rush", "evs": {"hp": 85, "atk": 85, "def": 85, "spa": 85, "spd": 85, "spe": 85}, "ivs": {"hp": 31, "atk": 31, "def": 31, "spa": 31, "spd": 31, "spe": 31}, "item": "Life Orb", "teraType": "Ground", "role": "Setup Sweeper", "bvs": {"hp": 75, "atk": 100, "def": 120, "spa": 25, "spd": 65, "spe": 65}, "stats": {"hp": 275, "atk": 226, "def": 261, "spa": 94, "spd": 165, "spe": 165}, "types": ["Ice", "Steel"]}}, {"Tentacruel": {"name": "Tentacruel", "species": "Tentacruel", "speciesId": "tentacruel", "gender": "F", "shiny": false, "level": 84, "moves": ["rapidspin", "sludgebomb", "knockoff", "surf"], "ability": "Liquid Ooze", "evs": {"hp": 85, "atk": 85, "def": 85, "spa": 85, "spd": 85, "spe": 85}, "ivs": {"hp": 31, "atk": 31, "def": 31, "spa": 31, "spd": 31, "spe": 31}, "item": "Assault Vest", "teraType": "Grass", "role": "Bulky Support", "bvs": {"hp": 80, "atk": 70, "def": 65, "spa": 80, "spd": 120, "spe": 100}, "stats": {"hp": 272, "atk": 166, "def": 157, "spa": 183, "spd": 250, "spe": 216}, "types": ["Water", "Poison"]}, "Iron Hands": {"name": "Iron Hands", "species": "Iron Hands", "speciesId": "ironhands", "gender": "N", "shiny": false, "level": 79, "moves": ["wildcharge", "swordsdance", "drainpunch", "icepunch"], "ability": "Quark Drive", "evs": {"hp": 85, "atk": 85, "def": 85, "spa": 85, "spd": 85, "spe": 85}, "ivs": {"hp": 31, "atk": 31, "def": 31, "spa": 31, "spd": 31, "spe": 31}, "item": "Leftovers", "teraType": "Steel", "role": "Bulky Attacker", "bvs": {"hp": 154, "atk": 140, "def": 108, "spa": 50, "spd": 68, "spe": 50}, "stats": {"hp": 373, "atk": 267, "def": 216, "spa": 125, "spd": 153, "spe": 125}, "types": ["Fighting", "Electric"]}, "Wyrdeer": {"name": "Wyrdeer", "species": "Wyrdeer", "speciesId": "wyrdeer", "gender": "F", "shiny": false, "level": 87, "moves": ["bodyslam", "earthquake", "psychicnoise", "thunderwave"], "ability": "Intimidate", "evs": {"hp": 85, "atk": 85, "def": 85, "spa": 85, "spd": 85, "spe": 85}, "ivs": {"hp": 31, "atk": 31, "def": 31, "spa": 31, "spd": 31, "spe": 31}, "item": "Leftovers", "teraType": "Ground", "role": "Bulky Attacker", "bvs": {"hp": 103, "atk": 105, "def": 72, "spa": 105, "spd": 75, "spe": 65}, "stats": {"hp": 321, "atk": 232, "def": 175, "spa": 232, "spd": 180, "spe": 163}, "types": ["Normal", "Psychic"]}, "Banette": {"name": "Banette", "species": "Banette", "speciesId": "banette", "gender": "F", "shiny": false, "level": 93, "moves": ["poltergeist", "thunderwave", "shadowsneak", "gunkshot"], "ability": "Cursed Body", "evs": {"hp": 85, "atk": 85, "def": 85, "spa": 85, "spd": 85, "spe": 85}, "ivs": {"hp": 31, "atk": 31, "def": 31, "spa": 31, "spd": 31, "spe": 31}, "item": "Life Orb", "teraType": "Poison", "role": "Wallbreaker", "bvs": {"hp": 64, "atk": 115, "def": 65, "spa": 83, "spd": 63, "spe": 65}, "stats": {"hp": 270, "atk": 267, "def": 174, "spa": 207, "spd": 170, "spe": 174}, "types": ["Ghost"]}, "Mudsdale": {"name": "Mudsdale", "species": "Mudsdale", "speciesId": "mudsdale", "gender": "M", "shiny": false, "level": 83, "moves": ["stoneedge", "earthquake", "roar", "heavyslam"], "ability": "Stamina", "evs": {"hp": 85, "atk": 85, "def": 85, "spa": 85, "spd": 85, "spe": 85}, "ivs": {"hp": 31, "atk": 31, "def": 31, "spa": 31, "spd": 31, "spe": 31}, "item": "Leftovers", "teraType": "Steel", "role": "Bulky Attacker", "bvs": {"hp": 100, "atk": 125, "def": 100, "spa": 55, "spd": 85, "spe": 35}, "stats": {"hp": 302, "atk": 255, "def": 214, "spa": 139, "spd": 189, "spe": 106}, "types": ["Ground"]}, "Vespiquen": {"name": "Vespiquen", "species": "Vespiquen", "speciesId": "vespiquen", "gender": "F", "shiny": false, "level": 99, "moves": ["roost", "spikes", "uturn", "hurricane"], "ability": "Pressure", "evs": {"hp": 85, "atk": 85, "def": 85, "spa": 85, "spd": 85, "spe": 85}, "ivs": {"hp": 31, "atk": 31, "def": 31, "spa": 31, "spd": 31, "spe": 31}, "item": "Heavy-Duty Boots", "teraType": "Steel", "role": "Bulky Support", "bvs": {"hp": 70, "atk": 80, "def": 102, "spa": 80, "spd": 102, "spe": 40}, "stats": {"hp": 299, "atk": 214, "def": 258, "spa": 214, "spd": 258, "spe": 135}, "types": ["Bug", "Flying"]}}]}