{"id": "gen9randombattle-2641487420", "format": "[Gen 9] Random Battle", "players": ["oshawatt51", "Echtel"], "log": "|j|\u2606oshawatt51\n|j|\u2606Echtel\n|t:|1782792857\n|gametype|singles\n|player|p1|oshawatt51|ghetsis-gen5bw|2040\n|player|p2|Echtel|170|2015\n|gen|9\n|tier|[Gen 9] Random Battle\n|rated|\n|rule|Species Clause: Limit one of each Pok\u00e9mon\n|rule|HP Percentage Mod: HP is shown in percentages\n|rule|Sleep Clause Mod: Limit one foe put to sleep\n|rule|Illusion Level Mod: Illusion disguises the Pok\u00e9mon's true level\n|\n|t:|1782792857\n|teamsize|p1|6\n|teamsize|p2|6\n|start\n|switch|p1a: Kricketune|Kricketune, L99, M|311/311\n|switch|p2a: Volcarona|Volcarona, L77, F|257/257\n|turn|1\n|inactive|Battle timer is ON: inactive players will automatically lose when time's up. (requested by Echtel)\n|\n|t:|1782792879\n|move|p2a: Volcarona|Fire Blast|p1a: Kricketune\n|-supereffective|p1a: Kricketune\n|-enditem|p1a: Kricketune|Focus Sash\n|-damage|p1a: Kricketune|1/311\n|move|p1a: Kricketune|Pounce|p2a: Volcarona\n|-resisted|p2a: Volcarona\n|-damage|p2a: Volcarona|185/257\n|-unboost|p2a: Volcarona|spe|1\n|-status|p1a: Kricketune|brn|[from] ability: Flame Body|[of] p2a: Volcarona\n|\n|-damage|p1a: Kricketune|0 fnt|[from] brn\n|faint|p1a: Kricketune\n|upkeep\n|\n|t:|1782792886\n|switch|p1a: Ogerpon|Ogerpon-Wellspring, L76, F|247/247\n|turn|2\n|\n|t:|1782792910\n|switch|p2a: Ribombee|Ribombee, L83, F|235/235\n|move|p1a: Ogerpon|Swords Dance|p1a: Ogerpon\n|-boost|p1a: Ogerpon|atk|2\n|\n|upkeep\n|turn|3\n|\n|t:|1782792925\n|move|p2a: Ribombee|Bug Buzz|p1a: Ogerpon\n|-supereffective|p1a: Ogerpon\n|-damage|p1a: Ogerpon|61/247\n|move|p1a: Ogerpon|Ivy Cudgel|p2a: Ribombee|[anim] Ivy Cudgel Water\n|-damage|p2a: Ribombee|0 fnt\n|faint|p2a: Ribombee\n|\n|upkeep\n|\n|t:|1782792930\n|switch|p2a: Minun|Minun, L95, F|268/268\n|turn|4\n|\n|t:|1782792937\n|switch|p1a: Vileplume|Vileplume, L85, F|266/266\n|move|p2a: Minun|Thunderbolt|p1a: Vileplume\n|-resisted|p1a: Vileplume\n|-damage|p1a: Vileplume|208/266\n|-damage|p2a: Minun|242/268|[from] item: Life Orb\n|\n|-heal|p1a: Vileplume|224/266|[from] item: Leftovers\n|upkeep\n|turn|5\n|\n|t:|1782792946\n|switch|p2a: Mew|Mew, L82|298/298\n|move|p1a: Vileplume|Sludge Bomb|p2a: Mew\n|-damage|p2a: Mew|192/298\n|\n|-heal|p2a: Mew|210/298|[from] item: Leftovers\n|-heal|p1a: Vileplume|240/266|[from] item: Leftovers\n|upkeep\n|turn|6\n|inactive|oshawatt51 has 120 seconds left.\n|\n|t:|1782792981\n|move|p2a: Mew|Stealth Rock|p1a: Vileplume\n|-sidestart|p1: oshawatt51|move: Stealth Rock\n|move|p1a: Vileplume|Sleep Powder|p2a: Mew\n|-status|p2a: Mew|slp|[from] move: Sleep Powder\n|\n|-heal|p2a: Mew|228/298 slp|[from] item: Leftovers\n|-heal|p1a: Vileplume|256/266|[from] item: Leftovers\n|upkeep\n|turn|7\n|\n|t:|1782792986\n|cant|p2a: Mew|slp\n|move|p1a: Vileplume|Sludge Bomb|p2a: Mew\n|-damage|p2a: Mew|122/298 slp\n|\n|-heal|p2a: Mew|140/298 slp|[from] item: Leftovers\n|-heal|p1a: Vileplume|266/266|[from] item: Leftovers\n|upkeep\n|turn|8\n|\n|t:|1782792991\n|switch|p2a: Volcarona|Volcarona, L77, F|185/257\n|move|p1a: Vileplume|Sludge Bomb|p2a: Volcarona\n|-crit|p2a: Volcarona\n|-damage|p2a: Volcarona|31/257\n|-status|p2a: Volcarona|psn\n|\n|-damage|p2a: Volcarona|0 fnt|[from] psn\n|faint|p2a: Volcarona\n|upkeep\n|\n|t:|1782792995\n|switch|p2a: Zapdos|Zapdos, L78|268/268\n|turn|9\n|\n|t:|1782792999\n|switch|p1a: Ampharos|Ampharos, L88, F|302/302\n|-damage|p1a: Ampharos|265/302|[from] Stealth Rock\n|move|p2a: Zapdos|Hurricane|p1a: Ampharos|[miss]\n|-miss|p2a: Zapdos|p1a: Ampharos\n|\n|upkeep\n|turn|10\n|\n|t:|1782793004\n|move|p2a: Zapdos|U-turn|p1a: Ampharos\n|-damage|p1a: Ampharos|223/302\n|\n|t:|1782793006\n|switch|p2a: Minun|Minun, L95, F|242/268|[from] U-turn\n|move|p1a: Ampharos|Dazzling Gleam|p2a: Minun\n|-damage|p2a: Minun|181/268\n|\n|upkeep\n|turn|11\n|\n|t:|1782793013\n|move|p2a: Minun|Nasty Plot|p2a: Minun\n|-boost|p2a: Minun|spa|2\n|move|p1a: Ampharos|Dazzling Gleam|p2a: Minun\n|-damage|p2a: Minun|116/268\n|\n|upkeep\n|turn|12\n|\n|t:|1782793018\n|move|p2a: Minun|Alluring Voice|p1a: Ampharos\n|-damage|p1a: Ampharos|131/302\n|-damage|p2a: Minun|90/268|[from] item: Life Orb\n|move|p1a: Ampharos|Dazzling Gleam|p2a: Minun\n|-damage|p2a: Minun|24/268\n|\n|upkeep\n|turn|13\n|\n|t:|1782793028\n|switch|p1a: Vileplume|Vileplume, L85, F|266/266\n|-damage|p1a: Vileplume|233/266|[from] Stealth Rock\n|move|p2a: Minun|Alluring Voice|p1a: Vileplume\n|-resisted|p1a: Vileplume\n|-damage|p1a: Vileplume|159/266\n|-damage|p2a: Minun|0 fnt|[from] item: Life Orb\n|faint|p2a: Minun\n|\n|-heal|p1a: Vileplume|175/266|[from] item: Leftovers\n|upkeep\n|\n|t:|1782793031\n|switch|p2a: Mew|Mew, L82|140/298 slp\n|turn|14\n|\n|t:|1782793040\n|cant|p2a: Mew|slp\n|move|p1a: Vileplume|Sludge Bomb|p2a: Mew\n|-damage|p2a: Mew|43/298 slp\n|\n|-heal|p2a: Mew|61/298 slp|[from] item: Leftovers\n|-heal|p1a: Vileplume|191/266|[from] item: Leftovers\n|upkeep\n|turn|15\n|\n|t:|1782793043\n|-curestatus|p2a: Mew|slp|[msg]\n|move|p2a: Mew|Psychic Noise|p1a: Vileplume\n|-supereffective|p1a: Vileplume\n|-damage|p1a: Vileplume|47/266\n|-start|p1a: Vileplume|move: Heal Block\n|move|p1a: Vileplume|Sludge Bomb|p2a: Mew\n|-damage|p2a: Mew|0 fnt\n|faint|p2a: Mew\n|\n|upkeep\n|\n|t:|1782793049\n|switch|p2a: Zapdos|Zapdos, L78|268/268\n|turn|16\n|\n|t:|1782793052\n|move|p2a: Zapdos|Hurricane|p1a: Vileplume\n|-supereffective|p1a: Vileplume\n|-crit|p1a: Vileplume\n|-damage|p1a: Vileplume|0 fnt\n|faint|p1a: Vileplume\n|\n|upkeep\n|\n|t:|1782793056\n|switch|p1a: Ampharos|Ampharos, L88, F|131/302\n|-damage|p1a: Ampharos|94/302|[from] Stealth Rock\n|turn|17\n|\n|t:|1782793069\n|-terastallize|p2a: Zapdos|Electric\n|move|p2a: Zapdos|Hurricane|p1a: Ampharos\n|-resisted|p1a: Ampharos\n|-damage|p1a: Ampharos|54/302\n|-start|p1a: Ampharos|confusion\n|-activate|p1a: Ampharos|confusion\n|move|p1a: Ampharos|Thunderbolt|p2a: Zapdos\n|-resisted|p2a: Zapdos\n|-damage|p2a: Zapdos|209/268\n|\n|upkeep\n|turn|18\n|\n|t:|1782793078\n|move|p2a: Zapdos|Discharge|p1a: Ampharos\n|-resisted|p1a: Ampharos\n|-damage|p1a: Ampharos|13/302\n|-activate|p1a: Ampharos|confusion\n|-damage|p1a: Ampharos|0 fnt|[from] confusion\n|faint|p1a: Ampharos\n|\n|upkeep\n|\n|t:|1782793088\n|switch|p1a: Ogerpon|Ogerpon-Wellspring, L76, F|61/247\n|-damage|p1a: Ogerpon|31/247|[from] Stealth Rock\n|turn|19\n|\n|t:|1782793095\n|move|p1a: Ogerpon|Ivy Cudgel|p2a: Zapdos|[anim] Ivy Cudgel Water\n|-damage|p2a: Zapdos|80/268\n|move|p2a: Zapdos|Discharge|p1a: Ogerpon\n|-damage|p1a: Ogerpon|0 fnt\n|faint|p1a: Ogerpon\n|\n|upkeep\n|\n|t:|1782793102\n|switch|p1a: Wugtrio|Wugtrio, L91, F|212/212\n|-damage|p1a: Wugtrio|186/212|[from] Stealth Rock\n|turn|20\n|\n|t:|1782793111\n|switch|p2a: Milotic|Milotic, L83, F|293/293\n|move|p1a: Wugtrio|Liquidation|p2a: Milotic\n|-resisted|p2a: Milotic\n|-damage|p2a: Milotic|210/293\n|\n|-heal|p2a: Milotic|228/293|[from] item: Leftovers\n|upkeep\n|turn|21\n|\n|t:|1782793117\n|switch|p1a: Chimecho|Chimecho, L93, F|290/290\n|-damage|p1a: Chimecho|254/290|[from] Stealth Rock\n|move|p2a: Milotic|Scald|p1a: Chimecho\n|-damage|p1a: Chimecho|176/290\n|\n|-heal|p2a: Milotic|246/293|[from] item: Leftovers\n|-heal|p1a: Chimecho|194/290|[from] item: Leftovers\n|upkeep\n|turn|22\n|\n|t:|1782793121\n|move|p2a: Milotic|Scald|p1a: Chimecho\n|-damage|p1a: Chimecho|116/290\n|move|p1a: Chimecho|Calm Mind|p1a: Chimecho\n|-boost|p1a: Chimecho|spa|1\n|-boost|p1a: Chimecho|spd|1\n|\n|-heal|p2a: Milotic|264/293|[from] item: Leftovers\n|-heal|p1a: Chimecho|134/290|[from] item: Leftovers\n|upkeep\n|turn|23\n|\n|t:|1782793126\n|move|p2a: Milotic|Haze|p2a: Milotic\n|-clearallboost\n|move|p1a: Chimecho|Recover|p1a: Chimecho\n|-heal|p1a: Chimecho|279/290\n|\n|-heal|p2a: Milotic|282/293|[from] item: Leftovers\n|-heal|p1a: Chimecho|290/290|[from] item: Leftovers\n|upkeep\n|turn|24\n|\n|t:|1782793134\n|move|p2a: Milotic|Scald|p1a: Chimecho\n|-damage|p1a: Chimecho|220/290\n|move|p1a: Chimecho|Calm Mind|p1a: Chimecho\n|-boost|p1a: Chimecho|spa|1\n|-boost|p1a: Chimecho|spd|1\n|\n|-heal|p2a: Milotic|293/293|[from] item: Leftovers\n|-heal|p1a: Chimecho|238/290|[from] item: Leftovers\n|upkeep\n|turn|25\n|\n|t:|1782793138\n|move|p2a: Milotic|Scald|p1a: Chimecho\n|-damage|p1a: Chimecho|184/290\n|move|p1a: Chimecho|Psyshock|p2a: Milotic\n|-damage|p2a: Milotic|134/293\n|\n|-heal|p2a: Milotic|152/293|[from] item: Leftovers\n|-heal|p1a: Chimecho|202/290|[from] item: Leftovers\n|upkeep\n|turn|26\n|\n|t:|1782793146\n|move|p2a: Milotic|Recover|p2a: Milotic\n|-heal|p2a: Milotic|293/293\n|move|p1a: Chimecho|Calm Mind|p1a: Chimecho\n|-boost|p1a: Chimecho|spa|1\n|-boost|p1a: Chimecho|spd|1\n|\n|-heal|p1a: Chimecho|220/290|[from] item: Leftovers\n|upkeep\n|turn|27\n|\n|t:|1782793149\n|move|p2a: Milotic|Haze|p2a: Milotic\n|-clearallboost\n|move|p1a: Chimecho|Psyshock|p2a: Milotic\n|-damage|p2a: Milotic|181/293\n|\n|-heal|p2a: Milotic|199/293|[from] item: Leftovers\n|-heal|p1a: Chimecho|238/290|[from] item: Leftovers\n|upkeep\n|turn|28\n|\n|t:|1782793151\n|move|p2a: Milotic|Scald|p1a: Chimecho\n|-damage|p1a: Chimecho|166/290\n|move|p1a: Chimecho|Psyshock|p2a: Milotic\n|-crit|p2a: Milotic\n|-damage|p2a: Milotic|42/293\n|\n|-heal|p2a: Milotic|60/293|[from] item: Leftovers\n|-heal|p1a: Chimecho|184/290|[from] item: Leftovers\n|upkeep\n|turn|29\n|\n|t:|1782793155\n|move|p2a: Milotic|Recover|p2a: Milotic\n|-heal|p2a: Milotic|207/293\n|move|p1a: Chimecho|Psyshock|p2a: Milotic\n|-damage|p2a: Milotic|101/293\n|\n|-heal|p2a: Milotic|119/293|[from] item: Leftovers\n|-heal|p1a: Chimecho|202/290|[from] item: Leftovers\n|upkeep\n|turn|30\n|\n|t:|1782793157\n|move|p2a: Milotic|Recover|p2a: Milotic\n|-heal|p2a: Milotic|266/293\n|move|p1a: Chimecho|Psyshock|p2a: Milotic\n|-damage|p2a: Milotic|151/293\n|\n|-heal|p2a: Milotic|169/293|[from] item: Leftovers\n|-heal|p1a: Chimecho|220/290|[from] item: Leftovers\n|upkeep\n|turn|31\n|\n|t:|1782793160\n|move|p2a: Milotic|Scald|p1a: Chimecho\n|-damage|p1a: Chimecho|142/290\n|-status|p1a: Chimecho|brn\n|move|p1a: Chimecho|Psyshock|p2a: Milotic\n|-damage|p2a: Milotic|46/293\n|\n|-heal|p2a: Milotic|64/293|[from] item: Leftovers\n|-heal|p1a: Chimecho|160/290 brn|[from] item: Leftovers\n|-damage|p1a: Chimecho|142/290 brn|[from] brn\n|upkeep\n|turn|32\n|\n|t:|1782793167\n|move|p2a: Milotic|Recover|p2a: Milotic\n|-heal|p2a: Milotic|211/293\n|move|p1a: Chimecho|Recover|p1a: Chimecho\n|-heal|p1a: Chimecho|287/290 brn\n|\n|-heal|p2a: Milotic|229/293|[from] item: Leftovers\n|-heal|p1a: Chimecho|290/290 brn|[from] item: Leftovers\n|-damage|p1a: Chimecho|272/290 brn|[from] brn\n|upkeep\n|turn|33\n|\n|t:|1782793175\n|move|p2a: Milotic|Scald|p1a: Chimecho\n|-damage|p1a: Chimecho|191/290 brn\n|move|p1a: Chimecho|Calm Mind|p1a: Chimecho\n|-boost|p1a: Chimecho|spa|1\n|-boost|p1a: Chimecho|spd|1\n|\n|-heal|p2a: Milotic|247/293|[from] item: Leftovers\n|-heal|p1a: Chimecho|209/290 brn|[from] item: Leftovers\n|-damage|p1a: Chimecho|191/290 brn|[from] brn\n|upkeep\n|turn|34\n|\n|t:|1782793180\n|move|p2a: Milotic|Haze|p2a: Milotic\n|-clearallboost\n|move|p1a: Chimecho|Psyshock|p2a: Milotic\n|-damage|p2a: Milotic|132/293\n|\n|-heal|p2a: Milotic|150/293|[from] item: Leftovers\n|-heal|p1a: Chimecho|209/290 brn|[from] item: Leftovers\n|-damage|p1a: Chimecho|191/290 brn|[from] brn\n|upkeep\n|turn|35\n|\n|t:|1782793182\n|move|p2a: Milotic|Scald|p1a: Chimecho\n|-damage|p1a: Chimecho|113/290 brn\n|move|p1a: Chimecho|Recover|p1a: Chimecho\n|-heal|p1a: Chimecho|258/290 brn\n|\n|-heal|p2a: Milotic|168/293|[from] item: Leftovers\n|-heal|p1a: Chimecho|276/290 brn|[from] item: Leftovers\n|-damage|p1a: Chimecho|258/290 brn|[from] brn\n|upkeep\n|turn|36\n|\n|t:|1782793187\n|switch|p2a: Zapdos|Zapdos, L78, tera:Electric|80/268\n|move|p1a: Chimecho|Psyshock|p2a: Zapdos\n|-damage|p2a: Zapdos|0 fnt\n|faint|p2a: Zapdos\n|\n|-heal|p1a: Chimecho|276/290 brn|[from] item: Leftovers\n|-damage|p1a: Chimecho|258/290 brn|[from] brn\n|upkeep\n|-message|Echtel forfeited.\n|\n|win|oshawatt51\n", "inputlog": ">version f8ac14003a5f27e1bdc8d8c59608a773c1cb96e5\n>start {\"formatid\":\"gen9randombattle\",\"seed\":\"sodium,a70952be23ecdbccefc6eaf67d4b489f\",\"rated\":\"Rated battle\"}\n>player p1 {\"name\":\"oshawatt51\",\"avatar\":\"ghetsis-gen5bw\",\"rating\":2040,\"seed\":\"sodium,e72731566dc7a881a337221cbd465098\"}\n>player p2 {\"name\":\"Echtel\",\"avatar\":\"170\",\"rating\":2015,\"seed\":\"sodium,8884b8921b6a2c213e7107262ebda0dc\"}\n>p1 move pounce\n>p2 move fireblast\n>p1 switch 5\n>p1 move swordsdance\n>p2 switch 6\n>p1 move ivycudgel\n>p2 move bugbuzz\n>p2 switch 4\n>p1 switch 3\n>p2 move thunderbolt\n>p1 move sludgebomb\n>p2 switch 5\n>p1 move sleeppowder\n>p2 move stealthrock\n>p1 move sludgebomb\n>p2 move psychicnoise\n>p1 move sludgebomb\n>p2 switch 6\n>p2 switch 3\n>p1 switch 6\n>p2 move hurricane\n>p1 move dazzlinggleam\n>p2 move uturn\n>p2 switch 5\n>p1 move dazzlinggleam\n>p2 move nastyplot\n>p1 move dazzlinggleam\n>p2 move alluringvoice\n>p1 switch 6\n>p2 move alluringvoice\n>p2 switch 6\n>p1 move sludgebomb\n>p2 move psychicnoise\n>p1 move sludgebomb\n>p2 move psychicnoise\n>p2 switch 5\n>p1 move sleeppowder\n>p2 move hurricane\n>p1 switch 6\n>p1 move thunderbolt\n>p2 move hurricane terastallize\n>p1 move focusblast\n>p2 move discharge\n>p1 switch 3\n>p1 move ivycudgel\n>p2 move discharge\n>p1 switch 4\n>p1 move liquidation\n>p2 switch 2\n>p1 switch 2\n>p2 move scald\n>p1 move calmmind\n>p2 move scald\n>p1 move recover\n>p2 move haze\n>p1 move calmmind\n>p2 move scald\n>p1 move psyshock\n>p2 move scald\n>p1 move calmmind\n>p2 move recover\n>p1 move psyshock\n>p2 move haze\n>p1 move psyshock\n>p2 move scald\n>p1 move psyshock\n>p2 move recover\n>p1 move psyshock\n>p2 move recover\n>p1 move psyshock\n>p2 move scald\n>p1 move recover\n>p2 move recover\n>p1 move calmmind\n>p2 move scald\n>p1 move psyshock\n>p2 move haze\n>p1 move recover\n>p2 move scald\n>p1 move psyshock\n>p2 switch 2\n>forcelose p2", "uploadtime": 1782792858, "views": 5, "formatid": "gen9randombattle", "rating": null, "private": 0, "password": null, "player_dets": [{"name": "oshawatt51", "avatar": "ghetsis-gen5bw", "rating": 2040, "seed": "sodium,e72731566dc7a881a337221cbd465098"}, {"name": "Echtel", "avatar": "170", "rating": 2015, "seed": "sodium,8884b8921b6a2c213e7107262ebda0dc"}], "teams_full": [{"Kricketune": {"name": "Kricketune", "species": "Kricketune", "speciesId": "kricketune", "gender": "M", "shiny": false, "level": 99, "moves": ["taunt", "stickyweb", "pounce", "knockoff"], "ability": "Technician", "evs": {"hp": 81, "atk": 85, "def": 85, "spa": 85, "spd": 85, "spe": 85}, "ivs": {"hp": 31, "atk": 31, "def": 31, "spa": 31, "spd": 31, "spe": 31}, "item": "Focus Sash", "teraType": "Ghost", "role": "Fast Support", "bvs": {"hp": 77, "atk": 85, "def": 51, "spa": 55, "spd": 51, "spe": 65}, "stats": {"hp": 311, "atk": 224, "def": 157, "spa": 165, "spd": 157, "spe": 185}, "types": ["Bug"]}, "Chimecho": {"name": "Chimecho", "species": "Chimecho", "speciesId": "chimecho", "gender": "F", "shiny": false, "level": 93, "moves": ["dazzlinggleam", "recover", "psyshock", "calmmind"], "ability": "Levitate", "evs": {"hp": 85, "atk": 0, "def": 85, "spa": 85, "spd": 85, "spe": 85}, "ivs": {"hp": 31, "atk": 0, "def": 31, "spa": 31, "spd": 31, "spe": 31}, "item": "Leftovers", "teraType": "Fairy", "role": "Bulky Setup", "bvs": {"hp": 75, "atk": 50, "def": 80, "spa": 95, "spd": 90, "spe": 65}, "stats": {"hp": 290, "atk": 98, "def": 202, "spa": 230, "spd": 220, "spe": 174}, "types": ["Psychic"]}, "Vileplume": {"name": "Vileplume", "species": "Vileplume", "speciesId": "vileplume", "gender": "F", "shiny": false, "level": 85, "moves": ["strengthsap", "sleeppowder", "sludgebomb", "gigadrain"], "ability": "Effect Spore", "evs": {"hp": 85, "atk": 0, "def": 85, "spa": 85, "spd": 85, "spe": 85}, "ivs": {"hp": 31, "atk": 0, "def": 31, "spa": 31, "spd": 31, "spe": 31}, "item": "Leftovers", "teraType": "Steel", "role": "Bulky Attacker", "bvs": {"hp": 75, "atk": 80, "def": 85, "spa": 110, "spd": 90, "spe": 50}, "stats": {"hp": 266, "atk": 141, "def": 193, "spa": 236, "spd": 202, "spe": 134}, "types": ["Grass", "Poison"]}, "Wugtrio": {"name": "Wugtrio", "species": "Wugtrio", "speciesId": "wugtrio", "gender": "F", "shiny": false, "level": 91, "moves": ["throatchop", "aquajet", "stompingtantrum", "liquidation"], "ability": "Gooey", "evs": {"hp": 85, "atk": 85, "def": 85, "spa": 85, "spd": 85, "spe": 85}, "ivs": {"hp": 31, "atk": 31, "def": 31, "spa": 31, "spd": 31, "spe": 31}, "item": "Choice Band", "teraType": "Water", "role": "Fast Attacker", "bvs": {"hp": 35, "atk": 100, "def": 50, "spa": 50, "spd": 70, "spe": 120}, "stats": {"hp": 212, "atk": 234, "def": 143, "spa": 143, "spd": 179, "spe": 270}, "types": ["Water"]}, "Ogerpon": {"name": "Ogerpon", "species": "Ogerpon-Wellspring", "speciesId": "ogerponwellspring", "gender": "F", "shiny": false, "level": 76, "moves": ["powerwhip", "swordsdance", "playrough", "ivycudgel"], "ability": "Water Absorb", "evs": {"hp": 85, "atk": 85, "def": 85, "spa": 85, "spd": 85, "spe": 85}, "ivs": {"hp": 31, "atk": 31, "def": 31, "spa": 31, "spd": 31, "spe": 31}, "item": "Wellspring Mask", "teraType": "Water", "role": "Setup Sweeper", "bvs": {"hp": 80, "atk": 120, "def": 84, "spa": 60, "spd": 96, "spe": 110}, "stats": {"hp": 247, "atk": 226, "def": 172, "spa": 135, "spd": 190, "spe": 211}, "types": ["Grass", "Water"]}, "Ampharos": {"name": "Ampharos", "species": "Ampharos", "speciesId": "ampharos", "gender": "F", "shiny": false, "level": 88, "moves": ["thunderbolt", "voltswitch", "dazzlinggleam", "focusblast"], "ability": "Static", "evs": {"hp": 85, "atk": 0, "def": 85, "spa": 85, "spd": 85, "spe": 85}, "ivs": {"hp": 31, "atk": 0, "def": 31, "spa": 31, "spd": 31, "spe": 31}, "item": "Assault Vest", "teraType": "Fairy", "role": "AV Pivot", "bvs": {"hp": 90, "atk": 75, "def": 85, "spa": 115, "spd": 90, "spe": 55}, "stats": {"hp": 302, "atk": 137, "def": 200, "spa": 253, "spd": 209, "spe": 147}, "types": ["Electric"]}}, {"Volcarona": {"name": "Volcarona", "species": "Volcarona", "speciesId": "volcarona", "gender": "F", "shiny": false, "level": 77, "moves": ["gigadrain", "quiverdance", "morningsun", "fireblast"], "ability": "Flame Body", "evs": {"hp": 85, "atk": 0, "def": 85, "spa": 85, "spd": 85, "spe": 85}, "ivs": {"hp": 31, "atk": 0, "def": 31, "spa": 31, "spd": 31, "spe": 31}, "item": "Heavy-Duty Boots", "teraType": "Grass", "role": "Fast Bulky Setup", "bvs": {"hp": 85, "atk": 60, "def": 65, "spa": 135, "spd": 105, "spe": 100}, "stats": {"hp": 257, "atk": 97, "def": 145, "spa": 252, "spd": 206, "spe": 199}, "types": ["Bug", "Fire"]}, "Milotic": {"name": "Milotic", "species": "Milotic", "speciesId": "milotic", "gender": "F", "shiny": false, "level": 83, "moves": ["scald", "recover", "haze", "icebeam"], "ability": "Competitive", "evs": {"hp": 85, "atk": 0, "def": 85, "spa": 85, "spd": 85, "spe": 85}, "ivs": {"hp": 31, "atk": 0, "def": 31, "spa": 31, "spd": 31, "spe": 31}, "item": "Leftovers", "teraType": "Steel", "role": "Bulky Attacker", "bvs": {"hp": 95, "atk": 60, "def": 79, "spa": 100, "spd": 125, "spe": 81}, "stats": {"hp": 293, "atk": 104, "def": 179, "spa": 214, "spd": 255, "spe": 182}, "types": ["Water"]}, "Zapdos": {"name": "Zapdos", "species": "Zapdos", "speciesId": "zapdos", "gender": "N", "shiny": false, "level": 78, "moves": ["uturn", "roost", "discharge", "hurricane"], "ability": "Static", "evs": {"hp": 85, "atk": 85, "def": 85, "spa": 85, "spd": 85, "spe": 85}, "ivs": {"hp": 31, "atk": 31, "def": 31, "spa": 31, "spd": 31, "spe": 31}, "item": "Heavy-Duty Boots", "teraType": "Electric", "role": "Bulky Attacker", "bvs": {"hp": 90, "atk": 90, "def": 85, "spa": 125, "spd": 90, "spe": 100}, "stats": {"hp": 268, "atk": 185, "def": 178, "spa": 240, "spd": 185, "spe": 201}, "types": ["Electric", "Flying"]}, "Minun": {"name": "Minun", "species": "Minun", "speciesId": "minun", "gender": "F", "shiny": false, "level": 95, "moves": ["nastyplot", "thunderbolt", "alluringvoice", "grassknot"], "ability": "Volt Absorb", "evs": {"hp": 85, "atk": 0, "def": 85, "spa": 85, "spd": 85, "spe": 85}, "ivs": {"hp": 31, "atk": 0, "def": 31, "spa": 31, "spd": 31, "spe": 31}, "item": "Life Orb", "teraType": "Electric", "role": "Setup Sweeper", "bvs": {"hp": 60, "atk": 40, "def": 50, "spa": 75, "spd": 85, "spe": 95}, "stats": {"hp": 268, "atk": 81, "def": 149, "spa": 196, "spd": 215, "spe": 234}, "types": ["Electric"]}, "Mew": {"name": "Mew", "species": "Mew", "speciesId": "mew", "gender": "N", "shiny": false, "level": 82, "moves": ["uturn", "stealthrock", "toxicspikes", "psychicnoise"], "ability": "Synchronize", "evs": {"hp": 85, "atk": 85, "def": 85, "spa": 85, "spd": 85, "spe": 85}, "ivs": {"hp": 31, "atk": 31, "def": 31, "spa": 31, "spd": 31, "spe": 31}, "item": "Leftovers", "teraType": "Fairy", "role": "Bulky Support", "bvs": {"hp": 100, "atk": 100, "def": 100, "spa": 100, "spd": 100, "spe": 100}, "stats": {"hp": 298, "atk": 211, "def": 211, "spa": 211, "spd": 211, "spe": 211}, "types": ["Psychic"]}, "Ribombee": {"name": "Ribombee", "species": "Ribombee", "speciesId": "ribombee", "gender": "F", "shiny": false, "level": 83, "moves": ["uturn", "stickyweb", "moonblast", "bugbuzz"], "ability": "Shield Dust", "evs": {"hp": 85, "atk": 85, "def": 85, "spa": 85, "spd": 85, "spe": 85}, "ivs": {"hp": 31, "atk": 31, "def": 31, "spa": 31, "spd": 31, "spe": 31}, "item": "Heavy-Duty Boots", "teraType": "Ghost", "role": "Fast Support", "bvs": {"hp": 60, "atk": 55, "def": 60, "spa": 95, "spd": 70, "spe": 124}, "stats": {"hp": 235, "atk": 139, "def": 147, "spa": 205, "spd": 164, "spe": 254}, "types": ["Bug", "Fairy"]}}]}