{"id": "gen9randombattle-2641478928", "format": "[Gen 9] Random Battle", "players": ["toplaneisop", "Mundilloo"], "log": "|j|\u2606toplaneisop\n|j|\u2606Mundilloo\n|t:|1782791280\n|gametype|singles\n|player|p1|toplaneisop|266|1900\n|player|p2|Mundilloo|2|1938\n|gen|9\n|tier|[Gen 9] Random Battle\n|rated|\n|rule|Species Clause: Limit one of each Pok\u00e9mon\n|rule|HP Percentage Mod: HP is shown in percentages\n|rule|Sleep Clause Mod: Limit one foe put to sleep\n|rule|Illusion Level Mod: Illusion disguises the Pok\u00e9mon's true level\n|\n|t:|1782791280\n|teamsize|p1|6\n|teamsize|p2|6\n|start\n|switch|p1a: Urshifu|Urshifu, L74, M|270/270\n|switch|p2a: Whiscash|Whiscash, L88, F|337/337\n|turn|1\n|inactive|Battle timer is ON: inactive players will automatically lose when time's up. (requested by toplaneisop)\n|\n|t:|1782791306\n|switch|p2a: Luvdisc|Luvdisc, M|247/247\n|move|p1a: Urshifu|Swords Dance|p1a: Urshifu\n|-boost|p1a: Urshifu|atk|2\n|\n|upkeep\n|turn|2\n|\n|t:|1782791321\n|switch|p1a: Iron Bundle|Iron Bundle, L78|215/215\n|move|p2a: Luvdisc|Substitute|p2a: Luvdisc\n|-start|p2a: Luvdisc|Substitute\n|-damage|p2a: Luvdisc|186/247\n|\n|upkeep\n|turn|3\n|\n|t:|1782791325\n|move|p1a: Iron Bundle|Encore|p2a: Luvdisc\n|-start|p2a: Luvdisc|Encore\n|move|p2a: Luvdisc|Substitute|p2a: Luvdisc\n|-fail|p2a: Luvdisc|move: Substitute\n|\n|upkeep\n|turn|4\n|\n|t:|1782791335\n|move|p1a: Iron Bundle|Freeze-Dry|p2a: Luvdisc\n|-supereffective|p2a: Luvdisc\n|-end|p2a: Luvdisc|Substitute\n|move|p2a: Luvdisc|Substitute|p2a: Luvdisc\n|-start|p2a: Luvdisc|Substitute\n|-damage|p2a: Luvdisc|125/247\n|\n|upkeep\n|turn|5\n|\n|t:|1782791341\n|move|p1a: Iron Bundle|Freeze-Dry|p2a: Luvdisc\n|-supereffective|p2a: Luvdisc\n|-end|p2a: Luvdisc|Substitute\n|move|p2a: Luvdisc|Substitute|p2a: Luvdisc\n|-start|p2a: Luvdisc|Substitute\n|-damage|p2a: Luvdisc|64/247\n|\n|-end|p2a: Luvdisc|Encore\n|upkeep\n|turn|6\n|\n|t:|1782791343\n|move|p1a: Iron Bundle|Encore|p2a: Luvdisc\n|-start|p2a: Luvdisc|Encore\n|move|p2a: Luvdisc|Substitute|p2a: Luvdisc\n|-fail|p2a: Luvdisc|move: Substitute\n|\n|upkeep\n|turn|7\n|\n|t:|1782791350\n|switch|p2a: Infernape|Infernape, L82, F|259/259\n|move|p1a: Iron Bundle|Freeze-Dry|p2a: Infernape\n|-resisted|p2a: Infernape\n|-damage|p2a: Infernape|208/259\n|\n|upkeep\n|turn|8\n|\n|t:|1782791358\n|switch|p2a: Electrode|Electrode-Hisui, L87|246/246\n|move|p1a: Iron Bundle|Hydro Pump|p2a: Electrode\n|-resisted|p2a: Electrode\n|-damage|p2a: Electrode|177/246\n|\n|-heal|p2a: Electrode|192/246|[from] item: Leftovers\n|upkeep\n|turn|9\n|\n|t:|1782791365\n|-end|p1a: Iron Bundle|Quark Drive|[silent]\n|switch|p1a: Ditto|Ditto, L87|225/225\n|-transform|p1a: Ditto|p2a: Electrode|[from] ability: Imposter\n|move|p2a: Electrode|Substitute|p2a: Electrode\n|-start|p2a: Electrode|Substitute\n|-damage|p2a: Electrode|131/246\n|\n|-heal|p2a: Electrode|146/246|[from] item: Leftovers\n|upkeep\n|turn|10\n|\n|t:|1782791373\n|move|p1a: Ditto|Thunderbolt|p2a: Electrode\n|-resisted|p2a: Electrode\n|-activate|p2a: Electrode|move: Substitute|[damage]\n|move|p2a: Electrode|Giga Drain|p1a: Ditto\n|-resisted|p1a: Ditto\n|-damage|p1a: Ditto|184/225\n|-heal|p2a: Electrode|167/246|[from] drain|[of] p1a: Ditto\n|\n|-heal|p2a: Electrode|182/246|[from] item: Leftovers\n|upkeep\n|turn|11\n|\n|t:|1782791376\n|move|p1a: Ditto|Thunderbolt|p2a: Electrode\n|-resisted|p2a: Electrode\n|-activate|p2a: Electrode|move: Substitute|[damage]\n|move|p2a: Electrode|Giga Drain|p1a: Ditto\n|-resisted|p1a: Ditto\n|-damage|p1a: Ditto|144/225\n|-heal|p2a: Electrode|202/246|[from] drain|[of] p1a: Ditto\n|\n|-heal|p2a: Electrode|217/246|[from] item: Leftovers\n|upkeep\n|turn|12\n|\n|t:|1782791389\n|switch|p1a: Vivillon|Vivillon-Savanna, L83, F|268/268\n|move|p2a: Electrode|Giga Drain|p1a: Vivillon\n|-resisted|p1a: Vivillon\n|-damage|p1a: Vivillon|240/268\n|-heal|p2a: Electrode|231/246|[from] drain|[of] p1a: Vivillon\n|\n|-heal|p2a: Electrode|246/246|[from] item: Leftovers\n|upkeep\n|turn|13\n|\n|t:|1782791396\n|move|p2a: Electrode|Leech Seed|p1a: Vivillon|[miss]\n|-miss|p2a: Electrode|p1a: Vivillon\n|move|p1a: Vivillon|Bug Buzz|p2a: Electrode\n|-immune|p2a: Electrode|[from] ability: Soundproof\n|\n|upkeep\n|turn|14\n|\n|t:|1782791404\n|switch|p1a: Meowstic|Meowstic, L89, M|277/277\n|move|p2a: Electrode|Thunderbolt|p1a: Meowstic\n|-damage|p1a: Meowstic|184/277\n|\n|-heal|p1a: Meowstic|201/277|[from] item: Leftovers\n|upkeep\n|turn|15\n|\n|t:|1782791419\n|move|p2a: Electrode|Thunderbolt|p1a: Meowstic\n|-damage|p1a: Meowstic|120/277\n|move|p1a: Meowstic|Psychic Noise|p2a: Electrode\n|-immune|p2a: Electrode|[from] ability: Soundproof\n|\n|-heal|p1a: Meowstic|137/277|[from] item: Leftovers\n|upkeep\n|turn|16\n|\n|t:|1782791429\n|move|p2a: Electrode|Thunderbolt|p1a: Meowstic\n|-damage|p1a: Meowstic|44/277\n|move|p1a: Meowstic|Alluring Voice|p2a: Electrode\n|-immune|p2a: Electrode|[from] ability: Soundproof\n|\n|-heal|p1a: Meowstic|61/277|[from] item: Leftovers\n|upkeep\n|turn|17\n|\n|t:|1782791434\n|move|p2a: Electrode|Thunderbolt|p1a: Meowstic\n|-damage|p1a: Meowstic|0 fnt\n|faint|p1a: Meowstic\n|\n|upkeep\n|\n|t:|1782791437\n|switch|p1a: Iron Bundle|Iron Bundle, L78|215/215\n|turn|18\n|\n|t:|1782791441\n|-terastallize|p1a: Iron Bundle|Ice\n|move|p2a: Electrode|Thunderbolt|p1a: Iron Bundle\n|-damage|p1a: Iron Bundle|97/215\n|move|p1a: Iron Bundle|Ice Beam|p2a: Electrode\n|-supereffective|p2a: Electrode\n|-end|p2a: Electrode|Substitute\n|\n|upkeep\n|turn|19\n|\n|t:|1782791446\n|move|p2a: Electrode|Thunderbolt|p1a: Iron Bundle\n|-damage|p1a: Iron Bundle|0 fnt\n|faint|p1a: Iron Bundle\n|-end|p1a: Iron Bundle|Quark Drive|[silent]\n|\n|upkeep\n|\n|t:|1782791457\n|switch|p1a: Urshifu|Urshifu, L74, M|270/270\n|turn|20\n|\n|t:|1782791463\n|switch|p2a: Infernape|Infernape, L82, F|208/259\n|move|p1a: Urshifu|Poison Jab|p2a: Infernape\n|-damage|p2a: Infernape|125/259\n|-status|p2a: Infernape|psn\n|-damage|p1a: Urshifu|243/270|[from] item: Life Orb\n|\n|-damage|p2a: Infernape|93/259 psn|[from] psn\n|upkeep\n|turn|21\n|\n|t:|1782791474\n|switch|p1a: Slowking|Slowking, L88, M|310/310\n|move|p2a: Infernape|Close Combat|p1a: Slowking\n|-resisted|p1a: Slowking\n|-damage|p1a: Slowking|228/310\n|-unboost|p2a: Infernape|def|1\n|-unboost|p2a: Infernape|spd|1\n|-damage|p2a: Infernape|68/259 psn|[from] item: Life Orb\n|\n|-heal|p1a: Slowking|247/310|[from] item: Leftovers\n|-damage|p2a: Infernape|36/259 psn|[from] psn\n|upkeep\n|turn|22\n|\n|t:|1782791482\n|move|p2a: Infernape|Knock Off|p1a: Slowking\n|-supereffective|p1a: Slowking\n|-crit|p1a: Slowking\n|-damage|p1a: Slowking|0 fnt\n|-enditem|p1a: Slowking|Leftovers|[from] move: Knock Off|[of] p2a: Infernape\n|faint|p1a: Slowking\n|-damage|p2a: Infernape|11/259 psn|[from] item: Life Orb\n|\n|-damage|p2a: Infernape|0 fnt|[from] psn\n|faint|p2a: Infernape\n|upkeep\n|\n|t:|1782791489\n|switch|p2a: Azelf|Azelf, L82|257/257\n|switch|p1a: Urshifu|Urshifu, L74, M|243/270\n|turn|23\n|\n|t:|1782791495\n|switch|p1a: Ditto|Ditto, L87|144/225\n|-transform|p1a: Ditto|p2a: Azelf|[from] ability: Imposter\n|move|p2a: Azelf|Explosion|p1a: Ditto\n|-damage|p1a: Ditto|0 fnt\n|faint|p2a: Azelf\n|faint|p1a: Ditto\n|\n|upkeep\n|\n|t:|1782791500\n|switch|p2a: Luvdisc|Luvdisc, M|64/247\n|switch|p1a: Urshifu|Urshifu, L74, M|243/270\n|turn|24\n|\n|t:|1782791511\n|switch|p1a: Vivillon|Vivillon-Savanna, L83, F|240/268\n|move|p2a: Luvdisc|Substitute|p2a: Luvdisc\n|-start|p2a: Luvdisc|Substitute\n|-damage|p2a: Luvdisc|3/247\n|\n|upkeep\n|turn|25\n|\n|t:|1782791519\n|move|p2a: Luvdisc|Whirlpool|p1a: Vivillon\n|-damage|p1a: Vivillon|200/268\n|-activate|p1a: Vivillon|move: Whirlpool|[of] p2a: Luvdisc\n|move|p1a: Vivillon|Quiver Dance|p1a: Vivillon\n|-boost|p1a: Vivillon|spa|1\n|-boost|p1a: Vivillon|spd|1\n|-boost|p1a: Vivillon|spe|1\n|\n|-damage|p1a: Vivillon|167/268|[from] move: Whirlpool|[partiallytrapped]\n|upkeep\n|turn|26\n|\n|t:|1782791523\n|move|p1a: Vivillon|Bug Buzz|p2a: Luvdisc\n|-damage|p2a: Luvdisc|0 fnt\n|faint|p2a: Luvdisc\n|\n|-end|p1a: Vivillon|Whirlpool|[partiallytrapped]|[silent]\n|upkeep\n|\n|t:|1782791536\n|switch|p2a: Electrode|Electrode-Hisui, L87|246/246\n|turn|27\n|\n|t:|1782791539\n|move|p2a: Electrode|Substitute|p2a: Electrode\n|-start|p2a: Electrode|Substitute\n|-damage|p2a: Electrode|185/246\n|move|p1a: Vivillon|Hurricane|p2a: Electrode\n|-end|p2a: Electrode|Substitute\n|\n|-heal|p2a: Electrode|200/246|[from] item: Leftovers\n|upkeep\n|turn|28\n|\n|t:|1782791543\n|move|p2a: Electrode|Substitute|p2a: Electrode\n|-start|p2a: Electrode|Substitute\n|-damage|p2a: Electrode|139/246\n|move|p1a: Vivillon|Hurricane|p2a: Electrode\n|-end|p2a: Electrode|Substitute\n|\n|-heal|p2a: Electrode|154/246|[from] item: Leftovers\n|upkeep\n|turn|29\n|\n|t:|1782791546\n|move|p2a: Electrode|Substitute|p2a: Electrode\n|-start|p2a: Electrode|Substitute\n|-damage|p2a: Electrode|93/246\n|move|p1a: Vivillon|Hurricane|p2a: Electrode\n|-end|p2a: Electrode|Substitute\n|\n|-heal|p2a: Electrode|108/246|[from] item: Leftovers\n|upkeep\n|turn|30\n|\n|t:|1782791550\n|move|p2a: Electrode|Substitute|p2a: Electrode\n|-start|p2a: Electrode|Substitute\n|-damage|p2a: Electrode|47/246\n|move|p1a: Vivillon|Hurricane|p2a: Electrode|[miss]\n|-miss|p1a: Vivillon|p2a: Electrode\n|\n|-heal|p2a: Electrode|62/246|[from] item: Leftovers\n|upkeep\n|turn|31\n|\n|t:|1782791553\n|move|p2a: Electrode|Leech Seed|p1a: Vivillon\n|-start|p1a: Vivillon|move: Leech Seed\n|move|p1a: Vivillon|Hurricane|p2a: Electrode\n|-end|p2a: Electrode|Substitute\n|\n|-heal|p2a: Electrode|77/246|[from] item: Leftovers\n|-damage|p1a: Vivillon|134/268|[from] Leech Seed|[of] p2a: Electrode\n|-heal|p2a: Electrode|110/246|[silent]\n|upkeep\n|turn|32\n|\n|t:|1782791556\n|switch|p1a: Urshifu|Urshifu, L74, M|243/270\n|move|p2a: Electrode|Substitute|p2a: Electrode\n|-start|p2a: Electrode|Substitute\n|-damage|p2a: Electrode|49/246\n|\n|-heal|p2a: Electrode|64/246|[from] item: Leftovers\n|upkeep\n|turn|33\n|\n|t:|1782791561\n|move|p2a: Electrode|Leech Seed|p1a: Urshifu\n|-start|p1a: Urshifu|move: Leech Seed\n|move|p1a: Urshifu|Poison Jab|p2a: Electrode\n|-supereffective|p2a: Electrode\n|-end|p2a: Electrode|Substitute\n|-damage|p1a: Urshifu|216/270|[from] item: Life Orb\n|\n|-heal|p2a: Electrode|79/246|[from] item: Leftovers\n|-damage|p1a: Urshifu|183/270|[from] Leech Seed|[of] p2a: Electrode\n|-heal|p2a: Electrode|112/246|[silent]\n|upkeep\n|turn|34\n|\n|t:|1782791563\n|switch|p1a: Vivillon|Vivillon-Savanna, L83, F|134/268\n|move|p2a: Electrode|Substitute|p2a: Electrode\n|-start|p2a: Electrode|Substitute\n|-damage|p2a: Electrode|51/246\n|\n|-heal|p2a: Electrode|66/246|[from] item: Leftovers\n|upkeep\n|turn|35\n|\n|t:|1782791568\n|move|p2a: Electrode|Leech Seed|p1a: Vivillon\n|-start|p1a: Vivillon|move: Leech Seed\n|move|p1a: Vivillon|Hurricane|p2a: Electrode\n|-end|p2a: Electrode|Substitute\n|\n|-heal|p2a: Electrode|81/246|[from] item: Leftovers\n|-damage|p1a: Vivillon|101/268|[from] Leech Seed|[of] p2a: Electrode\n|-heal|p2a: Electrode|114/246|[silent]\n|upkeep\n|turn|36\n|\n|t:|1782791572\n|switch|p1a: Urshifu|Urshifu, L74, M|183/270\n|move|p2a: Electrode|Substitute|p2a: Electrode\n|-start|p2a: Electrode|Substitute\n|-damage|p2a: Electrode|53/246\n|\n|-heal|p2a: Electrode|68/246|[from] item: Leftovers\n|upkeep\n|turn|37\n|\n|t:|1782791574\n|move|p2a: Electrode|Leech Seed|p1a: Urshifu\n|-start|p1a: Urshifu|move: Leech Seed\n|move|p1a: Urshifu|Poison Jab|p2a: Electrode\n|-supereffective|p2a: Electrode\n|-end|p2a: Electrode|Substitute\n|-damage|p1a: Urshifu|156/270|[from] item: Life Orb\n|\n|-heal|p2a: Electrode|83/246|[from] item: Leftovers\n|-damage|p1a: Urshifu|123/270|[from] Leech Seed|[of] p2a: Electrode\n|-heal|p2a: Electrode|116/246|[silent]\n|upkeep\n|turn|38\n|\n|t:|1782791577\n|switch|p1a: Vivillon|Vivillon-Savanna, L83, F|101/268\n|move|p2a: Electrode|Substitute|p2a: Electrode\n|-start|p2a: Electrode|Substitute\n|-damage|p2a: Electrode|55/246\n|\n|-heal|p2a: Electrode|70/246|[from] item: Leftovers\n|upkeep\n|turn|39\n|\n|t:|1782791580\n|move|p2a: Electrode|Leech Seed|p1a: Vivillon\n|-start|p1a: Vivillon|move: Leech Seed\n|move|p1a: Vivillon|Hurricane|p2a: Electrode\n|-end|p2a: Electrode|Substitute\n|\n|-heal|p2a: Electrode|85/246|[from] item: Leftovers\n|-damage|p1a: Vivillon|68/268|[from] Leech Seed|[of] p2a: Electrode\n|-heal|p2a: Electrode|118/246|[silent]\n|upkeep\n|turn|40\n|\n|t:|1782791583\n|switch|p1a: Urshifu|Urshifu, L74, M|123/270\n|move|p2a: Electrode|Substitute|p2a: Electrode\n|-start|p2a: Electrode|Substitute\n|-damage|p2a: Electrode|57/246\n|\n|-heal|p2a: Electrode|72/246|[from] item: Leftovers\n|upkeep\n|turn|41\n|\n|t:|1782791588\n|move|p2a: Electrode|Thunderbolt|p1a: Urshifu\n|-damage|p1a: Urshifu|3/270\n|move|p1a: Urshifu|Poison Jab|p2a: Electrode\n|-supereffective|p2a: Electrode\n|-end|p2a: Electrode|Substitute\n|-damage|p1a: Urshifu|0 fnt|[from] item: Life Orb\n|faint|p1a: Urshifu\n|\n|-heal|p2a: Electrode|87/246|[from] item: Leftovers\n|upkeep\n|-message|toplaneisop forfeited.\n|\n|win|Mundilloo\n", "inputlog": ">version f8ac14003a5f27e1bdc8d8c59608a773c1cb96e5\n>start {\"formatid\":\"gen9randombattle\",\"seed\":\"sodium,ed3ce78c43884c0a25ebf7df51caedc4\",\"rated\":\"Rated battle\"}\n>player p1 {\"name\":\"toplaneisop\",\"avatar\":\"266\",\"rating\":1900,\"seed\":\"sodium,428a414b2cc7552e978344663d583942\"}\n>player p2 {\"name\":\"Mundilloo\",\"avatar\":\"2\",\"rating\":1938,\"seed\":\"sodium,d8745c8ad31fac2bb4c446d61edf381c\"}\n>p1 move swordsdance\n>p2 switch 6\n>p1 switch 5\n>p2 move substitute\n>p1 move encore\n>p2 move whirlpool\n>p1 move freezedry\n>p2 move substitute\n>p1 move freezedry\n>p2 move substitute\n>p1 move encore\n>p2 move substitute\n>p1 move freezedry\n>p2 switch 2\n>p1 move hydropump\n>p2 switch 4\n>p1 switch 4\n>p2 move substitute\n>p1 move thunderbolt\n>p2 move gigadrain\n>p1 move thunderbolt\n>p2 move gigadrain\n>p1 switch 6\n>p2 move gigadrain\n>p1 move bugbuzz\n>p2 move leechseed\n>p1 switch 2\n>p2 move thunderbolt\n>p1 move psychicnoise\n>p2 move thunderbolt\n>p1 move alluringvoice\n>p2 move thunderbolt\n>p1 move psychicnoise\n>p2 move thunderbolt\n>p1 switch 4\n>p1 move icebeam terastallize\n>p2 move thunderbolt\n>p1 move icebeam\n>p2 move thunderbolt\n>p1 switch 5\n>p1 move poisonjab\n>p2 switch 4\n>p1 switch 3\n>p2 move closecombat\n>p1 move thunderwave\n>p2 move knockoff\n>p1 switch 3\n>p2 switch 5\n>p1 switch 6\n>p2 move explosion\n>p1 switch 6\n>p2 switch 2\n>p1 switch 2\n>p2 move substitute\n>p1 move quiverdance\n>p2 move whirlpool\n>p1 move bugbuzz\n>p2 move endeavor\n>p2 switch 4\n>p1 move hurricane\n>p2 move substitute\n>p1 move hurricane\n>p2 move substitute\n>p1 move hurricane\n>p2 move substitute\n>p1 move hurricane\n>p2 move substitute\n>p1 move hurricane\n>p2 move leechseed\n>p1 switch 2\n>p2 move substitute\n>p1 move poisonjab\n>p2 move leechseed\n>p1 switch 2\n>p2 move substitute\n>p1 move hurricane\n>p2 move leechseed\n>p1 switch 2\n>p2 move substitute\n>p1 move poisonjab\n>p2 move leechseed\n>p1 switch 2\n>p2 move substitute\n>p1 move hurricane\n>p2 move leechseed\n>p1 switch 2\n>p2 move substitute\n>p1 move poisonjab\n>p2 move thunderbolt\n>forcelose p1", "uploadtime": 1782791282, "views": 3, "formatid": "gen9randombattle", "rating": null, "private": 0, "password": null, "player_dets": [{"name": "toplaneisop", "avatar": "266", "rating": 1900, "seed": "sodium,428a414b2cc7552e978344663d583942"}, {"name": "Mundilloo", "avatar": "2", "rating": 1938, "seed": "sodium,d8745c8ad31fac2bb4c446d61edf381c"}], "teams_full": [{"Urshifu": {"name": "Urshifu", "species": "Urshifu", "speciesId": "urshifu", "gender": "M", "shiny": false, "level": 74, "moves": ["poisonjab", "wickedblow", "swordsdance", "closecombat"], "ability": "Unseen Fist", "evs": {"hp": 85, "atk": 85, "def": 85, "spa": 85, "spd": 85, "spe": 85}, "ivs": {"hp": 31, "atk": 31, "def": 31, "spa": 31, "spd": 31, "spe": 31}, "item": "Life Orb", "teraType": "Poison", "role": "Fast Attacker", "bvs": {"hp": 100, "atk": 130, "def": 100, "spa": 63, "spd": 60, "spe": 97}, "stats": {"hp": 270, "atk": 235, "def": 191, "spa": 136, "spd": 132, "spe": 187}, "types": ["Fighting", "Dark"]}, "Meowstic": {"name": "Meowstic", "species": "Meowstic", "speciesId": "meowstic", "gender": "M", "shiny": false, "level": 89, "moves": ["psychicnoise", "thunderwave", "alluringvoice", "yawn"], "ability": "Prankster", "evs": {"hp": 85, "atk": 0, "def": 85, "spa": 85, "spd": 85, "spe": 85}, "ivs": {"hp": 31, "atk": 0, "def": 31, "spa": 31, "spd": 31, "spe": 31}, "item": "Leftovers", "teraType": "Fairy", "role": "Bulky Support", "bvs": {"hp": 74, "atk": 48, "def": 76, "spa": 83, "spd": 81, "spe": 104}, "stats": {"hp": 277, "atk": 90, "def": 186, "spa": 199, "spd": 195, "spe": 236}, "types": ["Psychic"]}, "Slowking": {"name": "Slowking", "species": "Slowking", "speciesId": "slowking", "gender": "M", "shiny": false, "level": 88, "moves": ["slackoff", "thunderwave", "scald", "psychicnoise"], "ability": "Regenerator", "evs": {"hp": 85, "atk": 0, "def": 85, "spa": 85, "spd": 85, "spe": 85}, "ivs": {"hp": 31, "atk": 0, "def": 31, "spa": 31, "spd": 31, "spe": 31}, "item": "Leftovers", "teraType": "Fairy", "role": "Bulky Attacker", "bvs": {"hp": 95, "atk": 75, "def": 80, "spa": 100, "spd": 110, "spe": 30}, "stats": {"hp": 310, "atk": 137, "def": 191, "spa": 226, "spd": 244, "spe": 103}, "types": ["Water", "Psychic"]}, "Ditto": {"name": "Ditto", "species": "Ditto", "speciesId": "ditto", "gender": "N", "shiny": false, "level": 87, "moves": ["transform"], "ability": "Imposter", "evs": {"hp": 85, "atk": 85, "def": 85, "spa": 85, "spd": 85, "spe": 85}, "ivs": {"hp": 31, "atk": 31, "def": 31, "spa": 31, "spd": 31, "spe": 31}, "item": "Choice Scarf", "teraType": "Steel", "role": "Fast Support", "bvs": {"hp": 48, "atk": 48, "def": 48, "spa": 48, "spd": 48, "spe": 48}, "stats": {"hp": 225, "atk": 133, "def": 133, "spa": 133, "spd": 133, "spe": 133}, "types": ["Normal"]}, "Iron Bundle": {"name": "Iron Bundle", "species": "Iron Bundle", "speciesId": "ironbundle", "gender": "N", "shiny": false, "level": 78, "moves": ["encore", "freezedry", "hydropump", "icebeam"], "ability": "Quark Drive", "evs": {"hp": 85, "atk": 0, "def": 85, "spa": 85, "spd": 85, "spe": 85}, "ivs": {"hp": 31, "atk": 0, "def": 31, "spa": 31, "spd": 31, "spe": 31}, "item": "Heavy-Duty Boots", "teraType": "Ice", "role": "Fast Attacker", "bvs": {"hp": 56, "atk": 80, "def": 114, "spa": 124, "spd": 60, "spe": 136}, "stats": {"hp": 215, "atk": 129, "def": 223, "spa": 239, "spd": 139, "spe": 257}, "types": ["Ice", "Water"]}, "Vivillon": {"name": "Vivillon", "species": "Vivillon-Savanna", "speciesId": "vivillon", "gender": "F", "shiny": false, "level": 83, "moves": ["sleeppowder", "quiverdance", "bugbuzz", "hurricane"], "ability": "Compound Eyes", "evs": {"hp": 85, "atk": 0, "def": 85, "spa": 85, "spd": 85, "spe": 85}, "ivs": {"hp": 31, "atk": 0, "def": 31, "spa": 31, "spd": 31, "spe": 31}, "item": "Heavy-Duty Boots", "teraType": "Flying", "role": "Fast Bulky Setup", "bvs": {"hp": 80, "atk": 52, "def": 50, "spa": 90, "spd": 50, "spe": 89}, "stats": {"hp": 268, "atk": 91, "def": 131, "spa": 197, "spd": 131, "spe": 195}, "types": ["Bug", "Flying"]}}, {"Whiscash": {"name": "Whiscash", "species": "Whiscash", "speciesId": "whiscash", "gender": "F", "shiny": false, "level": 88, "moves": ["hydropump", "earthquake", "stealthrock", "icebeam"], "ability": "Oblivious", "evs": {"hp": 85, "atk": 85, "def": 85, "spa": 85, "spd": 85, "spe": 85}, "ivs": {"hp": 31, "atk": 31, "def": 31, "spa": 31, "spd": 31, "spe": 31}, "item": "Leftovers", "teraType": "Steel", "role": "Bulky Support", "bvs": {"hp": 110, "atk": 78, "def": 73, "spa": 76, "spd": 71, "spe": 60}, "stats": {"hp": 337, "atk": 188, "def": 179, "spa": 184, "spd": 175, "spe": 156}, "types": ["Water", "Ground"]}, "Infernape": {"name": "Infernape", "species": "Infernape", "speciesId": "infernape", "gender": "F", "shiny": false, "level": 82, "moves": ["grassknot", "overheat", "knockoff", "closecombat"], "ability": "Blaze", "evs": {"hp": 85, "atk": 85, "def": 85, "spa": 85, "spd": 85, "spe": 85}, "ivs": {"hp": 31, "atk": 31, "def": 31, "spa": 31, "spd": 31, "spe": 31}, "item": "Life Orb", "teraType": "Fire", "role": "Fast Attacker", "bvs": {"hp": 76, "atk": 104, "def": 71, "spa": 104, "spd": 71, "spe": 108}, "stats": {"hp": 259, "atk": 218, "def": 164, "spa": 218, "spd": 164, "spe": 224}, "types": ["Fire", "Fighting"]}, "Conkeldurr": {"name": "Conkeldurr", "species": "Conkeldurr", "speciesId": "conkeldurr", "gender": "F", "shiny": false, "level": 80, "moves": ["closecombat", "machpunch", "facade", "knockoff"], "ability": "Guts", "evs": {"hp": 85, "atk": 85, "def": 85, "spa": 85, "spd": 85, "spe": 85}, "ivs": {"hp": 31, "atk": 31, "def": 31, "spa": 31, "spd": 31, "spe": 31}, "item": "Flame Orb", "teraType": "Normal", "role": "Wallbreaker", "bvs": {"hp": 105, "atk": 140, "def": 95, "spa": 55, "spd": 65, "spe": 45}, "stats": {"hp": 299, "atk": 270, "def": 198, "spa": 134, "spd": 150, "spe": 118}, "types": ["Fighting"]}, "Electrode": {"name": "Electrode", "species": "Electrode-Hisui", "speciesId": "electrodehisui", "gender": "N", "shiny": false, "level": 87, "moves": ["gigadrain", "thunderbolt", "leechseed", "substitute"], "ability": "Soundproof", "evs": {"hp": 85, "atk": 0, "def": 85, "spa": 85, "spd": 85, "spe": 85}, "ivs": {"hp": 31, "atk": 0, "def": 31, "spa": 31, "spd": 31, "spe": 31}, "item": "Leftovers", "teraType": "Poison", "role": "Fast Support", "bvs": {"hp": 60, "atk": 50, "def": 70, "spa": 80, "spd": 80, "spe": 150}, "stats": {"hp": 246, "atk": 92, "def": 172, "spa": 189, "spd": 189, "spe": 311}, "types": ["Electric", "Grass"]}, "Azelf": {"name": "Azelf", "species": "Azelf", "speciesId": "azelf", "gender": "N", "shiny": false, "level": 82, "moves": ["explosion", "uturn", "psychic", "knockoff"], "ability": "Levitate", "evs": {"hp": 85, "atk": 85, "def": 85, "spa": 85, "spd": 85, "spe": 85}, "ivs": {"hp": 31, "atk": 31, "def": 31, "spa": 31, "spd": 31, "spe": 31}, "item": "Assault Vest", "teraType": "Dark", "role": "Fast Support", "bvs": {"hp": 75, "atk": 125, "def": 70, "spa": 125, "spd": 70, "spe": 115}, "stats": {"hp": 257, "atk": 252, "def": 162, "spa": 252, "spd": 162, "spe": 236}, "types": ["Psychic"]}, "Luvdisc": {"name": "Luvdisc", "species": "Luvdisc", "speciesId": "luvdisc", "gender": "M", "shiny": false, "level": 100, "moves": ["surf", "whirlpool", "endeavor", "substitute"], "ability": "Swift Swim", "evs": {"hp": 81, "atk": 0, "def": 85, "spa": 85, "spd": 85, "spe": 85}, "ivs": {"hp": 31, "atk": 0, "def": 31, "spa": 31, "spd": 31, "spe": 31}, "item": "Heavy-Duty Boots", "teraType": "Ghost", "role": "Fast Support", "bvs": {"hp": 43, "atk": 30, "def": 55, "spa": 40, "spd": 65, "spe": 97}, "stats": {"hp": 247, "atk": 65, "def": 167, "spa": 137, "spd": 187, "spe": 251}, "types": ["Water"]}}]}