{"id": "gen9randombattle-2641263032", "format": "[Gen 9] Random Battle", "players": ["ApatheticOfThyself", "Topcat2000"], "log": "|j|\u2606ApatheticOfThyself\n|j|\u2606Topcat2000\n|t:|1782760677\n|gametype|singles\n|player|p1|ApatheticOfThyself|wallace|1226\n|player|p2|Topcat2000|170|1187\n|gen|9\n|tier|[Gen 9] Random Battle\n|rated|\n|rule|Species Clause: Limit one of each Pok\u00e9mon\n|rule|HP Percentage Mod: HP is shown in percentages\n|rule|Sleep Clause Mod: Limit one foe put to sleep\n|rule|Illusion Level Mod: Illusion disguises the Pok\u00e9mon's true level\n|\n|t:|1782760677\n|teamsize|p1|6\n|teamsize|p2|6\n|start\n|switch|p1a: Swampert|Swampert, L83, M|302/302\n|switch|p2a: Gholdengo|Gholdengo, L77|261/261\n|turn|1\n|inactive|Battle timer is ON: inactive players will automatically lose when time's up. (requested by ApatheticOfThyself)\n|\n|t:|1782760685\n|move|p2a: Gholdengo|Nasty Plot|p2a: Gholdengo\n|-boost|p2a: Gholdengo|spa|2\n|move|p1a: Swampert|Stealth Rock|p2a: Gholdengo\n|-sidestart|p2: Topcat2000|move: Stealth Rock\n|\n|upkeep\n|turn|2\n|\n|t:|1782760697\n|move|p2a: Gholdengo|Shadow Ball|p1a: Swampert\n|-damage|p1a: Swampert|112/302\n|move|p1a: Swampert|Earthquake|p2a: Gholdengo\n|-supereffective|p2a: Gholdengo\n|-damage|p2a: Gholdengo|37/261\n|\n|-heal|p2a: Gholdengo|53/261|[from] item: Leftovers\n|-heal|p1a: Swampert|130/302|[from] item: Leftovers\n|upkeep\n|turn|3\n|\n|t:|1782760707\n|move|p2a: Gholdengo|Shadow Ball|p1a: Swampert\n|-damage|p1a: Swampert|0 fnt\n|faint|p1a: Swampert\n|\n|-heal|p2a: Gholdengo|69/261|[from] item: Leftovers\n|upkeep\n|\n|t:|1782760725\n|switch|p1a: Toedscruel|Toedscruel, L87, M|281/281\n|turn|4\n|inactive|Topcat2000 has 120 seconds left.\n|\n|t:|1782760757\n|move|p1a: Toedscruel|Knock Off|p2a: Gholdengo\n|-supereffective|p2a: Gholdengo\n|-damage|p2a: Gholdengo|0 fnt\n|-enditem|p2a: Gholdengo|Leftovers|[from] move: Knock Off|[of] p1a: Toedscruel\n|faint|p2a: Gholdengo\n|\n|upkeep\n|\n|t:|1782760761\n|switch|p2a: Regigigas|Regigigas, L84|322/322\n|-damage|p2a: Regigigas|282/322|[from] Stealth Rock\n|-start|p2a: Regigigas|ability: Slow Start\n|turn|5\n|\n|t:|1782760770\n|move|p1a: Toedscruel|Knock Off|p2a: Regigigas\n|-damage|p2a: Regigigas|237/322\n|-enditem|p2a: Regigigas|Leftovers|[from] move: Knock Off|[of] p1a: Toedscruel\n|move|p2a: Regigigas|Substitute|p2a: Regigigas\n|-start|p2a: Regigigas|Substitute\n|-damage|p2a: Regigigas|157/322\n|\n|upkeep\n|turn|6\n|\n|t:|1782760772\n|switch|p1a: Poliwrath|Poliwrath, L88, M|302/302\n|move|p2a: Regigigas|Protect||[still]\n|-fail|p2a: Regigigas\n|\n|upkeep\n|turn|7\n|\n|t:|1782760780\n|move|p1a: Poliwrath|Liquidation|p2a: Regigigas\n|-end|p2a: Regigigas|Substitute\n|-damage|p1a: Poliwrath|272/302|[from] item: Life Orb\n|move|p2a: Regigigas|Knock Off|p1a: Poliwrath\n|-resisted|p1a: Poliwrath\n|-damage|p1a: Poliwrath|250/302\n|-enditem|p1a: Poliwrath|Life Orb|[from] move: Knock Off|[of] p2a: Regigigas\n|\n|upkeep\n|turn|8\n|\n|t:|1782760790\n|move|p1a: Poliwrath|Liquidation|p2a: Regigigas\n|-damage|p2a: Regigigas|76/322\n|move|p2a: Regigigas|Body Slam|p1a: Poliwrath\n|-damage|p1a: Poliwrath|189/302\n|\n|upkeep\n|turn|9\n|\n|t:|1782760816\n|move|p1a: Poliwrath|Close Combat|p2a: Regigigas\n|-supereffective|p2a: Regigigas\n|-damage|p2a: Regigigas|0 fnt\n|-unboost|p1a: Poliwrath|def|1\n|-unboost|p1a: Poliwrath|spd|1\n|faint|p2a: Regigigas\n|-end|p2a: Regigigas|Slow Start|[silent]\n|\n|upkeep\n|\n|t:|1782760820\n|switch|p2a: Annihilape|Annihilape, L76, F|292/292\n|-damage|p2a: Annihilape|274/292|[from] Stealth Rock\n|turn|10\n|\n|t:|1782760832\n|move|p2a: Annihilape|Bulk Up|p2a: Annihilape\n|-boost|p2a: Annihilape|atk|1\n|-boost|p2a: Annihilape|def|1\n|move|p1a: Poliwrath|Rain Dance|p1a: Poliwrath\n|-weather|RainDance\n|\n|-weather|RainDance|[upkeep]\n|-heal|p2a: Annihilape|292/292|[from] item: Leftovers\n|upkeep\n|turn|11\n|\n|t:|1782760855\n|move|p1a: Poliwrath|Liquidation|p2a: Annihilape\n|-damage|p2a: Annihilape|166/292\n|move|p2a: Annihilape|Bulk Up|p2a: Annihilape\n|-boost|p2a: Annihilape|atk|1\n|-boost|p2a: Annihilape|def|1\n|\n|-weather|RainDance|[upkeep]\n|-heal|p2a: Annihilape|184/292|[from] item: Leftovers\n|upkeep\n|turn|12\n|\n|t:|1782760864\n|move|p1a: Poliwrath|Knock Off|p2a: Annihilape\n|-damage|p2a: Annihilape|141/292\n|-enditem|p2a: Annihilape|Leftovers|[from] move: Knock Off|[of] p1a: Poliwrath\n|move|p2a: Annihilape|Drain Punch|p1a: Poliwrath\n|-damage|p1a: Poliwrath|0 fnt\n|-heal|p2a: Annihilape|236/292|[from] drain|[of] p1a: Poliwrath\n|faint|p1a: Poliwrath\n|\n|-weather|RainDance|[upkeep]\n|upkeep\n|\n|t:|1782760868\n|switch|p1a: Miraidon|Miraidon, L65|238/238\n|-fieldstart|move: Electric Terrain|[from] ability: Hadron Engine|[of] p1a: Miraidon\n|turn|13\n|\n|t:|1782760873\n|move|p1a: Miraidon|Electro Drift|p2a: Annihilape\n|-damage|p2a: Annihilape|0 fnt\n|faint|p2a: Annihilape\n|\n|-weather|RainDance|[upkeep]\n|upkeep\n|\n|t:|1782760882\n|switch|p2a: Hitmonchan|Hitmonchan, L87, M|229/229\n|-damage|p2a: Hitmonchan|215/229|[from] Stealth Rock\n|turn|14\n|\n|t:|1782760905\n|switch|p1a: Toedscruel|Toedscruel, L87, M|281/281\n|move|p2a: Hitmonchan|Knock Off|p1a: Toedscruel\n|-damage|p1a: Toedscruel|192/281\n|-enditem|p1a: Toedscruel|Assault Vest|[from] move: Knock Off|[of] p2a: Hitmonchan\n|\n|-weather|none\n|-heal|p2a: Hitmonchan|229/229|[from] item: Leftovers\n|upkeep\n|turn|15\n|\n|t:|1782760914\n|move|p1a: Toedscruel|Knock Off|p2a: Hitmonchan\n|-resisted|p2a: Hitmonchan\n|-damage|p2a: Hitmonchan|197/229\n|-enditem|p2a: Hitmonchan|Leftovers|[from] move: Knock Off|[of] p1a: Toedscruel\n|move|p2a: Hitmonchan|Poison Jab|p1a: Toedscruel\n|-damage|p1a: Toedscruel|111/281\n|-status|p1a: Toedscruel|psn\n|\n|-damage|p1a: Toedscruel|76/281 psn|[from] psn\n|upkeep\n|turn|16\n|\n|t:|1782760922\n|move|p1a: Toedscruel|Earth Power|p2a: Hitmonchan\n|-damage|p2a: Hitmonchan|121/229\n|-unboost|p2a: Hitmonchan|spd|1\n|move|p2a: Hitmonchan|Poison Jab|p1a: Toedscruel\n|-crit|p1a: Toedscruel\n|-damage|p1a: Toedscruel|0 fnt\n|faint|p1a: Toedscruel\n|\n|upkeep\n|\n|t:|1782760926\n|switch|p1a: Miraidon|Miraidon, L65|238/238\n|-activate|p1a: Miraidon|ability: Hadron Engine\n|turn|17\n|\n|t:|1782760955\n|move|p1a: Miraidon|Electro Drift|p2a: Hitmonchan\n|-damage|p2a: Hitmonchan|0 fnt\n|faint|p2a: Hitmonchan\n|\n|-fieldend|move: Electric Terrain\n|upkeep\n|\n|t:|1782760958\n|switch|p2a: Iron Leaves|Iron Leaves, L80|275/275\n|-damage|p2a: Iron Leaves|241/275|[from] Stealth Rock\n|turn|18\n|\n|t:|1782760975\n|switch|p1a: Kingambit|Kingambit, L74, F|270/270\n|-activate|p1a: Kingambit|ability: Supreme Overlord\n|-start|p1a: Kingambit|fallen3|[silent]\n|move|p2a: Iron Leaves|Leaf Blade|p1a: Kingambit\n|-resisted|p1a: Kingambit\n|-damage|p1a: Kingambit|197/270\n|\n|-heal|p1a: Kingambit|213/270|[from] item: Leftovers\n|upkeep\n|turn|19\n|\n|t:|1782760988\n|move|p2a: Iron Leaves|Leaf Blade|p1a: Kingambit\n|-resisted|p1a: Kingambit\n|-crit|p1a: Kingambit\n|-damage|p1a: Kingambit|105/270\n|move|p1a: Kingambit|Swords Dance|p1a: Kingambit\n|-boost|p1a: Kingambit|atk|2\n|\n|-heal|p1a: Kingambit|121/270|[from] item: Leftovers\n|upkeep\n|turn|20\n|\n|t:|1782760996\n|move|p1a: Kingambit|Sucker Punch|p2a: Iron Leaves\n|-supereffective|p2a: Iron Leaves\n|-damage|p2a: Iron Leaves|0 fnt\n|faint|p2a: Iron Leaves\n|-end|p2a: Iron Leaves|Quark Drive|[silent]\n|\n|-heal|p1a: Kingambit|137/270|[from] item: Leftovers\n|upkeep\n|\n|t:|1782760999\n|switch|p2a: Cryogonal|Cryogonal, L89|287/287\n|turn|21\n|\n|t:|1782761005\n|move|p2a: Cryogonal|Rapid Spin|p1a: Kingambit\n|-resisted|p1a: Kingambit\n|-damage|p1a: Kingambit|125/270\n|-boost|p2a: Cryogonal|spe|1\n|-sideend|p2: Topcat2000|Stealth Rock|[from] move: Rapid Spin|[of] p2a: Cryogonal\n|move|p1a: Kingambit|Iron Head|p2a: Cryogonal\n|-supereffective|p2a: Cryogonal\n|-damage|p2a: Cryogonal|0 fnt\n|faint|p2a: Cryogonal\n|\n|win|ApatheticOfThyself\n|raw|ApatheticOfThyself's rating: 1226 &rarr; <strong>1248</strong><br />(+22 for winning)\n|raw|Topcat2000's rating: 1187 &rarr; <strong>1165</strong><br />(-22 for losing)\n|l|\u2606Topcat2000\n|player|p2|\n", "inputlog": ">version f8ac14003a5f27e1bdc8d8c59608a773c1cb96e5\n>start {\"formatid\":\"gen9randombattle\",\"seed\":\"sodium,a994cd06b1e470c930e29cf76e71a827\",\"rated\":\"Rated battle\"}\n>player p1 {\"name\":\"ApatheticOfThyself\",\"avatar\":\"wallace\",\"rating\":1226,\"seed\":\"sodium,edc7e182de15d9327c864cd9f5a494a5\"}\n>player p2 {\"name\":\"Topcat2000\",\"avatar\":\"170\",\"rating\":1187,\"seed\":\"sodium,fcbe58240bb05e04489524998b3a978c\"}\n>p1 move stealthrock\n>p2 move nastyplot\n>p1 move earthquake\n>p2 move shadowball\n>p1 move earthquake\n>p2 move shadowball\n>p1 switch 6\n>p1 move knockoff\n>p2 move recover\n>p2 switch 2\n>p1 move knockoff\n>p2 move substitute\n>p1 switch 3\n>p2 move protect\n>p1 move liquidation\n>p2 move knockoff\n>p1 move liquidation\n>p2 move bodyslam\n>p1 move closecombat\n>p2 move bodyslam\n>p2 switch 6\n>p1 move raindance\n>p2 move bulkup\n>p1 move liquidation\n>p2 move bulkup\n>p1 move knockoff\n>p2 move drainpunch\n>p1 switch 2\n>p1 move electrodrift\n>p2 move ragefist\n>p2 switch 5\n>p1 switch 3\n>p2 move knockoff\n>p1 move knockoff\n>p2 move poisonjab\n>p1 move earthpower\n>p2 move poisonjab\n>p1 switch 3\n>p1 move electrodrift\n>p2 move drainpunch\n>p2 switch 3\n>p1 switch 5\n>p2 move leafblade\n>p1 move swordsdance\n>p2 move leafblade\n>p1 move suckerpunch\n>p2 move leafblade\n>p2 switch 4\n>p1 move ironhead\n>p2 move rapidspin", "uploadtime": 1782761018, "views": 6, "formatid": "gen9randombattle", "rating": 1165, "private": 0, "password": null, "player_dets": [{"name": "ApatheticOfThyself", "avatar": "wallace", "rating": 1226, "seed": "sodium,edc7e182de15d9327c864cd9f5a494a5"}, {"name": "Topcat2000", "avatar": "170", "rating": 1187, "seed": "sodium,fcbe58240bb05e04489524998b3a978c"}], "teams_full": [{"Swampert": {"name": "Swampert", "species": "Swampert", "speciesId": "swampert", "gender": "M", "shiny": false, "level": 83, "moves": ["roar", "earthquake", "stealthrock", "icebeam"], "ability": "Damp", "evs": {"hp": 85, "atk": 85, "def": 85, "spa": 85, "spd": 85, "spe": 85}, "ivs": {"hp": 31, "atk": 31, "def": 31, "spa": 31, "spd": 31, "spe": 31}, "item": "Leftovers", "teraType": "Steel", "role": "Bulky Support", "bvs": {"hp": 100, "atk": 110, "def": 90, "spa": 85, "spd": 90, "spe": 60}, "stats": {"hp": 302, "atk": 230, "def": 197, "spa": 189, "spd": 197, "spe": 147}, "types": ["Water", "Ground"]}, "Miraidon": {"name": "Miraidon", "species": "Miraidon", "speciesId": "miraidon", "gender": "N", "shiny": false, "level": 65, "moves": ["overheat", "electrodrift", "voltswitch", "dracometeor"], "ability": "Hadron Engine", "evs": {"hp": 85, "atk": 0, "def": 85, "spa": 85, "spd": 85, "spe": 85}, "ivs": {"hp": 31, "atk": 0, "def": 31, "spa": 31, "spd": 31, "spe": 31}, "item": "Choice Specs", "teraType": "Electric", "role": "Fast Attacker", "bvs": {"hp": 100, "atk": 85, "def": 100, "spa": 135, "spd": 115, "spe": 135}, "stats": {"hp": 238, "atk": 115, "def": 168, "spa": 214, "spd": 188, "spe": 214}, "types": ["Electric", "Dragon"]}, "Poliwrath": {"name": "Poliwrath", "species": "Poliwrath", "speciesId": "poliwrath", "gender": "M", "shiny": false, "level": 88, "moves": ["liquidation", "closecombat", "knockoff", "raindance"], "ability": "Swift Swim", "evs": {"hp": 85, "atk": 85, "def": 85, "spa": 85, "spd": 85, "spe": 85}, "ivs": {"hp": 31, "atk": 31, "def": 31, "spa": 31, "spd": 31, "spe": 31}, "item": "Life Orb", "teraType": "Fighting", "role": "Setup Sweeper", "bvs": {"hp": 90, "atk": 95, "def": 95, "spa": 70, "spd": 90, "spe": 70}, "stats": {"hp": 302, "atk": 217, "def": 217, "spa": 173, "spd": 209, "spe": 173}, "types": ["Water", "Fighting"]}, "Okidogi": {"name": "Okidogi", "species": "Okidogi", "speciesId": "okidogi", "gender": "M", "shiny": false, "level": 77, "moves": ["drainpunch", "bulkup", "knockoff", "gunkshot"], "ability": "Toxic Chain", "evs": {"hp": 85, "atk": 85, "def": 85, "spa": 85, "spd": 85, "spe": 85}, "ivs": {"hp": 31, "atk": 31, "def": 31, "spa": 31, "spd": 31, "spe": 31}, "item": "Leftovers", "teraType": "Dark", "role": "Bulky Setup", "bvs": {"hp": 88, "atk": 128, "def": 115, "spa": 58, "spd": 86, "spe": 80}, "stats": {"hp": 262, "atk": 242, "def": 222, "spa": 134, "spd": 177, "spe": 168}, "types": ["Poison", "Fighting"]}, "Kingambit": {"name": "Kingambit", "species": "Kingambit", "speciesId": "kingambit", "gender": "F", "shiny": false, "level": 74, "moves": ["ironhead", "kowtowcleave", "suckerpunch", "swordsdance"], "ability": "Supreme Overlord", "evs": {"hp": 85, "atk": 85, "def": 85, "spa": 85, "spd": 85, "spe": 85}, "ivs": {"hp": 31, "atk": 31, "def": 31, "spa": 31, "spd": 31, "spe": 31}, "item": "Leftovers", "teraType": "Dark", "role": "Bulky Attacker", "bvs": {"hp": 100, "atk": 135, "def": 120, "spa": 60, "spd": 85, "spe": 50}, "stats": {"hp": 270, "atk": 243, "def": 221, "spa": 132, "spd": 169, "spe": 117}, "types": ["Dark", "Steel"]}, "Toedscruel": {"name": "Toedscruel", "species": "Toedscruel", "speciesId": "toedscruel", "gender": "M", "shiny": false, "level": 87, "moves": ["gigadrain", "earthpower", "rapidspin", "knockoff"], "ability": "Mycelium Might", "evs": {"hp": 85, "atk": 85, "def": 85, "spa": 85, "spd": 85, "spe": 85}, "ivs": {"hp": 31, "atk": 31, "def": 31, "spa": 31, "spd": 31, "spe": 31}, "item": "Assault Vest", "teraType": "Water", "role": "Bulky Support", "bvs": {"hp": 80, "atk": 70, "def": 65, "spa": 80, "spd": 120, "spe": 100}, "stats": {"hp": 281, "atk": 172, "def": 163, "spa": 189, "spd": 259, "spe": 224}, "types": ["Ground", "Grass"]}}, {"Gholdengo": {"name": "Gholdengo", "species": "Gholdengo", "speciesId": "gholdengo", "gender": "N", "shiny": false, "level": 77, "moves": ["shadowball", "nastyplot", "recover", "makeitrain"], "ability": "Good as Gold", "evs": {"hp": 85, "atk": 0, "def": 85, "spa": 85, "spd": 85, "spe": 85}, "ivs": {"hp": 31, "atk": 0, "def": 31, "spa": 31, "spd": 31, "spe": 31}, "item": "Leftovers", "teraType": "Dark", "role": "Bulky Support", "bvs": {"hp": 87, "atk": 60, "def": 95, "spa": 133, "spd": 91, "spe": 84}, "stats": {"hp": 261, "atk": 97, "def": 191, "spa": 249, "spd": 185, "spe": 174}, "types": ["Steel", "Ghost"]}, "Regigigas": {"name": "Regigigas", "species": "Regigigas", "speciesId": "regigigas", "gender": "N", "shiny": false, "level": 84, "moves": ["bodyslam", "substitute", "protect", "knockoff"], "ability": "Slow Start", "evs": {"hp": 85, "atk": 85, "def": 85, "spa": 85, "spd": 85, "spe": 85}, "ivs": {"hp": 31, "atk": 31, "def": 31, "spa": 31, "spd": 31, "spe": 31}, "item": "Leftovers", "teraType": "Ghost", "role": "Bulky Attacker", "bvs": {"hp": 110, "atk": 160, "def": 110, "spa": 80, "spd": 110, "spe": 100}, "stats": {"hp": 322, "atk": 317, "def": 233, "spa": 183, "spd": 233, "spe": 216}, "types": ["Normal"]}, "Iron Leaves": {"name": "Iron Leaves", "species": "Iron Leaves", "speciesId": "ironleaves", "gender": "N", "shiny": false, "level": 80, "moves": ["leafblade", "closecombat", "psyblade", "megahorn"], "ability": "Quark Drive", "evs": {"hp": 85, "atk": 85, "def": 85, "spa": 85, "spd": 85, "spe": 85}, "ivs": {"hp": 31, "atk": 31, "def": 31, "spa": 31, "spd": 31, "spe": 31}, "item": "Choice Band", "teraType": "Fighting", "role": "Wallbreaker", "bvs": {"hp": 90, "atk": 130, "def": 88, "spa": 70, "spd": 108, "spe": 104}, "stats": {"hp": 275, "atk": 254, "def": 187, "spa": 158, "spd": 219, "spe": 213}, "types": ["Grass", "Psychic"]}, "Cryogonal": {"name": "Cryogonal", "species": "Cryogonal", "speciesId": "cryogonal", "gender": "N", "shiny": false, "level": 89, "moves": ["haze", "rapidspin", "freezedry", "recover"], "ability": "Levitate", "evs": {"hp": 85, "atk": 85, "def": 85, "spa": 85, "spd": 85, "spe": 85}, "ivs": {"hp": 31, "atk": 31, "def": 31, "spa": 31, "spd": 31, "spe": 31}, "item": "Heavy-Duty Boots", "teraType": "Steel", "role": "Bulky Support", "bvs": {"hp": 80, "atk": 50, "def": 50, "spa": 95, "spd": 135, "spe": 105}, "stats": {"hp": 287, "atk": 140, "def": 140, "spa": 220, "spd": 291, "spe": 238}, "types": ["Ice"]}, "Hitmonchan": {"name": "Hitmonchan", "species": "Hitmonchan", "speciesId": "hitmonchan", "gender": "M", "shiny": false, "level": 87, "moves": ["drainpunch", "poisonjab", "knockoff", "bulkup"], "ability": "Iron Fist", "evs": {"hp": 85, "atk": 85, "def": 85, "spa": 85, "spd": 85, "spe": 85}, "ivs": {"hp": 31, "atk": 31, "def": 31, "spa": 31, "spd": 31, "spe": 31}, "item": "Leftovers", "teraType": "Steel", "role": "Bulky Setup", "bvs": {"hp": 50, "atk": 105, "def": 79, "spa": 35, "spd": 110, "spe": 76}, "stats": {"hp": 229, "atk": 232, "def": 187, "spa": 111, "spd": 241, "spe": 182}, "types": ["Fighting"]}, "Annihilape": {"name": "Annihilape", "species": "Annihilape", "speciesId": "annihilape", "gender": "F", "shiny": false, "level": 76, "moves": ["drainpunch", "ragefist", "taunt", "bulkup"], "ability": "Defiant", "evs": {"hp": 85, "atk": 85, "def": 85, "spa": 85, "spd": 85, "spe": 85}, "ivs": {"hp": 31, "atk": 31, "def": 31, "spa": 31, "spd": 31, "spe": 31}, "item": "Leftovers", "teraType": "Steel", "role": "Bulky Setup", "bvs": {"hp": 110, "atk": 115, "def": 80, "spa": 50, "spd": 90, "spe": 90}, "stats": {"hp": 292, "atk": 219, "def": 166, "spa": 120, "spd": 181, "spe": 181}, "types": ["Fighting", "Ghost"]}}]}