{"id": "gen9randombattle-2641235440", "format": "[Gen 9] Random Battle", "players": ["akakevin", "testbotcif"], "log": "|j|\u2606akakevin\n|j|\u2606testbotcif\n|t:|1782757211\n|gametype|singles\n|player|p1|akakevin|265|1142\n|player|p2|testbotcif|266|1154\n|gen|9\n|tier|[Gen 9] Random Battle\n|rated|\n|rule|Species Clause: Limit one of each Pok\u00e9mon\n|rule|HP Percentage Mod: HP is shown in percentages\n|rule|Sleep Clause Mod: Limit one foe put to sleep\n|rule|Illusion Level Mod: Illusion disguises the Pok\u00e9mon's true level\n|\n|t:|1782757211\n|teamsize|p1|6\n|teamsize|p2|6\n|start\n|switch|p1a: Glalie|Glalie, L96, M|309/309\n|switch|p2a: Komala|Komala, L88, M|258/258\n|-ability|p2a: Komala|Comatose\n|turn|1\n|c|\u2606testbotcif|rlhf\n|inactive|Battle timer is ON: inactive players will automatically lose when time's up. (requested by testbotcif)\n|\n|t:|1782757223\n|move|p1a: Glalie|Spikes|p2a: Komala\n|-sidestart|p2: testbotcif|Spikes\n|move|p2a: Komala|Body Slam|p1a: Glalie\n|-damage|p1a: Glalie|204/309\n|\n|upkeep\n|turn|2\n|\n|t:|1782757241\n|move|p1a: Glalie|Freeze-Dry|p2a: Komala\n|-damage|p2a: Komala|209/258\n|move|p2a: Komala|Body Slam|p1a: Glalie\n|-damage|p1a: Glalie|93/309\n|\n|upkeep\n|turn|3\n|\n|t:|1782757250\n|move|p1a: Glalie|Spikes|p2a: Komala\n|-sidestart|p2: testbotcif|Spikes\n|move|p2a: Komala|Body Slam|p1a: Glalie\n|-damage|p1a: Glalie|0 fnt\n|faint|p1a: Glalie\n|\n|upkeep\n|\n|t:|1782757269\n|switch|p1a: Emboar|Emboar, L84, F|322/322\n|turn|4\n|\n|t:|1782757272\n|move|p1a: Emboar|Close Combat|p2a: Komala\n|-supereffective|p2a: Komala\n|-damage|p2a: Komala|0 fnt\n|-unboost|p1a: Emboar|def|1\n|-unboost|p1a: Emboar|spd|1\n|faint|p2a: Komala\n|\n|upkeep\n|\n|t:|1782757272\n|switch|p2a: Altaria|Altaria, L89, F|278/278\n|turn|5\n|\n|t:|1782757283\n|switch|p1a: Regidrago|Regidrago, L77|435/435\n|move|p2a: Altaria|Brave Bird|p1a: Regidrago\n|-crit|p1a: Regidrago\n|-damage|p1a: Regidrago|158/435\n|-damage|p2a: Altaria|187/278|[from] Recoil\n|\n|upkeep\n|turn|6\n|\n|t:|1782757305\n|move|p2a: Altaria|Brave Bird|p1a: Regidrago\n|-damage|p1a: Regidrago|0 fnt\n|faint|p1a: Regidrago\n|-damage|p2a: Altaria|135/278|[from] Recoil\n|\n|upkeep\n|\n|t:|1782757315\n|switch|p1a: Emboar|Emboar, L84, F|322/322\n|turn|7\n|\n|t:|1782757328\n|move|p1a: Emboar|Wild Charge|p2a: Altaria\n|-damage|p2a: Altaria|54/278\n|-damage|p1a: Emboar|302/322|[from] Recoil\n|move|p2a: Altaria|Brave Bird|p1a: Emboar\n|-supereffective|p1a: Emboar\n|-damage|p1a: Emboar|38/322\n|-damage|p2a: Altaria|0 fnt|[from] Recoil\n|faint|p2a: Altaria\n|\n|upkeep\n|\n|t:|1782757328\n|switch|p2a: Ogerpon|Ogerpon-Wellspring, L76, F|247/247\n|-damage|p2a: Ogerpon|206/247|[from] Spikes\n|turn|8\n|\n|t:|1782757340\n|move|p1a: Emboar|Wild Charge|p2a: Ogerpon\n|-damage|p2a: Ogerpon|100/247\n|-damage|p1a: Emboar|11/322|[from] Recoil\n|move|p2a: Ogerpon|Ivy Cudgel|p1a: Emboar|[anim] Ivy Cudgel Water\n|-supereffective|p1a: Emboar\n|-damage|p1a: Emboar|0 fnt\n|faint|p1a: Emboar\n|\n|upkeep\n|inactive|akakevin has 120 seconds left.\n|\n|t:|1782757359\n|switch|p1a: Weavile|Weavile, L79, M|240/240\n|turn|9\n|inactive|akakevin has 120 seconds left.\n|\n|t:|1782757372\n|move|p1a: Weavile|Swords Dance|p1a: Weavile\n|-boost|p1a: Weavile|atk|2\n|move|p2a: Ogerpon|Ivy Cudgel|p1a: Weavile|[anim] Ivy Cudgel Water\n|-damage|p1a: Weavile|84/240\n|\n|upkeep\n|turn|10\n|inactive|akakevin has 120 seconds left.\n|\n|t:|1782757383\n|move|p1a: Weavile|Triple Axel|p2a: Ogerpon\n|-damage|p2a: Ogerpon|51/247\n|-damage|p2a: Ogerpon|0 fnt\n|faint|p2a: Ogerpon\n|-hitcount|p2: Ogerpon|2\n|\n|upkeep\n|\n|t:|1782757384\n|switch|p2a: Hitmontop|Hitmontop, L88, M|231/231\n|-damage|p2a: Hitmontop|193/231|[from] Spikes\n|-ability|p2a: Hitmontop|Intimidate|boost\n|-unboost|p1a: Weavile|atk|1\n|turn|11\n|\n|t:|1782757396\n|move|p2a: Hitmontop|Sucker Punch|p1a: Weavile\n|-resisted|p1a: Weavile\n|-damage|p1a: Weavile|33/240\n|move|p1a: Weavile|Triple Axel|p2a: Hitmontop\n|-damage|p2a: Hitmontop|162/231\n|-damage|p2a: Hitmontop|98/231\n|-damage|p2a: Hitmontop|2/231\n|-hitcount|p2a: Hitmontop|3\n|\n|upkeep\n|turn|12\n|\n|t:|1782757406\n|move|p2a: Hitmontop|Sucker Punch||[still]\n|-fail|p2a: Hitmontop\n|move|p1a: Weavile|Swords Dance|p1a: Weavile\n|-boost|p1a: Weavile|atk|2\n|\n|upkeep\n|turn|13\n|\n|t:|1782757411\n|move|p2a: Hitmontop|Sucker Punch||[still]\n|-fail|p2a: Hitmontop\n|move|p1a: Weavile|Swords Dance|p1a: Weavile\n|-boost|p1a: Weavile|atk|2\n|\n|upkeep\n|turn|14\n|\n|t:|1782757416\n|move|p2a: Hitmontop|Sucker Punch|p1a: Weavile\n|-resisted|p1a: Weavile\n|-damage|p1a: Weavile|0 fnt\n|faint|p1a: Weavile\n|\n|upkeep\n|\n|t:|1782757424\n|switch|p1a: Deoxys|Deoxys-Speed, L82|216/216\n|-ability|p1a: Deoxys|Pressure\n|turn|15\n|\n|t:|1782757428\n|-terastallize|p2a: Hitmontop|Steel\n|move|p2a: Hitmontop|Sucker Punch||[still]\n|-fail|p2a: Hitmontop\n|move|p1a: Deoxys|Nasty Plot|p1a: Deoxys\n|-boost|p1a: Deoxys|spa|2\n|\n|upkeep\n|turn|16\n|\n|t:|1782757444\n|-terastallize|p1a: Deoxys|Dark\n|move|p2a: Hitmontop|Sucker Punch|p1a: Deoxys\n|-resisted|p1a: Deoxys\n|-damage|p1a: Deoxys|176/216\n|move|p1a: Deoxys|Dark Pulse|p2a: Hitmontop\n|-damage|p2a: Hitmontop|0 fnt\n|faint|p2a: Hitmontop\n|-damage|p1a: Deoxys|155/216|[from] item: Life Orb\n|\n|upkeep\n|\n|t:|1782757444\n|switch|p2a: Florges|Florges, L85, F|271/271\n|-damage|p2a: Florges|226/271|[from] Spikes\n|turn|17\n|\n|t:|1782757460\n|move|p1a: Deoxys|Psycho Boost|p2a: Florges\n|-damage|p2a: Florges|12/271\n|-unboost|p1a: Deoxys|spa|2\n|-damage|p1a: Deoxys|134/216|[from] item: Life Orb\n|move|p2a: Florges|Moonblast|p1a: Deoxys\n|-supereffective|p1a: Deoxys\n|-damage|p1a: Deoxys|0 fnt\n|faint|p1a: Deoxys\n|\n|-heal|p2a: Florges|28/271|[from] item: Leftovers\n|upkeep\n|\n|t:|1782757470\n|switch|p1a: Slither Wing|Slither Wing, L81|270/270\n|-enditem|p1a: Slither Wing|Booster Energy\n|-activate|p1a: Slither Wing|ability: Protosynthesis|[fromitem]\n|-start|p1a: Slither Wing|protosynthesisatk\n|turn|18\n|\n|t:|1782757482\n|move|p1a: Slither Wing|Acrobatics|p2a: Florges\n|-damage|p2a: Florges|0 fnt\n|faint|p2a: Florges\n|\n|upkeep\n|\n|t:|1782757482\n|switch|p2a: Arceus|Arceus-Ice, L72|291/291\n|-damage|p2a: Arceus|243/291|[from] Spikes\n|turn|19\n|\n|t:|1782757491\n|move|p2a: Arceus|Calm Mind|p2a: Arceus\n|-boost|p2a: Arceus|spa|1\n|-boost|p2a: Arceus|spd|1\n|move|p1a: Slither Wing|Close Combat|p2a: Arceus\n|-supereffective|p2a: Arceus\n|-damage|p2a: Arceus|0 fnt\n|-unboost|p1a: Slither Wing|def|1\n|-unboost|p1a: Slither Wing|spd|1\n|faint|p2a: Arceus\n|\n|win|akakevin\n|raw|akakevin's rating: 1142 &rarr; <strong>1168</strong><br />(+26 for winning)\n|raw|testbotcif's rating: 1154 &rarr; <strong>1128</strong><br />(-26 for losing)\n", "inputlog": ">version f8ac14003a5f27e1bdc8d8c59608a773c1cb96e5\n>start {\"formatid\":\"gen9randombattle\",\"seed\":\"sodium,a5c1e7728d315ef60ab5b3cf63bc0622\",\"rated\":\"Rated battle\"}\n>player p1 {\"name\":\"akakevin\",\"avatar\":\"265\",\"rating\":1142,\"seed\":\"sodium,6f75723a7d0bc9b755382bd054a14fa3\"}\n>player p2 {\"name\":\"testbotcif\",\"avatar\":\"266\",\"rating\":1154,\"seed\":\"sodium,743d633bfed680fab74a3ad9e24f2128\"}\n>chat \u2606testbotcif|rlhf\n>p1 move spikes\n>p2 move bodyslam\n>p1 move freezedry\n>p2 move bodyslam\n>p1 move spikes\n>p2 move bodyslam\n>p1 switch 3\n>p1 move closecombat\n>p2 move earthquake\n>p2 switch 2\n>p1 switch 6\n>p2 move bravebird\n>p1 move outrage\n>p2 move bravebird\n>p1 switch 6\n>p1 move wildcharge\n>p2 move bravebird\n>p2 switch 4\n>p1 move wildcharge\n>p2 move ivycudgel\n>p1 switch 5\n>p1 move swordsdance\n>p2 move ivycudgel\n>p1 move tripleaxel\n>p2 move hornleech\n>p2 switch 5\n>p1 move tripleaxel\n>p2 move suckerpunch\n>p1 move swordsdance\n>p2 move suckerpunch\n>p1 move swordsdance\n>p2 move suckerpunch\n>p1 move knockoff\n>p2 move suckerpunch\n>p1 switch 2\n>p1 move nastyplot\n>p2 move suckerpunch terastallize\n>p1 move darkpulse terastallize\n>p2 move suckerpunch\n>p2 switch 6\n>p1 move psychoboost\n>p2 move moonblast\n>p1 switch 4\n>p1 move acrobatics\n>p2 move moonblast\n>p2 switch 3\n>p1 move closecombat\n>p2 move calmmind", "uploadtime": 1782757491, "views": 6, "formatid": "gen9randombattle", "rating": 1128, "private": 0, "password": null, "player_dets": [{"name": "akakevin", "avatar": "265", "rating": 1142, "seed": "sodium,6f75723a7d0bc9b755382bd054a14fa3"}, {"name": "testbotcif", "avatar": "266", "rating": 1154, "seed": "sodium,743d633bfed680fab74a3ad9e24f2128"}], "teams_full": [{"Glalie": {"name": "Glalie", "species": "Glalie", "speciesId": "glalie", "gender": "M", "shiny": false, "level": 96, "moves": ["taunt", "earthquake", "spikes", "freezedry"], "ability": "Inner Focus", "evs": {"hp": 85, "atk": 85, "def": 85, "spa": 85, "spd": 85, "spe": 85}, "ivs": {"hp": 31, "atk": 31, "def": 31, "spa": 31, "spd": 31, "spe": 31}, "item": "Heavy-Duty Boots", "teraType": "Water", "role": "Fast Support", "bvs": {"hp": 80, "atk": 80, "def": 80, "spa": 80, "spd": 80, "spe": 80}, "stats": {"hp": 309, "atk": 208, "def": 208, "spa": 208, "spd": 208, "spe": 208}, "types": ["Ice"]}, "Deoxys": {"name": "Deoxys", "species": "Deoxys-Speed", "speciesId": "deoxysspeed", "gender": "N", "shiny": false, "level": 82, "moves": ["focusblast", "psychoboost", "nastyplot", "darkpulse"], "ability": "Pressure", "evs": {"hp": 85, "atk": 0, "def": 85, "spa": 85, "spd": 85, "spe": 85}, "ivs": {"hp": 31, "atk": 0, "def": 31, "spa": 31, "spd": 31, "spe": 31}, "item": "Life Orb", "teraType": "Dark", "role": "Setup Sweeper", "bvs": {"hp": 50, "atk": 95, "def": 90, "spa": 95, "spd": 90, "spe": 180}, "stats": {"hp": 216, "atk": 160, "def": 195, "spa": 203, "spd": 195, "spe": 342}, "types": ["Psychic"]}, "Emboar": {"name": "Emboar", "species": "Emboar", "speciesId": "emboar", "gender": "F", "shiny": false, "level": 84, "moves": ["headsmash", "wildcharge", "closecombat", "flareblitz"], "ability": "Reckless", "evs": {"hp": 85, "atk": 85, "def": 85, "spa": 85, "spd": 85, "spe": 85}, "ivs": {"hp": 31, "atk": 31, "def": 31, "spa": 31, "spd": 31, "spe": 31}, "item": "Choice Scarf", "teraType": "Fire", "role": "Fast Attacker", "bvs": {"hp": 110, "atk": 123, "def": 65, "spa": 100, "spd": 65, "spe": 65}, "stats": {"hp": 322, "atk": 255, "def": 157, "spa": 216, "spd": 157, "spe": 157}, "types": ["Fire", "Fighting"]}, "Slither Wing": {"name": "Slither Wing", "species": "Slither Wing", "speciesId": "slitherwing", "gender": "N", "shiny": false, "level": 81, "moves": ["acrobatics", "closecombat", "bulkup", "wildcharge"], "ability": "Protosynthesis", "evs": {"hp": 85, "atk": 85, "def": 85, "spa": 85, "spd": 85, "spe": 85}, "ivs": {"hp": 31, "atk": 31, "def": 31, "spa": 31, "spd": 31, "spe": 31}, "item": "Booster Energy", "teraType": "Electric", "role": "Fast Bulky Setup", "bvs": {"hp": 85, "atk": 135, "def": 79, "spa": 85, "spd": 105, "spe": 81}, "stats": {"hp": 270, "atk": 265, "def": 175, "spa": 184, "spd": 217, "spe": 178}, "types": ["Bug", "Fighting"]}, "Weavile": {"name": "Weavile", "species": "Weavile", "speciesId": "weavile", "gender": "M", "shiny": false, "level": 79, "moves": ["knockoff", "swordsdance", "tripleaxel", "lowkick"], "ability": "Pickpocket", "evs": {"hp": 85, "atk": 85, "def": 85, "spa": 85, "spd": 85, "spe": 85}, "ivs": {"hp": 31, "atk": 31, "def": 31, "spa": 31, "spd": 31, "spe": 31}, "item": "Heavy-Duty Boots", "teraType": "Dark", "role": "Fast Attacker", "bvs": {"hp": 70, "atk": 120, "def": 65, "spa": 45, "spd": 85, "spe": 125}, "stats": {"hp": 240, "atk": 235, "def": 148, "spa": 117, "spd": 180, "spe": 243}, "types": ["Dark", "Ice"]}, "Regidrago": {"name": "Regidrago", "species": "Regidrago", "speciesId": "regidrago", "gender": "N", "shiny": false, "level": 77, "moves": ["outrage", "earthquake", "dracometeor", "dragondance"], "ability": "Dragon's Maw", "evs": {"hp": 85, "atk": 85, "def": 85, "spa": 85, "spd": 85, "spe": 85}, "ivs": {"hp": 31, "atk": 31, "def": 31, "spa": 31, "spd": 31, "spe": 31}, "item": "Lum Berry", "teraType": "Dragon", "role": "Setup Sweeper", "bvs": {"hp": 200, "atk": 100, "def": 50, "spa": 100, "spd": 50, "spe": 80}, "stats": {"hp": 435, "atk": 199, "def": 122, "spa": 199, "spd": 122, "spe": 168}, "types": ["Dragon"]}}, {"Komala": {"name": "Komala", "species": "Komala", "speciesId": "komala", "gender": "M", "shiny": false, "level": 88, "moves": ["earthquake", "knockoff", "bodyslam", "rapidspin"], "ability": "Comatose", "evs": {"hp": 85, "atk": 85, "def": 85, "spa": 85, "spd": 85, "spe": 85}, "ivs": {"hp": 31, "atk": 31, "def": 31, "spa": 31, "spd": 31, "spe": 31}, "item": "Assault Vest", "teraType": "Ghost", "role": "Bulky Support", "bvs": {"hp": 65, "atk": 115, "def": 65, "spa": 75, "spd": 95, "spe": 65}, "stats": {"hp": 258, "atk": 253, "def": 165, "spa": 182, "spd": 217, "spe": 165}, "types": ["Normal"]}, "Altaria": {"name": "Altaria", "species": "Altaria", "speciesId": "altaria", "gender": "F", "shiny": false, "level": 89, "moves": ["bravebird", "roost", "haze", "willowisp"], "ability": "Natural Cure", "evs": {"hp": 85, "atk": 85, "def": 85, "spa": 85, "spd": 85, "spe": 85}, "ivs": {"hp": 31, "atk": 31, "def": 31, "spa": 31, "spd": 31, "spe": 31}, "item": "Heavy-Duty Boots", "teraType": "Steel", "role": "Bulky Support", "bvs": {"hp": 75, "atk": 70, "def": 90, "spa": 70, "spd": 105, "spe": 80}, "stats": {"hp": 278, "atk": 175, "def": 211, "spa": 175, "spd": 238, "spe": 193}, "types": ["Dragon", "Flying"]}, "Arceus": {"name": "Arceus", "species": "Arceus-Ice", "speciesId": "arceusice", "gender": "N", "shiny": false, "level": 72, "moves": ["calmmind", "earthpower", "judgment", "recover"], "ability": "Multitype", "evs": {"hp": 81, "atk": 0, "def": 85, "spa": 85, "spd": 85, "spe": 85}, "ivs": {"hp": 31, "atk": 0, "def": 31, "spa": 31, "spd": 31, "spe": 31}, "item": "Icicle Plate", "teraType": "Ground", "role": "Bulky Setup", "bvs": {"hp": 120, "atk": 120, "def": 120, "spa": 120, "spd": 120, "spe": 120}, "stats": {"hp": 291, "atk": 177, "def": 215, "spa": 215, "spd": 215, "spe": 215}, "types": ["Ice"]}, "Ogerpon": {"name": "Ogerpon", "species": "Ogerpon-Wellspring", "speciesId": "ogerponwellspring", "gender": "F", "shiny": false, "level": 76, "moves": ["swordsdance", "playrough", "hornleech", "ivycudgel"], "ability": "Water Absorb", "evs": {"hp": 85, "atk": 85, "def": 85, "spa": 85, "spd": 85, "spe": 85}, "ivs": {"hp": 31, "atk": 31, "def": 31, "spa": 31, "spd": 31, "spe": 31}, "item": "Wellspring Mask", "teraType": "Water", "role": "Setup Sweeper", "bvs": {"hp": 80, "atk": 120, "def": 84, "spa": 60, "spd": 96, "spe": 110}, "stats": {"hp": 247, "atk": 226, "def": 172, "spa": 135, "spd": 190, "spe": 211}, "types": ["Grass", "Water"]}, "Hitmontop": {"name": "Hitmontop", "species": "Hitmontop", "speciesId": "hitmontop", "gender": "M", "shiny": false, "level": 88, "moves": ["closecombat", "suckerpunch", "stoneedge", "earthquake"], "ability": "Intimidate", "evs": {"hp": 85, "atk": 85, "def": 85, "spa": 85, "spd": 85, "spe": 85}, "ivs": {"hp": 31, "atk": 31, "def": 31, "spa": 31, "spd": 31, "spe": 31}, "item": "Choice Band", "teraType": "Steel", "role": "Bulky Support", "bvs": {"hp": 50, "atk": 95, "def": 95, "spa": 35, "spd": 110, "spe": 70}, "stats": {"hp": 231, "atk": 217, "def": 217, "spa": 112, "spd": 244, "spe": 173}, "types": ["Fighting"]}, "Florges": {"name": "Florges", "species": "Florges", "speciesId": "florges", "gender": "F", "shiny": false, "level": 85, "moves": ["moonblast", "calmmind", "protect", "wish"], "ability": "Flower Veil", "evs": {"hp": 85, "atk": 0, "def": 85, "spa": 85, "spd": 85, "spe": 85}, "ivs": {"hp": 31, "atk": 0, "def": 31, "spa": 31, "spd": 31, "spe": 31}, "item": "Leftovers", "teraType": "Steel", "role": "Bulky Setup", "bvs": {"hp": 78, "atk": 65, "def": 68, "spa": 112, "spd": 154, "spe": 75}, "stats": {"hp": 271, "atk": 115, "def": 164, "spa": 239, "spd": 311, "spe": 176}, "types": ["Fairy"]}}]}