{"id": "gen9randombattle-2641499450", "format": "[Gen 9] Random Battle", "players": ["sarodiya", "explosiveburger"], "log": "|j|\u2606sarodiya\n|j|\u2606explosiveburger\n|t:|1782795178\n|gametype|singles\n|player|p1|sarodiya|265|2144\n|player|p2|explosiveburger|firebreather|2317\n|gen|9\n|tier|[Gen 9] Random Battle\n|rated|\n|rule|Species Clause: Limit one of each Pok\u00e9mon\n|rule|HP Percentage Mod: HP is shown in percentages\n|rule|Sleep Clause Mod: Limit one foe put to sleep\n|rule|Illusion Level Mod: Illusion disguises the Pok\u00e9mon's true level\n|\n|t:|1782795178\n|teamsize|p1|6\n|teamsize|p2|6\n|start\n|switch|p1a: Pecharunt|Pecharunt, L77|262/262\n|switch|p2a: Mabosstiff|Mabosstiff, L86, F|278/278\n|turn|1\n|inactive|Battle timer is ON: inactive players will automatically lose when time's up. (requested by sarodiya)\n|\n|t:|1782795195\n|move|p2a: Mabosstiff|Crunch|p1a: Pecharunt\n|-supereffective|p1a: Pecharunt\n|-damage|p1a: Pecharunt|112/262\n|move|p1a: Pecharunt|Malignant Chain|p2a: Mabosstiff\n|-crit|p2a: Mabosstiff\n|-damage|p2a: Mabosstiff|136/278\n|-status|p2a: Mabosstiff|tox\n|-start|p2a: Mabosstiff|confusion|[from] ability: Poison Puppeteer|[of] p1a: Pecharunt\n|\n|-heal|p1a: Pecharunt|128/262|[from] item: Leftovers\n|-damage|p2a: Mabosstiff|119/278 tox|[from] psn\n|upkeep\n|turn|2\n|\n|t:|1782795207\n|-activate|p2a: Mabosstiff|confusion\n|move|p2a: Mabosstiff|Crunch|p1a: Pecharunt\n|-supereffective|p1a: Pecharunt\n|-damage|p1a: Pecharunt|0 fnt\n|faint|p1a: Pecharunt\n|\n|-damage|p2a: Mabosstiff|85/278 tox|[from] psn\n|upkeep\n|\n|t:|1782795221\n|switch|p1a: Flapple|Flapple, L88, F|266/266\n|turn|3\n|\n|t:|1782795231\n|switch|p2a: Hatterene|Hatterene, L85, F|236/236\n|move|p1a: Flapple|Dragon Dance|p1a: Flapple\n|-boost|p1a: Flapple|atk|1\n|-boost|p1a: Flapple|spe|1\n|\n|upkeep\n|turn|4\n|\n|t:|1782795239\n|-terastallize|p1a: Flapple|Fire\n|move|p1a: Flapple|Dragon Dance|p1a: Flapple\n|-boost|p1a: Flapple|atk|1\n|-boost|p1a: Flapple|spe|1\n|move|p2a: Hatterene|Draining Kiss|p1a: Flapple\n|-resisted|p1a: Flapple\n|-damage|p1a: Flapple|218/266\n|\n|upkeep\n|turn|5\n|\n|t:|1782795252\n|move|p1a: Flapple|Tera Blast|p2a: Hatterene|[anim] Tera Blast Fire|[miss]\n|-miss|p1a: Flapple|p2a: Hatterene\n|move|p2a: Hatterene|Psychic|p1a: Flapple\n|-damage|p1a: Flapple|68/266\n|\n|upkeep\n|turn|6\n|j| blasths\n|inactive|explosiveburger has 120 seconds left.\n|\n|t:|1782795295\n|move|p1a: Flapple|Tera Blast|p2a: Hatterene|[anim] Tera Blast Fire\n|-damage|p2a: Hatterene|0 fnt\n|faint|p2a: Hatterene\n|\n|upkeep\n|\n|t:|1782795299\n|switch|p2a: Lokix|Lokix, L82, F|251/251\n|turn|7\n|\n|t:|1782795321\n|switch|p1a: Beartic|Beartic, L91, M|321/321\n|move|p2a: Lokix|First Impression|p1a: Beartic\n|-damage|p1a: Beartic|213/321\n|\n|upkeep\n|turn|8\n|inactive|explosiveburger has 120 seconds left.\n|\n|t:|1782795338\n|move|p2a: Lokix|U-turn|p1a: Beartic\n|-damage|p1a: Beartic|131/321\n|\n|t:|1782795341\n|switch|p2a: Mabosstiff|Mabosstiff, L86, F|85/278 tox|[from] U-turn\n|move|p1a: Beartic|Icicle Crash|p2a: Mabosstiff\n|-damage|p2a: Mabosstiff|0 fnt\n|faint|p2a: Mabosstiff\n|\n|upkeep\n|\n|t:|1782795350\n|switch|p2a: Lokix|Lokix, L82, F|251/251\n|turn|9\n|\n|t:|1782795355\n|-terastallize|p2a: Lokix|Bug\n|move|p2a: Lokix|First Impression|p1a: Beartic\n|-damage|p1a: Beartic|0 fnt\n|faint|p1a: Beartic\n|\n|upkeep\n|\n|t:|1782795365\n|switch|p1a: Cetitan|Cetitan, L82, M|413/413\n|turn|10\n|\n|t:|1782795371\n|move|p2a: Lokix|U-turn|p1a: Cetitan\n|-damage|p1a: Cetitan|265/413\n|\n|t:|1782795375\n|switch|p2a: Minun|Minun, L95, F|268/268|[from] U-turn\n|move|p1a: Cetitan|Icicle Crash|p2a: Minun\n|-damage|p2a: Minun|57/268\n|\n|upkeep\n|turn|11\n|\n|t:|1782795382\n|move|p1a: Cetitan|Ice Shard|p2a: Minun\n|-damage|p2a: Minun|0 fnt\n|faint|p2a: Minun\n|-damage|p1a: Cetitan|224/413|[from] item: Life Orb\n|\n|upkeep\n|\n|t:|1782795391\n|switch|p2a: Lokix|Lokix, L82, F, tera:Bug|251/251\n|turn|12\n|\n|t:|1782795402\n|switch|p1a: Flapple|Flapple, L88, F, tera:Fire|68/266\n|move|p2a: Lokix|U-turn|p1a: Flapple\n|-resisted|p1a: Flapple\n|-damage|p1a: Flapple|0 fnt\n|faint|p1a: Flapple\n|\n|t:|1782795409\n|switch|p2a: Cyclizar|Cyclizar, L83, F|252/252|[from] U-turn\n|\n|upkeep\n|\n|t:|1782795413\n|switch|p1a: Cetitan|Cetitan, L82, M|224/413\n|turn|13\n|\n|t:|1782795419\n|move|p2a: Cyclizar|Draco Meteor|p1a: Cetitan|[miss]\n|-miss|p2a: Cyclizar|p1a: Cetitan\n|move|p1a: Cetitan|Icicle Crash|p2a: Cyclizar\n|-supereffective|p2a: Cyclizar\n|-damage|p2a: Cyclizar|0 fnt\n|faint|p2a: Cyclizar\n|\n|upkeep\n|\n|t:|1782795430\n|switch|p2a: Venusaur|Venusaur, L84, F|272/272\n|turn|14\n|\n|t:|1782795434\n|move|p2a: Venusaur|Sleep Powder|p1a: Cetitan\n|-status|p1a: Cetitan|slp|[from] move: Sleep Powder\n|cant|p1a: Cetitan|slp\n|\n|upkeep\n|turn|15\n|\n|t:|1782795440\n|move|p2a: Venusaur|Sludge Bomb|p1a: Cetitan\n|-damage|p1a: Cetitan|94/413 slp\n|cant|p1a: Cetitan|slp\n|\n|upkeep\n|turn|16\n|\n|t:|1782795445\n|switch|p1a: Cresselia|Cresselia, L80, F|323/323\n|move|p2a: Venusaur|Sludge Bomb|p1a: Cresselia\n|-damage|p1a: Cresselia|242/323\n|\n|-heal|p1a: Cresselia|262/323|[from] item: Leftovers\n|upkeep\n|turn|17\n|\n|t:|1782795452\n|move|p2a: Venusaur|Knock Off|p1a: Cresselia\n|-supereffective|p1a: Cresselia\n|-damage|p1a: Cresselia|156/323\n|-enditem|p1a: Cresselia|Leftovers|[from] move: Knock Off|[of] p2a: Venusaur\n|move|p1a: Cresselia|Psyshock|p2a: Venusaur\n|-supereffective|p2a: Venusaur\n|-damage|p2a: Venusaur|140/272\n|\n|-heal|p2a: Venusaur|157/272|[from] item: Leftovers\n|upkeep\n|turn|18\n|\n|t:|1782795461\n|move|p2a: Venusaur|Sludge Bomb|p1a: Cresselia\n|-damage|p1a: Cresselia|69/323\n|move|p1a: Cresselia|Psyshock|p2a: Venusaur\n|-supereffective|p2a: Venusaur\n|-damage|p2a: Venusaur|23/272\n|\n|-heal|p2a: Venusaur|40/272|[from] item: Leftovers\n|upkeep\n|turn|19\n|\n|t:|1782795469\n|move|p2a: Venusaur|Sludge Bomb|p1a: Cresselia\n|-damage|p1a: Cresselia|0 fnt\n|faint|p1a: Cresselia\n|\n|-heal|p2a: Venusaur|57/272|[from] item: Leftovers\n|upkeep\n|\n|t:|1782795482\n|switch|p1a: Probopass|Probopass, L91, F|257/257\n|turn|20\n|\n|t:|1782795499\n|move|p2a: Venusaur|Knock Off|p1a: Probopass\n|-damage|p1a: Probopass|223/257\n|-enditem|p1a: Probopass|Leftovers|[from] move: Knock Off|[of] p2a: Venusaur\n|move|p1a: Probopass|Iron Defense|p1a: Probopass\n|-boost|p1a: Probopass|def|2\n|\n|-heal|p2a: Venusaur|74/272|[from] item: Leftovers\n|upkeep\n|turn|21\n|\n|t:|1782795507\n|move|p2a: Venusaur|Synthesis|p2a: Venusaur\n|-heal|p2a: Venusaur|210/272\n|move|p1a: Probopass|Body Press|p2a: Venusaur\n|-resisted|p2a: Venusaur\n|-damage|p2a: Venusaur|110/272\n|\n|-heal|p2a: Venusaur|127/272|[from] item: Leftovers\n|upkeep\n|turn|22\n|\n|t:|1782795518\n|move|p2a: Venusaur|Synthesis|p2a: Venusaur\n|-heal|p2a: Venusaur|263/272\n|move|p1a: Probopass|Iron Defense|p1a: Probopass\n|-boost|p1a: Probopass|def|2\n|\n|-heal|p2a: Venusaur|272/272|[from] item: Leftovers\n|upkeep\n|turn|23\n|\n|t:|1782795524\n|move|p2a: Venusaur|Knock Off|p1a: Probopass\n|-damage|p1a: Probopass|215/257\n|move|p1a: Probopass|Body Press|p2a: Venusaur\n|-resisted|p2a: Venusaur\n|-damage|p2a: Venusaur|142/272\n|\n|-heal|p2a: Venusaur|159/272|[from] item: Leftovers\n|upkeep\n|turn|24\n|\n|t:|1782795531\n|move|p2a: Venusaur|Knock Off|p1a: Probopass\n|-damage|p1a: Probopass|206/257\n|move|p1a: Probopass|Iron Defense|p1a: Probopass\n|-boost|p1a: Probopass|def|2\n|\n|-heal|p2a: Venusaur|176/272|[from] item: Leftovers\n|upkeep\n|turn|25\n|\n|t:|1782795537\n|move|p2a: Venusaur|Knock Off|p1a: Probopass\n|-damage|p1a: Probopass|199/257\n|move|p1a: Probopass|Body Press|p2a: Venusaur\n|-resisted|p2a: Venusaur\n|-crit|p2a: Venusaur\n|-damage|p2a: Venusaur|0 fnt\n|faint|p2a: Venusaur\n|\n|upkeep\n|\n|t:|1782795543\n|switch|p2a: Lokix|Lokix, L82, F, tera:Bug|251/251\n|turn|26\n|\n|t:|1782795548\n|move|p2a: Lokix|First Impression|p1a: Probopass\n|-resisted|p1a: Probopass\n|-damage|p1a: Probopass|175/257\n|move|p1a: Probopass|Body Press|p2a: Lokix\n|-resisted|p2a: Lokix\n|-damage|p2a: Lokix|62/251\n|\n|upkeep\n|turn|27\n|\n|t:|1782795555\n|move|p2a: Lokix|U-turn|p1a: Probopass\n|-resisted|p1a: Probopass\n|-damage|p1a: Probopass|155/257\n|move|p1a: Probopass|Body Press|p2a: Lokix\n|-resisted|p2a: Lokix\n|-damage|p2a: Lokix|0 fnt\n|faint|p2a: Lokix\n|\n|win|sarodiya\n|raw|sarodiya's rating: 2144 &rarr; <strong>2173</strong><br />(+29 for winning)\n|raw|explosiveburger's rating: 2317 &rarr; <strong>2288</strong><br />(-29 for losing)\n", "inputlog": ">version f8ac14003a5f27e1bdc8d8c59608a773c1cb96e5\n>start {\"formatid\":\"gen9randombattle\",\"seed\":\"sodium,50d6f6d679e6e1b0f77721898e94d6e1\",\"rated\":\"Rated battle\"}\n>player p1 {\"name\":\"sarodiya\",\"avatar\":\"265\",\"rating\":2144,\"seed\":\"sodium,7d23368bb23e65d944ed480727540248\"}\n>player p2 {\"name\":\"explosiveburger\",\"avatar\":\"firebreather\",\"rating\":2317,\"seed\":\"sodium,9ba5593243461709edbb9178dffcc45a\"}\n>p1 move malignantchain\n>p2 move crunch\n>p1 move recover\n>p2 move crunch\n>p1 switch 5\n>p1 move dragondance\n>p2 switch 2\n>p1 move dragondance terastallize\n>p2 move drainingkiss\n>p1 move terablast\n>p2 move psychic\n>p1 move terablast\n>p2 move psychic\n>p2 switch 3\n>p1 switch 4\n>p2 move firstimpression\n>p1 move iciclecrash\n>p2 move uturn\n>p2 switch 2\n>p2 switch 2\n>p1 move iciclecrash\n>p2 move firstimpression terastallize\n>p1 switch 3\n>p1 move iciclecrash\n>p2 move uturn\n>p2 switch 6\n>p1 move iceshard\n>p2 move thunderbolt\n>p2 switch 6\n>p1 switch 4\n>p2 move uturn\n>p2 switch 5\n>p1 switch 4\n>p1 move iciclecrash\n>p2 move dracometeor\n>p2 switch 4\n>p1 move iciclecrash\n>p2 move sleeppowder\n>p1 move iciclecrash\n>p2 move sludgebomb\n>p1 switch 6\n>p2 move sludgebomb\n>p1 move psyshock\n>p2 move knockoff\n>p1 move psyshock\n>p2 move sludgebomb\n>p1 move psyshock\n>p2 move sludgebomb\n>p1 switch 2\n>p1 move irondefense\n>p2 move knockoff\n>p1 move bodypress\n>p2 move synthesis\n>p1 move irondefense\n>p2 move synthesis\n>p1 move bodypress\n>p2 move knockoff\n>p1 move irondefense\n>p2 move knockoff\n>p1 move bodypress\n>p2 move knockoff\n>p2 switch 5\n>p1 move bodypress\n>p2 move firstimpression\n>p1 move bodypress\n>p2 move uturn", "uploadtime": 1782795179, "views": 4, "formatid": "gen9randombattle", "rating": 2173, "private": 0, "password": null, "player_dets": [{"name": "sarodiya", "avatar": "265", "rating": 2144, "seed": "sodium,7d23368bb23e65d944ed480727540248"}, {"name": "explosiveburger", "avatar": "firebreather", "rating": 2317, "seed": "sodium,9ba5593243461709edbb9178dffcc45a"}], "teams_full": [{"Pecharunt": {"name": "Pecharunt", "species": "Pecharunt", "speciesId": "pecharunt", "gender": "N", "shiny": false, "level": 77, "moves": ["malignantchain", "shadowball", "recover", "nastyplot"], "ability": "Poison Puppeteer", "evs": {"hp": 85, "atk": 0, "def": 85, "spa": 85, "spd": 85, "spe": 85}, "ivs": {"hp": 31, "atk": 0, "def": 31, "spa": 31, "spd": 31, "spe": 31}, "item": "Leftovers", "teraType": "Dark", "role": "Bulky Attacker", "bvs": {"hp": 88, "atk": 88, "def": 160, "spa": 88, "spd": 88, "spe": 88}, "stats": {"hp": 262, "atk": 140, "def": 291, "spa": 180, "spd": 180, "spe": 180}, "types": ["Poison", "Ghost"]}, "Probopass": {"name": "Probopass", "species": "Probopass", "speciesId": "probopass", "gender": "F", "shiny": false, "level": 91, "moves": ["powergem", "bodypress", "irondefense", "flashcannon"], "ability": "Magnet Pull", "evs": {"hp": 85, "atk": 0, "def": 85, "spa": 85, "spd": 85, "spe": 85}, "ivs": {"hp": 31, "atk": 0, "def": 31, "spa": 31, "spd": 31, "spe": 31}, "item": "Leftovers", "teraType": "Fighting", "role": "Bulky Setup", "bvs": {"hp": 60, "atk": 55, "def": 145, "spa": 75, "spd": 150, "spe": 40}, "stats": {"hp": 257, "atk": 105, "def": 316, "spa": 188, "spd": 325, "spe": 125}, "types": ["Rock", "Steel"]}, "Cetitan": {"name": "Cetitan", "species": "Cetitan", "speciesId": "cetitan", "gender": "M", "shiny": false, "level": 82, "moves": ["liquidation", "superpower", "iceshard", "iciclecrash"], "ability": "Sheer Force", "evs": {"hp": 85, "atk": 85, "def": 85, "spa": 85, "spd": 85, "spe": 85}, "ivs": {"hp": 31, "atk": 31, "def": 31, "spa": 31, "spd": 31, "spe": 31}, "item": "Life Orb", "teraType": "Water", "role": "Wallbreaker", "bvs": {"hp": 170, "atk": 113, "def": 65, "spa": 45, "spd": 55, "spe": 73}, "stats": {"hp": 413, "atk": 232, "def": 154, "spa": 121, "spd": 137, "spe": 167}, "types": ["Ice"]}, "Beartic": {"name": "Beartic", "species": "Beartic", "speciesId": "beartic", "gender": "M", "shiny": false, "level": 91, "moves": ["iciclecrash", "earthquake", "aquajet", "closecombat"], "ability": "Swift Swim", "evs": {"hp": 85, "atk": 85, "def": 85, "spa": 85, "spd": 85, "spe": 85}, "ivs": {"hp": 31, "atk": 31, "def": 31, "spa": 31, "spd": 31, "spe": 31}, "item": "Choice Band", "teraType": "Ground", "role": "Wallbreaker", "bvs": {"hp": 95, "atk": 130, "def": 80, "spa": 70, "spd": 80, "spe": 50}, "stats": {"hp": 321, "atk": 288, "def": 197, "spa": 179, "spd": 197, "spe": 143}, "types": ["Ice"]}, "Flapple": {"name": "Flapple", "species": "Flapple", "speciesId": "flapple", "gender": "F", "shiny": false, "level": 88, "moves": ["outrage", "gravapple", "dragondance", "terablast"], "ability": "Hustle", "evs": {"hp": 85, "atk": 85, "def": 85, "spa": 85, "spd": 85, "spe": 85}, "ivs": {"hp": 31, "atk": 31, "def": 31, "spa": 31, "spd": 31, "spe": 31}, "item": "Lum Berry", "teraType": "Fire", "role": "Tera Blast user", "bvs": {"hp": 70, "atk": 110, "def": 80, "spa": 95, "spd": 60, "spe": 70}, "stats": {"hp": 266, "atk": 244, "def": 191, "spa": 217, "spd": 156, "spe": 173}, "types": ["Grass", "Dragon"]}, "Cresselia": {"name": "Cresselia", "species": "Cresselia", "speciesId": "cresselia", "gender": "F", "shiny": false, "level": 80, "moves": ["thunderbolt", "psyshock", "calmmind", "moonlight"], "ability": "Levitate", "evs": {"hp": 85, "atk": 0, "def": 85, "spa": 85, "spd": 85, "spe": 85}, "ivs": {"hp": 31, "atk": 0, "def": 31, "spa": 31, "spd": 31, "spe": 31}, "item": "Leftovers", "teraType": "Poison", "role": "Bulky Setup", "bvs": {"hp": 120, "atk": 70, "def": 110, "spa": 75, "spd": 120, "spe": 85}, "stats": {"hp": 323, "atk": 117, "def": 222, "spa": 166, "spd": 238, "spe": 182}, "types": ["Psychic"]}}, {"Mabosstiff": {"name": "Mabosstiff", "species": "Mabosstiff", "speciesId": "mabosstiff", "gender": "F", "shiny": false, "level": 86, "moves": ["psychicfangs", "playrough", "wildcharge", "crunch"], "ability": "Stakeout", "evs": {"hp": 85, "atk": 85, "def": 85, "spa": 85, "spd": 85, "spe": 85}, "ivs": {"hp": 31, "atk": 31, "def": 31, "spa": 31, "spd": 31, "spe": 31}, "item": "Choice Scarf", "teraType": "Fairy", "role": "Bulky Attacker", "bvs": {"hp": 80, "atk": 120, "def": 90, "spa": 60, "spd": 70, "spe": 85}, "stats": {"hp": 278, "atk": 256, "def": 204, "spa": 152, "spd": 170, "spe": 195}, "types": ["Dark"]}, "Hatterene": {"name": "Hatterene", "species": "Hatterene", "speciesId": "hatterene", "gender": "F", "shiny": false, "level": 85, "moves": ["calmmind", "psychic", "mysticalfire", "drainingkiss"], "ability": "Magic Bounce", "evs": {"hp": 85, "atk": 0, "def": 85, "spa": 85, "spd": 85, "spe": 85}, "ivs": {"hp": 31, "atk": 0, "def": 31, "spa": 31, "spd": 31, "spe": 31}, "item": "Leftovers", "teraType": "Steel", "role": "Bulky Setup", "bvs": {"hp": 57, "atk": 90, "def": 95, "spa": 136, "spd": 103, "spe": 29}, "stats": {"hp": 236, "atk": 158, "def": 210, "spa": 280, "spd": 224, "spe": 98}, "types": ["Psychic", "Fairy"]}, "Lokix": {"name": "Lokix", "species": "Lokix", "speciesId": "lokix", "gender": "F", "shiny": false, "level": 82, "moves": ["knockoff", "suckerpunch", "firstimpression", "uturn"], "ability": "Tinted Lens", "evs": {"hp": 85, "atk": 85, "def": 85, "spa": 85, "spd": 85, "spe": 85}, "ivs": {"hp": 31, "atk": 31, "def": 31, "spa": 31, "spd": 31, "spe": 31}, "item": "Silver Powder", "teraType": "Bug", "role": "Fast Attacker", "bvs": {"hp": 71, "atk": 102, "def": 78, "spa": 52, "spd": 55, "spe": 92}, "stats": {"hp": 251, "atk": 214, "def": 175, "spa": 132, "spd": 137, "spe": 198}, "types": ["Bug", "Dark"]}, "Venusaur": {"name": "Venusaur", "species": "Venusaur", "speciesId": "venusaur", "gender": "F", "shiny": false, "level": 84, "moves": ["sleeppowder", "sludgebomb", "synthesis", "knockoff"], "ability": "Chlorophyll", "evs": {"hp": 85, "atk": 85, "def": 85, "spa": 85, "spd": 85, "spe": 85}, "ivs": {"hp": 31, "atk": 31, "def": 31, "spa": 31, "spd": 31, "spe": 31}, "item": "Leftovers", "teraType": "Dark", "role": "Bulky Attacker", "bvs": {"hp": 80, "atk": 82, "def": 83, "spa": 100, "spd": 100, "spe": 80}, "stats": {"hp": 272, "atk": 186, "def": 188, "spa": 216, "spd": 216, "spe": 183}, "types": ["Grass", "Poison"]}, "Cyclizar": {"name": "Cyclizar", "species": "Cyclizar", "speciesId": "cyclizar", "gender": "F", "shiny": false, "level": 83, "moves": ["dracometeor", "shedtail", "taunt", "rapidspin"], "ability": "Regenerator", "evs": {"hp": 85, "atk": 85, "def": 85, "spa": 85, "spd": 85, "spe": 85}, "ivs": {"hp": 31, "atk": 31, "def": 31, "spa": 31, "spd": 31, "spe": 31}, "item": "Heavy-Duty Boots", "teraType": "Dragon", "role": "Fast Support", "bvs": {"hp": 70, "atk": 95, "def": 65, "spa": 85, "spd": 65, "spe": 121}, "stats": {"hp": 252, "atk": 205, "def": 156, "spa": 189, "spd": 156, "spe": 249}, "types": ["Dragon", "Normal"]}, "Minun": {"name": "Minun", "species": "Minun", "speciesId": "minun", "gender": "F", "shiny": false, "level": 95, "moves": ["grassknot", "nastyplot", "thunderbolt", "alluringvoice"], "ability": "Volt Absorb", "evs": {"hp": 85, "atk": 0, "def": 85, "spa": 85, "spd": 85, "spe": 85}, "ivs": {"hp": 31, "atk": 0, "def": 31, "spa": 31, "spd": 31, "spe": 31}, "item": "Life Orb", "teraType": "Grass", "role": "Setup Sweeper", "bvs": {"hp": 60, "atk": 40, "def": 50, "spa": 75, "spd": 85, "spe": 95}, "stats": {"hp": 268, "atk": 81, "def": 149, "spa": 196, "spd": 215, "spe": 234}, "types": ["Electric"]}}]}