{"id": "gen9randombattle-2641433872", "format": "[Gen 9] Random Battle", "players": ["jvdaladar", "Firemet_X"], "log": "|j|\u2606jvdaladar\n|j|\u2606Firemet_X\n|t:|1782784164\n|gametype|singles\n|player|p1|jvdaladar|169|1295\n|player|p2|Firemet_X|lucas|1328\n|gen|9\n|tier|[Gen 9] Random Battle\n|rated|\n|rule|Species Clause: Limit one of each Pok\u00e9mon\n|rule|HP Percentage Mod: HP is shown in percentages\n|rule|Sleep Clause Mod: Limit one foe put to sleep\n|rule|Illusion Level Mod: Illusion disguises the Pok\u00e9mon's true level\n|\n|t:|1782784164\n|teamsize|p1|6\n|teamsize|p2|6\n|start\n|switch|p1a: Darkrai|Darkrai, L77|234/234\n|switch|p2a: Braviary|Braviary-Hisui, L85, M|326/326\n|turn|1\n|inactive|Battle timer is ON: inactive players will automatically lose when time's up. (requested by Firemet_X)\n|inactive|jvdaladar also wants the timer to be on.\n|\n|t:|1782784186\n|switch|p2a: Tyranitar|Tyranitar, L78, M|284/284\n|-weather|Sandstorm|[from] ability: Sand Stream|[of] p2a: Tyranitar\n|move|p1a: Darkrai|Hypnosis|p2a: Tyranitar\n|-status|p2a: Tyranitar|slp|[from] move: Hypnosis\n|\n|-weather|Sandstorm|[upkeep]\n|-damage|p1a: Darkrai|220/234|[from] Sandstorm\n|-damage|p2a: Tyranitar|249/284 slp|[from] ability: Bad Dreams|[of] p1a: Darkrai\n|upkeep\n|turn|2\n|\n|t:|1782784205\n|switch|p1a: Meganium|Meganium, L90, F|290/290\n|cant|p2a: Tyranitar|slp\n|\n|-weather|Sandstorm|[upkeep]\n|-damage|p1a: Meganium|272/290|[from] Sandstorm\n|-heal|p1a: Meganium|290/290|[from] item: Leftovers\n|upkeep\n|turn|3\n|\n|t:|1782784214\n|move|p1a: Meganium|Leech Seed|p2a: Tyranitar\n|-start|p2a: Tyranitar|move: Leech Seed\n|cant|p2a: Tyranitar|slp\n|\n|-weather|Sandstorm|[upkeep]\n|-damage|p1a: Meganium|272/290|[from] Sandstorm\n|-heal|p1a: Meganium|290/290|[from] item: Leftovers\n|-damage|p2a: Tyranitar|214/284 slp|[from] Leech Seed|[of] p1a: Meganium\n|upkeep\n|turn|4\n|\n|t:|1782784224\n|move|p1a: Meganium|Energy Ball|p2a: Tyranitar\n|-supereffective|p2a: Tyranitar\n|-crit|p2a: Tyranitar\n|-damage|p2a: Tyranitar|4/284 slp\n|-enditem|p2a: Tyranitar|Weakness Policy\n|-boost|p2a: Tyranitar|atk|2|[from] item: Weakness Policy\n|-boost|p2a: Tyranitar|spa|2|[from] item: Weakness Policy\n|cant|p2a: Tyranitar|slp\n|\n|-weather|Sandstorm|[upkeep]\n|-damage|p1a: Meganium|272/290|[from] Sandstorm\n|-heal|p1a: Meganium|290/290|[from] item: Leftovers\n|-damage|p2a: Tyranitar|0 fnt|[from] Leech Seed|[of] p1a: Meganium\n|faint|p2a: Tyranitar\n|upkeep\n|\n|t:|1782784229\n|switch|p2a: Magcargo|Magcargo, L95, F|268/268\n|turn|5\n|\n|t:|1782784242\n|switch|p1a: Conkeldurr|Conkeldurr, L80, F|299/299\n|move|p2a: Magcargo|Fire Blast|p1a: Conkeldurr\n|-damage|p1a: Conkeldurr|119/299\n|-status|p1a: Conkeldurr|brn\n|\n|-weather|none\n|-damage|p1a: Conkeldurr|101/299 brn|[from] brn\n|upkeep\n|turn|6\n|\n|t:|1782784252\n|move|p1a: Conkeldurr|Close Combat|p2a: Magcargo\n|-supereffective|p2a: Magcargo\n|-damage|p2a: Magcargo|0 fnt\n|-unboost|p1a: Conkeldurr|def|1\n|-unboost|p1a: Conkeldurr|spd|1\n|faint|p2a: Magcargo\n|\n|-damage|p1a: Conkeldurr|83/299 brn|[from] brn\n|upkeep\n|\n|t:|1782784256\n|switch|p2a: Bruxish|Bruxish, L85, M|254/254\n|turn|7\n|\n|t:|1782784264\n|move|p2a: Bruxish|Psychic Fangs|p1a: Conkeldurr\n|-supereffective|p1a: Conkeldurr\n|-damage|p1a: Conkeldurr|0 fnt\n|faint|p1a: Conkeldurr\n|\n|upkeep\n|\n|t:|1782784269\n|switch|p1a: Darkrai|Darkrai, L77|220/234\n|turn|8\n|\n|t:|1782784276\n|switch|p2a: Zarude|Zarude-Dada, L77|288/288\n|move|p1a: Darkrai|Hypnosis|p2a: Zarude\n|-status|p2a: Zarude|slp|[from] move: Hypnosis\n|\n|-damage|p2a: Zarude|252/288 slp|[from] ability: Bad Dreams|[of] p1a: Darkrai\n|upkeep\n|turn|9\n|c|\u2606Firemet_X|Come on men, you only have hipnosis???\n|\n|t:|1782784299\n|move|p1a: Darkrai|Nasty Plot|p1a: Darkrai\n|-boost|p1a: Darkrai|spa|2\n|cant|p2a: Zarude|slp\n|\n|-heal|p2a: Zarude|270/288 slp|[from] item: Leftovers\n|-damage|p2a: Zarude|234/288 slp|[from] ability: Bad Dreams|[of] p1a: Darkrai\n|upkeep\n|turn|10\n|\n|t:|1782784307\n|move|p1a: Darkrai|Sludge Bomb|p2a: Zarude\n|-supereffective|p2a: Zarude\n|-damage|p2a: Zarude|0 fnt\n|faint|p2a: Zarude\n|-damage|p1a: Darkrai|197/234|[from] item: Life Orb\n|\n|upkeep\n|\n|t:|1782784315\n|switch|p2a: Primarina|Primarina, L83, M|268/268\n|turn|11\n|\n|t:|1782784318\n|move|p1a: Darkrai|Sludge Bomb|p2a: Primarina\n|-supereffective|p2a: Primarina\n|-damage|p2a: Primarina|0 fnt\n|faint|p2a: Primarina\n|-damage|p1a: Darkrai|174/234|[from] item: Life Orb\n|\n|upkeep\n|\n|t:|1782784327\n|switch|p2a: Braviary|Braviary-Hisui, L85, M|326/326\n|turn|12\n|\n|t:|1782784331\n|move|p1a: Darkrai|Dark Pulse|p2a: Braviary\n|-supereffective|p2a: Braviary\n|-damage|p2a: Braviary|0 fnt\n|faint|p2a: Braviary\n|-damage|p1a: Darkrai|151/234|[from] item: Life Orb\n|\n|upkeep\n|\n|t:|1782784335\n|switch|p2a: Bruxish|Bruxish, L85, M|254/254\n|turn|13\n|c|\u2606Firemet_X|F.u.c.k. yourself\n|c|\u2606jvdaladar|got sludge bomb and knockoff too\n|\n|t:|1782784354\n|move|p1a: Darkrai|Dark Pulse|p2a: Bruxish\n|-supereffective|p2a: Bruxish\n|-damage|p2a: Bruxish|0 fnt\n|faint|p2a: Bruxish\n|-damage|p1a: Darkrai|128/234|[from] item: Life Orb\n|\n|win|jvdaladar\n", "inputlog": ">version f8ac14003a5f27e1bdc8d8c59608a773c1cb96e5\n>start {\"formatid\":\"gen9randombattle\",\"seed\":\"sodium,0091164bd3f0834e6f9efa1ffd065a3f\",\"rated\":\"Rated battle\"}\n>player p1 {\"name\":\"jvdaladar\",\"avatar\":\"169\",\"rating\":1295,\"seed\":\"sodium,1d2daa0b9247553cab07531ffa750ea9\"}\n>player p2 {\"name\":\"Firemet_X\",\"avatar\":\"lucas\",\"rating\":1328,\"seed\":\"sodium,70848c799d2cfffe88f4e54530489f89\"}\n>p1 move hypnosis\n>p2 switch 4\n>p1 switch 2\n>p2 move dragondance\n>p1 move leechseed\n>p2 move dragondance\n>p1 move energyball\n>p2 move dragondance\n>p2 switch 3\n>p1 switch 3\n>p2 move fireblast\n>p1 move closecombat\n>p2 move shellsmash\n>p2 switch 2\n>p1 move knockoff\n>p2 move psychicfangs\n>p1 switch 2\n>p1 move hypnosis\n>p2 switch 6\n>chat \u2606Firemet_X|Come on men, you only have hipnosis???\n>p1 move nastyplot\n>p2 move swordsdance\n>p1 move sludgebomb\n>p2 move swordsdance\n>p2 switch 5\n>p1 move sludgebomb\n>p2 move moonblast\n>p2 switch 4\n>p1 move darkpulse\n>p2 move hurricane\n>p2 switch 6\n>chat \u2606Firemet_X|F.u.c.k. yourself\n>chat \u2606jvdaladar|got sludge bomb and knockoff too \n>p1 move darkpulse\n>p2 move wavecrash", "uploadtime": 1782784348, "views": 7, "formatid": "gen9randombattle", "rating": null, "private": 0, "password": null, "player_dets": [{"name": "jvdaladar", "avatar": "169", "rating": 1295, "seed": "sodium,1d2daa0b9247553cab07531ffa750ea9"}, {"name": "Firemet_X", "avatar": "lucas", "rating": 1328, "seed": "sodium,70848c799d2cfffe88f4e54530489f89"}], "teams_full": [{"Darkrai": {"name": "Darkrai", "species": "Darkrai", "speciesId": "darkrai", "gender": "N", "shiny": false, "level": 77, "moves": ["hypnosis", "nastyplot", "darkpulse", "sludgebomb"], "ability": "Bad Dreams", "evs": {"hp": 85, "atk": 0, "def": 85, "spa": 85, "spd": 85, "spe": 85}, "ivs": {"hp": 31, "atk": 0, "def": 31, "spa": 31, "spd": 31, "spe": 31}, "item": "Life Orb", "teraType": "Poison", "role": "Setup Sweeper", "bvs": {"hp": 70, "atk": 90, "def": 90, "spa": 135, "spd": 90, "spe": 125}, "stats": {"hp": 234, "atk": 143, "def": 183, "spa": 252, "spd": 183, "spe": 237}, "types": ["Dark"]}, "Meganium": {"name": "Meganium", "species": "Meganium", "speciesId": "meganium", "gender": "F", "shiny": false, "level": 90, "moves": ["energyball", "knockoff", "leechseed", "synthesis"], "ability": "Overgrow", "evs": {"hp": 85, "atk": 85, "def": 85, "spa": 85, "spd": 85, "spe": 85}, "ivs": {"hp": 31, "atk": 31, "def": 31, "spa": 31, "spd": 31, "spe": 31}, "item": "Leftovers", "teraType": "Poison", "role": "Bulky Attacker", "bvs": {"hp": 80, "atk": 82, "def": 100, "spa": 83, "spd": 100, "spe": 80}, "stats": {"hp": 290, "atk": 199, "def": 231, "spa": 201, "spd": 231, "spe": 195}, "types": ["Grass"]}, "Conkeldurr": {"name": "Conkeldurr", "species": "Conkeldurr", "speciesId": "conkeldurr", "gender": "F", "shiny": false, "level": 80, "moves": ["machpunch", "knockoff", "closecombat", "facade"], "ability": "Guts", "evs": {"hp": 85, "atk": 85, "def": 85, "spa": 85, "spd": 85, "spe": 85}, "ivs": {"hp": 31, "atk": 31, "def": 31, "spa": 31, "spd": 31, "spe": 31}, "item": "Flame Orb", "teraType": "Normal", "role": "Wallbreaker", "bvs": {"hp": 105, "atk": 140, "def": 95, "spa": 55, "spd": 65, "spe": 45}, "stats": {"hp": 299, "atk": 270, "def": 198, "spa": 134, "spd": 150, "spe": 118}, "types": ["Fighting"]}, "Bombirdier": {"name": "Bombirdier", "species": "Bombirdier", "speciesId": "bombirdier", "gender": "M", "shiny": false, "level": 85, "moves": ["stoneedge", "suckerpunch", "bravebird", "knockoff"], "ability": "Rocky Payload", "evs": {"hp": 85, "atk": 85, "def": 85, "spa": 85, "spd": 85, "spe": 85}, "ivs": {"hp": 31, "atk": 31, "def": 31, "spa": 31, "spd": 31, "spe": 31}, "item": "Choice Band", "teraType": "Rock", "role": "Fast Attacker", "bvs": {"hp": 70, "atk": 103, "def": 85, "spa": 60, "spd": 85, "spe": 82}, "stats": {"hp": 258, "atk": 224, "def": 193, "spa": 151, "spd": 193, "spe": 188}, "types": ["Flying", "Dark"]}, "Arceus": {"name": "Arceus", "species": "Arceus-Poison", "speciesId": "arceuspoison", "gender": "N", "shiny": false, "level": 70, "moves": ["gunkshot", "earthquake", "liquidation", "dragondance"], "ability": "Multitype", "evs": {"hp": 85, "atk": 85, "def": 85, "spa": 85, "spd": 85, "spe": 85}, "ivs": {"hp": 31, "atk": 31, "def": 31, "spa": 31, "spd": 31, "spe": 31}, "item": "Toxic Plate", "teraType": "Ground", "role": "Setup Sweeper", "bvs": {"hp": 120, "atk": 120, "def": 120, "spa": 120, "spd": 120, "spe": 120}, "stats": {"hp": 284, "atk": 209, "def": 209, "spa": 209, "spd": 209, "spe": 209}, "types": ["Poison"]}, "Ceruledge": {"name": "Ceruledge", "species": "Ceruledge", "speciesId": "ceruledge", "gender": "M", "shiny": false, "level": 78, "moves": ["swordsdance", "bitterblade", "shadowsneak", "poltergeist"], "ability": "Weak Armor", "evs": {"hp": 85, "atk": 85, "def": 85, "spa": 85, "spd": 85, "spe": 85}, "ivs": {"hp": 31, "atk": 31, "def": 31, "spa": 31, "spd": 31, "spe": 31}, "item": "Heavy-Duty Boots", "teraType": "Ghost", "role": "Setup Sweeper", "bvs": {"hp": 75, "atk": 125, "def": 80, "spa": 60, "spd": 100, "spe": 85}, "stats": {"hp": 245, "atk": 240, "def": 170, "spa": 139, "spd": 201, "spe": 178}, "types": ["Fire", "Ghost"]}}, {"Braviary": {"name": "Braviary", "species": "Braviary-Hisui", "speciesId": "braviaryhisui", "gender": "M", "shiny": false, "level": 85, "moves": ["esperwing", "calmmind", "hurricane", "roost"], "ability": "Tinted Lens", "evs": {"hp": 85, "atk": 0, "def": 85, "spa": 85, "spd": 85, "spe": 85}, "ivs": {"hp": 31, "atk": 0, "def": 31, "spa": 31, "spd": 31, "spe": 31}, "item": "Heavy-Duty Boots", "teraType": "Steel", "role": "Bulky Attacker", "bvs": {"hp": 110, "atk": 83, "def": 70, "spa": 112, "spd": 70, "spe": 65}, "stats": {"hp": 326, "atk": 146, "def": 168, "spa": 239, "spd": 168, "spe": 159}, "types": ["Psychic", "Flying"]}, "Bruxish": {"name": "Bruxish", "species": "Bruxish", "speciesId": "bruxish", "gender": "M", "shiny": false, "level": 85, "moves": ["wavecrash", "psychicfangs", "aquajet", "crunch"], "ability": "Strong Jaw", "evs": {"hp": 85, "atk": 85, "def": 85, "spa": 85, "spd": 85, "spe": 85}, "ivs": {"hp": 31, "atk": 31, "def": 31, "spa": 31, "spd": 31, "spe": 31}, "item": "Choice Band", "teraType": "Psychic", "role": "Fast Attacker", "bvs": {"hp": 68, "atk": 105, "def": 70, "spa": 70, "spd": 70, "spe": 92}, "stats": {"hp": 254, "atk": 227, "def": 168, "spa": 168, "spd": 168, "spe": 205}, "types": ["Water", "Psychic"]}, "Magcargo": {"name": "Magcargo", "species": "Magcargo", "speciesId": "magcargo", "gender": "F", "shiny": false, "level": 95, "moves": ["powergem", "shellsmash", "earthpower", "fireblast"], "ability": "Weak Armor", "evs": {"hp": 85, "atk": 0, "def": 85, "spa": 85, "spd": 85, "spe": 85}, "ivs": {"hp": 31, "atk": 0, "def": 31, "spa": 31, "spd": 31, "spe": 31}, "item": "Heavy-Duty Boots", "teraType": "Grass", "role": "Setup Sweeper", "bvs": {"hp": 60, "atk": 50, "def": 120, "spa": 90, "spd": 80, "spe": 30}, "stats": {"hp": 268, "atk": 100, "def": 282, "spa": 225, "spd": 206, "spe": 111}, "types": ["Fire", "Rock"]}, "Tyranitar": {"name": "Tyranitar", "species": "Tyranitar", "speciesId": "tyranitar", "gender": "M", "shiny": false, "level": 78, "moves": ["stoneedge", "dragondance", "earthquake", "knockoff"], "ability": "Sand Stream", "evs": {"hp": 85, "atk": 85, "def": 85, "spa": 85, "spd": 85, "spe": 85}, "ivs": {"hp": 31, "atk": 31, "def": 31, "spa": 31, "spd": 31, "spe": 31}, "item": "Weakness Policy", "teraType": "Ghost", "role": "Bulky Setup", "bvs": {"hp": 100, "atk": 134, "def": 110, "spa": 95, "spd": 100, "spe": 61}, "stats": {"hp": 284, "atk": 254, "def": 217, "spa": 193, "spd": 201, "spe": 140}, "types": ["Rock", "Dark"]}, "Primarina": {"name": "Primarina", "species": "Primarina", "speciesId": "primarina", "gender": "M", "shiny": false, "level": 83, "moves": ["flipturn", "moonblast", "hydropump", "psychic"], "ability": "Torrent", "evs": {"hp": 85, "atk": 85, "def": 85, "spa": 85, "spd": 85, "spe": 85}, "ivs": {"hp": 31, "atk": 31, "def": 31, "spa": 31, "spd": 31, "spe": 31}, "item": "Choice Specs", "teraType": "Water", "role": "Wallbreaker", "bvs": {"hp": 80, "atk": 74, "def": 74, "spa": 126, "spd": 116, "spe": 60}, "stats": {"hp": 268, "atk": 171, "def": 171, "spa": 257, "spd": 240, "spe": 147}, "types": ["Water", "Fairy"]}, "Zarude": {"name": "Zarude", "species": "Zarude-Dada", "speciesId": "zarude", "gender": "N", "shiny": false, "level": 77, "moves": ["synthesis", "swordsdance", "powerwhip", "knockoff"], "ability": "Leaf Guard", "evs": {"hp": 85, "atk": 85, "def": 85, "spa": 85, "spd": 85, "spe": 85}, "ivs": {"hp": 31, "atk": 31, "def": 31, "spa": 31, "spd": 31, "spe": 31}, "item": "Leftovers", "teraType": "Grass", "role": "Fast Bulky Setup", "bvs": {"hp": 105, "atk": 120, "def": 105, "spa": 70, "spd": 95, "spe": 105}, "stats": {"hp": 288, "atk": 229, "def": 206, "spa": 152, "spd": 191, "spe": 206}, "types": ["Dark", "Grass"]}}]}