{"id": "gen9randombattle-2641062217", "format": "[Gen 9] Random Battle", "players": ["SadisticSadiq", "xuxiansheng"], "log": "|j|\u2606SadisticSadiq\n|j|\u2606xuxiansheng\n|t:|1782734642\n|gametype|singles\n|player|p1|SadisticSadiq|n|2210\n|player|p2|xuxiansheng|101|2182\n|gen|9\n|tier|[Gen 9] Random Battle\n|rated|\n|rule|Species Clause: Limit one of each Pok\u00e9mon\n|rule|HP Percentage Mod: HP is shown in percentages\n|rule|Sleep Clause Mod: Limit one foe put to sleep\n|rule|Illusion Level Mod: Illusion disguises the Pok\u00e9mon's true level\n|\n|t:|1782734642\n|teamsize|p1|6\n|teamsize|p2|6\n|start\n|switch|p1a: Arboliva|Arboliva, L91, M|288/288\n|switch|p2a: Brambleghast|Brambleghast, L88, F|240/240\n|turn|1\n|inactive|Battle timer is ON: inactive players will automatically lose when time's up. (requested by SadisticSadiq)\n|inactive|xuxiansheng also wants the timer to be on.\n|\n|t:|1782734654\n|switch|p1a: Charizard|Charizard, L85, F|271/271\n|move|p2a: Brambleghast|Rapid Spin|p1a: Charizard\n|-damage|p1a: Charizard|222/271\n|-boost|p2a: Brambleghast|spe|1\n|\n|upkeep\n|turn|2\n|\n|t:|1782734661\n|switch|p2a: Goodra|Goodra, L85, M|292/292\n|move|p1a: Charizard|Flamethrower|p2a: Goodra\n|-resisted|p2a: Goodra\n|-damage|p2a: Goodra|269/292\n|\n|upkeep\n|turn|3\n|\n|t:|1782734675\n|switch|p1a: Krookodile|Krookodile, L79, M|280/280\n|-ability|p1a: Krookodile|Intimidate|boost\n|-unboost|p2a: Goodra|atk|1\n|move|p2a: Goodra|Fire Blast|p1a: Krookodile\n|-damage|p1a: Krookodile|178/280\n|\n|-heal|p1a: Krookodile|195/280|[from] item: Leftovers\n|upkeep\n|turn|4\n|\n|t:|1782734684\n|switch|p2a: Hippowdon|Hippowdon, L82, M|311/311\n|-weather|Sandstorm|[from] ability: Sand Stream|[of] p2a: Hippowdon\n|move|p1a: Krookodile|Earthquake|p2a: Hippowdon\n|-damage|p2a: Hippowdon|223/311\n|\n|-weather|Sandstorm|[upkeep]\n|-heal|p1a: Krookodile|212/280|[from] item: Leftovers\n|-heal|p2a: Hippowdon|242/311|[from] item: Leftovers\n|upkeep\n|turn|5\n|\n|t:|1782734697\n|switch|p1a: Swanna|Swanna, L89, M|278/278\n|switch|p2a: Gallade|Gallade, L80, M|240/240\n|\n|-weather|Sandstorm|[upkeep]\n|-damage|p1a: Swanna|261/278|[from] Sandstorm\n|-damage|p2a: Gallade|225/240|[from] Sandstorm\n|upkeep\n|turn|6\n|\n|t:|1782734702\n|switch|p2a: Brambleghast|Brambleghast, L88, F|240/240\n|move|p1a: Swanna|Brave Bird|p2a: Brambleghast\n|-supereffective|p2a: Brambleghast\n|-damage|p2a: Brambleghast|0 fnt\n|faint|p2a: Brambleghast\n|-damage|p1a: Swanna|182/278|[from] Recoil\n|\n|-weather|Sandstorm|[upkeep]\n|-damage|p1a: Swanna|165/278|[from] Sandstorm\n|upkeep\n|\n|t:|1782734705\n|switch|p2a: Slowbro|Slowbro-Galar, L87, M|307/307\n|turn|7\n|\n|t:|1782734719\n|switch|p1a: Golem|Golem, L87, F|281/281\n|move|p2a: Slowbro|Shell Side Arm|p1a: Golem|[anim] Shell Side Arm Special\n|-resisted|p1a: Golem\n|-damage|p1a: Golem|260/281\n|-hint|Special Shell Side Arm\n|\n|-weather|Sandstorm|[upkeep]\n|-damage|p2a: Slowbro|288/307|[from] Sandstorm\n|upkeep\n|turn|8\n|\n|t:|1782734736\n|switch|p2a: Hippowdon|Hippowdon, L82, M|242/311\n|move|p1a: Golem|Stealth Rock|p2a: Hippowdon\n|-sidestart|p2: xuxiansheng|move: Stealth Rock\n|\n|-weather|none\n|-heal|p2a: Hippowdon|261/311|[from] item: Leftovers\n|upkeep\n|turn|9\n|\n|t:|1782734742\n|switch|p1a: Arboliva|Arboliva, L91, M|288/288\n|move|p2a: Hippowdon|Stone Edge|p1a: Arboliva\n|-damage|p1a: Arboliva|216/288\n|\n|-heal|p2a: Hippowdon|280/311|[from] item: Leftovers\n|upkeep\n|turn|10\n|\n|t:|1782734753\n|switch|p2a: Goodra|Goodra, L85, M|269/292\n|-damage|p2a: Goodra|233/292|[from] Stealth Rock\n|move|p1a: Arboliva|Substitute|p1a: Arboliva\n|-start|p1a: Arboliva|Substitute\n|-damage|p1a: Arboliva|144/288\n|-enditem|p1a: Arboliva|Sitrus Berry|[eat]\n|-heal|p1a: Arboliva|216/288|[from] item: Sitrus Berry\n|\n|-item|p1a: Arboliva|Sitrus Berry|[from] ability: Harvest\n|upkeep\n|turn|11\n|\n|t:|1782734760\n|move|p1a: Arboliva|Protect|p1a: Arboliva\n|-singleturn|p1a: Arboliva|Protect\n|move|p2a: Goodra|Fire Blast|p1a: Arboliva\n|-activate|p1a: Arboliva|move: Protect\n|\n|upkeep\n|turn|12\n|\n|t:|1782734765\n|move|p2a: Goodra|Fire Blast|p1a: Arboliva\n|-supereffective|p1a: Arboliva\n|-end|p1a: Arboliva|Substitute\n|move|p1a: Arboliva|Hyper Voice|p2a: Goodra\n|-damage|p2a: Goodra|173/292\n|\n|upkeep\n|turn|13\n|\n|t:|1782734770\n|move|p1a: Arboliva|Protect|p1a: Arboliva\n|-singleturn|p1a: Arboliva|Protect\n|move|p2a: Goodra|Dragon Tail|p1a: Arboliva\n|-activate|p1a: Arboliva|move: Protect\n|\n|upkeep\n|turn|14\n|\n|t:|1782734779\n|switch|p1a: Charizard|Charizard, L85, F|222/271\n|move|p2a: Goodra|Draco Meteor|p1a: Charizard\n|-damage|p1a: Charizard|69/271\n|-unboost|p2a: Goodra|spa|2\n|\n|upkeep\n|turn|15\n|\n|t:|1782734785\n|move|p1a: Charizard|Will-O-Wisp|p2a: Goodra|[miss]\n|-miss|p1a: Charizard|p2a: Goodra\n|move|p2a: Goodra|Dragon Tail|p1a: Charizard\n|-damage|p1a: Charizard|0 fnt\n|faint|p1a: Charizard\n|\n|upkeep\n|\n|t:|1782734793\n|switch|p1a: Krookodile|Krookodile, L79, M|212/280\n|-ability|p1a: Krookodile|Intimidate|boost\n|-unboost|p2a: Goodra|atk|1\n|turn|16\n|\n|t:|1782734800\n|switch|p2a: Hippowdon|Hippowdon, L82, M|280/311\n|-damage|p2a: Hippowdon|261/311|[from] Stealth Rock\n|-weather|Sandstorm|[from] ability: Sand Stream|[of] p2a: Hippowdon\n|move|p1a: Krookodile|Earthquake|p2a: Hippowdon\n|-damage|p2a: Hippowdon|173/311\n|\n|-weather|Sandstorm|[upkeep]\n|-heal|p1a: Krookodile|229/280|[from] item: Leftovers\n|-heal|p2a: Hippowdon|192/311|[from] item: Leftovers\n|upkeep\n|turn|17\n|\n|t:|1782734808\n|switch|p2a: Gallade|Gallade, L80, M|225/240\n|-damage|p2a: Gallade|210/240|[from] Stealth Rock\n|move|p1a: Krookodile|Bulk Up|p1a: Krookodile\n|-boost|p1a: Krookodile|atk|1\n|-boost|p1a: Krookodile|def|1\n|\n|-weather|Sandstorm|[upkeep]\n|-damage|p2a: Gallade|195/240|[from] Sandstorm\n|-heal|p1a: Krookodile|246/280|[from] item: Leftovers\n|upkeep\n|turn|18\n|\n|t:|1782734821\n|switch|p2a: Slowbro|Slowbro-Galar, L87, M|307/307\n|-damage|p2a: Slowbro|269/307|[from] Stealth Rock\n|move|p1a: Krookodile|Earthquake|p2a: Slowbro\n|-supereffective|p2a: Slowbro\n|-crit|p2a: Slowbro\n|-damage|p2a: Slowbro|0 fnt\n|faint|p2a: Slowbro\n|\n|-weather|Sandstorm|[upkeep]\n|-heal|p1a: Krookodile|263/280|[from] item: Leftovers\n|upkeep\n|\n|t:|1782734823\n|switch|p2a: Lumineon|Lumineon, L93, M|279/279\n|-damage|p2a: Lumineon|245/279|[from] Stealth Rock\n|turn|19\n|\n|t:|1782734835\n|switch|p1a: Swanna|Swanna, L89, M|165/278\n|move|p2a: Lumineon|Hydro Pump|p1a: Swanna\n|-resisted|p1a: Swanna\n|-crit|p1a: Swanna\n|-damage|p1a: Swanna|43/278\n|-damage|p2a: Lumineon|218/279|[from] item: Life Orb\n|\n|-weather|Sandstorm|[upkeep]\n|-damage|p1a: Swanna|26/278|[from] Sandstorm\n|-damage|p2a: Lumineon|201/279|[from] Sandstorm\n|upkeep\n|turn|20\n|\n|t:|1782734852\n|switch|p2a: Hippowdon|Hippowdon, L82, M|192/311\n|-damage|p2a: Hippowdon|173/311|[from] Stealth Rock\n|move|p1a: Swanna|Roost|p1a: Swanna\n|-heal|p1a: Swanna|165/278\n|-singleturn|p1a: Swanna|move: Roost\n|\n|-weather|none\n|-heal|p2a: Hippowdon|192/311|[from] item: Leftovers\n|upkeep\n|turn|21\n|\n|t:|1782734859\n|move|p1a: Swanna|Roost|p1a: Swanna\n|-heal|p1a: Swanna|278/278\n|-singleturn|p1a: Swanna|move: Roost\n|move|p2a: Hippowdon|Stone Edge|p1a: Swanna\n|-damage|p1a: Swanna|182/278\n|\n|-heal|p2a: Hippowdon|211/311|[from] item: Leftovers\n|upkeep\n|turn|22\n|\n|t:|1782734868\n|move|p1a: Swanna|Hydro Pump|p2a: Hippowdon\n|-supereffective|p2a: Hippowdon\n|-damage|p2a: Hippowdon|0 fnt\n|faint|p2a: Hippowdon\n|\n|upkeep\n|\n|t:|1782734872\n|switch|p2a: Goodra|Goodra, L85, M|173/292\n|-damage|p2a: Goodra|137/292|[from] Stealth Rock\n|turn|23\n|\n|t:|1782734881\n|switch|p1a: Golem|Golem, L87, F|260/281\n|move|p2a: Goodra|Draco Meteor|p1a: Golem\n|-damage|p1a: Golem|79/281\n|-unboost|p2a: Goodra|spa|2\n|\n|upkeep\n|turn|24\n|\n|t:|1782734889\n|switch|p2a: Lumineon|Lumineon, L93, M|201/279\n|-damage|p2a: Lumineon|167/279|[from] Stealth Rock\n|move|p1a: Golem|Explosion|p2a: Lumineon\n|-damage|p2a: Lumineon|0 fnt\n|faint|p1a: Golem\n|faint|p2a: Lumineon\n|\n|upkeep\n|\n|t:|1782734901\n|switch|p2a: Gallade|Gallade, L80, M|195/240\n|switch|p1a: Krookodile|Krookodile, L79, M|263/280\n|-ability|p1a: Krookodile|Intimidate|boost\n|-unboost|p2a: Gallade|atk|1\n|-damage|p2a: Gallade|180/240|[from] Stealth Rock\n|turn|25\n|\n|t:|1782734906\n|switch|p1a: Swanna|Swanna, L89, M|182/278\n|move|p2a: Gallade|Agility|p2a: Gallade\n|-boost|p2a: Gallade|spe|2\n|\n|upkeep\n|turn|26\n|\n|t:|1782734912\n|move|p2a: Gallade|Psycho Cut|p1a: Swanna\n|-damage|p1a: Swanna|60/278\n|-damage|p2a: Gallade|156/240|[from] item: Life Orb\n|move|p1a: Swanna|Brave Bird|p2a: Gallade\n|-supereffective|p2a: Gallade\n|-damage|p2a: Gallade|0 fnt\n|faint|p2a: Gallade\n|-damage|p1a: Swanna|9/278|[from] Recoil\n|\n|upkeep\n|\n|t:|1782734916\n|switch|p2a: Goodra|Goodra, L85, M|137/292\n|-damage|p2a: Goodra|101/292|[from] Stealth Rock\n|turn|27\n|\n|t:|1782734918\n|move|p1a: Swanna|Brave Bird|p2a: Goodra\n|-damage|p2a: Goodra|0 fnt\n|faint|p2a: Goodra\n|-damage|p1a: Swanna|0 fnt|[from] Recoil\n|faint|p1a: Swanna\n|\n|win|SadisticSadiq\n", "inputlog": ">version 3f8ef8cf60cebd2b18892af2794d10415e14a302\n>start {\"formatid\":\"gen9randombattle\",\"seed\":\"sodium,fc4e79f63b797888fc4ea2c79636bf53\",\"rated\":\"Rated battle\"}\n>player p1 {\"name\":\"SadisticSadiq\",\"avatar\":\"n\",\"rating\":2210,\"seed\":\"sodium,5b63f4e54f9e07cc1f6facf29f47e619\"}\n>player p2 {\"name\":\"xuxiansheng\",\"avatar\":\"101\",\"rating\":2182,\"seed\":\"sodium,fc7b0869d59751cd0206511ceedda44c\"}\n>p1 switch 5\n>p2 move rapidspin\n>p1 move flamethrower\n>p2 switch 3\n>p1 switch 2\n>p2 move fireblast\n>p1 move earthquake\n>p2 switch 4\n>p1 switch 3\n>p2 switch 5\n>p1 move bravebird\n>p2 switch 3\n>p2 switch 2\n>p1 switch 4\n>p2 move shellsidearm\n>p1 move stealthrock\n>p2 switch 5\n>p1 switch 5\n>p2 move stoneedge\n>p1 move substitute\n>p2 switch 4\n>p1 move protect\n>p2 move fireblast\n>p1 move hypervoice\n>p2 move fireblast\n>p1 move protect\n>p2 move dragontail\n>p1 switch 2\n>p2 move dracometeor\n>p1 move willowisp\n>p2 move dragontail\n>p1 switch 3\n>p1 move earthquake\n>p2 switch 4\n>p1 move bulkup\n>p2 switch 3\n>p1 move earthquake\n>p2 switch 5\n>p2 switch 6\n>p1 switch 4\n>p2 move hydropump\n>p1 move roost\n>p2 switch 3\n>p1 move roost\n>p2 move stoneedge\n>p1 move hydropump\n>p2 move stoneedge\n>p2 switch 4\n>p1 switch 5\n>p2 move dracometeor\n>p1 move explosion\n>p2 switch 3\n>p1 switch 4\n>p2 switch 5\n>p1 switch 5\n>p2 move agility\n>p1 move bravebird\n>p2 move psychocut\n>p2 switch 3\n>p1 move bravebird\n>p2 move dragontail", "uploadtime": 1782734644, "views": 4, "formatid": "gen9randombattle", "rating": null, "private": 0, "password": null, "player_dets": [{"name": "SadisticSadiq", "avatar": "n", "rating": 2210, "seed": "sodium,5b63f4e54f9e07cc1f6facf29f47e619"}, {"name": "xuxiansheng", "avatar": "101", "rating": 2182, "seed": "sodium,fc7b0869d59751cd0206511ceedda44c"}], "teams_full": [{"Arboliva": {"name": "Arboliva", "species": "Arboliva", "speciesId": "arboliva", "gender": "M", "shiny": false, "level": 91, "moves": ["leechseed", "protect", "hypervoice", "substitute"], "ability": "Harvest", "evs": {"hp": 77, "atk": 0, "def": 85, "spa": 85, "spd": 85, "spe": 85}, "ivs": {"hp": 31, "atk": 0, "def": 31, "spa": 31, "spd": 31, "spe": 31}, "item": "Sitrus Berry", "teraType": "Poison", "role": "Bulky Support", "bvs": {"hp": 78, "atk": 69, "def": 90, "spa": 125, "spd": 109, "spe": 39}, "stats": {"hp": 288, "atk": 130, "def": 216, "spa": 279, "spd": 250, "spe": 123}, "types": ["Grass", "Normal"]}, "Krookodile": {"name": "Krookodile", "species": "Krookodile", "speciesId": "krookodile", "gender": "M", "shiny": false, "level": 79, "moves": ["gunkshot", "earthquake", "knockoff", "bulkup"], "ability": "Intimidate", "evs": {"hp": 85, "atk": 85, "def": 85, "spa": 85, "spd": 85, "spe": 85}, "ivs": {"hp": 31, "atk": 31, "def": 31, "spa": 31, "spd": 31, "spe": 31}, "item": "Leftovers", "teraType": "Poison", "role": "Bulky Setup", "bvs": {"hp": 95, "atk": 117, "def": 80, "spa": 65, "spd": 70, "spe": 92}, "stats": {"hp": 280, "atk": 230, "def": 172, "spa": 148, "spd": 156, "spe": 191}, "types": ["Ground", "Dark"]}, "Swanna": {"name": "Swanna", "species": "Swanna", "speciesId": "swanna", "gender": "M", "shiny": false, "level": 89, "moves": ["defog", "roost", "bravebird", "hydropump"], "ability": "Hydration", "evs": {"hp": 85, "atk": 85, "def": 85, "spa": 85, "spd": 85, "spe": 85}, "ivs": {"hp": 31, "atk": 31, "def": 31, "spa": 31, "spd": 31, "spe": 31}, "item": "Heavy-Duty Boots", "teraType": "Ground", "role": "Bulky Support", "bvs": {"hp": 75, "atk": 87, "def": 63, "spa": 87, "spd": 63, "spe": 98}, "stats": {"hp": 278, "atk": 206, "def": 163, "spa": 206, "spd": 163, "spe": 225}, "types": ["Water", "Flying"]}, "Golem": {"name": "Golem", "species": "Golem", "speciesId": "golem", "gender": "F", "shiny": false, "level": 87, "moves": ["stoneedge", "stealthrock", "explosion", "earthquake"], "ability": "Sturdy", "evs": {"hp": 85, "atk": 85, "def": 85, "spa": 85, "spd": 85, "spe": 85}, "ivs": {"hp": 31, "atk": 31, "def": 31, "spa": 31, "spd": 31, "spe": 31}, "item": "Custap Berry", "teraType": "Grass", "role": "Bulky Attacker", "bvs": {"hp": 80, "atk": 120, "def": 130, "spa": 55, "spd": 65, "spe": 45}, "stats": {"hp": 281, "atk": 259, "def": 276, "spa": 145, "spd": 163, "spe": 128}, "types": ["Rock", "Ground"]}, "Charizard": {"name": "Charizard", "species": "Charizard", "speciesId": "charizard", "gender": "F", "shiny": false, "level": 85, "moves": ["willowisp", "flamethrower", "hurricane", "focusblast"], "ability": "Blaze", "evs": {"hp": 85, "atk": 0, "def": 85, "spa": 85, "spd": 85, "spe": 85}, "ivs": {"hp": 31, "atk": 0, "def": 31, "spa": 31, "spd": 31, "spe": 31}, "item": "Heavy-Duty Boots", "teraType": "Dragon", "role": "Fast Attacker", "bvs": {"hp": 78, "atk": 84, "def": 78, "spa": 109, "spd": 85, "spe": 100}, "stats": {"hp": 271, "atk": 147, "def": 181, "spa": 234, "spd": 193, "spe": 219}, "types": ["Fire", "Flying"]}, "Pincurchin": {"name": "Pincurchin", "species": "Pincurchin", "speciesId": "pincurchin", "gender": "F", "shiny": false, "level": 100, "moves": ["curse", "recover", "zingzap", "liquidation"], "ability": "Electric Surge", "evs": {"hp": 85, "atk": 85, "def": 85, "spa": 85, "spd": 85, "spe": 85}, "ivs": {"hp": 31, "atk": 31, "def": 31, "spa": 31, "spd": 31, "spe": 31}, "item": "Leftovers", "teraType": "Water", "role": "Bulky Setup", "bvs": {"hp": 48, "atk": 101, "def": 95, "spa": 91, "spd": 85, "spe": 15}, "stats": {"hp": 258, "atk": 259, "def": 247, "spa": 239, "spd": 227, "spe": 87}, "types": ["Electric"]}}, {"Brambleghast": {"name": "Brambleghast", "species": "Brambleghast", "speciesId": "brambleghast", "gender": "F", "shiny": false, "level": 88, "moves": ["powerwhip", "poltergeist", "rapidspin", "strengthsap"], "ability": "Wind Rider", "evs": {"hp": 85, "atk": 85, "def": 85, "spa": 85, "spd": 85, "spe": 85}, "ivs": {"hp": 31, "atk": 31, "def": 31, "spa": 31, "spd": 31, "spe": 31}, "item": "Heavy-Duty Boots", "teraType": "Steel", "role": "Fast Support", "bvs": {"hp": 55, "atk": 115, "def": 70, "spa": 80, "spd": 70, "spe": 90}, "stats": {"hp": 240, "atk": 253, "def": 173, "spa": 191, "spd": 173, "spe": 209}, "types": ["Grass", "Ghost"]}, "Slowbro": {"name": "Slowbro", "species": "Slowbro-Galar", "speciesId": "slowbrogalar", "gender": "M", "shiny": false, "level": 87, "moves": ["psychic", "earthquake", "slackoff", "shellsidearm"], "ability": "Regenerator", "evs": {"hp": 85, "atk": 85, "def": 85, "spa": 85, "spd": 85, "spe": 85}, "ivs": {"hp": 31, "atk": 31, "def": 31, "spa": 31, "spd": 31, "spe": 31}, "item": "Rocky Helmet", "teraType": "Ground", "role": "Bulky Attacker", "bvs": {"hp": 95, "atk": 100, "def": 95, "spa": 100, "spd": 70, "spe": 30}, "stats": {"hp": 307, "atk": 224, "def": 215, "spa": 224, "spd": 172, "spe": 102}, "types": ["Poison", "Psychic"]}, "Goodra": {"name": "Goodra", "species": "Goodra", "speciesId": "goodra", "gender": "M", "shiny": false, "level": 85, "moves": ["dracometeor", "fireblast", "dragontail", "earthquake"], "ability": "Sap Sipper", "evs": {"hp": 85, "atk": 85, "def": 85, "spa": 85, "spd": 85, "spe": 85}, "ivs": {"hp": 31, "atk": 31, "def": 31, "spa": 31, "spd": 31, "spe": 31}, "item": "Assault Vest", "teraType": "Ground", "role": "AV Pivot", "bvs": {"hp": 90, "atk": 100, "def": 70, "spa": 110, "spd": 150, "spe": 80}, "stats": {"hp": 292, "atk": 219, "def": 168, "spa": 236, "spd": 304, "spe": 185}, "types": ["Dragon"]}, "Hippowdon": {"name": "Hippowdon", "species": "Hippowdon", "speciesId": "hippowdon", "gender": "M", "shiny": false, "level": 82, "moves": ["curse", "earthquake", "stoneedge", "slackoff"], "ability": "Sand Stream", "evs": {"hp": 85, "atk": 85, "def": 85, "spa": 85, "spd": 85, "spe": 85}, "ivs": {"hp": 31, "atk": 31, "def": 31, "spa": 31, "spd": 31, "spe": 31}, "item": "Leftovers", "teraType": "Rock", "role": "Bulky Setup", "bvs": {"hp": 108, "atk": 112, "def": 118, "spa": 68, "spd": 72, "spe": 47}, "stats": {"hp": 311, "atk": 231, "def": 241, "spa": 159, "spd": 165, "spe": 124}, "types": ["Ground"]}, "Gallade": {"name": "Gallade", "species": "Gallade", "speciesId": "gallade", "gender": "M", "shiny": false, "level": 80, "moves": ["nightslash", "agility", "sacredsword", "psychocut"], "ability": "Sharpness", "evs": {"hp": 85, "atk": 85, "def": 85, "spa": 85, "spd": 85, "spe": 85}, "ivs": {"hp": 31, "atk": 31, "def": 31, "spa": 31, "spd": 31, "spe": 31}, "item": "Life Orb", "teraType": "Fighting", "role": "Setup Sweeper", "bvs": {"hp": 68, "atk": 125, "def": 65, "spa": 65, "spd": 115, "spe": 80}, "stats": {"hp": 240, "atk": 246, "def": 150, "spa": 150, "spd": 230, "spe": 174}, "types": ["Psychic", "Fighting"]}, "Lumineon": {"name": "Lumineon", "species": "Lumineon", "speciesId": "lumineon", "gender": "M", "shiny": false, "level": 93, "moves": ["hydropump", "alluringvoice", "icebeam", "encore"], "ability": "Storm Drain", "evs": {"hp": 85, "atk": 0, "def": 85, "spa": 85, "spd": 85, "spe": 85}, "ivs": {"hp": 31, "atk": 0, "def": 31, "spa": 31, "spd": 31, "spe": 31}, "item": "Life Orb", "teraType": "Fairy", "role": "Fast Attacker", "bvs": {"hp": 69, "atk": 69, "def": 76, "spa": 69, "spd": 86, "spe": 91}, "stats": {"hp": 279, "atk": 133, "def": 194, "spa": 181, "spd": 213, "spe": 222}, "types": ["Water"]}}]}