{"id": "gen9randombattle-2641453625", "format": "[Gen 9] Random Battle", "players": ["testbotcif", "plugthegnome"], "log": "|j|\u2606testbotcif\n|j|\u2606plugthegnome\n|t:|1782787135\n|gametype|singles\n|player|p1|testbotcif|266|1291\n|player|p2|plugthegnome|1|1326\n|gen|9\n|tier|[Gen 9] Random Battle\n|rated|\n|rule|Species Clause: Limit one of each Pok\u00e9mon\n|rule|HP Percentage Mod: HP is shown in percentages\n|rule|Sleep Clause Mod: Limit one foe put to sleep\n|rule|Illusion Level Mod: Illusion disguises the Pok\u00e9mon's true level\n|\n|t:|1782787135\n|teamsize|p1|6\n|teamsize|p2|6\n|start\n|switch|p1a: Serperior|Serperior, L79, M|248/248\n|switch|p2a: Porygon2|Porygon2, L81|270/270\n|-ability|p2a: Porygon2|Download|boost\n|-boost|p2a: Porygon2|spa|1\n|turn|1\n|inactive|Battle timer is ON: inactive players will automatically lose when time's up. (requested by testbotcif)\n|c|\u2606testbotcif|rlhf\n|c|\u2606plugthegnome|u2\n|\n|t:|1782787158\n|switch|p2a: Scizor|Scizor, L79, F|240/240\n|move|p1a: Serperior|Leaf Storm|p2a: Scizor\n|-resisted|p2a: Scizor\n|-damage|p2a: Scizor|206/240\n|-boost|p1a: Serperior|spa|2\n|-damage|p1a: Serperior|224/248|[from] item: Life Orb\n|\n|-heal|p2a: Scizor|221/240|[from] item: Leftovers\n|upkeep\n|turn|2\n|\n|t:|1782787169\n|switch|p1a: Okidogi|Okidogi, L77, M|262/262\n|move|p2a: Scizor|Knock Off|p1a: Okidogi\n|-resisted|p1a: Okidogi\n|-damage|p1a: Okidogi|231/262\n|-enditem|p1a: Okidogi|Assault Vest|[from] move: Knock Off|[of] p2a: Scizor\n|\n|-heal|p2a: Scizor|236/240|[from] item: Leftovers\n|upkeep\n|turn|3\n|\n|t:|1782787196\n|move|p2a: Scizor|Bullet Punch|p1a: Okidogi\n|-damage|p1a: Okidogi|170/262\n|move|p1a: Okidogi|Drain Punch|p2a: Scizor\n|-damage|p2a: Scizor|152/240\n|-heal|p1a: Okidogi|212/262|[from] drain|[of] p2a: Scizor\n|\n|-heal|p2a: Scizor|167/240|[from] item: Leftovers\n|upkeep\n|turn|4\n|\n|t:|1782787209\n|switch|p2a: Darkrai|Darkrai, L77|234/234\n|move|p1a: Okidogi|Drain Punch|p2a: Darkrai\n|-supereffective|p2a: Darkrai\n|-crit|p2a: Darkrai\n|-damage|p2a: Darkrai|0 fnt\n|-heal|p1a: Okidogi|262/262|[from] drain|[of] p2a: Darkrai\n|faint|p2a: Darkrai\n|\n|upkeep\n|inactive|plugthegnome has 120 seconds left.\n|\n|t:|1782787220\n|switch|p2a: Hariyama|Hariyama, L87, F|392/392\n|turn|5\n|\n|t:|1782787225\n|move|p1a: Okidogi|Drain Punch|p2a: Hariyama\n|-damage|p2a: Hariyama|293/392\n|move|p2a: Hariyama|Heavy Slam|p1a: Okidogi\n|-damage|p1a: Okidogi|214/262\n|\n|upkeep\n|turn|6\n|inactive|plugthegnome has 120 seconds left.\n|\n|t:|1782787241\n|move|p1a: Okidogi|Drain Punch|p2a: Hariyama\n|-damage|p2a: Hariyama|187/392\n|-heal|p1a: Okidogi|262/262|[from] drain|[of] p2a: Hariyama\n|move|p2a: Hariyama|Heavy Slam|p1a: Okidogi\n|-damage|p1a: Okidogi|217/262\n|\n|upkeep\n|turn|7\n|\n|t:|1782787248\n|move|p1a: Okidogi|Drain Punch|p2a: Hariyama\n|-damage|p2a: Hariyama|75/392\n|-heal|p1a: Okidogi|262/262|[from] drain|[of] p2a: Hariyama\n|move|p2a: Hariyama|Knock Off|p1a: Okidogi\n|-resisted|p1a: Okidogi\n|-damage|p1a: Okidogi|239/262\n|\n|upkeep\n|turn|8\n|\n|t:|1782787255\n|switch|p2a: Eternatus|Eternatus, L69|308/308\n|-ability|p2a: Eternatus|Pressure\n|move|p1a: Okidogi|Drain Punch|p2a: Eternatus\n|-resisted|p2a: Eternatus\n|-damage|p2a: Eternatus|262/308\n|-heal|p1a: Okidogi|262/262|[from] drain|[of] p2a: Eternatus\n|\n|-heal|p2a: Eternatus|281/308|[from] item: Leftovers\n|upkeep\n|turn|9\n|\n|t:|1782787269\n|move|p2a: Eternatus|Dynamax Cannon|p1a: Okidogi\n|-damage|p1a: Okidogi|148/262\n|move|p1a: Okidogi|High Horsepower|p2a: Eternatus\n|-supereffective|p2a: Eternatus\n|-damage|p2a: Eternatus|109/308\n|\n|-heal|p2a: Eternatus|128/308|[from] item: Leftovers\n|upkeep\n|turn|10\n|\n|t:|1782787280\n|move|p2a: Eternatus|Recover|p2a: Eternatus\n|-heal|p2a: Eternatus|282/308\n|move|p1a: Okidogi|High Horsepower|p2a: Eternatus\n|-supereffective|p2a: Eternatus\n|-damage|p2a: Eternatus|130/308\n|\n|-heal|p2a: Eternatus|149/308|[from] item: Leftovers\n|upkeep\n|turn|11\n|\n|t:|1782787287\n|move|p2a: Eternatus|Dynamax Cannon|p1a: Okidogi\n|-damage|p1a: Okidogi|34/262\n|move|p1a: Okidogi|High Horsepower|p2a: Eternatus\n|-supereffective|p2a: Eternatus\n|-damage|p2a: Eternatus|0 fnt\n|faint|p2a: Eternatus\n|\n|upkeep\n|\n|t:|1782787305\n|switch|p2a: Baxcalibur|Baxcalibur, L75, F|296/296\n|turn|12\n|\n|t:|1782787319\n|move|p2a: Baxcalibur|Icicle Crash|p1a: Okidogi\n|-damage|p1a: Okidogi|0 fnt\n|faint|p1a: Okidogi\n|\n|upkeep\n|\n|t:|1782787319\n|switch|p1a: Magearna|Magearna-Original, L77|250/250\n|turn|13\n|\n|t:|1782787331\n|-terastallize|p2a: Baxcalibur|Ground\n|move|p2a: Baxcalibur|Earthquake|p1a: Magearna\n|-supereffective|p1a: Magearna\n|-damage|p1a: Magearna|40/250\n|move|p1a: Magearna|Flash Cannon|p2a: Baxcalibur\n|-damage|p2a: Baxcalibur|185/296\n|\n|-heal|p1a: Magearna|55/250|[from] item: Leftovers\n|upkeep\n|turn|14\n|\n|t:|1782787340\n|switch|p1a: Hatterene|Hatterene, L85, F|236/236\n|move|p2a: Baxcalibur|Earthquake|p1a: Hatterene\n|-crit|p1a: Hatterene\n|-damage|p1a: Hatterene|55/236\n|\n|-heal|p1a: Hatterene|69/236|[from] item: Leftovers\n|upkeep\n|turn|15\n|\n|t:|1782787346\n|move|p2a: Baxcalibur|Dragon Dance|p2a: Baxcalibur\n|-boost|p2a: Baxcalibur|atk|1\n|-boost|p2a: Baxcalibur|spe|1\n|move|p1a: Hatterene|Draining Kiss|p2a: Baxcalibur\n|-damage|p2a: Baxcalibur|104/296\n|-heal|p1a: Hatterene|130/236|[from] drain|[of] p2a: Baxcalibur\n|\n|-heal|p1a: Hatterene|144/236|[from] item: Leftovers\n|upkeep\n|turn|16\n|\n|t:|1782787357\n|-terastallize|p1a: Hatterene|Fairy\n|move|p2a: Baxcalibur|Earthquake|p1a: Hatterene\n|-damage|p1a: Hatterene|0 fnt\n|faint|p1a: Hatterene\n|\n|upkeep\n|\n|t:|1782787358\n|switch|p1a: Chansey|Chansey, L85, F|564/564\n|turn|17\n|\n|t:|1782787373\n|move|p2a: Baxcalibur|Glaive Rush|p1a: Chansey\n|-damage|p1a: Chansey|65/564\n|-singlemove|p2a: Baxcalibur|Glaive Rush|[silent]\n|move|p1a: Chansey|Seismic Toss|p2a: Baxcalibur\n|-damage|p2a: Baxcalibur|19/296\n|\n|upkeep\n|turn|18\n|\n|t:|1782787380\n|move|p2a: Baxcalibur|Icicle Crash|p1a: Chansey\n|-damage|p1a: Chansey|0 fnt\n|faint|p1a: Chansey\n|\n|upkeep\n|\n|t:|1782787380\n|switch|p1a: Magearna|Magearna-Original, L77|55/250\n|turn|19\n|\n|t:|1782787386\n|move|p2a: Baxcalibur|Earthquake|p1a: Magearna\n|-supereffective|p1a: Magearna\n|-damage|p1a: Magearna|0 fnt\n|faint|p1a: Magearna\n|\n|upkeep\n|\n|t:|1782787386\n|switch|p1a: Serperior|Serperior, L79, M|224/248\n|turn|20\n|\n|t:|1782787391\n|move|p2a: Baxcalibur|Icicle Crash|p1a: Serperior\n|-supereffective|p1a: Serperior\n|-damage|p1a: Serperior|0 fnt\n|faint|p1a: Serperior\n|\n|upkeep\n|\n|t:|1782787391\n|switch|p1a: Noivern|Noivern, L82, F|274/274\n|turn|21\n|\n|t:|1782787400\n|move|p2a: Baxcalibur|Glaive Rush|p1a: Noivern\n|-supereffective|p1a: Noivern\n|-damage|p1a: Noivern|0 fnt\n|-singlemove|p2a: Baxcalibur|Glaive Rush|[silent]\n|faint|p1a: Noivern\n|\n|win|plugthegnome\n|raw|testbotcif's rating: 1291 &rarr; <strong>1269</strong><br />(-22 for losing)\n|raw|plugthegnome's rating: 1326 &rarr; <strong>1344</strong><br />(+18 for winning)\n", "inputlog": ">version f8ac14003a5f27e1bdc8d8c59608a773c1cb96e5\n>start {\"formatid\":\"gen9randombattle\",\"seed\":\"sodium,e88430f3ba7c6b69322a96bf3ad55b3d\",\"rated\":\"Rated battle\"}\n>player p1 {\"name\":\"testbotcif\",\"avatar\":\"266\",\"rating\":1291,\"seed\":\"sodium,fc79b0dd4c71e81acc1b6448f681dd8d\"}\n>player p2 {\"name\":\"plugthegnome\",\"avatar\":\"1\",\"rating\":1326,\"seed\":\"sodium,98ebddf3954d4fbb629f0f939e203d98\"}\n>chat \u2606testbotcif|rlhf\n>chat \u2606plugthegnome|u2\n>p1 move leafstorm\n>p2 switch 2\n>p1 switch 2\n>p2 move knockoff\n>p1 move drainpunch\n>p2 move bulletpunch\n>p1 move drainpunch\n>p2 switch 3\n>p2 switch 5\n>p1 move drainpunch\n>p2 move heavyslam\n>p1 move drainpunch\n>p2 move heavyslam\n>p1 move drainpunch\n>p2 move knockoff\n>p1 move drainpunch\n>p2 switch 6\n>p1 move highhorsepower\n>p2 move dynamaxcannon\n>p1 move highhorsepower\n>p2 move recover\n>p1 move highhorsepower\n>p2 move dynamaxcannon\n>p2 switch 4\n>p1 move drainpunch\n>p2 move iciclecrash\n>p1 switch 4\n>p1 move flashcannon\n>p2 move earthquake terastallize\n>p1 switch 6\n>p2 move earthquake\n>p1 move drainingkiss\n>p2 move dragondance\n>p1 move drainingkiss terastallize\n>p2 move earthquake\n>p1 switch 5\n>p1 move seismictoss\n>p2 move glaiverush\n>p1 move softboiled\n>p2 move iciclecrash\n>p1 switch 6\n>p1 move flashcannon\n>p2 move earthquake\n>p1 switch 2\n>p1 move leafstorm\n>p2 move iciclecrash\n>p1 switch 3\n>p1 move hurricane\n>p2 move glaiverush", "uploadtime": 1782787400, "views": 4, "formatid": "gen9randombattle", "rating": 1269, "private": 0, "password": null, "player_dets": [{"name": "testbotcif", "avatar": "266", "rating": 1291, "seed": "sodium,fc79b0dd4c71e81acc1b6448f681dd8d"}, {"name": "plugthegnome", "avatar": "1", "rating": 1326, "seed": "sodium,98ebddf3954d4fbb629f0f939e203d98"}], "teams_full": [{"Serperior": {"name": "Serperior", "species": "Serperior", "speciesId": "serperior", "gender": "M", "shiny": false, "level": 79, "moves": ["synthesis", "leafstorm", "terablast", "glare"], "ability": "Contrary", "evs": {"hp": 85, "atk": 85, "def": 85, "spa": 85, "spd": 85, "spe": 85}, "ivs": {"hp": 31, "atk": 31, "def": 31, "spa": 31, "spd": 31, "spe": 31}, "item": "Life Orb", "teraType": "Rock", "role": "Tera Blast user", "bvs": {"hp": 75, "atk": 75, "def": 95, "spa": 75, "spd": 95, "spe": 113}, "stats": {"hp": 248, "atk": 164, "def": 196, "spa": 164, "spd": 196, "spe": 224}, "types": ["Grass"]}, "Okidogi": {"name": "Okidogi", "species": "Okidogi", "speciesId": "okidogi", "gender": "M", "shiny": false, "level": 77, "moves": ["drainpunch", "knockoff", "highhorsepower", "gunkshot"], "ability": "Toxic Chain", "evs": {"hp": 85, "atk": 85, "def": 85, "spa": 85, "spd": 85, "spe": 85}, "ivs": {"hp": 31, "atk": 31, "def": 31, "spa": 31, "spd": 31, "spe": 31}, "item": "Assault Vest", "teraType": "Dark", "role": "AV Pivot", "bvs": {"hp": 88, "atk": 128, "def": 115, "spa": 58, "spd": 86, "spe": 80}, "stats": {"hp": 262, "atk": 242, "def": 222, "spa": 134, "spd": 177, "spe": 168}, "types": ["Poison", "Fighting"]}, "Noivern": {"name": "Noivern", "species": "Noivern", "speciesId": "noivern", "gender": "F", "shiny": false, "level": 82, "moves": ["dracometeor", "flamethrower", "hurricane", "boomburst"], "ability": "Infiltrator", "evs": {"hp": 85, "atk": 0, "def": 85, "spa": 85, "spd": 85, "spe": 85}, "ivs": {"hp": 31, "atk": 0, "def": 31, "spa": 31, "spd": 31, "spe": 31}, "item": "Choice Specs", "teraType": "Normal", "role": "Fast Attacker", "bvs": {"hp": 85, "atk": 70, "def": 80, "spa": 97, "spd": 80, "spe": 123}, "stats": {"hp": 274, "atk": 119, "def": 178, "spa": 206, "spd": 178, "spe": 249}, "types": ["Flying", "Dragon"]}, "Magearna": {"name": "Magearna", "species": "Magearna-Original", "speciesId": "magearna", "gender": "N", "shiny": false, "level": 77, "moves": ["spikes", "fleurcannon", "flashcannon", "painsplit"], "ability": "Soul-Heart", "evs": {"hp": 85, "atk": 0, "def": 85, "spa": 85, "spd": 85, "spe": 85}, "ivs": {"hp": 31, "atk": 0, "def": 31, "spa": 31, "spd": 31, "spe": 31}, "item": "Leftovers", "teraType": "Fairy", "role": "Bulky Attacker", "bvs": {"hp": 80, "atk": 95, "def": 115, "spa": 130, "spd": 115, "spe": 65}, "stats": {"hp": 250, "atk": 151, "def": 222, "spa": 245, "spd": 222, "spe": 145}, "types": ["Steel", "Fairy"]}, "Chansey": {"name": "Chansey", "species": "Chansey", "speciesId": "chansey", "gender": "F", "shiny": false, "level": 85, "moves": ["stealthrock", "thunderwave", "softboiled", "seismictoss"], "ability": "Natural Cure", "evs": {"hp": 85, "atk": 0, "def": 85, "spa": 85, "spd": 85, "spe": 85}, "ivs": {"hp": 31, "atk": 0, "def": 31, "spa": 31, "spd": 31, "spe": 31}, "item": "Eviolite", "teraType": "Ghost", "role": "Bulky Support", "bvs": {"hp": 250, "atk": 5, "def": 5, "spa": 35, "spd": 105, "spe": 50}, "stats": {"hp": 564, "atk": 13, "def": 57, "spa": 108, "spd": 227, "spe": 134}, "types": ["Normal"]}, "Hatterene": {"name": "Hatterene", "species": "Hatterene", "speciesId": "hatterene", "gender": "F", "shiny": false, "level": 85, "moves": ["psychic", "drainingkiss", "mysticalfire", "calmmind"], "ability": "Magic Bounce", "evs": {"hp": 85, "atk": 0, "def": 85, "spa": 85, "spd": 85, "spe": 85}, "ivs": {"hp": 31, "atk": 0, "def": 31, "spa": 31, "spd": 31, "spe": 31}, "item": "Leftovers", "teraType": "Fairy", "role": "Bulky Setup", "bvs": {"hp": 57, "atk": 90, "def": 95, "spa": 136, "spd": 103, "spe": 29}, "stats": {"hp": 236, "atk": 158, "def": 210, "spa": 280, "spd": 224, "spe": 98}, "types": ["Psychic", "Fairy"]}}, {"Porygon2": {"name": "Porygon2", "species": "Porygon2", "speciesId": "porygon2", "gender": "N", "shiny": false, "level": 81, "moves": ["thunderwave", "recover", "terablast", "shadowball"], "ability": "Download", "evs": {"hp": 85, "atk": 85, "def": 85, "spa": 85, "spd": 85, "spe": 85}, "ivs": {"hp": 31, "atk": 31, "def": 31, "spa": 31, "spd": 31, "spe": 31}, "item": "Eviolite", "teraType": "Fighting", "role": "Tera Blast user", "bvs": {"hp": 85, "atk": 80, "def": 90, "spa": 105, "spd": 95, "spe": 60}, "stats": {"hp": 270, "atk": 176, "def": 192, "spa": 217, "spd": 201, "spe": 144}, "types": ["Normal"]}, "Scizor": {"name": "Scizor", "species": "Scizor", "speciesId": "scizor", "gender": "F", "shiny": false, "level": 79, "moves": ["knockoff", "bulletpunch", "defog", "uturn"], "ability": "Technician", "evs": {"hp": 85, "atk": 85, "def": 85, "spa": 85, "spd": 85, "spe": 85}, "ivs": {"hp": 31, "atk": 31, "def": 31, "spa": 31, "spd": 31, "spe": 31}, "item": "Leftovers", "teraType": "Steel", "role": "Bulky Support", "bvs": {"hp": 70, "atk": 130, "def": 100, "spa": 55, "spd": 80, "spe": 65}, "stats": {"hp": 240, "atk": 251, "def": 204, "spa": 132, "spd": 172, "spe": 148}, "types": ["Bug", "Steel"]}, "Darkrai": {"name": "Darkrai", "species": "Darkrai", "speciesId": "darkrai", "gender": "N", "shiny": false, "level": 77, "moves": ["nastyplot", "darkpulse", "focusblast", "sludgebomb"], "ability": "Bad Dreams", "evs": {"hp": 85, "atk": 0, "def": 85, "spa": 85, "spd": 85, "spe": 85}, "ivs": {"hp": 31, "atk": 0, "def": 31, "spa": 31, "spd": 31, "spe": 31}, "item": "Life Orb", "teraType": "Poison", "role": "Setup Sweeper", "bvs": {"hp": 70, "atk": 90, "def": 90, "spa": 135, "spd": 90, "spe": 125}, "stats": {"hp": 234, "atk": 143, "def": 183, "spa": 252, "spd": 183, "spe": 237}, "types": ["Dark"]}, "Baxcalibur": {"name": "Baxcalibur", "species": "Baxcalibur", "speciesId": "baxcalibur", "gender": "F", "shiny": false, "level": 75, "moves": ["glaiverush", "dragondance", "earthquake", "iciclecrash"], "ability": "Thermal Exchange", "evs": {"hp": 85, "atk": 85, "def": 85, "spa": 85, "spd": 85, "spe": 85}, "ivs": {"hp": 31, "atk": 31, "def": 31, "spa": 31, "spd": 31, "spe": 31}, "item": "Heavy-Duty Boots", "teraType": "Ground", "role": "Setup Sweeper", "bvs": {"hp": 115, "atk": 145, "def": 92, "spa": 75, "spd": 86, "spe": 87}, "stats": {"hp": 296, "atk": 261, "def": 182, "spa": 156, "spd": 173, "spe": 174}, "types": ["Dragon", "Ice"]}, "Hariyama": {"name": "Hariyama", "species": "Hariyama", "speciesId": "hariyama", "gender": "F", "shiny": false, "level": 87, "moves": ["stoneedge", "heavyslam", "closecombat", "knockoff"], "ability": "Thick Fat", "evs": {"hp": 85, "atk": 85, "def": 85, "spa": 85, "spd": 85, "spe": 85}, "ivs": {"hp": 31, "atk": 31, "def": 31, "spa": 31, "spd": 31, "spe": 31}, "item": "Assault Vest", "teraType": "Steel", "role": "AV Pivot", "bvs": {"hp": 144, "atk": 120, "def": 60, "spa": 40, "spd": 60, "spe": 50}, "stats": {"hp": 392, "atk": 259, "def": 154, "spa": 119, "spd": 154, "spe": 137}, "types": ["Fighting"]}, "Eternatus": {"name": "Eternatus", "species": "Eternatus", "speciesId": "eternatus", "gender": "N", "shiny": false, "level": 69, "moves": ["dynamaxcannon", "recover", "flamethrower", "toxic"], "ability": "Pressure", "evs": {"hp": 85, "atk": 0, "def": 85, "spa": 85, "spd": 85, "spe": 85}, "ivs": {"hp": 31, "atk": 0, "def": 31, "spa": 31, "spd": 31, "spe": 31}, "item": "Leftovers", "teraType": "Water", "role": "Bulky Support", "bvs": {"hp": 140, "atk": 85, "def": 95, "spa": 145, "spd": 95, "spe": 130}, "stats": {"hp": 308, "atk": 122, "def": 171, "spa": 240, "spd": 171, "spe": 220}, "types": ["Poison", "Dragon"]}}]}