{"id": "gen9randombattle-2641735315", "format": "[Gen 9] Random Battle", "players": ["antho17###", "NoamL21"], "log": "|j|\u2606antho17###\n|j|\u2606NoamL21\n|t:|1782835692\n|gametype|singles\n|player|p1|antho17###|101|2107\n|player|p2|NoamL21|preschooler|2145\n|gen|9\n|tier|[Gen 9] Random Battle\n|rated|\n|rule|Species Clause: Limit one of each Pok\u00e9mon\n|rule|HP Percentage Mod: HP is shown in percentages\n|rule|Sleep Clause Mod: Limit one foe put to sleep\n|rule|Illusion Level Mod: Illusion disguises the Pok\u00e9mon's true level\n|\n|t:|1782835692\n|teamsize|p1|6\n|teamsize|p2|6\n|start\n|switch|p1a: Rotom|Rotom-Mow, L87|229/229\n|switch|p2a: Plusle|Plusle, L95, F|268/268\n|turn|1\n|inactive|Battle timer is ON: inactive players will automatically lose when time's up. (requested by NoamL21)\n|\n|t:|1782835713\n|switch|p2a: Volbeat|Volbeat, L90, M|263/263\n|move|p1a: Rotom|Leaf Storm|p2a: Volbeat\n|-resisted|p2a: Volbeat\n|-damage|p2a: Volbeat|191/263\n|-unboost|p1a: Rotom|spa|2\n|\n|upkeep\n|turn|2\n|\n|t:|1782835724\n|switch|p1a: Camerupt|Camerupt, L91, M|275/275\n|move|p2a: Volbeat|Thunder Wave|p1a: Camerupt\n|-immune|p1a: Camerupt\n|\n|upkeep\n|turn|3\n|\n|t:|1782835732\n|switch|p2a: Landorus|Landorus-Therian, L76, M|260/260\n|-ability|p2a: Landorus|Intimidate|boost\n|-unboost|p1a: Camerupt|atk|1\n|move|p1a: Camerupt|Stealth Rock|p2a: Landorus\n|-sidestart|p2: NoamL21|move: Stealth Rock\n|\n|upkeep\n|turn|4\n|\n|t:|1782835743\n|switch|p1a: Rotom|Rotom-Mow, L87|229/229\n|move|p2a: Landorus|Stealth Rock|p1a: Rotom\n|-sidestart|p1: antho17###|move: Stealth Rock\n|\n|upkeep\n|turn|5\n|\n|t:|1782835751\n|switch|p2a: Volbeat|Volbeat, L90, M|191/263\n|move|p1a: Rotom|Will-O-Wisp|p2a: Volbeat|[miss]\n|-miss|p1a: Rotom|p2a: Volbeat\n|\n|upkeep\n|turn|6\n|\n|t:|1782835763\n|switch|p2a: Landorus|Landorus-Therian, L76, M|260/260\n|-damage|p2a: Landorus|228/260|[from] Stealth Rock\n|-ability|p2a: Landorus|Intimidate|boost\n|-unboost|p1a: Rotom|atk|1\n|move|p1a: Rotom|Will-O-Wisp|p2a: Landorus\n|-status|p2a: Landorus|brn\n|\n|-heal|p2a: Landorus|244/260 brn|[from] item: Leftovers\n|-damage|p2a: Landorus|228/260 brn|[from] brn\n|upkeep\n|turn|7\n|inactive|NoamL21 has 120 seconds left.\n|\n|t:|1782835798\n|switch|p2a: Volbeat|Volbeat, L90, M|191/263\n|move|p1a: Rotom|Leaf Storm|p2a: Volbeat\n|-resisted|p2a: Volbeat\n|-damage|p2a: Volbeat|114/263\n|-unboost|p1a: Rotom|spa|2\n|\n|upkeep\n|turn|8\n|\n|t:|1782835806\n|switch|p1a: Camerupt|Camerupt, L91, M|275/275\n|-damage|p1a: Camerupt|241/275|[from] Stealth Rock\n|move|p2a: Volbeat|Roost|p2a: Volbeat\n|-heal|p2a: Volbeat|246/263\n|-singleturn|p2a: Volbeat|move: Roost\n|\n|-heal|p1a: Camerupt|258/275|[from] item: Leftovers\n|upkeep\n|turn|9\n|\n|t:|1782835813\n|switch|p2a: Sandy Shocks|Sandy Shocks, L80|267/267\n|-damage|p2a: Sandy Shocks|251/267|[from] Stealth Rock\n|move|p1a: Camerupt|Roar|p2a: Sandy Shocks\n|-end|p2a: Sandy Shocks|Protosynthesis|[silent]\n|drag|p2a: Landorus|Landorus-Therian, L76, M|228/260 brn\n|-damage|p2a: Landorus|196/260 brn|[from] Stealth Rock\n|-ability|p2a: Landorus|Intimidate|boost\n|-unboost|p1a: Camerupt|atk|1\n|\n|-heal|p2a: Landorus|212/260 brn|[from] item: Leftovers\n|-heal|p1a: Camerupt|275/275|[from] item: Leftovers\n|-damage|p2a: Landorus|196/260 brn|[from] brn\n|upkeep\n|turn|10\n|\n|t:|1782835831\n|switch|p1a: Rotom|Rotom-Mow, L87|229/229\n|-damage|p1a: Rotom|201/229|[from] Stealth Rock\n|move|p2a: Landorus|Earthquake|p1a: Rotom\n|-immune|p1a: Rotom|[from] ability: Levitate\n|\n|-heal|p1a: Rotom|215/229|[from] item: Leftovers\n|-heal|p2a: Landorus|212/260 brn|[from] item: Leftovers\n|-damage|p2a: Landorus|196/260 brn|[from] brn\n|upkeep\n|turn|11\n|\n|t:|1782835840\n|switch|p2a: Volbeat|Volbeat, L90, M|246/263\n|move|p1a: Rotom|Leaf Storm|p2a: Volbeat\n|-resisted|p2a: Volbeat\n|-damage|p2a: Volbeat|177/263\n|-unboost|p1a: Rotom|spa|2\n|\n|-heal|p1a: Rotom|229/229|[from] item: Leftovers\n|upkeep\n|turn|12\n|\n|t:|1782835844\n|switch|p1a: Camerupt|Camerupt, L91, M|275/275\n|-damage|p1a: Camerupt|241/275|[from] Stealth Rock\n|move|p2a: Volbeat|Encore||[still]\n|-fail|p2a: Volbeat\n|\n|-heal|p1a: Camerupt|258/275|[from] item: Leftovers\n|upkeep\n|turn|13\n|\n|t:|1782835849\n|switch|p2a: Landorus|Landorus-Therian, L76, M|196/260 brn\n|-damage|p2a: Landorus|164/260 brn|[from] Stealth Rock\n|-ability|p2a: Landorus|Intimidate|boost\n|-unboost|p1a: Camerupt|atk|1\n|move|p1a: Camerupt|Overheat|p2a: Landorus\n|-damage|p2a: Landorus|0 fnt\n|-unboost|p1a: Camerupt|spa|2\n|faint|p2a: Landorus\n|\n|-heal|p1a: Camerupt|275/275|[from] item: Leftovers\n|upkeep\n|\n|t:|1782835851\n|switch|p2a: Sandy Shocks|Sandy Shocks, L80|251/267\n|-damage|p2a: Sandy Shocks|235/267|[from] Stealth Rock\n|turn|14\n|\n|t:|1782835864\n|switch|p1a: Rotom|Rotom-Mow, L87|229/229\n|-damage|p1a: Rotom|201/229|[from] Stealth Rock\n|move|p2a: Sandy Shocks|Earth Power|p1a: Rotom\n|-immune|p1a: Rotom|[from] ability: Levitate\n|\n|-heal|p2a: Sandy Shocks|251/267|[from] item: Leftovers\n|-heal|p1a: Rotom|215/229|[from] item: Leftovers\n|upkeep\n|turn|15\n|\n|t:|1782835873\n|move|p2a: Sandy Shocks|Spikes|p1a: Rotom\n|-sidestart|p1: antho17###|Spikes\n|move|p1a: Rotom|Will-O-Wisp|p2a: Sandy Shocks\n|-status|p2a: Sandy Shocks|brn\n|\n|-heal|p2a: Sandy Shocks|267/267 brn|[from] item: Leftovers\n|-heal|p1a: Rotom|229/229|[from] item: Leftovers\n|-damage|p2a: Sandy Shocks|251/267 brn|[from] brn\n|upkeep\n|turn|16\n|\n|t:|1782835881\n|-end|p2a: Sandy Shocks|Protosynthesis|[silent]\n|switch|p2a: Volbeat|Volbeat, L90, M|177/263\n|move|p1a: Rotom|Leaf Storm|p2a: Volbeat\n|-resisted|p2a: Volbeat\n|-damage|p2a: Volbeat|96/263\n|-unboost|p1a: Rotom|spa|2\n|\n|upkeep\n|turn|17\n|\n|t:|1782835885\n|move|p2a: Volbeat|Roost|p2a: Volbeat\n|-heal|p2a: Volbeat|228/263\n|-singleturn|p2a: Volbeat|move: Roost\n|move|p1a: Rotom|Will-O-Wisp|p2a: Volbeat\n|-status|p2a: Volbeat|brn\n|\n|-damage|p2a: Volbeat|212/263 brn|[from] brn\n|upkeep\n|turn|18\n|\n|t:|1782835888\n|switch|p1a: Camerupt|Camerupt, L91, M|275/275\n|-damage|p1a: Camerupt|241/275|[from] Stealth Rock\n|-damage|p1a: Camerupt|207/275|[from] Spikes\n|move|p2a: Volbeat|Encore||[still]\n|-fail|p2a: Volbeat\n|\n|-heal|p1a: Camerupt|224/275|[from] item: Leftovers\n|-damage|p2a: Volbeat|196/263 brn|[from] brn\n|upkeep\n|turn|19\n|\n|t:|1782835899\n|move|p2a: Volbeat|Roost|p2a: Volbeat\n|-heal|p2a: Volbeat|263/263 brn\n|-singleturn|p2a: Volbeat|move: Roost\n|move|p1a: Camerupt|Earthquake|p2a: Volbeat\n|-resisted|p2a: Volbeat\n|-damage|p2a: Volbeat|198/263 brn\n|\n|-heal|p1a: Camerupt|241/275|[from] item: Leftovers\n|-damage|p2a: Volbeat|182/263 brn|[from] brn\n|upkeep\n|turn|20\n|\n|t:|1782835904\n|move|p2a: Volbeat|Encore|p1a: Camerupt\n|-start|p1a: Camerupt|Encore\n|move|p1a: Camerupt|Earthquake|p2a: Volbeat\n|-resisted|p2a: Volbeat\n|-damage|p2a: Volbeat|111/263 brn\n|\n|-heal|p1a: Camerupt|258/275|[from] item: Leftovers\n|-damage|p2a: Volbeat|95/263 brn|[from] brn\n|upkeep\n|turn|21\n|\n|t:|1782835928\n|switch|p2a: Urshifu|Urshifu-Rapid-Strike, L75, F|274/274\n|-damage|p2a: Urshifu|257/274|[from] Stealth Rock\n|move|p1a: Camerupt|Earthquake|p2a: Urshifu\n|-damage|p2a: Urshifu|136/274\n|\n|-heal|p1a: Camerupt|275/275|[from] item: Leftovers\n|upkeep\n|turn|22\n|\n|t:|1782835937\n|switch|p1a: Rotom|Rotom-Mow, L87|229/229\n|-damage|p1a: Rotom|201/229|[from] Stealth Rock\n|move|p2a: Urshifu|Ice Spinner|p1a: Rotom\n|-supereffective|p1a: Rotom\n|-damage|p1a: Rotom|61/229\n|\n|-heal|p1a: Rotom|75/229|[from] item: Leftovers\n|upkeep\n|turn|23\n|\n|t:|1782835949\n|switch|p2a: Volbeat|Volbeat, L90, M|95/263 brn\n|move|p1a: Rotom|Thunderbolt|p2a: Volbeat\n|-crit|p2a: Volbeat\n|-damage|p2a: Volbeat|0 fnt\n|faint|p2a: Volbeat\n|\n|-heal|p1a: Rotom|89/229|[from] item: Leftovers\n|upkeep\n|\n|t:|1782835953\n|switch|p2a: Plusle|Plusle, L95, F|268/268\n|-damage|p2a: Plusle|235/268|[from] Stealth Rock\n|turn|24\n|\n|t:|1782835957\n|switch|p1a: Camerupt|Camerupt, L91, M|275/275\n|-damage|p1a: Camerupt|241/275|[from] Stealth Rock\n|-damage|p1a: Camerupt|207/275|[from] Spikes\n|move|p2a: Plusle|Alluring Voice|p1a: Camerupt\n|-resisted|p1a: Camerupt\n|-damage|p1a: Camerupt|163/275\n|-damage|p2a: Plusle|209/268|[from] item: Life Orb\n|\n|-heal|p1a: Camerupt|180/275|[from] item: Leftovers\n|upkeep\n|turn|25\n|\n|t:|1782835962\n|move|p2a: Plusle|Grass Knot|p1a: Camerupt\n|-damage|p1a: Camerupt|36/275\n|-damage|p2a: Plusle|183/268|[from] item: Life Orb\n|move|p1a: Camerupt|Earthquake|p2a: Plusle\n|-supereffective|p2a: Plusle\n|-damage|p2a: Plusle|0 fnt\n|faint|p2a: Plusle\n|\n|-heal|p1a: Camerupt|53/275|[from] item: Leftovers\n|upkeep\n|\n|t:|1782835969\n|switch|p2a: Sandy Shocks|Sandy Shocks, L80|251/267 brn\n|-damage|p2a: Sandy Shocks|235/267 brn|[from] Stealth Rock\n|turn|26\n|\n|t:|1782835976\n|switch|p1a: Lugia|Lugia, L73|275/275\n|move|p2a: Sandy Shocks|Earth Power|p1a: Lugia\n|-immune|p1a: Lugia\n|\n|-heal|p2a: Sandy Shocks|251/267 brn|[from] item: Leftovers\n|-damage|p2a: Sandy Shocks|235/267 brn|[from] brn\n|upkeep\n|turn|27\n|\n|t:|1782835980\n|move|p2a: Sandy Shocks|Thunder Wave|p1a: Lugia\n|-status|p1a: Lugia|par\n|cant|p1a: Lugia|par\n|\n|-heal|p2a: Sandy Shocks|251/267 brn|[from] item: Leftovers\n|-damage|p2a: Sandy Shocks|235/267 brn|[from] brn\n|upkeep\n|turn|28\n|\n|t:|1782835985\n|move|p2a: Sandy Shocks|Spikes|p1a: Lugia\n|-sidestart|p1: antho17###|Spikes\n|move|p1a: Lugia|Earth Power|p2a: Sandy Shocks\n|-supereffective|p2a: Sandy Shocks\n|-damage|p2a: Sandy Shocks|141/267 brn\n|\n|-heal|p2a: Sandy Shocks|157/267 brn|[from] item: Leftovers\n|-damage|p2a: Sandy Shocks|141/267 brn|[from] brn\n|upkeep\n|turn|29\n|\n|t:|1782835989\n|move|p2a: Sandy Shocks|Spikes|p1a: Lugia\n|-sidestart|p1: antho17###|Spikes\n|move|p1a: Lugia|Calm Mind|p1a: Lugia\n|-boost|p1a: Lugia|spa|1\n|-boost|p1a: Lugia|spd|1\n|\n|-heal|p2a: Sandy Shocks|157/267 brn|[from] item: Leftovers\n|-damage|p2a: Sandy Shocks|141/267 brn|[from] brn\n|upkeep\n|turn|30\n|\n|t:|1782835992\n|move|p2a: Sandy Shocks|Thunderbolt|p1a: Lugia\n|-supereffective|p1a: Lugia\n|-damage|p1a: Lugia|223/275 par\n|move|p1a: Lugia|Earth Power|p2a: Sandy Shocks\n|-supereffective|p2a: Sandy Shocks\n|-damage|p2a: Sandy Shocks|0 fnt\n|faint|p2a: Sandy Shocks\n|-end|p2a: Sandy Shocks|Protosynthesis|[silent]\n|\n|upkeep\n|\n|t:|1782836015\n|switch|p2a: Drednaw|Drednaw, L81, F|278/278\n|-damage|p2a: Drednaw|244/278|[from] Stealth Rock\n|turn|31\n|\n|t:|1782836022\n|-terastallize|p2a: Drednaw|Dark\n|move|p2a: Drednaw|Shell Smash|p2a: Drednaw\n|-unboost|p2a: Drednaw|def|1\n|-unboost|p2a: Drednaw|spd|1\n|-boost|p2a: Drednaw|atk|2\n|-boost|p2a: Drednaw|spa|2\n|-boost|p2a: Drednaw|spe|2\n|-enditem|p2a: Drednaw|White Herb\n|-clearnegativeboost|p2a: Drednaw|[silent]\n|move|p1a: Lugia|Earth Power|p2a: Drednaw\n|-damage|p2a: Drednaw|161/278\n|\n|upkeep\n|turn|32\n|\n|t:|1782836029\n|move|p2a: Drednaw|Crunch|p1a: Lugia\n|-supereffective|p1a: Lugia\n|-damage|p1a: Lugia|0 fnt\n|faint|p1a: Lugia\n|\n|upkeep\n|\n|t:|1782836042\n|switch|p1a: Uxie|Uxie, L83|260/260\n|-damage|p1a: Uxie|228/260|[from] Stealth Rock\n|turn|33\n|\n|t:|1782836045\n|-terastallize|p1a: Uxie|Steel\n|move|p2a: Drednaw|Crunch|p1a: Uxie\n|-damage|p1a: Uxie|32/260\n|move|p1a: Uxie|Thunder Wave|p2a: Drednaw\n|-status|p2a: Drednaw|par\n|\n|-heal|p1a: Uxie|48/260|[from] item: Leftovers\n|upkeep\n|turn|34\n|\n|t:|1782836055\n|move|p1a: Uxie|Encore|p2a: Drednaw\n|-start|p2a: Drednaw|Encore\n|cant|p2a: Drednaw|par\n|\n|-heal|p1a: Uxie|64/260|[from] item: Leftovers\n|upkeep\n|turn|35\n|\n|t:|1782836059\n|move|p1a: Uxie|U-turn|p2a: Drednaw\n|-supereffective|p2a: Drednaw\n|-damage|p2a: Drednaw|71/278 par\n|\n|t:|1782836063\n|switch|p1a: Camerupt|Camerupt, L91, M|53/275|[from] U-turn\n|-damage|p1a: Camerupt|19/275|[from] Stealth Rock\n|-damage|p1a: Camerupt|0 fnt|[from] Spikes\n|faint|p1a: Camerupt\n|move|p2a: Drednaw|Crunch|p1: Camerupt|[notarget]\n|-fail|p2a: Drednaw\n|\n|upkeep\n|\n|t:|1782836066\n|switch|p1a: Salazzle|Salazzle, L83, F|249/249\n|turn|36\n|\n|t:|1782836069\n|move|p1a: Salazzle|Sludge Wave|p2a: Drednaw\n|-damage|p2a: Drednaw|0 fnt\n|faint|p2a: Drednaw\n|\n|upkeep\n|\n|t:|1782836071\n|switch|p2a: Urshifu|Urshifu-Rapid-Strike, L75, F|136/274\n|-damage|p2a: Urshifu|119/274|[from] Stealth Rock\n|turn|37\n|\n|t:|1782836074\n|move|p2a: Urshifu|Aqua Jet|p1a: Salazzle\n|-supereffective|p1a: Salazzle\n|-damage|p1a: Salazzle|87/249\n|move|p1a: Salazzle|Sludge Wave|p2a: Urshifu\n|-damage|p2a: Urshifu|0 fnt\n|faint|p2a: Urshifu\n|\n|win|antho17###\n|raw|antho17###'s rating: 2107 &rarr; <strong>2129</strong><br />(+22 for winning)\n|raw|NoamL21's rating: 2145 &rarr; <strong>2123</strong><br />(-22 for losing)\n", "inputlog": ">version f8ac14003a5f27e1bdc8d8c59608a773c1cb96e5\n>start {\"formatid\":\"gen9randombattle\",\"seed\":\"sodium,5461cc0c13d48d4c0695605985d8741e\",\"rated\":\"Rated battle\"}\n>player p1 {\"name\":\"antho17###\",\"avatar\":\"101\",\"rating\":2107,\"seed\":\"sodium,3da7701b534ac8c5392c03ae3b0e59de\"}\n>player p2 {\"name\":\"NoamL21\",\"avatar\":\"preschooler\",\"rating\":2145,\"seed\":\"sodium,aa4f3909e9f7fb7501ccab5a57c70d53\"}\n>p1 move leafstorm\n>p2 switch 2\n>p1 switch 6\n>p2 move thunderwave\n>p1 move stealthrock\n>p2 switch 6\n>p1 switch 6\n>p2 move stealthrock\n>p1 move willowisp\n>p2 switch 6\n>p1 move willowisp\n>p2 switch 6\n>p1 move leafstorm\n>p2 switch 6\n>p1 switch 6\n>p2 move roost\n>p1 move roar\n>p2 switch 5\n>p1 switch 6\n>p2 move earthquake\n>p1 move leafstorm\n>p2 switch 5\n>p1 switch 6\n>p2 move encore\n>p1 move overheat\n>p2 switch 5\n>p2 switch 6\n>p1 switch 6\n>p2 move earthpower\n>p1 move willowisp\n>p2 move spikes\n>p1 move leafstorm\n>p2 switch 5\n>p1 move willowisp\n>p2 move roost\n>p1 switch 6\n>p2 move encore\n>p1 move earthquake\n>p2 move roost\n>p1 move earthquake\n>p2 move encore\n>p1 move earthquake\n>p2 switch 4\n>p1 switch 6\n>p2 move icespinner\n>p1 move thunderbolt\n>p2 switch 4\n>p2 switch 2\n>p1 switch 6\n>p2 move alluringvoice\n>p1 move earthquake\n>p2 move grassknot\n>p2 switch 5\n>p1 switch 4\n>p2 move earthpower\n>p1 move earthpower\n>p2 move thunderwave\n>p1 move earthpower\n>p2 move spikes\n>p1 move calmmind\n>p2 move spikes\n>p1 move earthpower\n>p2 move thunderbolt\n>p2 switch 3\n>p1 move earthpower\n>p2 move shellsmash terastallize\n>p1 move aeroblast\n>p2 move crunch\n>p1 switch 2\n>p1 move thunderwave terastallize\n>p2 move crunch\n>p1 move encore\n>p2 move shellsmash\n>p1 move uturn\n>p2 move crunch\n>p1 switch 4\n>p1 switch 3\n>p1 move sludgewave\n>p2 move crunch\n>p2 switch 4\n>p1 move sludgewave\n>p2 move aquajet", "uploadtime": 1782835694, "views": 5, "formatid": "gen9randombattle", "rating": 2123, "private": 0, "password": null, "player_dets": [{"name": "antho17###", "avatar": "101", "rating": 2107, "seed": "sodium,3da7701b534ac8c5392c03ae3b0e59de"}, {"name": "NoamL21", "avatar": "preschooler", "rating": 2145, "seed": "sodium,aa4f3909e9f7fb7501ccab5a57c70d53"}], "teams_full": [{"Rotom": {"name": "Rotom", "species": "Rotom-Mow", "speciesId": "rotommow", "gender": "N", "shiny": false, "level": 87, "moves": ["thunderbolt", "nastyplot", "willowisp", "leafstorm"], "ability": "Levitate", "evs": {"hp": 85, "atk": 0, "def": 85, "spa": 85, "spd": 85, "spe": 85}, "ivs": {"hp": 31, "atk": 0, "def": 31, "spa": 31, "spd": 31, "spe": 31}, "item": "Leftovers", "teraType": "Grass", "role": "Bulky Attacker", "bvs": {"hp": 50, "atk": 65, "def": 107, "spa": 105, "spd": 107, "spe": 86}, "stats": {"hp": 229, "atk": 118, "def": 236, "spa": 232, "spd": 236, "spe": 199}, "types": ["Electric", "Grass"]}, "Uxie": {"name": "Uxie", "species": "Uxie", "speciesId": "uxie", "gender": "N", "shiny": false, "level": 83, "moves": ["thunderwave", "encore", "psychicnoise", "uturn"], "ability": "Levitate", "evs": {"hp": 85, "atk": 85, "def": 85, "spa": 85, "spd": 85, "spe": 85}, "ivs": {"hp": 31, "atk": 31, "def": 31, "spa": 31, "spd": 31, "spe": 31}, "item": "Leftovers", "teraType": "Steel", "role": "Bulky Support", "bvs": {"hp": 75, "atk": 75, "def": 130, "spa": 75, "spd": 130, "spe": 95}, "stats": {"hp": 260, "atk": 172, "def": 263, "spa": 172, "spd": 263, "spe": 205}, "types": ["Psychic"]}, "Salazzle": {"name": "Salazzle", "species": "Salazzle", "speciesId": "salazzle", "gender": "F", "shiny": false, "level": 83, "moves": ["terablast", "nastyplot", "fireblast", "sludgewave"], "ability": "Corrosion", "evs": {"hp": 85, "atk": 0, "def": 85, "spa": 85, "spd": 85, "spe": 85}, "ivs": {"hp": 31, "atk": 0, "def": 31, "spa": 31, "spd": 31, "spe": 31}, "item": "Heavy-Duty Boots", "teraType": "Grass", "role": "Tera Blast user", "bvs": {"hp": 68, "atk": 64, "def": 60, "spa": 111, "spd": 60, "spe": 117}, "stats": {"hp": 249, "atk": 111, "def": 147, "spa": 232, "spd": 147, "spe": 242}, "types": ["Poison", "Fire"]}, "Lugia": {"name": "Lugia", "species": "Lugia", "speciesId": "lugia", "gender": "N", "shiny": false, "level": 73, "moves": ["earthpower", "aeroblast", "calmmind", "recover"], "ability": "Multiscale", "evs": {"hp": 85, "atk": 0, "def": 85, "spa": 85, "spd": 85, "spe": 85}, "ivs": {"hp": 31, "atk": 0, "def": 31, "spa": 31, "spd": 31, "spe": 31}, "item": "Heavy-Duty Boots", "teraType": "Ground", "role": "Bulky Setup", "bvs": {"hp": 106, "atk": 90, "def": 130, "spa": 90, "spd": 154, "spe": 110}, "stats": {"hp": 275, "atk": 136, "def": 232, "spa": 174, "spd": 267, "spe": 203}, "types": ["Psychic", "Flying"]}, "Fezandipiti": {"name": "Fezandipiti", "species": "Fezandipiti", "speciesId": "fezandipiti", "gender": "M", "shiny": false, "level": 82, "moves": ["roost", "gunkshot", "uturn", "moonblast"], "ability": "Toxic Chain", "evs": {"hp": 85, "atk": 85, "def": 85, "spa": 85, "spd": 85, "spe": 85}, "ivs": {"hp": 31, "atk": 31, "def": 31, "spa": 31, "spd": 31, "spe": 31}, "item": "Leftovers", "teraType": "Water", "role": "Bulky Attacker", "bvs": {"hp": 88, "atk": 91, "def": 82, "spa": 70, "spd": 125, "spe": 99}, "stats": {"hp": 278, "atk": 196, "def": 182, "spa": 162, "spd": 252, "spe": 210}, "types": ["Poison", "Fairy"]}, "Camerupt": {"name": "Camerupt", "species": "Camerupt", "speciesId": "camerupt", "gender": "M", "shiny": false, "level": 91, "moves": ["earthquake", "stealthrock", "roar", "overheat"], "ability": "Solid Rock", "evs": {"hp": 85, "atk": 85, "def": 85, "spa": 85, "spd": 85, "spe": 85}, "ivs": {"hp": 31, "atk": 31, "def": 31, "spa": 31, "spd": 31, "spe": 31}, "item": "Leftovers", "teraType": "Grass", "role": "Bulky Support", "bvs": {"hp": 70, "atk": 100, "def": 70, "spa": 105, "spd": 75, "spe": 40}, "stats": {"hp": 275, "atk": 234, "def": 179, "spa": 243, "spd": 188, "spe": 125}, "types": ["Fire", "Ground"]}}, {"Plusle": {"name": "Plusle", "species": "Plusle", "speciesId": "plusle", "gender": "F", "shiny": false, "level": 95, "moves": ["alluringvoice", "grassknot", "thunderbolt", "nastyplot"], "ability": "Lightning Rod", "evs": {"hp": 85, "atk": 0, "def": 85, "spa": 85, "spd": 85, "spe": 85}, "ivs": {"hp": 31, "atk": 0, "def": 31, "spa": 31, "spd": 31, "spe": 31}, "item": "Life Orb", "teraType": "Grass", "role": "Setup Sweeper", "bvs": {"hp": 60, "atk": 50, "def": 40, "spa": 85, "spd": 75, "spe": 95}, "stats": {"hp": 268, "atk": 100, "def": 130, "spa": 215, "spd": 196, "spe": 234}, "types": ["Electric"]}, "Volbeat": {"name": "Volbeat", "species": "Volbeat", "speciesId": "volbeat", "gender": "M", "shiny": false, "level": 90, "moves": ["roost", "encore", "lunge", "thunderwave"], "ability": "Prankster", "evs": {"hp": 85, "atk": 85, "def": 85, "spa": 85, "spd": 85, "spe": 85}, "ivs": {"hp": 31, "atk": 31, "def": 31, "spa": 31, "spd": 31, "spe": 31}, "item": "Heavy-Duty Boots", "teraType": "Steel", "role": "Bulky Attacker", "bvs": {"hp": 65, "atk": 73, "def": 75, "spa": 47, "spd": 85, "spe": 85}, "stats": {"hp": 263, "atk": 183, "def": 186, "spa": 136, "spd": 204, "spe": 204}, "types": ["Bug"]}, "Drednaw": {"name": "Drednaw", "species": "Drednaw", "speciesId": "drednaw", "gender": "F", "shiny": false, "level": 81, "moves": ["shellsmash", "liquidation", "stoneedge", "crunch"], "ability": "Strong Jaw", "evs": {"hp": 85, "atk": 85, "def": 85, "spa": 85, "spd": 85, "spe": 85}, "ivs": {"hp": 31, "atk": 31, "def": 31, "spa": 31, "spd": 31, "spe": 31}, "item": "White Herb", "teraType": "Dark", "role": "Setup Sweeper", "bvs": {"hp": 90, "atk": 115, "def": 90, "spa": 48, "spd": 68, "spe": 74}, "stats": {"hp": 278, "atk": 233, "def": 192, "spa": 124, "spd": 157, "spe": 167}, "types": ["Water", "Rock"]}, "Urshifu": {"name": "Urshifu", "species": "Urshifu-Rapid-Strike", "speciesId": "urshifurapidstrike", "gender": "F", "shiny": false, "level": 75, "moves": ["closecombat", "icespinner", "aquajet", "surgingstrikes"], "ability": "Unseen Fist", "evs": {"hp": 85, "atk": 85, "def": 85, "spa": 85, "spd": 85, "spe": 85}, "ivs": {"hp": 31, "atk": 31, "def": 31, "spa": 31, "spd": 31, "spe": 31}, "item": "Choice Band", "teraType": "Water", "role": "Fast Attacker", "bvs": {"hp": 100, "atk": 130, "def": 100, "spa": 63, "spd": 60, "spe": 97}, "stats": {"hp": 274, "atk": 239, "def": 194, "spa": 138, "spd": 134, "spe": 189}, "types": ["Fighting", "Water"]}, "Sandy Shocks": {"name": "Sandy Shocks", "species": "Sandy Shocks", "speciesId": "sandyshocks", "gender": "N", "shiny": false, "level": 80, "moves": ["spikes", "earthpower", "thunderbolt", "thunderwave"], "ability": "Protosynthesis", "evs": {"hp": 85, "atk": 0, "def": 85, "spa": 85, "spd": 85, "spe": 85}, "ivs": {"hp": 31, "atk": 0, "def": 31, "spa": 31, "spd": 31, "spe": 31}, "item": "Leftovers", "teraType": "Grass", "role": "Fast Support", "bvs": {"hp": 85, "atk": 81, "def": 97, "spa": 121, "spd": 85, "spe": 101}, "stats": {"hp": 267, "atk": 134, "def": 201, "spa": 240, "spd": 182, "spe": 208}, "types": ["Electric", "Ground"]}, "Landorus": {"name": "Landorus", "species": "Landorus-Therian", "speciesId": "landorustherian", "gender": "M", "shiny": false, "level": 76, "moves": ["stoneedge", "stealthrock", "earthquake", "taunt"], "ability": "Intimidate", "evs": {"hp": 85, "atk": 85, "def": 85, "spa": 85, "spd": 85, "spe": 85}, "ivs": {"hp": 31, "atk": 31, "def": 31, "spa": 31, "spd": 31, "spe": 31}, "item": "Leftovers", "teraType": "Water", "role": "Bulky Support", "bvs": {"hp": 89, "atk": 145, "def": 90, "spa": 105, "spd": 80, "spe": 91}, "stats": {"hp": 260, "atk": 264, "def": 181, "spa": 204, "spd": 166, "spe": 182}, "types": ["Ground", "Flying"]}}]}