{"id": "gen9randombattle-2641350779", "format": "[Gen 9] Random Battle", "players": ["wacholoko", "kupchun"], "log": "|j|\u203dwacholoko\n|j|\u2606kupchun\n|t:|1782771487\n|gametype|singles\n|player|p1|wacholoko|170|1962\n|player|p2|kupchun|170|2038\n|gen|9\n|tier|[Gen 9] Random Battle\n|rated|\n|rule|Species Clause: Limit one of each Pok\u00e9mon\n|rule|HP Percentage Mod: HP is shown in percentages\n|rule|Sleep Clause Mod: Limit one foe put to sleep\n|rule|Illusion Level Mod: Illusion disguises the Pok\u00e9mon's true level\n|\n|t:|1782771487\n|teamsize|p1|6\n|teamsize|p2|6\n|start\n|switch|p1a: Manaphy|Manaphy, L78|284/284\n|switch|p2a: Azelf|Azelf, L82|257/257\n|turn|1\n|inactive|Battle timer is ON: inactive players will automatically lose when time's up. (requested by wacholoko)\n|\n|t:|1782771497\n|move|p2a: Azelf|Knock Off|p1a: Manaphy\n|-damage|p1a: Manaphy|200/284\n|-enditem|p1a: Manaphy|Leftovers|[from] move: Knock Off|[of] p2a: Azelf\n|move|p1a: Manaphy|Tail Glow|p1a: Manaphy\n|-boost|p1a: Manaphy|spa|3\n|\n|upkeep\n|turn|2\n|\n|t:|1782771501\n|switch|p2a: Empoleon|Empoleon, L84, F|278/278\n|move|p1a: Manaphy|Hydro Pump|p2a: Empoleon|[miss]\n|-miss|p1a: Manaphy|p2a: Empoleon\n|\n|upkeep\n|turn|3\n|\n|t:|1782771505\n|move|p1a: Manaphy|Energy Ball|p2a: Empoleon\n|-damage|p2a: Empoleon|152/278\n|move|p2a: Empoleon|Yawn|p1a: Manaphy\n|-start|p1a: Manaphy|move: Yawn|[of] p2a: Empoleon\n|\n|-heal|p2a: Empoleon|169/278|[from] item: Leftovers\n|upkeep\n|turn|4\n|\n|t:|1782771517\n|switch|p1a: Scovillain|Scovillain, L91, F|266/266\n|move|p2a: Empoleon|Roost|p2a: Empoleon\n|-heal|p2a: Empoleon|278/278\n|-singleturn|p2a: Empoleon|move: Roost\n|\n|upkeep\n|turn|5\n|\n|t:|1782771523\n|move|p1a: Scovillain|Flamethrower|p2a: Empoleon\n|-damage|p2a: Empoleon|109/278\n|-status|p2a: Empoleon|brn\n|move|p2a: Empoleon|Flip Turn|p1a: Scovillain\n|-damage|p1a: Scovillain|230/266\n|\n|t:|1782771535\n|switch|p2a: Tyranitar|Tyranitar, L78, M|284/284|[from] Flip Turn\n|-weather|Sandstorm|[from] ability: Sand Stream|[of] p2a: Tyranitar\n|\n|-weather|Sandstorm|[upkeep]\n|-damage|p1a: Scovillain|214/266|[from] Sandstorm\n|upkeep\n|turn|6\n|\n|t:|1782771544\n|switch|p1a: Clodsire|Clodsire, L81, M|343/343\n|move|p2a: Tyranitar|Stone Edge|p1a: Clodsire|[miss]\n|-miss|p2a: Tyranitar|p1a: Clodsire\n|\n|-weather|Sandstorm|[upkeep]\n|upkeep\n|turn|7\n|\n|t:|1782771552\n|switch|p2a: Forretress|Forretress, L84, M|263/263\n|move|p1a: Clodsire|Toxic|p2a: Forretress\n|-immune|p2a: Forretress\n|\n|-weather|Sandstorm|[upkeep]\n|upkeep\n|turn|8\n|\n|t:|1782771558\n|switch|p1a: Scovillain|Scovillain, L91, F|214/266\n|move|p2a: Forretress|Toxic Spikes|p1a: Scovillain\n|-sidestart|p1: wacholoko|move: Toxic Spikes\n|\n|-weather|Sandstorm|[upkeep]\n|-damage|p1a: Scovillain|198/266|[from] Sandstorm\n|upkeep\n|turn|9\n|\n|t:|1782771565\n|switch|p2a: Empoleon|Empoleon, L84, F|109/278 brn\n|move|p1a: Scovillain|Flamethrower|p2a: Empoleon\n|-damage|p2a: Empoleon|0 fnt\n|faint|p2a: Empoleon\n|\n|-weather|none\n|upkeep\n|\n|t:|1782771570\n|switch|p2a: Tyranitar|Tyranitar, L78, M|284/284\n|-weather|Sandstorm|[from] ability: Sand Stream|[of] p2a: Tyranitar\n|turn|10\n|\n|t:|1782771575\n|switch|p1a: Clodsire|Clodsire, L81, M|343/343\n|-sideend|p1: wacholoko|move: Toxic Spikes|[of] p1a: Clodsire\n|move|p2a: Tyranitar|Knock Off|p1a: Clodsire\n|-damage|p1a: Clodsire|199/343\n|-enditem|p1a: Clodsire|Leftovers|[from] move: Knock Off|[of] p2a: Tyranitar\n|\n|-weather|Sandstorm|[upkeep]\n|upkeep\n|turn|11\n|\n|t:|1782771582\n|switch|p2a: Azelf|Azelf, L82|257/257\n|switch|p1a: Scovillain|Scovillain, L91, F|198/266\n|\n|-weather|Sandstorm|[upkeep]\n|-damage|p2a: Azelf|241/257|[from] Sandstorm\n|-damage|p1a: Scovillain|182/266|[from] Sandstorm\n|upkeep\n|turn|12\n|\n|t:|1782771588\n|move|p2a: Azelf|Psychic|p1a: Scovillain\n|-damage|p1a: Scovillain|62/266\n|move|p1a: Scovillain|Leaf Storm|p2a: Azelf\n|-damage|p2a: Azelf|40/257\n|-unboost|p1a: Scovillain|spa|2\n|\n|-weather|Sandstorm|[upkeep]\n|-damage|p2a: Azelf|24/257|[from] Sandstorm\n|-damage|p1a: Scovillain|46/266|[from] Sandstorm\n|upkeep\n|turn|13\n|\n|t:|1782771592\n|move|p2a: Azelf|Psychic|p1a: Scovillain\n|-damage|p1a: Scovillain|0 fnt\n|faint|p1a: Scovillain\n|\n|-weather|Sandstorm|[upkeep]\n|-damage|p2a: Azelf|8/257|[from] Sandstorm\n|upkeep\n|\n|t:|1782771606\n|switch|p1a: Kingambit|Kingambit, L74, M|270/270\n|-activate|p1a: Kingambit|ability: Supreme Overlord\n|-start|p1a: Kingambit|fallen1|[silent]\n|turn|14\n|\n|t:|1782771610\n|switch|p2a: Forretress|Forretress, L84, M|263/263\n|move|p1a: Kingambit|Swords Dance|p1a: Kingambit\n|-boost|p1a: Kingambit|atk|2\n|\n|-weather|none\n|upkeep\n|turn|15\n|\n|t:|1782771616\n|move|p1a: Kingambit|Kowtow Cleave|p2a: Forretress\n|-damage|p2a: Forretress|122/263\n|move|p2a: Forretress|Volt Switch|p1a: Kingambit\n|-damage|p1a: Kingambit|230/270\n|\n|t:|1782771618\n|switch|p2a: Ting-Lu|Ting-Lu, L78|370/370|[from] Volt Switch\n|-ability|p2a: Ting-Lu|Vessel of Ruin\n|\n|-heal|p1a: Kingambit|246/270|[from] item: Leftovers\n|upkeep\n|turn|16\n|\n|t:|1782771630\n|-end|p1a: Kingambit|fallen1|[silent]\n|switch|p1a: Manaphy|Manaphy, L78|200/284\n|move|p2a: Ting-Lu|Earthquake|p1a: Manaphy\n|-damage|p1a: Manaphy|95/284\n|\n|upkeep\n|turn|17\n|\n|t:|1782771637\n|move|p1a: Manaphy|Hydro Pump|p2a: Ting-Lu|[miss]\n|-miss|p1a: Manaphy|p2a: Ting-Lu\n|move|p2a: Ting-Lu|Earthquake|p1a: Manaphy\n|-damage|p1a: Manaphy|1/284\n|\n|upkeep\n|turn|18\n|\n|t:|1782771643\n|move|p1a: Manaphy|Hydro Pump|p2a: Ting-Lu|[miss]\n|-miss|p1a: Manaphy|p2a: Ting-Lu\n|move|p2a: Ting-Lu|Earthquake|p1a: Manaphy\n|-damage|p1a: Manaphy|0 fnt\n|faint|p1a: Manaphy\n|\n|upkeep\n|c|\u2606kupchun|oof\n|\n|t:|1782771652\n|switch|p1a: Baxcalibur|Baxcalibur, L75, F|296/296\n|turn|19\n|\n|t:|1782771657\n|switch|p2a: Forretress|Forretress, L84, M|122/263\n|move|p1a: Baxcalibur|Dragon Dance|p1a: Baxcalibur\n|-boost|p1a: Baxcalibur|atk|1\n|-boost|p1a: Baxcalibur|spe|1\n|\n|-heal|p2a: Forretress|138/263|[from] item: Leftovers\n|upkeep\n|turn|20\n|\n|t:|1782771661\n|move|p1a: Baxcalibur|Icicle Crash|p2a: Forretress\n|-resisted|p2a: Forretress\n|-damage|p2a: Forretress|84/263\n|cant|p2a: Forretress|flinch\n|\n|-heal|p2a: Forretress|100/263|[from] item: Leftovers\n|upkeep\n|turn|21\n|\n|t:|1782771669\n|move|p1a: Baxcalibur|Earthquake|p2a: Forretress\n|-damage|p2a: Forretress|12/263\n|move|p2a: Forretress|Iron Head|p1a: Baxcalibur\n|-supereffective|p1a: Baxcalibur\n|-damage|p1a: Baxcalibur|134/296\n|\n|-heal|p2a: Forretress|28/263|[from] item: Leftovers\n|upkeep\n|turn|22\n|\n|t:|1782771674\n|move|p1a: Baxcalibur|Earthquake|p2a: Forretress\n|-damage|p2a: Forretress|0 fnt\n|faint|p2a: Forretress\n|\n|upkeep\n|\n|t:|1782771677\n|switch|p2a: Clefable|Clefable, L83, M|293/293\n|turn|23\n|\n|t:|1782771680\n|move|p1a: Baxcalibur|Icicle Crash|p2a: Clefable\n|-damage|p2a: Clefable|176/293\n|move|p2a: Clefable|Moonblast|p1a: Baxcalibur\n|-supereffective|p1a: Baxcalibur\n|-damage|p1a: Baxcalibur|0 fnt\n|faint|p1a: Baxcalibur\n|\n|-heal|p2a: Clefable|194/293|[from] item: Leftovers\n|upkeep\n|\n|t:|1782771697\n|switch|p1a: Clodsire|Clodsire, L81, M|199/343\n|turn|24\n|\n|t:|1782771702\n|switch|p2a: Ting-Lu|Ting-Lu, L78|370/370\n|-ability|p2a: Ting-Lu|Vessel of Ruin\n|move|p1a: Clodsire|Recover|p1a: Clodsire\n|-heal|p1a: Clodsire|343/343\n|\n|upkeep\n|turn|25\n|\n|t:|1782771706\n|move|p2a: Ting-Lu|Earthquake|p1a: Clodsire\n|-supereffective|p1a: Clodsire\n|-damage|p1a: Clodsire|89/343\n|move|p1a: Clodsire|Toxic|p2a: Ting-Lu\n|-status|p2a: Ting-Lu|tox\n|\n|-damage|p2a: Ting-Lu|347/370 tox|[from] psn\n|upkeep\n|turn|26\n|\n|t:|1782771718\n|-terastallize|p1a: Clodsire|Flying\n|move|p2a: Ting-Lu|Throat Chop|p1a: Clodsire\n|-damage|p1a: Clodsire|0 fnt\n|faint|p1a: Clodsire\n|\n|-heal|p2a: Ting-Lu|370/370 tox|[from] item: Leftovers\n|-damage|p2a: Ting-Lu|324/370 tox|[from] psn\n|upkeep\n|\n|t:|1782771729\n|switch|p1a: Lugia|Lugia, L73|275/275\n|turn|27\n|\n|t:|1782771735\n|move|p1a: Lugia|Calm Mind|p1a: Lugia\n|-boost|p1a: Lugia|spa|1\n|-boost|p1a: Lugia|spd|1\n|move|p2a: Ting-Lu|Throat Chop|p1a: Lugia\n|-supereffective|p1a: Lugia\n|-damage|p1a: Lugia|211/275\n|-start|p1a: Lugia|Throat Chop|[silent]\n|\n|-heal|p2a: Ting-Lu|347/370 tox|[from] item: Leftovers\n|-damage|p2a: Ting-Lu|278/370 tox|[from] psn\n|upkeep\n|turn|28\n|\n|t:|1782771742\n|move|p1a: Lugia|Recover|p1a: Lugia\n|-heal|p1a: Lugia|275/275\n|move|p2a: Ting-Lu|Throat Chop|p1a: Lugia\n|-supereffective|p1a: Lugia\n|-damage|p1a: Lugia|211/275\n|\n|-heal|p2a: Ting-Lu|301/370 tox|[from] item: Leftovers\n|-damage|p2a: Ting-Lu|209/370 tox|[from] psn\n|-end|p1a: Lugia|Throat Chop|[silent]\n|upkeep\n|turn|29\n|\n|t:|1782771747\n|move|p1a: Lugia|Recover|p1a: Lugia\n|-heal|p1a: Lugia|275/275\n|move|p2a: Ting-Lu|Throat Chop|p1a: Lugia\n|-supereffective|p1a: Lugia\n|-damage|p1a: Lugia|206/275\n|-start|p1a: Lugia|Throat Chop|[silent]\n|\n|-heal|p2a: Ting-Lu|232/370 tox|[from] item: Leftovers\n|-damage|p2a: Ting-Lu|117/370 tox|[from] psn\n|upkeep\n|turn|30\n|\n|t:|1782771755\n|move|p1a: Lugia|Recover|p1a: Lugia\n|-heal|p1a: Lugia|275/275\n|move|p2a: Ting-Lu|Throat Chop|p1a: Lugia\n|-supereffective|p1a: Lugia\n|-damage|p1a: Lugia|199/275\n|\n|-heal|p2a: Ting-Lu|140/370 tox|[from] item: Leftovers\n|-damage|p2a: Ting-Lu|2/370 tox|[from] psn\n|-end|p1a: Lugia|Throat Chop|[silent]\n|upkeep\n|turn|31\n|\n|t:|1782771761\n|move|p1a: Lugia|Aeroblast|p2a: Ting-Lu\n|-crit|p2a: Ting-Lu\n|-damage|p2a: Ting-Lu|0 fnt\n|faint|p2a: Ting-Lu\n|\n|upkeep\n|\n|t:|1782771768\n|switch|p2a: Azelf|Azelf, L82|8/257\n|turn|32\n|\n|t:|1782771772\n|move|p2a: Azelf|Knock Off|p1a: Lugia\n|-supereffective|p1a: Lugia\n|-damage|p1a: Lugia|65/275\n|-enditem|p1a: Lugia|Heavy-Duty Boots|[from] move: Knock Off|[of] p2a: Azelf\n|move|p1a: Lugia|Psychic Noise|p2a: Azelf\n|-resisted|p2a: Azelf\n|-damage|p2a: Azelf|0 fnt\n|faint|p2a: Azelf\n|\n|upkeep\n|\n|t:|1782771778\n|switch|p2a: Tyranitar|Tyranitar, L78, M|284/284\n|-weather|Sandstorm|[from] ability: Sand Stream|[of] p2a: Tyranitar\n|turn|33\n|\n|t:|1782771781\n|move|p1a: Lugia|Recover|p1a: Lugia\n|-heal|p1a: Lugia|203/275\n|move|p2a: Tyranitar|Dragon Dance|p2a: Tyranitar\n|-boost|p2a: Tyranitar|atk|1\n|-boost|p2a: Tyranitar|spe|1\n|\n|-weather|Sandstorm|[upkeep]\n|-damage|p1a: Lugia|186/275|[from] Sandstorm\n|upkeep\n|turn|34\n|\n|t:|1782771785\n|move|p2a: Tyranitar|Stone Edge|p1a: Lugia\n|-supereffective|p1a: Lugia\n|-damage|p1a: Lugia|0 fnt\n|faint|p1a: Lugia\n|\n|-weather|Sandstorm|[upkeep]\n|upkeep\n|\n|t:|1782771788\n|switch|p1a: Kingambit|Kingambit, L74, M|246/270\n|-activate|p1a: Kingambit|ability: Supreme Overlord\n|-start|p1a: Kingambit|fallen5|[silent]\n|turn|35\n|\n|t:|1782771793\n|move|p2a: Tyranitar|Knock Off|p1a: Kingambit\n|-resisted|p1a: Kingambit\n|-damage|p1a: Kingambit|172/270\n|-enditem|p1a: Kingambit|Leftovers|[from] move: Knock Off|[of] p2a: Tyranitar\n|move|p1a: Kingambit|Iron Head|p2a: Tyranitar\n|-supereffective|p2a: Tyranitar\n|-damage|p2a: Tyranitar|66/284\n|-enditem|p2a: Tyranitar|Weakness Policy\n|-boost|p2a: Tyranitar|atk|2|[from] item: Weakness Policy\n|-boost|p2a: Tyranitar|spa|2|[from] item: Weakness Policy\n|\n|-weather|Sandstorm|[upkeep]\n|upkeep\n|turn|36\n|\n|t:|1782771801\n|move|p1a: Kingambit|Sucker Punch|p2a: Tyranitar\n|-resisted|p2a: Tyranitar\n|-damage|p2a: Tyranitar|19/284\n|move|p2a: Tyranitar|Stone Edge|p1a: Kingambit\n|-resisted|p1a: Kingambit\n|-damage|p1a: Kingambit|35/270\n|\n|-weather|Sandstorm|[upkeep]\n|upkeep\n|turn|37\n|\n|t:|1782771809\n|move|p2a: Tyranitar|Ice Punch|p1a: Kingambit\n|-resisted|p1a: Kingambit\n|-damage|p1a: Kingambit|0 fnt\n|faint|p1a: Kingambit\n|-end|p1a: Kingambit|fallen5|[silent]\n|\n|win|kupchun\n|raw|wacholoko's rating: 1962 &rarr; <strong>1946</strong><br />(-16 for losing)\n|raw|kupchun's rating: 2038 &rarr; <strong>2054</strong><br />(+16 for winning)\n|l|\u203dwacholoko\n|player|p1|\n|c|\u2606kupchun|gg\n", "inputlog": ">version f8ac14003a5f27e1bdc8d8c59608a773c1cb96e5\n>start {\"formatid\":\"gen9randombattle\",\"seed\":\"sodium,8470febc12f48a8029c6cabc6795c3be\",\"rated\":\"Rated battle\"}\n>player p1 {\"name\":\"wacholoko\",\"avatar\":\"170\",\"rating\":1962,\"seed\":\"sodium,d98365d663074467ab04c24e8595cbdc\"}\n>player p2 {\"name\":\"kupchun\",\"avatar\":\"170\",\"rating\":2038,\"seed\":\"sodium,cc7e9b65c26306e028beacc1ce5ec51e\"}\n>p1 move tailglow\n>p2 move knockoff\n>p1 move hydropump\n>p2 switch 4\n>p1 move energyball\n>p2 move yawn\n>p1 switch 3\n>p2 move roost\n>p1 move flamethrower\n>p2 move flipturn\n>p2 switch 2\n>p1 switch 2\n>p2 move stoneedge\n>p1 move toxic\n>p2 switch 5\n>p1 switch 2\n>p2 move toxicspikes\n>p1 move flamethrower\n>p2 switch 2\n>p2 switch 5\n>p1 switch 2\n>p2 move knockoff\n>p1 switch 2\n>p2 switch 4\n>p1 move leafstorm\n>p2 move psychic\n>p1 move leafstorm\n>p2 move psychic\n>p1 switch 4\n>p1 move swordsdance\n>p2 switch 2\n>p1 move kowtowcleave\n>p2 move voltswitch\n>p2 switch 3\n>p1 switch 3\n>p2 move earthquake\n>p1 move hydropump\n>p2 move earthquake\n>p1 move hydropump\n>p2 move earthquake\n>chat \u2606kupchun|oof\n>p1 switch 5\n>p1 move dragondance\n>p2 switch 3\n>p1 move iciclecrash\n>p2 move ironhead\n>p1 move earthquake\n>p2 move ironhead\n>p1 move earthquake\n>p2 move ironhead\n>p2 switch 6\n>p1 move iciclecrash\n>p2 move moonblast\n>p1 switch 2\n>p1 move recover\n>p2 switch 3\n>p1 move toxic\n>p2 move earthquake\n>p1 move recover terastallize\n>p2 move throatchop\n>p1 switch 6\n>p1 move calmmind\n>p2 move throatchop\n>p1 move recover\n>p2 move throatchop\n>p1 move recover\n>p2 move throatchop\n>p1 move recover\n>p2 move throatchop\n>p1 move aeroblast\n>p2 move throatchop\n>p2 switch 2\n>p1 move psychicnoise\n>p2 move knockoff\n>p2 switch 4\n>p1 move recover\n>p2 move dragondance\n>p1 move recover\n>p2 move stoneedge\n>p1 switch 3\n>p1 move ironhead\n>p2 move knockoff\n>p1 move suckerpunch\n>p2 move stoneedge\n>p1 move swordsdance\n>p2 move icepunch", "uploadtime": 1782771818, "views": 3, "formatid": "gen9randombattle", "rating": 1946, "private": 0, "password": null, "player_dets": [{"name": "wacholoko", "avatar": "170", "rating": 1962, "seed": "sodium,d98365d663074467ab04c24e8595cbdc"}, {"name": "kupchun", "avatar": "170", "rating": 2038, "seed": "sodium,cc7e9b65c26306e028beacc1ce5ec51e"}], "teams_full": [{"Manaphy": {"name": "Manaphy", "species": "Manaphy", "speciesId": "manaphy", "gender": "N", "shiny": false, "level": 78, "moves": ["icebeam", "energyball", "hydropump", "tailglow"], "ability": "Hydration", "evs": {"hp": 85, "atk": 0, "def": 85, "spa": 85, "spd": 85, "spe": 85}, "ivs": {"hp": 31, "atk": 0, "def": 31, "spa": 31, "spd": 31, "spe": 31}, "item": "Leftovers", "teraType": "Water", "role": "Bulky Setup", "bvs": {"hp": 100, "atk": 100, "def": 100, "spa": 100, "spd": 100, "spe": 100}, "stats": {"hp": 284, "atk": 161, "def": 201, "spa": 201, "spd": 201, "spe": 201}, "types": ["Water"]}, "Clodsire": {"name": "Clodsire", "species": "Clodsire", "speciesId": "clodsire", "gender": "M", "shiny": false, "level": 81, "moves": ["earthquake", "gunkshot", "recover", "toxic"], "ability": "Unaware", "evs": {"hp": 85, "atk": 85, "def": 85, "spa": 85, "spd": 85, "spe": 85}, "ivs": {"hp": 31, "atk": 31, "def": 31, "spa": 31, "spd": 31, "spe": 31}, "item": "Leftovers", "teraType": "Flying", "role": "Bulky Support", "bvs": {"hp": 130, "atk": 75, "def": 60, "spa": 45, "spd": 100, "spe": 20}, "stats": {"hp": 343, "atk": 168, "def": 144, "spa": 120, "spd": 209, "spe": 79}, "types": ["Poison", "Ground"]}, "Scovillain": {"name": "Scovillain", "species": "Scovillain", "speciesId": "scovillain", "gender": "F", "shiny": false, "level": 91, "moves": ["flamethrower", "overheat", "energyball", "leafstorm"], "ability": "Chlorophyll", "evs": {"hp": 85, "atk": 0, "def": 85, "spa": 85, "spd": 85, "spe": 85}, "ivs": {"hp": 31, "atk": 0, "def": 31, "spa": 31, "spd": 31, "spe": 31}, "item": "Choice Specs", "teraType": "Grass", "role": "Fast Attacker", "bvs": {"hp": 65, "atk": 108, "def": 65, "spa": 108, "spd": 65, "spe": 75}, "stats": {"hp": 266, "atk": 201, "def": 170, "spa": 248, "spd": 170, "spe": 188}, "types": ["Grass", "Fire"]}, "Kingambit": {"name": "Kingambit", "species": "Kingambit", "speciesId": "kingambit", "gender": "M", "shiny": false, "level": 74, "moves": ["suckerpunch", "swordsdance", "kowtowcleave", "ironhead"], "ability": "Supreme Overlord", "evs": {"hp": 85, "atk": 85, "def": 85, "spa": 85, "spd": 85, "spe": 85}, "ivs": {"hp": 31, "atk": 31, "def": 31, "spa": 31, "spd": 31, "spe": 31}, "item": "Leftovers", "teraType": "Flying", "role": "Bulky Attacker", "bvs": {"hp": 100, "atk": 135, "def": 120, "spa": 60, "spd": 85, "spe": 50}, "stats": {"hp": 270, "atk": 243, "def": 221, "spa": 132, "spd": 169, "spe": 117}, "types": ["Dark", "Steel"]}, "Baxcalibur": {"name": "Baxcalibur", "species": "Baxcalibur", "speciesId": "baxcalibur", "gender": "F", "shiny": false, "level": 75, "moves": ["glaiverush", "dragondance", "iciclecrash", "earthquake"], "ability": "Thermal Exchange", "evs": {"hp": 85, "atk": 85, "def": 85, "spa": 85, "spd": 85, "spe": 85}, "ivs": {"hp": 31, "atk": 31, "def": 31, "spa": 31, "spd": 31, "spe": 31}, "item": "Heavy-Duty Boots", "teraType": "Dragon", "role": "Setup Sweeper", "bvs": {"hp": 115, "atk": 145, "def": 92, "spa": 75, "spd": 86, "spe": 87}, "stats": {"hp": 296, "atk": 261, "def": 182, "spa": 156, "spd": 173, "spe": 174}, "types": ["Dragon", "Ice"]}, "Lugia": {"name": "Lugia", "species": "Lugia", "speciesId": "lugia", "gender": "N", "shiny": false, "level": 73, "moves": ["recover", "psychicnoise", "aeroblast", "calmmind"], "ability": "Multiscale", "evs": {"hp": 85, "atk": 0, "def": 85, "spa": 85, "spd": 85, "spe": 85}, "ivs": {"hp": 31, "atk": 0, "def": 31, "spa": 31, "spd": 31, "spe": 31}, "item": "Heavy-Duty Boots", "teraType": "Steel", "role": "Setup Sweeper", "bvs": {"hp": 106, "atk": 90, "def": 130, "spa": 90, "spd": 154, "spe": 110}, "stats": {"hp": 275, "atk": 136, "def": 232, "spa": 174, "spd": 267, "spe": 203}, "types": ["Psychic", "Flying"]}}, {"Azelf": {"name": "Azelf", "species": "Azelf", "speciesId": "azelf", "gender": "N", "shiny": false, "level": 82, "moves": ["explosion", "knockoff", "psychic", "fireblast"], "ability": "Levitate", "evs": {"hp": 85, "atk": 85, "def": 85, "spa": 85, "spd": 85, "spe": 85}, "ivs": {"hp": 31, "atk": 31, "def": 31, "spa": 31, "spd": 31, "spe": 31}, "item": "Assault Vest", "teraType": "Fire", "role": "Fast Support", "bvs": {"hp": 75, "atk": 125, "def": 70, "spa": 125, "spd": 70, "spe": 115}, "stats": {"hp": 257, "atk": 252, "def": 162, "spa": 252, "spd": 162, "spe": 236}, "types": ["Psychic"]}, "Tyranitar": {"name": "Tyranitar", "species": "Tyranitar", "speciesId": "tyranitar", "gender": "M", "shiny": false, "level": 78, "moves": ["icepunch", "dragondance", "stoneedge", "knockoff"], "ability": "Sand Stream", "evs": {"hp": 85, "atk": 85, "def": 85, "spa": 85, "spd": 85, "spe": 85}, "ivs": {"hp": 31, "atk": 31, "def": 31, "spa": 31, "spd": 31, "spe": 31}, "item": "Weakness Policy", "teraType": "Ghost", "role": "Bulky Setup", "bvs": {"hp": 100, "atk": 134, "def": 110, "spa": 95, "spd": 100, "spe": 61}, "stats": {"hp": 284, "atk": 254, "def": 217, "spa": 193, "spd": 201, "spe": 140}, "types": ["Rock", "Dark"]}, "Ting-Lu": {"name": "Ting-Lu", "species": "Ting-Lu", "speciesId": "tinglu", "gender": "N", "shiny": false, "level": 78, "moves": ["throatchop", "spikes", "stealthrock", "earthquake"], "ability": "Vessel of Ruin", "evs": {"hp": 85, "atk": 85, "def": 85, "spa": 85, "spd": 85, "spe": 85}, "ivs": {"hp": 31, "atk": 31, "def": 31, "spa": 31, "spd": 31, "spe": 31}, "item": "Leftovers", "teraType": "Ghost", "role": "Bulky Support", "bvs": {"hp": 155, "atk": 110, "def": 125, "spa": 55, "spd": 80, "spe": 45}, "stats": {"hp": 370, "atk": 217, "def": 240, "spa": 131, "spd": 170, "spe": 115}, "types": ["Dark", "Ground"]}, "Empoleon": {"name": "Empoleon", "species": "Empoleon", "speciesId": "empoleon", "gender": "F", "shiny": false, "level": 84, "moves": ["surf", "flipturn", "yawn", "roost"], "ability": "Competitive", "evs": {"hp": 85, "atk": 85, "def": 85, "spa": 85, "spd": 85, "spe": 85}, "ivs": {"hp": 31, "atk": 31, "def": 31, "spa": 31, "spd": 31, "spe": 31}, "item": "Leftovers", "teraType": "Grass", "role": "Bulky Support", "bvs": {"hp": 84, "atk": 86, "def": 88, "spa": 111, "spd": 101, "spe": 60}, "stats": {"hp": 278, "atk": 193, "def": 196, "spa": 235, "spd": 218, "spe": 149}, "types": ["Water", "Steel"]}, "Forretress": {"name": "Forretress", "species": "Forretress", "speciesId": "forretress", "gender": "M", "shiny": false, "level": 84, "moves": ["toxicspikes", "rapidspin", "ironhead", "voltswitch"], "ability": "Sturdy", "evs": {"hp": 85, "atk": 85, "def": 85, "spa": 85, "spd": 85, "spe": 85}, "ivs": {"hp": 31, "atk": 31, "def": 31, "spa": 31, "spd": 31, "spe": 31}, "item": "Leftovers", "teraType": "Water", "role": "Bulky Support", "bvs": {"hp": 75, "atk": 90, "def": 140, "spa": 60, "spd": 60, "spe": 40}, "stats": {"hp": 263, "atk": 199, "def": 283, "spa": 149, "spd": 149, "spe": 115}, "types": ["Bug", "Steel"]}, "Clefable": {"name": "Clefable", "species": "Clefable", "speciesId": "clefable", "gender": "M", "shiny": false, "level": 83, "moves": ["calmmind", "moonblast", "fireblast", "moonlight"], "ability": "Unaware", "evs": {"hp": 85, "atk": 0, "def": 85, "spa": 85, "spd": 85, "spe": 85}, "ivs": {"hp": 31, "atk": 0, "def": 31, "spa": 31, "spd": 31, "spe": 31}, "item": "Leftovers", "teraType": "Fire", "role": "Bulky Setup", "bvs": {"hp": 95, "atk": 70, "def": 73, "spa": 95, "spd": 90, "spe": 60}, "stats": {"hp": 293, "atk": 121, "def": 169, "spa": 205, "spd": 197, "spe": 147}, "types": ["Fairy"]}}]}