{"id": "gen9randombattle-2641161180", "format": "[Gen 9] Random Battle", "players": ["RUiNtheExtinct", "jumper0123"], "log": "|j|\u2606RUiNtheExtinct\n|j|\u2606jumper0123\n|t:|1782748051\n|gametype|singles\n|player|p1|RUiNtheExtinct|red-gen7|1556\n|player|p2|jumper0123|hilbert|1607\n|gen|9\n|tier|[Gen 9] Random Battle\n|rated|\n|rule|Species Clause: Limit one of each Pok\u00e9mon\n|rule|HP Percentage Mod: HP is shown in percentages\n|rule|Sleep Clause Mod: Limit one foe put to sleep\n|rule|Illusion Level Mod: Illusion disguises the Pok\u00e9mon's true level\n|\n|t:|1782748051\n|teamsize|p1|6\n|teamsize|p2|6\n|start\n|switch|p1a: Terrakion|Terrakion, L79|273/273\n|switch|p2a: Reshiram|Reshiram, L76|277/277\n|-ability|p2a: Reshiram|Turboblaze\n|turn|1\n|inactive|Battle timer is ON: inactive players will automatically lose when time's up. (requested by RUiNtheExtinct)\n|\n|t:|1782748067\n|switch|p2a: Granbull|Granbull, L88, F|302/302\n|-ability|p2a: Granbull|Intimidate|boost\n|-unboost|p1a: Terrakion|atk|1\n|move|p1a: Terrakion|Stone Edge|p2a: Granbull\n|-damage|p2a: Granbull|188/302\n|-damage|p1a: Terrakion|246/273|[from] item: Life Orb\n|\n|-heal|p2a: Granbull|206/302|[from] item: Leftovers\n|upkeep\n|turn|2\n|\n|t:|1782748096\n|switch|p1a: Rotom|Rotom-Heat, L83|219/219\n|move|p2a: Granbull|Thunder Wave|p1a: Rotom\n|-immune|p1a: Rotom\n|\n|-heal|p2a: Granbull|224/302|[from] item: Leftovers\n|upkeep\n|turn|3\n|inactive|RUiNtheExtinct has 120 seconds left.\n|\n|t:|1782748114\n|switch|p2a: Magmortar|Magmortar, L88, F|275/275\n|move|p1a: Rotom|Will-O-Wisp|p2a: Magmortar\n|-immune|p2a: Magmortar\n|\n|upkeep\n|turn|4\n|\n|t:|1782748133\n|move|p2a: Magmortar|Taunt|p1a: Rotom\n|-start|p1a: Rotom|move: Taunt\n|move|p1a: Rotom|Thunderbolt|p2a: Magmortar\n|-damage|p2a: Magmortar|182/275\n|\n|upkeep\n|turn|5\n|inactive|RUiNtheExtinct has 120 seconds left.\n|\n|t:|1782748151\n|switch|p2a: Zekrom|Zekrom, L71|259/259\n|-ability|p2a: Zekrom|Teravolt\n|move|p1a: Rotom|Thunderbolt|p2a: Zekrom\n|-resisted|p2a: Zekrom\n|-damage|p2a: Zekrom|232/259\n|\n|-heal|p2a: Zekrom|248/259|[from] item: Leftovers\n|upkeep\n|turn|6\n|\n|t:|1782748161\n|move|p1a: Rotom|Thunderbolt|p2a: Zekrom\n|-resisted|p2a: Zekrom\n|-damage|p2a: Zekrom|221/259\n|move|p2a: Zekrom|Substitute|p2a: Zekrom\n|-start|p2a: Zekrom|Substitute\n|-damage|p2a: Zekrom|157/259\n|\n|-heal|p2a: Zekrom|173/259|[from] item: Leftovers\n|-end|p1a: Rotom|move: Taunt\n|upkeep\n|turn|7\n|\n|t:|1782748169\n|switch|p1a: Glalie|Glalie, L96, M|309/309\n|move|p2a: Zekrom|Dragon Dance|p2a: Zekrom\n|-boost|p2a: Zekrom|atk|1\n|-boost|p2a: Zekrom|spe|1\n|\n|-heal|p2a: Zekrom|189/259|[from] item: Leftovers\n|upkeep\n|turn|8\n|\n|t:|1782748176\n|move|p2a: Zekrom|Dragon Dance|p2a: Zekrom\n|-boost|p2a: Zekrom|atk|1\n|-boost|p2a: Zekrom|spe|1\n|move|p1a: Glalie|Freeze-Dry|p2a: Zekrom\n|-supereffective|p2a: Zekrom\n|-end|p2a: Zekrom|Substitute\n|\n|-heal|p2a: Zekrom|205/259|[from] item: Leftovers\n|upkeep\n|turn|9\n|\n|t:|1782748184\n|move|p2a: Zekrom|Bolt Strike|p1a: Glalie\n|-damage|p1a: Glalie|21/309\n|-status|p1a: Glalie|par\n|move|p1a: Glalie|Freeze-Dry|p2a: Zekrom\n|-supereffective|p2a: Zekrom\n|-damage|p2a: Zekrom|11/259\n|\n|-heal|p2a: Zekrom|27/259|[from] item: Leftovers\n|upkeep\n|turn|10\n|\n|t:|1782748194\n|move|p2a: Zekrom|Bolt Strike|p1a: Glalie\n|-damage|p1a: Glalie|0 fnt\n|faint|p1a: Glalie\n|\n|-heal|p2a: Zekrom|43/259|[from] item: Leftovers\n|upkeep\n|inactive|RUiNtheExtinct has 120 seconds left.\n|\n|t:|1782748224\n|switch|p1a: Vigoroth|Vigoroth, L85, M|275/275\n|turn|11\n|inactive|RUiNtheExtinct has 120 seconds left.\n|\n|t:|1782748240\n|move|p2a: Zekrom|Outrage|p1a: Vigoroth\n|-damage|p1a: Vigoroth|74/275\n|move|p1a: Vigoroth|Body Slam|p2a: Zekrom\n|-damage|p2a: Zekrom|0 fnt\n|faint|p2a: Zekrom\n|\n|upkeep\n|\n|t:|1782748254\n|switch|p2a: Granbull|Granbull, L88, F|224/302\n|-ability|p2a: Granbull|Intimidate|boost\n|-unboost|p1a: Vigoroth|atk|1\n|turn|12\n|inactive|RUiNtheExtinct has 120 seconds left.\n|\n|t:|1782748274\n|switch|p2a: Komala|Komala, L88, M|258/258\n|-ability|p2a: Komala|Comatose\n|move|p1a: Vigoroth|Slack Off|p1a: Vigoroth\n|-heal|p1a: Vigoroth|212/275\n|\n|upkeep\n|turn|13\n|\n|t:|1782748279\n|switch|p1a: Rotom|Rotom-Heat, L83|219/219\n|move|p2a: Komala|Knock Off|p1a: Rotom\n|-damage|p1a: Rotom|142/219\n|-enditem|p1a: Rotom|Heavy-Duty Boots|[from] move: Knock Off|[of] p2a: Komala\n|\n|upkeep\n|turn|14\n|inactive|RUiNtheExtinct has 120 seconds left.\n|\n|t:|1782748287\n|switch|p2a: Magmortar|Magmortar, L88, F|182/275\n|move|p1a: Rotom|Will-O-Wisp|p2a: Magmortar\n|-immune|p2a: Magmortar\n|\n|upkeep\n|turn|15\n|inactive|RUiNtheExtinct has 120 seconds left.\n|\n|t:|1782748304\n|move|p2a: Magmortar|Taunt|p1a: Rotom\n|-start|p1a: Rotom|move: Taunt\n|move|p1a: Rotom|Thunderbolt|p2a: Magmortar\n|-damage|p2a: Magmortar|83/275\n|\n|upkeep\n|turn|16\n|inactive|RUiNtheExtinct has 120 seconds left.\n|\n|t:|1782748314\n|switch|p2a: Reshiram|Reshiram, L76|277/277\n|-ability|p2a: Reshiram|Turboblaze\n|move|p1a: Rotom|Thunderbolt|p2a: Reshiram\n|-resisted|p2a: Reshiram\n|-damage|p2a: Reshiram|236/277\n|\n|upkeep\n|turn|17\n|\n|t:|1782748319\n|switch|p1a: Terrakion|Terrakion, L79|246/273\n|move|p2a: Reshiram|Dragon Dance|p2a: Reshiram\n|-boost|p2a: Reshiram|atk|1\n|-boost|p2a: Reshiram|spe|1\n|\n|upkeep\n|turn|18\n|\n|t:|1782748328\n|move|p2a: Reshiram|Outrage|p1a: Terrakion\n|-damage|p1a: Terrakion|47/273\n|move|p1a: Terrakion|Stone Edge|p2a: Reshiram\n|-supereffective|p2a: Reshiram\n|-damage|p2a: Reshiram|0 fnt\n|faint|p2a: Reshiram\n|-damage|p1a: Terrakion|20/273|[from] item: Life Orb\n|\n|upkeep\n|\n|t:|1782748333\n|switch|p2a: Granbull|Granbull, L88, F|224/302\n|-ability|p2a: Granbull|Intimidate|boost\n|-unboost|p1a: Terrakion|atk|1\n|turn|19\n|\n|t:|1782748344\n|move|p1a: Terrakion|Stone Edge|p2a: Granbull\n|-damage|p2a: Granbull|117/302\n|-damage|p1a: Terrakion|0 fnt|[from] item: Life Orb\n|faint|p1a: Terrakion\n|move|p2a: Granbull|Play Rough|p1: Terrakion|[notarget]\n|-fail|p2a: Granbull\n|\n|-heal|p2a: Granbull|135/302|[from] item: Leftovers\n|upkeep\n|\n|t:|1782748348\n|switch|p1a: Vigoroth|Vigoroth, L85, M|212/275\n|turn|20\n|\n|t:|1782748353\n|move|p1a: Vigoroth|Bulk Up|p1a: Vigoroth\n|-boost|p1a: Vigoroth|atk|1\n|-boost|p1a: Vigoroth|def|1\n|move|p2a: Granbull|Thunder Wave|p1a: Vigoroth\n|-status|p1a: Vigoroth|par\n|\n|-heal|p2a: Granbull|153/302|[from] item: Leftovers\n|upkeep\n|turn|21\n|\n|t:|1782748360\n|switch|p2a: Komala|Komala, L88, M|258/258\n|-ability|p2a: Komala|Comatose\n|move|p1a: Vigoroth|Body Slam|p2a: Komala\n|-damage|p2a: Komala|120/258\n|\n|upkeep\n|turn|22\n|\n|t:|1782748366\n|move|p2a: Komala|Knock Off|p1a: Vigoroth\n|-damage|p1a: Vigoroth|170/275 par\n|-enditem|p1a: Vigoroth|Eviolite|[from] move: Knock Off|[of] p2a: Komala\n|move|p1a: Vigoroth|Body Slam|p2a: Komala\n|-damage|p2a: Komala|0 fnt\n|faint|p2a: Komala\n|\n|upkeep\n|\n|t:|1782748375\n|switch|p2a: Granbull|Granbull, L88, F|153/302\n|-ability|p2a: Granbull|Intimidate|boost\n|-unboost|p1a: Vigoroth|atk|1\n|turn|23\n|\n|t:|1782748385\n|move|p2a: Granbull|Encore|p1a: Vigoroth\n|-start|p1a: Vigoroth|Encore\n|move|p1a: Vigoroth|Body Slam|p2a: Granbull\n|-damage|p2a: Granbull|72/302\n|-status|p2a: Granbull|par\n|\n|-heal|p2a: Granbull|90/302 par|[from] item: Leftovers\n|upkeep\n|turn|24\n|\n|t:|1782748390\n|switch|p2a: Annihilape|Annihilape, L76, F|292/292\n|move|p1a: Vigoroth|Body Slam|p2a: Annihilape\n|-immune|p2a: Annihilape\n|\n|upkeep\n|turn|25\n|\n|t:|1782748393\n|switch|p1a: Bombirdier|Bombirdier, L85, M|258/258\n|move|p2a: Annihilape|Bulk Up|p2a: Annihilape\n|-boost|p2a: Annihilape|atk|1\n|-boost|p2a: Annihilape|def|1\n|\n|upkeep\n|turn|26\n|\n|t:|1782748409\n|move|p1a: Bombirdier|Brave Bird|p2a: Annihilape\n|-supereffective|p2a: Annihilape\n|-damage|p2a: Annihilape|76/292\n|-damage|p1a: Bombirdier|187/258|[from] Recoil\n|move|p2a: Annihilape|Bulk Up|p2a: Annihilape\n|-boost|p2a: Annihilape|atk|1\n|-boost|p2a: Annihilape|def|1\n|\n|-heal|p2a: Annihilape|94/292|[from] item: Leftovers\n|upkeep\n|turn|27\n|\n|t:|1782748416\n|-terastallize|p2a: Annihilape|Steel\n|move|p1a: Bombirdier|Brave Bird|p2a: Annihilape\n|-resisted|p2a: Annihilape\n|-damage|p2a: Annihilape|52/292\n|-damage|p1a: Bombirdier|173/258|[from] Recoil\n|move|p2a: Annihilape|Drain Punch|p1a: Bombirdier\n|-damage|p1a: Bombirdier|23/258\n|-heal|p2a: Annihilape|127/292|[from] drain|[of] p1a: Bombirdier\n|\n|-heal|p2a: Annihilape|145/292|[from] item: Leftovers\n|upkeep\n|turn|28\n|\n|t:|1782748425\n|move|p1a: Bombirdier|Knock Off|p2a: Annihilape\n|-damage|p2a: Annihilape|82/292\n|-enditem|p2a: Annihilape|Leftovers|[from] move: Knock Off|[of] p1a: Bombirdier\n|move|p2a: Annihilape|Drain Punch|p1a: Bombirdier\n|-crit|p1a: Bombirdier\n|-damage|p1a: Bombirdier|0 fnt\n|-heal|p2a: Annihilape|94/292|[from] drain|[of] p1a: Bombirdier\n|faint|p1a: Bombirdier\n|\n|upkeep\n|\n|t:|1782748428\n|switch|p1a: Rotom|Rotom-Heat, L83|142/219\n|turn|29\n|\n|t:|1782748433\n|move|p1a: Rotom|Thunderbolt|p2a: Annihilape\n|-damage|p2a: Annihilape|0 fnt\n|faint|p2a: Annihilape\n|\n|upkeep\n|\n|t:|1782748437\n|switch|p2a: Magmortar|Magmortar, L88, F|83/275\n|turn|30\n|\n|t:|1782748441\n|move|p2a: Magmortar|Focus Blast|p1a: Rotom\n|-damage|p1a: Rotom|40/219\n|move|p1a: Rotom|Thunderbolt|p2a: Magmortar\n|-damage|p2a: Magmortar|0 fnt\n|faint|p2a: Magmortar\n|\n|upkeep\n|\n|t:|1782748443\n|switch|p2a: Granbull|Granbull, L88, F|90/302 par\n|-ability|p2a: Granbull|Intimidate|boost\n|-unboost|p1a: Rotom|atk|1\n|turn|31\n|-message|jumper0123 forfeited.\n|\n|win|RUiNtheExtinct\n|raw|RUiNtheExtinct's rating: 1556 &rarr; <strong>1579</strong><br />(+23 for winning)\n|raw|jumper0123's rating: 1607 &rarr; <strong>1584</strong><br />(-23 for losing)\n", "inputlog": ">version f8ac14003a5f27e1bdc8d8c59608a773c1cb96e5\n>start {\"formatid\":\"gen9randombattle\",\"seed\":\"sodium,2c2d18b63195a232f66d8205bca7b512\",\"rated\":\"Rated battle\"}\n>player p1 {\"name\":\"RUiNtheExtinct\",\"avatar\":\"red-gen7\",\"rating\":1556,\"seed\":\"sodium,bde2ecd2fa04cfccd95d72f07ca3e772\"}\n>player p2 {\"name\":\"jumper0123\",\"avatar\":\"hilbert\",\"rating\":1607,\"seed\":\"sodium,4e96a802860535b4c3dbd1f92a9ff714\"}\n>p1 move stoneedge\n>p2 switch 2\n>p1 switch 4\n>p2 move thunderwave\n>p1 move willowisp\n>p2 switch 6\n>p1 move thunderbolt\n>p2 move taunt\n>p1 move thunderbolt\n>p2 switch 5\n>p1 move thunderbolt\n>p2 move substitute\n>p1 switch 5\n>p2 move dragondance\n>p1 move freezedry\n>p2 move dragondance\n>p1 move freezedry\n>p2 move boltstrike\n>p1 move freezedry\n>p2 move boltstrike\n>p1 switch 6\n>p1 move bodyslam\n>p2 move outrage\n>p2 switch 6\n>p1 move slackoff\n>p2 switch 4\n>p1 switch 5\n>p2 move knockoff\n>p1 move willowisp\n>p2 switch 5\n>p1 move thunderbolt\n>p2 move taunt\n>p1 move thunderbolt\n>p2 switch 2\n>p1 switch 4\n>p2 move dragondance\n>p1 move stoneedge\n>p2 move outrage\n>p2 switch 4\n>p1 move stoneedge\n>p2 move playrough\n>p1 switch 5\n>p1 move bulkup\n>p2 move thunderwave\n>p1 move bodyslam\n>p2 switch 5\n>p1 move bodyslam\n>p2 move knockoff\n>p2 switch 5\n>p1 move bodyslam\n>p2 move encore\n>p1 move bodyslam\n>p2 switch 3\n>p1 switch 3\n>p2 move bulkup\n>p1 move bravebird\n>p2 move bulkup\n>p1 move bravebird\n>p2 move drainpunch terastallize\n>p1 move knockoff\n>p2 move drainpunch\n>p1 switch 4\n>p1 move thunderbolt\n>p2 move drainpunch\n>p2 switch 2\n>p1 move thunderbolt\n>p2 move focusblast\n>p2 switch 3\n>forcelose p2", "uploadtime": 1782748445, "views": 7, "formatid": "gen9randombattle", "rating": 1579, "private": 0, "password": null, "player_dets": [{"name": "RUiNtheExtinct", "avatar": "red-gen7", "rating": 1556, "seed": "sodium,bde2ecd2fa04cfccd95d72f07ca3e772"}, {"name": "jumper0123", "avatar": "hilbert", "rating": 1607, "seed": "sodium,4e96a802860535b4c3dbd1f92a9ff714"}], "teams_full": [{"Terrakion": {"name": "Terrakion", "species": "Terrakion", "speciesId": "terrakion", "gender": "N", "shiny": false, "level": 79, "moves": ["closecombat", "swordsdance", "earthquake", "stoneedge"], "ability": "Justified", "evs": {"hp": 85, "atk": 85, "def": 85, "spa": 85, "spd": 85, "spe": 85}, "ivs": {"hp": 31, "atk": 31, "def": 31, "spa": 31, "spd": 31, "spe": 31}, "item": "Life Orb", "teraType": "Fighting", "role": "Setup Sweeper", "bvs": {"hp": 91, "atk": 129, "def": 90, "spa": 72, "spd": 90, "spe": 108}, "stats": {"hp": 273, "atk": 249, "def": 188, "spa": 159, "spd": 188, "spe": 216}, "types": ["Rock", "Fighting"]}, "Conkeldurr": {"name": "Conkeldurr", "species": "Conkeldurr", "speciesId": "conkeldurr", "gender": "F", "shiny": false, "level": 80, "moves": ["facade", "machpunch", "closecombat", "knockoff"], "ability": "Guts", "evs": {"hp": 85, "atk": 85, "def": 85, "spa": 85, "spd": 85, "spe": 85}, "ivs": {"hp": 31, "atk": 31, "def": 31, "spa": 31, "spd": 31, "spe": 31}, "item": "Flame Orb", "teraType": "Normal", "role": "Wallbreaker", "bvs": {"hp": 105, "atk": 140, "def": 95, "spa": 55, "spd": 65, "spe": 45}, "stats": {"hp": 299, "atk": 270, "def": 198, "spa": 134, "spd": 150, "spe": 118}, "types": ["Fighting"]}, "Bombirdier": {"name": "Bombirdier", "species": "Bombirdier", "speciesId": "bombirdier", "gender": "M", "shiny": false, "level": 85, "moves": ["stealthrock", "bravebird", "roost", "knockoff"], "ability": "Big Pecks", "evs": {"hp": 85, "atk": 85, "def": 85, "spa": 85, "spd": 85, "spe": 85}, "ivs": {"hp": 31, "atk": 31, "def": 31, "spa": 31, "spd": 31, "spe": 31}, "item": "Heavy-Duty Boots", "teraType": "Dark", "role": "Bulky Support", "bvs": {"hp": 70, "atk": 103, "def": 85, "spa": 60, "spd": 85, "spe": 82}, "stats": {"hp": 258, "atk": 224, "def": 193, "spa": 151, "spd": 193, "spe": 188}, "types": ["Flying", "Dark"]}, "Rotom": {"name": "Rotom", "species": "Rotom-Heat", "speciesId": "rotomheat", "gender": "N", "shiny": false, "level": 83, "moves": ["thunderbolt", "overheat", "nastyplot", "willowisp"], "ability": "Levitate", "evs": {"hp": 85, "atk": 0, "def": 85, "spa": 85, "spd": 85, "spe": 85}, "ivs": {"hp": 31, "atk": 0, "def": 31, "spa": 31, "spd": 31, "spe": 31}, "item": "Heavy-Duty Boots", "teraType": "Steel", "role": "Bulky Attacker", "bvs": {"hp": 50, "atk": 65, "def": 107, "spa": 105, "spd": 107, "spe": 86}, "stats": {"hp": 219, "atk": 112, "def": 225, "spa": 222, "spd": 225, "spe": 190}, "types": ["Electric", "Fire"]}, "Glalie": {"name": "Glalie", "species": "Glalie", "speciesId": "glalie", "gender": "M", "shiny": false, "level": 96, "moves": ["spikes", "freezedry", "taunt", "earthquake"], "ability": "Inner Focus", "evs": {"hp": 85, "atk": 85, "def": 85, "spa": 85, "spd": 85, "spe": 85}, "ivs": {"hp": 31, "atk": 31, "def": 31, "spa": 31, "spd": 31, "spe": 31}, "item": "Heavy-Duty Boots", "teraType": "Water", "role": "Fast Support", "bvs": {"hp": 80, "atk": 80, "def": 80, "spa": 80, "spd": 80, "spe": 80}, "stats": {"hp": 309, "atk": 208, "def": 208, "spa": 208, "spd": 208, "spe": 208}, "types": ["Ice"]}, "Vigoroth": {"name": "Vigoroth", "species": "Vigoroth", "speciesId": "vigoroth", "gender": "M", "shiny": false, "level": 85, "moves": ["slackoff", "bulkup", "bodyslam", "earthquake"], "ability": "Vital Spirit", "evs": {"hp": 85, "atk": 85, "def": 85, "spa": 85, "spd": 85, "spe": 85}, "ivs": {"hp": 31, "atk": 31, "def": 31, "spa": 31, "spd": 31, "spe": 31}, "item": "Eviolite", "teraType": "Ground", "role": "Bulky Attacker", "bvs": {"hp": 80, "atk": 80, "def": 80, "spa": 55, "spd": 55, "spe": 90}, "stats": {"hp": 275, "atk": 185, "def": 185, "spa": 142, "spd": 142, "spe": 202}, "types": ["Normal"]}}, {"Reshiram": {"name": "Reshiram", "species": "Reshiram", "speciesId": "reshiram", "gender": "N", "shiny": false, "level": 76, "moves": ["stoneedge", "flareblitz", "dragondance", "outrage"], "ability": "Turboblaze", "evs": {"hp": 85, "atk": 85, "def": 85, "spa": 85, "spd": 85, "spe": 85}, "ivs": {"hp": 31, "atk": 31, "def": 31, "spa": 31, "spd": 31, "spe": 31}, "item": "Heavy-Duty Boots", "teraType": "Dragon", "role": "Setup Sweeper", "bvs": {"hp": 100, "atk": 120, "def": 100, "spa": 150, "spd": 120, "spe": 90}, "stats": {"hp": 277, "atk": 226, "def": 196, "spa": 272, "spd": 226, "spe": 181}, "types": ["Dragon", "Fire"]}, "Granbull": {"name": "Granbull", "species": "Granbull", "speciesId": "granbull", "gender": "F", "shiny": false, "level": 88, "moves": ["earthquake", "playrough", "encore", "thunderwave"], "ability": "Intimidate", "evs": {"hp": 85, "atk": 85, "def": 85, "spa": 85, "spd": 85, "spe": 85}, "ivs": {"hp": 31, "atk": 31, "def": 31, "spa": 31, "spd": 31, "spe": 31}, "item": "Leftovers", "teraType": "Ground", "role": "Bulky Attacker", "bvs": {"hp": 90, "atk": 120, "def": 75, "spa": 60, "spd": 60, "spe": 45}, "stats": {"hp": 302, "atk": 261, "def": 182, "spa": 156, "spd": 156, "spe": 129}, "types": ["Fairy"]}, "Annihilape": {"name": "Annihilape", "species": "Annihilape", "speciesId": "annihilape", "gender": "F", "shiny": false, "level": 76, "moves": ["bulkup", "drainpunch", "ragefist", "taunt"], "ability": "Defiant", "evs": {"hp": 85, "atk": 85, "def": 85, "spa": 85, "spd": 85, "spe": 85}, "ivs": {"hp": 31, "atk": 31, "def": 31, "spa": 31, "spd": 31, "spe": 31}, "item": "Leftovers", "teraType": "Steel", "role": "Bulky Setup", "bvs": {"hp": 110, "atk": 115, "def": 80, "spa": 50, "spd": 90, "spe": 90}, "stats": {"hp": 292, "atk": 219, "def": 166, "spa": 120, "spd": 181, "spe": 181}, "types": ["Fighting", "Ghost"]}, "Komala": {"name": "Komala", "species": "Komala", "speciesId": "komala", "gender": "M", "shiny": false, "level": 88, "moves": ["knockoff", "rapidspin", "bodyslam", "earthquake"], "ability": "Comatose", "evs": {"hp": 85, "atk": 85, "def": 85, "spa": 85, "spd": 85, "spe": 85}, "ivs": {"hp": 31, "atk": 31, "def": 31, "spa": 31, "spd": 31, "spe": 31}, "item": "Assault Vest", "teraType": "Ghost", "role": "Bulky Support", "bvs": {"hp": 65, "atk": 115, "def": 65, "spa": 75, "spd": 95, "spe": 65}, "stats": {"hp": 258, "atk": 253, "def": 165, "spa": 182, "spd": 217, "spe": 165}, "types": ["Normal"]}, "Zekrom": {"name": "Zekrom", "species": "Zekrom", "speciesId": "zekrom", "gender": "N", "shiny": false, "level": 71, "moves": ["boltstrike", "dragondance", "substitute", "outrage"], "ability": "Teravolt", "evs": {"hp": 85, "atk": 85, "def": 85, "spa": 85, "spd": 85, "spe": 85}, "ivs": {"hp": 31, "atk": 31, "def": 31, "spa": 31, "spd": 31, "spe": 31}, "item": "Leftovers", "teraType": "Steel", "role": "Setup Sweeper", "bvs": {"hp": 100, "atk": 150, "def": 120, "spa": 120, "spd": 100, "spe": 90}, "stats": {"hp": 259, "atk": 254, "def": 212, "spa": 212, "spd": 183, "spe": 169}, "types": ["Dragon", "Electric"]}, "Magmortar": {"name": "Magmortar", "species": "Magmortar", "speciesId": "magmortar", "gender": "F", "shiny": false, "level": 88, "moves": ["focusblast", "thunderbolt", "taunt", "fireblast"], "ability": "Flame Body", "evs": {"hp": 85, "atk": 0, "def": 85, "spa": 85, "spd": 85, "spe": 85}, "ivs": {"hp": 31, "atk": 0, "def": 31, "spa": 31, "spd": 31, "spe": 31}, "item": "Heavy-Duty Boots", "teraType": "Fighting", "role": "Wallbreaker", "bvs": {"hp": 75, "atk": 95, "def": 67, "spa": 125, "spd": 95, "spe": 83}, "stats": {"hp": 275, "atk": 172, "def": 168, "spa": 270, "spd": 217, "spe": 196}, "types": ["Fire"]}}]}