{"id": "gen9randombattle-2641616515", "format": "[Gen 9] Random Battle", "players": ["bakavelique", "GottaLuvRandomizer"], "log": "|j|\u2606bakavelique\n|j|\u2606GottaLuvRandomizer\n|t:|1782819433\n|gametype|singles\n|player|p1|bakavelique|2|1985\n|player|p2|GottaLuvRandomizer|brycen|1926\n|gen|9\n|tier|[Gen 9] Random Battle\n|rated|\n|rule|Species Clause: Limit one of each Pok\u00e9mon\n|rule|HP Percentage Mod: HP is shown in percentages\n|rule|Sleep Clause Mod: Limit one foe put to sleep\n|rule|Illusion Level Mod: Illusion disguises the Pok\u00e9mon's true level\n|\n|t:|1782819433\n|teamsize|p1|6\n|teamsize|p2|6\n|start\n|switch|p1a: Lapras|Lapras, L87, F|367/367\n|switch|p2a: Incineroar|Incineroar, L82, F|290/290\n|-ability|p2a: Incineroar|Intimidate|boost\n|-unboost|p1a: Lapras|atk|1\n|turn|1\n|inactive|Battle timer is ON: inactive players will automatically lose when time's up. (requested by bakavelique)\n|\n|t:|1782819446\n|-terastallize|p2a: Incineroar|Grass\n|move|p1a: Lapras|Sparkling Aria|p2a: Incineroar\n|-resisted|p2a: Incineroar\n|-damage|p2a: Incineroar|219/290\n|move|p2a: Incineroar|Swords Dance|p2a: Incineroar\n|-boost|p2a: Incineroar|atk|2\n|\n|upkeep\n|turn|2\n|\n|t:|1782819454\n|switch|p1a: Squawkabilly|Squawkabilly, L85, F|278/278\n|move|p2a: Incineroar|Trailblaze|p1a: Squawkabilly\n|-resisted|p1a: Squawkabilly\n|-damage|p1a: Squawkabilly|172/278\n|-boost|p2a: Incineroar|spe|1\n|\n|-status|p1a: Squawkabilly|brn|[from] item: Flame Orb\n|upkeep\n|turn|3\n|\n|t:|1782819460\n|move|p1a: Squawkabilly|Quick Attack|p2a: Incineroar\n|-damage|p2a: Incineroar|147/290\n|move|p2a: Incineroar|Knock Off|p1a: Squawkabilly\n|-damage|p1a: Squawkabilly|0 fnt\n|-enditem|p1a: Squawkabilly|Flame Orb|[from] move: Knock Off|[of] p2a: Incineroar\n|faint|p1a: Squawkabilly\n|\n|upkeep\n|\n|t:|1782819463\n|switch|p1a: Lapras|Lapras, L87, F|367/367\n|turn|4\n|\n|t:|1782819473\n|move|p2a: Incineroar|Trailblaze|p1a: Lapras\n|-supereffective|p1a: Lapras\n|-damage|p1a: Lapras|101/367\n|-boost|p2a: Incineroar|spe|1\n|move|p1a: Lapras|Ice Beam|p2a: Incineroar\n|-supereffective|p2a: Incineroar\n|-damage|p2a: Incineroar|0 fnt\n|faint|p2a: Incineroar\n|\n|upkeep\n|\n|t:|1782819481\n|switch|p2a: Munkidori|Munkidori, L79, M|269/269\n|turn|5\n|\n|t:|1782819489\n|move|p2a: Munkidori|Fake Out|p1a: Lapras\n|-damage|p1a: Lapras|79/367\n|cant|p1a: Lapras|flinch\n|\n|upkeep\n|turn|6\n|\n|t:|1782819494\n|switch|p1a: Tinkaton|Tinkaton, L82, F|274/274\n|-ability|p1a: Tinkaton|Mold Breaker\n|move|p2a: Munkidori|Sludge Wave|p1a: Tinkaton\n|-immune|p1a: Tinkaton\n|\n|upkeep\n|turn|7\n|\n|t:|1782819501\n|switch|p2a: Floatzel|Floatzel, L86, M|286/286\n|move|p1a: Tinkaton|Swords Dance|p1a: Tinkaton\n|-boost|p1a: Tinkaton|atk|2\n|\n|upkeep\n|turn|8\n|\n|t:|1782819505\n|move|p2a: Floatzel|Wave Crash|p1a: Tinkaton\n|-damage|p1a: Tinkaton|19/274\n|-damage|p2a: Floatzel|202/286|[from] Recoil\n|move|p1a: Tinkaton|Play Rough|p2a: Floatzel\n|-damage|p2a: Floatzel|0 fnt\n|faint|p2a: Floatzel\n|\n|-heal|p1a: Tinkaton|36/274|[from] item: Leftovers\n|upkeep\n|\n|t:|1782819509\n|switch|p2a: Munkidori|Munkidori, L79, M|269/269\n|turn|9\n|\n|t:|1782819515\n|move|p1a: Tinkaton|Protect|p1a: Tinkaton\n|-singleturn|p1a: Tinkaton|Protect\n|move|p2a: Munkidori|Psychic Noise|p1a: Tinkaton\n|-activate|p1a: Tinkaton|move: Protect\n|\n|-heal|p1a: Tinkaton|53/274|[from] item: Leftovers\n|upkeep\n|turn|10\n|\n|t:|1782819519\n|move|p2a: Munkidori|Psychic Noise|p1a: Tinkaton\n|-resisted|p1a: Tinkaton\n|-damage|p1a: Tinkaton|16/274\n|-start|p1a: Tinkaton|move: Heal Block\n|move|p1a: Tinkaton|Gigaton Hammer|p2a: Munkidori\n|-damage|p2a: Munkidori|0 fnt\n|faint|p2a: Munkidori\n|\n|upkeep\n|\n|t:|1782819526\n|switch|p2a: Donphan|Donphan, L84, F|288/288\n|turn|11\n|\n|t:|1782819530\n|move|p1a: Tinkaton|Play Rough|p2a: Donphan\n|-damage|p2a: Donphan|176/288\n|move|p2a: Donphan|Knock Off|p1a: Tinkaton\n|-resisted|p1a: Tinkaton\n|-damage|p1a: Tinkaton|0 fnt\n|-enditem|p1a: Tinkaton|Leftovers|[from] move: Knock Off|[of] p2a: Donphan\n|faint|p1a: Tinkaton\n|\n|-heal|p2a: Donphan|194/288|[from] item: Leftovers\n|upkeep\n|\n|t:|1782819533\n|switch|p1a: Lapras|Lapras, L87, F|79/367\n|turn|12\n|\n|t:|1782819538\n|switch|p2a: Terapagos|Terapagos, L77, M|265/265\n|-activate|p2a: Terapagos|ability: Tera Shift\n|detailschange|p2a: Terapagos|Terapagos-Terastal, L77, M\n|-heal|p2a: Terapagos|273/273|[silent]\n|move|p1a: Lapras|Sparkling Aria|p2a: Terapagos\n|-activate|p2a: Terapagos|ability: Tera Shell\n|-resisted|p2a: Terapagos\n|-damage|p2a: Terapagos|205/273\n|\n|upkeep\n|turn|13\n|\n|t:|1782819542\n|switch|p1a: Mudsdale|Mudsdale, L83, M|302/302\n|move|p2a: Terapagos|Tera Starstorm|p1a: Mudsdale\n|-damage|p1a: Mudsdale|184/302\n|-ability|p1a: Mudsdale|Stamina|boost\n|-boost|p1a: Mudsdale|def|1\n|\n|-heal|p1a: Mudsdale|202/302|[from] item: Leftovers\n|upkeep\n|turn|14\n|\n|t:|1782819546\n|move|p2a: Terapagos|Calm Mind|p2a: Terapagos\n|-boost|p2a: Terapagos|spa|1\n|-boost|p2a: Terapagos|spd|1\n|move|p1a: Mudsdale|Stealth Rock|p2a: Terapagos\n|-sidestart|p2: GottaLuvRandomizer|move: Stealth Rock\n|\n|-heal|p1a: Mudsdale|220/302|[from] item: Leftovers\n|upkeep\n|turn|15\n|\n|t:|1782819550\n|move|p2a: Terapagos|Tera Starstorm|p1a: Mudsdale\n|-damage|p1a: Mudsdale|40/302\n|-ability|p1a: Mudsdale|Stamina|boost\n|-boost|p1a: Mudsdale|def|1\n|move|p1a: Mudsdale|Roar|p2a: Terapagos\n|drag|p2a: Donphan|Donphan, L84, F|194/288\n|-damage|p2a: Donphan|176/288|[from] Stealth Rock\n|\n|-heal|p2a: Donphan|194/288|[from] item: Leftovers\n|-heal|p1a: Mudsdale|58/302|[from] item: Leftovers\n|upkeep\n|turn|16\n|\n|t:|1782819554\n|move|p2a: Donphan|Earthquake|p1a: Mudsdale\n|-damage|p1a: Mudsdale|3/302\n|-ability|p1a: Mudsdale|Stamina|boost\n|-boost|p1a: Mudsdale|def|1\n|move|p1a: Mudsdale|Earthquake|p2a: Donphan\n|-damage|p2a: Donphan|88/288\n|\n|-heal|p2a: Donphan|106/288|[from] item: Leftovers\n|-heal|p1a: Mudsdale|21/302|[from] item: Leftovers\n|upkeep\n|turn|17\n|\n|t:|1782819559\n|move|p2a: Donphan|Earthquake|p1a: Mudsdale\n|-damage|p1a: Mudsdale|0 fnt\n|faint|p1a: Mudsdale\n|\n|-heal|p2a: Donphan|124/288|[from] item: Leftovers\n|upkeep\n|\n|t:|1782819562\n|switch|p1a: Lapras|Lapras, L87, F|79/367\n|turn|18\n|\n|t:|1782819570\n|move|p2a: Donphan|Ice Shard|p1a: Lapras\n|-resisted|p1a: Lapras\n|-damage|p1a: Lapras|71/367\n|move|p1a: Lapras|Ice Beam|p2a: Donphan\n|-supereffective|p2a: Donphan\n|-damage|p2a: Donphan|0 fnt\n|faint|p2a: Donphan\n|\n|upkeep\n|\n|t:|1782819573\n|switch|p2a: Terapagos|Terapagos-Terastal, L77, M|205/273\n|-damage|p2a: Terapagos|171/273|[from] Stealth Rock\n|turn|19\n|\n|t:|1782819578\n|switch|p1a: Meloetta|Meloetta, L82|298/298\n|move|p2a: Terapagos|Tera Starstorm|p1a: Meloetta\n|-damage|p1a: Meloetta|216/298\n|\n|upkeep\n|turn|20\n|\n|t:|1782819584\n|move|p1a: Meloetta|Relic Song|p2a: Terapagos\n|-damage|p2a: Terapagos|64/273\n|-formechange|p1a: Meloetta|Meloetta-Pirouette|[msg]\n|-damage|p1a: Meloetta|187/298|[from] item: Life Orb\n|move|p2a: Terapagos|Tera Starstorm|p1a: Meloetta\n|-damage|p1a: Meloetta|61/298\n|\n|upkeep\n|turn|21\n|\n|t:|1782819594\n|move|p1a: Meloetta|Knock Off|p2a: Terapagos\n|-damage|p2a: Terapagos|0 fnt\n|-enditem|p2a: Terapagos|Chesto Berry|[from] move: Knock Off|[of] p1a: Meloetta\n|faint|p2a: Terapagos\n|-damage|p1a: Meloetta|32/298|[from] item: Life Orb\n|\n|upkeep\n|\n|t:|1782819596\n|switch|p2a: Corviknight|Corviknight, L80, M|288/288\n|-damage|p2a: Corviknight|252/288|[from] Stealth Rock\n|-ability|p2a: Corviknight|Pressure\n|turn|22\n|\n|t:|1782819601\n|move|p1a: Meloetta|Knock Off|p2a: Corviknight\n|-damage|p2a: Corviknight|153/288\n|-enditem|p2a: Corviknight|Leftovers|[from] move: Knock Off|[of] p1a: Meloetta\n|-damage|p1a: Meloetta|3/298|[from] item: Life Orb\n|move|p2a: Corviknight|U-turn|p1a: Meloetta\n|-resisted|p1a: Meloetta\n|-damage|p1a: Meloetta|0 fnt\n|faint|p1a: Meloetta\n|\n|upkeep\n|\n|t:|1782819604\n|switch|p1a: Lapras|Lapras, L87, F|71/367\n|turn|23\n|\n|t:|1782819610\n|move|p1a: Lapras|Ice Beam|p2a: Corviknight\n|-crit|p2a: Corviknight\n|-damage|p2a: Corviknight|0 fnt\n|faint|p2a: Corviknight\n|\n|win|bakavelique\n", "inputlog": ">version f8ac14003a5f27e1bdc8d8c59608a773c1cb96e5\n>start {\"formatid\":\"gen9randombattle\",\"seed\":\"sodium,574321b97e22029fc3c70cf7c7e8df48\",\"rated\":\"Rated battle\"}\n>player p1 {\"name\":\"bakavelique\",\"avatar\":\"2\",\"rating\":1985,\"seed\":\"sodium,9fc6e5b7efdaee3e06d519f07a538b98\"}\n>player p2 {\"name\":\"GottaLuvRandomizer\",\"avatar\":\"brycen\",\"rating\":1926,\"seed\":\"sodium,6613ecaab79df9b067ac91e505126582\"}\n>p1 move sparklingaria\n>p2 move swordsdance terastallize\n>p1 switch 4\n>p2 move trailblaze\n>p1 move quickattack\n>p2 move knockoff\n>p1 switch 4\n>p1 move icebeam\n>p2 move trailblaze\n>p2 switch 2\n>p1 move icebeam\n>p2 move fakeout\n>p1 switch 5\n>p2 move sludgewave\n>p1 move swordsdance\n>p2 switch 5\n>p1 move playrough\n>p2 move wavecrash\n>p2 switch 5\n>p1 move protect\n>p2 move psychicnoise\n>p1 move gigatonhammer\n>p2 move psychicnoise\n>p2 switch 4\n>p1 move playrough\n>p2 move knockoff\n>p1 switch 5\n>p1 move sparklingaria\n>p2 switch 6\n>p1 switch 3\n>p2 move terastarstorm\n>p1 move stealthrock\n>p2 move calmmind\n>p1 move roar\n>p2 move terastarstorm\n>p1 move earthquake\n>p2 move earthquake\n>p1 move earthquake\n>p2 move earthquake\n>p1 switch 3\n>p1 move icebeam\n>p2 move iceshard\n>p2 switch 6\n>p1 switch 6\n>p2 move terastarstorm\n>p1 move relicsong\n>p2 move terastarstorm\n>p1 move knockoff\n>p2 move terastarstorm\n>p2 switch 3\n>p1 move knockoff\n>p2 move uturn\n>p1 switch 6\n>p1 move icebeam\n>p2 move roost", "uploadtime": 1782819436, "views": 3, "formatid": "gen9randombattle", "rating": null, "private": 0, "password": null, "player_dets": [{"name": "bakavelique", "avatar": "2", "rating": 1985, "seed": "sodium,9fc6e5b7efdaee3e06d519f07a538b98"}, {"name": "GottaLuvRandomizer", "avatar": "brycen", "rating": 1926, "seed": "sodium,6613ecaab79df9b067ac91e505126582"}], "teams_full": [{"Lapras": {"name": "Lapras", "species": "Lapras", "speciesId": "lapras", "gender": "F", "shiny": false, "level": 87, "moves": ["sparklingaria", "icebeam", "hydropump", "freezedry"], "ability": "Water Absorb", "evs": {"hp": 81, "atk": 0, "def": 85, "spa": 85, "spd": 85, "spe": 85}, "ivs": {"hp": 31, "atk": 0, "def": 31, "spa": 31, "spd": 31, "spe": 31}, "item": "Choice Specs", "teraType": "Ice", "role": "Wallbreaker", "bvs": {"hp": 130, "atk": 85, "def": 80, "spa": 85, "spd": 95, "spe": 60}, "stats": {"hp": 367, "atk": 152, "def": 189, "spa": 198, "spd": 215, "spe": 154}, "types": ["Water", "Ice"]}, "Primarina": {"name": "Primarina", "species": "Primarina", "speciesId": "primarina", "gender": "F", "shiny": false, "level": 83, "moves": ["psychicnoise", "moonblast", "drainingkiss", "calmmind"], "ability": "Liquid Voice", "evs": {"hp": 85, "atk": 0, "def": 85, "spa": 85, "spd": 85, "spe": 85}, "ivs": {"hp": 31, "atk": 0, "def": 31, "spa": 31, "spd": 31, "spe": 31}, "item": "Leftovers", "teraType": "Steel", "role": "Bulky Setup", "bvs": {"hp": 80, "atk": 74, "def": 74, "spa": 126, "spd": 116, "spe": 60}, "stats": {"hp": 268, "atk": 127, "def": 171, "spa": 257, "spd": 240, "spe": 147}, "types": ["Water", "Fairy"]}, "Mudsdale": {"name": "Mudsdale", "species": "Mudsdale", "speciesId": "mudsdale", "gender": "M", "shiny": false, "level": 83, "moves": ["roar", "heavyslam", "earthquake", "stealthrock"], "ability": "Stamina", "evs": {"hp": 85, "atk": 85, "def": 85, "spa": 85, "spd": 85, "spe": 85}, "ivs": {"hp": 31, "atk": 31, "def": 31, "spa": 31, "spd": 31, "spe": 31}, "item": "Leftovers", "teraType": "Steel", "role": "Bulky Attacker", "bvs": {"hp": 100, "atk": 125, "def": 100, "spa": 55, "spd": 85, "spe": 35}, "stats": {"hp": 302, "atk": 255, "def": 214, "spa": 139, "spd": 189, "spe": 106}, "types": ["Ground"]}, "Squawkabilly": {"name": "Squawkabilly", "species": "Squawkabilly", "speciesId": "squawkabilly", "gender": "F", "shiny": false, "level": 85, "moves": ["quickattack", "bravebird", "facade", "uturn"], "ability": "Guts", "evs": {"hp": 85, "atk": 85, "def": 85, "spa": 85, "spd": 85, "spe": 85}, "ivs": {"hp": 31, "atk": 31, "def": 31, "spa": 31, "spd": 31, "spe": 31}, "item": "Flame Orb", "teraType": "Normal", "role": "Wallbreaker", "bvs": {"hp": 82, "atk": 96, "def": 51, "spa": 45, "spd": 51, "spe": 92}, "stats": {"hp": 278, "atk": 212, "def": 135, "spa": 125, "spd": 135, "spe": 205}, "types": ["Normal", "Flying"]}, "Tinkaton": {"name": "Tinkaton", "species": "Tinkaton", "speciesId": "tinkaton", "gender": "F", "shiny": false, "level": 82, "moves": ["swordsdance", "protect", "playrough", "gigatonhammer"], "ability": "Mold Breaker", "evs": {"hp": 85, "atk": 85, "def": 85, "spa": 85, "spd": 85, "spe": 85}, "ivs": {"hp": 31, "atk": 31, "def": 31, "spa": 31, "spd": 31, "spe": 31}, "item": "Leftovers", "teraType": "Steel", "role": "Bulky Setup", "bvs": {"hp": 85, "atk": 75, "def": 77, "spa": 70, "spd": 105, "spe": 94}, "stats": {"hp": 274, "atk": 170, "def": 173, "spa": 162, "spd": 219, "spe": 201}, "types": ["Fairy", "Steel"]}, "Meloetta": {"name": "Meloetta", "species": "Meloetta", "speciesId": "meloetta", "gender": "N", "shiny": false, "level": 82, "moves": ["tripleaxel", "relicsong", "knockoff", "closecombat"], "ability": "Serene Grace", "evs": {"hp": 85, "atk": 85, "def": 85, "spa": 85, "spd": 85, "spe": 85}, "ivs": {"hp": 31, "atk": 31, "def": 31, "spa": 31, "spd": 31, "spe": 31}, "item": "Life Orb", "teraType": "Dark", "role": "Wallbreaker", "bvs": {"hp": 100, "atk": 77, "def": 77, "spa": 128, "spd": 128, "spe": 90}, "stats": {"hp": 298, "atk": 173, "def": 173, "spa": 257, "spd": 257, "spe": 195}, "types": ["Normal", "Psychic"]}}, {"Incineroar": {"name": "Incineroar", "species": "Incineroar", "speciesId": "incineroar", "gender": "F", "shiny": false, "level": 82, "moves": ["knockoff", "trailblaze", "flareblitz", "swordsdance"], "ability": "Intimidate", "evs": {"hp": 85, "atk": 85, "def": 85, "spa": 85, "spd": 85, "spe": 85}, "ivs": {"hp": 31, "atk": 31, "def": 31, "spa": 31, "spd": 31, "spe": 31}, "item": "Heavy-Duty Boots", "teraType": "Grass", "role": "Setup Sweeper", "bvs": {"hp": 95, "atk": 115, "def": 90, "spa": 80, "spd": 90, "spe": 60}, "stats": {"hp": 290, "atk": 236, "def": 195, "spa": 178, "spd": 195, "spe": 146}, "types": ["Fire", "Dark"]}, "Munkidori": {"name": "Munkidori", "species": "Munkidori", "speciesId": "munkidori", "gender": "M", "shiny": false, "level": 79, "moves": ["psychicnoise", "sludgewave", "fakeout", "uturn"], "ability": "Toxic Chain", "evs": {"hp": 85, "atk": 85, "def": 85, "spa": 85, "spd": 85, "spe": 85}, "ivs": {"hp": 31, "atk": 31, "def": 31, "spa": 31, "spd": 31, "spe": 31}, "item": "Assault Vest", "teraType": "Dark", "role": "AV Pivot", "bvs": {"hp": 88, "atk": 75, "def": 66, "spa": 130, "spd": 90, "spe": 106}, "stats": {"hp": 269, "atk": 164, "def": 150, "spa": 251, "spd": 188, "spe": 213}, "types": ["Poison", "Psychic"]}, "Corviknight": {"name": "Corviknight", "species": "Corviknight", "speciesId": "corviknight", "gender": "M", "shiny": false, "level": 80, "moves": ["defog", "bravebird", "roost", "uturn"], "ability": "Pressure", "evs": {"hp": 85, "atk": 85, "def": 85, "spa": 85, "spd": 85, "spe": 85}, "ivs": {"hp": 31, "atk": 31, "def": 31, "spa": 31, "spd": 31, "spe": 31}, "item": "Leftovers", "teraType": "Dragon", "role": "Bulky Support", "bvs": {"hp": 98, "atk": 87, "def": 105, "spa": 53, "spd": 85, "spe": 67}, "stats": {"hp": 288, "atk": 185, "def": 214, "spa": 131, "spd": 182, "spe": 153}, "types": ["Flying", "Steel"]}, "Donphan": {"name": "Donphan", "species": "Donphan", "speciesId": "donphan", "gender": "F", "shiny": false, "level": 84, "moves": ["knockoff", "iceshard", "earthquake", "stealthrock"], "ability": "Sturdy", "evs": {"hp": 85, "atk": 85, "def": 85, "spa": 85, "spd": 85, "spe": 85}, "ivs": {"hp": 31, "atk": 31, "def": 31, "spa": 31, "spd": 31, "spe": 31}, "item": "Leftovers", "teraType": "Dragon", "role": "Bulky Support", "bvs": {"hp": 90, "atk": 120, "def": 120, "spa": 60, "spd": 60, "spe": 50}, "stats": {"hp": 288, "atk": 250, "def": 250, "spa": 149, "spd": 149, "spe": 132}, "types": ["Ground"]}, "Floatzel": {"name": "Floatzel", "species": "Floatzel", "speciesId": "floatzel", "gender": "M", "shiny": false, "level": 86, "moves": ["flipturn", "wavecrash", "icespinner", "crunch"], "ability": "Water Veil", "evs": {"hp": 85, "atk": 85, "def": 85, "spa": 85, "spd": 85, "spe": 85}, "ivs": {"hp": 31, "atk": 31, "def": 31, "spa": 31, "spd": 31, "spe": 31}, "item": "Choice Band", "teraType": "Water", "role": "Wallbreaker", "bvs": {"hp": 85, "atk": 105, "def": 55, "spa": 85, "spd": 50, "spe": 115}, "stats": {"hp": 286, "atk": 230, "def": 144, "spa": 195, "spd": 135, "spe": 247}, "types": ["Water"]}, "Terapagos": {"name": "Terapagos", "species": "Terapagos", "speciesId": "terapagos", "gender": "M", "shiny": false, "level": 77, "moves": ["rest", "calmmind", "terastarstorm", "darkpulse"], "ability": "Tera Shift", "evs": {"hp": 85, "atk": 0, "def": 85, "spa": 85, "spd": 85, "spe": 85}, "ivs": {"hp": 31, "atk": 0, "def": 31, "spa": 31, "spd": 31, "spe": 31}, "item": "Chesto Berry", "teraType": "Stellar", "role": "Setup Sweeper", "bvs": {"hp": 90, "atk": 65, "def": 85, "spa": 65, "spd": 85, "spe": 60}, "stats": {"hp": 265, "atk": 105, "def": 175, "spa": 145, "spd": 175, "spe": 137}, "types": ["Normal"]}}]}