{"id": "gen9randombattle-2641426675", "format": "[Gen 9] Random Battle", "players": ["19wink", "improvguy"], "log": "|j|\u260619wink\n|j|\u2606improvguy\n|t:|1782783059\n|gametype|singles\n|player|p1|19wink|rood|2024\n|player|p2|improvguy|cameraman|2115\n|gen|9\n|tier|[Gen 9] Random Battle\n|rated|\n|rule|Species Clause: Limit one of each Pok\u00e9mon\n|rule|HP Percentage Mod: HP is shown in percentages\n|rule|Sleep Clause Mod: Limit one foe put to sleep\n|rule|Illusion Level Mod: Illusion disguises the Pok\u00e9mon's true level\n|\n|t:|1782783059\n|teamsize|p1|6\n|teamsize|p2|6\n|start\n|switch|p1a: Wigglytuff|Wigglytuff, L96, M|424/424\n|switch|p2a: Regice|Regice, L88|284/284\n|turn|1\n|\n|t:|1782783075\n|move|p1a: Wigglytuff|Alluring Voice|p2a: Regice\n|-damage|p2a: Regice|236/284\n|move|p2a: Regice|Thunder Wave|p1a: Wigglytuff\n|-status|p1a: Wigglytuff|par\n|\n|upkeep\n|turn|2\n|\n|t:|1782783088\n|move|p2a: Regice|Ice Beam|p1a: Wigglytuff\n|-damage|p1a: Wigglytuff|292/424 par\n|cant|p1a: Wigglytuff|par\n|\n|-heal|p1a: Wigglytuff|318/424 par|[from] item: Leftovers\n|upkeep\n|turn|3\n|\n|t:|1782783097\n|move|p2a: Regice|Ice Beam|p1a: Wigglytuff\n|-damage|p1a: Wigglytuff|186/424 par\n|cant|p1a: Wigglytuff|par\n|\n|-heal|p1a: Wigglytuff|212/424 par|[from] item: Leftovers\n|upkeep\n|turn|4\n|\n|t:|1782783104\n|move|p2a: Regice|Body Press|p1a: Wigglytuff\n|-damage|p1a: Wigglytuff|123/424 par\n|move|p1a: Wigglytuff|Thunder Wave|p2a: Regice\n|-status|p2a: Regice|par\n|\n|-heal|p1a: Wigglytuff|149/424 par|[from] item: Leftovers\n|upkeep\n|turn|5\n|\n|t:|1782783109\n|cant|p1a: Wigglytuff|par\n|cant|p2a: Regice|par\n|\n|-heal|p1a: Wigglytuff|175/424 par|[from] item: Leftovers\n|upkeep\n|turn|6\n|\n|t:|1782783111\n|move|p1a: Wigglytuff|Wish|p1a: Wigglytuff\n|move|p2a: Regice|Ice Beam|p1a: Wigglytuff\n|-damage|p1a: Wigglytuff|34/424 par\n|\n|-heal|p1a: Wigglytuff|60/424 par|[from] item: Leftovers\n|upkeep\n|turn|7\n|\n|t:|1782783122\n|switch|p2a: Enamorus|Enamorus, L79, F|247/247\n|cant|p1a: Wigglytuff|par\n|\n|-heal|p1a: Wigglytuff|272/424 par|[from] move: Wish|[wisher] Wigglytuff\n|-heal|p1a: Wigglytuff|298/424 par|[from] item: Leftovers\n|upkeep\n|turn|8\n|\n|t:|1782783128\n|move|p2a: Enamorus|Taunt|p1a: Wigglytuff\n|-start|p1a: Wigglytuff|move: Taunt\n|move|p1a: Wigglytuff|Alluring Voice|p2a: Enamorus\n|-damage|p2a: Enamorus|133/247\n|\n|-heal|p1a: Wigglytuff|324/424 par|[from] item: Leftovers\n|upkeep\n|turn|9\n|\n|t:|1782783133\n|move|p2a: Enamorus|Play Rough|p1a: Wigglytuff\n|-damage|p1a: Wigglytuff|185/424 par\n|move|p1a: Wigglytuff|Alluring Voice|p2a: Enamorus\n|-damage|p2a: Enamorus|25/247\n|\n|-heal|p1a: Wigglytuff|211/424 par|[from] item: Leftovers\n|upkeep\n|turn|10\n|\n|t:|1782783139\n|move|p2a: Enamorus|Play Rough|p1a: Wigglytuff\n|-damage|p1a: Wigglytuff|73/424 par\n|move|p1a: Wigglytuff|Alluring Voice|p2a: Enamorus\n|-damage|p2a: Enamorus|0 fnt\n|faint|p2a: Enamorus\n|\n|-heal|p1a: Wigglytuff|99/424 par|[from] item: Leftovers\n|-end|p1a: Wigglytuff|move: Taunt\n|upkeep\n|\n|t:|1782783146\n|switch|p2a: Grimmsnarl|Grimmsnarl, L83, M|293/293\n|turn|11\n|\n|t:|1782783150\n|cant|p1a: Wigglytuff|par\n|move|p2a: Grimmsnarl|Spirit Break|p1a: Wigglytuff\n|-damage|p1a: Wigglytuff|0 fnt\n|faint|p1a: Wigglytuff\n|\n|upkeep\n|\n|t:|1782783162\n|switch|p1a: Jolteon|Jolteon, L84, M|246/246\n|turn|12\n|\n|t:|1782783167\n|switch|p2a: Regice|Regice, L88|236/284 par\n|move|p1a: Jolteon|Alluring Voice|p2a: Regice\n|-damage|p2a: Regice|190/284 par\n|\n|upkeep\n|turn|13\n|\n|t:|1782783174\n|switch|p1a: Staraptor|Staraptor, L79, F|263/263\n|move|p2a: Regice|Ice Beam|p1a: Staraptor\n|-supereffective|p1a: Staraptor\n|-damage|p1a: Staraptor|0 fnt\n|faint|p1a: Staraptor\n|\n|upkeep\n|\n|t:|1782783179\n|switch|p1a: Spectrier|Spectrier, L75|274/274\n|turn|14\n|\n|t:|1782783182\n|move|p1a: Spectrier|Nasty Plot|p1a: Spectrier\n|-boost|p1a: Spectrier|spa|2\n|cant|p2a: Regice|par\n|\n|upkeep\n|turn|15\n|\n|t:|1782783185\n|-terastallize|p1a: Spectrier|Fighting\n|move|p1a: Spectrier|Tera Blast|p2a: Regice|[anim] Tera Blast Fighting\n|-supereffective|p2a: Regice\n|-damage|p2a: Regice|14/284 par\n|move|p2a: Regice|Thunder Wave|p1a: Spectrier\n|-status|p1a: Spectrier|par\n|\n|upkeep\n|turn|16\n|\n|t:|1782783190\n|cant|p1a: Spectrier|par\n|move|p2a: Regice|Ice Beam|p1a: Spectrier\n|-damage|p1a: Spectrier|150/274 par\n|\n|-heal|p1a: Spectrier|167/274 par|[from] item: Leftovers\n|upkeep\n|turn|17\n|\n|t:|1782783195\n|move|p1a: Spectrier|Tera Blast|p2a: Regice|[anim] Tera Blast Fighting\n|-supereffective|p2a: Regice\n|-damage|p2a: Regice|0 fnt\n|faint|p2a: Regice\n|-ability|p1a: Spectrier|Grim Neigh|boost\n|-boost|p1a: Spectrier|spa|1\n|\n|-heal|p1a: Spectrier|184/274 par|[from] item: Leftovers\n|upkeep\n|\n|t:|1782783197\n|switch|p2a: Grimmsnarl|Grimmsnarl, L83, M|293/293\n|turn|18\n|\n|t:|1782783201\n|move|p2a: Grimmsnarl|Spirit Break|p1a: Spectrier\n|-supereffective|p1a: Spectrier\n|-damage|p1a: Spectrier|0 fnt\n|faint|p1a: Spectrier\n|\n|upkeep\n|\n|t:|1782783204\n|switch|p1a: Jolteon|Jolteon, L84, M|246/246\n|turn|19\n|\n|t:|1782783208\n|move|p2a: Grimmsnarl|Light Screen|p2a: Grimmsnarl\n|-sidestart|p2: improvguy|move: Light Screen\n|move|p1a: Jolteon|Alluring Voice|p2a: Grimmsnarl\n|-supereffective|p2a: Grimmsnarl\n|-damage|p2a: Grimmsnarl|184/293\n|\n|upkeep\n|turn|20\n|\n|t:|1782783212\n|switch|p2a: Illumise|Illumise, L91, F|266/266\n|move|p1a: Jolteon|Alluring Voice|p2a: Illumise\n|-damage|p2a: Illumise|219/266\n|\n|upkeep\n|turn|21\n|\n|t:|1782783221\n|move|p1a: Jolteon|Alluring Voice|p2a: Illumise\n|-damage|p2a: Illumise|174/266\n|move|p2a: Illumise|Bug Buzz|p1a: Jolteon\n|-damage|p1a: Jolteon|164/246\n|\n|upkeep\n|turn|22\n|\n|t:|1782783225\n|move|p1a: Jolteon|Alluring Voice|p2a: Illumise\n|-crit|p2a: Illumise\n|-damage|p2a: Illumise|49/266\n|move|p2a: Illumise|Bug Buzz|p1a: Jolteon\n|-damage|p1a: Jolteon|74/246\n|\n|upkeep\n|turn|23\n|\n|t:|1782783229\n|switch|p1a: Iron Bundle|Iron Bundle, L78|215/215\n|move|p2a: Illumise|Roost|p2a: Illumise\n|-heal|p2a: Illumise|182/266\n|-singleturn|p2a: Illumise|move: Roost\n|\n|upkeep\n|turn|24\n|\n|t:|1782783234\n|move|p1a: Iron Bundle|Flip Turn|p2a: Illumise\n|-damage|p2a: Illumise|134/266\n|\n|t:|1782783236\n|-end|p1a: Iron Bundle|Quark Drive|[silent]\n|switch|p1a: Jolteon|Jolteon, L84, M|74/246|[from] Flip Turn\n|move|p2a: Illumise|Bug Buzz|p1a: Jolteon\n|-damage|p1a: Jolteon|0 fnt\n|faint|p1a: Jolteon\n|\n|upkeep\n|\n|t:|1782783237\n|switch|p1a: Iron Bundle|Iron Bundle, L78|215/215\n|turn|25\n|\n|t:|1782783240\n|move|p2a: Illumise|Thunder Wave|p1a: Iron Bundle\n|-status|p1a: Iron Bundle|par\n|cant|p1a: Iron Bundle|par\n|\n|upkeep\n|turn|26\n|\n|t:|1782783244\n|move|p2a: Illumise|Bug Buzz|p1a: Iron Bundle\n|-damage|p1a: Iron Bundle|89/215 par\n|move|p1a: Iron Bundle|Ice Beam|p2a: Illumise\n|-damage|p2a: Illumise|66/266\n|\n|-sideend|p2: improvguy|move: Light Screen\n|upkeep\n|turn|27\n|\n|t:|1782783248\n|move|p2a: Illumise|Bug Buzz|p1a: Iron Bundle\n|-damage|p1a: Iron Bundle|0 fnt\n|faint|p1a: Iron Bundle\n|-end|p1a: Iron Bundle|Quark Drive|[silent]\n|\n|upkeep\n|\n|t:|1782783249\n|switch|p1a: Dragonite|Dragonite, L74, F|257/257\n|turn|28\n|-message|19wink forfeited.\n|\n|win|improvguy\n|raw|19wink's rating: 2024 &rarr; <strong>2009</strong><br />(-15 for losing)\n|raw|improvguy's rating: 2115 &rarr; <strong>2130</strong><br />(+15 for winning)\n|l|\u260619wink\n|player|p1|\n", "inputlog": ">version f8ac14003a5f27e1bdc8d8c59608a773c1cb96e5\n>start {\"formatid\":\"gen9randombattle\",\"seed\":\"sodium,13f35cfa2755182bfc1840bf30444c04\",\"rated\":\"Rated battle\"}\n>player p1 {\"name\":\"19wink\",\"avatar\":\"rood\",\"rating\":2024,\"seed\":\"sodium,162c8f73d6d1be393fdb158e5eeb2ca0\"}\n>player p2 {\"name\":\"improvguy\",\"avatar\":\"cameraman\",\"rating\":2115,\"seed\":\"sodium,a7fc4c2cc9ab8ff08f4a7c09a712ad6f\"}\n>p1 move alluringvoice\n>p2 move thunderwave\n>p1 move thunderwave\n>p2 move icebeam\n>p1 move thunderwave\n>p2 move icebeam\n>p1 move thunderwave\n>p2 move bodypress\n>p1 move wish\n>p2 move icebeam\n>p1 move wish\n>p2 move icebeam\n>p1 move protect\n>p2 switch 2\n>p1 move alluringvoice\n>p2 move taunt\n>p1 move alluringvoice\n>p2 move playrough\n>p1 move alluringvoice\n>p2 move playrough\n>p2 switch 3\n>p1 move protect\n>p2 move spiritbreak\n>p1 switch 5\n>p1 move alluringvoice\n>p2 switch 2\n>p1 switch 3\n>p2 move icebeam\n>p1 switch 4\n>p1 move nastyplot\n>p2 move thunderwave\n>p1 move terablast terastallize\n>p2 move thunderwave\n>p1 move terablast\n>p2 move icebeam\n>p1 move terablast\n>p2 move icebeam\n>p2 switch 2\n>p1 move shadowball\n>p2 move spiritbreak\n>p1 switch 3\n>p1 move alluringvoice\n>p2 move lightscreen\n>p1 move alluringvoice\n>p2 switch 4\n>p1 move alluringvoice\n>p2 move bugbuzz\n>p1 move alluringvoice\n>p2 move bugbuzz\n>p1 switch 2\n>p2 move roost\n>p1 move flipturn\n>p2 move bugbuzz\n>p1 switch 2\n>p1 switch 2\n>p1 move icebeam\n>p2 move thunderwave\n>p1 move icebeam\n>p2 move bugbuzz\n>p1 move icebeam\n>p2 move bugbuzz\n>p1 switch 6\n>forcelose p1", "uploadtime": 1782783062, "views": 22, "formatid": "gen9randombattle", "rating": 2009, "private": 0, "password": null, "player_dets": [{"name": "19wink", "avatar": "rood", "rating": 2024, "seed": "sodium,162c8f73d6d1be393fdb158e5eeb2ca0"}, {"name": "improvguy", "avatar": "cameraman", "rating": 2115, "seed": "sodium,a7fc4c2cc9ab8ff08f4a7c09a712ad6f"}], "teams_full": [{"Wigglytuff": {"name": "Wigglytuff", "species": "Wigglytuff", "speciesId": "wigglytuff", "gender": "M", "shiny": false, "level": 96, "moves": ["protect", "alluringvoice", "wish", "thunderwave"], "ability": "Competitive", "evs": {"hp": 85, "atk": 0, "def": 85, "spa": 85, "spd": 85, "spe": 85}, "ivs": {"hp": 31, "atk": 0, "def": 31, "spa": 31, "spd": 31, "spe": 31}, "item": "Leftovers", "teraType": "Steel", "role": "Bulky Support", "bvs": {"hp": 140, "atk": 70, "def": 45, "spa": 85, "spd": 50, "spe": 45}, "stats": {"hp": 424, "atk": 139, "def": 141, "spa": 218, "spd": 150, "spe": 141}, "types": ["Normal", "Fairy"]}, "Iron Bundle": {"name": "Iron Bundle", "species": "Iron Bundle", "speciesId": "ironbundle", "gender": "N", "shiny": false, "level": 78, "moves": ["icebeam", "hydropump", "flipturn", "freezedry"], "ability": "Quark Drive", "evs": {"hp": 85, "atk": 85, "def": 85, "spa": 85, "spd": 85, "spe": 85}, "ivs": {"hp": 31, "atk": 31, "def": 31, "spa": 31, "spd": 31, "spe": 31}, "item": "Choice Specs", "teraType": "Water", "role": "Fast Attacker", "bvs": {"hp": 56, "atk": 80, "def": 114, "spa": 124, "spd": 60, "spe": 136}, "stats": {"hp": 215, "atk": 170, "def": 223, "spa": 239, "spd": 139, "spe": 257}, "types": ["Ice", "Water"]}, "Staraptor": {"name": "Staraptor", "species": "Staraptor", "speciesId": "staraptor", "gender": "F", "shiny": false, "level": 79, "moves": ["closecombat", "bravebird", "doubleedge", "uturn"], "ability": "Reckless", "evs": {"hp": 81, "atk": 85, "def": 85, "spa": 85, "spd": 85, "spe": 85}, "ivs": {"hp": 31, "atk": 31, "def": 31, "spa": 31, "spd": 31, "spe": 31}, "item": "Choice Scarf", "teraType": "Flying", "role": "Fast Attacker", "bvs": {"hp": 85, "atk": 120, "def": 70, "spa": 50, "spd": 60, "spe": 100}, "stats": {"hp": 263, "atk": 235, "def": 156, "spa": 125, "spd": 140, "spe": 204}, "types": ["Normal", "Flying"]}, "Spectrier": {"name": "Spectrier", "species": "Spectrier", "speciesId": "spectrier", "gender": "N", "shiny": false, "level": 75, "moves": ["substitute", "terablast", "shadowball", "nastyplot"], "ability": "Grim Neigh", "evs": {"hp": 85, "atk": 0, "def": 85, "spa": 85, "spd": 85, "spe": 85}, "ivs": {"hp": 31, "atk": 0, "def": 31, "spa": 31, "spd": 31, "spe": 31}, "item": "Leftovers", "teraType": "Fighting", "role": "Tera Blast user", "bvs": {"hp": 100, "atk": 65, "def": 60, "spa": 145, "spd": 80, "spe": 130}, "stats": {"hp": 274, "atk": 102, "def": 134, "spa": 261, "spd": 164, "spe": 239}, "types": ["Ghost"]}, "Jolteon": {"name": "Jolteon", "species": "Jolteon", "speciesId": "jolteon", "gender": "M", "shiny": false, "level": 84, "moves": ["thunderbolt", "alluringvoice", "voltswitch", "shadowball"], "ability": "Volt Absorb", "evs": {"hp": 85, "atk": 0, "def": 85, "spa": 85, "spd": 85, "spe": 85}, "ivs": {"hp": 31, "atk": 0, "def": 31, "spa": 31, "spd": 31, "spe": 31}, "item": "Choice Specs", "teraType": "Fairy", "role": "Fast Attacker", "bvs": {"hp": 65, "atk": 65, "def": 60, "spa": 110, "spd": 95, "spe": 130}, "stats": {"hp": 246, "atk": 114, "def": 149, "spa": 233, "spd": 208, "spe": 267}, "types": ["Electric"]}, "Dragonite": {"name": "Dragonite", "species": "Dragonite", "speciesId": "dragonite", "gender": "F", "shiny": false, "level": 74, "moves": ["outrage", "ironhead", "dragondance", "earthquake"], "ability": "Multiscale", "evs": {"hp": 85, "atk": 85, "def": 85, "spa": 85, "spd": 85, "spe": 85}, "ivs": {"hp": 31, "atk": 31, "def": 31, "spa": 31, "spd": 31, "spe": 31}, "item": "Heavy-Duty Boots", "teraType": "Steel", "role": "Setup Sweeper", "bvs": {"hp": 91, "atk": 134, "def": 95, "spa": 100, "spd": 100, "spe": 80}, "stats": {"hp": 257, "atk": 241, "def": 184, "spa": 191, "spd": 191, "spe": 161}, "types": ["Dragon", "Flying"]}}, {"Regice": {"name": "Regice", "species": "Regice", "speciesId": "regice", "gender": "N", "shiny": false, "level": 88, "moves": ["thunderbolt", "icebeam", "thunderwave", "bodypress"], "ability": "Clear Body", "evs": {"hp": 85, "atk": 0, "def": 85, "spa": 85, "spd": 85, "spe": 85}, "ivs": {"hp": 31, "atk": 0, "def": 31, "spa": 31, "spd": 31, "spe": 31}, "item": "Heavy-Duty Boots", "teraType": "Electric", "role": "Bulky Attacker", "bvs": {"hp": 80, "atk": 50, "def": 100, "spa": 100, "spd": 200, "spe": 50}, "stats": {"hp": 284, "atk": 93, "def": 226, "spa": 226, "spd": 402, "spe": 138}, "types": ["Ice"]}, "Enamorus": {"name": "Enamorus", "species": "Enamorus", "speciesId": "enamorus", "gender": "F", "shiny": false, "level": 79, "moves": ["taunt", "superpower", "zenheadbutt", "playrough"], "ability": "Contrary", "evs": {"hp": 85, "atk": 85, "def": 85, "spa": 85, "spd": 85, "spe": 85}, "ivs": {"hp": 31, "atk": 31, "def": 31, "spa": 31, "spd": 31, "spe": 31}, "item": "Heavy-Duty Boots", "teraType": "Fighting", "role": "Setup Sweeper", "bvs": {"hp": 74, "atk": 115, "def": 70, "spa": 135, "spd": 80, "spe": 106}, "stats": {"hp": 247, "atk": 227, "def": 156, "spa": 259, "spd": 172, "spe": 213}, "types": ["Fairy", "Flying"]}, "Grimmsnarl": {"name": "Grimmsnarl", "species": "Grimmsnarl", "speciesId": "grimmsnarl", "gender": "M", "shiny": false, "level": 83, "moves": ["reflect", "lightscreen", "thunderwave", "spiritbreak"], "ability": "Prankster", "evs": {"hp": 85, "atk": 85, "def": 85, "spa": 85, "spd": 85, "spe": 85}, "ivs": {"hp": 31, "atk": 31, "def": 31, "spa": 31, "spd": 31, "spe": 31}, "item": "Light Clay", "teraType": "Poison", "role": "Bulky Support", "bvs": {"hp": 95, "atk": 120, "def": 65, "spa": 95, "spd": 75, "spe": 60}, "stats": {"hp": 293, "atk": 247, "def": 156, "spa": 205, "spd": 172, "spe": 147}, "types": ["Dark", "Fairy"]}, "Illumise": {"name": "Illumise", "species": "Illumise", "speciesId": "illumise", "gender": "F", "shiny": false, "level": 91, "moves": ["thunderwave", "encore", "bugbuzz", "roost"], "ability": "Prankster", "evs": {"hp": 85, "atk": 0, "def": 85, "spa": 85, "spd": 85, "spe": 85}, "ivs": {"hp": 31, "atk": 0, "def": 31, "spa": 31, "spd": 31, "spe": 31}, "item": "Heavy-Duty Boots", "teraType": "Steel", "role": "Bulky Support", "bvs": {"hp": 65, "atk": 47, "def": 75, "spa": 73, "spd": 85, "spe": 85}, "stats": {"hp": 266, "atk": 90, "def": 188, "spa": 185, "spd": 207, "spe": 207}, "types": ["Bug"]}, "Ting-Lu": {"name": "Ting-Lu", "species": "Ting-Lu", "speciesId": "tinglu", "gender": "N", "shiny": false, "level": 78, "moves": ["heavyslam", "ruination", "earthquake", "payback"], "ability": "Vessel of Ruin", "evs": {"hp": 85, "atk": 85, "def": 85, "spa": 85, "spd": 85, "spe": 85}, "ivs": {"hp": 31, "atk": 31, "def": 31, "spa": 31, "spd": 31, "spe": 31}, "item": "Assault Vest", "teraType": "Steel", "role": "Bulky Attacker", "bvs": {"hp": 155, "atk": 110, "def": 125, "spa": 55, "spd": 80, "spe": 45}, "stats": {"hp": 370, "atk": 217, "def": 240, "spa": 131, "spd": 170, "spe": 115}, "types": ["Dark", "Ground"]}, "Rotom": {"name": "Rotom", "species": "Rotom-Wash", "speciesId": "rotomwash", "gender": "N", "shiny": false, "level": 82, "moves": ["hydropump", "willowisp", "voltswitch", "discharge"], "ability": "Levitate", "evs": {"hp": 85, "atk": 0, "def": 85, "spa": 85, "spd": 85, "spe": 85}, "ivs": {"hp": 31, "atk": 0, "def": 31, "spa": 31, "spd": 31, "spe": 31}, "item": "Leftovers", "teraType": "Electric", "role": "Bulky Support", "bvs": {"hp": 50, "atk": 65, "def": 107, "spa": 105, "spd": 107, "spe": 86}, "stats": {"hp": 216, "atk": 111, "def": 223, "spa": 219, "spd": 223, "spe": 188}, "types": ["Electric", "Water"]}}]}