{"id": "gen9randombattle-2641640820", "format": "[Gen 9] Random Battle", "players": ["mrongey10", "Uday30"], "log": "|j|\u203dmrongey10\n|j|\u2606Uday30\n|t:|1782823448\n|gametype|singles\n|player|p1|mrongey10|170|2137\n|player|p2|Uday30|ghetsis-gen5bw|2180\n|gen|9\n|tier|[Gen 9] Random Battle\n|rated|\n|rule|Species Clause: Limit one of each Pok\u00e9mon\n|rule|HP Percentage Mod: HP is shown in percentages\n|rule|Sleep Clause Mod: Limit one foe put to sleep\n|rule|Illusion Level Mod: Illusion disguises the Pok\u00e9mon's true level\n|\n|t:|1782823448\n|teamsize|p1|6\n|teamsize|p2|6\n|start\n|switch|p1a: Basculegion|Basculegion, L80, M|323/323\n|switch|p2a: Oricorio|Oricorio, L84, F|263/263\n|turn|1\n|inactive|Battle timer is ON: inactive players will automatically lose when time's up. (requested by Uday30)\n|\n|t:|1782823462\n|switch|p2a: Altaria|Altaria, L89, F|278/278\n|move|p1a: Basculegion|Wave Crash|p2a: Altaria\n|-resisted|p2a: Altaria\n|-damage|p2a: Altaria|201/278\n|-damage|p1a: Basculegion|298/323|[from] Recoil\n|\n|upkeep\n|turn|2\n|\n|t:|1782823470\n|move|p2a: Altaria|Dragon Dance|p2a: Altaria\n|-boost|p2a: Altaria|atk|1\n|-boost|p2a: Altaria|spe|1\n|move|p1a: Basculegion|Shadow Ball|p2a: Altaria\n|-damage|p2a: Altaria|129/278\n|\n|upkeep\n|turn|3\n|\n|t:|1782823477\n|move|p2a: Altaria|Roost|p2a: Altaria\n|-heal|p2a: Altaria|268/278\n|-singleturn|p2a: Altaria|move: Roost\n|move|p1a: Basculegion|Flip Turn|p2a: Altaria\n|-resisted|p2a: Altaria\n|-damage|p2a: Altaria|230/278\n|\n|t:|1782823481\n|switch|p1a: Skeledirge|Skeledirge, L79, M|294/294|[from] Flip Turn\n|\n|upkeep\n|turn|4\n|\n|t:|1782823489\n|move|p2a: Altaria|Earthquake|p1a: Skeledirge\n|-supereffective|p1a: Skeledirge\n|-damage|p1a: Skeledirge|172/294\n|move|p1a: Skeledirge|Will-O-Wisp|p2a: Altaria\n|-status|p2a: Altaria|brn\n|\n|-damage|p2a: Altaria|213/278 brn|[from] brn\n|upkeep\n|turn|5\n|\n|t:|1782823498\n|-curestatus|p2a: Altaria|brn|[from] ability: Natural Cure|[silent]\n|switch|p2a: Heatran|Heatran, L79, F|273/273\n|-item|p2a: Heatran|Air Balloon\n|move|p1a: Skeledirge|Will-O-Wisp|p2a: Heatran\n|-start|p2a: Heatran|ability: Flash Fire\n|\n|upkeep\n|turn|6\n|\n|t:|1782823507\n|switch|p1a: Politoed|Politoed, L88, M|302/302\n|-weather|RainDance|[from] ability: Drizzle|[of] p1a: Politoed\n|move|p2a: Heatran|Stealth Rock|p1a: Politoed\n|-sidestart|p1: mrongey10|move: Stealth Rock\n|\n|-weather|RainDance|[upkeep]\n|upkeep\n|turn|7\n|\n|t:|1782823515\n|-end|p2a: Heatran|ability: Flash Fire|[silent]\n|switch|p2a: Groudon|Groudon, L72|263/263\n|-weather|SunnyDay|[from] ability: Drought|[of] p2a: Groudon\n|move|p1a: Politoed|Hypnosis|p2a: Groudon|[miss]\n|-miss|p1a: Politoed|p2a: Groudon\n|\n|-weather|SunnyDay|[upkeep]\n|upkeep\n|turn|8\n|\n|t:|1782823522\n|switch|p2a: Altaria|Altaria, L89, F|213/278\n|move|p1a: Politoed|Hypnosis|p2a: Altaria|[miss]\n|-miss|p1a: Politoed|p2a: Altaria\n|\n|-weather|SunnyDay|[upkeep]\n|upkeep\n|turn|9\n|\n|t:|1782823535\n|switch|p2a: Crabominable|Crabominable, L90, F|321/321\n|move|p1a: Politoed|Hypnosis|p2a: Crabominable|[miss]\n|-miss|p1a: Politoed|p2a: Crabominable\n|\n|-weather|SunnyDay|[upkeep]\n|upkeep\n|turn|10\n|\n|t:|1782823543\n|move|p1a: Politoed|Hypnosis|p2a: Crabominable\n|-status|p2a: Crabominable|slp|[from] move: Hypnosis\n|cant|p2a: Crabominable|slp\n|\n|-weather|SunnyDay|[upkeep]\n|upkeep\n|turn|11\n|c|\u2606Uday30|4th time lucky\n|\n|t:|1782823549\n|switch|p1a: Skeledirge|Skeledirge, L79, M|172/294\n|cant|p2a: Crabominable|slp\n|\n|-weather|none\n|upkeep\n|turn|12\n|\n|t:|1782823555\n|move|p1a: Skeledirge|Slack Off|p1a: Skeledirge\n|-heal|p1a: Skeledirge|294/294\n|-curestatus|p2a: Crabominable|slp|[msg]\n|move|p2a: Crabominable|Knock Off|p1a: Skeledirge\n|-supereffective|p1a: Skeledirge\n|-damage|p1a: Skeledirge|114/294\n|-enditem|p1a: Skeledirge|Heavy-Duty Boots|[from] move: Knock Off|[of] p2a: Crabominable\n|\n|upkeep\n|turn|13\n|\n|t:|1782823563\n|switch|p2a: Heatran|Heatran, L79, F|273/273\n|-item|p2a: Heatran|Air Balloon\n|move|p1a: Skeledirge|Slack Off|p1a: Skeledirge\n|-heal|p1a: Skeledirge|261/294\n|\n|upkeep\n|turn|14\n|\n|t:|1782823570\n|move|p2a: Heatran|Earth Power|p1a: Skeledirge\n|-supereffective|p1a: Skeledirge\n|-damage|p1a: Skeledirge|87/294\n|move|p1a: Skeledirge|Hex|p2a: Heatran\n|-damage|p2a: Heatran|209/273\n|-enditem|p2a: Heatran|Air Balloon\n|\n|upkeep\n|turn|15\n|\n|t:|1782823577\n|move|p2a: Heatran|Earth Power|p1a: Skeledirge\n|-supereffective|p1a: Skeledirge\n|-damage|p1a: Skeledirge|0 fnt\n|faint|p1a: Skeledirge\n|\n|upkeep\n|\n|t:|1782823579\n|switch|p1a: Politoed|Politoed, L88, M|302/302\n|-damage|p1a: Politoed|265/302|[from] Stealth Rock\n|-weather|RainDance|[from] ability: Drizzle|[of] p1a: Politoed\n|turn|16\n|\n|t:|1782823588\n|switch|p2a: Altaria|Altaria, L89, F|213/278\n|move|p1a: Politoed|Hypnosis|p2a: Altaria|[miss]\n|-miss|p1a: Politoed|p2a: Altaria\n|\n|-weather|RainDance|[upkeep]\n|-heal|p1a: Politoed|283/302|[from] item: Leftovers\n|upkeep\n|turn|17\n|\n|t:|1782823596\n|move|p2a: Altaria|Brave Bird|p1a: Politoed\n|-damage|p1a: Politoed|163/302\n|-damage|p2a: Altaria|173/278|[from] Recoil\n|move|p1a: Politoed|Hypnosis|p2a: Altaria|[miss]\n|-miss|p1a: Politoed|p2a: Altaria\n|\n|-weather|RainDance|[upkeep]\n|-heal|p1a: Politoed|181/302|[from] item: Leftovers\n|upkeep\n|turn|18\n|\n|t:|1782823618\n|move|p2a: Altaria|Brave Bird|p1a: Politoed\n|-damage|p1a: Politoed|70/302\n|-damage|p2a: Altaria|136/278|[from] Recoil\n|move|p1a: Politoed|Ice Beam|p2a: Altaria\n|-supereffective|p2a: Altaria\n|-damage|p2a: Altaria|0 fnt\n|faint|p2a: Altaria\n|\n|-weather|RainDance|[upkeep]\n|-heal|p1a: Politoed|88/302|[from] item: Leftovers\n|upkeep\n|\n|t:|1782823627\n|switch|p2a: Oricorio|Oricorio, L84, F|263/263\n|turn|19\n|\n|t:|1782823631\n|move|p2a: Oricorio|Hurricane|p1a: Politoed\n|-damage|p1a: Politoed|0 fnt\n|faint|p1a: Politoed\n|\n|-weather|RainDance|[upkeep]\n|upkeep\n|\n|t:|1782823637\n|switch|p1a: Basculegion|Basculegion, L80, M|298/323\n|-damage|p1a: Basculegion|258/323|[from] Stealth Rock\n|turn|20\n|\n|t:|1782823653\n|move|p2a: Oricorio|Hurricane|p1a: Basculegion\n|-damage|p1a: Basculegion|171/323\n|-start|p1a: Basculegion|confusion\n|-activate|p1a: Basculegion|confusion\n|move|p1a: Basculegion|Flip Turn|p2a: Oricorio\n|-supereffective|p2a: Oricorio\n|-damage|p2a: Oricorio|0 fnt\n|faint|p2a: Oricorio\n|\n|t:|1782823662\n|switch|p1a: Scrafty|Scrafty, L83, M|244/244|[from] Flip Turn\n|-damage|p1a: Scrafty|229/244|[from] Stealth Rock\n|\n|-weather|none\n|-heal|p1a: Scrafty|244/244|[from] item: Leftovers\n|upkeep\n|\n|t:|1782823673\n|switch|p2a: Groudon|Groudon, L72|263/263\n|-weather|SunnyDay|[from] ability: Drought|[of] p2a: Groudon\n|turn|21\n|\n|t:|1782823678\n|move|p2a: Groudon|Thunder Wave|p1a: Scrafty\n|-status|p1a: Scrafty|par\n|cant|p1a: Scrafty|par\n|\n|-weather|SunnyDay|[upkeep]\n|-activate|p1a: Scrafty|ability: Shed Skin\n|-curestatus|p1a: Scrafty|par|[msg]\n|upkeep\n|turn|22\n|\n|t:|1782823687\n|move|p2a: Groudon|Swords Dance|p2a: Groudon\n|-boost|p2a: Groudon|atk|2\n|move|p1a: Scrafty|Bulk Up|p1a: Scrafty\n|-boost|p1a: Scrafty|atk|1\n|-boost|p1a: Scrafty|def|1\n|\n|-weather|SunnyDay|[upkeep]\n|upkeep\n|turn|23\n|\n|t:|1782823693\n|move|p2a: Groudon|Precipice Blades|p1a: Scrafty\n|-damage|p1a: Scrafty|87/244\n|move|p1a: Scrafty|Drain Punch|p2a: Groudon\n|-damage|p2a: Groudon|169/263\n|-heal|p1a: Scrafty|134/244|[from] drain|[of] p2a: Groudon\n|\n|-weather|SunnyDay|[upkeep]\n|-heal|p2a: Groudon|185/263|[from] item: Leftovers\n|-heal|p1a: Scrafty|149/244|[from] item: Leftovers\n|upkeep\n|turn|24\n|\n|t:|1782823702\n|move|p2a: Groudon|Precipice Blades|p1a: Scrafty\n|-damage|p1a: Scrafty|1/244\n|move|p1a: Scrafty|Knock Off|p2a: Groudon\n|-damage|p2a: Groudon|62/263\n|-enditem|p2a: Groudon|Leftovers|[from] move: Knock Off|[of] p1a: Scrafty\n|\n|-weather|SunnyDay|[upkeep]\n|-heal|p1a: Scrafty|16/244|[from] item: Leftovers\n|upkeep\n|turn|25\n|\n|t:|1782823710\n|move|p2a: Groudon|Heat Crash|p1a: Scrafty\n|-damage|p1a: Scrafty|0 fnt\n|faint|p1a: Scrafty\n|\n|-weather|none\n|upkeep\n|\n|t:|1782823719\n|switch|p1a: Mewtwo|Mewtwo, L72|272/272\n|-damage|p1a: Mewtwo|238/272|[from] Stealth Rock\n|-ability|p1a: Mewtwo|Pressure\n|turn|26\n|\n|t:|1782823725\n|move|p1a: Mewtwo|Psystrike|p2a: Groudon\n|-damage|p2a: Groudon|0 fnt\n|faint|p2a: Groudon\n|-damage|p1a: Mewtwo|211/272|[from] item: Life Orb\n|\n|upkeep\n|\n|t:|1782823732\n|switch|p2a: Blastoise|Blastoise, L80, F|258/258\n|turn|27\n|\n|t:|1782823738\n|move|p1a: Mewtwo|Psystrike|p2a: Blastoise\n|-damage|p2a: Blastoise|112/258\n|-damage|p1a: Mewtwo|184/272|[from] item: Life Orb\n|move|p2a: Blastoise|Shell Smash|p2a: Blastoise\n|-unboost|p2a: Blastoise|def|1\n|-unboost|p2a: Blastoise|spd|1\n|-boost|p2a: Blastoise|atk|2\n|-boost|p2a: Blastoise|spa|2\n|-boost|p2a: Blastoise|spe|2\n|-enditem|p2a: Blastoise|White Herb\n|-clearnegativeboost|p2a: Blastoise|[silent]\n|\n|upkeep\n|turn|28\n|\n|t:|1782823749\n|switch|p1a: Entei|Entei, L78|307/307\n|-damage|p1a: Entei|231/307|[from] Stealth Rock\n|move|p2a: Blastoise|Hydro Pump|p1a: Entei\n|-supereffective|p1a: Entei\n|-damage|p1a: Entei|0 fnt\n|faint|p1a: Entei\n|\n|upkeep\n|\n|t:|1782823754\n|switch|p1a: Basculegion|Basculegion, L80, M|171/323\n|-damage|p1a: Basculegion|131/323|[from] Stealth Rock\n|turn|29\n|\n|t:|1782823760\n|-terastallize|p2a: Blastoise|Water\n|move|p2a: Blastoise|Hydro Pump|p1a: Basculegion\n|-resisted|p1a: Basculegion\n|-damage|p1a: Basculegion|24/323\n|move|p1a: Basculegion|Shadow Ball|p2a: Blastoise\n|-damage|p2a: Blastoise|34/258\n|\n|upkeep\n|turn|30\n|\n|t:|1782823769\n|-terastallize|p1a: Basculegion|Water\n|move|p1a: Basculegion|Aqua Jet|p2a: Blastoise\n|-resisted|p2a: Blastoise\n|-damage|p2a: Blastoise|4/258\n|move|p2a: Blastoise|Earthquake|p1a: Basculegion\n|-damage|p1a: Basculegion|0 fnt\n|faint|p1a: Basculegion\n|\n|upkeep\n|l|\u203dmrongey10\n|inactive|mrongey10 disconnected and has a minute to reconnect!\n|player|p1|\n|inactive|mrongey10 has 30 seconds to reconnect!\n|inactive|mrongey10 has 20 seconds to reconnect!\n|inactive|mrongey10 has 15 seconds to reconnect!\n|inactive|mrongey10 has 10 seconds to reconnect!\n|inactive|mrongey10 has 5 seconds to reconnect!\n|-message|mrongey10 lost due to inactivity.\n|\n|win|Uday30\n", "inputlog": ">version f8ac14003a5f27e1bdc8d8c59608a773c1cb96e5\n>start {\"formatid\":\"gen9randombattle\",\"seed\":\"sodium,a53fe92d636668406c5e10b06367ff36\",\"rated\":\"Rated battle\"}\n>player p1 {\"name\":\"mrongey10\",\"avatar\":\"170\",\"rating\":2137,\"seed\":\"sodium,0db57e3864db9bd331222db3ed400e83\"}\n>player p2 {\"name\":\"Uday30\",\"avatar\":\"ghetsis-gen5bw\",\"rating\":2180,\"seed\":\"sodium,91d55a6db1eefcb2d14c88c6bf9fbd24\"}\n>p1 move wavecrash\n>p2 switch 6\n>p1 move shadowball\n>p2 move dragondance\n>p1 move flipturn\n>p2 move roost\n>p1 switch 4\n>p1 move willowisp\n>p2 move earthquake\n>p1 move willowisp\n>p2 switch 2\n>p1 switch 2\n>p2 move stealthrock\n>p1 move hypnosis\n>p2 switch 5\n>p1 move hypnosis\n>p2 switch 2\n>p1 move hypnosis\n>p2 switch 4\n>p1 move hypnosis\n>p2 move knockoff\n>chat \u2606Uday30|4th time lucky\n>p1 switch 2\n>p2 move knockoff\n>p1 move slackoff\n>p2 move knockoff\n>p1 move slackoff\n>p2 switch 5\n>p1 move hex\n>p2 move earthpower\n>p1 move hex\n>p2 move earthpower\n>p1 switch 2\n>p1 move hypnosis\n>p2 switch 4\n>p1 move hypnosis\n>p2 move bravebird\n>p1 move icebeam\n>p2 move bravebird\n>p2 switch 6\n>p1 move encore\n>p2 move hurricane\n>p1 switch 4\n>p1 move flipturn\n>p2 move hurricane\n>p1 switch 6\n>p2 switch 2\n>p1 move bulkup\n>p2 move thunderwave\n>p1 move bulkup\n>p2 move swordsdance\n>p1 move drainpunch\n>p2 move precipiceblades\n>p1 move knockoff\n>p2 move precipiceblades\n>p1 move drainpunch\n>p2 move heatcrash\n>p1 switch 3\n>p1 move psystrike\n>p2 move thunderwave\n>p2 switch 3\n>p1 move psystrike\n>p2 move shellsmash\n>p1 switch 5\n>p2 move hydropump\n>p1 switch 6\n>p1 move shadowball\n>p2 move hydropump terastallize\n>p1 move aquajet terastallize\n>p2 move earthquake\n>forcelose p1", "uploadtime": 1782823451, "views": 4, "formatid": "gen9randombattle", "rating": null, "private": 0, "password": null, "player_dets": [{"name": "mrongey10", "avatar": "170", "rating": 2137, "seed": "sodium,0db57e3864db9bd331222db3ed400e83"}, {"name": "Uday30", "avatar": "ghetsis-gen5bw", "rating": 2180, "seed": "sodium,91d55a6db1eefcb2d14c88c6bf9fbd24"}], "teams_full": [{"Basculegion": {"name": "Basculegion", "species": "Basculegion", "speciesId": "basculegion", "gender": "M", "shiny": false, "level": 80, "moves": ["aquajet", "shadowball", "flipturn", "wavecrash"], "ability": "Adaptability", "evs": {"hp": 85, "atk": 85, "def": 85, "spa": 85, "spd": 85, "spe": 85}, "ivs": {"hp": 31, "atk": 31, "def": 31, "spa": 31, "spd": 31, "spe": 31}, "item": "Assault Vest", "teraType": "Water", "role": "AV Pivot", "bvs": {"hp": 120, "atk": 112, "def": 65, "spa": 80, "spd": 75, "spe": 78}, "stats": {"hp": 323, "atk": 225, "def": 150, "spa": 174, "spd": 166, "spe": 171}, "types": ["Water", "Ghost"]}, "Politoed": {"name": "Politoed", "species": "Politoed", "speciesId": "politoed", "gender": "M", "shiny": false, "level": 88, "moves": ["encore", "icebeam", "hypnosis", "hydropump"], "ability": "Drizzle", "evs": {"hp": 85, "atk": 0, "def": 85, "spa": 85, "spd": 85, "spe": 85}, "ivs": {"hp": 31, "atk": 0, "def": 31, "spa": 31, "spd": 31, "spe": 31}, "item": "Leftovers", "teraType": "Steel", "role": "Bulky Attacker", "bvs": {"hp": 90, "atk": 75, "def": 75, "spa": 90, "spd": 100, "spe": 70}, "stats": {"hp": 302, "atk": 137, "def": 182, "spa": 209, "spd": 226, "spe": 173}, "types": ["Water"]}, "Mewtwo": {"name": "Mewtwo", "species": "Mewtwo", "speciesId": "mewtwo", "gender": "N", "shiny": false, "level": 72, "moves": ["psystrike", "darkpulse", "fireblast", "nastyplot"], "ability": "Pressure", "evs": {"hp": 85, "atk": 0, "def": 85, "spa": 85, "spd": 85, "spe": 85}, "ivs": {"hp": 31, "atk": 0, "def": 31, "spa": 31, "spd": 31, "spe": 31}, "item": "Life Orb", "teraType": "Psychic", "role": "Setup Sweeper", "bvs": {"hp": 106, "atk": 110, "def": 90, "spa": 154, "spd": 90, "spe": 130}, "stats": {"hp": 272, "atk": 163, "def": 172, "spa": 264, "spd": 172, "spe": 229}, "types": ["Psychic"]}, "Skeledirge": {"name": "Skeledirge", "species": "Skeledirge", "speciesId": "skeledirge", "gender": "M", "shiny": false, "level": 79, "moves": ["torchsong", "hex", "willowisp", "slackoff"], "ability": "Unaware", "evs": {"hp": 85, "atk": 0, "def": 85, "spa": 85, "spd": 85, "spe": 85}, "ivs": {"hp": 31, "atk": 0, "def": 31, "spa": 31, "spd": 31, "spe": 31}, "item": "Heavy-Duty Boots", "teraType": "Water", "role": "Bulky Support", "bvs": {"hp": 104, "atk": 75, "def": 100, "spa": 110, "spd": 75, "spe": 66}, "stats": {"hp": 294, "atk": 123, "def": 204, "spa": 219, "spd": 164, "spe": 150}, "types": ["Fire", "Ghost"]}, "Entei": {"name": "Entei", "species": "Entei", "speciesId": "entei", "gender": "N", "shiny": false, "level": 78, "moves": ["flareblitz", "sacredfire", "stompingtantrum", "extremespeed"], "ability": "Inner Focus", "evs": {"hp": 85, "atk": 85, "def": 85, "spa": 85, "spd": 85, "spe": 85}, "ivs": {"hp": 31, "atk": 31, "def": 31, "spa": 31, "spd": 31, "spe": 31}, "item": "Choice Band", "teraType": "Normal", "role": "Wallbreaker", "bvs": {"hp": 115, "atk": 115, "def": 85, "spa": 90, "spd": 75, "spe": 100}, "stats": {"hp": 307, "atk": 224, "def": 178, "spa": 185, "spd": 162, "spe": 201}, "types": ["Fire"]}, "Scrafty": {"name": "Scrafty", "species": "Scrafty", "speciesId": "scrafty", "gender": "M", "shiny": false, "level": 83, "moves": ["drainpunch", "rest", "bulkup", "knockoff"], "ability": "Shed Skin", "evs": {"hp": 85, "atk": 85, "def": 85, "spa": 85, "spd": 85, "spe": 85}, "ivs": {"hp": 31, "atk": 31, "def": 31, "spa": 31, "spd": 31, "spe": 31}, "item": "Leftovers", "teraType": "Poison", "role": "Bulky Setup", "bvs": {"hp": 65, "atk": 90, "def": 115, "spa": 45, "spd": 115, "spe": 58}, "stats": {"hp": 244, "atk": 197, "def": 239, "spa": 122, "spd": 239, "spe": 144}, "types": ["Dark", "Fighting"]}}, {"Oricorio": {"name": "Oricorio", "species": "Oricorio", "speciesId": "oricorio", "gender": "F", "shiny": false, "level": 84, "moves": ["quiverdance", "revelationdance", "roost", "hurricane"], "ability": "Dancer", "evs": {"hp": 85, "atk": 0, "def": 85, "spa": 85, "spd": 85, "spe": 85}, "ivs": {"hp": 31, "atk": 0, "def": 31, "spa": 31, "spd": 31, "spe": 31}, "item": "Heavy-Duty Boots", "teraType": "Ground", "role": "Setup Sweeper", "bvs": {"hp": 75, "atk": 70, "def": 70, "spa": 98, "spd": 70, "spe": 93}, "stats": {"hp": 263, "atk": 122, "def": 166, "spa": 213, "spd": 166, "spe": 204}, "types": ["Fire", "Flying"]}, "Heatran": {"name": "Heatran", "species": "Heatran", "speciesId": "heatran", "gender": "F", "shiny": false, "level": 79, "moves": ["heavyslam", "lavaplume", "stealthrock", "earthpower"], "ability": "Flash Fire", "evs": {"hp": 85, "atk": 85, "def": 85, "spa": 85, "spd": 85, "spe": 85}, "ivs": {"hp": 31, "atk": 31, "def": 31, "spa": 31, "spd": 31, "spe": 31}, "item": "Air Balloon", "teraType": "Flying", "role": "Bulky Support", "bvs": {"hp": 91, "atk": 90, "def": 106, "spa": 130, "spd": 106, "spe": 77}, "stats": {"hp": 273, "atk": 188, "def": 213, "spa": 251, "spd": 213, "spe": 167}, "types": ["Fire", "Steel"]}, "Blastoise": {"name": "Blastoise", "species": "Blastoise", "speciesId": "blastoise", "gender": "F", "shiny": false, "level": 80, "moves": ["shellsmash", "hydropump", "icebeam", "earthquake"], "ability": "Torrent", "evs": {"hp": 85, "atk": 85, "def": 85, "spa": 85, "spd": 85, "spe": 85}, "ivs": {"hp": 31, "atk": 31, "def": 31, "spa": 31, "spd": 31, "spe": 31}, "item": "White Herb", "teraType": "Water", "role": "Setup Sweeper", "bvs": {"hp": 79, "atk": 83, "def": 100, "spa": 85, "spd": 105, "spe": 78}, "stats": {"hp": 258, "atk": 179, "def": 206, "spa": 182, "spd": 214, "spe": 171}, "types": ["Water"]}, "Crabominable": {"name": "Crabominable", "species": "Crabominable", "speciesId": "crabominable", "gender": "F", "shiny": false, "level": 90, "moves": ["knockoff", "icehammer", "drainpunch", "earthquake"], "ability": "Iron Fist", "evs": {"hp": 85, "atk": 85, "def": 85, "spa": 85, "spd": 85, "spe": 85}, "ivs": {"hp": 31, "atk": 31, "def": 31, "spa": 31, "spd": 31, "spe": 31}, "item": "Assault Vest", "teraType": "Water", "role": "AV Pivot", "bvs": {"hp": 97, "atk": 132, "def": 77, "spa": 62, "spd": 67, "spe": 43}, "stats": {"hp": 321, "atk": 289, "def": 190, "spa": 163, "spd": 172, "spe": 129}, "types": ["Fighting", "Ice"]}, "Groudon": {"name": "Groudon", "species": "Groudon", "speciesId": "groudon", "gender": "N", "shiny": false, "level": 72, "moves": ["swordsdance", "precipiceblades", "thunderwave", "heatcrash"], "ability": "Drought", "evs": {"hp": 85, "atk": 85, "def": 85, "spa": 85, "spd": 85, "spe": 85}, "ivs": {"hp": 31, "atk": 31, "def": 31, "spa": 31, "spd": 31, "spe": 31}, "item": "Leftovers", "teraType": "Fire", "role": "Bulky Setup", "bvs": {"hp": 100, "atk": 150, "def": 140, "spa": 100, "spd": 90, "spe": 90}, "stats": {"hp": 263, "atk": 258, "def": 244, "spa": 186, "spd": 172, "spe": 172}, "types": ["Ground"]}, "Altaria": {"name": "Altaria", "species": "Altaria", "speciesId": "altaria", "gender": "F", "shiny": false, "level": 89, "moves": ["dragondance", "earthquake", "bravebird", "roost"], "ability": "Natural Cure", "evs": {"hp": 85, "atk": 85, "def": 85, "spa": 85, "spd": 85, "spe": 85}, "ivs": {"hp": 31, "atk": 31, "def": 31, "spa": 31, "spd": 31, "spe": 31}, "item": "Heavy-Duty Boots", "teraType": "Ground", "role": "Bulky Setup", "bvs": {"hp": 75, "atk": 70, "def": 90, "spa": 70, "spd": 105, "spe": 80}, "stats": {"hp": 278, "atk": 175, "def": 211, "spa": 175, "spd": 238, "spe": 193}, "types": ["Dragon", "Flying"]}}]}