{"id": "gen9randombattle-2641570674", "format": "[Gen 9] Random Battle", "players": ["MrDustintun", "wanda72"], "log": "|j|\u2606MrDustintun\n|j|\u2606wanda72\n|t:|1782810326\n|gametype|singles\n|player|p1|MrDustintun|2|2061\n|player|p2|wanda72|170|1986\n|gen|9\n|tier|[Gen 9] Random Battle\n|rated|\n|rule|Species Clause: Limit one of each Pok\u00e9mon\n|rule|HP Percentage Mod: HP is shown in percentages\n|rule|Sleep Clause Mod: Limit one foe put to sleep\n|rule|Illusion Level Mod: Illusion disguises the Pok\u00e9mon's true level\n|\n|t:|1782810326\n|teamsize|p1|6\n|teamsize|p2|6\n|start\n|switch|p1a: Sandy Shocks|Sandy Shocks, L80|267/267\n|switch|p2a: Palkia|Palkia, L75|259/259\n|-ability|p2a: Palkia|Pressure\n|turn|1\n|inactive|Battle timer is ON: inactive players will automatically lose when time's up. (requested by MrDustintun)\n|\n|t:|1782810347\n|-end|p1a: Sandy Shocks|Protosynthesis|[silent]\n|switch|p1a: Cyclizar|Cyclizar, L83, M|252/252\n|move|p2a: Palkia|Hydro Pump|p1a: Cyclizar\n|-resisted|p1a: Cyclizar\n|-damage|p1a: Cyclizar|121/252\n|\n|upkeep\n|turn|2\n|\n|t:|1782810357\n|switch|p2a: Hariyama|Hariyama, L87, F|392/392\n|move|p1a: Cyclizar|Draco Meteor|p2a: Hariyama\n|-damage|p2a: Hariyama|283/392\n|-unboost|p1a: Cyclizar|spa|2\n|\n|upkeep\n|turn|3\n|\n|t:|1782810368\n|switch|p1a: Tauros|Tauros-Paldea-Aqua, L81, M|254/254\n|-ability|p1a: Tauros|Intimidate|boost\n|-unboost|p2a: Hariyama|atk|1\n|move|p2a: Hariyama|Knock Off|p1a: Tauros\n|-resisted|p1a: Tauros\n|-damage|p1a: Tauros|229/254\n|-enditem|p1a: Tauros|Life Orb|[from] move: Knock Off|[of] p2a: Hariyama\n|\n|upkeep\n|turn|4\n|\n|t:|1782810377\n|switch|p2a: Sinistcha|Sinistcha-Masterpiece, L83|254/254\n|move|p1a: Tauros|Bulk Up|p1a: Tauros\n|-boost|p1a: Tauros|atk|1\n|-boost|p1a: Tauros|def|1\n|\n|upkeep\n|turn|5\n|\n|t:|1782810384\n|switch|p1a: Cyclizar|Cyclizar, L83, M|205/252\n|move|p2a: Sinistcha|Matcha Gotcha|p1a: Cyclizar\n|-resisted|p1a: Cyclizar\n|-damage|p1a: Cyclizar|145/252\n|\n|upkeep\n|turn|6\n|\n|t:|1782810391\n|move|p1a: Cyclizar|Knock Off|p2a: Sinistcha\n|-supereffective|p2a: Sinistcha\n|-damage|p2a: Sinistcha|146/254\n|-enditem|p2a: Sinistcha|Leftovers|[from] move: Knock Off|[of] p1a: Cyclizar\n|move|p2a: Sinistcha|Matcha Gotcha|p1a: Cyclizar\n|-resisted|p1a: Cyclizar\n|-crit|p1a: Cyclizar\n|-damage|p1a: Cyclizar|43/252\n|-heal|p2a: Sinistcha|197/254|[from] drain|[of] p1a: Cyclizar\n|-status|p1a: Cyclizar|brn\n|\n|-damage|p1a: Cyclizar|28/252 brn|[from] brn\n|upkeep\n|turn|7\n|\n|t:|1782810407\n|switch|p1a: Masquerain|Masquerain, L87, M|264/264\n|-ability|p1a: Masquerain|Intimidate|boost\n|-unboost|p2a: Sinistcha|atk|1\n|move|p2a: Sinistcha|Strength Sap|p1a: Masquerain\n|-unboost|p1a: Masquerain|atk|1\n|-heal|p2a: Sinistcha|254/254\n|\n|upkeep\n|turn|8\n|\n|t:|1782810422\n|switch|p2a: Hariyama|Hariyama, L87, F|283/392\n|move|p1a: Masquerain|Hurricane|p2a: Hariyama\n|-supereffective|p2a: Hariyama\n|-damage|p2a: Hariyama|83/392\n|-start|p2a: Hariyama|confusion\n|\n|upkeep\n|turn|9\n|\n|t:|1782810440\n|switch|p1a: Tauros|Tauros-Paldea-Aqua, L81, M|229/254\n|-ability|p1a: Tauros|Intimidate|boost\n|-unboost|p2a: Hariyama|atk|1\n|-activate|p2a: Hariyama|confusion\n|-damage|p2a: Hariyama|55/392|[from] confusion\n|\n|upkeep\n|turn|10\n|\n|t:|1782810446\n|switch|p1a: Cyclizar|Cyclizar, L83, M|112/252 brn\n|switch|p2a: Sinistcha|Sinistcha-Masterpiece, L83|254/254\n|\n|-damage|p1a: Cyclizar|97/252 brn|[from] brn\n|upkeep\n|turn|11\n|\n|t:|1782810451\n|switch|p1a: Masquerain|Masquerain, L87, M|264/264\n|-ability|p1a: Masquerain|Intimidate|boost\n|-unboost|p2a: Sinistcha|atk|1\n|move|p2a: Sinistcha|Matcha Gotcha|p1a: Masquerain\n|-resisted|p1a: Masquerain\n|-damage|p1a: Masquerain|239/264\n|\n|upkeep\n|turn|12\n|\n|t:|1782810477\n|switch|p2a: Cinccino|Cinccino, L83, M|260/260\n|move|p1a: Masquerain|Hurricane|p2a: Cinccino\n|-damage|p2a: Cinccino|85/260\n|\n|upkeep\n|turn|13\n|\n|t:|1782810500\n|switch|p1a: Tauros|Tauros-Paldea-Aqua, L81, M|229/254\n|-ability|p1a: Tauros|Intimidate|boost\n|-unboost|p2a: Cinccino|atk|1\n|move|p2a: Cinccino|Tail Slap|p1a: Tauros\n|-damage|p1a: Tauros|204/254\n|-damage|p1a: Tauros|179/254\n|-damage|p1a: Tauros|157/254\n|-damage|p1a: Tauros|133/254\n|-hitcount|p1a: Tauros|4\n|\n|upkeep\n|turn|14\n|\n|t:|1782810513\n|switch|p1a: Cyclizar|Cyclizar, L83, M|181/252 brn\n|move|p2a: Cinccino|Bullet Seed|p1a: Cyclizar\n|-resisted|p1a: Cyclizar\n|-damage|p1a: Cyclizar|170/252 brn\n|-resisted|p1a: Cyclizar\n|-damage|p1a: Cyclizar|160/252 brn\n|-resisted|p1a: Cyclizar\n|-damage|p1a: Cyclizar|150/252 brn\n|-resisted|p1a: Cyclizar\n|-damage|p1a: Cyclizar|139/252 brn\n|-hitcount|p1a: Cyclizar|4\n|\n|-damage|p1a: Cyclizar|124/252 brn|[from] brn\n|upkeep\n|turn|15\n|\n|t:|1782810521\n|switch|p2a: Coalossal|Coalossal, L89, M|341/341\n|move|p1a: Cyclizar|Draco Meteor|p2a: Coalossal\n|-damage|p2a: Coalossal|236/341\n|-unboost|p1a: Cyclizar|spa|2\n|\n|-damage|p1a: Cyclizar|109/252 brn|[from] brn\n|upkeep\n|turn|16\n|\n|t:|1782810537\n|switch|p1a: Sandy Shocks|Sandy Shocks, L80|267/267\n|move|p2a: Coalossal|Stealth Rock|p1a: Sandy Shocks\n|-sidestart|p1: MrDustintun|move: Stealth Rock\n|\n|upkeep\n|turn|17\n|\n|t:|1782810543\n|switch|p2a: Sinistcha|Sinistcha-Masterpiece, L83|254/254\n|move|p1a: Sandy Shocks|Stealth Rock|p2a: Sinistcha\n|-sidestart|p2: wanda72|move: Stealth Rock\n|\n|upkeep\n|turn|18\n|\n|t:|1782810553\n|move|p1a: Sandy Shocks|Thunder Wave|p2a: Sinistcha\n|-status|p2a: Sinistcha|par\n|cant|p2a: Sinistcha|par\n|\n|upkeep\n|turn|19\n|\n|t:|1782810559\n|-end|p1a: Sandy Shocks|Protosynthesis|[silent]\n|switch|p1a: Cyclizar|Cyclizar, L83, M|193/252 brn\n|move|p2a: Sinistcha|Calm Mind|p2a: Sinistcha\n|-boost|p2a: Sinistcha|spa|1\n|-boost|p2a: Sinistcha|spd|1\n|\n|-damage|p1a: Cyclizar|178/252 brn|[from] brn\n|upkeep\n|turn|20\n|\n|t:|1782810573\n|move|p1a: Cyclizar|Shed Tail|p1a: Cyclizar\n|-start|p1a: Cyclizar|Substitute|[from] move: Shed Tail\n|-damage|p1a: Cyclizar|52/252 brn\n|\n|t:|1782810575\n|switch|p1a: Masquerain|Masquerain, L87, M|239/264|[from] Shed Tail\n|-ability|p1a: Masquerain|Intimidate|boost\n|-unboost|p2a: Sinistcha|atk|1\n|cant|p2a: Sinistcha|par\n|\n|upkeep\n|turn|21\n|\n|t:|1782810584\n|move|p1a: Masquerain|Quiver Dance|p1a: Masquerain\n|-boost|p1a: Masquerain|spa|1\n|-boost|p1a: Masquerain|spd|1\n|-boost|p1a: Masquerain|spe|1\n|move|p2a: Sinistcha|Shadow Ball|p1a: Masquerain\n|-end|p1a: Masquerain|Substitute\n|\n|upkeep\n|turn|22\n|\n|t:|1782810599\n|move|p1a: Masquerain|Quiver Dance|p1a: Masquerain\n|-boost|p1a: Masquerain|spa|1\n|-boost|p1a: Masquerain|spd|1\n|-boost|p1a: Masquerain|spe|1\n|move|p2a: Sinistcha|Shadow Ball|p1a: Masquerain\n|-damage|p1a: Masquerain|167/264\n|\n|upkeep\n|turn|23\n|-message|wanda72 forfeited.\n|\n|win|MrDustintun\n", "inputlog": ">version f8ac14003a5f27e1bdc8d8c59608a773c1cb96e5\n>start {\"formatid\":\"gen9randombattle\",\"seed\":\"sodium,ecd8bf443ebb902a9d74a6427cca870f\",\"rated\":\"Rated battle\"}\n>player p1 {\"name\":\"MrDustintun\",\"avatar\":\"2\",\"rating\":2061,\"seed\":\"sodium,f2d9c5ecb6f9ba753eddb603046a28bb\"}\n>player p2 {\"name\":\"wanda72\",\"avatar\":\"170\",\"rating\":1986,\"seed\":\"sodium,4914da4fe251054723253395ba078f2f\"}\n>p1 switch 5\n>p2 move hydropump\n>p1 move dracometeor\n>p2 switch 6\n>p1 switch 3\n>p2 move knockoff\n>p1 move bulkup\n>p2 switch 2\n>p1 switch 3\n>p2 move matchagotcha\n>p1 move knockoff\n>p2 move matchagotcha\n>p1 switch 2\n>p2 move strengthsap\n>p1 move hurricane\n>p2 switch 2\n>p1 switch 3\n>p2 move stoneedge\n>p1 switch 2\n>p2 switch 2\n>p1 switch 3\n>p2 move matchagotcha\n>p1 move hurricane\n>p2 switch 5\n>p1 switch 2\n>p2 move tailslap\n>p1 switch 3\n>p2 move bulletseed\n>p1 move dracometeor\n>p2 switch 3\n>p1 switch 5\n>p2 move stealthrock\n>p1 move stealthrock\n>p2 switch 5\n>p1 move thunderwave\n>p2 move calmmind\n>p1 switch 5\n>p2 move calmmind\n>p1 move shedtail\n>p2 move matchagotcha\n>p1 switch 2\n>p1 move quiverdance\n>p2 move shadowball\n>p1 move quiverdance\n>p2 move shadowball\n>forcelose p2", "uploadtime": 1782810328, "views": 3, "formatid": "gen9randombattle", "rating": null, "private": 0, "password": null, "player_dets": [{"name": "MrDustintun", "avatar": "2", "rating": 2061, "seed": "sodium,f2d9c5ecb6f9ba753eddb603046a28bb"}, {"name": "wanda72", "avatar": "170", "rating": 1986, "seed": "sodium,4914da4fe251054723253395ba078f2f"}], "teams_full": [{"Sandy Shocks": {"name": "Sandy Shocks", "species": "Sandy Shocks", "speciesId": "sandyshocks", "gender": "N", "shiny": false, "level": 80, "moves": ["thunderbolt", "thunderwave", "stealthrock", "earthpower"], "ability": "Protosynthesis", "evs": {"hp": 85, "atk": 0, "def": 85, "spa": 85, "spd": 85, "spe": 85}, "ivs": {"hp": 31, "atk": 0, "def": 31, "spa": 31, "spd": 31, "spe": 31}, "item": "Leftovers", "teraType": "Ground", "role": "Fast Support", "bvs": {"hp": 85, "atk": 81, "def": 97, "spa": 121, "spd": 85, "spe": 101}, "stats": {"hp": 267, "atk": 134, "def": 201, "spa": 240, "spd": 182, "spe": 208}, "types": ["Electric", "Ground"]}, "Masquerain": {"name": "Masquerain", "species": "Masquerain", "speciesId": "masquerain", "gender": "M", "shiny": false, "level": 87, "moves": ["quiverdance", "hurricane", "hydropump", "bugbuzz"], "ability": "Intimidate", "evs": {"hp": 85, "atk": 0, "def": 85, "spa": 85, "spd": 85, "spe": 85}, "ivs": {"hp": 31, "atk": 0, "def": 31, "spa": 31, "spd": 31, "spe": 31}, "item": "Heavy-Duty Boots", "teraType": "Water", "role": "Setup Sweeper", "bvs": {"hp": 70, "atk": 60, "def": 62, "spa": 100, "spd": 82, "spe": 80}, "stats": {"hp": 264, "atk": 109, "def": 158, "spa": 224, "spd": 192, "spe": 189}, "types": ["Bug", "Flying"]}, "Tauros": {"name": "Tauros", "species": "Tauros-Paldea-Aqua", "speciesId": "taurospaldeaaqua", "gender": "M", "shiny": false, "level": 81, "moves": ["aquajet", "bulkup", "closecombat", "liquidation"], "ability": "Intimidate", "evs": {"hp": 85, "atk": 85, "def": 85, "spa": 85, "spd": 85, "spe": 85}, "ivs": {"hp": 31, "atk": 31, "def": 31, "spa": 31, "spd": 31, "spe": 31}, "item": "Life Orb", "teraType": "Water", "role": "Setup Sweeper", "bvs": {"hp": 75, "atk": 110, "def": 105, "spa": 30, "spd": 70, "spe": 100}, "stats": {"hp": 254, "atk": 225, "def": 217, "spa": 95, "spd": 160, "spe": 209}, "types": ["Fighting", "Water"]}, "Annihilape": {"name": "Annihilape", "species": "Annihilape", "speciesId": "annihilape", "gender": "M", "shiny": false, "level": 76, "moves": ["ragefist", "gunkshot", "bulkup", "drainpunch"], "ability": "Defiant", "evs": {"hp": 85, "atk": 85, "def": 85, "spa": 85, "spd": 85, "spe": 85}, "ivs": {"hp": 31, "atk": 31, "def": 31, "spa": 31, "spd": 31, "spe": 31}, "item": "Leftovers", "teraType": "Water", "role": "Bulky Setup", "bvs": {"hp": 110, "atk": 115, "def": 80, "spa": 50, "spd": 90, "spe": 90}, "stats": {"hp": 292, "atk": 219, "def": 166, "spa": 120, "spd": 181, "spe": 181}, "types": ["Fighting", "Ghost"]}, "Cyclizar": {"name": "Cyclizar", "species": "Cyclizar", "speciesId": "cyclizar", "gender": "M", "shiny": false, "level": 83, "moves": ["rapidspin", "knockoff", "shedtail", "dracometeor"], "ability": "Regenerator", "evs": {"hp": 85, "atk": 85, "def": 85, "spa": 85, "spd": 85, "spe": 85}, "ivs": {"hp": 31, "atk": 31, "def": 31, "spa": 31, "spd": 31, "spe": 31}, "item": "Heavy-Duty Boots", "teraType": "Ghost", "role": "Fast Support", "bvs": {"hp": 70, "atk": 95, "def": 65, "spa": 85, "spd": 65, "spe": 121}, "stats": {"hp": 252, "atk": 205, "def": 156, "spa": 189, "spd": 156, "spe": 249}, "types": ["Dragon", "Normal"]}, "Piloswine": {"name": "Piloswine", "species": "Piloswine", "speciesId": "piloswine", "gender": "F", "shiny": false, "level": 85, "moves": ["roar", "iceshard", "earthquake", "iciclecrash"], "ability": "Thick Fat", "evs": {"hp": 85, "atk": 85, "def": 85, "spa": 85, "spd": 85, "spe": 85}, "ivs": {"hp": 31, "atk": 31, "def": 31, "spa": 31, "spd": 31, "spe": 31}, "item": "Eviolite", "teraType": "Dragon", "role": "Bulky Support", "bvs": {"hp": 100, "atk": 100, "def": 80, "spa": 60, "spd": 60, "spe": 50}, "stats": {"hp": 309, "atk": 219, "def": 185, "spa": 151, "spd": 151, "spe": 134}, "types": ["Ice", "Ground"]}}, {"Palkia": {"name": "Palkia", "species": "Palkia", "speciesId": "palkia", "gender": "N", "shiny": false, "level": 75, "moves": ["fireblast", "spacialrend", "dracometeor", "hydropump"], "ability": "Pressure", "evs": {"hp": 85, "atk": 0, "def": 85, "spa": 85, "spd": 85, "spe": 85}, "ivs": {"hp": 31, "atk": 0, "def": 31, "spa": 31, "spd": 31, "spe": 31}, "item": "Choice Specs", "teraType": "Water", "role": "Fast Attacker", "bvs": {"hp": 90, "atk": 120, "def": 100, "spa": 150, "spd": 120, "spe": 100}, "stats": {"hp": 259, "atk": 185, "def": 194, "spa": 269, "spd": 224, "spe": 194}, "types": ["Water", "Dragon"]}, "Sinistcha": {"name": "Sinistcha", "species": "Sinistcha-Masterpiece", "speciesId": "sinistcha", "gender": "N", "shiny": false, "level": 83, "moves": ["strengthsap", "calmmind", "matchagotcha", "shadowball"], "ability": "Heatproof", "evs": {"hp": 85, "atk": 0, "def": 85, "spa": 85, "spd": 85, "spe": 85}, "ivs": {"hp": 31, "atk": 0, "def": 31, "spa": 31, "spd": 31, "spe": 31}, "item": "Leftovers", "teraType": "Steel", "role": "Bulky Setup", "bvs": {"hp": 71, "atk": 60, "def": 106, "spa": 121, "spd": 80, "spe": 70}, "stats": {"hp": 254, "atk": 104, "def": 224, "spa": 249, "spd": 180, "spe": 164}, "types": ["Grass", "Ghost"]}, "Coalossal": {"name": "Coalossal", "species": "Coalossal", "speciesId": "coalossal", "gender": "M", "shiny": false, "level": 89, "moves": ["rapidspin", "overheat", "stealthrock", "stoneedge"], "ability": "Flame Body", "evs": {"hp": 85, "atk": 85, "def": 85, "spa": 85, "spd": 85, "spe": 85}, "ivs": {"hp": 31, "atk": 31, "def": 31, "spa": 31, "spd": 31, "spe": 31}, "item": "Heavy-Duty Boots", "teraType": "Ghost", "role": "Bulky Support", "bvs": {"hp": 110, "atk": 80, "def": 120, "spa": 80, "spd": 90, "spe": 30}, "stats": {"hp": 341, "atk": 193, "def": 264, "spa": 193, "spd": 211, "spe": 104}, "types": ["Rock", "Fire"]}, "Hydreigon": {"name": "Hydreigon", "species": "Hydreigon", "speciesId": "hydreigon", "gender": "M", "shiny": false, "level": 79, "moves": ["darkpulse", "flashcannon", "fireblast", "dracometeor"], "ability": "Levitate", "evs": {"hp": 85, "atk": 0, "def": 85, "spa": 85, "spd": 85, "spe": 85}, "ivs": {"hp": 31, "atk": 0, "def": 31, "spa": 31, "spd": 31, "spe": 31}, "item": "Choice Specs", "teraType": "Dark", "role": "Fast Attacker", "bvs": {"hp": 92, "atk": 105, "def": 90, "spa": 125, "spd": 90, "spe": 98}, "stats": {"hp": 275, "atk": 170, "def": 188, "spa": 243, "spd": 188, "spe": 200}, "types": ["Dark", "Dragon"]}, "Cinccino": {"name": "Cinccino", "species": "Cinccino", "speciesId": "cinccino", "gender": "M", "shiny": false, "level": 83, "moves": ["tripleaxel", "tailslap", "tidyup", "bulletseed"], "ability": "Technician", "evs": {"hp": 85, "atk": 85, "def": 85, "spa": 85, "spd": 85, "spe": 85}, "ivs": {"hp": 31, "atk": 31, "def": 31, "spa": 31, "spd": 31, "spe": 31}, "item": "Loaded Dice", "teraType": "Ice", "role": "Fast Attacker", "bvs": {"hp": 75, "atk": 95, "def": 60, "spa": 65, "spd": 60, "spe": 115}, "stats": {"hp": 260, "atk": 205, "def": 147, "spa": 156, "spd": 147, "spe": 239}, "types": ["Normal"]}, "Hariyama": {"name": "Hariyama", "species": "Hariyama", "speciesId": "hariyama", "gender": "F", "shiny": false, "level": 87, "moves": ["stoneedge", "knockoff", "closecombat", "heavyslam"], "ability": "Thick Fat", "evs": {"hp": 85, "atk": 85, "def": 85, "spa": 85, "spd": 85, "spe": 85}, "ivs": {"hp": 31, "atk": 31, "def": 31, "spa": 31, "spd": 31, "spe": 31}, "item": "Assault Vest", "teraType": "Steel", "role": "AV Pivot", "bvs": {"hp": 144, "atk": 120, "def": 60, "spa": 40, "spd": 60, "spe": 50}, "stats": {"hp": 392, "atk": 259, "def": 154, "spa": 119, "spd": 154, "spe": 137}, "types": ["Fighting"]}}]}