{"id": "gen9randombattle-2641068837", "format": "[Gen 9] Random Battle", "players": ["Shawsy97", "DaBoffler"], "log": "|j|\u2606Shawsy97\n|j|\u2606DaBoffler\n|t:|1782735753\n|gametype|singles\n|player|p1|Shawsy97|169|1962\n|player|p2|DaBoffler|rocketgrunt|1909\n|gen|9\n|tier|[Gen 9] Random Battle\n|rated|\n|rule|Species Clause: Limit one of each Pok\u00e9mon\n|rule|HP Percentage Mod: HP is shown in percentages\n|rule|Sleep Clause Mod: Limit one foe put to sleep\n|rule|Illusion Level Mod: Illusion disguises the Pok\u00e9mon's true level\n|\n|t:|1782735753\n|teamsize|p1|6\n|teamsize|p2|6\n|start\n|switch|p1a: Greninja|Greninja, L80, M|246/246\n|switch|p2a: Gengar|Gengar, L81, M|230/230\n|turn|1\n|inactive|Battle timer is ON: inactive players will automatically lose when time's up. (requested by DaBoffler)\n|\n|t:|1782735781\n|switch|p2a: Goodra|Goodra, L85, F|292/292\n|move|p1a: Greninja|U-turn|p2a: Goodra\n|-start|p1a: Greninja|typechange|Bug|[from] ability: Protean\n|-damage|p2a: Goodra|183/292\n|-damage|p1a: Greninja|222/246|[from] item: Life Orb\n|\n|t:|1782735790\n|switch|p1a: Incineroar|Incineroar, L82, M|290/290|[from] U-turn\n|-ability|p1a: Incineroar|Intimidate|boost\n|-unboost|p2a: Goodra|atk|1\n|\n|upkeep\n|turn|2\n|\n|t:|1782735795\n|move|p1a: Incineroar|Knock Off|p2a: Goodra\n|-damage|p2a: Goodra|62/292\n|-enditem|p2a: Goodra|Assault Vest|[from] move: Knock Off|[of] p1a: Incineroar\n|move|p2a: Goodra|Dragon Tail|p1a: Incineroar\n|-damage|p1a: Incineroar|242/290\n|drag|p1a: Tauros|Tauros-Paldea-Aqua, L81, M|254/254\n|-ability|p1a: Tauros|Intimidate|boost\n|-unboost|p2a: Goodra|atk|1\n|\n|upkeep\n|turn|3\n|inactive|Shawsy97 has 120 seconds left.\n|inactive|Shawsy97 has 90 seconds left.\n|\n|t:|1782735857\n|move|p1a: Tauros|Liquidation|p2a: Goodra\n|-resisted|p2a: Goodra\n|-damage|p2a: Goodra|0 fnt\n|faint|p2a: Goodra\n|-damage|p1a: Tauros|229/254|[from] item: Life Orb\n|\n|upkeep\n|\n|t:|1782735862\n|switch|p2a: Iron Leaves|Iron Leaves, L80|275/275\n|turn|4\n|\n|t:|1782735877\n|switch|p1a: Gholdengo|Gholdengo, L77|261/261\n|move|p2a: Iron Leaves|Swords Dance|p2a: Iron Leaves\n|-boost|p2a: Iron Leaves|atk|2\n|\n|upkeep\n|turn|5\n|\n|t:|1782735888\n|move|p2a: Iron Leaves|Leaf Blade|p1a: Gholdengo\n|-resisted|p1a: Gholdengo\n|-damage|p1a: Gholdengo|113/261\n|-damage|p2a: Iron Leaves|248/275|[from] item: Life Orb\n|move|p1a: Gholdengo|Thunder Wave|p2a: Iron Leaves\n|-status|p2a: Iron Leaves|par\n|\n|-heal|p1a: Gholdengo|129/261|[from] item: Leftovers\n|upkeep\n|turn|6\n|\n|t:|1782735912\n|move|p1a: Gholdengo|Recover|p1a: Gholdengo\n|-heal|p1a: Gholdengo|260/261\n|move|p2a: Iron Leaves|Close Combat|p1a: Gholdengo\n|-immune|p1a: Gholdengo\n|\n|-heal|p1a: Gholdengo|261/261|[from] item: Leftovers\n|upkeep\n|turn|7\n|\n|t:|1782735914\n|move|p1a: Gholdengo|Shadow Ball|p2a: Iron Leaves\n|-supereffective|p2a: Iron Leaves\n|-damage|p2a: Iron Leaves|74/275 par\n|cant|p2a: Iron Leaves|par\n|\n|upkeep\n|turn|8\n|\n|t:|1782735917\n|move|p1a: Gholdengo|Shadow Ball|p2a: Iron Leaves\n|-supereffective|p2a: Iron Leaves\n|-damage|p2a: Iron Leaves|0 fnt\n|faint|p2a: Iron Leaves\n|-end|p2a: Iron Leaves|Quark Drive|[silent]\n|\n|upkeep\n|\n|t:|1782735921\n|switch|p2a: Gengar|Gengar, L81, M|230/230\n|turn|9\n|inactive|Shawsy97 has 120 seconds left.\n|\n|t:|1782735950\n|switch|p1a: Chesnaught|Chesnaught, L84, M|285/285\n|move|p2a: Gengar|Shadow Ball|p1a: Chesnaught\n|-immune|p1a: Chesnaught|[from] ability: Bulletproof\n|\n|upkeep\n|turn|10\n|\n|t:|1782735970\n|switch|p2a: Appletun|Appletun, L92, M|352/352\n|switch|p1a: Dragalge|Dragalge, L88, F|258/258\n|\n|upkeep\n|turn|11\n|-message|DaBoffler forfeited.\n|\n|win|Shawsy97\n", "inputlog": ">version 3f8ef8cf60cebd2b18892af2794d10415e14a302\n>start {\"formatid\":\"gen9randombattle\",\"seed\":\"sodium,ffddbe5a3254c1645f01f77ec18e3969\",\"rated\":\"Rated battle\"}\n>player p1 {\"name\":\"Shawsy97\",\"avatar\":\"169\",\"rating\":1962,\"seed\":\"sodium,b14f004f8994dfe06860c75cb90fe035\"}\n>player p2 {\"name\":\"DaBoffler\",\"avatar\":\"rocketgrunt\",\"rating\":1909,\"seed\":\"sodium,f64cadc9bd3be4e29053268cbe116630\"}\n>p1 move uturn\n>p2 switch 5\n>p1 switch 6\n>p1 move knockoff\n>p2 move dragontail\n>p1 move liquidation\n>p2 move dracometeor\n>p2 switch 6\n>p1 switch 3\n>p2 move swordsdance\n>p1 move thunderwave\n>p2 move leafblade\n>p1 move recover\n>p2 move closecombat\n>p1 move shadowball\n>p2 move leafblade\n>p1 move shadowball\n>p2 move leafblade\n>p2 switch 5\n>p1 switch 5\n>p2 move shadowball\n>p1 switch 2\n>p2 switch 3\n>forcelose p2", "uploadtime": 1782735754, "views": 4, "formatid": "gen9randombattle", "rating": null, "private": 0, "password": null, "player_dets": [{"name": "Shawsy97", "avatar": "169", "rating": 1962, "seed": "sodium,b14f004f8994dfe06860c75cb90fe035"}, {"name": "DaBoffler", "avatar": "rocketgrunt", "rating": 1909, "seed": "sodium,f64cadc9bd3be4e29053268cbe116630"}], "teams_full": [{"Greninja": {"name": "Greninja", "species": "Greninja", "speciesId": "greninja", "gender": "M", "shiny": false, "level": 80, "moves": ["hydropump", "gunkshot", "uturn", "grassknot"], "ability": "Protean", "evs": {"hp": 85, "atk": 85, "def": 85, "spa": 85, "spd": 85, "spe": 85}, "ivs": {"hp": 31, "atk": 31, "def": 31, "spa": 31, "spd": 31, "spe": 31}, "item": "Life Orb", "teraType": "Poison", "role": "Wallbreaker", "bvs": {"hp": 72, "atk": 95, "def": 67, "spa": 103, "spd": 71, "spe": 122}, "stats": {"hp": 246, "atk": 198, "def": 153, "spa": 211, "spd": 160, "spe": 241}, "types": ["Water", "Dark"]}, "Dragalge": {"name": "Dragalge", "species": "Dragalge", "speciesId": "dragalge", "gender": "F", "shiny": false, "level": 88, "moves": ["focusblast", "flipturn", "sludgewave", "dracometeor"], "ability": "Adaptability", "evs": {"hp": 85, "atk": 85, "def": 85, "spa": 85, "spd": 85, "spe": 85}, "ivs": {"hp": 31, "atk": 31, "def": 31, "spa": 31, "spd": 31, "spe": 31}, "item": "Choice Specs", "teraType": "Fighting", "role": "Bulky Attacker", "bvs": {"hp": 65, "atk": 75, "def": 90, "spa": 97, "spd": 123, "spe": 44}, "stats": {"hp": 258, "atk": 182, "def": 209, "spa": 221, "spd": 267, "spe": 128}, "types": ["Poison", "Dragon"]}, "Gholdengo": {"name": "Gholdengo", "species": "Gholdengo", "speciesId": "gholdengo", "gender": "N", "shiny": false, "level": 77, "moves": ["shadowball", "thunderwave", "recover", "makeitrain"], "ability": "Good as Gold", "evs": {"hp": 85, "atk": 0, "def": 85, "spa": 85, "spd": 85, "spe": 85}, "ivs": {"hp": 31, "atk": 0, "def": 31, "spa": 31, "spd": 31, "spe": 31}, "item": "Leftovers", "teraType": "Dark", "role": "Bulky Support", "bvs": {"hp": 87, "atk": 60, "def": 95, "spa": 133, "spd": 91, "spe": 84}, "stats": {"hp": 261, "atk": 97, "def": 191, "spa": 249, "spd": 185, "spe": 174}, "types": ["Steel", "Ghost"]}, "Tauros": {"name": "Tauros", "species": "Tauros-Paldea-Aqua", "speciesId": "taurospaldeaaqua", "gender": "M", "shiny": false, "level": 81, "moves": ["aquajet", "liquidation", "closecombat", "bulkup"], "ability": "Intimidate", "evs": {"hp": 85, "atk": 85, "def": 85, "spa": 85, "spd": 85, "spe": 85}, "ivs": {"hp": 31, "atk": 31, "def": 31, "spa": 31, "spd": 31, "spe": 31}, "item": "Life Orb", "teraType": "Water", "role": "Setup Sweeper", "bvs": {"hp": 75, "atk": 110, "def": 105, "spa": 30, "spd": 70, "spe": 100}, "stats": {"hp": 254, "atk": 225, "def": 217, "spa": 95, "spd": 160, "spe": 209}, "types": ["Fighting", "Water"]}, "Chesnaught": {"name": "Chesnaught", "species": "Chesnaught", "speciesId": "chesnaught", "gender": "M", "shiny": false, "level": 84, "moves": ["irondefense", "trailblaze", "bodypress", "synthesis"], "ability": "Bulletproof", "evs": {"hp": 85, "atk": 85, "def": 85, "spa": 85, "spd": 85, "spe": 85}, "ivs": {"hp": 31, "atk": 31, "def": 31, "spa": 31, "spd": 31, "spe": 31}, "item": "Leftovers", "teraType": "Steel", "role": "Fast Bulky Setup", "bvs": {"hp": 88, "atk": 107, "def": 122, "spa": 74, "spd": 75, "spe": 64}, "stats": {"hp": 285, "atk": 228, "def": 253, "spa": 173, "spd": 174, "spe": 156}, "types": ["Grass", "Fighting"]}, "Incineroar": {"name": "Incineroar", "species": "Incineroar", "speciesId": "incineroar", "gender": "M", "shiny": false, "level": 82, "moves": ["overheat", "uturn", "closecombat", "knockoff"], "ability": "Intimidate", "evs": {"hp": 85, "atk": 85, "def": 85, "spa": 85, "spd": 85, "spe": 85}, "ivs": {"hp": 31, "atk": 31, "def": 31, "spa": 31, "spd": 31, "spe": 31}, "item": "Assault Vest", "teraType": "Water", "role": "AV Pivot", "bvs": {"hp": 95, "atk": 115, "def": 90, "spa": 80, "spd": 90, "spe": 60}, "stats": {"hp": 290, "atk": 236, "def": 195, "spa": 178, "spd": 195, "spe": 146}, "types": ["Fire", "Dark"]}}, {"Gengar": {"name": "Gengar", "species": "Gengar", "speciesId": "gengar", "gender": "M", "shiny": false, "level": 81, "moves": ["shadowball", "trick", "sludgewave", "focusblast"], "ability": "Cursed Body", "evs": {"hp": 85, "atk": 0, "def": 85, "spa": 85, "spd": 85, "spe": 85}, "ivs": {"hp": 31, "atk": 0, "def": 31, "spa": 31, "spd": 31, "spe": 31}, "item": "Choice Specs", "teraType": "Dark", "role": "Wallbreaker", "bvs": {"hp": 60, "atk": 65, "def": 60, "spa": 130, "spd": 75, "spe": 110}, "stats": {"hp": 230, "atk": 110, "def": 144, "spa": 257, "spd": 168, "spe": 225}, "types": ["Ghost", "Poison"]}, "Cinccino": {"name": "Cinccino", "species": "Cinccino", "speciesId": "cinccino", "gender": "M", "shiny": false, "level": 83, "moves": ["tripleaxel", "uturn", "tailslap", "bulletseed"], "ability": "Technician", "evs": {"hp": 85, "atk": 85, "def": 85, "spa": 85, "spd": 85, "spe": 85}, "ivs": {"hp": 31, "atk": 31, "def": 31, "spa": 31, "spd": 31, "spe": 31}, "item": "Loaded Dice", "teraType": "Ice", "role": "Fast Attacker", "bvs": {"hp": 75, "atk": 95, "def": 60, "spa": 65, "spd": 60, "spe": 115}, "stats": {"hp": 260, "atk": 205, "def": 147, "spa": 156, "spd": 147, "spe": 239}, "types": ["Normal"]}, "Appletun": {"name": "Appletun", "species": "Appletun", "speciesId": "appletun", "gender": "M", "shiny": false, "level": 92, "moves": ["appleacid", "dracometeor", "recover", "dragontail"], "ability": "Thick Fat", "evs": {"hp": 85, "atk": 85, "def": 85, "spa": 85, "spd": 85, "spe": 85}, "ivs": {"hp": 31, "atk": 31, "def": 31, "spa": 31, "spd": 31, "spe": 31}, "item": "Leftovers", "teraType": "Steel", "role": "Bulky Attacker", "bvs": {"hp": 110, "atk": 85, "def": 80, "spa": 100, "spd": 80, "spe": 30}, "stats": {"hp": 352, "atk": 209, "def": 200, "spa": 236, "spd": 200, "spe": 108}, "types": ["Grass", "Dragon"]}, "Stonjourner": {"name": "Stonjourner", "species": "Stonjourner", "speciesId": "stonjourner", "gender": "M", "shiny": false, "level": 91, "moves": ["earthquake", "stoneedge", "stealthrock", "heatcrash"], "ability": "Power Spot", "evs": {"hp": 85, "atk": 85, "def": 85, "spa": 85, "spd": 85, "spe": 85}, "ivs": {"hp": 31, "atk": 31, "def": 31, "spa": 31, "spd": 31, "spe": 31}, "item": "Life Orb", "teraType": "Fire", "role": "Fast Attacker", "bvs": {"hp": 100, "atk": 125, "def": 135, "spa": 20, "spd": 20, "spe": 70}, "stats": {"hp": 330, "atk": 279, "def": 298, "spa": 88, "spd": 88, "spe": 179}, "types": ["Rock"]}, "Goodra": {"name": "Goodra", "species": "Goodra", "speciesId": "goodra", "gender": "F", "shiny": false, "level": 85, "moves": ["dracometeor", "powerwhip", "knockoff", "dragontail"], "ability": "Sap Sipper", "evs": {"hp": 85, "atk": 85, "def": 85, "spa": 85, "spd": 85, "spe": 85}, "ivs": {"hp": 31, "atk": 31, "def": 31, "spa": 31, "spd": 31, "spe": 31}, "item": "Assault Vest", "teraType": "Steel", "role": "AV Pivot", "bvs": {"hp": 90, "atk": 100, "def": 70, "spa": 110, "spd": 150, "spe": 80}, "stats": {"hp": 292, "atk": 219, "def": 168, "spa": 236, "spd": 304, "spe": 185}, "types": ["Dragon"]}, "Iron Leaves": {"name": "Iron Leaves", "species": "Iron Leaves", "speciesId": "ironleaves", "gender": "N", "shiny": false, "level": 80, "moves": ["closecombat", "leafblade", "swordsdance", "psyblade"], "ability": "Quark Drive", "evs": {"hp": 85, "atk": 85, "def": 85, "spa": 85, "spd": 85, "spe": 85}, "ivs": {"hp": 31, "atk": 31, "def": 31, "spa": 31, "spd": 31, "spe": 31}, "item": "Life Orb", "teraType": "Fighting", "role": "Wallbreaker", "bvs": {"hp": 90, "atk": 130, "def": 88, "spa": 70, "spd": 108, "spe": 104}, "stats": {"hp": 275, "atk": 254, "def": 187, "spa": 158, "spd": 219, "spe": 213}, "types": ["Grass", "Psychic"]}}]}