{"id": "gen9randombattle-2641546362", "format": "[Gen 9] Random Battle", "players": ["ftaochaphet", "ohohiwantmore"], "log": "|j|\u2606ftaochaphet\n|j|\u2606ohohiwantmore\n|t:|1782805145\n|gametype|singles\n|player|p1|ftaochaphet|170|2207\n|player|p2|ohohiwantmore|169|2240\n|gen|9\n|tier|[Gen 9] Random Battle\n|rated|\n|rule|Species Clause: Limit one of each Pok\u00e9mon\n|rule|HP Percentage Mod: HP is shown in percentages\n|rule|Sleep Clause Mod: Limit one foe put to sleep\n|rule|Illusion Level Mod: Illusion disguises the Pok\u00e9mon's true level\n|\n|t:|1782805145\n|teamsize|p1|6\n|teamsize|p2|6\n|start\n|switch|p1a: Crabominable|Crabominable, L90, M|321/321\n|switch|p2a: Gengar|Gengar, L81, F|230/230\n|turn|1\n|inactive|Battle timer is ON: inactive players will automatically lose when time's up. (requested by ohohiwantmore)\n|\n|t:|1782805152\n|switch|p2a: Houndstone|Houndstone, L86, M|264/264\n|move|p1a: Crabominable|Ice Hammer|p2a: Houndstone\n|-damage|p2a: Houndstone|139/264\n|-unboost|p1a: Crabominable|spe|1\n|\n|-heal|p2a: Houndstone|155/264|[from] item: Leftovers\n|upkeep\n|turn|2\n|\n|t:|1782805161\n|switch|p1a: Mabosstiff|Mabosstiff, L86, F|278/278\n|move|p2a: Houndstone|Poltergeist|p1a: Mabosstiff\n|-activate|p1a: Mabosstiff|move: Poltergeist|Choice Band\n|-resisted|p1a: Mabosstiff\n|-damage|p1a: Mabosstiff|214/278\n|\n|-heal|p2a: Houndstone|171/264|[from] item: Leftovers\n|upkeep\n|turn|3\n|\n|t:|1782805170\n|-terastallize|p2a: Houndstone|Fighting\n|move|p1a: Mabosstiff|Crunch|p2a: Houndstone\n|-resisted|p2a: Houndstone\n|-damage|p2a: Houndstone|136/264\n|move|p2a: Houndstone|Body Press|p1a: Mabosstiff\n|-supereffective|p1a: Mabosstiff\n|-damage|p1a: Mabosstiff|22/278\n|\n|-heal|p2a: Houndstone|152/264|[from] item: Leftovers\n|upkeep\n|turn|4\n|\n|t:|1782805178\n|switch|p1a: Diancie|Diancie, L82|216/216\n|move|p2a: Houndstone|Poltergeist|p1a: Diancie\n|-activate|p1a: Diancie|move: Poltergeist|Assault Vest\n|-damage|p1a: Diancie|129/216\n|\n|-heal|p2a: Houndstone|168/264|[from] item: Leftovers\n|upkeep\n|turn|5\n|\n|t:|1782805187\n|switch|p2a: Greedent|Greedent, L86, F|347/347\n|move|p1a: Diancie|Moonblast|p2a: Greedent\n|-damage|p2a: Greedent|247/347\n|\n|upkeep\n|turn|6\n|\n|t:|1782805194\n|move|p1a: Diancie|Diamond Storm|p2a: Greedent\n|-damage|p2a: Greedent|148/347\n|-enditem|p2a: Greedent|Sitrus Berry|[eat]\n|-heal|p2a: Greedent|234/347|[from] item: Sitrus Berry\n|-heal|p2a: Greedent|347/347|[from] ability: Cheek Pouch\n|move|p2a: Greedent|Body Slam|p1a: Diancie\n|-resisted|p1a: Diancie\n|-damage|p1a: Diancie|98/216\n|\n|upkeep\n|turn|7\n|\n|t:|1782805199\n|move|p1a: Diancie|Diamond Storm|p2a: Greedent\n|-damage|p2a: Greedent|251/347\n|move|p2a: Greedent|Swords Dance|p2a: Greedent\n|-boost|p2a: Greedent|atk|2\n|\n|upkeep\n|turn|8\n|\n|t:|1782805205\n|move|p1a: Diancie|Diamond Storm|p2a: Greedent\n|-damage|p2a: Greedent|157/347\n|move|p2a: Greedent|Earthquake|p1a: Diancie\n|-supereffective|p1a: Diancie\n|-damage|p1a: Diancie|0 fnt\n|faint|p1a: Diancie\n|\n|upkeep\n|\n|t:|1782805212\n|switch|p1a: Crabominable|Crabominable, L90, M|321/321\n|turn|9\n|\n|t:|1782805217\n|move|p1a: Crabominable|Drain Punch|p2a: Greedent\n|-supereffective|p2a: Greedent\n|-damage|p2a: Greedent|0 fnt\n|faint|p2a: Greedent\n|\n|upkeep\n|\n|t:|1782805230\n|switch|p2a: Houndstone|Houndstone, L86, M, tera:Fighting|168/264\n|turn|10\n|\n|t:|1782805234\n|move|p2a: Houndstone|Body Press|p1a: Crabominable\n|-supereffective|p1a: Crabominable\n|-damage|p1a: Crabominable|133/321\n|move|p1a: Crabominable|Drain Punch|p2a: Houndstone\n|-damage|p2a: Houndstone|75/264\n|-heal|p1a: Crabominable|180/321|[from] drain|[of] p2a: Houndstone\n|\n|-heal|p2a: Houndstone|91/264|[from] item: Leftovers\n|upkeep\n|turn|11\n|\n|t:|1782805245\n|switch|p1a: Meganium|Meganium, L90, M|290/290\n|move|p2a: Houndstone|Body Press|p1a: Meganium\n|-damage|p1a: Meganium|217/290\n|\n|-heal|p1a: Meganium|235/290|[from] item: Leftovers\n|-heal|p2a: Houndstone|107/264|[from] item: Leftovers\n|upkeep\n|turn|12\n|\n|t:|1782805256\n|switch|p2a: Rabsca|Rabsca, L91, F|284/284\n|move|p1a: Meganium|Swords Dance|p1a: Meganium\n|-boost|p1a: Meganium|atk|2\n|\n|-heal|p1a: Meganium|253/290|[from] item: Leftovers\n|upkeep\n|turn|13\n|\n|t:|1782805264\n|move|p1a: Meganium|Knock Off|p2a: Rabsca\n|-supereffective|p2a: Rabsca\n|-damage|p2a: Rabsca|2/284\n|-enditem|p2a: Rabsca|Heavy-Duty Boots|[from] move: Knock Off|[of] p1a: Meganium\n|move|p2a: Rabsca|Trick Room|p2a: Rabsca\n|-fieldstart|move: Trick Room|[of] p2a: Rabsca\n|\n|-heal|p1a: Meganium|271/290|[from] item: Leftovers\n|upkeep\n|turn|14\n|\n|t:|1782805271\n|move|p2a: Rabsca|Bug Buzz|p1a: Meganium\n|-supereffective|p1a: Meganium\n|-damage|p1a: Meganium|59/290\n|move|p1a: Meganium|Petal Blizzard|p2a: Rabsca\n|-resisted|p2a: Rabsca\n|-damage|p2a: Rabsca|0 fnt\n|faint|p2a: Rabsca\n|\n|-heal|p1a: Meganium|77/290|[from] item: Leftovers\n|upkeep\n|\n|t:|1782805278\n|switch|p2a: Houndstone|Houndstone, L86, M, tera:Fighting|107/264\n|turn|15\n|\n|t:|1782805284\n|move|p2a: Houndstone|Body Press|p1a: Meganium\n|-crit|p1a: Meganium\n|-damage|p1a: Meganium|0 fnt\n|faint|p1a: Meganium\n|\n|-heal|p2a: Houndstone|123/264|[from] item: Leftovers\n|upkeep\n|\n|t:|1782805288\n|switch|p1a: Crabominable|Crabominable, L90, M|180/321\n|turn|16\n|\n|t:|1782805294\n|move|p1a: Crabominable|Ice Hammer|p2a: Houndstone|[miss]\n|-miss|p1a: Crabominable|p2a: Houndstone\n|move|p2a: Houndstone|Body Press|p1a: Crabominable\n|-supereffective|p1a: Crabominable\n|-damage|p1a: Crabominable|4/321\n|\n|-heal|p2a: Houndstone|139/264|[from] item: Leftovers\n|upkeep\n|turn|17\n|\n|t:|1782805299\n|move|p2a: Houndstone|Shadow Sneak|p1a: Crabominable\n|-damage|p1a: Crabominable|0 fnt\n|faint|p1a: Crabominable\n|\n|-heal|p2a: Houndstone|155/264|[from] item: Leftovers\n|-fieldend|move: Trick Room\n|upkeep\n|\n|t:|1782805302\n|switch|p1a: Salazzle|Salazzle, L83, F|249/249\n|turn|18\n|\n|t:|1782805311\n|move|p1a: Salazzle|Flamethrower|p2a: Houndstone\n|-damage|p2a: Houndstone|0 fnt\n|faint|p2a: Houndstone\n|\n|upkeep\n|\n|t:|1782805315\n|switch|p2a: Garganacl|Garganacl, L80, F|291/291\n|turn|19\n|\n|t:|1782805322\n|switch|p1a: Hypno|Hypno, L95, M|315/315\n|move|p2a: Garganacl|Salt Cure|p1a: Hypno\n|-damage|p1a: Hypno|273/315\n|-start|p1a: Hypno|Salt Cure\n|\n|-heal|p1a: Hypno|292/315|[from] item: Leftovers\n|-damage|p1a: Hypno|253/315|[from] Salt Cure\n|upkeep\n|turn|20\n|\n|t:|1782805327\n|switch|p2a: Altaria|Altaria, L89, F|278/278\n|move|p1a: Hypno|Psychic Noise|p2a: Altaria\n|-damage|p2a: Altaria|215/278\n|-start|p2a: Altaria|move: Heal Block\n|\n|-heal|p1a: Hypno|272/315|[from] item: Leftovers\n|-damage|p1a: Hypno|233/315|[from] Salt Cure\n|upkeep\n|turn|21\n|\n|t:|1782805335\n|switch|p1a: Mabosstiff|Mabosstiff, L86, F|22/278\n|move|p2a: Altaria|Brave Bird|p1a: Mabosstiff\n|-damage|p1a: Mabosstiff|0 fnt\n|faint|p1a: Mabosstiff\n|-damage|p2a: Altaria|208/278|[from] Recoil\n|\n|-end|p2a: Altaria|move: Heal Block\n|upkeep\n|\n|t:|1782805337\n|switch|p1a: Hypno|Hypno, L95, M|233/315\n|turn|22\n|\n|t:|1782805344\n|move|p2a: Altaria|Dragon Dance|p2a: Altaria\n|-boost|p2a: Altaria|atk|1\n|-boost|p2a: Altaria|spe|1\n|move|p1a: Hypno|Psychic Noise|p2a: Altaria\n|-damage|p2a: Altaria|136/278\n|-start|p2a: Altaria|move: Heal Block\n|\n|-heal|p1a: Hypno|252/315|[from] item: Leftovers\n|upkeep\n|turn|23\n|-message|ftaochaphet forfeited.\n|\n|win|ohohiwantmore\n", "inputlog": ">version f8ac14003a5f27e1bdc8d8c59608a773c1cb96e5\n>start {\"formatid\":\"gen9randombattle\",\"seed\":\"sodium,3e63de5445d7257ce2580f20462e8b25\",\"rated\":\"Rated battle\"}\n>player p1 {\"name\":\"ftaochaphet\",\"avatar\":\"170\",\"rating\":2207,\"seed\":\"sodium,5e4da1462bb7cf29f656e747612eaedd\"}\n>player p2 {\"name\":\"ohohiwantmore\",\"avatar\":\"169\",\"rating\":2240,\"seed\":\"sodium,60bcd5a3dd46732ffa2489927b9292a1\"}\n>p1 move icehammer\n>p2 switch 4\n>p1 switch 6\n>p2 move poltergeist\n>p1 move crunch\n>p2 move bodypress terastallize\n>p1 switch 2\n>p2 move poltergeist\n>p1 move moonblast\n>p2 switch 6\n>p1 move diamondstorm\n>p2 move bodyslam\n>p1 move diamondstorm\n>p2 move swordsdance\n>p1 move diamondstorm\n>p2 move earthquake\n>p1 switch 6\n>p1 move drainpunch\n>p2 move bodyslam\n>p2 switch 6\n>p1 move drainpunch\n>p2 move bodypress\n>p1 switch 3\n>p2 move bodypress\n>p1 move swordsdance\n>p2 switch 2\n>p1 move knockoff\n>p2 move trickroom\n>p1 move petalblizzard\n>p2 move bugbuzz\n>p2 switch 2\n>p1 move petalblizzard\n>p2 move bodypress\n>p1 switch 3\n>p1 move icehammer\n>p2 move bodypress\n>p1 move icehammer\n>p2 move shadowsneak\n>p1 switch 5\n>p1 move flamethrower\n>p2 move poltergeist\n>p2 switch 5\n>p1 switch 4\n>p2 move saltcure\n>p1 move psychicnoise\n>p2 switch 3\n>p1 switch 2\n>p2 move bravebird\n>p1 switch 2\n>p1 move psychicnoise\n>p2 move dragondance\n>forcelose p1", "uploadtime": 1782805149, "views": 3, "formatid": "gen9randombattle", "rating": null, "private": 0, "password": null, "player_dets": [{"name": "ftaochaphet", "avatar": "170", "rating": 2207, "seed": "sodium,5e4da1462bb7cf29f656e747612eaedd"}, {"name": "ohohiwantmore", "avatar": "169", "rating": 2240, "seed": "sodium,60bcd5a3dd46732ffa2489927b9292a1"}], "teams_full": [{"Crabominable": {"name": "Crabominable", "species": "Crabominable", "speciesId": "crabominable", "gender": "M", "shiny": false, "level": 90, "moves": ["drainpunch", "icehammer", "knockoff", "earthquake"], "ability": "Iron Fist", "evs": {"hp": 85, "atk": 85, "def": 85, "spa": 85, "spd": 85, "spe": 85}, "ivs": {"hp": 31, "atk": 31, "def": 31, "spa": 31, "spd": 31, "spe": 31}, "item": "Choice Band", "teraType": "Ground", "role": "Wallbreaker", "bvs": {"hp": 97, "atk": 132, "def": 77, "spa": 62, "spd": 67, "spe": 43}, "stats": {"hp": 321, "atk": 289, "def": 190, "spa": 163, "spd": 172, "spe": 129}, "types": ["Fighting", "Ice"]}, "Diancie": {"name": "Diancie", "species": "Diancie", "speciesId": "diancie", "gender": "N", "shiny": false, "level": 82, "moves": ["bodypress", "diamondstorm", "earthpower", "moonblast"], "ability": "Clear Body", "evs": {"hp": 85, "atk": 85, "def": 85, "spa": 85, "spd": 85, "spe": 85}, "ivs": {"hp": 31, "atk": 31, "def": 31, "spa": 31, "spd": 31, "spe": 31}, "item": "Assault Vest", "teraType": "Fighting", "role": "Bulky Attacker", "bvs": {"hp": 50, "atk": 100, "def": 150, "spa": 100, "spd": 150, "spe": 50}, "stats": {"hp": 216, "atk": 211, "def": 293, "spa": 211, "spd": 293, "spe": 129}, "types": ["Rock", "Fairy"]}, "Meganium": {"name": "Meganium", "species": "Meganium", "speciesId": "meganium", "gender": "M", "shiny": false, "level": 90, "moves": ["petalblizzard", "swordsdance", "knockoff", "earthquake"], "ability": "Overgrow", "evs": {"hp": 85, "atk": 85, "def": 85, "spa": 85, "spd": 85, "spe": 85}, "ivs": {"hp": 31, "atk": 31, "def": 31, "spa": 31, "spd": 31, "spe": 31}, "item": "Leftovers", "teraType": "Water", "role": "Bulky Setup", "bvs": {"hp": 80, "atk": 82, "def": 100, "spa": 83, "spd": 100, "spe": 80}, "stats": {"hp": 290, "atk": 199, "def": 231, "spa": 201, "spd": 231, "spe": 195}, "types": ["Grass"]}, "Hypno": {"name": "Hypno", "species": "Hypno", "speciesId": "hypno", "gender": "M", "shiny": false, "level": 95, "moves": ["toxic", "psychicnoise", "focusblast", "protect"], "ability": "Insomnia", "evs": {"hp": 85, "atk": 0, "def": 85, "spa": 85, "spd": 85, "spe": 85}, "ivs": {"hp": 31, "atk": 0, "def": 31, "spa": 31, "spd": 31, "spe": 31}, "item": "Leftovers", "teraType": "Fighting", "role": "Bulky Attacker", "bvs": {"hp": 85, "atk": 73, "def": 70, "spa": 73, "spd": 115, "spe": 67}, "stats": {"hp": 315, "atk": 143, "def": 187, "spa": 193, "spd": 272, "spe": 181}, "types": ["Psychic"]}, "Salazzle": {"name": "Salazzle", "species": "Salazzle", "speciesId": "salazzle", "gender": "F", "shiny": false, "level": 83, "moves": ["substitute", "protect", "toxic", "flamethrower"], "ability": "Corrosion", "evs": {"hp": 85, "atk": 0, "def": 85, "spa": 85, "spd": 85, "spe": 85}, "ivs": {"hp": 31, "atk": 0, "def": 31, "spa": 31, "spd": 31, "spe": 31}, "item": "Leftovers", "teraType": "Flying", "role": "Fast Support", "bvs": {"hp": 68, "atk": 64, "def": 60, "spa": 111, "spd": 60, "spe": 117}, "stats": {"hp": 249, "atk": 111, "def": 147, "spa": 232, "spd": 147, "spe": 242}, "types": ["Poison", "Fire"]}, "Mabosstiff": {"name": "Mabosstiff", "species": "Mabosstiff", "speciesId": "mabosstiff", "gender": "F", "shiny": false, "level": 86, "moves": ["psychicfangs", "wildcharge", "crunch", "playrough"], "ability": "Stakeout", "evs": {"hp": 85, "atk": 85, "def": 85, "spa": 85, "spd": 85, "spe": 85}, "ivs": {"hp": 31, "atk": 31, "def": 31, "spa": 31, "spd": 31, "spe": 31}, "item": "Choice Band", "teraType": "Fairy", "role": "Bulky Attacker", "bvs": {"hp": 80, "atk": 120, "def": 90, "spa": 60, "spd": 70, "spe": 85}, "stats": {"hp": 278, "atk": 256, "def": 204, "spa": 152, "spd": 170, "spe": 195}, "types": ["Dark"]}}, {"Gengar": {"name": "Gengar", "species": "Gengar", "speciesId": "gengar", "gender": "F", "shiny": false, "level": 81, "moves": ["focusblast", "encore", "shadowball", "sludgewave"], "ability": "Cursed Body", "evs": {"hp": 85, "atk": 0, "def": 85, "spa": 85, "spd": 85, "spe": 85}, "ivs": {"hp": 31, "atk": 0, "def": 31, "spa": 31, "spd": 31, "spe": 31}, "item": "Life Orb", "teraType": "Dark", "role": "Fast Attacker", "bvs": {"hp": 60, "atk": 65, "def": 60, "spa": 130, "spd": 75, "spe": 110}, "stats": {"hp": 230, "atk": 110, "def": 144, "spa": 257, "spd": 168, "spe": 225}, "types": ["Ghost", "Poison"]}, "Rabsca": {"name": "Rabsca", "species": "Rabsca", "speciesId": "rabsca", "gender": "F", "shiny": false, "level": 91, "moves": ["psychic", "trickroom", "bugbuzz", "revivalblessing"], "ability": "Synchronize", "evs": {"hp": 85, "atk": 0, "def": 85, "spa": 85, "spd": 85, "spe": 0}, "ivs": {"hp": 31, "atk": 0, "def": 31, "spa": 31, "spd": 31, "spe": 0}, "item": "Heavy-Duty Boots", "teraType": "Steel", "role": "Wallbreaker", "bvs": {"hp": 75, "atk": 50, "def": 85, "spa": 115, "spd": 100, "spe": 45}, "stats": {"hp": 284, "atk": 96, "def": 207, "spa": 261, "spd": 234, "spe": 86}, "types": ["Bug", "Psychic"]}, "Altaria": {"name": "Altaria", "species": "Altaria", "speciesId": "altaria", "gender": "F", "shiny": false, "level": 89, "moves": ["roost", "bravebird", "earthquake", "dragondance"], "ability": "Natural Cure", "evs": {"hp": 85, "atk": 85, "def": 85, "spa": 85, "spd": 85, "spe": 85}, "ivs": {"hp": 31, "atk": 31, "def": 31, "spa": 31, "spd": 31, "spe": 31}, "item": "Heavy-Duty Boots", "teraType": "Ground", "role": "Bulky Setup", "bvs": {"hp": 75, "atk": 70, "def": 90, "spa": 70, "spd": 105, "spe": 80}, "stats": {"hp": 278, "atk": 175, "def": 211, "spa": 175, "spd": 238, "spe": 193}, "types": ["Dragon", "Flying"]}, "Houndstone": {"name": "Houndstone", "species": "Houndstone", "speciesId": "houndstone", "gender": "M", "shiny": false, "level": 86, "moves": ["poltergeist", "bodypress", "shadowsneak", "roar"], "ability": "Fluffy", "evs": {"hp": 85, "atk": 85, "def": 85, "spa": 85, "spd": 85, "spe": 85}, "ivs": {"hp": 31, "atk": 31, "def": 31, "spa": 31, "spd": 31, "spe": 31}, "item": "Leftovers", "teraType": "Fighting", "role": "Bulky Attacker", "bvs": {"hp": 72, "atk": 101, "def": 100, "spa": 50, "spd": 97, "spe": 68}, "stats": {"hp": 264, "atk": 223, "def": 221, "spa": 135, "spd": 216, "spe": 166}, "types": ["Ghost"]}, "Garganacl": {"name": "Garganacl", "species": "Garganacl", "speciesId": "garganacl", "gender": "F", "shiny": false, "level": 80, "moves": ["saltcure", "earthquake", "recover", "stealthrock"], "ability": "Purifying Salt", "evs": {"hp": 85, "atk": 85, "def": 85, "spa": 85, "spd": 85, "spe": 85}, "ivs": {"hp": 31, "atk": 31, "def": 31, "spa": 31, "spd": 31, "spe": 31}, "item": "Leftovers", "teraType": "Ghost", "role": "Bulky Attacker", "bvs": {"hp": 100, "atk": 100, "def": 130, "spa": 45, "spd": 90, "spe": 35}, "stats": {"hp": 291, "atk": 206, "def": 254, "spa": 118, "spd": 190, "spe": 102}, "types": ["Rock"]}, "Greedent": {"name": "Greedent", "species": "Greedent", "speciesId": "greedent", "gender": "F", "shiny": false, "level": 86, "moves": ["earthquake", "bodyslam", "swordsdance", "knockoff"], "ability": "Cheek Pouch", "evs": {"hp": 85, "atk": 85, "def": 85, "spa": 85, "spd": 85, "spe": 85}, "ivs": {"hp": 31, "atk": 31, "def": 31, "spa": 31, "spd": 31, "spe": 31}, "item": "Sitrus Berry", "teraType": "Ground", "role": "Bulky Setup", "bvs": {"hp": 120, "atk": 95, "def": 95, "spa": 55, "spd": 75, "spe": 20}, "stats": {"hp": 347, "atk": 213, "def": 213, "spa": 144, "spd": 178, "spe": 84}, "types": ["Normal"]}}]}