{"id": "gen9randombattle-2641708083", "format": "[Gen 9] Random Battle", "players": ["Apple_Airpod5", "Thorys"], "log": "|j|\u2606Apple_Airpod5\n|j|\u2606Thorys\n|t:|1782832405\n|gametype|singles\n|player|p1|Apple_Airpod5|ingo|1991\n|player|p2|Thorys|policeman-gen4|2004\n|gen|9\n|tier|[Gen 9] Random Battle\n|rated|\n|rule|Species Clause: Limit one of each Pok\u00e9mon\n|rule|HP Percentage Mod: HP is shown in percentages\n|rule|Sleep Clause Mod: Limit one foe put to sleep\n|rule|Illusion Level Mod: Illusion disguises the Pok\u00e9mon's true level\n|\n|t:|1782832405\n|teamsize|p1|6\n|teamsize|p2|6\n|start\n|switch|p1a: Pikachu|Pikachu, L93, M|216/216\n|switch|p2a: Iron Valiant|Iron Valiant, L78|244/244\n|turn|1\n|inactive|Battle timer is ON: inactive players will automatically lose when time's up. (requested by Thorys)\n|inactive|Apple_Airpod5 also wants the timer to be on.\n|\n|t:|1782832429\n|switch|p1a: Rillaboom|Rillaboom, L79, F|288/288\n|-fieldstart|move: Grassy Terrain|[from] ability: Grassy Surge|[of] p1a: Rillaboom\n|move|p2a: Iron Valiant|Knock Off|p1a: Rillaboom\n|-damage|p1a: Rillaboom|189/288\n|-enditem|p1a: Rillaboom|Life Orb|[from] move: Knock Off|[of] p2a: Iron Valiant\n|-damage|p2a: Iron Valiant|220/244|[from] item: Life Orb\n|\n|-heal|p2a: Iron Valiant|235/244|[from] Grassy Terrain\n|-heal|p1a: Rillaboom|207/288|[from] Grassy Terrain\n|upkeep\n|turn|2\n|\n|t:|1782832454\n|-end|p2a: Iron Valiant|Quark Drive|[silent]\n|switch|p2a: Ribombee|Ribombee, L83, M|235/235\n|move|p1a: Rillaboom|Swords Dance|p1a: Rillaboom\n|-boost|p1a: Rillaboom|atk|2\n|\n|-heal|p1a: Rillaboom|225/288|[from] Grassy Terrain\n|upkeep\n|turn|3\n|inactive|Thorys has 120 seconds left.\n|\n|t:|1782832486\n|-terastallize|p1a: Rillaboom|Grass\n|move|p1a: Rillaboom|Grassy Glide|p2a: Ribombee\n|-resisted|p2a: Ribombee\n|-damage|p2a: Ribombee|81/235\n|move|p2a: Ribombee|Bug Buzz|p1a: Rillaboom\n|-supereffective|p1a: Rillaboom\n|-damage|p1a: Rillaboom|7/288\n|\n|-heal|p2a: Ribombee|95/235|[from] Grassy Terrain\n|-heal|p1a: Rillaboom|25/288|[from] Grassy Terrain\n|upkeep\n|turn|4\n|inactive|Thorys has 90 seconds left.\n|\n|t:|1782832513\n|switch|p2a: Seviper|Seviper, L93, F|287/287\n|move|p1a: Rillaboom|Grassy Glide|p2a: Seviper\n|-resisted|p2a: Seviper\n|-damage|p2a: Seviper|165/287\n|\n|-heal|p2a: Seviper|182/287|[from] Grassy Terrain\n|-heal|p1a: Rillaboom|43/288|[from] Grassy Terrain\n|upkeep\n|turn|5\n|\n|t:|1782832522\n|move|p2a: Seviper|Knock Off|p1a: Rillaboom\n|-damage|p1a: Rillaboom|0 fnt\n|faint|p1a: Rillaboom\n|\n|-heal|p2a: Seviper|199/287|[from] Grassy Terrain\n|-fieldend|move: Grassy Terrain\n|upkeep\n|\n|t:|1782832538\n|switch|p1a: Excadrill|Excadrill, L79, F|303/303\n|-ability|p1a: Excadrill|Mold Breaker\n|turn|6\n|\n|t:|1782832547\n|move|p2a: Seviper|Knock Off|p1a: Excadrill\n|-damage|p1a: Excadrill|188/303\n|-enditem|p1a: Excadrill|Assault Vest|[from] move: Knock Off|[of] p2a: Seviper\n|move|p1a: Excadrill|Rapid Spin|p2a: Seviper\n|-damage|p2a: Seviper|147/287\n|-boost|p1a: Excadrill|spe|1\n|\n|upkeep\n|turn|7\n|\n|t:|1782832559\n|move|p1a: Excadrill|Earthquake|p2a: Seviper\n|-supereffective|p2a: Seviper\n|-damage|p2a: Seviper|0 fnt\n|faint|p2a: Seviper\n|\n|upkeep\n|inactive|Thorys has 90 seconds left.\n|inactive|Thorys has 60 seconds left.\n|\n|t:|1782832623\n|switch|p2a: Iron Valiant|Iron Valiant, L78|235/244\n|turn|8\n|\n|t:|1782832637\n|move|p1a: Excadrill|Iron Head|p2a: Iron Valiant\n|-supereffective|p2a: Iron Valiant\n|-damage|p2a: Iron Valiant|17/244\n|move|p2a: Iron Valiant|Close Combat|p1a: Excadrill\n|-supereffective|p1a: Excadrill\n|-damage|p1a: Excadrill|0 fnt\n|-unboost|p2a: Iron Valiant|def|1\n|-unboost|p2a: Iron Valiant|spd|1\n|faint|p1a: Excadrill\n|-damage|p2a: Iron Valiant|0 fnt|[from] item: Life Orb\n|faint|p2a: Iron Valiant\n|-end|p2a: Iron Valiant|Quark Drive|[silent]\n|\n|upkeep\n|inactive|Thorys has 60 seconds left.\n|\n|t:|1782832652\n|switch|p2a: Ribombee|Ribombee, L83, M|95/235\n|switch|p1a: Rotom|Rotom-Mow, L87|229/229\n|turn|9\n|\n|t:|1782832665\n|move|p1a: Rotom|Volt Switch|p2a: Ribombee\n|-damage|p2a: Ribombee|1/235\n|\n|t:|1782832672\n|switch|p1a: Flareon|Flareon, L90, M|263/263|[from] Volt Switch\n|move|p2a: Ribombee|U-turn|p1a: Flareon\n|-resisted|p1a: Flareon\n|-damage|p1a: Flareon|234/263\n|\n|t:|1782832692\n|switch|p2a: Pachirisu|Pachirisu, L96, F|271/271|[from] U-turn\n|\n|-status|p1a: Flareon|tox|[from] item: Toxic Orb\n|upkeep\n|turn|10\n|\n|t:|1782832703\n|move|p2a: Pachirisu|Super Fang|p1a: Flareon\n|-damage|p1a: Flareon|117/263 tox\n|move|p1a: Flareon|Trailblaze|p2a: Pachirisu\n|-damage|p2a: Pachirisu|194/271\n|-boost|p1a: Flareon|spe|1\n|\n|-damage|p1a: Flareon|101/263 tox|[from] psn\n|upkeep\n|turn|11\n|\n|t:|1782832714\n|move|p1a: Flareon|Facade|p2a: Pachirisu\n|-damage|p2a: Pachirisu|0 fnt\n|faint|p2a: Pachirisu\n|\n|-damage|p1a: Flareon|69/263 tox|[from] psn\n|upkeep\n|inactive|Thorys has 30 seconds left.\n|\n|t:|1782832740\n|switch|p2a: Cryogonal|Cryogonal, L89|287/287\n|turn|12\n|inactive|Thorys has 30 seconds left.\n|\n|t:|1782832751\n|move|p1a: Flareon|Facade|p2a: Cryogonal\n|-damage|p2a: Cryogonal|0 fnt\n|faint|p2a: Cryogonal\n|\n|-damage|p1a: Flareon|21/263 tox|[from] psn\n|upkeep\n|inactive|Thorys has 30 seconds left this turn.\n|\n|t:|1782832756\n|switch|p2a: Ribombee|Ribombee, L83, M|1/235\n|turn|13\n|\n|t:|1782832759\n|move|p1a: Flareon|Quick Attack|p2a: Ribombee\n|-damage|p2a: Ribombee|0 fnt\n|faint|p2a: Ribombee\n|\n|-damage|p1a: Flareon|0 fnt|[from] psn\n|faint|p1a: Flareon\n|upkeep\n|\n|t:|1782832766\n|switch|p2a: Toxtricity|Toxtricity, L82, F|257/257\n|switch|p1a: Rotom|Rotom-Mow, L87|229/229\n|turn|14\n|\n|t:|1782832773\n|move|p1a: Rotom|Trick|p2a: Toxtricity\n|-activate|p1a: Rotom|move: Trick|[of] p2a: Toxtricity\n|-item|p2a: Toxtricity|Choice Scarf|[from] move: Trick\n|-item|p1a: Rotom|Throat Spray|[from] move: Trick\n|move|p2a: Toxtricity|Gunk Shot|p1a: Rotom\n|-supereffective|p1a: Rotom\n|-damage|p1a: Rotom|11/229\n|\n|upkeep\n|turn|15\n|\n|t:|1782832782\n|move|p2a: Toxtricity|Gunk Shot|p1a: Rotom\n|-supereffective|p1a: Rotom\n|-damage|p1a: Rotom|0 fnt\n|faint|p1a: Rotom\n|\n|upkeep\n|\n|t:|1782832792\n|switch|p1a: Flamigo|Flamigo, L82, F|269/269\n|turn|16\n|\n|t:|1782832800\n|move|p2a: Toxtricity|Gunk Shot|p1a: Flamigo|[miss]\n|-miss|p2a: Toxtricity|p1a: Flamigo\n|move|p1a: Flamigo|Brave Bird|p2a: Toxtricity\n|-resisted|p2a: Toxtricity\n|-damage|p2a: Toxtricity|143/257\n|-damage|p1a: Flamigo|231/269|[from] Recoil\n|\n|upkeep\n|turn|17\n|inactive|Thorys has 60 seconds left.\n|\n|t:|1782832808\n|move|p2a: Toxtricity|Gunk Shot|p1a: Flamigo\n|-damage|p1a: Flamigo|87/269\n|move|p1a: Flamigo|Brave Bird|p2a: Toxtricity\n|-resisted|p2a: Toxtricity\n|-damage|p2a: Toxtricity|18/257\n|-damage|p1a: Flamigo|46/269|[from] Recoil\n|\n|upkeep\n|turn|18\n|\n|t:|1782832815\n|move|p2a: Toxtricity|Gunk Shot|p1a: Flamigo\n|-damage|p1a: Flamigo|0 fnt\n|faint|p1a: Flamigo\n|\n|upkeep\n|\n|t:|1782832816\n|switch|p1a: Pikachu|Pikachu, L93, M|216/216\n|turn|19\n|\n|t:|1782832821\n|move|p2a: Toxtricity|Gunk Shot|p1a: Pikachu\n|-damage|p1a: Pikachu|41/216\n|move|p1a: Pikachu|Volt Tackle|p2a: Toxtricity\n|-resisted|p2a: Toxtricity\n|-damage|p2a: Toxtricity|0 fnt\n|faint|p2a: Toxtricity\n|-damage|p1a: Pikachu|35/216|[from] Recoil\n|\n|win|Apple_Airpod5\n", "inputlog": ">version f8ac14003a5f27e1bdc8d8c59608a773c1cb96e5\n>start {\"formatid\":\"gen9randombattle\",\"seed\":\"sodium,8db0c2bd6c787c7fdb5fbcda0817cc0a\",\"rated\":\"Rated battle\"}\n>player p1 {\"name\":\"Apple_Airpod5\",\"avatar\":\"ingo\",\"rating\":1991,\"seed\":\"sodium,2057bb43e50181481d80fe5354faf6db\"}\n>player p2 {\"name\":\"Thorys\",\"avatar\":\"policeman-gen4\",\"rating\":2004,\"seed\":\"sodium,38556c027d0a8e144755f7a2a85cfd2e\"}\n>p1 switch 3\n>p2 move knockoff\n>p1 move swordsdance\n>p2 switch 5\n>p1 move grassyglide terastallize\n>p2 move bugbuzz\n>p1 move grassyglide\n>p2 switch 3\n>p1 move highhorsepower\n>p2 move knockoff\n>p1 switch 4\n>p1 move rapidspin\n>p2 move knockoff\n>p1 move earthquake\n>p2 move knockoff\n>p2 switch 5\n>p1 move ironhead\n>p2 move closecombat\n>p1 switch 2\n>p2 switch 3\n>p1 move voltswitch\n>p2 move uturn\n>p1 switch 5\n>p2 switch 4\n>p1 move trailblaze\n>p2 move superfang\n>p1 move facade\n>p2 move thunderbolt\n>p2 switch 6\n>p1 move facade\n>p2 move freezedry\n>p2 switch 4\n>p1 move quickattack\n>p2 move uturn\n>p1 switch 5\n>p2 switch 2\n>p1 move trick\n>p2 move gunkshot\n>p1 move thunderbolt\n>p2 move gunkshot\n>p1 switch 6\n>p1 move bravebird\n>p2 move gunkshot\n>p1 move bravebird\n>p2 move gunkshot\n>p1 move bravebird\n>p2 move gunkshot\n>p1 switch 3\n>p1 move volttackle\n>p2 move gunkshot", "uploadtime": 1782832408, "views": 4, "formatid": "gen9randombattle", "rating": null, "private": 0, "password": null, "player_dets": [{"name": "Apple_Airpod5", "avatar": "ingo", "rating": 1991, "seed": "sodium,2057bb43e50181481d80fe5354faf6db"}, {"name": "Thorys", "avatar": "policeman-gen4", "rating": 2004, "seed": "sodium,38556c027d0a8e144755f7a2a85cfd2e"}], "teams_full": [{"Pikachu": {"name": "Pikachu", "species": "Pikachu", "speciesId": "pikachu", "gender": "M", "shiny": false, "level": 93, "moves": ["volttackle", "playrough", "knockoff", "surf"], "ability": "Lightning Rod", "evs": {"hp": 85, "atk": 85, "def": 85, "spa": 85, "spd": 85, "spe": 85}, "ivs": {"hp": 31, "atk": 31, "def": 31, "spa": 31, "spd": 31, "spe": 31}, "item": "Light Ball", "teraType": "Water", "role": "Fast Attacker", "bvs": {"hp": 35, "atk": 55, "def": 40, "spa": 50, "spd": 50, "spe": 90}, "stats": {"hp": 216, "atk": 155, "def": 127, "spa": 146, "spd": 146, "spe": 220}, "types": ["Electric"]}, "Rotom": {"name": "Rotom", "species": "Rotom-Mow", "speciesId": "rotommow", "gender": "N", "shiny": false, "level": 87, "moves": ["voltswitch", "leafstorm", "trick", "thunderbolt"], "ability": "Levitate", "evs": {"hp": 85, "atk": 0, "def": 85, "spa": 85, "spd": 85, "spe": 85}, "ivs": {"hp": 31, "atk": 0, "def": 31, "spa": 31, "spd": 31, "spe": 31}, "item": "Choice Scarf", "teraType": "Electric", "role": "Bulky Attacker", "bvs": {"hp": 50, "atk": 65, "def": 107, "spa": 105, "spd": 107, "spe": 86}, "stats": {"hp": 229, "atk": 118, "def": 236, "spa": 232, "spd": 236, "spe": 199}, "types": ["Electric", "Grass"]}, "Rillaboom": {"name": "Rillaboom", "species": "Rillaboom", "speciesId": "rillaboom", "gender": "F", "shiny": false, "level": 79, "moves": ["highhorsepower", "swordsdance", "grassyglide", "woodhammer"], "ability": "Grassy Surge", "evs": {"hp": 85, "atk": 85, "def": 85, "spa": 85, "spd": 85, "spe": 85}, "ivs": {"hp": 31, "atk": 31, "def": 31, "spa": 31, "spd": 31, "spe": 31}, "item": "Life Orb", "teraType": "Grass", "role": "Fast Attacker", "bvs": {"hp": 100, "atk": 125, "def": 90, "spa": 60, "spd": 70, "spe": 85}, "stats": {"hp": 288, "atk": 243, "def": 188, "spa": 140, "spd": 156, "spe": 180}, "types": ["Grass"]}, "Excadrill": {"name": "Excadrill", "species": "Excadrill", "speciesId": "excadrill", "gender": "F", "shiny": false, "level": 79, "moves": ["rockslide", "rapidspin", "earthquake", "ironhead"], "ability": "Mold Breaker", "evs": {"hp": 85, "atk": 85, "def": 85, "spa": 85, "spd": 85, "spe": 85}, "ivs": {"hp": 31, "atk": 31, "def": 31, "spa": 31, "spd": 31, "spe": 31}, "item": "Assault Vest", "teraType": "Water", "role": "AV Pivot", "bvs": {"hp": 110, "atk": 135, "def": 60, "spa": 50, "spd": 65, "spe": 88}, "stats": {"hp": 303, "atk": 259, "def": 140, "spa": 125, "spd": 148, "spe": 185}, "types": ["Ground", "Steel"]}, "Flareon": {"name": "Flareon", "species": "Flareon", "speciesId": "flareon", "gender": "M", "shiny": false, "level": 90, "moves": ["facade", "flareblitz", "quickattack", "trailblaze"], "ability": "Guts", "evs": {"hp": 85, "atk": 85, "def": 85, "spa": 85, "spd": 85, "spe": 85}, "ivs": {"hp": 31, "atk": 31, "def": 31, "spa": 31, "spd": 31, "spe": 31}, "item": "Toxic Orb", "teraType": "Normal", "role": "Setup Sweeper", "bvs": {"hp": 65, "atk": 130, "def": 60, "spa": 95, "spd": 110, "spe": 65}, "stats": {"hp": 263, "atk": 285, "def": 159, "spa": 222, "spd": 249, "spe": 168}, "types": ["Fire"]}, "Flamigo": {"name": "Flamigo", "species": "Flamigo", "speciesId": "flamigo", "gender": "F", "shiny": false, "level": 82, "moves": ["uturn", "bravebird", "throatchop", "closecombat"], "ability": "Scrappy", "evs": {"hp": 85, "atk": 85, "def": 85, "spa": 85, "spd": 85, "spe": 85}, "ivs": {"hp": 31, "atk": 31, "def": 31, "spa": 31, "spd": 31, "spe": 31}, "item": "Choice Band", "teraType": "Fighting", "role": "Fast Attacker", "bvs": {"hp": 82, "atk": 115, "def": 74, "spa": 75, "spd": 64, "spe": 90}, "stats": {"hp": 269, "atk": 236, "def": 169, "spa": 170, "spd": 152, "spe": 195}, "types": ["Flying", "Fighting"]}}, {"Iron Valiant": {"name": "Iron Valiant", "species": "Iron Valiant", "speciesId": "ironvaliant", "gender": "N", "shiny": false, "level": 78, "moves": ["closecombat", "knockoff", "swordsdance", "spiritbreak"], "ability": "Quark Drive", "evs": {"hp": 85, "atk": 85, "def": 85, "spa": 85, "spd": 85, "spe": 85}, "ivs": {"hp": 31, "atk": 31, "def": 31, "spa": 31, "spd": 31, "spe": 31}, "item": "Life Orb", "teraType": "Dark", "role": "Setup Sweeper", "bvs": {"hp": 74, "atk": 130, "def": 90, "spa": 120, "spd": 60, "spe": 116}, "stats": {"hp": 244, "atk": 248, "def": 185, "spa": 232, "spd": 139, "spe": 226}, "types": ["Fairy", "Fighting"]}, "Toxtricity": {"name": "Toxtricity", "species": "Toxtricity", "speciesId": "toxtricity", "gender": "F", "shiny": false, "level": 82, "moves": ["shiftgear", "overdrive", "boomburst", "gunkshot"], "ability": "Punk Rock", "evs": {"hp": 85, "atk": 85, "def": 85, "spa": 85, "spd": 85, "spe": 85}, "ivs": {"hp": 31, "atk": 31, "def": 31, "spa": 31, "spd": 31, "spe": 31}, "item": "Throat Spray", "teraType": "Normal", "role": "Setup Sweeper", "bvs": {"hp": 75, "atk": 98, "def": 70, "spa": 114, "spd": 70, "spe": 75}, "stats": {"hp": 257, "atk": 208, "def": 162, "spa": 234, "spd": 162, "spe": 170}, "types": ["Electric", "Poison"]}, "Seviper": {"name": "Seviper", "species": "Seviper", "speciesId": "seviper", "gender": "F", "shiny": false, "level": 93, "moves": ["earthquake", "gunkshot", "knockoff", "switcheroo"], "ability": "Infiltrator", "evs": {"hp": 85, "atk": 85, "def": 85, "spa": 85, "spd": 85, "spe": 85}, "ivs": {"hp": 31, "atk": 31, "def": 31, "spa": 31, "spd": 31, "spe": 31}, "item": "Choice Scarf", "teraType": "Dark", "role": "Fast Attacker", "bvs": {"hp": 73, "atk": 100, "def": 60, "spa": 100, "spd": 60, "spe": 65}, "stats": {"hp": 287, "atk": 239, "def": 164, "spa": 239, "spd": 164, "spe": 174}, "types": ["Poison"]}, "Pachirisu": {"name": "Pachirisu", "species": "Pachirisu", "speciesId": "pachirisu", "gender": "F", "shiny": false, "level": 96, "moves": ["thunderbolt", "nuzzle", "superfang", "uturn"], "ability": "Volt Absorb", "evs": {"hp": 85, "atk": 85, "def": 85, "spa": 85, "spd": 85, "spe": 85}, "ivs": {"hp": 31, "atk": 31, "def": 31, "spa": 31, "spd": 31, "spe": 31}, "item": "Assault Vest", "teraType": "Flying", "role": "AV Pivot", "bvs": {"hp": 60, "atk": 45, "def": 70, "spa": 45, "spd": 90, "spe": 95}, "stats": {"hp": 271, "atk": 141, "def": 189, "spa": 141, "spd": 227, "spe": 237}, "types": ["Electric"]}, "Ribombee": {"name": "Ribombee", "species": "Ribombee", "speciesId": "ribombee", "gender": "M", "shiny": false, "level": 83, "moves": ["uturn", "stickyweb", "moonblast", "bugbuzz"], "ability": "Shield Dust", "evs": {"hp": 85, "atk": 85, "def": 85, "spa": 85, "spd": 85, "spe": 85}, "ivs": {"hp": 31, "atk": 31, "def": 31, "spa": 31, "spd": 31, "spe": 31}, "item": "Heavy-Duty Boots", "teraType": "Ghost", "role": "Fast Support", "bvs": {"hp": 60, "atk": 55, "def": 60, "spa": 95, "spd": 70, "spe": 124}, "stats": {"hp": 235, "atk": 139, "def": 147, "spa": 205, "spd": 164, "spe": 254}, "types": ["Bug", "Fairy"]}, "Cryogonal": {"name": "Cryogonal", "species": "Cryogonal", "speciesId": "cryogonal", "gender": "N", "shiny": false, "level": 89, "moves": ["rapidspin", "haze", "freezedry", "recover"], "ability": "Levitate", "evs": {"hp": 85, "atk": 85, "def": 85, "spa": 85, "spd": 85, "spe": 85}, "ivs": {"hp": 31, "atk": 31, "def": 31, "spa": 31, "spd": 31, "spe": 31}, "item": "Heavy-Duty Boots", "teraType": "Steel", "role": "Bulky Support", "bvs": {"hp": 80, "atk": 50, "def": 50, "spa": 95, "spd": 135, "spe": 105}, "stats": {"hp": 287, "atk": 140, "def": 140, "spa": 220, "spd": 291, "spe": 238}, "types": ["Ice"]}}]}