{"id": "gen9randombattle-2641605808", "format": "[Gen 9] Random Battle", "players": ["thedeadflagblues", "sjzl2"], "log": "|j|\u2606thedeadflagblues\n|j|\u2606sjzl2\n|t:|1782817444\n|gametype|singles\n|player|p1|thedeadflagblues|169|2029\n|player|p2|sjzl2|caitlin|1946\n|gen|9\n|tier|[Gen 9] Random Battle\n|rated|\n|rule|Species Clause: Limit one of each Pok\u00e9mon\n|rule|HP Percentage Mod: HP is shown in percentages\n|rule|Sleep Clause Mod: Limit one foe put to sleep\n|rule|Illusion Level Mod: Illusion disguises the Pok\u00e9mon's true level\n|\n|t:|1782817444\n|teamsize|p1|6\n|teamsize|p2|6\n|start\n|switch|p1a: Regigigas|Regigigas, L84|322/322\n|switch|p2a: Noivern|Noivern, L82, M|274/274\n|-start|p1a: Regigigas|ability: Slow Start\n|turn|1\n|\n|t:|1782817463\n|switch|p2a: Overqwil|Overqwil, L82, F|274/274\n|-ability|p2a: Overqwil|Intimidate|boost\n|-unboost|p1a: Regigigas|atk|1\n|move|p1a: Regigigas|Knock Off|p2a: Overqwil\n|-resisted|p2a: Overqwil\n|-damage|p2a: Overqwil|256/274\n|-enditem|p2a: Overqwil|Loaded Dice|[from] move: Knock Off|[of] p1a: Regigigas\n|\n|upkeep\n|turn|2\n|\n|t:|1782817478\n|switch|p1a: Clodsire|Clodsire, L81, M|343/343\n|move|p2a: Overqwil|Swords Dance|p2a: Overqwil\n|-boost|p2a: Overqwil|atk|2\n|\n|upkeep\n|turn|3\n|\n|t:|1782817490\n|move|p2a: Overqwil|Crunch|p1a: Clodsire\n|-damage|p1a: Clodsire|220/343\n|move|p1a: Clodsire|Earthquake|p2a: Overqwil\n|-supereffective|p2a: Overqwil\n|-damage|p2a: Overqwil|86/274\n|\n|-heal|p1a: Clodsire|241/343|[from] item: Leftovers\n|upkeep\n|turn|4\n|\n|t:|1782817500\n|switch|p2a: Mandibuzz|Mandibuzz, L85, F|326/326\n|move|p1a: Clodsire|Recover|p1a: Clodsire\n|-heal|p1a: Clodsire|343/343\n|\n|upkeep\n|turn|5\n|\n|t:|1782817503\n|move|p2a: Mandibuzz|Knock Off|p1a: Clodsire\n|-damage|p1a: Clodsire|240/343\n|-enditem|p1a: Clodsire|Leftovers|[from] move: Knock Off|[of] p2a: Mandibuzz\n|move|p1a: Clodsire|Toxic|p2a: Mandibuzz\n|-status|p2a: Mandibuzz|tox\n|\n|-damage|p2a: Mandibuzz|306/326 tox|[from] psn\n|upkeep\n|turn|6\n|\n|t:|1782817530\n|switch|p2a: Suicune|Suicune, L82|298/298\n|-ability|p2a: Suicune|Pressure\n|move|p1a: Clodsire|Recover|p1a: Clodsire\n|-heal|p1a: Clodsire|343/343\n|\n|upkeep\n|turn|7\n|\n|t:|1782817539\n|switch|p1a: Abomasnow|Abomasnow, L84, F|287/287\n|-weather|Snowscape|[from] ability: Snow Warning|[of] p1a: Abomasnow\n|move|p2a: Suicune|Substitute|p2a: Suicune\n|-start|p2a: Suicune|Substitute\n|-damage|p2a: Suicune|224/298\n|\n|-weather|Snowscape|[upkeep]\n|-heal|p2a: Suicune|242/298|[from] item: Leftovers\n|upkeep\n|turn|8\n|\n|t:|1782817544\n|move|p2a: Suicune|Scald|p1a: Abomasnow\n|-resisted|p1a: Abomasnow\n|-damage|p1a: Abomasnow|249/287\n|move|p1a: Abomasnow|Wood Hammer|p2a: Suicune\n|-supereffective|p2a: Suicune\n|-end|p2a: Suicune|Substitute\n|-damage|p1a: Abomasnow|225/287|[from] Recoil|[of] p2a: Suicune\n|\n|-weather|Snowscape|[upkeep]\n|-heal|p2a: Suicune|260/298|[from] item: Leftovers\n|upkeep\n|turn|9\n|\n|t:|1782817553\n|move|p2a: Suicune|Scald|p1a: Abomasnow\n|-resisted|p1a: Abomasnow\n|-crit|p1a: Abomasnow\n|-damage|p1a: Abomasnow|167/287\n|move|p1a: Abomasnow|Aurora Veil|p1a: Abomasnow\n|-sidestart|p1: thedeadflagblues|move: Aurora Veil\n|\n|-weather|Snowscape|[upkeep]\n|-heal|p2a: Suicune|278/298|[from] item: Leftovers\n|upkeep\n|turn|10\n|\n|t:|1782817556\n|move|p2a: Suicune|Protect|p2a: Suicune\n|-singleturn|p2a: Suicune|Protect\n|move|p1a: Abomasnow|Wood Hammer|p2a: Suicune\n|-activate|p2a: Suicune|move: Protect\n|\n|-weather|Snowscape|[upkeep]\n|-heal|p2a: Suicune|296/298|[from] item: Leftovers\n|upkeep\n|turn|11\n|\n|t:|1782817558\n|move|p2a: Suicune|Substitute|p2a: Suicune\n|-start|p2a: Suicune|Substitute\n|-damage|p2a: Suicune|222/298\n|move|p1a: Abomasnow|Wood Hammer|p2a: Suicune\n|-supereffective|p2a: Suicune\n|-end|p2a: Suicune|Substitute\n|-damage|p1a: Abomasnow|143/287|[from] Recoil|[of] p2a: Suicune\n|\n|-weather|none\n|-heal|p2a: Suicune|240/298|[from] item: Leftovers\n|upkeep\n|turn|12\n|\n|t:|1782817563\n|move|p2a: Suicune|Protect|p2a: Suicune\n|-singleturn|p2a: Suicune|Protect\n|move|p1a: Abomasnow|Wood Hammer|p2a: Suicune\n|-activate|p2a: Suicune|move: Protect\n|\n|-heal|p2a: Suicune|258/298|[from] item: Leftovers\n|upkeep\n|turn|13\n|\n|t:|1782817582\n|switch|p1a: Serperior|Serperior, L79, M|248/248\n|move|p2a: Suicune|Substitute|p2a: Suicune\n|-start|p2a: Suicune|Substitute\n|-damage|p2a: Suicune|184/298\n|\n|-heal|p2a: Suicune|202/298|[from] item: Leftovers\n|upkeep\n|turn|14\n|\n|t:|1782817604\n|switch|p2a: Mandibuzz|Mandibuzz, L85, F|306/326 tox\n|move|p1a: Serperior|Leaf Storm|p2a: Mandibuzz|[miss]\n|-miss|p1a: Serperior|p2a: Mandibuzz\n|\n|-damage|p2a: Mandibuzz|286/326 tox|[from] psn\n|upkeep\n|turn|15\n|\n|t:|1782817616\n|switch|p1a: Abomasnow|Abomasnow, L84, F|143/287\n|-weather|Snowscape|[from] ability: Snow Warning|[of] p1a: Abomasnow\n|move|p2a: Mandibuzz|Knock Off|p1a: Abomasnow\n|-damage|p1a: Abomasnow|115/287\n|-enditem|p1a: Abomasnow|Light Clay|[from] move: Knock Off|[of] p2a: Mandibuzz\n|\n|-weather|Snowscape|[upkeep]\n|-damage|p2a: Mandibuzz|246/326 tox|[from] psn\n|upkeep\n|turn|16\n|\n|t:|1782817621\n|move|p2a: Mandibuzz|Brave Bird|p1a: Abomasnow\n|-supereffective|p1a: Abomasnow\n|-damage|p1a: Abomasnow|39/287\n|-damage|p2a: Mandibuzz|221/326 tox|[from] Recoil\n|move|p1a: Abomasnow|Blizzard|p2a: Mandibuzz\n|-supereffective|p2a: Mandibuzz\n|-damage|p2a: Mandibuzz|3/326 tox\n|\n|-weather|Snowscape|[upkeep]\n|-damage|p2a: Mandibuzz|0 fnt|[from] psn\n|faint|p2a: Mandibuzz\n|-sideend|p1: thedeadflagblues|move: Aurora Veil\n|upkeep\n|\n|t:|1782817630\n|switch|p2a: Overqwil|Overqwil, L82, F|86/274\n|-ability|p2a: Overqwil|Intimidate|boost\n|-unboost|p1a: Abomasnow|atk|1\n|turn|17\n|\n|t:|1782817635\n|switch|p1a: Clodsire|Clodsire, L81, M|343/343\n|move|p2a: Overqwil|Crunch|p1a: Clodsire\n|-damage|p1a: Clodsire|222/343\n|\n|-weather|Snowscape|[upkeep]\n|upkeep\n|turn|18\n|\n|t:|1782817642\n|switch|p2a: Suicune|Suicune, L82|202/298\n|-ability|p2a: Suicune|Pressure\n|move|p1a: Clodsire|Recover|p1a: Clodsire\n|-heal|p1a: Clodsire|343/343\n|\n|-weather|Snowscape|[upkeep]\n|-heal|p2a: Suicune|220/298|[from] item: Leftovers\n|upkeep\n|turn|19\n|\n|t:|1782817649\n|switch|p1a: Komala|Komala, L88, M|258/258\n|-ability|p1a: Komala|Comatose\n|move|p2a: Suicune|Scald|p1a: Komala\n|-damage|p1a: Komala|213/258\n|\n|-weather|none\n|-heal|p2a: Suicune|238/298|[from] item: Leftovers\n|upkeep\n|turn|20\n|\n|t:|1782817654\n|move|p2a: Suicune|Scald|p1a: Komala\n|-damage|p1a: Komala|171/258\n|move|p1a: Komala|Body Slam|p2a: Suicune\n|-damage|p2a: Suicune|151/298\n|-status|p2a: Suicune|par\n|\n|-heal|p2a: Suicune|169/298 par|[from] item: Leftovers\n|upkeep\n|turn|21\n|\n|t:|1782817658\n|move|p1a: Komala|Knock Off|p2a: Suicune\n|-damage|p2a: Suicune|99/298 par\n|-enditem|p2a: Suicune|Leftovers|[from] move: Knock Off|[of] p1a: Komala\n|cant|p2a: Suicune|par\n|\n|upkeep\n|turn|22\n|\n|t:|1782817661\n|move|p1a: Komala|Body Slam|p2a: Suicune\n|-damage|p2a: Suicune|0 fnt\n|faint|p2a: Suicune\n|\n|upkeep\n|\n|t:|1782817668\n|switch|p2a: Overqwil|Overqwil, L82, F|86/274\n|-ability|p2a: Overqwil|Intimidate|boost\n|-unboost|p1a: Komala|atk|1\n|turn|23\n|-message|sjzl2 forfeited.\n|\n|win|thedeadflagblues\n", "inputlog": ">version f8ac14003a5f27e1bdc8d8c59608a773c1cb96e5\n>start {\"formatid\":\"gen9randombattle\",\"seed\":\"sodium,beda04f7cfd08b8631c38d4b46dd1682\",\"rated\":\"Rated battle\"}\n>player p1 {\"name\":\"thedeadflagblues\",\"avatar\":\"169\",\"rating\":2029,\"seed\":\"sodium,7323b02162ac14a81def09f183757221\"}\n>player p2 {\"name\":\"sjzl2\",\"avatar\":\"caitlin\",\"rating\":1946,\"seed\":\"sodium,81b3ea06a4ec6de18d3a59f1e68a399c\"}\n>p1 move knockoff\n>p2 switch 3\n>p1 switch 5\n>p2 move swordsdance\n>p1 move earthquake\n>p2 move crunch\n>p1 move recover\n>p2 switch 6\n>p1 move toxic\n>p2 move knockoff\n>p1 move recover\n>p2 switch 5\n>p1 switch 4\n>p2 move substitute\n>p1 move woodhammer\n>p2 move scald\n>p1 move auroraveil\n>p2 move scald\n>p1 move woodhammer\n>p2 move protect\n>p1 move woodhammer\n>p2 move substitute\n>p1 move woodhammer\n>p2 move protect\n>p1 switch 2\n>p2 move substitute\n>p1 move leafstorm\n>p2 switch 5\n>p1 switch 2\n>p2 move knockoff\n>p1 move blizzard\n>p2 move bravebird\n>p2 switch 6\n>p1 switch 4\n>p2 move crunch\n>p1 move recover\n>p2 switch 5\n>p1 switch 6\n>p2 move scald\n>p1 move bodyslam\n>p2 move scald\n>p1 move knockoff\n>p2 move scald\n>p1 move bodyslam\n>p2 move scald\n>p2 switch 5\n>forcelose p2", "uploadtime": 1782817447, "views": 3, "formatid": "gen9randombattle", "rating": null, "private": 0, "password": null, "player_dets": [{"name": "thedeadflagblues", "avatar": "169", "rating": 2029, "seed": "sodium,7323b02162ac14a81def09f183757221"}, {"name": "sjzl2", "avatar": "caitlin", "rating": 1946, "seed": "sodium,81b3ea06a4ec6de18d3a59f1e68a399c"}], "teams_full": [{"Regigigas": {"name": "Regigigas", "species": "Regigigas", "speciesId": "regigigas", "gender": "N", "shiny": false, "level": 84, "moves": ["bodyslam", "rest", "sleeptalk", "knockoff"], "ability": "Slow Start", "evs": {"hp": 85, "atk": 85, "def": 85, "spa": 85, "spd": 85, "spe": 85}, "ivs": {"hp": 31, "atk": 31, "def": 31, "spa": 31, "spd": 31, "spe": 31}, "item": "Leftovers", "teraType": "Ghost", "role": "Bulky Support", "bvs": {"hp": 110, "atk": 160, "def": 110, "spa": 80, "spd": 110, "spe": 100}, "stats": {"hp": 322, "atk": 317, "def": 233, "spa": 183, "spd": 233, "spe": 216}, "types": ["Normal"]}, "Serperior": {"name": "Serperior", "species": "Serperior", "speciesId": "serperior", "gender": "M", "shiny": false, "level": 79, "moves": ["leafstorm", "dragonpulse", "glare", "synthesis"], "ability": "Contrary", "evs": {"hp": 85, "atk": 0, "def": 85, "spa": 85, "spd": 85, "spe": 85}, "ivs": {"hp": 31, "atk": 0, "def": 31, "spa": 31, "spd": 31, "spe": 31}, "item": "Life Orb", "teraType": "Grass", "role": "Fast Attacker", "bvs": {"hp": 75, "atk": 75, "def": 95, "spa": 75, "spd": 95, "spe": 113}, "stats": {"hp": 248, "atk": 123, "def": 196, "spa": 164, "spd": 196, "spe": 224}, "types": ["Grass"]}, "Mismagius": {"name": "Mismagius", "species": "Mismagius", "speciesId": "mismagius", "gender": "M", "shiny": false, "level": 86, "moves": ["substitute", "shadowball", "terablast", "nastyplot"], "ability": "Levitate", "evs": {"hp": 85, "atk": 0, "def": 85, "spa": 85, "spd": 85, "spe": 85}, "ivs": {"hp": 31, "atk": 0, "def": 31, "spa": 31, "spd": 31, "spe": 31}, "item": "Leftovers", "teraType": "Fighting", "role": "Tera Blast user", "bvs": {"hp": 60, "atk": 60, "def": 60, "spa": 105, "spd": 105, "spe": 105}, "stats": {"hp": 243, "atk": 108, "def": 152, "spa": 230, "spd": 230, "spe": 230}, "types": ["Ghost"]}, "Abomasnow": {"name": "Abomasnow", "species": "Abomasnow", "speciesId": "abomasnow", "gender": "F", "shiny": false, "level": 84, "moves": ["auroraveil", "woodhammer", "blizzard", "earthquake"], "ability": "Snow Warning", "evs": {"hp": 77, "atk": 85, "def": 85, "spa": 85, "spd": 85, "spe": 85}, "ivs": {"hp": 31, "atk": 31, "def": 31, "spa": 31, "spd": 31, "spe": 31}, "item": "Light Clay", "teraType": "Water", "role": "Bulky Support", "bvs": {"hp": 90, "atk": 92, "def": 75, "spa": 92, "spd": 85, "spe": 60}, "stats": {"hp": 287, "atk": 203, "def": 174, "spa": 203, "spd": 191, "spe": 149}, "types": ["Grass", "Ice"]}, "Clodsire": {"name": "Clodsire", "species": "Clodsire", "speciesId": "clodsire", "gender": "M", "shiny": false, "level": 81, "moves": ["recover", "poisonjab", "earthquake", "toxic"], "ability": "Unaware", "evs": {"hp": 85, "atk": 85, "def": 85, "spa": 85, "spd": 85, "spe": 85}, "ivs": {"hp": 31, "atk": 31, "def": 31, "spa": 31, "spd": 31, "spe": 31}, "item": "Leftovers", "teraType": "Flying", "role": "Bulky Support", "bvs": {"hp": 130, "atk": 75, "def": 60, "spa": 45, "spd": 100, "spe": 20}, "stats": {"hp": 343, "atk": 168, "def": 144, "spa": 120, "spd": 209, "spe": 79}, "types": ["Poison", "Ground"]}, "Komala": {"name": "Komala", "species": "Komala", "speciesId": "komala", "gender": "M", "shiny": false, "level": 88, "moves": ["knockoff", "bodyslam", "rapidspin", "uturn"], "ability": "Comatose", "evs": {"hp": 85, "atk": 85, "def": 85, "spa": 85, "spd": 85, "spe": 85}, "ivs": {"hp": 31, "atk": 31, "def": 31, "spa": 31, "spd": 31, "spe": 31}, "item": "Assault Vest", "teraType": "Ghost", "role": "Bulky Support", "bvs": {"hp": 65, "atk": 115, "def": 65, "spa": 75, "spd": 95, "spe": 65}, "stats": {"hp": 258, "atk": 253, "def": 165, "spa": 182, "spd": 217, "spe": 165}, "types": ["Normal"]}}, {"Noivern": {"name": "Noivern", "species": "Noivern", "speciesId": "noivern", "gender": "M", "shiny": false, "level": 82, "moves": ["hurricane", "dracometeor", "flamethrower", "boomburst"], "ability": "Infiltrator", "evs": {"hp": 85, "atk": 0, "def": 85, "spa": 85, "spd": 85, "spe": 85}, "ivs": {"hp": 31, "atk": 0, "def": 31, "spa": 31, "spd": 31, "spe": 31}, "item": "Choice Specs", "teraType": "Normal", "role": "Fast Attacker", "bvs": {"hp": 85, "atk": 70, "def": 80, "spa": 97, "spd": 80, "spe": 123}, "stats": {"hp": 274, "atk": 119, "def": 178, "spa": 206, "spd": 178, "spe": 249}, "types": ["Flying", "Dragon"]}, "Granbull": {"name": "Granbull", "species": "Granbull", "speciesId": "granbull", "gender": "F", "shiny": false, "level": 88, "moves": ["encore", "playrough", "earthquake", "thunderwave"], "ability": "Intimidate", "evs": {"hp": 85, "atk": 85, "def": 85, "spa": 85, "spd": 85, "spe": 85}, "ivs": {"hp": 31, "atk": 31, "def": 31, "spa": 31, "spd": 31, "spe": 31}, "item": "Leftovers", "teraType": "Ground", "role": "Bulky Attacker", "bvs": {"hp": 90, "atk": 120, "def": 75, "spa": 60, "spd": 60, "spe": 45}, "stats": {"hp": 302, "atk": 261, "def": 182, "spa": 156, "spd": 156, "spe": 129}, "types": ["Fairy"]}, "Overqwil": {"name": "Overqwil", "species": "Overqwil", "speciesId": "overqwil", "gender": "F", "shiny": false, "level": 82, "moves": ["scaleshot", "crunch", "swordsdance", "gunkshot"], "ability": "Intimidate", "evs": {"hp": 85, "atk": 85, "def": 85, "spa": 85, "spd": 85, "spe": 85}, "ivs": {"hp": 31, "atk": 31, "def": 31, "spa": 31, "spd": 31, "spe": 31}, "item": "Loaded Dice", "teraType": "Dragon", "role": "Setup Sweeper", "bvs": {"hp": 85, "atk": 115, "def": 95, "spa": 65, "spd": 65, "spe": 85}, "stats": {"hp": 274, "atk": 236, "def": 203, "spa": 154, "spd": 154, "spe": 187}, "types": ["Dark", "Poison"]}, "Dudunsparce": {"name": "Dudunsparce", "species": "Dudunsparce", "speciesId": "dudunsparce", "gender": "F", "shiny": false, "level": 83, "moves": ["glare", "earthquake", "headbutt", "roost"], "ability": "Serene Grace", "evs": {"hp": 85, "atk": 85, "def": 85, "spa": 85, "spd": 85, "spe": 85}, "ivs": {"hp": 31, "atk": 31, "def": 31, "spa": 31, "spd": 31, "spe": 31}, "item": "Leftovers", "teraType": "Ground", "role": "Bulky Support", "bvs": {"hp": 125, "atk": 100, "def": 80, "spa": 85, "spd": 75, "spe": 55}, "stats": {"hp": 343, "atk": 214, "def": 180, "spa": 189, "spd": 172, "spe": 139}, "types": ["Normal"]}, "Suicune": {"name": "Suicune", "species": "Suicune", "speciesId": "suicune", "gender": "N", "shiny": false, "level": 82, "moves": ["substitute", "scald", "calmmind", "protect"], "ability": "Pressure", "evs": {"hp": 85, "atk": 0, "def": 85, "spa": 85, "spd": 85, "spe": 85}, "ivs": {"hp": 31, "atk": 0, "def": 31, "spa": 31, "spd": 31, "spe": 31}, "item": "Leftovers", "teraType": "Steel", "role": "Fast Support", "bvs": {"hp": 100, "atk": 75, "def": 115, "spa": 90, "spd": 115, "spe": 85}, "stats": {"hp": 298, "atk": 127, "def": 236, "spa": 195, "spd": 236, "spe": 187}, "types": ["Water"]}, "Mandibuzz": {"name": "Mandibuzz", "species": "Mandibuzz", "speciesId": "mandibuzz", "gender": "F", "shiny": false, "level": 85, "moves": ["bravebird", "defog", "roost", "knockoff"], "ability": "Overcoat", "evs": {"hp": 85, "atk": 85, "def": 85, "spa": 85, "spd": 85, "spe": 85}, "ivs": {"hp": 31, "atk": 31, "def": 31, "spa": 31, "spd": 31, "spe": 31}, "item": "Heavy-Duty Boots", "teraType": "Steel", "role": "Bulky Attacker", "bvs": {"hp": 110, "atk": 65, "def": 105, "spa": 55, "spd": 95, "spe": 80}, "stats": {"hp": 326, "atk": 159, "def": 227, "spa": 142, "spd": 210, "spe": 185}, "types": ["Dark", "Flying"]}}]}