{"id": "gen9randombattle-2641461082", "format": "[Gen 9] Random Battle", "players": ["sarodiya", "nickolassbomfim"], "log": "|j|\u2606sarodiya\n|j|\u2606nickolassbomfim\n|t:|1782788317\n|gametype|singles\n|player|p1|sarodiya|265|1917\n|player|p2|nickolassbomfim|red-masters|2041\n|gen|9\n|tier|[Gen 9] Random Battle\n|rated|\n|rule|Species Clause: Limit one of each Pok\u00e9mon\n|rule|HP Percentage Mod: HP is shown in percentages\n|rule|Sleep Clause Mod: Limit one foe put to sleep\n|rule|Illusion Level Mod: Illusion disguises the Pok\u00e9mon's true level\n|\n|t:|1782788317\n|teamsize|p1|6\n|teamsize|p2|6\n|start\n|switch|p1a: Magnezone|Magnezone, L85|258/258\n|switch|p2a: Hydreigon|Hydreigon, L79, F|275/275\n|turn|1\n|inactive|Battle timer is ON: inactive players will automatically lose when time's up. (requested by sarodiya)\n|\n|t:|1782788332\n|move|p1a: Magnezone|Volt Switch|p2a: Hydreigon\n|-resisted|p2a: Hydreigon\n|-damage|p2a: Hydreigon|226/275\n|\n|t:|1782788335\n|switch|p1a: Weavile|Weavile, L79, M|239/239|[from] Volt Switch\n|move|p2a: Hydreigon|Dark Pulse|p1a: Weavile\n|-resisted|p1a: Weavile\n|-damage|p1a: Weavile|167/239\n|\n|upkeep\n|turn|2\n|\n|t:|1782788342\n|switch|p2a: Poliwrath|Poliwrath, L88, M|302/302\n|move|p1a: Weavile|Triple Axel|p2a: Poliwrath\n|-resisted|p2a: Poliwrath\n|-damage|p2a: Poliwrath|286/302\n|-resisted|p2a: Poliwrath\n|-damage|p2a: Poliwrath|259/302\n|-resisted|p2a: Poliwrath\n|-crit|p2a: Poliwrath\n|-damage|p2a: Poliwrath|189/302\n|-hitcount|p2a: Poliwrath|3\n|\n|upkeep\n|turn|3\n|\n|t:|1782788354\n|switch|p1a: Victreebel|Victreebel, L90, M|290/290\n|move|p2a: Poliwrath|Knock Off|p1a: Victreebel\n|-damage|p1a: Victreebel|211/290\n|-enditem|p1a: Victreebel|Life Orb|[from] move: Knock Off|[of] p2a: Poliwrath\n|\n|upkeep\n|turn|4\n|\n|t:|1782788364\n|switch|p2a: Froslass|Froslass, L87, F|263/263\n|move|p1a: Victreebel|Poison Jab|p2a: Froslass\n|-resisted|p2a: Froslass\n|-damage|p2a: Froslass|200/263\n|-start|p1a: Victreebel|Disable|Poison Jab|[from] ability: Cursed Body|[of] p2a: Froslass\n|\n|upkeep\n|turn|5\n|\n|t:|1782788385\n|move|p2a: Froslass|Will-O-Wisp|p1a: Victreebel\n|-status|p1a: Victreebel|brn\n|move|p1a: Victreebel|Power Whip|p2a: Froslass\n|-damage|p2a: Froslass|105/263\n|\n|-damage|p1a: Victreebel|193/290 brn|[from] brn\n|upkeep\n|turn|6\n|\n|t:|1782788391\n|switch|p1a: Weavile|Weavile, L79, M|167/239\n|move|p2a: Froslass|Triple Axel|p1a: Weavile\n|-resisted|p1a: Weavile\n|-damage|p1a: Weavile|154/239\n|-resisted|p1a: Weavile\n|-damage|p1a: Weavile|130/239\n|-resisted|p1a: Weavile\n|-damage|p1a: Weavile|89/239\n|-hitcount|p1a: Weavile|3\n|\n|upkeep\n|turn|7\n|\n|t:|1782788395\n|move|p1a: Weavile|Knock Off|p2a: Froslass\n|-supereffective|p2a: Froslass\n|-damage|p2a: Froslass|0 fnt\n|-enditem|p2a: Froslass|Wide Lens|[from] move: Knock Off|[of] p1a: Weavile\n|faint|p2a: Froslass\n|\n|upkeep\n|\n|t:|1782788402\n|switch|p2a: Gardevoir|Gardevoir, L83, F|249/249\n|-ability|p2a: Gardevoir|Pickpocket|Trace|[from] ability: Trace|[of] p1a: Weavile\n|turn|8\n|inactive|sarodiya has 120 seconds left.\n|\n|t:|1782788444\n|move|p2a: Gardevoir|Focus Blast|p1a: Weavile\n|-supereffective|p1a: Weavile\n|-damage|p1a: Weavile|0 fnt\n|faint|p1a: Weavile\n|\n|upkeep\n|\n|t:|1782788451\n|switch|p1a: Victreebel|Victreebel, L90, M|193/290 brn\n|turn|9\n|\n|t:|1782788467\n|switch|p2a: Hydreigon|Hydreigon, L79, F|226/275\n|move|p1a: Victreebel|Poison Jab|p2a: Hydreigon\n|-damage|p2a: Hydreigon|175/275\n|\n|-damage|p1a: Victreebel|175/290 brn|[from] brn\n|upkeep\n|turn|10\n|\n|t:|1782788475\n|move|p1a: Victreebel|Sucker Punch|p2a: Hydreigon\n|-resisted|p2a: Hydreigon\n|-damage|p2a: Hydreigon|158/275\n|move|p2a: Hydreigon|Dark Pulse|p1a: Victreebel\n|-damage|p1a: Victreebel|22/290 brn\n|\n|-damage|p1a: Victreebel|4/290 brn|[from] brn\n|upkeep\n|turn|11\n|\n|t:|1782788482\n|move|p1a: Victreebel|Sucker Punch|p2a: Hydreigon\n|-resisted|p2a: Hydreigon\n|-damage|p2a: Hydreigon|143/275\n|move|p2a: Hydreigon|Dark Pulse|p1a: Victreebel\n|-damage|p1a: Victreebel|0 fnt\n|faint|p1a: Victreebel\n|\n|upkeep\n|\n|t:|1782788496\n|switch|p1a: Donphan|Donphan, L84, F|288/288\n|turn|12\n|\n|t:|1782788500\n|move|p2a: Hydreigon|Dark Pulse|p1a: Donphan\n|-damage|p1a: Donphan|171/288\n|move|p1a: Donphan|Ice Spinner|p2a: Hydreigon\n|-supereffective|p2a: Hydreigon\n|-damage|p2a: Hydreigon|13/275\n|\n|upkeep\n|turn|13\n|\n|t:|1782788504\n|move|p1a: Donphan|Ice Shard|p2a: Hydreigon\n|-supereffective|p2a: Hydreigon\n|-damage|p2a: Hydreigon|0 fnt\n|faint|p2a: Hydreigon\n|\n|upkeep\n|\n|t:|1782788512\n|switch|p2a: Poliwrath|Poliwrath, L88, M|189/302\n|turn|14\n|\n|t:|1782788518\n|move|p2a: Poliwrath|Liquidation|p1a: Donphan\n|-supereffective|p1a: Donphan\n|-damage|p1a: Donphan|9/288\n|move|p1a: Donphan|Earthquake|p2a: Poliwrath\n|-crit|p2a: Poliwrath\n|-damage|p2a: Poliwrath|11/302\n|\n|upkeep\n|turn|15\n|\n|t:|1782788525\n|move|p1a: Donphan|Ice Shard|p2a: Poliwrath\n|-resisted|p2a: Poliwrath\n|-damage|p2a: Poliwrath|0 fnt\n|faint|p2a: Poliwrath\n|\n|upkeep\n|\n|t:|1782788531\n|switch|p2a: Keldeo|Keldeo-Resolute, L79|273/273\n|turn|16\n|\n|t:|1782788536\n|move|p2a: Keldeo|Calm Mind|p2a: Keldeo\n|-boost|p2a: Keldeo|spa|1\n|-boost|p2a: Keldeo|spd|1\n|move|p1a: Donphan|Earthquake|p2a: Keldeo\n|-damage|p2a: Keldeo|138/273\n|\n|-heal|p2a: Keldeo|155/273|[from] item: Leftovers\n|upkeep\n|turn|17\n|\n|t:|1782788540\n|move|p2a: Keldeo|Secret Sword|p1a: Donphan\n|-damage|p1a: Donphan|0 fnt\n|faint|p1a: Donphan\n|\n|-heal|p2a: Keldeo|172/273|[from] item: Leftovers\n|upkeep\n|\n|t:|1782788545\n|switch|p1a: Magnezone|Magnezone, L85|258/258\n|turn|18\n|\n|t:|1782788548\n|move|p1a: Magnezone|Thunderbolt|p2a: Keldeo\n|-supereffective|p2a: Keldeo\n|-damage|p2a: Keldeo|2/273\n|move|p2a: Keldeo|Secret Sword|p1a: Magnezone\n|-supereffective|p1a: Magnezone\n|-damage|p1a: Magnezone|18/258\n|\n|-heal|p2a: Keldeo|19/273|[from] item: Leftovers\n|upkeep\n|turn|19\n|\n|t:|1782788558\n|move|p1a: Magnezone|Thunderbolt|p2a: Keldeo\n|-supereffective|p2a: Keldeo\n|-damage|p2a: Keldeo|0 fnt\n|faint|p2a: Keldeo\n|\n|upkeep\n|\n|t:|1782788560\n|switch|p2a: Rotom|Rotom-Frost, L87|229/229\n|turn|20\n|\n|t:|1782788569\n|switch|p1a: Entei|Entei, L78|307/307\n|move|p2a: Rotom|Nasty Plot|p2a: Rotom\n|-boost|p2a: Rotom|spa|2\n|\n|upkeep\n|turn|21\n|\n|t:|1782788574\n|-terastallize|p2a: Rotom|Electric\n|move|p1a: Entei|Flare Blitz|p2a: Rotom\n|-damage|p2a: Rotom|75/229\n|-damage|p1a: Entei|256/307|[from] Recoil\n|move|p2a: Rotom|Thunderbolt|p1a: Entei\n|-damage|p1a: Entei|0 fnt\n|faint|p1a: Entei\n|\n|upkeep\n|\n|t:|1782788578\n|switch|p1a: Floatzel|Floatzel, L86, F|286/286\n|turn|22\n|\n|t:|1782788582\n|move|p1a: Floatzel|Flip Turn|p2a: Rotom\n|-damage|p2a: Rotom|0 fnt\n|faint|p2a: Rotom\n|\n|t:|1782788583\n|switch|p1a: Magnezone|Magnezone, L85|18/258|[from] Flip Turn\n|\n|upkeep\n|\n|t:|1782788585\n|switch|p2a: Gardevoir|Gardevoir, L83, F|249/249\n|-ability|p2a: Gardevoir|Analytic|Trace|[from] ability: Trace|[of] p1a: Magnezone\n|turn|23\n|\n|t:|1782788600\n|move|p2a: Gardevoir|Moonblast|p1a: Magnezone\n|-resisted|p1a: Magnezone\n|-damage|p1a: Magnezone|0 fnt\n|faint|p1a: Magnezone\n|\n|upkeep\n|\n|t:|1782788601\n|switch|p1a: Floatzel|Floatzel, L86, F|286/286\n|turn|24\n|\n|t:|1782788604\n|-terastallize|p1a: Floatzel|Water\n|move|p2a: Gardevoir|Moonblast|p1a: Floatzel\n|-damage|p1a: Floatzel|108/286\n|-unboost|p1a: Floatzel|spa|1\n|move|p1a: Floatzel|Wave Crash|p2a: Gardevoir\n|-damage|p2a: Gardevoir|0 fnt\n|faint|p2a: Gardevoir\n|-damage|p1a: Floatzel|26/286|[from] Recoil\n|\n|win|sarodiya\n", "inputlog": ">version f8ac14003a5f27e1bdc8d8c59608a773c1cb96e5\n>start {\"formatid\":\"gen9randombattle\",\"seed\":\"sodium,0b28021023982951efefb77fb5e2765a\",\"rated\":\"Rated battle\"}\n>player p1 {\"name\":\"sarodiya\",\"avatar\":\"265\",\"rating\":1917,\"seed\":\"sodium,ff7d019735ccf8bf6dca25e8abb4bfd6\"}\n>player p2 {\"name\":\"nickolassbomfim\",\"avatar\":\"red-masters\",\"rating\":2041,\"seed\":\"sodium,d1237d9d5d61f223afc0e995238ed6d0\"}\n>p1 move voltswitch\n>p2 move darkpulse\n>p1 switch 2\n>p1 move tripleaxel\n>p2 switch 3\n>p1 switch 3\n>p2 move knockoff\n>p1 move poisonjab\n>p2 switch 5\n>p1 move powerwhip\n>p2 move willowisp\n>p1 switch 3\n>p2 move tripleaxel\n>p1 move knockoff\n>p2 move willowisp\n>p2 switch 6\n>p1 move knockoff\n>p2 move focusblast\n>p1 switch 3\n>p1 move poisonjab\n>p2 switch 3\n>p1 move suckerpunch\n>p2 move darkpulse\n>p1 move suckerpunch\n>p2 move darkpulse\n>p1 switch 6\n>p1 move icespinner\n>p2 move darkpulse\n>p1 move iceshard\n>p2 move darkpulse\n>p2 switch 5\n>p1 move earthquake\n>p2 move liquidation\n>p1 move iceshard\n>p2 move liquidation\n>p2 switch 2\n>p1 move earthquake\n>p2 move calmmind\n>p1 move earthquake\n>p2 move secretsword\n>p1 switch 2\n>p1 move thunderbolt\n>p2 move secretsword\n>p1 move thunderbolt\n>p2 move secretsword\n>p2 switch 4\n>p1 switch 5\n>p2 move nastyplot\n>p1 move flareblitz\n>p2 move thunderbolt terastallize\n>p1 switch 4\n>p1 move flipturn\n>p2 move thunderbolt\n>p1 switch 5\n>p2 switch 3\n>p1 move flashcannon\n>p2 move moonblast\n>p1 switch 5\n>p1 move wavecrash terastallize\n>p2 move moonblast", "uploadtime": 1782788319, "views": 6, "formatid": "gen9randombattle", "rating": null, "private": 0, "password": null, "player_dets": [{"name": "sarodiya", "avatar": "265", "rating": 1917, "seed": "sodium,ff7d019735ccf8bf6dca25e8abb4bfd6"}, {"name": "nickolassbomfim", "avatar": "red-masters", "rating": 2041, "seed": "sodium,d1237d9d5d61f223afc0e995238ed6d0"}], "teams_full": [{"Magnezone": {"name": "Magnezone", "species": "Magnezone", "speciesId": "magnezone", "gender": "N", "shiny": false, "level": 85, "moves": ["bodypress", "voltswitch", "thunderbolt", "flashcannon"], "ability": "Analytic", "evs": {"hp": 85, "atk": 0, "def": 85, "spa": 85, "spd": 85, "spe": 85}, "ivs": {"hp": 31, "atk": 0, "def": 31, "spa": 31, "spd": 31, "spe": 31}, "item": "Choice Scarf", "teraType": "Flying", "role": "Fast Attacker", "bvs": {"hp": 70, "atk": 70, "def": 115, "spa": 130, "spd": 90, "spe": 60}, "stats": {"hp": 258, "atk": 124, "def": 244, "spa": 270, "spd": 202, "spe": 151}, "types": ["Electric", "Steel"]}, "Weavile": {"name": "Weavile", "species": "Weavile", "speciesId": "weavile", "gender": "M", "shiny": false, "level": 79, "moves": ["lowkick", "tripleaxel", "iceshard", "knockoff"], "ability": "Pickpocket", "evs": {"hp": 81, "atk": 85, "def": 85, "spa": 85, "spd": 85, "spe": 85}, "ivs": {"hp": 31, "atk": 31, "def": 31, "spa": 31, "spd": 31, "spe": 31}, "item": "Choice Band", "teraType": "Dark", "role": "Fast Attacker", "bvs": {"hp": 70, "atk": 120, "def": 65, "spa": 45, "spd": 85, "spe": 125}, "stats": {"hp": 239, "atk": 235, "def": 148, "spa": 117, "spd": 180, "spe": 243}, "types": ["Dark", "Ice"]}, "Victreebel": {"name": "Victreebel", "species": "Victreebel", "speciesId": "victreebel", "gender": "M", "shiny": false, "level": 90, "moves": ["suckerpunch", "poisonjab", "powerwhip", "swordsdance"], "ability": "Chlorophyll", "evs": {"hp": 85, "atk": 85, "def": 85, "spa": 85, "spd": 85, "spe": 85}, "ivs": {"hp": 31, "atk": 31, "def": 31, "spa": 31, "spd": 31, "spe": 31}, "item": "Life Orb", "teraType": "Grass", "role": "Setup Sweeper", "bvs": {"hp": 80, "atk": 105, "def": 65, "spa": 100, "spd": 70, "spe": 70}, "stats": {"hp": 290, "atk": 240, "def": 168, "spa": 231, "spd": 177, "spe": 177}, "types": ["Grass", "Poison"]}, "Floatzel": {"name": "Floatzel", "species": "Floatzel", "speciesId": "floatzel", "gender": "F", "shiny": false, "level": 86, "moves": ["crunch", "flipturn", "icespinner", "wavecrash"], "ability": "Water Veil", "evs": {"hp": 85, "atk": 85, "def": 85, "spa": 85, "spd": 85, "spe": 85}, "ivs": {"hp": 31, "atk": 31, "def": 31, "spa": 31, "spd": 31, "spe": 31}, "item": "Choice Band", "teraType": "Water", "role": "Wallbreaker", "bvs": {"hp": 85, "atk": 105, "def": 55, "spa": 85, "spd": 50, "spe": 115}, "stats": {"hp": 286, "atk": 230, "def": 144, "spa": 195, "spd": 135, "spe": 247}, "types": ["Water"]}, "Entei": {"name": "Entei", "species": "Entei", "speciesId": "entei", "gender": "N", "shiny": false, "level": 78, "moves": ["stompingtantrum", "flareblitz", "sacredfire", "extremespeed"], "ability": "Inner Focus", "evs": {"hp": 85, "atk": 85, "def": 85, "spa": 85, "spd": 85, "spe": 85}, "ivs": {"hp": 31, "atk": 31, "def": 31, "spa": 31, "spd": 31, "spe": 31}, "item": "Choice Band", "teraType": "Fire", "role": "Wallbreaker", "bvs": {"hp": 115, "atk": 115, "def": 85, "spa": 90, "spd": 75, "spe": 100}, "stats": {"hp": 307, "atk": 224, "def": 178, "spa": 185, "spd": 162, "spe": 201}, "types": ["Fire"]}, "Donphan": {"name": "Donphan", "species": "Donphan", "speciesId": "donphan", "gender": "F", "shiny": false, "level": 84, "moves": ["icespinner", "earthquake", "iceshard", "rapidspin"], "ability": "Sturdy", "evs": {"hp": 85, "atk": 85, "def": 85, "spa": 85, "spd": 85, "spe": 85}, "ivs": {"hp": 31, "atk": 31, "def": 31, "spa": 31, "spd": 31, "spe": 31}, "item": "Assault Vest", "teraType": "Steel", "role": "Bulky Support", "bvs": {"hp": 90, "atk": 120, "def": 120, "spa": 60, "spd": 60, "spe": 50}, "stats": {"hp": 288, "atk": 250, "def": 250, "spa": 149, "spd": 149, "spe": 132}, "types": ["Ground"]}}, {"Hydreigon": {"name": "Hydreigon", "species": "Hydreigon", "speciesId": "hydreigon", "gender": "F", "shiny": false, "level": 79, "moves": ["darkpulse", "uturn", "dracometeor", "flashcannon"], "ability": "Levitate", "evs": {"hp": 85, "atk": 85, "def": 85, "spa": 85, "spd": 85, "spe": 85}, "ivs": {"hp": 31, "atk": 31, "def": 31, "spa": 31, "spd": 31, "spe": 31}, "item": "Choice Specs", "teraType": "Dragon", "role": "Fast Attacker", "bvs": {"hp": 92, "atk": 105, "def": 90, "spa": 125, "spd": 90, "spe": 98}, "stats": {"hp": 275, "atk": 211, "def": 188, "spa": 243, "spd": 188, "spe": 200}, "types": ["Dark", "Dragon"]}, "Keldeo": {"name": "Keldeo", "species": "Keldeo-Resolute", "speciesId": "keldeoresolute", "gender": "N", "shiny": false, "level": 79, "moves": ["substitute", "calmmind", "secretsword", "hydropump"], "ability": "Justified", "evs": {"hp": 85, "atk": 0, "def": 85, "spa": 85, "spd": 85, "spe": 85}, "ivs": {"hp": 31, "atk": 0, "def": 31, "spa": 31, "spd": 31, "spe": 31}, "item": "Leftovers", "teraType": "Steel", "role": "Bulky Setup", "bvs": {"hp": 91, "atk": 72, "def": 90, "spa": 129, "spd": 90, "spe": 108}, "stats": {"hp": 273, "atk": 118, "def": 188, "spa": 249, "spd": 188, "spe": 216}, "types": ["Water", "Fighting"]}, "Poliwrath": {"name": "Poliwrath", "species": "Poliwrath", "speciesId": "poliwrath", "gender": "M", "shiny": false, "level": 88, "moves": ["knockoff", "closecombat", "liquidation", "circlethrow"], "ability": "Water Absorb", "evs": {"hp": 85, "atk": 85, "def": 85, "spa": 85, "spd": 85, "spe": 85}, "ivs": {"hp": 31, "atk": 31, "def": 31, "spa": 31, "spd": 31, "spe": 31}, "item": "Assault Vest", "teraType": "Steel", "role": "AV Pivot", "bvs": {"hp": 90, "atk": 95, "def": 95, "spa": 70, "spd": 90, "spe": 70}, "stats": {"hp": 302, "atk": 217, "def": 217, "spa": 173, "spd": 209, "spe": 173}, "types": ["Water", "Fighting"]}, "Rotom": {"name": "Rotom", "species": "Rotom-Frost", "speciesId": "rotomfrost", "gender": "N", "shiny": false, "level": 87, "moves": ["thunderbolt", "willowisp", "blizzard", "nastyplot"], "ability": "Levitate", "evs": {"hp": 85, "atk": 0, "def": 85, "spa": 85, "spd": 85, "spe": 85}, "ivs": {"hp": 31, "atk": 0, "def": 31, "spa": 31, "spd": 31, "spe": 31}, "item": "Heavy-Duty Boots", "teraType": "Electric", "role": "Fast Attacker", "bvs": {"hp": 50, "atk": 65, "def": 107, "spa": 105, "spd": 107, "spe": 86}, "stats": {"hp": 229, "atk": 118, "def": 236, "spa": 232, "spd": 236, "spe": 199}, "types": ["Electric", "Ice"]}, "Froslass": {"name": "Froslass", "species": "Froslass", "speciesId": "froslass", "gender": "F", "shiny": false, "level": 87, "moves": ["willowisp", "destinybond", "poltergeist", "tripleaxel"], "ability": "Cursed Body", "evs": {"hp": 81, "atk": 85, "def": 85, "spa": 85, "spd": 85, "spe": 85}, "ivs": {"hp": 31, "atk": 31, "def": 31, "spa": 31, "spd": 31, "spe": 31}, "item": "Wide Lens", "teraType": "Ghost", "role": "Fast Support", "bvs": {"hp": 70, "atk": 80, "def": 70, "spa": 80, "spd": 70, "spe": 110}, "stats": {"hp": 263, "atk": 189, "def": 172, "spa": 189, "spd": 172, "spe": 241}, "types": ["Ice", "Ghost"]}, "Gardevoir": {"name": "Gardevoir", "species": "Gardevoir", "speciesId": "gardevoir", "gender": "F", "shiny": false, "level": 83, "moves": ["trick", "moonblast", "focusblast", "psyshock"], "ability": "Trace", "evs": {"hp": 85, "atk": 0, "def": 85, "spa": 85, "spd": 85, "spe": 85}, "ivs": {"hp": 31, "atk": 0, "def": 31, "spa": 31, "spd": 31, "spe": 31}, "item": "Choice Scarf", "teraType": "Fighting", "role": "Fast Attacker", "bvs": {"hp": 68, "atk": 65, "def": 65, "spa": 125, "spd": 115, "spe": 80}, "stats": {"hp": 249, "atk": 112, "def": 156, "spa": 255, "spd": 239, "spe": 180}, "types": ["Psychic", "Fairy"]}}]}