{"id": "gen9randombattle-2641706290", "format": "[Gen 9] Random Battle", "players": ["3 putt", "Mr. Mt. Mooner"], "log": "|j|\u26063 putt\n|j|\u2606Mr. Mt. Mooner\n|t:|1782832186\n|gametype|singles\n|player|p1|3 putt|266|1326\n|player|p2|Mr. Mt. Mooner|bruno|1274\n|gen|9\n|tier|[Gen 9] Random Battle\n|rated|\n|rule|Species Clause: Limit one of each Pok\u00e9mon\n|rule|HP Percentage Mod: HP is shown in percentages\n|rule|Sleep Clause Mod: Limit one foe put to sleep\n|rule|Illusion Level Mod: Illusion disguises the Pok\u00e9mon's true level\n|\n|t:|1782832186\n|teamsize|p1|6\n|teamsize|p2|6\n|start\n|switch|p1a: Iron Valiant|Iron Valiant, L78|244/244\n|switch|p2a: Pincurchin|Pincurchin, M|258/258\n|-fieldstart|move: Electric Terrain|[from] ability: Electric Surge|[of] p2a: Pincurchin\n|-activate|p1a: Iron Valiant|ability: Quark Drive\n|-start|p1a: Iron Valiant|quarkdriveatk\n|turn|1\n|inactive|Battle timer is ON: inactive players will automatically lose when time's up. (requested by Mr. Mt. Mooner)\n|\n|t:|1782832204\n|-end|p1a: Iron Valiant|Quark Drive|[silent]\n|switch|p1a: Pikachu|Pikachu-Partner, L93, M|216/216\n|move|p2a: Pincurchin|Toxic Spikes|p1a: Pikachu\n|-sidestart|p1: 3 putt|move: Toxic Spikes\n|\n|upkeep\n|turn|2\n|\n|t:|1782832225\n|move|p1a: Pikachu|Knock Off|p2a: Pincurchin\n|-damage|p2a: Pincurchin|172/258\n|-enditem|p2a: Pincurchin|Leftovers|[from] move: Knock Off|[of] p1a: Pikachu\n|move|p2a: Pincurchin|Toxic Spikes|p1a: Pikachu\n|-sidestart|p1: 3 putt|move: Toxic Spikes\n|\n|upkeep\n|turn|3\n|\n|t:|1782832232\n|move|p1a: Pikachu|Surf|p2a: Pincurchin\n|-damage|p2a: Pincurchin|82/258\n|move|p2a: Pincurchin|Scald|p1a: Pikachu\n|-damage|p1a: Pikachu|121/216\n|\n|upkeep\n|turn|4\n|\n|t:|1782832239\n|move|p1a: Pikachu|Surf|p2a: Pincurchin\n|-damage|p2a: Pincurchin|0 fnt\n|faint|p2a: Pincurchin\n|\n|upkeep\n|\n|t:|1782832264\n|switch|p2a: Mabosstiff|Mabosstiff, L86, M|278/278\n|turn|5\n|\n|t:|1782832274\n|move|p2a: Mabosstiff|Crunch|p1a: Pikachu\n|-damage|p1a: Pikachu|0 fnt\n|faint|p1a: Pikachu\n|\n|-fieldend|move: Electric Terrain\n|upkeep\n|\n|t:|1782832287\n|switch|p1a: Iron Valiant|Iron Valiant, L78|244/244\n|-status|p1a: Iron Valiant|tox\n|turn|6\n|\n|t:|1782832298\n|switch|p2a: Sylveon|Sylveon, L85, M|300/300\n|move|p1a: Iron Valiant|Moonblast|p2a: Sylveon\n|-damage|p2a: Sylveon|201/300\n|-damage|p1a: Iron Valiant|220/244 tox|[from] item: Life Orb\n|\n|-heal|p2a: Sylveon|219/300|[from] item: Leftovers\n|-damage|p1a: Iron Valiant|205/244 tox|[from] psn\n|upkeep\n|turn|7\n|\n|t:|1782832313\n|move|p2a: Sylveon|Protect|p2a: Sylveon\n|-singleturn|p2a: Sylveon|Protect\n|move|p1a: Iron Valiant|Knock Off|p2a: Sylveon\n|-activate|p2a: Sylveon|move: Protect\n|\n|-heal|p2a: Sylveon|237/300|[from] item: Leftovers\n|-damage|p1a: Iron Valiant|175/244 tox|[from] psn\n|upkeep\n|turn|8\n|\n|t:|1782832322\n|move|p1a: Iron Valiant|Knock Off|p2a: Sylveon\n|-resisted|p2a: Sylveon\n|-damage|p2a: Sylveon|173/300\n|-enditem|p2a: Sylveon|Leftovers|[from] move: Knock Off|[of] p1a: Iron Valiant\n|-damage|p1a: Iron Valiant|151/244 tox|[from] item: Life Orb\n|move|p2a: Sylveon|Calm Mind|p2a: Sylveon\n|-boost|p2a: Sylveon|spa|1\n|-boost|p2a: Sylveon|spd|1\n|\n|-damage|p1a: Iron Valiant|106/244 tox|[from] psn\n|upkeep\n|turn|9\n|\n|t:|1782832333\n|move|p1a: Iron Valiant|Encore|p2a: Sylveon\n|-start|p2a: Sylveon|Encore\n|move|p2a: Sylveon|Calm Mind|p2a: Sylveon\n|-boost|p2a: Sylveon|spa|1\n|-boost|p2a: Sylveon|spd|1\n|\n|-damage|p1a: Iron Valiant|46/244 tox|[from] psn\n|upkeep\n|turn|10\n|\n|t:|1782832343\n|-end|p1a: Iron Valiant|Quark Drive|[silent]\n|switch|p1a: Hawlucha|Hawlucha, L80, M|256/256\n|move|p2a: Sylveon|Calm Mind|p2a: Sylveon\n|-boost|p2a: Sylveon|spa|1\n|-boost|p2a: Sylveon|spd|1\n|\n|upkeep\n|turn|11\n|\n|t:|1782832350\n|move|p1a: Hawlucha|Swords Dance|p1a: Hawlucha\n|-boost|p1a: Hawlucha|atk|2\n|move|p2a: Sylveon|Calm Mind|p2a: Sylveon\n|-boost|p2a: Sylveon|spa|1\n|-boost|p2a: Sylveon|spd|1\n|\n|-end|p2a: Sylveon|Encore\n|upkeep\n|turn|12\n|\n|t:|1782832369\n|-terastallize|p1a: Hawlucha|Flying\n|-terastallize|p2a: Sylveon|Steel\n|move|p1a: Hawlucha|Acrobatics|p2a: Sylveon\n|-resisted|p2a: Sylveon\n|-crit|p2a: Sylveon\n|-damage|p2a: Sylveon|22/300\n|move|p2a: Sylveon|Hyper Voice|p1a: Hawlucha\n|-damage|p1a: Hawlucha|0 fnt\n|faint|p1a: Hawlucha\n|\n|upkeep\n|\n|t:|1782832378\n|switch|p1a: Iron Valiant|Iron Valiant, L78|46/244 tox\n|turn|13\n|\n|t:|1782832385\n|move|p2a: Sylveon|Protect|p2a: Sylveon\n|-singleturn|p2a: Sylveon|Protect\n|move|p1a: Iron Valiant|Close Combat|p2a: Sylveon\n|-activate|p2a: Sylveon|move: Protect\n|\n|-damage|p1a: Iron Valiant|31/244 tox|[from] psn\n|upkeep\n|turn|14\n|\n|t:|1782832395\n|move|p2a: Sylveon|Protect||[still]\n|-fail|p2a: Sylveon\n|move|p1a: Iron Valiant|Close Combat|p2a: Sylveon\n|-supereffective|p2a: Sylveon\n|-damage|p2a: Sylveon|0 fnt\n|-unboost|p1a: Iron Valiant|def|1\n|-unboost|p1a: Iron Valiant|spd|1\n|faint|p2a: Sylveon\n|-damage|p1a: Iron Valiant|7/244 tox|[from] item: Life Orb\n|\n|-damage|p1a: Iron Valiant|0 fnt|[from] psn\n|faint|p1a: Iron Valiant\n|-end|p1a: Iron Valiant|Quark Drive|[silent]\n|upkeep\n|\n|t:|1782832412\n|switch|p1a: Ampharos|Ampharos, L88, F|302/302\n|switch|p2a: Virizion|Virizion, L82|283/283\n|-status|p1a: Ampharos|tox\n|turn|15\n|\n|t:|1782832419\n|move|p2a: Virizion|Swords Dance|p2a: Virizion\n|-boost|p2a: Virizion|atk|2\n|move|p1a: Ampharos|Dazzling Gleam|p2a: Virizion\n|-supereffective|p2a: Virizion\n|-damage|p2a: Virizion|167/283\n|\n|-damage|p1a: Ampharos|284/302 tox|[from] psn\n|upkeep\n|turn|16\n|\n|t:|1782832432\n|move|p2a: Virizion|Leaf Blade|p1a: Ampharos\n|-damage|p1a: Ampharos|49/302 tox\n|-damage|p2a: Virizion|139/283|[from] item: Life Orb\n|move|p1a: Ampharos|Dazzling Gleam|p2a: Virizion\n|-supereffective|p2a: Virizion\n|-damage|p2a: Virizion|37/283\n|\n|-damage|p1a: Ampharos|13/302 tox|[from] psn\n|upkeep\n|turn|17\n|\n|t:|1782832444\n|move|p2a: Virizion|Leaf Blade|p1a: Ampharos\n|-damage|p1a: Ampharos|0 fnt\n|faint|p1a: Ampharos\n|-damage|p2a: Virizion|9/283|[from] item: Life Orb\n|\n|upkeep\n|\n|t:|1782832451\n|switch|p1a: Chien-Pao|Chien-Pao, L72|234/234\n|-ability|p1a: Chien-Pao|Sword of Ruin\n|turn|18\n|\n|t:|1782832461\n|move|p1a: Chien-Pao|Throat Chop|p2a: Virizion\n|-resisted|p2a: Virizion\n|-damage|p2a: Virizion|0 fnt\n|faint|p2a: Virizion\n|\n|upkeep\n|\n|t:|1782832470\n|switch|p2a: Wigglytuff|Wigglytuff, L96, M|424/424\n|turn|19\n|\n|t:|1782832474\n|switch|p1a: Diancie|Diancie, L82|216/216\n|-status|p1a: Diancie|tox\n|move|p2a: Wigglytuff|Thunder Wave||[still]\n|-fail|p2a: Wigglytuff\n|\n|-damage|p1a: Diancie|203/216 tox|[from] psn\n|upkeep\n|turn|20\n|\n|t:|1782832488\n|move|p2a: Wigglytuff|Alluring Voice|p1a: Diancie\n|-damage|p1a: Diancie|139/216 tox\n|move|p1a: Diancie|Calm Mind|p1a: Diancie\n|-boost|p1a: Diancie|spa|1\n|-boost|p1a: Diancie|spd|1\n|\n|-heal|p1a: Diancie|152/216 tox|[from] item: Leftovers\n|-damage|p1a: Diancie|126/216 tox|[from] psn\n|upkeep\n|turn|21\n|\n|t:|1782832497\n|move|p2a: Wigglytuff|Wish|p2a: Wigglytuff\n|move|p1a: Diancie|Draining Kiss|p2a: Wigglytuff\n|-damage|p2a: Wigglytuff|328/424\n|-heal|p1a: Diancie|198/216 tox|[from] drain|[of] p2a: Wigglytuff\n|\n|-heal|p2a: Wigglytuff|354/424|[from] item: Leftovers\n|-heal|p1a: Diancie|211/216 tox|[from] item: Leftovers\n|-damage|p1a: Diancie|172/216 tox|[from] psn\n|upkeep\n|turn|22\n|\n|t:|1782832510\n|move|p2a: Wigglytuff|Alluring Voice|p1a: Diancie\n|-damage|p1a: Diancie|129/216 tox\n|move|p1a: Diancie|Calm Mind|p1a: Diancie\n|-boost|p1a: Diancie|spa|1\n|-boost|p1a: Diancie|spd|1\n|\n|-heal|p2a: Wigglytuff|424/424|[from] move: Wish|[wisher] Wigglytuff\n|-heal|p1a: Diancie|142/216 tox|[from] item: Leftovers\n|-damage|p1a: Diancie|90/216 tox|[from] psn\n|upkeep\n|turn|23\n|\n|t:|1782832524\n|move|p2a: Wigglytuff|Alluring Voice|p1a: Diancie\n|-damage|p1a: Diancie|54/216 tox\n|move|p1a: Diancie|Draining Kiss|p2a: Wigglytuff\n|-damage|p2a: Wigglytuff|286/424\n|-heal|p1a: Diancie|158/216 tox|[from] drain|[of] p2a: Wigglytuff\n|\n|-heal|p2a: Wigglytuff|312/424|[from] item: Leftovers\n|-heal|p1a: Diancie|171/216 tox|[from] item: Leftovers\n|-damage|p1a: Diancie|106/216 tox|[from] psn\n|upkeep\n|turn|24\n|\n|t:|1782832540\n|move|p2a: Wigglytuff|Wish|p2a: Wigglytuff\n|move|p1a: Diancie|Draining Kiss|p2a: Wigglytuff\n|-damage|p2a: Wigglytuff|186/424\n|-heal|p1a: Diancie|201/216 tox|[from] drain|[of] p2a: Wigglytuff\n|\n|-heal|p2a: Wigglytuff|212/424|[from] item: Leftovers\n|-heal|p1a: Diancie|214/216 tox|[from] item: Leftovers\n|-damage|p1a: Diancie|136/216 tox|[from] psn\n|upkeep\n|turn|25\n|\n|t:|1782832550\n|move|p2a: Wigglytuff|Alluring Voice|p1a: Diancie\n|-damage|p1a: Diancie|100/216 tox\n|move|p1a: Diancie|Draining Kiss|p2a: Wigglytuff\n|-damage|p2a: Wigglytuff|70/424\n|-heal|p1a: Diancie|207/216 tox|[from] drain|[of] p2a: Wigglytuff\n|\n|-heal|p2a: Wigglytuff|282/424|[from] move: Wish|[wisher] Wigglytuff\n|-heal|p2a: Wigglytuff|308/424|[from] item: Leftovers\n|-heal|p1a: Diancie|216/216 tox|[from] item: Leftovers\n|-damage|p1a: Diancie|125/216 tox|[from] psn\n|upkeep\n|turn|26\n|\n|t:|1782832563\n|move|p2a: Wigglytuff|Protect|p2a: Wigglytuff\n|-singleturn|p2a: Wigglytuff|Protect\n|move|p1a: Diancie|Draining Kiss|p2a: Wigglytuff\n|-activate|p2a: Wigglytuff|move: Protect\n|\n|-heal|p2a: Wigglytuff|334/424|[from] item: Leftovers\n|-heal|p1a: Diancie|138/216 tox|[from] item: Leftovers\n|-damage|p1a: Diancie|34/216 tox|[from] psn\n|upkeep\n|turn|27\n|\n|t:|1782832572\n|move|p2a: Wigglytuff|Alluring Voice|p1a: Diancie\n|-damage|p1a: Diancie|0 fnt\n|faint|p1a: Diancie\n|\n|-heal|p2a: Wigglytuff|360/424|[from] item: Leftovers\n|upkeep\n|\n|t:|1782832577\n|switch|p1a: Chien-Pao|Chien-Pao, L72|234/234\n|-ability|p1a: Chien-Pao|Sword of Ruin\n|turn|28\n|\n|t:|1782832582\n|move|p1a: Chien-Pao|Swords Dance|p1a: Chien-Pao\n|-boost|p1a: Chien-Pao|atk|2\n|move|p2a: Wigglytuff|Alluring Voice|p1a: Chien-Pao\n|-supereffective|p1a: Chien-Pao\n|-crit|p1a: Chien-Pao\n|-damage|p1a: Chien-Pao|0 fnt\n|faint|p1a: Chien-Pao\n|\n|win|Mr. Mt. Mooner\n|raw|3 putt's rating: 1326 &rarr; <strong>1303</strong><br />(-23 for losing)\n|raw|Mr. Mt. Mooner's rating: 1274 &rarr; <strong>1303</strong><br />(+29 for winning)\n|l|\u26063 putt\n|player|p1|\n", "inputlog": ">version f8ac14003a5f27e1bdc8d8c59608a773c1cb96e5\n>start {\"formatid\":\"gen9randombattle\",\"seed\":\"sodium,2919cd2ebffd21222aaf2714554c06b6\",\"rated\":\"Rated battle\"}\n>player p1 {\"name\":\"3 putt\",\"avatar\":\"266\",\"rating\":1326,\"seed\":\"sodium,26589d3928f4537c38f5c82352c2abcd\"}\n>player p2 {\"name\":\"Mr. Mt. Mooner\",\"avatar\":\"bruno\",\"rating\":1274,\"seed\":\"sodium,a8cf42861fb0be74ce912fdf82a22ca4\"}\n>p1 switch 3\n>p2 move toxicspikes\n>p1 move knockoff\n>p2 move toxicspikes\n>p1 move surf\n>p2 move scald\n>p1 move surf\n>p2 move recover\n>p2 switch 3\n>p1 move volttackle\n>p2 move crunch\n>p1 switch 3\n>p1 move moonblast\n>p2 switch 6\n>p1 move knockoff\n>p2 move protect\n>p1 move knockoff\n>p2 move calmmind\n>p1 move encore\n>p2 move calmmind\n>p1 switch 5\n>p2 move calmmind\n>p1 move swordsdance\n>p2 move calmmind\n>p1 move acrobatics terastallize\n>p2 move hypervoice terastallize\n>p1 switch 5\n>p1 move closecombat\n>p2 move protect\n>p1 move closecombat\n>p2 move protect\n>p1 switch 4\n>p2 switch 5\n>p1 move dazzlinggleam\n>p2 move swordsdance\n>p1 move dazzlinggleam\n>p2 move leafblade\n>p1 move discharge\n>p2 move leafblade\n>p1 switch 6\n>p1 move throatchop\n>p2 move closecombat\n>p2 switch 2\n>p1 switch 2\n>p2 move thunderwave\n>p1 move calmmind\n>p2 move alluringvoice\n>p1 move drainingkiss\n>p2 move wish\n>p1 move calmmind\n>p2 move alluringvoice\n>p1 move drainingkiss\n>p2 move alluringvoice\n>p1 move drainingkiss\n>p2 move wish\n>p1 move drainingkiss\n>p2 move alluringvoice\n>p1 move drainingkiss\n>p2 move protect\n>p1 move drainingkiss\n>p2 move alluringvoice\n>p1 switch 2\n>p1 move swordsdance\n>p2 move alluringvoice", "uploadtime": 1782832590, "views": 3, "formatid": "gen9randombattle", "rating": 1303, "private": 0, "password": null, "player_dets": [{"name": "3 putt", "avatar": "266", "rating": 1326, "seed": "sodium,26589d3928f4537c38f5c82352c2abcd"}, {"name": "Mr. Mt. Mooner", "avatar": "bruno", "rating": 1274, "seed": "sodium,a8cf42861fb0be74ce912fdf82a22ca4"}], "teams_full": [{"Iron Valiant": {"name": "Iron Valiant", "species": "Iron Valiant", "speciesId": "ironvaliant", "gender": "N", "shiny": false, "level": 78, "moves": ["closecombat", "moonblast", "encore", "knockoff"], "ability": "Quark Drive", "evs": {"hp": 85, "atk": 85, "def": 85, "spa": 85, "spd": 85, "spe": 85}, "ivs": {"hp": 31, "atk": 31, "def": 31, "spa": 31, "spd": 31, "spe": 31}, "item": "Life Orb", "teraType": "Fairy", "role": "Wallbreaker", "bvs": {"hp": 74, "atk": 130, "def": 90, "spa": 120, "spd": 60, "spe": 116}, "stats": {"hp": 244, "atk": 248, "def": 185, "spa": 232, "spd": 139, "spe": 226}, "types": ["Fairy", "Fighting"]}, "Diancie": {"name": "Diancie", "species": "Diancie", "speciesId": "diancie", "gender": "N", "shiny": false, "level": 82, "moves": ["drainingkiss", "earthpower", "diamondstorm", "calmmind"], "ability": "Clear Body", "evs": {"hp": 85, "atk": 85, "def": 85, "spa": 85, "spd": 85, "spe": 85}, "ivs": {"hp": 31, "atk": 31, "def": 31, "spa": 31, "spd": 31, "spe": 31}, "item": "Leftovers", "teraType": "Water", "role": "Bulky Setup", "bvs": {"hp": 50, "atk": 100, "def": 150, "spa": 100, "spd": 150, "spe": 50}, "stats": {"hp": 216, "atk": 211, "def": 293, "spa": 211, "spd": 293, "spe": 129}, "types": ["Rock", "Fairy"]}, "Pikachu": {"name": "Pikachu", "species": "Pikachu-Partner", "speciesId": "pikachu", "gender": "M", "shiny": false, "level": 93, "moves": ["volttackle", "knockoff", "surf", "voltswitch"], "ability": "Lightning Rod", "evs": {"hp": 85, "atk": 85, "def": 85, "spa": 85, "spd": 85, "spe": 85}, "ivs": {"hp": 31, "atk": 31, "def": 31, "spa": 31, "spd": 31, "spe": 31}, "item": "Light Ball", "teraType": "Water", "role": "Fast Attacker", "bvs": {"hp": 35, "atk": 55, "def": 40, "spa": 50, "spd": 50, "spe": 90}, "stats": {"hp": 216, "atk": 155, "def": 127, "spa": 146, "spd": 146, "spe": 220}, "types": ["Electric"]}, "Ampharos": {"name": "Ampharos", "species": "Ampharos", "speciesId": "ampharos", "gender": "F", "shiny": false, "level": 88, "moves": ["discharge", "focusblast", "dazzlinggleam", "voltswitch"], "ability": "Static", "evs": {"hp": 85, "atk": 0, "def": 85, "spa": 85, "spd": 85, "spe": 85}, "ivs": {"hp": 31, "atk": 0, "def": 31, "spa": 31, "spd": 31, "spe": 31}, "item": "Assault Vest", "teraType": "Fairy", "role": "AV Pivot", "bvs": {"hp": 90, "atk": 75, "def": 85, "spa": 115, "spd": 90, "spe": 55}, "stats": {"hp": 302, "atk": 137, "def": 200, "spa": 253, "spd": 209, "spe": 147}, "types": ["Electric"]}, "Hawlucha": {"name": "Hawlucha", "species": "Hawlucha", "speciesId": "hawlucha", "gender": "M", "shiny": false, "level": 80, "moves": ["swordsdance", "encore", "acrobatics", "closecombat"], "ability": "Unburden", "evs": {"hp": 85, "atk": 85, "def": 85, "spa": 85, "spd": 85, "spe": 85}, "ivs": {"hp": 31, "atk": 31, "def": 31, "spa": 31, "spd": 31, "spe": 31}, "item": "White Herb", "teraType": "Flying", "role": "Setup Sweeper", "bvs": {"hp": 78, "atk": 92, "def": 75, "spa": 74, "spd": 63, "spe": 118}, "stats": {"hp": 256, "atk": 193, "def": 166, "spa": 165, "spd": 147, "spe": 235}, "types": ["Fighting", "Flying"]}, "Chien-Pao": {"name": "Chien-Pao", "species": "Chien-Pao", "speciesId": "chienpao", "gender": "N", "shiny": false, "level": 72, "moves": ["iciclecrash", "throatchop", "swordsdance", "suckerpunch"], "ability": "Sword of Ruin", "evs": {"hp": 85, "atk": 85, "def": 85, "spa": 85, "spd": 85, "spe": 85}, "ivs": {"hp": 31, "atk": 31, "def": 31, "spa": 31, "spd": 31, "spe": 31}, "item": "Heavy-Duty Boots", "teraType": "Ice", "role": "Setup Sweeper", "bvs": {"hp": 80, "atk": 120, "def": 80, "spa": 90, "spd": 65, "spe": 135}, "stats": {"hp": 234, "atk": 215, "def": 157, "spa": 172, "spd": 136, "spe": 236}, "types": ["Dark", "Ice"]}}, {"Pincurchin": {"name": "Pincurchin", "species": "Pincurchin", "speciesId": "pincurchin", "gender": "M", "shiny": false, "level": 100, "moves": ["thunderbolt", "toxicspikes", "recover", "scald"], "ability": "Electric Surge", "evs": {"hp": 85, "atk": 0, "def": 85, "spa": 85, "spd": 85, "spe": 85}, "ivs": {"hp": 31, "atk": 0, "def": 31, "spa": 31, "spd": 31, "spe": 31}, "item": "Leftovers", "teraType": "Water", "role": "Bulky Attacker", "bvs": {"hp": 48, "atk": 101, "def": 95, "spa": 91, "spd": 85, "spe": 15}, "stats": {"hp": 258, "atk": 207, "def": 247, "spa": 239, "spd": 227, "spe": 87}, "types": ["Electric"]}, "Wigglytuff": {"name": "Wigglytuff", "species": "Wigglytuff", "speciesId": "wigglytuff", "gender": "M", "shiny": false, "level": 96, "moves": ["protect", "thunderwave", "alluringvoice", "wish"], "ability": "Competitive", "evs": {"hp": 85, "atk": 0, "def": 85, "spa": 85, "spd": 85, "spe": 85}, "ivs": {"hp": 31, "atk": 0, "def": 31, "spa": 31, "spd": 31, "spe": 31}, "item": "Leftovers", "teraType": "Steel", "role": "Bulky Support", "bvs": {"hp": 140, "atk": 70, "def": 45, "spa": 85, "spd": 50, "spe": 45}, "stats": {"hp": 424, "atk": 139, "def": 141, "spa": 218, "spd": 150, "spe": 141}, "types": ["Normal", "Fairy"]}, "Mabosstiff": {"name": "Mabosstiff", "species": "Mabosstiff", "speciesId": "mabosstiff", "gender": "M", "shiny": false, "level": 86, "moves": ["wildcharge", "crunch", "playrough", "psychicfangs"], "ability": "Stakeout", "evs": {"hp": 85, "atk": 85, "def": 85, "spa": 85, "spd": 85, "spe": 85}, "ivs": {"hp": 31, "atk": 31, "def": 31, "spa": 31, "spd": 31, "spe": 31}, "item": "Choice Scarf", "teraType": "Fairy", "role": "Bulky Attacker", "bvs": {"hp": 80, "atk": 120, "def": 90, "spa": 60, "spd": 70, "spe": 85}, "stats": {"hp": 278, "atk": 256, "def": 204, "spa": 152, "spd": 170, "spe": 195}, "types": ["Dark"]}, "Hitmonlee": {"name": "Hitmonlee", "species": "Hitmonlee", "speciesId": "hitmonlee", "gender": "M", "shiny": false, "level": 85, "moves": ["highjumpkick", "knockoff", "stoneedge", "machpunch"], "ability": "Reckless", "evs": {"hp": 81, "atk": 85, "def": 85, "spa": 85, "spd": 85, "spe": 85}, "ivs": {"hp": 31, "atk": 31, "def": 31, "spa": 31, "spd": 31, "spe": 31}, "item": "Choice Band", "teraType": "Fighting", "role": "Fast Attacker", "bvs": {"hp": 50, "atk": 120, "def": 53, "spa": 35, "spd": 110, "spe": 87}, "stats": {"hp": 223, "atk": 253, "def": 139, "spa": 108, "spd": 236, "spe": 197}, "types": ["Fighting"]}, "Virizion": {"name": "Virizion", "species": "Virizion", "speciesId": "virizion", "gender": "N", "shiny": false, "level": 82, "moves": ["closecombat", "leafblade", "swordsdance", "stoneedge"], "ability": "Justified", "evs": {"hp": 85, "atk": 85, "def": 85, "spa": 85, "spd": 85, "spe": 85}, "ivs": {"hp": 31, "atk": 31, "def": 31, "spa": 31, "spd": 31, "spe": 31}, "item": "Life Orb", "teraType": "Rock", "role": "Setup Sweeper", "bvs": {"hp": 91, "atk": 90, "def": 72, "spa": 90, "spd": 129, "spe": 108}, "stats": {"hp": 283, "atk": 195, "def": 165, "spa": 195, "spd": 259, "spe": 224}, "types": ["Grass", "Fighting"]}, "Sylveon": {"name": "Sylveon", "species": "Sylveon", "speciesId": "sylveon", "gender": "M", "shiny": false, "level": 85, "moves": ["calmmind", "wish", "hypervoice", "protect"], "ability": "Pixilate", "evs": {"hp": 85, "atk": 0, "def": 85, "spa": 85, "spd": 85, "spe": 85}, "ivs": {"hp": 31, "atk": 0, "def": 31, "spa": 31, "spd": 31, "spe": 31}, "item": "Leftovers", "teraType": "Steel", "role": "Bulky Setup", "bvs": {"hp": 95, "atk": 65, "def": 65, "spa": 110, "spd": 130, "spe": 60}, "stats": {"hp": 300, "atk": 115, "def": 159, "spa": 236, "spd": 270, "spe": 151}, "types": ["Fairy"]}}]}