{"id": "gen9randombattle-2641737718", "format": "[Gen 9] Random Battle", "players": ["SigurdZZ", "Drop a nickname"], "log": "|badge|p1|bronze|gen9randombattle|100-9\n|html|<div class=\"broadcast-red\"><strong>This battle is required to be public due to one or more player having a season medal.</strong><br />During the public phase, you can discuss the state of the ladder <a href=\"/seasondiscussion\">in a special chatroom.</a></div>\n|uhtml|medal-msg|<div class=\"broadcast-blue\">Curious what those medals under the avatar are? PS now has Ladder Seasons! For more information, check out the <a href=\"https://www.smogon.com/forums/threads/3740067/\">thread on Smogon.</a></div>\n|raw|<div class=\"broadcast-blue\"><strong>This battle is required to be public due to a player having a name starting with 'medal'.</div>\n|j|\u2606SigurdZZ\n|j|\u2606Drop a nickname\n|t:|1782835980\n|gametype|singles\n|player|p1|SigurdZZ|misty|2315\n|player|p2|Drop a nickname|2|2217\n|gen|9\n|tier|[Gen 9] Random Battle\n|rated|\n|rule|Species Clause: Limit one of each Pok\u00e9mon\n|rule|HP Percentage Mod: HP is shown in percentages\n|rule|Sleep Clause Mod: Limit one foe put to sleep\n|rule|Illusion Level Mod: Illusion disguises the Pok\u00e9mon's true level\n|\n|t:|1782835980\n|teamsize|p1|6\n|teamsize|p2|6\n|start\n|switch|p1a: Dewgong|Dewgong, L94, M|322/322\n|switch|p2a: Trevenant|Trevenant, L89, F|296/296\n|turn|1\n|inactive|Battle timer is ON: inactive players will automatically lose when time's up. (requested by SigurdZZ)\n|\n|t:|1782835999\n|move|p1a: Dewgong|Flip Turn|p2a: Trevenant\n|-resisted|p2a: Trevenant\n|-damage|p2a: Trevenant|263/296\n|\n|t:|1782836005\n|switch|p1a: Morpeko|Morpeko, L88, F|245/245|[from] Flip Turn\n|move|p2a: Trevenant|Wood Hammer|p1a: Morpeko\n|-damage|p1a: Morpeko|2/245\n|-damage|p2a: Trevenant|183/296|[from] Recoil\n|-damage|p2a: Trevenant|154/296|[from] item: Life Orb\n|\n|-formechange|p1a: Morpeko|Morpeko-Hangry||[from] ability: Hunger Switch\n|upkeep\n|turn|2\n|\n|t:|1782836011\n|switch|p2a: Coalossal|Coalossal, L89, F|341/341\n|move|p1a: Morpeko|Parting Shot|p2a: Coalossal\n|-unboost|p2a: Coalossal|atk|1\n|-unboost|p2a: Coalossal|spa|1\n|\n|t:|1782836014\n|switch|p1a: Dewgong|Dewgong, L94, M|322/322|[from] Parting Shot\n|\n|upkeep\n|turn|3\n|\n|t:|1782836019\n|switch|p2a: Floatzel|Floatzel, L86, F|286/286\n|move|p1a: Dewgong|Surf|p2a: Floatzel\n|-resisted|p2a: Floatzel\n|-damage|p2a: Floatzel|215/286\n|\n|upkeep\n|turn|4\n|\n|t:|1782836024\n|move|p2a: Floatzel|Flip Turn|p1a: Dewgong\n|-resisted|p1a: Dewgong\n|-damage|p1a: Dewgong|270/322\n|\n|t:|1782836025\n|switch|p2a: Coalossal|Coalossal, L89, F|341/341|[from] Flip Turn\n|move|p1a: Dewgong|Surf|p2a: Coalossal\n|-supereffective|p2a: Coalossal\n|-damage|p2a: Coalossal|0 fnt\n|faint|p2a: Coalossal\n|\n|upkeep\n|\n|t:|1782836031\n|switch|p2a: Tauros|Tauros, L82, M|257/257\n|turn|5\n|\n|t:|1782836038\n|switch|p1a: Gallade|Gallade, L80, M|240/240\n|move|p2a: Tauros|Body Slam|p1a: Gallade\n|-damage|p1a: Gallade|55/240\n|\n|upkeep\n|turn|6\n|\n|t:|1782836048\n|switch|p2a: Trevenant|Trevenant, L89, F|154/296\n|move|p1a: Gallade|Sacred Sword|p2a: Trevenant\n|-immune|p2a: Trevenant\n|\n|upkeep\n|turn|7\n|\n|t:|1782836062\n|switch|p1a: Tatsugiri|Tatsugiri, L87, M|260/260\n|move|p2a: Trevenant|Wood Hammer|p1a: Tatsugiri\n|-damage|p1a: Tatsugiri|14/260\n|-damage|p2a: Trevenant|73/296|[from] Recoil\n|-damage|p2a: Trevenant|44/296|[from] item: Life Orb\n|\n|upkeep\n|turn|8\n|\n|t:|1782836069\n|move|p1a: Tatsugiri|Hydro Pump|p2a: Trevenant\n|-resisted|p2a: Trevenant\n|-damage|p2a: Trevenant|0 fnt\n|faint|p2a: Trevenant\n|\n|upkeep\n|\n|t:|1782836071\n|switch|p2a: Staraptor|Staraptor, L79, F|263/263\n|turn|9\n|\n|t:|1782836080\n|switch|p1a: Dewgong|Dewgong, L94, M|270/322\n|move|p2a: Staraptor|Brave Bird|p1a: Dewgong\n|-crit|p1a: Dewgong\n|-damage|p1a: Dewgong|27/322\n|-damage|p2a: Staraptor|183/263|[from] Recoil\n|\n|upkeep\n|turn|10\n|\n|t:|1782836089\n|move|p2a: Staraptor|Brave Bird|p1a: Dewgong\n|-damage|p1a: Dewgong|0 fnt\n|faint|p1a: Dewgong\n|-damage|p2a: Staraptor|174/263|[from] Recoil\n|\n|upkeep\n|\n|t:|1782836091\n|switch|p1a: Dunsparce|Dunsparce, L86, M|312/312\n|turn|11\n|\n|t:|1782836094\n|move|p2a: Staraptor|Brave Bird|p1a: Dunsparce\n|-damage|p1a: Dunsparce|197/312\n|-damage|p2a: Staraptor|136/263|[from] Recoil\n|move|p1a: Dunsparce|Coil|p1a: Dunsparce\n|-boost|p1a: Dunsparce|atk|1\n|-boost|p1a: Dunsparce|def|1\n|-boost|p1a: Dunsparce|accuracy|1\n|\n|upkeep\n|turn|12\n|\n|t:|1782836102\n|switch|p2a: Emboar|Emboar, L84, F|322/322\n|move|p1a: Dunsparce|Roost|p1a: Dunsparce\n|-heal|p1a: Dunsparce|312/312\n|-singleturn|p1a: Dunsparce|move: Roost\n|\n|upkeep\n|turn|13\n|\n|t:|1782836104\n|-terastallize|p1a: Dunsparce|Ground\n|move|p2a: Emboar|Bulk Up|p2a: Emboar\n|-boost|p2a: Emboar|atk|1\n|-boost|p2a: Emboar|def|1\n|move|p1a: Dunsparce|Earthquake|p2a: Emboar\n|-supereffective|p2a: Emboar\n|-damage|p2a: Emboar|112/322\n|\n|-heal|p2a: Emboar|132/322|[from] item: Leftovers\n|upkeep\n|turn|14\n|\n|t:|1782836108\n|-terastallize|p2a: Emboar|Grass\n|move|p2a: Emboar|Trailblaze|p1a: Dunsparce\n|-supereffective|p1a: Dunsparce\n|-damage|p1a: Dunsparce|190/312\n|-boost|p2a: Emboar|spe|1\n|move|p1a: Dunsparce|Earthquake|p2a: Emboar\n|-resisted|p2a: Emboar\n|-damage|p2a: Emboar|77/322\n|\n|-heal|p2a: Emboar|97/322|[from] item: Leftovers\n|upkeep\n|turn|15\n|\n|t:|1782836113\n|move|p2a: Emboar|Trailblaze|p1a: Dunsparce\n|-supereffective|p1a: Dunsparce\n|-damage|p1a: Dunsparce|62/312\n|-boost|p2a: Emboar|spe|1\n|move|p1a: Dunsparce|Body Slam|p2a: Emboar\n|-damage|p2a: Emboar|3/322\n|\n|-heal|p2a: Emboar|23/322|[from] item: Leftovers\n|upkeep\n|turn|16\n|\n|t:|1782836118\n|move|p2a: Emboar|Trailblaze|p1a: Dunsparce\n|-supereffective|p1a: Dunsparce\n|-damage|p1a: Dunsparce|0 fnt\n|-boost|p2a: Emboar|spe|1\n|faint|p1a: Dunsparce\n|\n|-heal|p2a: Emboar|43/322|[from] item: Leftovers\n|upkeep\n|\n|t:|1782836122\n|switch|p1a: Mew|Mew, L82|298/298\n|turn|17\n|\n|t:|1782836126\n|move|p2a: Emboar|Flare Blitz|p1a: Mew\n|-damage|p1a: Mew|25/298\n|-damage|p2a: Emboar|0 fnt|[from] Recoil\n|faint|p2a: Emboar\n|move|p1a: Mew|Psychic Fangs|p2: Emboar|[notarget]\n|-fail|p1a: Mew\n|\n|upkeep\n|\n|t:|1782836130\n|switch|p2a: Staraptor|Staraptor, L79, F|136/263\n|turn|18\n|\n|t:|1782836135\n|move|p2a: Staraptor|Brave Bird|p1a: Mew\n|-damage|p1a: Mew|0 fnt\n|faint|p1a: Mew\n|-damage|p2a: Staraptor|128/263|[from] Recoil\n|\n|upkeep\n|-message|SigurdZZ forfeited.\n|\n|win|Drop a nickname\n|raw|SigurdZZ's rating: 2315 &rarr; <strong>2290</strong><br />(-25 for losing)\n|raw|Drop a nickname's rating: 2217 &rarr; <strong>2242</strong><br />(+25 for winning)\n", "inputlog": ">version f8ac14003a5f27e1bdc8d8c59608a773c1cb96e5\n>start {\"formatid\":\"gen9randombattle\",\"seed\":\"sodium,6bdc98f1efc5642ab256d1674493b0de\",\"rated\":\"Rated battle\"}\n>player p1 {\"name\":\"SigurdZZ\",\"avatar\":\"misty\",\"rating\":2315,\"seed\":\"sodium,e87aaea575d34f3d5601a64374b29c3a\"}\n>player p2 {\"name\":\"Drop a nickname\",\"avatar\":\"2\",\"rating\":2217,\"seed\":\"sodium,6093b3b0628807d6ac7bf6dd370e131c\"}\n>p1 move flipturn\n>p2 move woodhammer\n>p1 switch 5\n>p1 move partingshot\n>p2 switch 2\n>p1 switch 5\n>p1 move surf\n>p2 switch 5\n>p1 move surf\n>p2 move flipturn\n>p2 switch 5\n>p2 switch 4\n>p1 switch 2\n>p2 move bodyslam\n>p1 move sacredsword\n>p2 switch 2\n>p1 switch 3\n>p2 move woodhammer\n>p1 move hydropump\n>p2 move woodhammer\n>p2 switch 6\n>p1 switch 2\n>p2 move bravebird\n>p1 move flipturn\n>p2 move bravebird\n>p1 switch 4\n>p1 move coil\n>p2 move bravebird\n>p1 move roost\n>p2 switch 3\n>p1 move earthquake terastallize\n>p2 move bulkup\n>p1 move earthquake\n>p2 move trailblaze terastallize\n>p1 move bodyslam\n>p2 move trailblaze\n>p1 move bodyslam\n>p2 move trailblaze\n>p1 switch 6\n>p1 move psychicfangs\n>p2 move flareblitz\n>p2 switch 3\n>p1 move psychicfangs\n>p2 move bravebird\n>forcelose p1", "uploadtime": 1782835983, "views": 5, "formatid": "gen9randombattle", "rating": 2242, "private": 0, "password": null, "player_dets": [{"name": "SigurdZZ", "avatar": "misty", "rating": 2315, "seed": "sodium,e87aaea575d34f3d5601a64374b29c3a"}, {"name": "Drop a nickname", "avatar": "2", "rating": 2217, "seed": "sodium,6093b3b0628807d6ac7bf6dd370e131c"}], "teams_full": [{"Dewgong": {"name": "Dewgong", "species": "Dewgong", "speciesId": "dewgong", "gender": "M", "shiny": false, "level": 94, "moves": ["tripleaxel", "encore", "flipturn", "surf"], "ability": "Thick Fat", "evs": {"hp": 85, "atk": 85, "def": 85, "spa": 85, "spd": 85, "spe": 85}, "ivs": {"hp": 31, "atk": 31, "def": 31, "spa": 31, "spd": 31, "spe": 31}, "item": "Heavy-Duty Boots", "teraType": "Dragon", "role": "Bulky Attacker", "bvs": {"hp": 90, "atk": 70, "def": 80, "spa": 70, "spd": 95, "spe": 70}, "stats": {"hp": 322, "atk": 185, "def": 204, "spa": 185, "spd": 232, "spe": 185}, "types": ["Water", "Ice"]}, "Gallade": {"name": "Gallade", "species": "Gallade", "speciesId": "gallade", "gender": "M", "shiny": false, "level": 80, "moves": ["sacredsword", "nightslash", "leafblade", "psychocut"], "ability": "Sharpness", "evs": {"hp": 85, "atk": 85, "def": 85, "spa": 85, "spd": 85, "spe": 85}, "ivs": {"hp": 31, "atk": 31, "def": 31, "spa": 31, "spd": 31, "spe": 31}, "item": "Choice Scarf", "teraType": "Grass", "role": "Fast Attacker", "bvs": {"hp": 68, "atk": 125, "def": 65, "spa": 65, "spd": 115, "spe": 80}, "stats": {"hp": 240, "atk": 246, "def": 150, "spa": 150, "spd": 230, "spe": 174}, "types": ["Psychic", "Fighting"]}, "Tatsugiri": {"name": "Tatsugiri", "species": "Tatsugiri", "speciesId": "tatsugiri", "gender": "M", "shiny": false, "level": 87, "moves": ["rapidspin", "dracometeor", "hydropump", "nastyplot"], "ability": "Storm Drain", "evs": {"hp": 85, "atk": 85, "def": 85, "spa": 85, "spd": 85, "spe": 85}, "ivs": {"hp": 31, "atk": 31, "def": 31, "spa": 31, "spd": 31, "spe": 31}, "item": "Heavy-Duty Boots", "teraType": "Water", "role": "Fast Support", "bvs": {"hp": 68, "atk": 50, "def": 60, "spa": 120, "spd": 95, "spe": 82}, "stats": {"hp": 260, "atk": 137, "def": 154, "spa": 259, "spd": 215, "spe": 192}, "types": ["Dragon", "Water"]}, "Dunsparce": {"name": "Dunsparce", "species": "Dunsparce", "speciesId": "dunsparce", "gender": "M", "shiny": false, "level": 86, "moves": ["bodyslam", "earthquake", "coil", "roost"], "ability": "Serene Grace", "evs": {"hp": 85, "atk": 85, "def": 85, "spa": 85, "spd": 85, "spe": 85}, "ivs": {"hp": 31, "atk": 31, "def": 31, "spa": 31, "spd": 31, "spe": 31}, "item": "Eviolite", "teraType": "Ground", "role": "Bulky Setup", "bvs": {"hp": 100, "atk": 70, "def": 70, "spa": 65, "spd": 65, "spe": 45}, "stats": {"hp": 312, "atk": 170, "def": 170, "spa": 161, "spd": 161, "spe": 127}, "types": ["Normal"]}, "Morpeko": {"name": "Morpeko", "species": "Morpeko", "speciesId": "morpeko", "gender": "F", "shiny": false, "level": 88, "moves": ["rapidspin", "aurawheel", "partingshot", "protect"], "ability": "Hunger Switch", "evs": {"hp": 85, "atk": 85, "def": 85, "spa": 85, "spd": 85, "spe": 85}, "ivs": {"hp": 31, "atk": 31, "def": 31, "spa": 31, "spd": 31, "spe": 31}, "item": "Heavy-Duty Boots", "teraType": "Electric", "role": "Fast Support", "bvs": {"hp": 58, "atk": 95, "def": 58, "spa": 70, "spd": 58, "spe": 97}, "stats": {"hp": 245, "atk": 217, "def": 152, "spa": 173, "spd": 152, "spe": 221}, "types": ["Electric", "Dark"]}, "Mew": {"name": "Mew", "species": "Mew", "speciesId": "mew", "gender": "N", "shiny": false, "level": 82, "moves": ["psychicfangs", "knockoff", "swordsdance", "closecombat"], "ability": "Synchronize", "evs": {"hp": 85, "atk": 85, "def": 85, "spa": 85, "spd": 85, "spe": 85}, "ivs": {"hp": 31, "atk": 31, "def": 31, "spa": 31, "spd": 31, "spe": 31}, "item": "Life Orb", "teraType": "Fighting", "role": "Setup Sweeper", "bvs": {"hp": 100, "atk": 100, "def": 100, "spa": 100, "spd": 100, "spe": 100}, "stats": {"hp": 298, "atk": 211, "def": 211, "spa": 211, "spd": 211, "spe": 211}, "types": ["Psychic"]}}, {"Trevenant": {"name": "Trevenant", "species": "Trevenant", "speciesId": "trevenant", "gender": "F", "shiny": false, "level": 89, "moves": ["poltergeist", "woodhammer", "drainpunch", "rest"], "ability": "Natural Cure", "evs": {"hp": 85, "atk": 85, "def": 85, "spa": 85, "spd": 85, "spe": 85}, "ivs": {"hp": 31, "atk": 31, "def": 31, "spa": 31, "spd": 31, "spe": 31}, "item": "Life Orb", "teraType": "Fighting", "role": "Wallbreaker", "bvs": {"hp": 85, "atk": 110, "def": 76, "spa": 65, "spd": 82, "spe": 56}, "stats": {"hp": 296, "atk": 247, "def": 186, "spa": 166, "spd": 197, "spe": 150}, "types": ["Ghost", "Grass"]}, "Coalossal": {"name": "Coalossal", "species": "Coalossal", "speciesId": "coalossal", "gender": "F", "shiny": false, "level": 89, "moves": ["stealthrock", "rapidspin", "stoneedge", "flamethrower"], "ability": "Flame Body", "evs": {"hp": 85, "atk": 85, "def": 85, "spa": 85, "spd": 85, "spe": 85}, "ivs": {"hp": 31, "atk": 31, "def": 31, "spa": 31, "spd": 31, "spe": 31}, "item": "Heavy-Duty Boots", "teraType": "Water", "role": "Bulky Support", "bvs": {"hp": 110, "atk": 80, "def": 120, "spa": 80, "spd": 90, "spe": 30}, "stats": {"hp": 341, "atk": 193, "def": 264, "spa": 193, "spd": 211, "spe": 104}, "types": ["Rock", "Fire"]}, "Emboar": {"name": "Emboar", "species": "Emboar", "speciesId": "emboar", "gender": "F", "shiny": false, "level": 84, "moves": ["bulkup", "trailblaze", "flareblitz", "drainpunch"], "ability": "Reckless", "evs": {"hp": 85, "atk": 85, "def": 85, "spa": 85, "spd": 85, "spe": 85}, "ivs": {"hp": 31, "atk": 31, "def": 31, "spa": 31, "spd": 31, "spe": 31}, "item": "Leftovers", "teraType": "Grass", "role": "Bulky Setup", "bvs": {"hp": 110, "atk": 123, "def": 65, "spa": 100, "spd": 65, "spe": 65}, "stats": {"hp": 322, "atk": 255, "def": 157, "spa": 216, "spd": 157, "spe": 157}, "types": ["Fire", "Fighting"]}, "Tauros": {"name": "Tauros", "species": "Tauros", "speciesId": "tauros", "gender": "M", "shiny": false, "level": 82, "moves": ["earthquake", "closecombat", "bodyslam", "throatchop"], "ability": "Sheer Force", "evs": {"hp": 85, "atk": 85, "def": 85, "spa": 85, "spd": 85, "spe": 85}, "ivs": {"hp": 31, "atk": 31, "def": 31, "spa": 31, "spd": 31, "spe": 31}, "item": "Life Orb", "teraType": "Fighting", "role": "Fast Attacker", "bvs": {"hp": 75, "atk": 100, "def": 95, "spa": 40, "spd": 70, "spe": 110}, "stats": {"hp": 257, "atk": 211, "def": 203, "spa": 113, "spd": 162, "spe": 228}, "types": ["Normal"]}, "Floatzel": {"name": "Floatzel", "species": "Floatzel", "speciesId": "floatzel", "gender": "F", "shiny": false, "level": 86, "moves": ["flipturn", "icespinner", "wavecrash", "crunch"], "ability": "Water Veil", "evs": {"hp": 85, "atk": 85, "def": 85, "spa": 85, "spd": 85, "spe": 85}, "ivs": {"hp": 31, "atk": 31, "def": 31, "spa": 31, "spd": 31, "spe": 31}, "item": "Choice Band", "teraType": "Water", "role": "Wallbreaker", "bvs": {"hp": 85, "atk": 105, "def": 55, "spa": 85, "spd": 50, "spe": 115}, "stats": {"hp": 286, "atk": 230, "def": 144, "spa": 195, "spd": 135, "spe": 247}, "types": ["Water"]}, "Staraptor": {"name": "Staraptor", "species": "Staraptor", "speciesId": "staraptor", "gender": "F", "shiny": false, "level": 79, "moves": ["closecombat", "bravebird", "doubleedge", "uturn"], "ability": "Reckless", "evs": {"hp": 81, "atk": 85, "def": 85, "spa": 85, "spd": 85, "spe": 85}, "ivs": {"hp": 31, "atk": 31, "def": 31, "spa": 31, "spd": 31, "spe": 31}, "item": "Choice Scarf", "teraType": "Fighting", "role": "Fast Attacker", "bvs": {"hp": 85, "atk": 120, "def": 70, "spa": 50, "spd": 60, "spe": 100}, "stats": {"hp": 263, "atk": 235, "def": 156, "spa": 125, "spd": 140, "spe": 204}, "types": ["Normal", "Flying"]}}]}