{"id": "gen9randombattle-2641386961", "format": "[Gen 9] Random Battle", "players": ["Kart5545", "PingusFingusPingas"], "log": "|j|\u2606Kart5545\n|j|\u2606PingusFingusPingas\n|t:|1782777015\n|gametype|singles\n|player|p1|Kart5545|2|1664\n|player|p2|PingusFingusPingas|aetherfoundation2|1699\n|gen|9\n|tier|[Gen 9] Random Battle\n|rated|\n|rule|Species Clause: Limit one of each Pok\u00e9mon\n|rule|HP Percentage Mod: HP is shown in percentages\n|rule|Sleep Clause Mod: Limit one foe put to sleep\n|rule|Illusion Level Mod: Illusion disguises the Pok\u00e9mon's true level\n|\n|t:|1782777015\n|teamsize|p1|6\n|teamsize|p2|6\n|start\n|switch|p1a: Whiscash|Whiscash, L88, F|337/337\n|switch|p2a: Rhydon|Rhydon, L85, F|317/317\n|turn|1\n|inactive|Battle timer is ON: inactive players will automatically lose when time's up. (requested by PingusFingusPingas)\n|\n|t:|1782777021\n|switch|p2a: Whimsicott|Whimsicott, L84, M|238/238\n|move|p1a: Whiscash|Dragon Dance|p1a: Whiscash\n|-boost|p1a: Whiscash|atk|1\n|-boost|p1a: Whiscash|spe|1\n|\n|upkeep\n|turn|2\n|\n|t:|1782777027\n|switch|p1a: Gholdengo|Gholdengo, L77|261/261\n|move|p2a: Whimsicott|Encore|p1a: Gholdengo\n|-immune|p1a: Gholdengo|[from] ability: Good as Gold\n|\n|upkeep\n|turn|3\n|\n|t:|1782777054\n|switch|p2a: Cyclizar|Cyclizar, L83, F|252/252\n|move|p1a: Gholdengo|Trick|p2a: Cyclizar\n|-activate|p1a: Gholdengo|move: Trick|[of] p2a: Cyclizar\n|-item|p2a: Cyclizar|Choice Scarf|[from] move: Trick\n|-item|p1a: Gholdengo|Heavy-Duty Boots|[from] move: Trick\n|\n|upkeep\n|turn|4\n|\n|t:|1782777060\n|move|p2a: Cyclizar|Shed Tail|p2a: Cyclizar\n|-start|p2a: Cyclizar|Substitute|[from] move: Shed Tail\n|-damage|p2a: Cyclizar|126/252\n|\n|t:|1782777064\n|switch|p2a: Gouging Fire|Gouging Fire, L74|277/277|[from] Shed Tail\n|move|p1a: Gholdengo|Focus Blast|p2a: Gouging Fire\n|-end|p2a: Gouging Fire|Substitute\n|\n|upkeep\n|turn|5\n|\n|t:|1782777074\n|-end|p2a: Gouging Fire|Protosynthesis|[silent]\n|switch|p2a: Samurott|Samurott, L88, M|310/310\n|switch|p1a: Palossand|Palossand, L89, F|296/296\n|\n|upkeep\n|turn|6\n|\n|t:|1782777087\n|switch|p1a: Baxcalibur|Baxcalibur, L75, M|295/295\n|move|p2a: Samurott|Hydro Pump|p1a: Baxcalibur|[miss]\n|-miss|p2a: Samurott|p1a: Baxcalibur\n|\n|upkeep\n|turn|7\n|\n|t:|1782777101\n|switch|p2a: Whimsicott|Whimsicott, L84, M|238/238\n|move|p1a: Baxcalibur|Glaive Rush|p2a: Whimsicott\n|-immune|p2a: Whimsicott\n|\n|upkeep\n|turn|8\n|\n|t:|1782777103\n|switch|p1a: Gholdengo|Gholdengo, L77|261/261\n|move|p2a: Whimsicott|Encore|p1a: Gholdengo\n|-immune|p1a: Gholdengo|[from] ability: Good as Gold\n|\n|upkeep\n|turn|9\n|\n|t:|1782777114\n|switch|p2a: Samurott|Samurott, L88, M|310/310\n|move|p1a: Gholdengo|Shadow Ball|p2a: Samurott\n|-damage|p2a: Samurott|234/310\n|\n|upkeep\n|turn|10\n|\n|t:|1782777119\n|switch|p1a: Baxcalibur|Baxcalibur, L75, M|295/295\n|move|p2a: Samurott|Hydro Pump|p1a: Baxcalibur\n|-resisted|p1a: Baxcalibur\n|-damage|p1a: Baxcalibur|219/295\n|\n|upkeep\n|turn|11\n|\n|t:|1782777124\n|move|p1a: Baxcalibur|Icicle Crash|p2a: Samurott\n|-resisted|p2a: Samurott\n|-crit|p2a: Samurott\n|-damage|p2a: Samurott|123/310\n|move|p2a: Samurott|Megahorn|p1a: Baxcalibur|[miss]\n|-miss|p2a: Samurott|p1a: Baxcalibur\n|\n|upkeep\n|turn|12\n|\n|t:|1782777129\n|switch|p2a: Munkidori|Munkidori, L79, M|269/269\n|move|p1a: Baxcalibur|Icicle Crash|p2a: Munkidori\n|-damage|p2a: Munkidori|58/269\n|\n|upkeep\n|turn|13\n|\n|t:|1782777133\n|move|p2a: Munkidori|Focus Blast|p1a: Baxcalibur\n|-supereffective|p1a: Baxcalibur\n|-crit|p1a: Baxcalibur\n|-damage|p1a: Baxcalibur|0 fnt\n|faint|p1a: Baxcalibur\n|\n|upkeep\n|\n|t:|1782777155\n|switch|p1a: Espathra|Espathra, L80, F|283/283\n|turn|14\n|\n|t:|1782777159\n|switch|p2a: Whimsicott|Whimsicott, L84, M|238/238\n|move|p1a: Espathra|Substitute|p1a: Espathra\n|-start|p1a: Espathra|Substitute\n|-damage|p1a: Espathra|213/283\n|\n|-heal|p1a: Espathra|230/283|[from] item: Leftovers\n|-ability|p1a: Espathra|Speed Boost|boost\n|-boost|p1a: Espathra|spe|1\n|upkeep\n|turn|15\n|\n|t:|1782777179\n|switch|p1a: Blaziken|Blaziken, L76, F|247/247\n|move|p2a: Whimsicott|Encore||[still]\n|-fail|p2a: Whimsicott\n|\n|upkeep\n|turn|16\n|\n|t:|1782777187\n|move|p2a: Whimsicott|Substitute|p2a: Whimsicott\n|-start|p2a: Whimsicott|Substitute\n|-damage|p2a: Whimsicott|179/238\n|move|p1a: Blaziken|Swords Dance|p1a: Blaziken\n|-boost|p1a: Blaziken|atk|2\n|\n|-heal|p2a: Whimsicott|193/238|[from] item: Leftovers\n|-ability|p1a: Blaziken|Speed Boost|boost\n|-boost|p1a: Blaziken|spe|1\n|upkeep\n|turn|17\n|\n|t:|1782777202\n|move|p2a: Whimsicott|Encore|p1a: Blaziken\n|-start|p1a: Blaziken|Encore\n|move|p1a: Blaziken|Swords Dance|p1a: Blaziken\n|-boost|p1a: Blaziken|atk|2\n|\n|-heal|p2a: Whimsicott|207/238|[from] item: Leftovers\n|-ability|p1a: Blaziken|Speed Boost|boost\n|-boost|p1a: Blaziken|spe|1\n|upkeep\n|turn|18\n|\n|t:|1782777206\n|switch|p1a: Gholdengo|Gholdengo, L77|261/261\n|switch|p2a: Rhydon|Rhydon, L85, F|317/317\n|\n|upkeep\n|turn|19\n|\n|t:|1782777213\n|switch|p1a: Palossand|Palossand, L89, F|296/296\n|move|p2a: Rhydon|Earthquake|p1a: Palossand\n|-damage|p1a: Palossand|194/296\n|\n|-heal|p1a: Palossand|212/296|[from] item: Leftovers\n|upkeep\n|turn|20\n|\n|t:|1782777237\n|move|p2a: Rhydon|Stealth Rock|p1a: Palossand\n|-sidestart|p1: Kart5545|move: Stealth Rock\n|move|p1a: Palossand|Shore Up|p1a: Palossand\n|-heal|p1a: Palossand|296/296\n|\n|upkeep\n|turn|21\n|\n|t:|1782777250\n|switch|p2a: Cyclizar|Cyclizar, L83, F|210/252\n|move|p1a: Palossand|Earth Power|p2a: Cyclizar\n|-damage|p2a: Cyclizar|71/252\n|\n|upkeep\n|turn|22\n|\n|t:|1782777253\n|move|p2a: Cyclizar|Shed Tail|p2a: Cyclizar\n|-fail|p2a: Cyclizar|move: Shed Tail|[weak]\n|move|p1a: Palossand|Earth Power|p2a: Cyclizar\n|-damage|p2a: Cyclizar|0 fnt\n|faint|p2a: Cyclizar\n|\n|upkeep\n|\n|t:|1782777259\n|switch|p2a: Samurott|Samurott, L88, M|123/310\n|turn|23\n|\n|t:|1782777268\n|move|p2a: Samurott|Grass Knot|p1a: Palossand\n|-supereffective|p1a: Palossand\n|-damage|p1a: Palossand|78/296\n|move|p1a: Palossand|Earth Power|p2a: Samurott\n|-damage|p2a: Samurott|42/310\n|-unboost|p2a: Samurott|spd|1\n|\n|-heal|p1a: Palossand|96/296|[from] item: Leftovers\n|upkeep\n|turn|24\n|\n|t:|1782777275\n|move|p2a: Samurott|Grass Knot|p1a: Palossand\n|-supereffective|p1a: Palossand\n|-damage|p1a: Palossand|0 fnt\n|faint|p1a: Palossand\n|\n|upkeep\n|\n|t:|1782777278\n|switch|p1a: Espathra|Espathra, L80, F|230/283\n|-damage|p1a: Espathra|195/283|[from] Stealth Rock\n|turn|25\n|\n|t:|1782777283\n|move|p1a: Espathra|Dazzling Gleam|p2a: Samurott\n|-damage|p2a: Samurott|0 fnt\n|faint|p2a: Samurott\n|\n|-heal|p1a: Espathra|212/283|[from] item: Leftovers\n|-ability|p1a: Espathra|Speed Boost|boost\n|-boost|p1a: Espathra|spe|1\n|upkeep\n|\n|t:|1782777287\n|switch|p2a: Rhydon|Rhydon, L85, F|317/317\n|turn|26\n|\n|t:|1782777292\n|move|p1a: Espathra|Calm Mind|p1a: Espathra\n|-boost|p1a: Espathra|spa|1\n|-boost|p1a: Espathra|spd|1\n|move|p2a: Rhydon|Earthquake|p1a: Espathra\n|-damage|p1a: Espathra|25/283\n|\n|-heal|p1a: Espathra|42/283|[from] item: Leftovers\n|-ability|p1a: Espathra|Speed Boost|boost\n|-boost|p1a: Espathra|spe|1\n|upkeep\n|turn|27\n|\n|t:|1782777300\n|move|p1a: Espathra|Stored Power|p2a: Rhydon\n|-damage|p2a: Rhydon|170/317\n|move|p2a: Rhydon|Earthquake|p1a: Espathra\n|-damage|p1a: Espathra|0 fnt\n|faint|p1a: Espathra\n|\n|upkeep\n|\n|t:|1782777307\n|switch|p1a: Gholdengo|Gholdengo, L77|261/261\n|turn|28\n|\n|t:|1782777311\n|-terastallize|p2a: Rhydon|Flying\n|move|p1a: Gholdengo|Make It Rain|p2a: Rhydon\n|-damage|p2a: Rhydon|29/317\n|-unboost|p1a: Gholdengo|spa|1\n|move|p2a: Rhydon|Earthquake|p1a: Gholdengo\n|-supereffective|p1a: Gholdengo\n|-damage|p1a: Gholdengo|0 fnt\n|faint|p1a: Gholdengo\n|\n|upkeep\n|\n|t:|1782777316\n|switch|p1a: Whiscash|Whiscash, L88, F|337/337\n|-damage|p1a: Whiscash|316/337|[from] Stealth Rock\n|turn|29\n|\n|t:|1782777320\n|move|p1a: Whiscash|Dragon Dance|p1a: Whiscash\n|-boost|p1a: Whiscash|atk|1\n|-boost|p1a: Whiscash|spe|1\n|move|p2a: Rhydon|Earthquake|p1a: Whiscash\n|-damage|p1a: Whiscash|166/337\n|\n|upkeep\n|turn|30\n|\n|t:|1782777327\n|move|p1a: Whiscash|Stone Edge|p2a: Rhydon\n|-supereffective|p2a: Rhydon\n|-damage|p2a: Rhydon|0 fnt\n|faint|p2a: Rhydon\n|-damage|p1a: Whiscash|133/337|[from] item: Life Orb\n|\n|upkeep\n|\n|t:|1782777331\n|switch|p2a: Whimsicott|Whimsicott, L84, M|207/238\n|turn|31\n|\n|t:|1782777335\n|move|p2a: Whimsicott|Moonblast|p1a: Whiscash\n|-damage|p1a: Whiscash|40/337\n|move|p1a: Whiscash|Stone Edge|p2a: Whimsicott\n|-damage|p2a: Whimsicott|71/238\n|-damage|p1a: Whiscash|7/337|[from] item: Life Orb\n|\n|-heal|p2a: Whimsicott|85/238|[from] item: Leftovers\n|upkeep\n|turn|32\n|\n|t:|1782777339\n|move|p2a: Whimsicott|Moonblast|p1a: Whiscash\n|-damage|p1a: Whiscash|0 fnt\n|faint|p1a: Whiscash\n|\n|-heal|p2a: Whimsicott|99/238|[from] item: Leftovers\n|upkeep\n|\n|t:|1782777341\n|switch|p1a: Blaziken|Blaziken, L76, F|247/247\n|-damage|p1a: Blaziken|217/247|[from] Stealth Rock\n|turn|33\n|\n|t:|1782777346\n|move|p2a: Whimsicott|Substitute|p2a: Whimsicott\n|-start|p2a: Whimsicott|Substitute\n|-damage|p2a: Whimsicott|40/238\n|move|p1a: Blaziken|Flare Blitz|p2a: Whimsicott\n|-supereffective|p2a: Whimsicott\n|-end|p2a: Whimsicott|Substitute\n|-damage|p1a: Blaziken|198/247|[from] Recoil|[of] p2a: Whimsicott\n|-damage|p1a: Blaziken|174/247|[from] item: Life Orb\n|\n|-heal|p2a: Whimsicott|54/238|[from] item: Leftovers\n|-ability|p1a: Blaziken|Speed Boost|boost\n|-boost|p1a: Blaziken|spe|1\n|upkeep\n|turn|34\n|\n|t:|1782777350\n|move|p2a: Whimsicott|Encore|p1a: Blaziken\n|-start|p1a: Blaziken|Encore\n|move|p1a: Blaziken|Flare Blitz|p2a: Whimsicott\n|-supereffective|p2a: Whimsicott\n|-damage|p2a: Whimsicott|0 fnt\n|faint|p2a: Whimsicott\n|-damage|p1a: Blaziken|156/247|[from] Recoil\n|-damage|p1a: Blaziken|132/247|[from] item: Life Orb\n|\n|-ability|p1a: Blaziken|Speed Boost|boost\n|-boost|p1a: Blaziken|spe|1\n|upkeep\n|\n|t:|1782777351\n|switch|p2a: Gouging Fire|Gouging Fire, L74|277/277\n|turn|35\n|\n|t:|1782777359\n|move|p1a: Blaziken|Flare Blitz|p2a: Gouging Fire\n|-resisted|p2a: Gouging Fire\n|-damage|p2a: Gouging Fire|242/277\n|-damage|p1a: Blaziken|120/247|[from] Recoil\n|-damage|p1a: Blaziken|96/247|[from] item: Life Orb\n|move|p2a: Gouging Fire|Outrage|p1a: Blaziken\n|-damage|p1a: Blaziken|0 fnt\n|faint|p1a: Blaziken\n|\n|win|PingusFingusPingas\n|raw|Kart5545's rating: 1664 &rarr; <strong>1645</strong><br />(-19 for losing)\n|raw|PingusFingusPingas's rating: 1681 &rarr; <strong>1700</strong><br />(+19 for winning)\n|l|\u2606Kart5545\n|player|p1|\n", "inputlog": ">version f8ac14003a5f27e1bdc8d8c59608a773c1cb96e5\n>start {\"formatid\":\"gen9randombattle\",\"seed\":\"sodium,abbbf91b39f407643dc848b3ffa9d90a\",\"rated\":\"Rated battle\"}\n>player p1 {\"name\":\"Kart5545\",\"avatar\":\"2\",\"rating\":1664,\"seed\":\"sodium,db98e3c1c2bf7fd0280bfe889e6fc91d\"}\n>player p2 {\"name\":\"PingusFingusPingas\",\"avatar\":\"aetherfoundation2\",\"rating\":1699,\"seed\":\"sodium,fc0a035e9fe2faaebf875fa54ee4da99\"}\n>p1 move dragondance\n>p2 switch 6\n>p1 switch 2\n>p2 move encore\n>p1 move trick\n>p2 switch 5\n>p1 move focusblast\n>p2 move shedtail\n>p2 switch 4\n>p1 switch 4\n>p2 switch 3\n>p1 switch 5\n>p2 move hydropump\n>p1 move glaiverush\n>p2 switch 5\n>p1 switch 4\n>p2 move encore\n>p1 move shadowball\n>p2 switch 5\n>p1 switch 4\n>p2 move hydropump\n>p1 move iciclecrash\n>p2 move megahorn\n>p1 move iciclecrash\n>p2 switch 2\n>p1 move iciclecrash\n>p2 move focusblast\n>p1 switch 6\n>p1 move substitute\n>p2 switch 5\n>p1 switch 3\n>p2 move encore\n>p1 move swordsdance\n>p2 move substitute\n>p1 move knockoff\n>p2 move encore\n>p1 switch 4\n>p2 switch 6\n>p1 switch 5\n>p2 move earthquake\n>p1 move shoreup\n>p2 move stealthrock\n>p1 move earthpower\n>p2 switch 4\n>p1 move earthpower\n>p2 move shedtail\n>p2 switch 2\n>p1 move earthpower\n>p2 move grassknot\n>p1 move earthpower\n>p2 move grassknot\n>p1 switch 3\n>p1 move dazzlinggleam\n>p2 move megahorn\n>p2 switch 4\n>p1 move calmmind\n>p2 move earthquake\n>p1 move storedpower\n>p2 move earthquake\n>p1 switch 5\n>p1 move makeitrain\n>p2 move earthquake terastallize\n>p1 switch 2\n>p1 move dragondance\n>p2 move earthquake\n>p1 move stoneedge\n>p2 move earthquake\n>p2 switch 6\n>p1 move stoneedge\n>p2 move moonblast\n>p1 move liquidation\n>p2 move moonblast\n>p1 switch 4\n>p1 move flareblitz\n>p2 move substitute\n>p1 move flareblitz\n>p2 move encore\n>p2 switch 3\n>p1 move flareblitz\n>p2 move outrage", "uploadtime": 1782777370, "views": 3, "formatid": "gen9randombattle", "rating": 1645, "private": 0, "password": null, "player_dets": [{"name": "Kart5545", "avatar": "2", "rating": 1664, "seed": "sodium,db98e3c1c2bf7fd0280bfe889e6fc91d"}, {"name": "PingusFingusPingas", "avatar": "aetherfoundation2", "rating": 1699, "seed": "sodium,fc0a035e9fe2faaebf875fa54ee4da99"}], "teams_full": [{"Whiscash": {"name": "Whiscash", "species": "Whiscash", "speciesId": "whiscash", "gender": "F", "shiny": false, "level": 88, "moves": ["liquidation", "stoneedge", "dragondance", "earthquake"], "ability": "Oblivious", "evs": {"hp": 85, "atk": 85, "def": 85, "spa": 85, "spd": 85, "spe": 85}, "ivs": {"hp": 31, "atk": 31, "def": 31, "spa": 31, "spd": 31, "spe": 31}, "item": "Life Orb", "teraType": "Steel", "role": "Setup Sweeper", "bvs": {"hp": 110, "atk": 78, "def": 73, "spa": 76, "spd": 71, "spe": 60}, "stats": {"hp": 337, "atk": 188, "def": 179, "spa": 184, "spd": 175, "spe": 156}, "types": ["Water", "Ground"]}, "Gholdengo": {"name": "Gholdengo", "species": "Gholdengo", "speciesId": "gholdengo", "gender": "N", "shiny": false, "level": 77, "moves": ["trick", "focusblast", "makeitrain", "shadowball"], "ability": "Good as Gold", "evs": {"hp": 85, "atk": 0, "def": 85, "spa": 85, "spd": 85, "spe": 85}, "ivs": {"hp": 31, "atk": 0, "def": 31, "spa": 31, "spd": 31, "spe": 31}, "item": "Choice Scarf", "teraType": "Ghost", "role": "Bulky Attacker", "bvs": {"hp": 87, "atk": 60, "def": 95, "spa": 133, "spd": 91, "spe": 84}, "stats": {"hp": 261, "atk": 97, "def": 191, "spa": 249, "spd": 185, "spe": 174}, "types": ["Steel", "Ghost"]}, "Blaziken": {"name": "Blaziken", "species": "Blaziken", "speciesId": "blaziken", "gender": "F", "shiny": false, "level": 76, "moves": ["closecombat", "swordsdance", "flareblitz", "knockoff"], "ability": "Speed Boost", "evs": {"hp": 85, "atk": 85, "def": 85, "spa": 85, "spd": 85, "spe": 85}, "ivs": {"hp": 31, "atk": 31, "def": 31, "spa": 31, "spd": 31, "spe": 31}, "item": "Life Orb", "teraType": "Dark", "role": "Setup Sweeper", "bvs": {"hp": 80, "atk": 120, "def": 70, "spa": 110, "spd": 70, "spe": 80}, "stats": {"hp": 247, "atk": 226, "def": 150, "spa": 211, "spd": 150, "spe": 166}, "types": ["Fire", "Fighting"]}, "Palossand": {"name": "Palossand", "species": "Palossand", "speciesId": "palossand", "gender": "F", "shiny": false, "level": 89, "moves": ["shoreup", "stealthrock", "earthpower", "shadowball"], "ability": "Water Compaction", "evs": {"hp": 85, "atk": 0, "def": 85, "spa": 85, "spd": 85, "spe": 85}, "ivs": {"hp": 31, "atk": 0, "def": 31, "spa": 31, "spd": 31, "spe": 31}, "item": "Leftovers", "teraType": "Poison", "role": "Bulky Support", "bvs": {"hp": 85, "atk": 75, "def": 110, "spa": 100, "spd": 75, "spe": 35}, "stats": {"hp": 296, "atk": 138, "def": 247, "spa": 229, "spd": 184, "spe": 113}, "types": ["Ghost", "Ground"]}, "Baxcalibur": {"name": "Baxcalibur", "species": "Baxcalibur", "speciesId": "baxcalibur", "gender": "M", "shiny": false, "level": 75, "moves": ["glaiverush", "earthquake", "iceshard", "iciclecrash"], "ability": "Thermal Exchange", "evs": {"hp": 81, "atk": 85, "def": 85, "spa": 85, "spd": 85, "spe": 85}, "ivs": {"hp": 31, "atk": 31, "def": 31, "spa": 31, "spd": 31, "spe": 31}, "item": "Choice Band", "teraType": "Dragon", "role": "Fast Attacker", "bvs": {"hp": 115, "atk": 145, "def": 92, "spa": 75, "spd": 86, "spe": 87}, "stats": {"hp": 295, "atk": 261, "def": 182, "spa": 156, "spd": 173, "spe": 174}, "types": ["Dragon", "Ice"]}, "Espathra": {"name": "Espathra", "species": "Espathra", "speciesId": "espathra", "gender": "F", "shiny": false, "level": 80, "moves": ["storedpower", "dazzlinggleam", "calmmind", "substitute"], "ability": "Speed Boost", "evs": {"hp": 85, "atk": 0, "def": 85, "spa": 85, "spd": 85, "spe": 85}, "ivs": {"hp": 31, "atk": 0, "def": 31, "spa": 31, "spd": 31, "spe": 31}, "item": "Leftovers", "teraType": "Fairy", "role": "Fast Bulky Setup", "bvs": {"hp": 95, "atk": 60, "def": 60, "spa": 101, "spd": 60, "spe": 105}, "stats": {"hp": 283, "atk": 101, "def": 142, "spa": 208, "spd": 142, "spe": 214}, "types": ["Psychic"]}}, {"Rhydon": {"name": "Rhydon", "species": "Rhydon", "speciesId": "rhydon", "gender": "F", "shiny": false, "level": 85, "moves": ["earthquake", "megahorn", "stealthrock", "stoneedge"], "ability": "Lightning Rod", "evs": {"hp": 85, "atk": 85, "def": 85, "spa": 85, "spd": 85, "spe": 85}, "ivs": {"hp": 31, "atk": 31, "def": 31, "spa": 31, "spd": 31, "spe": 31}, "item": "Eviolite", "teraType": "Flying", "role": "Bulky Attacker", "bvs": {"hp": 105, "atk": 130, "def": 120, "spa": 45, "spd": 45, "spe": 40}, "stats": {"hp": 317, "atk": 270, "def": 253, "spa": 125, "spd": 125, "spe": 117}, "types": ["Ground", "Rock"]}, "Munkidori": {"name": "Munkidori", "species": "Munkidori", "speciesId": "munkidori", "gender": "M", "shiny": false, "level": 79, "moves": ["sludgewave", "focusblast", "psyshock", "uturn"], "ability": "Toxic Chain", "evs": {"hp": 85, "atk": 85, "def": 85, "spa": 85, "spd": 85, "spe": 85}, "ivs": {"hp": 31, "atk": 31, "def": 31, "spa": 31, "spd": 31, "spe": 31}, "item": "Choice Specs", "teraType": "Poison", "role": "Fast Attacker", "bvs": {"hp": 88, "atk": 75, "def": 66, "spa": 130, "spd": 90, "spe": 106}, "stats": {"hp": 269, "atk": 164, "def": 150, "spa": 251, "spd": 188, "spe": 213}, "types": ["Poison", "Psychic"]}, "Samurott": {"name": "Samurott", "species": "Samurott", "speciesId": "samurott", "gender": "M", "shiny": false, "level": 88, "moves": ["grassknot", "megahorn", "hydropump", "aquajet"], "ability": "Torrent", "evs": {"hp": 85, "atk": 85, "def": 85, "spa": 85, "spd": 85, "spe": 85}, "ivs": {"hp": 31, "atk": 31, "def": 31, "spa": 31, "spd": 31, "spe": 31}, "item": "Assault Vest", "teraType": "Grass", "role": "AV Pivot", "bvs": {"hp": 95, "atk": 100, "def": 85, "spa": 108, "spd": 70, "spe": 70}, "stats": {"hp": 310, "atk": 226, "def": 200, "spa": 240, "spd": 173, "spe": 173}, "types": ["Water"]}, "Gouging Fire": {"name": "Gouging Fire", "species": "Gouging Fire", "speciesId": "gougingfire", "gender": "N", "shiny": false, "level": 74, "moves": ["heatcrash", "outrage", "morningsun", "dragondance"], "ability": "Protosynthesis", "evs": {"hp": 85, "atk": 85, "def": 85, "spa": 85, "spd": 85, "spe": 85}, "ivs": {"hp": 31, "atk": 31, "def": 31, "spa": 31, "spd": 31, "spe": 31}, "item": "Heavy-Duty Boots", "teraType": "Fairy", "role": "Bulky Setup", "bvs": {"hp": 105, "atk": 115, "def": 121, "spa": 65, "spd": 93, "spe": 91}, "stats": {"hp": 277, "atk": 213, "def": 222, "spa": 139, "spd": 181, "spe": 178}, "types": ["Fire", "Dragon"]}, "Cyclizar": {"name": "Cyclizar", "species": "Cyclizar", "speciesId": "cyclizar", "gender": "F", "shiny": false, "level": 83, "moves": ["knockoff", "rapidspin", "shedtail", "dracometeor"], "ability": "Regenerator", "evs": {"hp": 85, "atk": 85, "def": 85, "spa": 85, "spd": 85, "spe": 85}, "ivs": {"hp": 31, "atk": 31, "def": 31, "spa": 31, "spd": 31, "spe": 31}, "item": "Heavy-Duty Boots", "teraType": "Ghost", "role": "Fast Support", "bvs": {"hp": 70, "atk": 95, "def": 65, "spa": 85, "spd": 65, "spe": 121}, "stats": {"hp": 252, "atk": 205, "def": 156, "spa": 189, "spd": 156, "spe": 249}, "types": ["Dragon", "Normal"]}, "Whimsicott": {"name": "Whimsicott", "species": "Whimsicott", "speciesId": "whimsicott", "gender": "M", "shiny": false, "level": 84, "moves": ["substitute", "encore", "leechseed", "moonblast"], "ability": "Prankster", "evs": {"hp": 85, "atk": 0, "def": 85, "spa": 85, "spd": 85, "spe": 85}, "ivs": {"hp": 31, "atk": 0, "def": 31, "spa": 31, "spd": 31, "spe": 31}, "item": "Leftovers", "teraType": "Steel", "role": "Bulky Support", "bvs": {"hp": 60, "atk": 67, "def": 85, "spa": 77, "spd": 75, "spe": 116}, "stats": {"hp": 238, "atk": 117, "def": 191, "spa": 178, "spd": 174, "spe": 243}, "types": ["Grass", "Fairy"]}}]}