{"id": "gen9randombattle-2641378461", "format": "[Gen 9] Random Battle", "players": ["BicSlowBro", "shinxmagic"], "log": "|j|\u2606BicSlowBro\n|j|\u2606shinxmagic\n|t:|1782775627\n|gametype|singles\n|player|p1|BicSlowBro|acetrainersnow|1662\n|player|p2|shinxmagic|266|1692\n|gen|9\n|tier|[Gen 9] Random Battle\n|rated|\n|rule|Species Clause: Limit one of each Pok\u00e9mon\n|rule|HP Percentage Mod: HP is shown in percentages\n|rule|Sleep Clause Mod: Limit one foe put to sleep\n|rule|Illusion Level Mod: Illusion disguises the Pok\u00e9mon's true level\n|\n|t:|1782775627\n|teamsize|p1|6\n|teamsize|p2|6\n|start\n|switch|p1a: Pyroar|Pyroar, L88, M|295/295\n|switch|p2a: Ludicolo|Ludicolo, L90, F|290/290\n|-ability|p1a: Pyroar|Unnerve\n|turn|1\n|l|\u2606BicSlowBro\n|player|p1|\n|inactive|Battle timer is ON: inactive players will automatically lose when time's up. (requested by shinxmagic)\n|j|\u2606BicSlowBro\n|inactive|BicSlowBro reconnected and has 150 seconds left.\n|player|p1|BicSlowBro|acetrainersnow|\n|inactive|BicSlowBro has 120 seconds left.\n|\n|t:|1782775693\n|switch|p1a: Lugia|Lugia, L73|275/275\n|move|p2a: Ludicolo|Rain Dance|p2a: Ludicolo\n|-weather|RainDance\n|\n|-weather|RainDance|[upkeep]\n|upkeep\n|turn|2\n|\n|t:|1782775716\n|move|p2a: Ludicolo|Hydro Pump|p1a: Lugia\n|-damage|p1a: Lugia|187/275\n|-damage|p2a: Ludicolo|261/290|[from] item: Life Orb\n|move|p1a: Lugia|Calm Mind|p1a: Lugia\n|-boost|p1a: Lugia|spa|1\n|-boost|p1a: Lugia|spd|1\n|\n|-weather|RainDance|[upkeep]\n|upkeep\n|turn|3\n|\n|t:|1782775723\n|move|p2a: Ludicolo|Hydro Pump|p1a: Lugia\n|-damage|p1a: Lugia|58/275\n|-damage|p2a: Ludicolo|232/290|[from] item: Life Orb\n|move|p1a: Lugia|Calm Mind|p1a: Lugia\n|-boost|p1a: Lugia|spa|1\n|-boost|p1a: Lugia|spd|1\n|\n|-weather|RainDance|[upkeep]\n|upkeep\n|turn|4\n|\n|t:|1782775741\n|move|p2a: Ludicolo|Ice Beam|p1a: Lugia\n|-supereffective|p1a: Lugia\n|-damage|p1a: Lugia|0 fnt\n|faint|p1a: Lugia\n|-damage|p2a: Ludicolo|203/290|[from] item: Life Orb\n|\n|-weather|RainDance|[upkeep]\n|upkeep\n|\n|t:|1782775754\n|switch|p1a: Ariados|Ariados, L95, M|287/287\n|turn|5\n|\n|t:|1782775769\n|move|p2a: Ludicolo|Hydro Pump|p1a: Ariados\n|-damage|p1a: Ariados|28/287\n|-damage|p2a: Ludicolo|174/290|[from] item: Life Orb\n|move|p1a: Ariados|Poison Jab|p2a: Ludicolo\n|-supereffective|p2a: Ludicolo\n|-damage|p2a: Ludicolo|0 fnt\n|faint|p2a: Ludicolo\n|\n|-weather|none\n|upkeep\n|\n|t:|1782775786\n|switch|p2a: Toucannon|Toucannon, L88, M|284/284\n|turn|6\n|inactive|BicSlowBro has 120 seconds left.\n|\n|t:|1782775818\n|switch|p1a: Vigoroth|Vigoroth, L85, M|275/275\n|move|p2a: Toucannon|Knock Off|p1a: Vigoroth\n|-damage|p1a: Vigoroth|211/275\n|-enditem|p1a: Vigoroth|Eviolite|[from] move: Knock Off|[of] p2a: Toucannon\n|\n|upkeep\n|turn|7\n|\n|t:|1782775835\n|-singleturn|p2a: Toucannon|move: Beak Blast\n|move|p1a: Vigoroth|Body Slam|p2a: Toucannon\n|-damage|p2a: Toucannon|193/284\n|-status|p1a: Vigoroth|brn\n|-status|p2a: Toucannon|par\n|move|p2a: Toucannon|Beak Blast|p1a: Vigoroth\n|-damage|p1a: Vigoroth|63/275 brn\n|\n|-damage|p1a: Vigoroth|46/275 brn|[from] brn\n|upkeep\n|turn|8\n|\n|t:|1782775863\n|move|p1a: Vigoroth|Body Slam|p2a: Toucannon\n|-damage|p2a: Toucannon|146/284 par\n|move|p2a: Toucannon|Roost|p2a: Toucannon\n|-heal|p2a: Toucannon|284/284 par\n|-singleturn|p2a: Toucannon|move: Roost\n|\n|-damage|p1a: Vigoroth|29/275 brn|[from] brn\n|upkeep\n|turn|9\n|\n|t:|1782775869\n|move|p1a: Vigoroth|Body Slam|p2a: Toucannon\n|-damage|p2a: Toucannon|236/284 par\n|move|p2a: Toucannon|Knock Off|p1a: Vigoroth\n|-damage|p1a: Vigoroth|0 fnt\n|faint|p1a: Vigoroth\n|\n|upkeep\n|\n|t:|1782775883\n|switch|p1a: Ariados|Ariados, L95, M|28/287\n|turn|10\n|\n|t:|1782775890\n|move|p1a: Ariados|Sticky Web|p2a: Toucannon\n|-sidestart|p2: shinxmagic|move: Sticky Web\n|move|p2a: Toucannon|Knock Off|p1a: Ariados\n|-damage|p1a: Ariados|0 fnt\n|-enditem|p1a: Ariados|Heavy-Duty Boots|[from] move: Knock Off|[of] p2a: Toucannon\n|faint|p1a: Ariados\n|\n|upkeep\n|\n|t:|1782775897\n|switch|p1a: Iron Boulder|Iron Boulder, L77|265/265\n|-enditem|p1a: Iron Boulder|Booster Energy\n|-activate|p1a: Iron Boulder|ability: Quark Drive|[fromitem]\n|-start|p1a: Iron Boulder|quarkdrivespe\n|turn|11\n|\n|t:|1782775904\n|-singleturn|p2a: Toucannon|move: Beak Blast\n|move|p1a: Iron Boulder|Swords Dance|p1a: Iron Boulder\n|-boost|p1a: Iron Boulder|atk|2\n|cant|p2a: Toucannon|par\n|\n|upkeep\n|turn|12\n|inactive|BicSlowBro has 120 seconds left.\n|\n|t:|1782775910\n|-singleturn|p2a: Toucannon|move: Beak Blast\n|move|p1a: Iron Boulder|Mighty Cleave|p2a: Toucannon\n|-supereffective|p2a: Toucannon\n|-damage|p2a: Toucannon|0 fnt\n|-status|p1a: Iron Boulder|brn\n|faint|p2a: Toucannon\n|\n|-damage|p1a: Iron Boulder|249/265 brn|[from] brn\n|upkeep\n|\n|t:|1782775915\n|switch|p2a: Pincurchin|Pincurchin, F|258/258\n|-activate|p2a: Pincurchin|move: Sticky Web\n|-unboost|p2a: Pincurchin|spe|1\n|-fieldstart|move: Electric Terrain|[from] ability: Electric Surge|[of] p2a: Pincurchin\n|turn|13\n|inactive|BicSlowBro has 120 seconds left.\n|\n|t:|1782775945\n|move|p1a: Iron Boulder|Mighty Cleave|p2a: Pincurchin\n|-damage|p2a: Pincurchin|177/258\n|move|p2a: Pincurchin|Liquidation|p1a: Iron Boulder\n|-supereffective|p1a: Iron Boulder\n|-damage|p1a: Iron Boulder|35/265 brn\n|\n|-heal|p2a: Pincurchin|193/258|[from] item: Leftovers\n|-damage|p1a: Iron Boulder|19/265 brn|[from] brn\n|upkeep\n|turn|14\n|\n|t:|1782775960\n|move|p1a: Iron Boulder|Mighty Cleave|p2a: Pincurchin\n|-damage|p2a: Pincurchin|112/258\n|move|p2a: Pincurchin|Recover|p2a: Pincurchin\n|-heal|p2a: Pincurchin|241/258\n|\n|-heal|p2a: Pincurchin|257/258|[from] item: Leftovers\n|-damage|p1a: Iron Boulder|3/265 brn|[from] brn\n|upkeep\n|turn|15\n|\n|t:|1782775964\n|move|p1a: Iron Boulder|Mighty Cleave|p2a: Pincurchin\n|-crit|p2a: Pincurchin\n|-damage|p2a: Pincurchin|146/258\n|move|p2a: Pincurchin|Recover|p2a: Pincurchin\n|-heal|p2a: Pincurchin|258/258\n|\n|-damage|p1a: Iron Boulder|0 fnt|[from] brn\n|faint|p1a: Iron Boulder\n|-end|p1a: Iron Boulder|Quark Drive|[silent]\n|upkeep\n|inactive|BicSlowBro has 120 seconds left.\n|\n|t:|1782775989\n|switch|p1a: Rampardos|Rampardos, L90, M|321/321\n|turn|16\n|\n|t:|1782776005\n|-terastallize|p1a: Rampardos|Ground\n|move|p1a: Rampardos|Earthquake|p2a: Pincurchin\n|-supereffective|p2a: Pincurchin\n|-damage|p2a: Pincurchin|0 fnt\n|faint|p2a: Pincurchin\n|\n|upkeep\n|\n|t:|1782776015\n|switch|p2a: Volcarona|Volcarona, L77, F|257/257\n|turn|17\n|inactive|BicSlowBro has 120 seconds left.\n|\n|t:|1782776040\n|-terastallize|p2a: Volcarona|Grass\n|move|p1a: Rampardos|Earthquake|p2a: Volcarona\n|-resisted|p2a: Volcarona\n|-damage|p2a: Volcarona|124/257\n|move|p2a: Volcarona|Quiver Dance|p2a: Volcarona\n|-boost|p2a: Volcarona|spa|1\n|-boost|p2a: Volcarona|spd|1\n|-boost|p2a: Volcarona|spe|1\n|\n|-fieldend|move: Electric Terrain\n|upkeep\n|turn|18\n|inactive|BicSlowBro has 120 seconds left.\n|\n|t:|1782776051\n|switch|p1a: Pyroar|Pyroar, L88, M|295/295\n|-ability|p1a: Pyroar|Unnerve\n|move|p2a: Volcarona|Giga Drain|p1a: Pyroar\n|-resisted|p1a: Pyroar\n|-damage|p1a: Pyroar|217/295\n|-heal|p2a: Volcarona|163/257|[from] drain|[of] p1a: Pyroar\n|\n|upkeep\n|turn|19\n|inactive|BicSlowBro has 120 seconds left.\n|\n|t:|1782776072\n|switch|p2a: Diancie|Diancie, L82|216/216\n|-activate|p2a: Diancie|move: Sticky Web\n|-fail|p2a: Diancie|unboost|[from] ability: Clear Body|[of] p2a: Diancie\n|move|p1a: Pyroar|Taunt|p2a: Diancie\n|-start|p2a: Diancie|move: Taunt\n|\n|upkeep\n|turn|20\n|\n|t:|1782776089\n|move|p1a: Pyroar|Fire Blast|p2a: Diancie\n|-resisted|p2a: Diancie\n|-crit|p2a: Diancie\n|-damage|p2a: Diancie|148/216\n|move|p2a: Diancie|Diamond Storm|p1a: Pyroar\n|-supereffective|p1a: Pyroar\n|-damage|p1a: Pyroar|0 fnt\n|faint|p1a: Pyroar\n|\n|-heal|p2a: Diancie|161/216|[from] item: Leftovers\n|upkeep\n|\n|t:|1782776091\n|switch|p1a: Rampardos|Rampardos, L90, M, tera:Ground|321/321\n|turn|21\n|\n|t:|1782776103\n|move|p1a: Rampardos|Head Smash|p2a: Diancie\n|-damage|p2a: Diancie|0 fnt\n|faint|p2a: Diancie\n|-damage|p1a: Rampardos|240/321|[from] Recoil\n|\n|upkeep\n|\n|t:|1782776107\n|switch|p2a: Volcarona|Volcarona, L77, F, tera:Grass|163/257\n|turn|22\n|\n|t:|1782776110\n|move|p1a: Rampardos|Head Smash|p2a: Volcarona|[miss]\n|-miss|p1a: Rampardos|p2a: Volcarona\n|move|p2a: Volcarona|Giga Drain|p1a: Rampardos\n|-supereffective|p1a: Rampardos\n|-damage|p1a: Rampardos|4/321\n|-heal|p2a: Volcarona|257/257|[from] drain|[of] p1a: Rampardos\n|\n|upkeep\n|turn|23\n|\n|t:|1782776123\n|move|p1a: Rampardos|Head Smash|p2a: Volcarona|[miss]\n|-miss|p1a: Rampardos|p2a: Volcarona\n|move|p2a: Volcarona|Giga Drain|p1a: Rampardos\n|-supereffective|p1a: Rampardos\n|-damage|p1a: Rampardos|0 fnt\n|faint|p1a: Rampardos\n|\n|win|shinxmagic\n|raw|BicSlowBro's rating: 1662 &rarr; <strong>1644</strong><br />(-18 for losing)\n|raw|shinxmagic's rating: 1692 &rarr; <strong>1710</strong><br />(+18 for winning)\n", "inputlog": ">version f8ac14003a5f27e1bdc8d8c59608a773c1cb96e5\n>start {\"formatid\":\"gen9randombattle\",\"seed\":\"sodium,c1fccc6e8005d288390787eaa39917a1\",\"rated\":\"Rated battle\"}\n>player p1 {\"name\":\"BicSlowBro\",\"avatar\":\"acetrainersnow\",\"rating\":1662,\"seed\":\"sodium,40da1b99f42a09e89283f484e78067b9\"}\n>player p2 {\"name\":\"shinxmagic\",\"avatar\":\"266\",\"rating\":1692,\"seed\":\"sodium,3bd060bdbf5bad436f5ad67ad7f08e4b\"}\n>p1 switch 5\n>p2 move raindance\n>p1 move calmmind\n>p2 move hydropump\n>p1 move calmmind\n>p2 move hydropump\n>p1 move recover\n>p2 move icebeam\n>p1 switch 4\n>p1 move poisonjab\n>p2 move hydropump\n>p2 switch 2\n>p1 switch 6\n>p2 move knockoff\n>p1 move bodyslam\n>p2 move beakblast\n>p1 move bodyslam\n>p2 move roost\n>p1 move bodyslam\n>p2 move knockoff\n>p1 switch 6\n>p1 move stickyweb\n>p2 move knockoff\n>p1 switch 3\n>p1 move swordsdance\n>p2 move beakblast\n>p1 move mightycleave\n>p2 move beakblast\n>p2 switch 4\n>p1 move mightycleave\n>p2 move liquidation\n>p1 move mightycleave\n>p2 move recover\n>p1 move mightycleave\n>p2 move recover\n>p1 switch 2\n>p1 move earthquake terastallize\n>p2 move liquidation\n>p2 switch 3\n>p1 move earthquake\n>p2 move quiverdance terastallize\n>p1 switch 5\n>p2 move gigadrain\n>p1 move taunt\n>p2 switch 5\n>p1 move fireblast\n>p2 move diamondstorm\n>p1 switch 5\n>p1 move headsmash\n>p2 move diamondstorm\n>p2 switch 5\n>p1 move headsmash\n>p2 move gigadrain\n>p1 move headsmash\n>p2 move gigadrain", "uploadtime": 1782776125, "views": 8, "formatid": "gen9randombattle", "rating": 1644, "private": 0, "password": null, "player_dets": [{"name": "BicSlowBro", "avatar": "acetrainersnow", "rating": 1662, "seed": "sodium,40da1b99f42a09e89283f484e78067b9"}, {"name": "shinxmagic", "avatar": "266", "rating": 1692, "seed": "sodium,3bd060bdbf5bad436f5ad67ad7f08e4b"}], "teams_full": [{"Pyroar": {"name": "Pyroar", "species": "Pyroar", "speciesId": "pyroar", "gender": "M", "shiny": false, "level": 88, "moves": ["darkpulse", "fireblast", "taunt", "hypervoice"], "ability": "Unnerve", "evs": {"hp": 85, "atk": 0, "def": 85, "spa": 85, "spd": 85, "spe": 85}, "ivs": {"hp": 31, "atk": 0, "def": 31, "spa": 31, "spd": 31, "spe": 31}, "item": "Heavy-Duty Boots", "teraType": "Fire", "role": "Fast Attacker", "bvs": {"hp": 86, "atk": 68, "def": 72, "spa": 109, "spd": 66, "spe": 106}, "stats": {"hp": 295, "atk": 124, "def": 177, "spa": 242, "spd": 166, "spe": 237}, "types": ["Fire", "Normal"]}, "Rampardos": {"name": "Rampardos", "species": "Rampardos", "speciesId": "rampardos", "gender": "M", "shiny": false, "level": 90, "moves": ["firepunch", "earthquake", "headsmash", "rockslide"], "ability": "Sheer Force", "evs": {"hp": 85, "atk": 85, "def": 85, "spa": 85, "spd": 85, "spe": 85}, "ivs": {"hp": 31, "atk": 31, "def": 31, "spa": 31, "spd": 31, "spe": 31}, "item": "Choice Scarf", "teraType": "Ground", "role": "Fast Attacker", "bvs": {"hp": 97, "atk": 165, "def": 60, "spa": 65, "spd": 50, "spe": 58}, "stats": {"hp": 321, "atk": 348, "def": 159, "spa": 168, "spd": 141, "spe": 156}, "types": ["Rock"]}, "Iron Boulder": {"name": "Iron Boulder", "species": "Iron Boulder", "speciesId": "ironboulder", "gender": "N", "shiny": false, "level": 77, "moves": ["zenheadbutt", "swordsdance", "closecombat", "mightycleave"], "ability": "Quark Drive", "evs": {"hp": 85, "atk": 85, "def": 85, "spa": 85, "spd": 85, "spe": 85}, "ivs": {"hp": 31, "atk": 31, "def": 31, "spa": 31, "spd": 31, "spe": 31}, "item": "Booster Energy", "teraType": "Fighting", "role": "Fast Bulky Setup", "bvs": {"hp": 90, "atk": 120, "def": 80, "spa": 68, "spd": 108, "spe": 124}, "stats": {"hp": 265, "atk": 229, "def": 168, "spa": 149, "spd": 211, "spe": 236}, "types": ["Rock", "Psychic"]}, "Ariados": {"name": "Ariados", "species": "Ariados", "speciesId": "ariados", "gender": "M", "shiny": false, "level": 95, "moves": ["stickyweb", "poisonjab", "knockoff", "megahorn"], "ability": "Insomnia", "evs": {"hp": 85, "atk": 85, "def": 85, "spa": 85, "spd": 85, "spe": 85}, "ivs": {"hp": 31, "atk": 31, "def": 31, "spa": 31, "spd": 31, "spe": 31}, "item": "Heavy-Duty Boots", "teraType": "Ghost", "role": "Fast Support", "bvs": {"hp": 70, "atk": 90, "def": 70, "spa": 60, "spd": 70, "spe": 40}, "stats": {"hp": 287, "atk": 225, "def": 187, "spa": 168, "spd": 187, "spe": 130}, "types": ["Bug", "Poison"]}, "Lugia": {"name": "Lugia", "species": "Lugia", "speciesId": "lugia", "gender": "N", "shiny": false, "level": 73, "moves": ["calmmind", "psychicnoise", "recover", "aeroblast"], "ability": "Multiscale", "evs": {"hp": 85, "atk": 0, "def": 85, "spa": 85, "spd": 85, "spe": 85}, "ivs": {"hp": 31, "atk": 0, "def": 31, "spa": 31, "spd": 31, "spe": 31}, "item": "Heavy-Duty Boots", "teraType": "Steel", "role": "Setup Sweeper", "bvs": {"hp": 106, "atk": 90, "def": 130, "spa": 90, "spd": 154, "spe": 110}, "stats": {"hp": 275, "atk": 136, "def": 232, "spa": 174, "spd": 267, "spe": 203}, "types": ["Psychic", "Flying"]}, "Vigoroth": {"name": "Vigoroth", "species": "Vigoroth", "speciesId": "vigoroth", "gender": "M", "shiny": false, "level": 85, "moves": ["earthquake", "slackoff", "bulkup", "bodyslam"], "ability": "Vital Spirit", "evs": {"hp": 85, "atk": 85, "def": 85, "spa": 85, "spd": 85, "spe": 85}, "ivs": {"hp": 31, "atk": 31, "def": 31, "spa": 31, "spd": 31, "spe": 31}, "item": "Eviolite", "teraType": "Ground", "role": "Bulky Attacker", "bvs": {"hp": 80, "atk": 80, "def": 80, "spa": 55, "spd": 55, "spe": 90}, "stats": {"hp": 275, "atk": 185, "def": 185, "spa": 142, "spd": 142, "spe": 202}, "types": ["Normal"]}}, {"Ludicolo": {"name": "Ludicolo", "species": "Ludicolo", "speciesId": "ludicolo", "gender": "F", "shiny": false, "level": 90, "moves": ["icebeam", "gigadrain", "raindance", "hydropump"], "ability": "Swift Swim", "evs": {"hp": 85, "atk": 0, "def": 85, "spa": 85, "spd": 85, "spe": 85}, "ivs": {"hp": 31, "atk": 0, "def": 31, "spa": 31, "spd": 31, "spe": 31}, "item": "Life Orb", "teraType": "Steel", "role": "Setup Sweeper", "bvs": {"hp": 80, "atk": 70, "def": 70, "spa": 90, "spd": 100, "spe": 70}, "stats": {"hp": 290, "atk": 131, "def": 177, "spa": 213, "spd": 231, "spe": 177}, "types": ["Water", "Grass"]}, "Toucannon": {"name": "Toucannon", "species": "Toucannon", "speciesId": "toucannon", "gender": "M", "shiny": false, "level": 88, "moves": ["knockoff", "beakblast", "boomburst", "roost"], "ability": "Keen Eye", "evs": {"hp": 85, "atk": 85, "def": 85, "spa": 85, "spd": 85, "spe": 85}, "ivs": {"hp": 31, "atk": 31, "def": 31, "spa": 31, "spd": 31, "spe": 31}, "item": "Heavy-Duty Boots", "teraType": "Steel", "role": "Bulky Support", "bvs": {"hp": 80, "atk": 120, "def": 75, "spa": 75, "spd": 75, "spe": 60}, "stats": {"hp": 284, "atk": 261, "def": 182, "spa": 182, "spd": 182, "spe": 156}, "types": ["Normal", "Flying"]}, "Volcarona": {"name": "Volcarona", "species": "Volcarona", "speciesId": "volcarona", "gender": "F", "shiny": false, "level": 77, "moves": ["quiverdance", "fierydance", "morningsun", "gigadrain"], "ability": "Flame Body", "evs": {"hp": 85, "atk": 0, "def": 85, "spa": 85, "spd": 85, "spe": 85}, "ivs": {"hp": 31, "atk": 0, "def": 31, "spa": 31, "spd": 31, "spe": 31}, "item": "Heavy-Duty Boots", "teraType": "Grass", "role": "Fast Bulky Setup", "bvs": {"hp": 85, "atk": 60, "def": 65, "spa": 135, "spd": 105, "spe": 100}, "stats": {"hp": 257, "atk": 97, "def": 145, "spa": 252, "spd": 206, "spe": 199}, "types": ["Bug", "Fire"]}, "Pincurchin": {"name": "Pincurchin", "species": "Pincurchin", "speciesId": "pincurchin", "gender": "F", "shiny": false, "level": 100, "moves": ["curse", "recover", "zingzap", "liquidation"], "ability": "Electric Surge", "evs": {"hp": 85, "atk": 85, "def": 85, "spa": 85, "spd": 85, "spe": 85}, "ivs": {"hp": 31, "atk": 31, "def": 31, "spa": 31, "spd": 31, "spe": 31}, "item": "Leftovers", "teraType": "Grass", "role": "Bulky Setup", "bvs": {"hp": 48, "atk": 101, "def": 95, "spa": 91, "spd": 85, "spe": 15}, "stats": {"hp": 258, "atk": 259, "def": 247, "spa": 239, "spd": 227, "spe": 87}, "types": ["Electric"]}, "Diancie": {"name": "Diancie", "species": "Diancie", "speciesId": "diancie", "gender": "N", "shiny": false, "level": 82, "moves": ["earthpower", "calmmind", "diamondstorm", "drainingkiss"], "ability": "Clear Body", "evs": {"hp": 85, "atk": 85, "def": 85, "spa": 85, "spd": 85, "spe": 85}, "ivs": {"hp": 31, "atk": 31, "def": 31, "spa": 31, "spd": 31, "spe": 31}, "item": "Leftovers", "teraType": "Water", "role": "Bulky Setup", "bvs": {"hp": 50, "atk": 100, "def": 150, "spa": 100, "spd": 150, "spe": 50}, "stats": {"hp": 216, "atk": 211, "def": 293, "spa": 211, "spd": 293, "spe": 129}, "types": ["Rock", "Fairy"]}, "Decidueye": {"name": "Decidueye", "species": "Decidueye-Hisui", "speciesId": "decidueyehisui", "gender": "M", "shiny": false, "level": 87, "moves": ["swordsdance", "triplearrows", "roost", "leafblade"], "ability": "Scrappy", "evs": {"hp": 85, "atk": 85, "def": 85, "spa": 85, "spd": 85, "spe": 85}, "ivs": {"hp": 31, "atk": 31, "def": 31, "spa": 31, "spd": 31, "spe": 31}, "item": "Leftovers", "teraType": "Water", "role": "Bulky Attacker", "bvs": {"hp": 88, "atk": 112, "def": 80, "spa": 95, "spd": 95, "spe": 60}, "stats": {"hp": 295, "atk": 245, "def": 189, "spa": 215, "spd": 215, "spe": 154}, "types": ["Grass", "Fighting"]}}]}