{"id": "gen9randombattle-2641265636", "format": "[Gen 9] Random Battle", "players": ["Micael Lopes", "idiotpoketrainer"], "log": "|j|\u2606Micael Lopes\n|j|\u2606idiotpoketrainer\n|t:|1782760985\n|gametype|singles\n|player|p1|Micael Lopes|benga|1901\n|player|p2|idiotpoketrainer|workerice|1890\n|gen|9\n|tier|[Gen 9] Random Battle\n|rated|\n|rule|Species Clause: Limit one of each Pok\u00e9mon\n|rule|HP Percentage Mod: HP is shown in percentages\n|rule|Sleep Clause Mod: Limit one foe put to sleep\n|rule|Illusion Level Mod: Illusion disguises the Pok\u00e9mon's true level\n|\n|t:|1782760985\n|teamsize|p1|6\n|teamsize|p2|6\n|start\n|switch|p1a: Iron Valiant|Iron Valiant, L78|244/244\n|switch|p2a: Lurantis|Lurantis, L87, M|264/264\n|turn|1\n|inactive|Battle timer is ON: inactive players will automatically lose when time's up. (requested by idiotpoketrainer)\n|inactive|Micael Lopes also wants the timer to be on.\n|\n|t:|1782760999\n|switch|p2a: Enamorus|Enamorus, L79, F|247/247\n|move|p1a: Iron Valiant|Knock Off|p2a: Enamorus\n|-resisted|p2a: Enamorus\n|-damage|p2a: Enamorus|181/247\n|-enditem|p2a: Enamorus|Leftovers|[from] move: Knock Off|[of] p1a: Iron Valiant\n|-damage|p1a: Iron Valiant|220/244|[from] item: Life Orb\n|\n|upkeep\n|turn|2\n|\n|t:|1782761011\n|move|p1a: Iron Valiant|Moonblast|p2a: Enamorus\n|-damage|p2a: Enamorus|21/247\n|-damage|p1a: Iron Valiant|196/244|[from] item: Life Orb\n|move|p2a: Enamorus|Play Rough|p1a: Iron Valiant|[miss]\n|-miss|p2a: Enamorus|p1a: Iron Valiant\n|\n|upkeep\n|turn|3\n|\n|t:|1782761015\n|move|p1a: Iron Valiant|Moonblast|p2a: Enamorus\n|-damage|p2a: Enamorus|0 fnt\n|faint|p2a: Enamorus\n|-damage|p1a: Iron Valiant|172/244|[from] item: Life Orb\n|\n|upkeep\n|\n|t:|1782761021\n|switch|p2a: Greninja|Greninja, L80, M|246/246\n|turn|4\n|\n|t:|1782761028\n|-end|p1a: Iron Valiant|Quark Drive|[silent]\n|switch|p1a: Revavroom|Revavroom, L79, M|256/256\n|move|p2a: Greninja|Hydro Pump|p1a: Revavroom\n|-start|p2a: Greninja|typechange|Water|[from] ability: Protean\n|-damage|p1a: Revavroom|79/256\n|-damage|p2a: Greninja|222/246|[from] item: Life Orb\n|\n|upkeep\n|turn|5\n|\n|t:|1782761033\n|move|p2a: Greninja|Dark Pulse|p1a: Revavroom\n|-damage|p1a: Revavroom|0 fnt\n|faint|p1a: Revavroom\n|-damage|p2a: Greninja|198/246|[from] item: Life Orb\n|\n|upkeep\n|\n|t:|1782761035\n|switch|p1a: Cobalion|Cobalion, L80|277/277\n|turn|6\n|\n|t:|1782761039\n|move|p2a: Greninja|Hydro Pump|p1a: Cobalion\n|-damage|p1a: Cobalion|98/277\n|-damage|p2a: Greninja|174/246|[from] item: Life Orb\n|move|p1a: Cobalion|Swords Dance|p1a: Cobalion\n|-boost|p1a: Cobalion|atk|2\n|\n|upkeep\n|turn|7\n|\n|t:|1782761046\n|move|p2a: Greninja|Hydro Pump|p1a: Cobalion|[miss]\n|-miss|p2a: Greninja|p1a: Cobalion\n|move|p1a: Cobalion|Close Combat|p2a: Greninja\n|-damage|p2a: Greninja|0 fnt\n|-unboost|p1a: Cobalion|def|1\n|-unboost|p1a: Cobalion|spd|1\n|faint|p2a: Greninja\n|-damage|p1a: Cobalion|71/277|[from] item: Life Orb\n|\n|upkeep\n|\n|t:|1782761055\n|switch|p2a: Zamazenta|Zamazenta-Crowned, L68|238/238\n|-ability|p2a: Zamazenta|Dauntless Shield|boost\n|-boost|p2a: Zamazenta|def|1\n|turn|8\n|\n|t:|1782761064\n|move|p1a: Cobalion|Close Combat|p2a: Zamazenta\n|-supereffective|p2a: Zamazenta\n|-damage|p2a: Zamazenta|0 fnt\n|-unboost|p1a: Cobalion|def|1\n|-unboost|p1a: Cobalion|spd|1\n|faint|p2a: Zamazenta\n|-damage|p1a: Cobalion|44/277|[from] item: Life Orb\n|\n|upkeep\n|\n|t:|1782761066\n|switch|p2a: Terapagos|Terapagos, L77, M|265/265\n|-activate|p2a: Terapagos|ability: Tera Shift\n|detailschange|p2a: Terapagos|Terapagos-Terastal, L77, M\n|-heal|p2a: Terapagos|273/273|[silent]\n|turn|9\n|\n|t:|1782761069\n|move|p1a: Cobalion|Iron Head|p2a: Terapagos\n|-activate|p2a: Terapagos|ability: Tera Shell\n|-resisted|p2a: Terapagos\n|-damage|p2a: Terapagos|192/273\n|-damage|p1a: Cobalion|17/277|[from] item: Life Orb\n|move|p2a: Terapagos|Earth Power|p1a: Cobalion\n|-supereffective|p1a: Cobalion\n|-damage|p1a: Cobalion|0 fnt\n|faint|p1a: Cobalion\n|\n|upkeep\n|\n|t:|1782761072\n|switch|p1a: Iron Valiant|Iron Valiant, L78|172/244\n|turn|10\n|\n|t:|1782761077\n|move|p1a: Iron Valiant|Close Combat|p2a: Terapagos\n|-supereffective|p2a: Terapagos\n|-damage|p2a: Terapagos|0 fnt\n|-unboost|p1a: Iron Valiant|def|1\n|-unboost|p1a: Iron Valiant|spd|1\n|faint|p2a: Terapagos\n|-damage|p1a: Iron Valiant|148/244|[from] item: Life Orb\n|\n|upkeep\n|\n|t:|1782761078\n|switch|p2a: Phione|Phione, L91|293/293\n|turn|11\n|\n|t:|1782761099\n|move|p1a: Iron Valiant|Knock Off|p2a: Phione\n|-damage|p2a: Phione|186/293\n|-enditem|p2a: Phione|Leftovers|[from] move: Knock Off|[of] p1a: Iron Valiant\n|-damage|p1a: Iron Valiant|124/244|[from] item: Life Orb\n|move|p2a: Phione|Scald|p1a: Iron Valiant\n|-damage|p1a: Iron Valiant|0 fnt\n|faint|p1a: Iron Valiant\n|-end|p1a: Iron Valiant|Quark Drive|[silent]\n|\n|upkeep\n|\n|t:|1782761103\n|switch|p1a: Sableye|Sableye, L88, M|231/231\n|turn|12\n|\n|t:|1782761106\n|move|p1a: Sableye|Encore|p2a: Phione\n|-start|p2a: Phione|Encore\n|move|p2a: Phione|Scald|p1a: Sableye\n|-crit|p1a: Sableye\n|-damage|p1a: Sableye|83/231\n|-status|p1a: Sableye|brn\n|\n|-heal|p1a: Sableye|97/231 brn|[from] item: Leftovers\n|-damage|p1a: Sableye|83/231 brn|[from] brn\n|upkeep\n|turn|13\n|\n|t:|1782761111\n|switch|p2a: Lurantis|Lurantis, L87, M|264/264\n|move|p1a: Sableye|Thunder Wave|p2a: Lurantis\n|-status|p2a: Lurantis|par\n|\n|-heal|p1a: Sableye|97/231 brn|[from] item: Leftovers\n|-damage|p1a: Sableye|83/231 brn|[from] brn\n|upkeep\n|turn|14\n|\n|t:|1782761117\n|move|p1a: Sableye|Knock Off|p2a: Lurantis\n|-damage|p2a: Lurantis|222/264 par\n|-enditem|p2a: Lurantis|Leftovers|[from] move: Knock Off|[of] p1a: Sableye\n|move|p2a: Lurantis|Leaf Storm|p1a: Sableye\n|-damage|p1a: Sableye|0 fnt\n|-boost|p2a: Lurantis|spa|2\n|faint|p1a: Sableye\n|\n|upkeep\n|\n|t:|1782761120\n|switch|p1a: Honchkrow|Honchkrow, L86, F|312/312\n|turn|15\n|\n|t:|1782761124\n|move|p1a: Honchkrow|Brave Bird|p2a: Lurantis\n|-supereffective|p2a: Lurantis\n|-damage|p2a: Lurantis|0 fnt\n|faint|p2a: Lurantis\n|-ability|p1a: Honchkrow|Moxie|boost\n|-boost|p1a: Honchkrow|atk|1\n|-damage|p1a: Honchkrow|239/312|[from] Recoil\n|\n|upkeep\n|\n|t:|1782761126\n|switch|p2a: Phione|Phione, L91|186/293\n|turn|16\n|\n|t:|1782761128\n|move|p2a: Phione|Ice Beam|p1a: Honchkrow\n|-supereffective|p1a: Honchkrow\n|-damage|p1a: Honchkrow|73/312\n|move|p1a: Honchkrow|Brave Bird|p2a: Phione\n|-damage|p2a: Phione|0 fnt\n|faint|p2a: Phione\n|-damage|p1a: Honchkrow|12/312|[from] Recoil\n|\n|win|Micael Lopes\n|raw|Micael Lopes's rating: 1901 &rarr; <strong>1920</strong><br />(+19 for winning)\n|raw|idiotpoketrainer's rating: 1890 &rarr; <strong>1871</strong><br />(-19 for losing)\n|l|\u2606idiotpoketrainer\n|player|p2|\n|c|\u2606Micael Lopes|**__Sexy game.__**\n", "inputlog": ">version f8ac14003a5f27e1bdc8d8c59608a773c1cb96e5\n>start {\"formatid\":\"gen9randombattle\",\"seed\":\"sodium,93251459fa5f640b6e61ac61d5643643\",\"rated\":\"Rated battle\"}\n>player p1 {\"name\":\"Micael Lopes\",\"avatar\":\"benga\",\"rating\":1901,\"seed\":\"sodium,0ec601dda5c4c1387359ab2c9dcbfd6c\"}\n>player p2 {\"name\":\"idiotpoketrainer\",\"avatar\":\"workerice\",\"rating\":1890,\"seed\":\"sodium,15ec6d39f07b0452b6fb6d3b9234af4f\"}\n>p1 move knockoff\n>p2 switch 3\n>p1 move moonblast\n>p2 move playrough\n>p1 move moonblast\n>p2 move playrough\n>p2 switch 2\n>p1 switch 4\n>p2 move hydropump\n>p1 move shiftgear\n>p2 move darkpulse\n>p1 switch 3\n>p1 move swordsdance\n>p2 move hydropump\n>p1 move closecombat\n>p2 move hydropump\n>p2 switch 5\n>p1 move closecombat\n>p2 move bodypress\n>p2 switch 6\n>p1 move ironhead\n>p2 move earthpower\n>p1 switch 4\n>p1 move closecombat\n>p2 move terastarstorm\n>p2 switch 4\n>p1 move knockoff\n>p2 move scald\n>p1 switch 6\n>p1 move encore\n>p2 move scald\n>p1 move thunderwave\n>p2 switch 3\n>p1 move knockoff\n>p2 move leafstorm\n>p1 switch 5\n>p1 move bravebird\n>p2 move superpower\n>p2 switch 3\n>p1 move bravebird\n>p2 move icebeam", "uploadtime": 1782761128, "views": 7, "formatid": "gen9randombattle", "rating": 1871, "private": 0, "password": null, "player_dets": [{"name": "Micael Lopes", "avatar": "benga", "rating": 1901, "seed": "sodium,0ec601dda5c4c1387359ab2c9dcbfd6c"}, {"name": "idiotpoketrainer", "avatar": "workerice", "rating": 1890, "seed": "sodium,15ec6d39f07b0452b6fb6d3b9234af4f"}], "teams_full": [{"Iron Valiant": {"name": "Iron Valiant", "species": "Iron Valiant", "speciesId": "ironvaliant", "gender": "N", "shiny": false, "level": 78, "moves": ["closecombat", "encore", "moonblast", "knockoff"], "ability": "Quark Drive", "evs": {"hp": 85, "atk": 85, "def": 85, "spa": 85, "spd": 85, "spe": 85}, "ivs": {"hp": 31, "atk": 31, "def": 31, "spa": 31, "spd": 31, "spe": 31}, "item": "Life Orb", "teraType": "Dark", "role": "Wallbreaker", "bvs": {"hp": 74, "atk": 130, "def": 90, "spa": 120, "spd": 60, "spe": 116}, "stats": {"hp": 244, "atk": 248, "def": 185, "spa": 232, "spd": 139, "spe": 226}, "types": ["Fairy", "Fighting"]}, "Manaphy": {"name": "Manaphy", "species": "Manaphy", "speciesId": "manaphy", "gender": "N", "shiny": false, "level": 78, "moves": ["tailglow", "icebeam", "hydropump", "energyball"], "ability": "Hydration", "evs": {"hp": 85, "atk": 0, "def": 85, "spa": 85, "spd": 85, "spe": 85}, "ivs": {"hp": 31, "atk": 0, "def": 31, "spa": 31, "spd": 31, "spe": 31}, "item": "Leftovers", "teraType": "Water", "role": "Bulky Setup", "bvs": {"hp": 100, "atk": 100, "def": 100, "spa": 100, "spd": 100, "spe": 100}, "stats": {"hp": 284, "atk": 161, "def": 201, "spa": 201, "spd": 201, "spe": 201}, "types": ["Water"]}, "Cobalion": {"name": "Cobalion", "species": "Cobalion", "speciesId": "cobalion", "gender": "N", "shiny": false, "level": 80, "moves": ["ironhead", "swordsdance", "stoneedge", "closecombat"], "ability": "Justified", "evs": {"hp": 85, "atk": 85, "def": 85, "spa": 85, "spd": 85, "spe": 85}, "ivs": {"hp": 31, "atk": 31, "def": 31, "spa": 31, "spd": 31, "spe": 31}, "item": "Life Orb", "teraType": "Fighting", "role": "Fast Bulky Setup", "bvs": {"hp": 91, "atk": 90, "def": 129, "spa": 90, "spd": 72, "spe": 108}, "stats": {"hp": 277, "atk": 190, "def": 253, "spa": 190, "spd": 161, "spe": 219}, "types": ["Steel", "Fighting"]}, "Revavroom": {"name": "Revavroom", "species": "Revavroom", "speciesId": "revavroom", "gender": "M", "shiny": false, "level": 79, "moves": ["gunkshot", "highhorsepower", "shiftgear", "ironhead"], "ability": "Filter", "evs": {"hp": 85, "atk": 85, "def": 85, "spa": 85, "spd": 85, "spe": 85}, "ivs": {"hp": 31, "atk": 31, "def": 31, "spa": 31, "spd": 31, "spe": 31}, "item": "Life Orb", "teraType": "Ground", "role": "Fast Attacker", "bvs": {"hp": 80, "atk": 119, "def": 90, "spa": 54, "spd": 67, "spe": 90}, "stats": {"hp": 256, "atk": 234, "def": 188, "spa": 131, "spd": 151, "spe": 188}, "types": ["Steel", "Poison"]}, "Honchkrow": {"name": "Honchkrow", "species": "Honchkrow", "speciesId": "honchkrow", "gender": "F", "shiny": false, "level": 86, "moves": ["bravebird", "uturn", "suckerpunch", "heatwave"], "ability": "Moxie", "evs": {"hp": 85, "atk": 85, "def": 85, "spa": 85, "spd": 85, "spe": 85}, "ivs": {"hp": 31, "atk": 31, "def": 31, "spa": 31, "spd": 31, "spe": 31}, "item": "Heavy-Duty Boots", "teraType": "Dark", "role": "Fast Attacker", "bvs": {"hp": 100, "atk": 125, "def": 52, "spa": 105, "spd": 52, "spe": 71}, "stats": {"hp": 312, "atk": 264, "def": 139, "spa": 230, "spd": 139, "spe": 171}, "types": ["Dark", "Flying"]}, "Sableye": {"name": "Sableye", "species": "Sableye", "speciesId": "sableye", "gender": "M", "shiny": false, "level": 88, "moves": ["encore", "knockoff", "recover", "thunderwave"], "ability": "Prankster", "evs": {"hp": 85, "atk": 85, "def": 85, "spa": 85, "spd": 85, "spe": 85}, "ivs": {"hp": 31, "atk": 31, "def": 31, "spa": 31, "spd": 31, "spe": 31}, "item": "Leftovers", "teraType": "Steel", "role": "Bulky Support", "bvs": {"hp": 50, "atk": 75, "def": 75, "spa": 65, "spd": 65, "spe": 50}, "stats": {"hp": 231, "atk": 182, "def": 182, "spa": 165, "spd": 165, "spe": 138}, "types": ["Dark", "Ghost"]}}, {"Lurantis": {"name": "Lurantis", "species": "Lurantis", "speciesId": "lurantis", "gender": "M", "shiny": false, "level": 87, "moves": ["superpower", "synthesis", "leafstorm", "defog"], "ability": "Contrary", "evs": {"hp": 85, "atk": 85, "def": 85, "spa": 85, "spd": 85, "spe": 85}, "ivs": {"hp": 31, "atk": 31, "def": 31, "spa": 31, "spd": 31, "spe": 31}, "item": "Leftovers", "teraType": "Fighting", "role": "Bulky Attacker", "bvs": {"hp": 70, "atk": 105, "def": 90, "spa": 80, "spd": 90, "spe": 45}, "stats": {"hp": 264, "atk": 232, "def": 206, "spa": 189, "spd": 206, "spe": 128}, "types": ["Grass"]}, "Greninja": {"name": "Greninja", "species": "Greninja", "speciesId": "greninja", "gender": "M", "shiny": false, "level": 80, "moves": ["darkpulse", "grassknot", "gunkshot", "hydropump"], "ability": "Protean", "evs": {"hp": 85, "atk": 85, "def": 85, "spa": 85, "spd": 85, "spe": 85}, "ivs": {"hp": 31, "atk": 31, "def": 31, "spa": 31, "spd": 31, "spe": 31}, "item": "Life Orb", "teraType": "Dark", "role": "Fast Attacker", "bvs": {"hp": 72, "atk": 95, "def": 67, "spa": 103, "spd": 71, "spe": 122}, "stats": {"hp": 246, "atk": 198, "def": 153, "spa": 211, "spd": 160, "spe": 241}, "types": ["Water", "Dark"]}, "Enamorus": {"name": "Enamorus", "species": "Enamorus", "speciesId": "enamorus", "gender": "F", "shiny": false, "level": 79, "moves": ["superpower", "zenheadbutt", "substitute", "playrough"], "ability": "Contrary", "evs": {"hp": 85, "atk": 85, "def": 85, "spa": 85, "spd": 85, "spe": 85}, "ivs": {"hp": 31, "atk": 31, "def": 31, "spa": 31, "spd": 31, "spe": 31}, "item": "Leftovers", "teraType": "Fighting", "role": "Setup Sweeper", "bvs": {"hp": 74, "atk": 115, "def": 70, "spa": 135, "spd": 80, "spe": 106}, "stats": {"hp": 247, "atk": 227, "def": 156, "spa": 259, "spd": 172, "spe": 213}, "types": ["Fairy", "Flying"]}, "Phione": {"name": "Phione", "species": "Phione", "speciesId": "phione", "gender": "N", "shiny": false, "level": 91, "moves": ["grassknot", "takeheart", "scald", "icebeam"], "ability": "Hydration", "evs": {"hp": 85, "atk": 0, "def": 85, "spa": 85, "spd": 85, "spe": 85}, "ivs": {"hp": 31, "atk": 0, "def": 31, "spa": 31, "spd": 31, "spe": 31}, "item": "Leftovers", "teraType": "Grass", "role": "Bulky Attacker", "bvs": {"hp": 80, "atk": 80, "def": 80, "spa": 80, "spd": 80, "spe": 80}, "stats": {"hp": 293, "atk": 150, "def": 197, "spa": 197, "spd": 197, "spe": 197}, "types": ["Water"]}, "Zamazenta": {"name": "Zamazenta", "species": "Zamazenta", "speciesId": "zamazentacrowned", "gender": "N", "shiny": false, "level": 68, "moves": ["bodypress", "irondefense", "stoneedge", "heavyslam"], "ability": "Dauntless Shield", "evs": {"hp": 85, "atk": 85, "def": 85, "spa": 85, "spd": 85, "spe": 85}, "ivs": {"hp": 31, "atk": 31, "def": 31, "spa": 31, "spd": 31, "spe": 31}, "item": "Rusted Shield", "teraType": "Fighting", "role": "Bulky Setup", "bvs": {"hp": 92, "atk": 120, "def": 140, "spa": 80, "spd": 140, "spe": 128}, "stats": {"hp": 238, "atk": 203, "def": 230, "spa": 149, "spd": 230, "spe": 214}, "types": ["Fighting", "Steel"]}, "Terapagos": {"name": "Terapagos", "species": "Terapagos", "speciesId": "terapagos", "gender": "M", "shiny": false, "level": 77, "moves": ["terastarstorm", "earthpower", "rest", "calmmind"], "ability": "Tera Shift", "evs": {"hp": 85, "atk": 0, "def": 85, "spa": 85, "spd": 85, "spe": 85}, "ivs": {"hp": 31, "atk": 0, "def": 31, "spa": 31, "spd": 31, "spe": 31}, "item": "Chesto Berry", "teraType": "Stellar", "role": "Fast Bulky Setup", "bvs": {"hp": 90, "atk": 65, "def": 85, "spa": 65, "spd": 85, "spe": 60}, "stats": {"hp": 265, "atk": 105, "def": 175, "spa": 145, "spd": 175, "spe": 137}, "types": ["Normal"]}}]}