{"id": "gen9randombattle-2641481141", "format": "[Gen 9] Random Battle", "players": ["isureadyorisuready", "shamu142"], "log": "|j|\u2606isureadyorisuready\n|j|\u2606shamu142\n|t:|1782791712\n|gametype|singles\n|player|p1|isureadyorisuready|101|2145\n|player|p2|shamu142|baker|2225\n|gen|9\n|tier|[Gen 9] Random Battle\n|rated|\n|rule|Species Clause: Limit one of each Pok\u00e9mon\n|rule|HP Percentage Mod: HP is shown in percentages\n|rule|Sleep Clause Mod: Limit one foe put to sleep\n|rule|Illusion Level Mod: Illusion disguises the Pok\u00e9mon's true level\n|\n|t:|1782791712\n|teamsize|p1|6\n|teamsize|p2|6\n|start\n|switch|p1a: Serperior|Serperior, L79, M|248/248\n|switch|p2a: Toedscruel|Toedscruel, L87, F|281/281\n|turn|1\n|inactive|Battle timer is ON: inactive players will automatically lose when time's up. (requested by isureadyorisuready)\n|\n|t:|1782791739\n|switch|p2a: Rabsca|Rabsca, L91, F|284/284\n|move|p1a: Serperior|Glare|p2a: Rabsca\n|-status|p2a: Rabsca|par\n|-activate|p2a: Rabsca|ability: Synchronize\n|-status|p1a: Serperior|par\n|\n|upkeep\n|turn|2\n|\n|t:|1782791746\n|switch|p1a: Heatran|Heatran, L79, F|273/273\n|-item|p1a: Heatran|Air Balloon\n|move|p2a: Rabsca|Bug Buzz|p1a: Heatran\n|-resisted|p1a: Heatran\n|-damage|p1a: Heatran|242/273\n|-enditem|p1a: Heatran|Air Balloon\n|\n|upkeep\n|turn|3\n|\n|t:|1782791760\n|switch|p2a: Toedscruel|Toedscruel, L87, F|281/281\n|move|p1a: Heatran|Stealth Rock|p2a: Toedscruel\n|-sidestart|p2: shamu142|move: Stealth Rock\n|\n|upkeep\n|turn|4\n|\n|t:|1782791764\n|switch|p1a: Serperior|Serperior, L79, M|248/248 par\n|move|p2a: Toedscruel|Earth Power|p1a: Serperior\n|-resisted|p1a: Serperior\n|-damage|p1a: Serperior|200/248 par\n|\n|upkeep\n|turn|5\n|\n|t:|1782791768\n|switch|p2a: Rabsca|Rabsca, L91, F|284/284 par\n|move|p1a: Serperior|Glare|p2a: Rabsca\n|-fail|p2a: Rabsca|par\n|\n|upkeep\n|turn|6\n|\n|t:|1782791777\n|switch|p1a: Grafaiai|Grafaiai, L86, M|249/249\n|switch|p2a: Toedscruel|Toedscruel, L87, F|281/281\n|-damage|p2a: Toedscruel|264/281|[from] Stealth Rock\n|\n|-heal|p2a: Toedscruel|281/281|[from] item: Leftovers\n|upkeep\n|turn|7\n|\n|t:|1782791784\n|move|p1a: Grafaiai|U-turn|p2a: Toedscruel\n|-supereffective|p2a: Toedscruel\n|-damage|p2a: Toedscruel|159/281\n|\n|t:|1782791787\n|switch|p1a: Serperior|Serperior, L79, M|200/248 par|[from] U-turn\n|move|p2a: Toedscruel|Rapid Spin|p1a: Serperior\n|-damage|p1a: Serperior|172/248 par\n|-boost|p2a: Toedscruel|spe|1\n|-sideend|p2: shamu142|Stealth Rock|[from] move: Rapid Spin|[of] p2a: Toedscruel\n|\n|-heal|p2a: Toedscruel|176/281|[from] item: Leftovers\n|upkeep\n|turn|8\n|\n|t:|1782791799\n|move|p2a: Toedscruel|Earth Power|p1a: Serperior\n|-resisted|p1a: Serperior\n|-damage|p1a: Serperior|131/248 par\n|move|p1a: Serperior|Synthesis|p1a: Serperior\n|-heal|p1a: Serperior|248/248 par\n|\n|-heal|p2a: Toedscruel|193/281|[from] item: Leftovers\n|upkeep\n|turn|9\n|\n|t:|1782791804\n|switch|p2a: Rabsca|Rabsca, L91, F|284/284 par\n|cant|p1a: Serperior|par\n|\n|upkeep\n|turn|10\n|inactive|shamu142 has 120 seconds left.\n|inactive|shamu142 has 90 seconds left.\n|\n|t:|1782791873\n|switch|p1a: Heatran|Heatran, L79, F|242/273\n|switch|p2a: Toedscruel|Toedscruel, L87, F|193/281\n|\n|-heal|p2a: Toedscruel|210/281|[from] item: Leftovers\n|upkeep\n|turn|11\n|inactive|shamu142 has 90 seconds left.\n|\n|t:|1782791879\n|switch|p1a: Serperior|Serperior, L79, M|248/248 par\n|move|p2a: Toedscruel|Earth Power|p1a: Serperior\n|-resisted|p1a: Serperior\n|-damage|p1a: Serperior|203/248 par\n|\n|-heal|p2a: Toedscruel|227/281|[from] item: Leftovers\n|upkeep\n|turn|12\n|\n|t:|1782791883\n|move|p2a: Toedscruel|Earth Power|p1a: Serperior\n|-resisted|p1a: Serperior\n|-damage|p1a: Serperior|158/248 par\n|move|p1a: Serperior|Glare|p2a: Toedscruel\n|-status|p2a: Toedscruel|par\n|\n|-heal|p2a: Toedscruel|244/281 par|[from] item: Leftovers\n|upkeep\n|turn|13\n|\n|t:|1782791888\n|switch|p2a: Rabsca|Rabsca, L91, F|284/284 par\n|cant|p1a: Serperior|par\n|\n|upkeep\n|turn|14\n|\n|t:|1782791915\n|switch|p1a: Heatran|Heatran, L79, F|242/273\n|move|p2a: Rabsca|Psychic|p1a: Heatran\n|-resisted|p1a: Heatran\n|-damage|p1a: Heatran|188/273\n|\n|upkeep\n|turn|15\n|\n|t:|1782791918\n|switch|p2a: Manaphy|Manaphy, L78|284/284\n|move|p1a: Heatran|Magma Storm|p2a: Manaphy\n|-resisted|p2a: Manaphy\n|-damage|p2a: Manaphy|227/284\n|-activate|p2a: Manaphy|move: Magma Storm|[of] p1a: Heatran\n|\n|-heal|p2a: Manaphy|244/284|[from] item: Leftovers\n|-damage|p2a: Manaphy|209/284|[from] move: Magma Storm|[partiallytrapped]\n|upkeep\n|turn|16\n|\n|t:|1782791924\n|switch|p1a: Lanturn|Lanturn, L89, F|367/367\n|move|p2a: Manaphy|Tail Glow|p2a: Manaphy\n|-boost|p2a: Manaphy|spa|3\n|\n|-heal|p2a: Manaphy|226/284|[from] item: Leftovers\n|-end|p2a: Manaphy|Magma Storm|[partiallytrapped]|[silent]\n|upkeep\n|turn|17\n|\n|t:|1782791927\n|-terastallize|p2a: Manaphy|Grass\n|move|p2a: Manaphy|Energy Ball|p1a: Lanturn\n|-supereffective|p1a: Lanturn\n|-damage|p1a: Lanturn|0 fnt\n|faint|p1a: Lanturn\n|\n|-heal|p2a: Manaphy|243/284|[from] item: Leftovers\n|upkeep\n|\n|t:|1782791930\n|switch|p1a: Grafaiai|Grafaiai, L86, M|249/249\n|turn|18\n|\n|t:|1782791936\n|move|p1a: Grafaiai|Knock Off|p2a: Manaphy\n|-damage|p2a: Manaphy|167/284\n|-enditem|p2a: Manaphy|Leftovers|[from] move: Knock Off|[of] p1a: Grafaiai\n|move|p2a: Manaphy|Surf|p1a: Grafaiai\n|-damage|p1a: Grafaiai|81/249\n|\n|upkeep\n|turn|19\n|\n|t:|1782791946\n|move|p1a: Grafaiai|U-turn|p2a: Manaphy\n|-supereffective|p2a: Manaphy\n|-damage|p2a: Manaphy|71/284\n|\n|t:|1782791948\n|switch|p1a: Lumineon|Lumineon, L93, M|279/279|[from] U-turn\n|move|p2a: Manaphy|Surf|p1a: Lumineon\n|-ability|p1a: Lumineon|Storm Drain|boost\n|-boost|p1a: Lumineon|spa|1\n|\n|upkeep\n|turn|20\n|\n|t:|1782791957\n|move|p1a: Lumineon|Ice Beam|p2a: Manaphy\n|-supereffective|p2a: Manaphy\n|-damage|p2a: Manaphy|0 fnt\n|faint|p2a: Manaphy\n|\n|upkeep\n|\n|t:|1782791959\n|switch|p2a: Eelektross|Eelektross, L87, M|290/290\n|turn|21\n|\n|t:|1782791969\n|move|p1a: Lumineon|Hydro Pump|p2a: Eelektross\n|-crit|p2a: Eelektross\n|-damage|p2a: Eelektross|47/290\n|move|p2a: Eelektross|Supercell Slam|p1a: Lumineon\n|-supereffective|p1a: Lumineon\n|-damage|p1a: Lumineon|37/279\n|\n|-heal|p2a: Eelektross|65/290|[from] item: Leftovers\n|upkeep\n|turn|22\n|\n|t:|1782791976\n|move|p1a: Lumineon|Ice Beam|p2a: Eelektross\n|-damage|p2a: Eelektross|0 fnt\n|faint|p2a: Eelektross\n|\n|upkeep\n|\n|t:|1782791977\n|switch|p2a: Raging Bolt|Raging Bolt, L78|323/323\n|turn|23\n|\n|t:|1782791988\n|move|p1a: Lumineon|Ice Beam|p2a: Raging Bolt\n|-supereffective|p2a: Raging Bolt\n|-damage|p2a: Raging Bolt|133/323\n|move|p2a: Raging Bolt|Thunderbolt|p1a: Lumineon\n|-supereffective|p1a: Lumineon\n|-damage|p1a: Lumineon|0 fnt\n|faint|p1a: Lumineon\n|\n|-heal|p2a: Raging Bolt|153/323|[from] item: Leftovers\n|upkeep\n|\n|t:|1782791999\n|switch|p1a: Meganium|Meganium, L90, F|290/290\n|turn|24\n|\n|t:|1782792004\n|-end|p2a: Raging Bolt|Protosynthesis|[silent]\n|switch|p2a: Ogerpon|Ogerpon, L80, F|259/259\n|move|p1a: Meganium|Swords Dance|p1a: Meganium\n|-boost|p1a: Meganium|atk|2\n|\n|upkeep\n|turn|25\n|\n|t:|1782792012\n|move|p2a: Ogerpon|Encore|p1a: Meganium\n|-start|p1a: Meganium|Encore\n|move|p1a: Meganium|Swords Dance|p1a: Meganium\n|-boost|p1a: Meganium|atk|2\n|\n|upkeep\n|turn|26\n|\n|t:|1782792017\n|switch|p1a: Heatran|Heatran, L79, F|188/273\n|move|p2a: Ogerpon|Spikes|p1a: Heatran\n|-sidestart|p1: isureadyorisuready|Spikes\n|\n|upkeep\n|turn|27\n|\n|t:|1782792022\n|switch|p2a: Toedscruel|Toedscruel, L87, F|244/281 par\n|move|p1a: Heatran|Magma Storm|p2a: Toedscruel\n|-supereffective|p2a: Toedscruel\n|-damage|p2a: Toedscruel|62/281 par\n|-activate|p2a: Toedscruel|move: Magma Storm|[of] p1a: Heatran\n|\n|-heal|p2a: Toedscruel|79/281 par|[from] item: Leftovers\n|-damage|p2a: Toedscruel|44/281 par|[from] move: Magma Storm|[partiallytrapped]\n|upkeep\n|turn|28\n|\n|t:|1782792027\n|move|p1a: Heatran|Heavy Slam|p2a: Toedscruel\n|-damage|p2a: Toedscruel|0 fnt\n|faint|p2a: Toedscruel\n|\n|upkeep\n|\n|t:|1782792042\n|switch|p2a: Rabsca|Rabsca, L91, F|284/284 par\n|turn|29\n|\n|t:|1782792046\n|move|p1a: Heatran|Magma Storm|p2a: Rabsca|[miss]\n|-miss|p1a: Heatran|p2a: Rabsca\n|move|p2a: Rabsca|Revival Blessing|p2a: Rabsca\n|\n|t:|1782792049\n|-heal|p2: Manaphy|142/284|[from] move: Revival Blessing\n|\n|upkeep\n|turn|30\n|\n|t:|1782792053\n|switch|p2a: Manaphy|Manaphy, L78|142/284\n|move|p1a: Heatran|Magma Storm|p2a: Manaphy\n|-resisted|p2a: Manaphy\n|-damage|p2a: Manaphy|82/284\n|-activate|p2a: Manaphy|move: Magma Storm|[of] p1a: Heatran\n|\n|-damage|p2a: Manaphy|47/284|[from] move: Magma Storm|[partiallytrapped]\n|upkeep\n|turn|31\n|\n|t:|1782792069\n|switch|p1a: Serperior|Serperior, L79, M|158/248 par\n|-damage|p1a: Serperior|127/248 par|[from] Spikes\n|move|p2a: Manaphy|Surf|p1a: Serperior\n|-resisted|p1a: Serperior\n|-damage|p1a: Serperior|81/248 par\n|\n|-end|p2a: Manaphy|Magma Storm|[partiallytrapped]|[silent]\n|upkeep\n|turn|32\n|\n|t:|1782792074\n|move|p2a: Manaphy|Ice Beam|p1a: Serperior\n|-supereffective|p1a: Serperior\n|-damage|p1a: Serperior|0 fnt\n|faint|p1a: Serperior\n|\n|upkeep\n|\n|t:|1782792082\n|switch|p1a: Grafaiai|Grafaiai, L86, M|81/249\n|-damage|p1a: Grafaiai|50/249|[from] Spikes\n|turn|33\n|inactive|isureadyorisuready has 120 seconds left.\n|inactive|isureadyorisuready has 90 seconds left.\n|\n|t:|1782792148\n|switch|p2a: Rabsca|Rabsca, L91, F|284/284 par\n|move|p1a: Grafaiai|U-turn|p2a: Rabsca\n|-supereffective|p2a: Rabsca\n|-damage|p2a: Rabsca|190/284 par\n|\n|t:|1782792151\n|switch|p1a: Heatran|Heatran, L79, F|188/273|[from] U-turn\n|-damage|p1a: Heatran|154/273|[from] Spikes\n|\n|upkeep\n|turn|34\n|\n|t:|1782792155\n|move|p1a: Heatran|Stealth Rock|p2a: Rabsca\n|-sidestart|p2: shamu142|move: Stealth Rock\n|move|p2a: Rabsca|Psychic|p1a: Heatran\n|-resisted|p1a: Heatran\n|-damage|p1a: Heatran|100/273\n|-unboost|p1a: Heatran|spd|1\n|\n|upkeep\n|turn|35\n|\n|t:|1782792157\n|move|p1a: Heatran|Magma Storm|p2a: Rabsca\n|-supereffective|p2a: Rabsca\n|-damage|p2a: Rabsca|0 fnt\n|faint|p2a: Rabsca\n|\n|upkeep\n|\n|t:|1782792159\n|switch|p2a: Manaphy|Manaphy, L78|47/284\n|-damage|p2a: Manaphy|12/284|[from] Stealth Rock\n|turn|36\n|inactive|isureadyorisuready has 120 seconds left.\n|\n|t:|1782792187\n|switch|p1a: Meganium|Meganium, L90, F|290/290\n|-damage|p1a: Meganium|254/290|[from] Spikes\n|move|p2a: Manaphy|Surf|p1a: Meganium\n|-resisted|p1a: Meganium\n|-damage|p1a: Meganium|218/290\n|\n|-heal|p1a: Meganium|236/290|[from] item: Leftovers\n|upkeep\n|turn|37\n|inactive|isureadyorisuready has 90 seconds left.\n|\n|t:|1782792209\n|switch|p2a: Ogerpon|Ogerpon, L80, F|259/259\n|-damage|p2a: Ogerpon|227/259|[from] Stealth Rock\n|move|p1a: Meganium|Knock Off|p2a: Ogerpon\n|-damage|p2a: Ogerpon|144/259\n|-enditem|p2a: Ogerpon|Leftovers|[from] move: Knock Off|[of] p1a: Meganium\n|\n|-heal|p1a: Meganium|254/290|[from] item: Leftovers\n|upkeep\n|turn|38\n|inactive|isureadyorisuready has 90 seconds left.\n|\n|t:|1782792229\n|switch|p1a: Heatran|Heatran, L79, F|100/273\n|-damage|p1a: Heatran|66/273|[from] Spikes\n|move|p2a: Ogerpon|Spikes|p1a: Heatran\n|-sidestart|p1: isureadyorisuready|Spikes\n|\n|upkeep\n|turn|39\n|inactive|isureadyorisuready has 90 seconds left.\n|\n|t:|1782792241\n|switch|p2a: Manaphy|Manaphy, L78|12/284\n|-damage|p2a: Manaphy|0 fnt|[from] Stealth Rock\n|faint|p2a: Manaphy\n|move|p1a: Heatran|Magma Storm|p2: Manaphy|[notarget]\n|-fail|p1a: Heatran\n|\n|upkeep\n|\n|t:|1782792242\n|switch|p2a: Raging Bolt|Raging Bolt, L78|153/323\n|-damage|p2a: Raging Bolt|113/323|[from] Stealth Rock\n|turn|40\n|inactive|isureadyorisuready has 90 seconds left.\n|\n|t:|1782792258\n|-terastallize|p1a: Heatran|Grass\n|move|p2a: Raging Bolt|Thunderclap|p1a: Heatran\n|-resisted|p1a: Heatran\n|-damage|p1a: Heatran|25/273\n|move|p1a: Heatran|Earth Power|p2a: Raging Bolt\n|-supereffective|p2a: Raging Bolt\n|-damage|p2a: Raging Bolt|0 fnt\n|faint|p2a: Raging Bolt\n|-end|p2a: Raging Bolt|Protosynthesis|[silent]\n|\n|upkeep\n|\n|t:|1782792279\n|switch|p2a: Ogerpon|Ogerpon, L80, F|144/259\n|-damage|p2a: Ogerpon|112/259|[from] Stealth Rock\n|turn|41\n|\n|t:|1782792285\n|move|p2a: Ogerpon|Encore|p1a: Heatran\n|-start|p1a: Heatran|Encore\n|move|p1a: Heatran|Earth Power|p2a: Ogerpon\n|-resisted|p2a: Ogerpon\n|-damage|p2a: Ogerpon|77/259\n|\n|upkeep\n|turn|42\n|\n|t:|1782792289\n|switch|p1a: Grafaiai|Grafaiai, L86, M|50/249\n|-damage|p1a: Grafaiai|9/249|[from] Spikes\n|move|p2a: Ogerpon|Spikes|p1a: Grafaiai\n|-sidestart|p1: isureadyorisuready|Spikes\n|\n|upkeep\n|turn|43\n|-message|shamu142 forfeited.\n|\n|win|isureadyorisuready\n|raw|isureadyorisuready's rating: 2145 &rarr; <strong>2171</strong><br />(+26 for winning)\n|raw|shamu142's rating: 2244 &rarr; <strong>2218</strong><br />(-26 for losing)\n|l|\u2606shamu142\n|player|p2|\n", "inputlog": ">version f8ac14003a5f27e1bdc8d8c59608a773c1cb96e5\n>start {\"formatid\":\"gen9randombattle\",\"seed\":\"sodium,f73f415891b1c3ddf69351b98c6a6bcc\",\"rated\":\"Rated battle\"}\n>player p1 {\"name\":\"isureadyorisuready\",\"avatar\":\"101\",\"rating\":2145,\"seed\":\"sodium,f4e853f964b1ce81a37b49cf0453b224\"}\n>player p2 {\"name\":\"shamu142\",\"avatar\":\"baker\",\"rating\":2225,\"seed\":\"sodium,d3e8c8a1fde8620c8603b71ba66e35ea\"}\n>p1 move glare\n>p2 switch 3\n>p1 switch 5\n>p2 move bugbuzz\n>p1 move stealthrock\n>p2 switch 3\n>p1 switch 5\n>p2 move earthpower\n>p1 move glare\n>p2 switch 3\n>p1 switch 3\n>p2 switch 3\n>p1 move uturn\n>p2 move rapidspin\n>p1 switch 3\n>p1 move synthesis\n>p2 move earthpower\n>p1 move glare\n>p2 switch 3\n>p1 switch 5\n>p2 switch 3\n>p1 switch 5\n>p2 move earthpower\n>p1 move glare\n>p2 move earthpower\n>p1 move synthesis\n>p2 switch 3\n>p1 switch 5\n>p2 move psychic\n>p1 move magmastorm\n>p2 switch 2\n>p1 switch 6\n>p2 move tailglow\n>p1 move voltswitch\n>p2 move energyball terastallize\n>p1 switch 3\n>p1 move knockoff\n>p2 move surf\n>p1 move uturn\n>p2 move surf\n>p1 switch 2\n>p1 move icebeam\n>p2 move energyball\n>p2 switch 6\n>p1 move hydropump\n>p2 move supercellslam\n>p1 move icebeam\n>p2 move supercellslam\n>p2 switch 4\n>p1 move icebeam\n>p2 move thunderbolt\n>p1 switch 4\n>p1 move swordsdance\n>p2 switch 5\n>p1 move knockoff\n>p2 move encore\n>p1 switch 6\n>p2 move spikes\n>p1 move magmastorm\n>p2 switch 3\n>p1 move heavyslam\n>p2 move rapidspin\n>p2 switch 2\n>p1 move magmastorm\n>p2 move revivalblessing\n>p2 switch 6\n>p1 move magmastorm\n>p2 switch 6\n>p1 switch 5\n>p2 move surf\n>p1 move synthesis\n>p2 move icebeam\n>p1 switch 2\n>p1 move uturn\n>p2 switch 6\n>p1 switch 5\n>p1 move stealthrock\n>p2 move psychic\n>p1 move magmastorm\n>p2 move psychic\n>p2 switch 6\n>p1 switch 6\n>p2 move surf\n>p1 move knockoff\n>p2 switch 3\n>p1 switch 6\n>p2 move spikes\n>p1 move magmastorm\n>p2 switch 3\n>p2 switch 5\n>p1 move earthpower terastallize\n>p2 move thunderclap\n>p2 switch 3\n>p1 move magmastorm\n>p2 move encore\n>p1 switch 5\n>p2 move spikes\n>forcelose p2", "uploadtime": 1782791714, "views": 5, "formatid": "gen9randombattle", "rating": 2171, "private": 0, "password": null, "player_dets": [{"name": "isureadyorisuready", "avatar": "101", "rating": 2145, "seed": "sodium,f4e853f964b1ce81a37b49cf0453b224"}, {"name": "shamu142", "avatar": "baker", "rating": 2225, "seed": "sodium,d3e8c8a1fde8620c8603b71ba66e35ea"}], "teams_full": [{"Serperior": {"name": "Serperior", "species": "Serperior", "speciesId": "serperior", "gender": "M", "shiny": false, "level": 79, "moves": ["leafstorm", "synthesis", "glare", "terablast"], "ability": "Contrary", "evs": {"hp": 85, "atk": 85, "def": 85, "spa": 85, "spd": 85, "spe": 85}, "ivs": {"hp": 31, "atk": 31, "def": 31, "spa": 31, "spd": 31, "spe": 31}, "item": "Life Orb", "teraType": "Rock", "role": "Tera Blast user", "bvs": {"hp": 75, "atk": 75, "def": 95, "spa": 75, "spd": 95, "spe": 113}, "stats": {"hp": 248, "atk": 164, "def": 196, "spa": 164, "spd": 196, "spe": 224}, "types": ["Grass"]}, "Lumineon": {"name": "Lumineon", "species": "Lumineon", "speciesId": "lumineon", "gender": "M", "shiny": false, "level": 93, "moves": ["icebeam", "uturn", "hydropump", "encore"], "ability": "Storm Drain", "evs": {"hp": 85, "atk": 85, "def": 85, "spa": 85, "spd": 85, "spe": 85}, "ivs": {"hp": 31, "atk": 31, "def": 31, "spa": 31, "spd": 31, "spe": 31}, "item": "Heavy-Duty Boots", "teraType": "Fire", "role": "Fast Support", "bvs": {"hp": 69, "atk": 69, "def": 76, "spa": 69, "spd": 86, "spe": 91}, "stats": {"hp": 279, "atk": 181, "def": 194, "spa": 181, "spd": 213, "spe": 222}, "types": ["Water"]}, "Grafaiai": {"name": "Grafaiai", "species": "Grafaiai", "speciesId": "grafaiai", "gender": "M", "shiny": false, "level": 86, "moves": ["superfang", "uturn", "knockoff", "gunkshot"], "ability": "Poison Touch", "evs": {"hp": 85, "atk": 85, "def": 85, "spa": 85, "spd": 85, "spe": 85}, "ivs": {"hp": 31, "atk": 31, "def": 31, "spa": 31, "spd": 31, "spe": 31}, "item": "Assault Vest", "teraType": "Dark", "role": "AV Pivot", "bvs": {"hp": 63, "atk": 95, "def": 65, "spa": 80, "spd": 72, "spe": 110}, "stats": {"hp": 249, "atk": 213, "def": 161, "spa": 187, "spd": 173, "spe": 238}, "types": ["Poison", "Normal"]}, "Meganium": {"name": "Meganium", "species": "Meganium", "speciesId": "meganium", "gender": "F", "shiny": false, "level": 90, "moves": ["knockoff", "earthquake", "petalblizzard", "swordsdance"], "ability": "Overgrow", "evs": {"hp": 85, "atk": 85, "def": 85, "spa": 85, "spd": 85, "spe": 85}, "ivs": {"hp": 31, "atk": 31, "def": 31, "spa": 31, "spd": 31, "spe": 31}, "item": "Leftovers", "teraType": "Steel", "role": "Bulky Setup", "bvs": {"hp": 80, "atk": 82, "def": 100, "spa": 83, "spd": 100, "spe": 80}, "stats": {"hp": 290, "atk": 199, "def": 231, "spa": 201, "spd": 231, "spe": 195}, "types": ["Grass"]}, "Heatran": {"name": "Heatran", "species": "Heatran", "speciesId": "heatran", "gender": "F", "shiny": false, "level": 79, "moves": ["heavyslam", "stealthrock", "earthpower", "magmastorm"], "ability": "Flash Fire", "evs": {"hp": 85, "atk": 85, "def": 85, "spa": 85, "spd": 85, "spe": 85}, "ivs": {"hp": 31, "atk": 31, "def": 31, "spa": 31, "spd": 31, "spe": 31}, "item": "Air Balloon", "teraType": "Grass", "role": "Bulky Support", "bvs": {"hp": 91, "atk": 90, "def": 106, "spa": 130, "spd": 106, "spe": 77}, "stats": {"hp": 273, "atk": 188, "def": 213, "spa": 251, "spd": 213, "spe": 167}, "types": ["Fire", "Steel"]}, "Lanturn": {"name": "Lanturn", "species": "Lanturn", "speciesId": "lanturn", "gender": "F", "shiny": false, "level": 89, "moves": ["thunderwave", "voltswitch", "scald", "thunderbolt"], "ability": "Volt Absorb", "evs": {"hp": 85, "atk": 0, "def": 85, "spa": 85, "spd": 85, "spe": 85}, "ivs": {"hp": 31, "atk": 0, "def": 31, "spa": 31, "spd": 31, "spe": 31}, "item": "Heavy-Duty Boots", "teraType": "Flying", "role": "Fast Support", "bvs": {"hp": 125, "atk": 58, "def": 58, "spa": 76, "spd": 76, "spe": 67}, "stats": {"hp": 367, "atk": 108, "def": 154, "spa": 186, "spd": 186, "spe": 170}, "types": ["Water", "Electric"]}}, {"Toedscruel": {"name": "Toedscruel", "species": "Toedscruel", "speciesId": "toedscruel", "gender": "F", "shiny": false, "level": 87, "moves": ["leafstorm", "earthpower", "rapidspin", "spore"], "ability": "Mycelium Might", "evs": {"hp": 85, "atk": 85, "def": 85, "spa": 85, "spd": 85, "spe": 85}, "ivs": {"hp": 31, "atk": 31, "def": 31, "spa": 31, "spd": 31, "spe": 31}, "item": "Leftovers", "teraType": "Water", "role": "Bulky Support", "bvs": {"hp": 80, "atk": 70, "def": 65, "spa": 80, "spd": 120, "spe": 100}, "stats": {"hp": 281, "atk": 172, "def": 163, "spa": 189, "spd": 259, "spe": 224}, "types": ["Ground", "Grass"]}, "Manaphy": {"name": "Manaphy", "species": "Manaphy", "speciesId": "manaphy", "gender": "N", "shiny": false, "level": 78, "moves": ["icebeam", "energyball", "tailglow", "surf"], "ability": "Hydration", "evs": {"hp": 85, "atk": 0, "def": 85, "spa": 85, "spd": 85, "spe": 85}, "ivs": {"hp": 31, "atk": 0, "def": 31, "spa": 31, "spd": 31, "spe": 31}, "item": "Leftovers", "teraType": "Grass", "role": "Bulky Setup", "bvs": {"hp": 100, "atk": 100, "def": 100, "spa": 100, "spd": 100, "spe": 100}, "stats": {"hp": 284, "atk": 161, "def": 201, "spa": 201, "spd": 201, "spe": 201}, "types": ["Water"]}, "Rabsca": {"name": "Rabsca", "species": "Rabsca", "speciesId": "rabsca", "gender": "F", "shiny": false, "level": 91, "moves": ["psychic", "bugbuzz", "revivalblessing", "recover"], "ability": "Synchronize", "evs": {"hp": 85, "atk": 0, "def": 85, "spa": 85, "spd": 85, "spe": 85}, "ivs": {"hp": 31, "atk": 0, "def": 31, "spa": 31, "spd": 31, "spe": 31}, "item": "Heavy-Duty Boots", "teraType": "Steel", "role": "Wallbreaker", "bvs": {"hp": 75, "atk": 50, "def": 85, "spa": 115, "spd": 100, "spe": 45}, "stats": {"hp": 284, "atk": 96, "def": 207, "spa": 261, "spd": 234, "spe": 134}, "types": ["Bug", "Psychic"]}, "Raging Bolt": {"name": "Raging Bolt", "species": "Raging Bolt", "speciesId": "ragingbolt", "gender": "N", "shiny": false, "level": 78, "moves": ["thunderclap", "thunderbolt", "calmmind", "dracometeor"], "ability": "Protosynthesis", "evs": {"hp": 85, "atk": 0, "def": 85, "spa": 85, "spd": 85, "spe": 85}, "ivs": {"hp": 31, "atk": 0, "def": 31, "spa": 31, "spd": 31, "spe": 31}, "item": "Leftovers", "teraType": "Fairy", "role": "Bulky Setup", "bvs": {"hp": 125, "atk": 73, "def": 91, "spa": 137, "spd": 89, "spe": 75}, "stats": {"hp": 323, "atk": 118, "def": 187, "spa": 259, "spd": 184, "spe": 162}, "types": ["Electric", "Dragon"]}, "Ogerpon": {"name": "Ogerpon", "species": "Ogerpon", "speciesId": "ogerpon", "gender": "F", "shiny": false, "level": 80, "moves": ["ivycudgel", "spikes", "encore", "synthesis"], "ability": "Defiant", "evs": {"hp": 85, "atk": 85, "def": 85, "spa": 85, "spd": 85, "spe": 85}, "ivs": {"hp": 31, "atk": 31, "def": 31, "spa": 31, "spd": 31, "spe": 31}, "item": "Leftovers", "teraType": "Grass", "role": "Fast Support", "bvs": {"hp": 80, "atk": 120, "def": 84, "spa": 60, "spd": 96, "spe": 110}, "stats": {"hp": 259, "atk": 238, "def": 181, "spa": 142, "spd": 200, "spe": 222}, "types": ["Grass"]}, "Eelektross": {"name": "Eelektross", "species": "Eelektross", "speciesId": "eelektross", "gender": "M", "shiny": false, "level": 87, "moves": ["drainpunch", "firepunch", "coil", "supercellslam"], "ability": "Levitate", "evs": {"hp": 85, "atk": 85, "def": 85, "spa": 85, "spd": 85, "spe": 85}, "ivs": {"hp": 31, "atk": 31, "def": 31, "spa": 31, "spd": 31, "spe": 31}, "item": "Leftovers", "teraType": "Fighting", "role": "Bulky Setup", "bvs": {"hp": 85, "atk": 115, "def": 80, "spa": 105, "spd": 80, "spe": 50}, "stats": {"hp": 290, "atk": 250, "def": 189, "spa": 232, "spd": 189, "spe": 137}, "types": ["Electric"]}}]}