{"id": "gen9randombattle-2641072719", "format": "[Gen 9] Random Battle", "players": ["notmetbh102", "bugcatcher314"], "log": "|j|\u2606notmetbh102\n|j|\u2606bugcatcher314\n|t:|1782736381\n|gametype|singles\n|player|p1|notmetbh102|2|2044\n|player|p2|bugcatcher314|266|2100\n|gen|9\n|tier|[Gen 9] Random Battle\n|rated|\n|rule|Species Clause: Limit one of each Pok\u00e9mon\n|rule|HP Percentage Mod: HP is shown in percentages\n|rule|Sleep Clause Mod: Limit one foe put to sleep\n|rule|Illusion Level Mod: Illusion disguises the Pok\u00e9mon's true level\n|\n|t:|1782736381\n|teamsize|p1|6\n|teamsize|p2|6\n|start\n|switch|p1a: Hypno|Hypno, L95, F|315/315\n|switch|p2a: Gouging Fire|Gouging Fire, L74|277/277\n|turn|1\n|inactive|Battle timer is ON: inactive players will automatically lose when time's up. (requested by notmetbh102)\n|c|\u2606notmetbh102|hf\n|\n|t:|1782736388\n|switch|p1a: Golurk|Golurk, L87|297/297\n|-end|p2a: Gouging Fire|Protosynthesis|[silent]\n|switch|p2a: Swampert|Swampert, L83, M|302/302\n|\n|upkeep\n|turn|2\n|\n|t:|1782736391\n|move|p2a: Swampert|Knock Off|p1a: Golurk\n|-supereffective|p1a: Golurk\n|-damage|p1a: Golurk|151/297\n|-enditem|p1a: Golurk|Choice Band|[from] move: Knock Off|[of] p2a: Swampert\n|move|p1a: Golurk|Dynamic Punch|p2a: Swampert\n|-damage|p2a: Swampert|215/302\n|-start|p2a: Swampert|confusion\n|\n|upkeep\n|turn|3\n|\n|t:|1782736397\n|-activate|p2a: Swampert|confusion\n|move|p2a: Swampert|Flip Turn|p1a: Golurk\n|-supereffective|p1a: Golurk\n|-damage|p1a: Golurk|17/297\n|\n|t:|1782736401\n|switch|p2a: Venusaur|Venusaur, L84, M|272/272|[from] Flip Turn\n|move|p1a: Golurk|Poltergeist|p2a: Venusaur\n|-activate|p2a: Venusaur|move: Poltergeist|Leftovers\n|-damage|p2a: Venusaur|112/272\n|\n|-heal|p2a: Venusaur|129/272|[from] item: Leftovers\n|upkeep\n|turn|4\n|\n|t:|1782736407\n|switch|p1a: Roaring Moon|Roaring Moon, L72|270/270\n|-enditem|p1a: Roaring Moon|Booster Energy\n|-activate|p1a: Roaring Moon|ability: Protosynthesis|[fromitem]\n|-start|p1a: Roaring Moon|protosynthesisatk\n|move|p2a: Venusaur|Energy Ball|p1a: Roaring Moon\n|-resisted|p1a: Roaring Moon\n|-damage|p1a: Roaring Moon|219/270\n|\n|-heal|p2a: Venusaur|146/272|[from] item: Leftovers\n|upkeep\n|turn|5\n|\n|t:|1782736409\n|move|p1a: Roaring Moon|Dragon Dance|p1a: Roaring Moon\n|-boost|p1a: Roaring Moon|atk|1\n|-boost|p1a: Roaring Moon|spe|1\n|move|p2a: Venusaur|Sludge Bomb|p1a: Roaring Moon\n|-damage|p1a: Roaring Moon|122/270\n|-status|p1a: Roaring Moon|psn\n|\n|-heal|p2a: Venusaur|163/272|[from] item: Leftovers\n|-damage|p1a: Roaring Moon|89/270 psn|[from] psn\n|upkeep\n|turn|6\n|\n|t:|1782736414\n|switch|p2a: Stonjourner|Stonjourner, L91, M|330/330\n|move|p1a: Roaring Moon|Outrage|p2a: Stonjourner\n|-damage|p2a: Stonjourner|162/330\n|\n|-damage|p1a: Roaring Moon|56/270 psn|[from] psn\n|upkeep\n|turn|7\n|\n|t:|1782736425\n|move|p1a: Roaring Moon|Outrage|p2a: Stonjourner|[from] lockedmove\n|-damage|p2a: Stonjourner|2/330\n|move|p2a: Stonjourner|Stealth Rock|p1a: Roaring Moon\n|-sidestart|p1: notmetbh102|move: Stealth Rock\n|\n|-damage|p1a: Roaring Moon|23/270 psn|[from] psn\n|upkeep\n|turn|8\n|\n|t:|1782736429\n|move|p1a: Roaring Moon|Outrage|p2a: Stonjourner|[from] lockedmove\n|-damage|p2a: Stonjourner|0 fnt\n|faint|p2a: Stonjourner\n|-start|p1a: Roaring Moon|confusion|[fatigue]\n|\n|-damage|p1a: Roaring Moon|0 fnt|[from] psn\n|faint|p1a: Roaring Moon\n|-end|p1a: Roaring Moon|Protosynthesis|[silent]\n|upkeep\n|\n|t:|1782736432\n|switch|p1a: Zekrom|Zekrom, L71|259/259\n|switch|p2a: Venusaur|Venusaur, L84, M|163/272\n|-damage|p1a: Zekrom|227/259|[from] Stealth Rock\n|-ability|p1a: Zekrom|Teravolt\n|turn|9\n|\n|t:|1782736435\n|move|p2a: Venusaur|Sludge Bomb|p1a: Zekrom\n|-damage|p1a: Zekrom|127/259\n|move|p1a: Zekrom|Dragon Dance|p1a: Zekrom\n|-boost|p1a: Zekrom|atk|1\n|-boost|p1a: Zekrom|spe|1\n|\n|-heal|p1a: Zekrom|143/259|[from] item: Leftovers\n|-heal|p2a: Venusaur|180/272|[from] item: Leftovers\n|upkeep\n|turn|10\n|\n|t:|1782736439\n|move|p1a: Zekrom|Outrage|p2a: Venusaur\n|-damage|p2a: Venusaur|0 fnt\n|faint|p2a: Venusaur\n|\n|-heal|p1a: Zekrom|159/259|[from] item: Leftovers\n|upkeep\n|\n|t:|1782736444\n|switch|p2a: Swampert|Swampert, L83, M|215/302\n|turn|11\n|\n|t:|1782736445\n|move|p1a: Zekrom|Outrage|p2a: Swampert|[from] lockedmove\n|-damage|p2a: Swampert|32/302\n|move|p2a: Swampert|Earthquake|p1a: Zekrom\n|-supereffective|p1a: Zekrom\n|-damage|p1a: Zekrom|0 fnt\n|faint|p1a: Zekrom\n|\n|upkeep\n|\n|t:|1782736446\n|switch|p1a: Hypno|Hypno, L95, F|315/315\n|-damage|p1a: Hypno|276/315|[from] Stealth Rock\n|turn|12\n|\n|t:|1782736452\n|move|p1a: Hypno|Psychic Noise|p2a: Swampert\n|-damage|p2a: Swampert|0 fnt\n|faint|p2a: Swampert\n|\n|-heal|p1a: Hypno|295/315|[from] item: Leftovers\n|upkeep\n|\n|t:|1782736455\n|switch|p2a: Raichu|Raichu, L88, M|249/249\n|turn|13\n|\n|t:|1782736458\n|move|p2a: Raichu|Knock Off|p1a: Hypno\n|-supereffective|p1a: Hypno\n|-damage|p1a: Hypno|139/315\n|-enditem|p1a: Hypno|Leftovers|[from] move: Knock Off|[of] p2a: Raichu\n|move|p1a: Hypno|Toxic|p2a: Raichu\n|-status|p2a: Raichu|tox\n|\n|-damage|p2a: Raichu|234/249 tox|[from] psn\n|upkeep\n|turn|14\n|\n|t:|1782736464\n|move|p2a: Raichu|Volt Switch|p1a: Hypno\n|-damage|p1a: Hypno|84/315\n|\n|t:|1782736467\n|switch|p2a: Sawsbuck|Sawsbuck-Summer, L88, M|284/284|[from] Volt Switch\n|move|p1a: Hypno|Toxic|p2a: Sawsbuck\n|-status|p2a: Sawsbuck|tox\n|\n|-damage|p2a: Sawsbuck|267/284 tox|[from] psn\n|upkeep\n|turn|15\n|\n|t:|1782736471\n|move|p1a: Hypno|Protect|p1a: Hypno\n|-singleturn|p1a: Hypno|Protect\n|move|p2a: Sawsbuck|Headbutt|p1a: Hypno\n|-activate|p1a: Hypno|move: Protect\n|\n|-damage|p2a: Sawsbuck|233/284 tox|[from] psn\n|upkeep\n|turn|16\n|\n|t:|1782736474\n|switch|p1a: Golurk|Golurk, L87|17/297\n|-damage|p1a: Golurk|0 fnt|[from] Stealth Rock\n|faint|p1a: Golurk\n|move|p2a: Sawsbuck|Horn Leech|p1: Golurk|[notarget]\n|-fail|p2a: Sawsbuck\n|\n|-damage|p2a: Sawsbuck|182/284 tox|[from] psn\n|upkeep\n|\n|t:|1782736475\n|switch|p1a: Hypno|Hypno, L95, F|84/315\n|-damage|p1a: Hypno|45/315|[from] Stealth Rock\n|turn|17\n|\n|t:|1782736477\n|move|p1a: Hypno|Protect|p1a: Hypno\n|-singleturn|p1a: Hypno|Protect\n|move|p2a: Sawsbuck|Swords Dance|p2a: Sawsbuck\n|-boost|p2a: Sawsbuck|atk|2\n|\n|-damage|p2a: Sawsbuck|114/284 tox|[from] psn\n|upkeep\n|turn|18\n|\n|t:|1782736479\n|switch|p1a: Perrserker|Perrserker, L89, F|269/269\n|-damage|p1a: Perrserker|253/269|[from] Stealth Rock\n|move|p2a: Sawsbuck|Horn Leech|p1a: Perrserker\n|-resisted|p1a: Perrserker\n|-crit|p1a: Perrserker\n|-damage|p1a: Perrserker|117/269\n|-heal|p2a: Sawsbuck|182/284 tox|[from] drain|[of] p1a: Perrserker\n|-damage|p2a: Sawsbuck|154/284 tox|[from] item: Life Orb\n|\n|-damage|p2a: Sawsbuck|69/284 tox|[from] psn\n|upkeep\n|turn|19\n|\n|t:|1782736481\n|switch|p1a: Hypno|Hypno, L95, F|45/315\n|-damage|p1a: Hypno|6/315|[from] Stealth Rock\n|move|p2a: Sawsbuck|Horn Leech|p1a: Hypno\n|-damage|p1a: Hypno|0 fnt\n|-heal|p2a: Sawsbuck|72/284 tox|[from] drain|[of] p1a: Hypno\n|faint|p1a: Hypno\n|-damage|p2a: Sawsbuck|44/284 tox|[from] item: Life Orb\n|\n|-damage|p2a: Sawsbuck|0 fnt|[from] psn\n|faint|p2a: Sawsbuck\n|upkeep\n|\n|t:|1782736484\n|switch|p2a: Raichu|Raichu, L88, M|234/249 tox\n|switch|p1a: Ampharos|Ampharos, L88, M|302/302\n|-damage|p1a: Ampharos|265/302|[from] Stealth Rock\n|turn|20\n|\n|t:|1782736486\n|move|p2a: Raichu|Knock Off|p1a: Ampharos\n|-damage|p1a: Ampharos|195/302\n|-enditem|p1a: Ampharos|Assault Vest|[from] move: Knock Off|[of] p2a: Raichu\n|move|p1a: Ampharos|Dazzling Gleam|p2a: Raichu\n|-damage|p2a: Raichu|186/249 tox\n|\n|-damage|p2a: Raichu|171/249 tox|[from] psn\n|upkeep\n|turn|21\n|\n|t:|1782736491\n|move|p2a: Raichu|Grass Knot|p1a: Ampharos\n|-damage|p1a: Ampharos|142/302\n|move|p1a: Ampharos|Dragon Tail|p2a: Raichu\n|-damage|p2a: Raichu|119/249 tox\n|drag|p2a: Gouging Fire|Gouging Fire, L74|277/277\n|\n|upkeep\n|turn|22\n|\n|t:|1782736501\n|-terastallize|p2a: Gouging Fire|Fairy\n|move|p2a: Gouging Fire|Dragon Dance|p2a: Gouging Fire\n|-boost|p2a: Gouging Fire|atk|1\n|-boost|p2a: Gouging Fire|spe|1\n|move|p1a: Ampharos|Thunderbolt|p2a: Gouging Fire\n|-damage|p2a: Gouging Fire|156/277\n|\n|upkeep\n|turn|23\n|\n|t:|1782736506\n|move|p2a: Gouging Fire|Heat Crash|p1a: Ampharos\n|-damage|p1a: Ampharos|0 fnt\n|faint|p1a: Ampharos\n|\n|upkeep\n|\n|t:|1782736507\n|switch|p1a: Perrserker|Perrserker, L89, F|117/269\n|-damage|p1a: Perrserker|101/269|[from] Stealth Rock\n|turn|24\n|\n|t:|1782736509\n|move|p2a: Gouging Fire|Heat Crash|p1a: Perrserker\n|-supereffective|p1a: Perrserker\n|-damage|p1a: Perrserker|0 fnt\n|faint|p1a: Perrserker\n|\n|win|bugcatcher314\n|raw|notmetbh102's rating: 2044 &rarr; <strong>2027</strong><br />(-17 for losing)\n|raw|bugcatcher314's rating: 2100 &rarr; <strong>2117</strong><br />(+17 for winning)\n|c|\u2606notmetbh102|gg\n", "inputlog": ">version 3f8ef8cf60cebd2b18892af2794d10415e14a302\n>start {\"formatid\":\"gen9randombattle\",\"seed\":\"sodium,4162759829eda956af00d06838a869e5\",\"rated\":\"Rated battle\"}\n>player p1 {\"name\":\"notmetbh102\",\"avatar\":\"2\",\"rating\":2044,\"seed\":\"sodium,1a85b2c7f371a781d671ced561797d77\"}\n>player p2 {\"name\":\"bugcatcher314\",\"avatar\":\"266\",\"rating\":2100,\"seed\":\"sodium,328d8dcf42cb79083c1381a45b72c15e\"}\n>chat \u2606notmetbh102|hf\n>p1 switch 6\n>p2 switch 5\n>p1 move dynamicpunch\n>p2 move knockoff\n>p1 move poltergeist\n>p2 move flipturn\n>p2 switch 2\n>p1 switch 2\n>p2 move energyball\n>p1 move dragondance\n>p2 move sludgebomb\n>p1 move outrage\n>p2 switch 3\n>p1 move outrage\n>p2 move stealthrock\n>p1 move outrage\n>p2 move earthquake\n>p1 switch 3\n>p2 switch 3\n>p1 move dragondance\n>p2 move sludgebomb\n>p1 move outrage\n>p2 move sludgebomb\n>p2 switch 2\n>p1 move outrage\n>p2 move earthquake\n>p1 switch 6\n>p1 move psychicnoise\n>p2 move knockoff\n>p2 switch 4\n>p1 move toxic\n>p2 move knockoff\n>p1 move toxic\n>p2 move voltswitch\n>p2 switch 6\n>p1 move protect\n>p2 move headbutt\n>p1 switch 2\n>p2 move hornleech\n>p1 switch 2\n>p1 move protect\n>p2 move swordsdance\n>p1 switch 5\n>p2 move hornleech\n>p1 switch 5\n>p2 move hornleech\n>p1 switch 4\n>p2 switch 6\n>p1 move dazzlinggleam\n>p2 move knockoff\n>p1 move dragontail\n>p2 move grassknot\n>p1 move thunderbolt\n>p2 move dragondance terastallize\n>p1 move thunderbolt\n>p2 move heatcrash\n>p1 switch 5\n>p1 move ironhead\n>p2 move heatcrash", "uploadtime": 1782736382, "views": 6, "formatid": "gen9randombattle", "rating": 2027, "private": 0, "password": null, "player_dets": [{"name": "notmetbh102", "avatar": "2", "rating": 2044, "seed": "sodium,1a85b2c7f371a781d671ced561797d77"}, {"name": "bugcatcher314", "avatar": "266", "rating": 2100, "seed": "sodium,328d8dcf42cb79083c1381a45b72c15e"}], "teams_full": [{"Hypno": {"name": "Hypno", "species": "Hypno", "speciesId": "hypno", "gender": "F", "shiny": false, "level": 95, "moves": ["protect", "focusblast", "toxic", "psychicnoise"], "ability": "Insomnia", "evs": {"hp": 85, "atk": 0, "def": 85, "spa": 85, "spd": 85, "spe": 85}, "ivs": {"hp": 31, "atk": 0, "def": 31, "spa": 31, "spd": 31, "spe": 31}, "item": "Leftovers", "teraType": "Dark", "role": "Bulky Attacker", "bvs": {"hp": 85, "atk": 73, "def": 70, "spa": 73, "spd": 115, "spe": 67}, "stats": {"hp": 315, "atk": 143, "def": 187, "spa": 193, "spd": 272, "spe": 181}, "types": ["Psychic"]}, "Roaring Moon": {"name": "Roaring Moon", "species": "Roaring Moon", "speciesId": "roaringmoon", "gender": "N", "shiny": false, "level": 72, "moves": ["knockoff", "ironhead", "outrage", "dragondance"], "ability": "Protosynthesis", "evs": {"hp": 85, "atk": 85, "def": 85, "spa": 85, "spd": 85, "spe": 85}, "ivs": {"hp": 31, "atk": 31, "def": 31, "spa": 31, "spd": 31, "spe": 31}, "item": "Booster Energy", "teraType": "Steel", "role": "Fast Bulky Setup", "bvs": {"hp": 105, "atk": 139, "def": 71, "spa": 55, "spd": 101, "spe": 119}, "stats": {"hp": 270, "atk": 242, "def": 144, "spa": 121, "spd": 187, "spe": 213}, "types": ["Dragon", "Dark"]}, "Zekrom": {"name": "Zekrom", "species": "Zekrom", "speciesId": "zekrom", "gender": "N", "shiny": false, "level": 71, "moves": ["outrage", "dragondance", "boltstrike", "substitute"], "ability": "Teravolt", "evs": {"hp": 85, "atk": 85, "def": 85, "spa": 85, "spd": 85, "spe": 85}, "ivs": {"hp": 31, "atk": 31, "def": 31, "spa": 31, "spd": 31, "spe": 31}, "item": "Leftovers", "teraType": "Electric", "role": "Setup Sweeper", "bvs": {"hp": 100, "atk": 150, "def": 120, "spa": 120, "spd": 100, "spe": 90}, "stats": {"hp": 259, "atk": 254, "def": 212, "spa": 212, "spd": 183, "spe": 169}, "types": ["Dragon", "Electric"]}, "Ampharos": {"name": "Ampharos", "species": "Ampharos", "speciesId": "ampharos", "gender": "M", "shiny": false, "level": 88, "moves": ["voltswitch", "dazzlinggleam", "dragontail", "thunderbolt"], "ability": "Static", "evs": {"hp": 85, "atk": 85, "def": 85, "spa": 85, "spd": 85, "spe": 85}, "ivs": {"hp": 31, "atk": 31, "def": 31, "spa": 31, "spd": 31, "spe": 31}, "item": "Assault Vest", "teraType": "Fairy", "role": "AV Pivot", "bvs": {"hp": 90, "atk": 75, "def": 85, "spa": 115, "spd": 90, "spe": 55}, "stats": {"hp": 302, "atk": 182, "def": 200, "spa": 253, "spd": 209, "spe": 147}, "types": ["Electric"]}, "Perrserker": {"name": "Perrserker", "species": "Perrserker", "speciesId": "perrserker", "gender": "F", "shiny": false, "level": 89, "moves": ["stealthrock", "knockoff", "ironhead", "closecombat"], "ability": "Tough Claws", "evs": {"hp": 85, "atk": 85, "def": 85, "spa": 85, "spd": 85, "spe": 85}, "ivs": {"hp": 31, "atk": 31, "def": 31, "spa": 31, "spd": 31, "spe": 31}, "item": "Life Orb", "teraType": "Fighting", "role": "Fast Attacker", "bvs": {"hp": 70, "atk": 110, "def": 100, "spa": 50, "spd": 60, "spe": 50}, "stats": {"hp": 269, "atk": 247, "def": 229, "spa": 140, "spd": 158, "spe": 140}, "types": ["Steel"]}, "Golurk": {"name": "Golurk", "species": "Golurk", "speciesId": "golurk", "gender": "N", "shiny": false, "level": 87, "moves": ["dynamicpunch", "stoneedge", "earthquake", "poltergeist"], "ability": "No Guard", "evs": {"hp": 85, "atk": 85, "def": 85, "spa": 85, "spd": 85, "spe": 85}, "ivs": {"hp": 31, "atk": 31, "def": 31, "spa": 31, "spd": 31, "spe": 31}, "item": "Choice Band", "teraType": "Ghost", "role": "Wallbreaker", "bvs": {"hp": 89, "atk": 124, "def": 80, "spa": 55, "spd": 80, "spe": 55}, "stats": {"hp": 297, "atk": 266, "def": 189, "spa": 145, "spd": 189, "spe": 145}, "types": ["Ground", "Ghost"]}}, {"Gouging Fire": {"name": "Gouging Fire", "species": "Gouging Fire", "speciesId": "gougingfire", "gender": "N", "shiny": false, "level": 74, "moves": ["morningsun", "outrage", "heatcrash", "dragondance"], "ability": "Protosynthesis", "evs": {"hp": 85, "atk": 85, "def": 85, "spa": 85, "spd": 85, "spe": 85}, "ivs": {"hp": 31, "atk": 31, "def": 31, "spa": 31, "spd": 31, "spe": 31}, "item": "Heavy-Duty Boots", "teraType": "Fairy", "role": "Bulky Setup", "bvs": {"hp": 105, "atk": 115, "def": 121, "spa": 65, "spd": 93, "spe": 91}, "stats": {"hp": 277, "atk": 213, "def": 222, "spa": 139, "spd": 181, "spe": 178}, "types": ["Fire", "Dragon"]}, "Venusaur": {"name": "Venusaur", "species": "Venusaur", "speciesId": "venusaur", "gender": "M", "shiny": false, "level": 84, "moves": ["energyball", "sleeppowder", "sludgebomb", "synthesis"], "ability": "Overgrow", "evs": {"hp": 85, "atk": 0, "def": 85, "spa": 85, "spd": 85, "spe": 85}, "ivs": {"hp": 31, "atk": 0, "def": 31, "spa": 31, "spd": 31, "spe": 31}, "item": "Leftovers", "teraType": "Water", "role": "Bulky Attacker", "bvs": {"hp": 80, "atk": 82, "def": 83, "spa": 100, "spd": 100, "spe": 80}, "stats": {"hp": 272, "atk": 142, "def": 188, "spa": 216, "spd": 216, "spe": 183}, "types": ["Grass", "Poison"]}, "Stonjourner": {"name": "Stonjourner", "species": "Stonjourner", "speciesId": "stonjourner", "gender": "M", "shiny": false, "level": 91, "moves": ["stoneedge", "stealthrock", "heatcrash", "earthquake"], "ability": "Power Spot", "evs": {"hp": 85, "atk": 85, "def": 85, "spa": 85, "spd": 85, "spe": 85}, "ivs": {"hp": 31, "atk": 31, "def": 31, "spa": 31, "spd": 31, "spe": 31}, "item": "Life Orb", "teraType": "Ground", "role": "Fast Attacker", "bvs": {"hp": 100, "atk": 125, "def": 135, "spa": 20, "spd": 20, "spe": 70}, "stats": {"hp": 330, "atk": 279, "def": 298, "spa": 88, "spd": 88, "spe": 179}, "types": ["Rock"]}, "Raichu": {"name": "Raichu", "species": "Raichu", "speciesId": "raichu", "gender": "M", "shiny": false, "level": 88, "moves": ["voltswitch", "grassknot", "knockoff", "thunderbolt"], "ability": "Lightning Rod", "evs": {"hp": 85, "atk": 85, "def": 85, "spa": 85, "spd": 85, "spe": 85}, "ivs": {"hp": 31, "atk": 31, "def": 31, "spa": 31, "spd": 31, "spe": 31}, "item": "Assault Vest", "teraType": "Grass", "role": "Fast Support", "bvs": {"hp": 60, "atk": 90, "def": 55, "spa": 90, "spd": 80, "spe": 110}, "stats": {"hp": 249, "atk": 209, "def": 147, "spa": 209, "spd": 191, "spe": 244}, "types": ["Electric"]}, "Swampert": {"name": "Swampert", "species": "Swampert", "speciesId": "swampert", "gender": "M", "shiny": false, "level": 83, "moves": ["knockoff", "flipturn", "earthquake", "icebeam"], "ability": "Torrent", "evs": {"hp": 85, "atk": 85, "def": 85, "spa": 85, "spd": 85, "spe": 85}, "ivs": {"hp": 31, "atk": 31, "def": 31, "spa": 31, "spd": 31, "spe": 31}, "item": "Assault Vest", "teraType": "Steel", "role": "Bulky Support", "bvs": {"hp": 100, "atk": 110, "def": 90, "spa": 85, "spd": 90, "spe": 60}, "stats": {"hp": 302, "atk": 230, "def": 197, "spa": 189, "spd": 197, "spe": 147}, "types": ["Water", "Ground"]}, "Sawsbuck": {"name": "Sawsbuck", "species": "Sawsbuck-Summer", "speciesId": "sawsbuck", "gender": "M", "shiny": false, "level": 88, "moves": ["swordsdance", "highhorsepower", "hornleech", "headbutt"], "ability": "Serene Grace", "evs": {"hp": 85, "atk": 85, "def": 85, "spa": 85, "spd": 85, "spe": 85}, "ivs": {"hp": 31, "atk": 31, "def": 31, "spa": 31, "spd": 31, "spe": 31}, "item": "Life Orb", "teraType": "Normal", "role": "Fast Attacker", "bvs": {"hp": 80, "atk": 100, "def": 70, "spa": 60, "spd": 70, "spe": 95}, "stats": {"hp": 284, "atk": 226, "def": 173, "spa": 156, "spd": 173, "spe": 217}, "types": ["Normal", "Grass"]}}]}