{"id": "gen9randombattle-2641518056", "format": "[Gen 9] Random Battle", "players": ["bluffmepls", "ChadInteleonUser"], "log": "|j|\u2606bluffmepls\n|j|\u2606ChadInteleonUser\n|t:|1782799091\n|gametype|singles\n|player|p1|bluffmepls|266|2096\n|player|p2|ChadInteleonUser|wallace|2110\n|gen|9\n|tier|[Gen 9] Random Battle\n|rated|\n|rule|Species Clause: Limit one of each Pok\u00e9mon\n|rule|HP Percentage Mod: HP is shown in percentages\n|rule|Sleep Clause Mod: Limit one foe put to sleep\n|rule|Illusion Level Mod: Illusion disguises the Pok\u00e9mon's true level\n|\n|t:|1782799091\n|teamsize|p1|6\n|teamsize|p2|6\n|start\n|switch|p1a: Palafin|Palafin, L77, M|281/281\n|switch|p2a: Fezandipiti|Fezandipiti, L82, M|278/278\n|turn|1\n|inactive|Battle timer is ON: inactive players will automatically lose when time's up. (requested by bluffmepls)\n|inactive|ChadInteleonUser also wants the timer to be on.\n|inactive|ChadInteleonUser has 120 seconds left.\n|inactive|ChadInteleonUser has 90 seconds left.\n|inactive|ChadInteleonUser has 60 seconds left.\n|inactive|ChadInteleonUser has 30 seconds left.\n|inactive|ChadInteleonUser has 20 seconds left.\n|\n|t:|1782799222\n|detailschange|p1a: Palafin|Palafin-Hero, L77, M\n|switch|p1a: Vigoroth|Vigoroth, L85, M|275/275\n|move|p2a: Fezandipiti|Beat Up|p1a: Vigoroth\n|-damage|p1a: Vigoroth|268/275\n|-damage|p1a: Vigoroth|262/275\n|-damage|p1a: Vigoroth|253/275\n|-damage|p1a: Vigoroth|246/275\n|-damage|p1a: Vigoroth|241/275\n|-damage|p1a: Vigoroth|234/275\n|-hitcount|p1a: Vigoroth|6\n|\n|upkeep\n|turn|2\n|\n|t:|1782799228\n|move|p2a: Fezandipiti|Beat Up|p1a: Vigoroth\n|-damage|p1a: Vigoroth|227/275\n|-damage|p1a: Vigoroth|221/275\n|-damage|p1a: Vigoroth|212/275\n|-damage|p1a: Vigoroth|206/275\n|-damage|p1a: Vigoroth|201/275\n|-damage|p1a: Vigoroth|194/275\n|-hitcount|p1a: Vigoroth|6\n|move|p1a: Vigoroth|Bulk Up|p1a: Vigoroth\n|-boost|p1a: Vigoroth|atk|1\n|-boost|p1a: Vigoroth|def|1\n|\n|upkeep\n|turn|3\n|inactive|ChadInteleonUser has 90 seconds left.\n|\n|t:|1782799239\n|move|p2a: Fezandipiti|Beat Up|p1a: Vigoroth\n|-damage|p1a: Vigoroth|189/275\n|-status|p1a: Vigoroth|tox|[from] ability: Toxic Chain|[of] p2a: Fezandipiti\n|-damage|p1a: Vigoroth|185/275 tox\n|-damage|p1a: Vigoroth|179/275 tox\n|-damage|p1a: Vigoroth|174/275 tox\n|-crit|p1a: Vigoroth\n|-damage|p1a: Vigoroth|166/275 tox\n|-damage|p1a: Vigoroth|161/275 tox\n|-hitcount|p1a: Vigoroth|6\n|move|p1a: Vigoroth|Body Slam|p2a: Fezandipiti\n|-damage|p2a: Fezandipiti|146/278\n|\n|-heal|p2a: Fezandipiti|163/278|[from] item: Leftovers\n|-damage|p1a: Vigoroth|144/275 tox|[from] psn\n|upkeep\n|turn|4\n|inactive|ChadInteleonUser has 90 seconds left.\n|inactive|ChadInteleonUser has 60 seconds left.\n|\n|t:|1782799290\n|move|p2a: Fezandipiti|Moonblast|p1a: Vigoroth\n|-damage|p1a: Vigoroth|78/275 tox\n|-unboost|p1a: Vigoroth|spa|1\n|move|p1a: Vigoroth|Earthquake|p2a: Fezandipiti\n|-supereffective|p2a: Fezandipiti\n|-damage|p2a: Fezandipiti|0 fnt\n|faint|p2a: Fezandipiti\n|\n|-damage|p1a: Vigoroth|44/275 tox|[from] psn\n|upkeep\n|\n|t:|1782799306\n|switch|p2a: Golduck|Golduck, L90, M|290/290\n|-ability|p2a: Golduck|Cloud Nine\n|turn|5\n|\n|t:|1782799312\n|move|p2a: Golduck|Ice Beam|p1a: Vigoroth\n|-damage|p1a: Vigoroth|0 fnt\n|faint|p1a: Vigoroth\n|-damage|p2a: Golduck|261/290|[from] item: Life Orb\n|\n|upkeep\n|\n|t:|1782799322\n|switch|p1a: Decidueye|Decidueye, L88, F|281/281\n|turn|6\n|inactive|ChadInteleonUser has 60 seconds left.\n|\n|t:|1782799338\n|move|p2a: Golduck|Ice Beam|p1a: Decidueye\n|-supereffective|p1a: Decidueye\n|-damage|p1a: Decidueye|109/281\n|-damage|p2a: Golduck|232/290|[from] item: Life Orb\n|move|p1a: Decidueye|Leaf Blade|p2a: Golduck\n|-supereffective|p2a: Golduck\n|-damage|p2a: Golduck|0 fnt\n|faint|p2a: Golduck\n|-damage|p1a: Decidueye|81/281|[from] item: Life Orb\n|\n|upkeep\n|\n|t:|1782799345\n|switch|p2a: Hitmonlee|Hitmonlee, L85, M|223/223\n|turn|7\n|\n|t:|1782799352\n|move|p1a: Decidueye|Shadow Sneak|p2a: Hitmonlee\n|-damage|p2a: Hitmonlee|124/223\n|-damage|p1a: Decidueye|53/281|[from] item: Life Orb\n|move|p2a: Hitmonlee|Knock Off|p1a: Decidueye\n|-supereffective|p1a: Decidueye\n|-damage|p1a: Decidueye|0 fnt\n|-enditem|p1a: Decidueye|Life Orb|[from] move: Knock Off|[of] p2a: Hitmonlee\n|faint|p1a: Decidueye\n|\n|upkeep\n|\n|t:|1782799357\n|switch|p1a: Palafin|Palafin-Hero, L77, M|281/281\n|-activate|p1a: Palafin|ability: Zero to Hero\n|turn|8\n|inactive|ChadInteleonUser has 60 seconds left.\n|\n|t:|1782799379\n|switch|p2a: Whiscash|Whiscash, L88, M|337/337\n|move|p1a: Palafin|Flip Turn|p2a: Whiscash\n|-damage|p2a: Whiscash|216/337\n|\n|t:|1782799389\n|switch|p1a: Falinks|Falinks, L84|246/246|[from] Flip Turn\n|\n|-heal|p2a: Whiscash|237/337|[from] item: Leftovers\n|upkeep\n|turn|9\n|inactive|ChadInteleonUser has 60 seconds left.\n|\n|t:|1782799402\n|move|p1a: Falinks|No Retreat|p1a: Falinks\n|-boost|p1a: Falinks|atk|1\n|-boost|p1a: Falinks|def|1\n|-boost|p1a: Falinks|spa|1\n|-boost|p1a: Falinks|spd|1\n|-boost|p1a: Falinks|spe|1\n|-start|p1a: Falinks|move: No Retreat\n|move|p2a: Whiscash|Earthquake|p1a: Falinks\n|-damage|p1a: Falinks|191/246\n|\n|-heal|p2a: Whiscash|258/337|[from] item: Leftovers\n|upkeep\n|turn|10\n|\n|t:|1782799405\n|move|p1a: Falinks|Close Combat|p2a: Whiscash\n|-damage|p2a: Whiscash|0 fnt\n|-unboost|p1a: Falinks|def|1\n|-unboost|p1a: Falinks|spd|1\n|faint|p2a: Whiscash\n|-damage|p1a: Falinks|167/246|[from] item: Life Orb\n|\n|upkeep\n|inactive|ChadInteleonUser has 60 seconds left.\n|\n|t:|1782799421\n|switch|p2a: Glimmora|Glimmora, L75, F|248/248\n|turn|11\n|\n|t:|1782799428\n|move|p1a: Falinks|Close Combat|p2a: Glimmora\n|-damage|p2a: Glimmora|0 fnt\n|-unboost|p1a: Falinks|def|1\n|-unboost|p1a: Falinks|spd|1\n|-activate|p2a: Glimmora|ability: Toxic Debris\n|-sidestart|p1: bluffmepls|move: Toxic Spikes\n|faint|p2a: Glimmora\n|-damage|p1a: Falinks|143/246|[from] item: Life Orb\n|\n|upkeep\n|\n|t:|1782799435\n|switch|p2a: Hitmonlee|Hitmonlee, L85, M|124/223\n|turn|12\n|\n|t:|1782799438\n|-terastallize|p2a: Hitmonlee|Fighting\n|move|p2a: Hitmonlee|Mach Punch|p1a: Falinks\n|-damage|p1a: Falinks|5/246\n|move|p1a: Falinks|Close Combat|p2a: Hitmonlee\n|-damage|p2a: Hitmonlee|0 fnt\n|-unboost|p1a: Falinks|def|1\n|-unboost|p1a: Falinks|spd|1\n|faint|p2a: Hitmonlee\n|-damage|p1a: Falinks|0 fnt|[from] item: Life Orb\n|faint|p1a: Falinks\n|\n|upkeep\n|\n|t:|1782799445\n|switch|p2a: Raichu|Raichu, L88, F|249/249\n|switch|p1a: Palafin|Palafin-Hero, L77, M|281/281\n|-status|p1a: Palafin|psn\n|turn|13\n|inactive|ChadInteleonUser has 90 seconds left.\n|\n|t:|1782799451\n|move|p1a: Palafin|Jet Punch|p2a: Raichu\n|-damage|p2a: Raichu|96/249\n|move|p2a: Raichu|Thunderbolt|p1a: Palafin\n|-supereffective|p1a: Palafin\n|-damage|p1a: Palafin|0 fnt\n|faint|p1a: Palafin\n|-damage|p2a: Raichu|72/249|[from] item: Life Orb\n|\n|upkeep\n|\n|t:|1782799454\n|switch|p1a: Dugtrio|Dugtrio, L84, M|196/196\n|-status|p1a: Dugtrio|psn\n|turn|14\n|\n|t:|1782799460\n|move|p1a: Dugtrio|Earthquake|p2a: Raichu\n|-supereffective|p2a: Raichu\n|-damage|p2a: Raichu|0 fnt\n|faint|p2a: Raichu\n|-damage|p1a: Dugtrio|177/196 psn|[from] item: Life Orb\n|\n|win|bluffmepls\n", "inputlog": ">version f8ac14003a5f27e1bdc8d8c59608a773c1cb96e5\n>start {\"formatid\":\"gen9randombattle\",\"seed\":\"sodium,f91ce029335d087890f8988166b01671\",\"rated\":\"Rated battle\"}\n>player p1 {\"name\":\"bluffmepls\",\"avatar\":\"266\",\"rating\":2096,\"seed\":\"sodium,fff3d338657615d921dafc81041ad1d0\"}\n>player p2 {\"name\":\"ChadInteleonUser\",\"avatar\":\"wallace\",\"rating\":2110,\"seed\":\"sodium,56f9b7f21e3dc343e1fb85ac542a58a9\"}\n>p1 switch 4\n>p2 move beatup\n>p1 move bulkup\n>p2 move beatup\n>p1 move bodyslam\n>p2 move beatup\n>p1 move earthquake\n>p2 move moonblast\n>p2 switch 6\n>p1 move bodyslam\n>p2 move icebeam\n>p1 switch 2\n>p1 move leafblade\n>p2 move icebeam\n>p2 switch 3\n>p1 move shadowsneak\n>p2 move knockoff\n>p1 switch 4\n>p1 move flipturn\n>p2 switch 2\n>p1 switch 5\n>p1 move noretreat\n>p2 move earthquake\n>p1 move closecombat\n>p2 move stealthrock\n>p2 switch 5\n>p1 move closecombat\n>p2 move meteorbeam\n>p2 switch 2\n>p1 move closecombat\n>p2 move machpunch terastallize\n>p1 switch 5\n>p2 switch 4\n>p1 move jetpunch\n>p2 move thunderbolt\n>p1 switch 3\n>p1 move earthquake\n>p2 move focusblast", "uploadtime": 1782799093, "views": 3, "formatid": "gen9randombattle", "rating": null, "private": 0, "password": null, "player_dets": [{"name": "bluffmepls", "avatar": "266", "rating": 2096, "seed": "sodium,fff3d338657615d921dafc81041ad1d0"}, {"name": "ChadInteleonUser", "avatar": "wallace", "rating": 2110, "seed": "sodium,56f9b7f21e3dc343e1fb85ac542a58a9"}], "teams_full": [{"Palafin": {"name": "Palafin", "species": "Palafin", "speciesId": "palafin", "gender": "M", "shiny": false, "level": 77, "moves": ["closecombat", "jetpunch", "flipturn", "wavecrash"], "ability": "Zero to Hero", "evs": {"hp": 85, "atk": 85, "def": 85, "spa": 85, "spd": 85, "spe": 85}, "ivs": {"hp": 31, "atk": 31, "def": 31, "spa": 31, "spd": 31, "spe": 31}, "item": "Choice Band", "teraType": "Water", "role": "Wallbreaker", "bvs": {"hp": 100, "atk": 70, "def": 72, "spa": 53, "spd": 62, "spe": 100}, "stats": {"hp": 281, "atk": 152, "def": 155, "spa": 126, "spd": 140, "spe": 199}, "types": ["Water"]}, "Decidueye": {"name": "Decidueye", "species": "Decidueye", "speciesId": "decidueye", "gender": "F", "shiny": false, "level": 88, "moves": ["shadowsneak", "poltergeist", "swordsdance", "leafblade"], "ability": "Overgrow", "evs": {"hp": 85, "atk": 85, "def": 85, "spa": 85, "spd": 85, "spe": 85}, "ivs": {"hp": 31, "atk": 31, "def": 31, "spa": 31, "spd": 31, "spe": 31}, "item": "Life Orb", "teraType": "Ghost", "role": "Setup Sweeper", "bvs": {"hp": 78, "atk": 107, "def": 75, "spa": 100, "spd": 100, "spe": 70}, "stats": {"hp": 281, "atk": 239, "def": 182, "spa": 226, "spd": 226, "spe": 173}, "types": ["Grass", "Ghost"]}, "Dugtrio": {"name": "Dugtrio", "species": "Dugtrio", "speciesId": "dugtrio", "gender": "M", "shiny": false, "level": 84, "moves": ["suckerpunch", "stoneedge", "swordsdance", "earthquake"], "ability": "Arena Trap", "evs": {"hp": 85, "atk": 85, "def": 85, "spa": 85, "spd": 85, "spe": 85}, "ivs": {"hp": 31, "atk": 31, "def": 31, "spa": 31, "spd": 31, "spe": 31}, "item": "Life Orb", "teraType": "Fairy", "role": "Fast Support", "bvs": {"hp": 35, "atk": 100, "def": 50, "spa": 50, "spd": 70, "spe": 120}, "stats": {"hp": 196, "atk": 216, "def": 132, "spa": 132, "spd": 166, "spe": 250}, "types": ["Ground"]}, "Vigoroth": {"name": "Vigoroth", "species": "Vigoroth", "speciesId": "vigoroth", "gender": "M", "shiny": false, "level": 85, "moves": ["bulkup", "slackoff", "earthquake", "bodyslam"], "ability": "Vital Spirit", "evs": {"hp": 85, "atk": 85, "def": 85, "spa": 85, "spd": 85, "spe": 85}, "ivs": {"hp": 31, "atk": 31, "def": 31, "spa": 31, "spd": 31, "spe": 31}, "item": "Eviolite", "teraType": "Ground", "role": "Bulky Attacker", "bvs": {"hp": 80, "atk": 80, "def": 80, "spa": 55, "spd": 55, "spe": 90}, "stats": {"hp": 275, "atk": 185, "def": 185, "spa": 142, "spd": 142, "spe": 202}, "types": ["Normal"]}, "Falinks": {"name": "Falinks", "species": "Falinks", "speciesId": "falinks", "gender": "N", "shiny": false, "level": 84, "moves": ["knockoff", "noretreat", "ironhead", "closecombat"], "ability": "Defiant", "evs": {"hp": 85, "atk": 85, "def": 85, "spa": 85, "spd": 85, "spe": 85}, "ivs": {"hp": 31, "atk": 31, "def": 31, "spa": 31, "spd": 31, "spe": 31}, "item": "Life Orb", "teraType": "Steel", "role": "Setup Sweeper", "bvs": {"hp": 65, "atk": 100, "def": 100, "spa": 70, "spd": 60, "spe": 75}, "stats": {"hp": 246, "atk": 216, "def": 216, "spa": 166, "spd": 149, "spe": 174}, "types": ["Fighting"]}, "Tauros": {"name": "Tauros", "species": "Tauros-Paldea-Combat", "speciesId": "taurospaldeacombat", "gender": "M", "shiny": false, "level": 82, "moves": ["bulkup", "closecombat", "ironhead", "stoneedge"], "ability": "Intimidate", "evs": {"hp": 85, "atk": 85, "def": 85, "spa": 85, "spd": 85, "spe": 85}, "ivs": {"hp": 31, "atk": 31, "def": 31, "spa": 31, "spd": 31, "spe": 31}, "item": "Life Orb", "teraType": "Fighting", "role": "Wallbreaker", "bvs": {"hp": 75, "atk": 110, "def": 105, "spa": 30, "spd": 70, "spe": 100}, "stats": {"hp": 257, "atk": 228, "def": 219, "spa": 96, "spd": 162, "spe": 211}, "types": ["Fighting"]}}, {"Fezandipiti": {"name": "Fezandipiti", "species": "Fezandipiti", "speciesId": "fezandipiti", "gender": "M", "shiny": false, "level": 82, "moves": ["beatup", "moonblast", "roost", "gunkshot"], "ability": "Toxic Chain", "evs": {"hp": 85, "atk": 85, "def": 85, "spa": 85, "spd": 85, "spe": 85}, "ivs": {"hp": 31, "atk": 31, "def": 31, "spa": 31, "spd": 31, "spe": 31}, "item": "Leftovers", "teraType": "Water", "role": "Bulky Attacker", "bvs": {"hp": 88, "atk": 91, "def": 82, "spa": 70, "spd": 125, "spe": 99}, "stats": {"hp": 278, "atk": 196, "def": 182, "spa": 162, "spd": 252, "spe": 210}, "types": ["Poison", "Fairy"]}, "Whiscash": {"name": "Whiscash", "species": "Whiscash", "speciesId": "whiscash", "gender": "M", "shiny": false, "level": 88, "moves": ["spikes", "earthquake", "stealthrock", "icebeam"], "ability": "Oblivious", "evs": {"hp": 85, "atk": 85, "def": 85, "spa": 85, "spd": 85, "spe": 85}, "ivs": {"hp": 31, "atk": 31, "def": 31, "spa": 31, "spd": 31, "spe": 31}, "item": "Leftovers", "teraType": "Ghost", "role": "Bulky Support", "bvs": {"hp": 110, "atk": 78, "def": 73, "spa": 76, "spd": 71, "spe": 60}, "stats": {"hp": 337, "atk": 188, "def": 179, "spa": 184, "spd": 175, "spe": 156}, "types": ["Water", "Ground"]}, "Hitmonlee": {"name": "Hitmonlee", "species": "Hitmonlee", "speciesId": "hitmonlee", "gender": "M", "shiny": false, "level": 85, "moves": ["highjumpkick", "stoneedge", "knockoff", "machpunch"], "ability": "Reckless", "evs": {"hp": 81, "atk": 85, "def": 85, "spa": 85, "spd": 85, "spe": 85}, "ivs": {"hp": 31, "atk": 31, "def": 31, "spa": 31, "spd": 31, "spe": 31}, "item": "Choice Band", "teraType": "Fighting", "role": "Fast Attacker", "bvs": {"hp": 50, "atk": 120, "def": 53, "spa": 35, "spd": 110, "spe": 87}, "stats": {"hp": 223, "atk": 253, "def": 139, "spa": 108, "spd": 236, "spe": 197}, "types": ["Fighting"]}, "Raichu": {"name": "Raichu", "species": "Raichu", "speciesId": "raichu", "gender": "F", "shiny": false, "level": 88, "moves": ["thunderbolt", "focusblast", "nastyplot", "terablast"], "ability": "Lightning Rod", "evs": {"hp": 85, "atk": 0, "def": 85, "spa": 85, "spd": 85, "spe": 85}, "ivs": {"hp": 31, "atk": 0, "def": 31, "spa": 31, "spd": 31, "spe": 31}, "item": "Life Orb", "teraType": "Ice", "role": "Tera Blast user", "bvs": {"hp": 60, "atk": 90, "def": 55, "spa": 90, "spd": 80, "spe": 110}, "stats": {"hp": 249, "atk": 163, "def": 147, "spa": 209, "spd": 191, "spe": 244}, "types": ["Electric"]}, "Glimmora": {"name": "Glimmora", "species": "Glimmora", "speciesId": "glimmora", "gender": "F", "shiny": false, "level": 75, "moves": ["meteorbeam", "sludgewave", "earthpower", "energyball"], "ability": "Toxic Debris", "evs": {"hp": 85, "atk": 0, "def": 85, "spa": 85, "spd": 85, "spe": 85}, "ivs": {"hp": 31, "atk": 0, "def": 31, "spa": 31, "spd": 31, "spe": 31}, "item": "Power Herb", "teraType": "Grass", "role": "Setup Sweeper", "bvs": {"hp": 83, "atk": 55, "def": 90, "spa": 130, "spd": 81, "spe": 86}, "stats": {"hp": 248, "atk": 87, "def": 179, "spa": 239, "spd": 165, "spe": 173}, "types": ["Rock", "Poison"]}, "Golduck": {"name": "Golduck", "species": "Golduck", "speciesId": "golduck", "gender": "M", "shiny": false, "level": 90, "moves": ["grassknot", "nastyplot", "icebeam", "hydropump"], "ability": "Cloud Nine", "evs": {"hp": 85, "atk": 0, "def": 85, "spa": 85, "spd": 85, "spe": 85}, "ivs": {"hp": 31, "atk": 0, "def": 31, "spa": 31, "spd": 31, "spe": 31}, "item": "Life Orb", "teraType": "Water", "role": "Fast Attacker", "bvs": {"hp": 80, "atk": 82, "def": 78, "spa": 95, "spd": 80, "spe": 85}, "stats": {"hp": 290, "atk": 152, "def": 192, "spa": 222, "spd": 195, "spe": 204}, "types": ["Water"]}}]}