{"id": "gen9randombattle-2641485873", "format": "[Gen 9] Random Battle", "players": ["SeviperGliscor", "Whoogiewatsit"], "log": "|j|\u2606SeviperGliscor\n|j|\u2606Whoogiewatsit\n|t:|1782792571\n|gametype|singles\n|player|p1|SeviperGliscor|265|1435\n|player|p2|Whoogiewatsit|barry|1416\n|gen|9\n|tier|[Gen 9] Random Battle\n|rated|\n|rule|Species Clause: Limit one of each Pok\u00e9mon\n|rule|HP Percentage Mod: HP is shown in percentages\n|rule|Sleep Clause Mod: Limit one foe put to sleep\n|rule|Illusion Level Mod: Illusion disguises the Pok\u00e9mon's true level\n|\n|t:|1782792571\n|teamsize|p1|6\n|teamsize|p2|6\n|start\n|switch|p1a: Pikachu|Pikachu-Partner, L93, M|216/216\n|switch|p2a: Minun|Minun, L95, M|268/268\n|turn|1\n|inactive|Battle timer is ON: inactive players will automatically lose when time's up. (requested by SeviperGliscor)\n|\n|t:|1782792586\n|move|p1a: Pikachu|Fake Out|p2a: Minun\n|-damage|p2a: Minun|203/268\n|cant|p2a: Minun|flinch\n|\n|upkeep\n|turn|2\n|\n|t:|1782792595\n|move|p2a: Minun|Nasty Plot|p2a: Minun\n|-boost|p2a: Minun|spa|2\n|move|p1a: Pikachu|Surf|p2a: Minun\n|-damage|p2a: Minun|114/268\n|\n|upkeep\n|turn|3\n|\n|t:|1782792598\n|move|p2a: Minun|Alluring Voice|p1a: Pikachu\n|-damage|p1a: Pikachu|0 fnt\n|faint|p1a: Pikachu\n|-damage|p2a: Minun|88/268|[from] item: Life Orb\n|\n|upkeep\n|\n|t:|1782792605\n|switch|p1a: Snorlax|Snorlax, L82, M|397/397\n|turn|4\n|\n|t:|1782792611\n|move|p2a: Minun|Thunderbolt|p1a: Snorlax\n|-damage|p1a: Snorlax|183/397\n|-damage|p2a: Minun|62/268|[from] item: Life Orb\n|move|p1a: Snorlax|Body Slam|p2a: Minun\n|-damage|p2a: Minun|0 fnt\n|faint|p2a: Minun\n|\n|-heal|p1a: Snorlax|207/397|[from] item: Leftovers\n|upkeep\n|\n|t:|1782792632\n|switch|p2a: Golem|Golem, L87, F|281/281\n|turn|5\n|\n|t:|1782792645\n|move|p2a: Golem|Earthquake|p1a: Snorlax\n|-damage|p1a: Snorlax|33/397\n|move|p1a: Snorlax|Curse|p1a: Snorlax\n|-unboost|p1a: Snorlax|spe|1\n|-boost|p1a: Snorlax|atk|1\n|-boost|p1a: Snorlax|def|1\n|\n|-heal|p1a: Snorlax|57/397|[from] item: Leftovers\n|upkeep\n|turn|6\n|\n|t:|1782792651\n|move|p2a: Golem|Earthquake|p1a: Snorlax\n|-damage|p1a: Snorlax|0 fnt\n|faint|p1a: Snorlax\n|\n|upkeep\n|\n|t:|1782792661\n|switch|p1a: Breloom|Breloom, L83, M|235/235\n|turn|7\n|\n|t:|1782792683\n|move|p1a: Breloom|Bullet Seed|p2a: Golem\n|-supereffective|p2a: Golem\n|-damage|p2a: Golem|94/281\n|-enditem|p2a: Golem|Weakness Policy\n|-boost|p2a: Golem|atk|2|[from] item: Weakness Policy\n|-boost|p2a: Golem|spa|2|[from] item: Weakness Policy\n|-supereffective|p2a: Golem\n|-damage|p2a: Golem|0 fnt\n|faint|p2a: Golem\n|-hitcount|p2: Golem|2\n|-damage|p1a: Breloom|212/235|[from] item: Life Orb\n|\n|upkeep\n|\n|t:|1782792694\n|switch|p2a: Reshiram|Reshiram, L76|277/277\n|-ability|p2a: Reshiram|Turboblaze\n|turn|8\n|\n|t:|1782792712\n|move|p2a: Reshiram|Blue Flare|p1a: Breloom\n|-supereffective|p1a: Breloom\n|-damage|p1a: Breloom|0 fnt\n|faint|p1a: Breloom\n|\n|upkeep\n|\n|t:|1782792719\n|switch|p1a: Gliscor|Gliscor, L76, F|239/239\n|turn|9\n|\n|t:|1782792732\n|move|p1a: Gliscor|Substitute|p1a: Gliscor\n|-start|p1a: Gliscor|Substitute\n|-damage|p1a: Gliscor|180/239\n|move|p2a: Reshiram|Draco Meteor|p1a: Gliscor\n|-end|p1a: Gliscor|Substitute\n|-unboost|p2a: Reshiram|spa|2\n|\n|-status|p1a: Gliscor|tox|[from] item: Toxic Orb\n|upkeep\n|turn|10\n|\n|t:|1782792739\n|switch|p2a: Golduck|Golduck, L90, M|290/290\n|-ability|p2a: Golduck|Cloud Nine\n|move|p1a: Gliscor|Protect||[still]\n|-fail|p1a: Gliscor\n|\n|-heal|p1a: Gliscor|209/239 tox|[from] ability: Poison Heal\n|upkeep\n|turn|11\n|\n|t:|1782792744\n|-terastallize|p1a: Gliscor|Water\n|move|p2a: Golduck|Ice Beam|p1a: Gliscor\n|-resisted|p1a: Gliscor\n|-damage|p1a: Gliscor|154/239 tox\n|-damage|p2a: Golduck|261/290|[from] item: Life Orb\n|move|p1a: Gliscor|Toxic|p2a: Golduck\n|-status|p2a: Golduck|tox\n|\n|-damage|p2a: Golduck|243/290 tox|[from] psn\n|-heal|p1a: Gliscor|183/239 tox|[from] ability: Poison Heal\n|upkeep\n|turn|12\n|\n|t:|1782792751\n|move|p2a: Golduck|Nasty Plot|p2a: Golduck\n|-boost|p2a: Golduck|spa|2\n|move|p1a: Gliscor|Substitute|p1a: Gliscor\n|-start|p1a: Gliscor|Substitute\n|-damage|p1a: Gliscor|124/239 tox\n|\n|-damage|p2a: Golduck|207/290 tox|[from] psn\n|-heal|p1a: Gliscor|153/239 tox|[from] ability: Poison Heal\n|upkeep\n|turn|13\n|\n|t:|1782792754\n|move|p2a: Golduck|Grass Knot|p1a: Gliscor\n|-supereffective|p1a: Gliscor\n|-end|p1a: Gliscor|Substitute\n|-damage|p2a: Golduck|178/290 tox|[from] item: Life Orb\n|move|p1a: Gliscor|Earthquake|p2a: Golduck\n|-damage|p2a: Golduck|87/290 tox\n|\n|-damage|p2a: Golduck|33/290 tox|[from] psn\n|-heal|p1a: Gliscor|182/239 tox|[from] ability: Poison Heal\n|upkeep\n|turn|14\n|\n|t:|1782792761\n|move|p1a: Gliscor|Protect|p1a: Gliscor\n|-singleturn|p1a: Gliscor|Protect\n|move|p2a: Golduck|Grass Knot|p1a: Gliscor\n|-activate|p1a: Gliscor|move: Protect\n|\n|-damage|p2a: Golduck|0 fnt|[from] psn\n|faint|p2a: Golduck\n|-heal|p1a: Gliscor|211/239 tox|[from] ability: Poison Heal\n|upkeep\n|\n|t:|1782792790\n|switch|p2a: Reshiram|Reshiram, L76|277/277\n|-ability|p2a: Reshiram|Turboblaze\n|turn|15\n|\n|t:|1782792801\n|-terastallize|p2a: Reshiram|Ground\n|move|p1a: Gliscor|Substitute|p1a: Gliscor\n|-start|p1a: Gliscor|Substitute\n|-damage|p1a: Gliscor|152/239 tox\n|move|p2a: Reshiram|Earth Power|p1a: Gliscor\n|-end|p1a: Gliscor|Substitute\n|\n|-heal|p1a: Gliscor|181/239 tox|[from] ability: Poison Heal\n|upkeep\n|turn|16\n|\n|t:|1782792808\n|move|p1a: Gliscor|Toxic|p2a: Reshiram\n|-status|p2a: Reshiram|tox\n|move|p2a: Reshiram|Earth Power|p1a: Gliscor\n|-damage|p1a: Gliscor|30/239 tox\n|-unboost|p1a: Gliscor|spd|1\n|\n|-heal|p1a: Gliscor|59/239 tox|[from] ability: Poison Heal\n|-damage|p2a: Reshiram|260/277 tox|[from] psn\n|upkeep\n|turn|17\n|\n|t:|1782792814\n|move|p1a: Gliscor|Protect|p1a: Gliscor\n|-singleturn|p1a: Gliscor|Protect\n|move|p2a: Reshiram|Earth Power|p1a: Gliscor\n|-activate|p1a: Gliscor|move: Protect\n|\n|-heal|p1a: Gliscor|88/239 tox|[from] ability: Poison Heal\n|-damage|p2a: Reshiram|226/277 tox|[from] psn\n|upkeep\n|turn|18\n|\n|t:|1782792819\n|move|p1a: Gliscor|Substitute|p1a: Gliscor\n|-start|p1a: Gliscor|Substitute\n|-damage|p1a: Gliscor|29/239 tox\n|move|p2a: Reshiram|Earth Power|p1a: Gliscor\n|-end|p1a: Gliscor|Substitute\n|\n|-heal|p1a: Gliscor|58/239 tox|[from] ability: Poison Heal\n|-damage|p2a: Reshiram|175/277 tox|[from] psn\n|upkeep\n|turn|19\n|\n|t:|1782792824\n|move|p1a: Gliscor|Protect|p1a: Gliscor\n|-singleturn|p1a: Gliscor|Protect\n|move|p2a: Reshiram|Earth Power|p1a: Gliscor\n|-activate|p1a: Gliscor|move: Protect\n|\n|-heal|p1a: Gliscor|87/239 tox|[from] ability: Poison Heal\n|-damage|p2a: Reshiram|107/277 tox|[from] psn\n|upkeep\n|turn|20\n|\n|t:|1782792827\n|move|p1a: Gliscor|Substitute|p1a: Gliscor\n|-start|p1a: Gliscor|Substitute\n|-damage|p1a: Gliscor|28/239 tox\n|move|p2a: Reshiram|Earth Power|p1a: Gliscor\n|-end|p1a: Gliscor|Substitute\n|\n|-heal|p1a: Gliscor|57/239 tox|[from] ability: Poison Heal\n|-damage|p2a: Reshiram|22/277 tox|[from] psn\n|upkeep\n|turn|21\n|\n|t:|1782792833\n|move|p1a: Gliscor|Protect|p1a: Gliscor\n|-singleturn|p1a: Gliscor|Protect\n|move|p2a: Reshiram|Earth Power|p1a: Gliscor\n|-activate|p1a: Gliscor|move: Protect\n|\n|-heal|p1a: Gliscor|86/239 tox|[from] ability: Poison Heal\n|-damage|p2a: Reshiram|0 fnt|[from] psn\n|faint|p2a: Reshiram\n|upkeep\n|\n|t:|1782792839\n|switch|p2a: Cyclizar|Cyclizar, L83, M|252/252\n|turn|22\n|\n|t:|1782792844\n|move|p2a: Cyclizar|Draco Meteor|p1a: Gliscor\n|-damage|p1a: Gliscor|0 fnt\n|-unboost|p2a: Cyclizar|spa|2\n|faint|p1a: Gliscor\n|\n|upkeep\n|\n|t:|1782792853\n|switch|p1a: Brute Bonnet|Brute Bonnet, L80|309/309\n|turn|23\n|\n|t:|1782792858\n|move|p2a: Cyclizar|Shed Tail|p2a: Cyclizar\n|-start|p2a: Cyclizar|Substitute|[from] move: Shed Tail\n|-damage|p2a: Cyclizar|126/252\n|\n|t:|1782792860\n|switch|p2a: Crabominable|Crabominable, L90, F|321/321|[from] Shed Tail\n|move|p1a: Brute Bonnet|Spore||[still]\n|-fail|p1a: Brute Bonnet\n|\n|upkeep\n|turn|24\n|\n|t:|1782792865\n|move|p1a: Brute Bonnet|Close Combat|p2a: Crabominable\n|-supereffective|p2a: Crabominable\n|-end|p2a: Crabominable|Substitute\n|-unboost|p1a: Brute Bonnet|def|1\n|-unboost|p1a: Brute Bonnet|spd|1\n|move|p2a: Crabominable|Ice Hammer|p1a: Brute Bonnet\n|-supereffective|p1a: Brute Bonnet\n|-damage|p1a: Brute Bonnet|0 fnt\n|-unboost|p2a: Crabominable|spe|1\n|faint|p1a: Brute Bonnet\n|-end|p1a: Brute Bonnet|Protosynthesis|[silent]\n|\n|upkeep\n|\n|t:|1782792871\n|switch|p1a: Gallade|Gallade, L80, M|240/240\n|turn|25\n|\n|t:|1782792877\n|move|p1a: Gallade|Sacred Sword|p2a: Crabominable\n|-supereffective|p2a: Crabominable\n|-damage|p2a: Crabominable|0 fnt\n|faint|p2a: Crabominable\n|-damage|p1a: Gallade|216/240|[from] item: Life Orb\n|\n|upkeep\n|\n|t:|1782792880\n|switch|p2a: Cyclizar|Cyclizar, L83, M|210/252\n|turn|26\n|\n|t:|1782792885\n|move|p2a: Cyclizar|Knock Off|p1a: Gallade\n|-damage|p1a: Gallade|132/240\n|-enditem|p1a: Gallade|Life Orb|[from] move: Knock Off|[of] p2a: Cyclizar\n|move|p1a: Gallade|Sacred Sword|p2a: Cyclizar\n|-supereffective|p2a: Cyclizar\n|-damage|p2a: Cyclizar|0 fnt\n|faint|p2a: Cyclizar\n|\n|win|SeviperGliscor\n|raw|SeviperGliscor's rating: 1435 &rarr; <strong>1454</strong><br />(+19 for winning)\n|raw|Whoogiewatsit's rating: 1416 &rarr; <strong>1397</strong><br />(-19 for losing)\n|l|\u2606Whoogiewatsit\n|player|p2|\n", "inputlog": ">version f8ac14003a5f27e1bdc8d8c59608a773c1cb96e5\n>start {\"formatid\":\"gen9randombattle\",\"seed\":\"sodium,25371cbf524229d82f0f68c752624388\",\"rated\":\"Rated battle\"}\n>player p1 {\"name\":\"SeviperGliscor\",\"avatar\":\"265\",\"rating\":1435,\"seed\":\"sodium,658a7029001b2e4487b2519a27a897d9\"}\n>player p2 {\"name\":\"Whoogiewatsit\",\"avatar\":\"barry\",\"rating\":1416,\"seed\":\"sodium,90361b650b472adda332d19b98b438e1\"}\n>p1 move fakeout\n>p2 move nastyplot\n>p1 move surf\n>p2 move nastyplot\n>p1 move surf\n>p2 move alluringvoice\n>p1 switch 6\n>p1 move bodyslam\n>p2 move thunderbolt\n>p2 switch 4\n>p1 move curse\n>p2 move earthquake\n>p1 move bodyslam\n>p2 move earthquake\n>p1 switch 2\n>p1 move bulletseed\n>p2 move explosion\n>p2 switch 6\n>p1 move rocktomb\n>p2 move blueflare\n>p1 switch 5\n>p1 move substitute\n>p2 move dracometeor\n>p1 move protect\n>p2 switch 5\n>p1 move toxic terastallize\n>p2 move icebeam\n>p1 move substitute\n>p2 move nastyplot\n>p1 move earthquake\n>p2 move grassknot\n>p1 move protect\n>p2 move grassknot\n>p2 switch 5\n>p1 move substitute\n>p2 move earthpower terastallize\n>p1 move toxic\n>p2 move earthpower\n>p1 move protect\n>p2 move earthpower\n>p1 move substitute\n>p2 move earthpower\n>p1 move protect\n>p2 move earthpower\n>p1 move substitute\n>p2 move earthpower\n>p1 move protect\n>p2 move earthpower\n>p2 switch 2\n>p1 move toxic\n>p2 move dracometeor\n>p1 switch 3\n>p1 move spore\n>p2 move shedtail\n>p2 switch 3\n>p1 move closecombat\n>p2 move icehammer\n>p1 switch 4\n>p1 move sacredsword\n>p2 move icehammer\n>p2 switch 3\n>p1 move sacredsword\n>p2 move knockoff", "uploadtime": 1782792893, "views": 7, "formatid": "gen9randombattle", "rating": 1397, "private": 0, "password": null, "player_dets": [{"name": "SeviperGliscor", "avatar": "265", "rating": 1435, "seed": "sodium,658a7029001b2e4487b2519a27a897d9"}, {"name": "Whoogiewatsit", "avatar": "barry", "rating": 1416, "seed": "sodium,90361b650b472adda332d19b98b438e1"}], "teams_full": [{"Pikachu": {"name": "Pikachu", "species": "Pikachu-Partner", "speciesId": "pikachu", "gender": "M", "shiny": false, "level": 93, "moves": ["voltswitch", "fakeout", "surf", "volttackle"], "ability": "Lightning Rod", "evs": {"hp": 85, "atk": 85, "def": 85, "spa": 85, "spd": 85, "spe": 85}, "ivs": {"hp": 31, "atk": 31, "def": 31, "spa": 31, "spd": 31, "spe": 31}, "item": "Light Ball", "teraType": "Water", "role": "Fast Attacker", "bvs": {"hp": 35, "atk": 55, "def": 40, "spa": 50, "spd": 50, "spe": 90}, "stats": {"hp": 216, "atk": 155, "def": 127, "spa": 146, "spd": 146, "spe": 220}, "types": ["Electric"]}, "Breloom": {"name": "Breloom", "species": "Breloom", "speciesId": "breloom", "gender": "M", "shiny": false, "level": 83, "moves": ["machpunch", "swordsdance", "rocktomb", "bulletseed"], "ability": "Technician", "evs": {"hp": 85, "atk": 85, "def": 85, "spa": 85, "spd": 85, "spe": 85}, "ivs": {"hp": 31, "atk": 31, "def": 31, "spa": 31, "spd": 31, "spe": 31}, "item": "Life Orb", "teraType": "Rock", "role": "Fast Attacker", "bvs": {"hp": 60, "atk": 130, "def": 80, "spa": 60, "spd": 60, "spe": 70}, "stats": {"hp": 235, "atk": 263, "def": 180, "spa": 147, "spd": 147, "spe": 164}, "types": ["Grass", "Fighting"]}, "Brute Bonnet": {"name": "Brute Bonnet", "species": "Brute Bonnet", "speciesId": "brutebonnet", "gender": "N", "shiny": false, "level": 80, "moves": ["crunch", "suckerpunch", "spore", "closecombat"], "ability": "Protosynthesis", "evs": {"hp": 85, "atk": 85, "def": 85, "spa": 85, "spd": 85, "spe": 85}, "ivs": {"hp": 31, "atk": 31, "def": 31, "spa": 31, "spd": 31, "spe": 31}, "item": "Leftovers", "teraType": "Poison", "role": "Bulky Attacker", "bvs": {"hp": 111, "atk": 127, "def": 99, "spa": 79, "spd": 99, "spe": 55}, "stats": {"hp": 309, "atk": 249, "def": 205, "spa": 173, "spd": 205, "spe": 134}, "types": ["Grass", "Dark"]}, "Gallade": {"name": "Gallade", "species": "Gallade", "speciesId": "gallade", "gender": "M", "shiny": false, "level": 80, "moves": ["sacredsword", "agility", "nightslash", "psychocut"], "ability": "Sharpness", "evs": {"hp": 85, "atk": 85, "def": 85, "spa": 85, "spd": 85, "spe": 85}, "ivs": {"hp": 31, "atk": 31, "def": 31, "spa": 31, "spd": 31, "spe": 31}, "item": "Life Orb", "teraType": "Dark", "role": "Setup Sweeper", "bvs": {"hp": 68, "atk": 125, "def": 65, "spa": 65, "spd": 115, "spe": 80}, "stats": {"hp": 240, "atk": 246, "def": 150, "spa": 150, "spd": 230, "spe": 174}, "types": ["Psychic", "Fighting"]}, "Gliscor": {"name": "Gliscor", "species": "Gliscor", "speciesId": "gliscor", "gender": "F", "shiny": false, "level": 76, "moves": ["earthquake", "substitute", "protect", "toxic"], "ability": "Poison Heal", "evs": {"hp": 85, "atk": 85, "def": 85, "spa": 85, "spd": 85, "spe": 85}, "ivs": {"hp": 31, "atk": 31, "def": 31, "spa": 31, "spd": 31, "spe": 31}, "item": "Toxic Orb", "teraType": "Water", "role": "Fast Support", "bvs": {"hp": 75, "atk": 95, "def": 125, "spa": 45, "spd": 75, "spe": 95}, "stats": {"hp": 239, "atk": 188, "def": 234, "spa": 112, "spd": 158, "spe": 188}, "types": ["Ground", "Flying"]}, "Snorlax": {"name": "Snorlax", "species": "Snorlax", "speciesId": "snorlax", "gender": "M", "shiny": false, "level": 82, "moves": ["sleeptalk", "bodyslam", "curse", "rest"], "ability": "Thick Fat", "evs": {"hp": 85, "atk": 85, "def": 85, "spa": 85, "spd": 85, "spe": 85}, "ivs": {"hp": 31, "atk": 31, "def": 31, "spa": 31, "spd": 31, "spe": 31}, "item": "Leftovers", "teraType": "Fairy", "role": "Bulky Attacker", "bvs": {"hp": 160, "atk": 110, "def": 65, "spa": 65, "spd": 110, "spe": 30}, "stats": {"hp": 397, "atk": 228, "def": 154, "spa": 154, "spd": 228, "spe": 96}, "types": ["Normal"]}}, {"Minun": {"name": "Minun", "species": "Minun", "speciesId": "minun", "gender": "M", "shiny": false, "level": 95, "moves": ["nastyplot", "alluringvoice", "thunderbolt", "grassknot"], "ability": "Volt Absorb", "evs": {"hp": 85, "atk": 0, "def": 85, "spa": 85, "spd": 85, "spe": 85}, "ivs": {"hp": 31, "atk": 0, "def": 31, "spa": 31, "spd": 31, "spe": 31}, "item": "Life Orb", "teraType": "Grass", "role": "Setup Sweeper", "bvs": {"hp": 60, "atk": 40, "def": 50, "spa": 75, "spd": 85, "spe": 95}, "stats": {"hp": 268, "atk": 81, "def": 149, "spa": 196, "spd": 215, "spe": 234}, "types": ["Electric"]}, "Cyclizar": {"name": "Cyclizar", "species": "Cyclizar", "speciesId": "cyclizar", "gender": "M", "shiny": false, "level": 83, "moves": ["knockoff", "rapidspin", "shedtail", "dracometeor"], "ability": "Regenerator", "evs": {"hp": 85, "atk": 85, "def": 85, "spa": 85, "spd": 85, "spe": 85}, "ivs": {"hp": 31, "atk": 31, "def": 31, "spa": 31, "spd": 31, "spe": 31}, "item": "Heavy-Duty Boots", "teraType": "Fairy", "role": "Fast Support", "bvs": {"hp": 70, "atk": 95, "def": 65, "spa": 85, "spd": 65, "spe": 121}, "stats": {"hp": 252, "atk": 205, "def": 156, "spa": 189, "spd": 156, "spe": 249}, "types": ["Dragon", "Normal"]}, "Crabominable": {"name": "Crabominable", "species": "Crabominable", "speciesId": "crabominable", "gender": "F", "shiny": false, "level": 90, "moves": ["earthquake", "closecombat", "icehammer", "gunkshot"], "ability": "Iron Fist", "evs": {"hp": 85, "atk": 85, "def": 85, "spa": 85, "spd": 85, "spe": 85}, "ivs": {"hp": 31, "atk": 31, "def": 31, "spa": 31, "spd": 31, "spe": 31}, "item": "Choice Band", "teraType": "Fighting", "role": "Wallbreaker", "bvs": {"hp": 97, "atk": 132, "def": 77, "spa": 62, "spd": 67, "spe": 43}, "stats": {"hp": 321, "atk": 289, "def": 190, "spa": 163, "spd": 172, "spe": 129}, "types": ["Fighting", "Ice"]}, "Golem": {"name": "Golem", "species": "Golem", "speciesId": "golem", "gender": "F", "shiny": false, "level": 87, "moves": ["explosion", "stoneedge", "rockpolish", "earthquake"], "ability": "Sturdy", "evs": {"hp": 85, "atk": 85, "def": 85, "spa": 85, "spd": 85, "spe": 85}, "ivs": {"hp": 31, "atk": 31, "def": 31, "spa": 31, "spd": 31, "spe": 31}, "item": "Weakness Policy", "teraType": "Ground", "role": "Bulky Attacker", "bvs": {"hp": 80, "atk": 120, "def": 130, "spa": 55, "spd": 65, "spe": 45}, "stats": {"hp": 281, "atk": 259, "def": 276, "spa": 145, "spd": 163, "spe": 128}, "types": ["Rock", "Ground"]}, "Golduck": {"name": "Golduck", "species": "Golduck", "speciesId": "golduck", "gender": "M", "shiny": false, "level": 90, "moves": ["icebeam", "nastyplot", "hydropump", "grassknot"], "ability": "Cloud Nine", "evs": {"hp": 85, "atk": 0, "def": 85, "spa": 85, "spd": 85, "spe": 85}, "ivs": {"hp": 31, "atk": 0, "def": 31, "spa": 31, "spd": 31, "spe": 31}, "item": "Life Orb", "teraType": "Grass", "role": "Fast Attacker", "bvs": {"hp": 80, "atk": 82, "def": 78, "spa": 95, "spd": 80, "spe": 85}, "stats": {"hp": 290, "atk": 152, "def": 192, "spa": 222, "spd": 195, "spe": 204}, "types": ["Water"]}, "Reshiram": {"name": "Reshiram", "species": "Reshiram", "speciesId": "reshiram", "gender": "N", "shiny": false, "level": 76, "moves": ["earthpower", "dracometeor", "blueflare", "dragontail"], "ability": "Turboblaze", "evs": {"hp": 85, "atk": 85, "def": 85, "spa": 85, "spd": 85, "spe": 85}, "ivs": {"hp": 31, "atk": 31, "def": 31, "spa": 31, "spd": 31, "spe": 31}, "item": "Heavy-Duty Boots", "teraType": "Ground", "role": "Fast Attacker", "bvs": {"hp": 100, "atk": 120, "def": 100, "spa": 150, "spd": 120, "spe": 90}, "stats": {"hp": 277, "atk": 226, "def": 196, "spa": 272, "spd": 226, "spe": 181}, "types": ["Dragon", "Fire"]}}]}