{"id": "gen9randombattle-2641561157", "format": "[Gen 9] Random Battle", "players": ["Gaaraks", "bakavelique"], "log": "|j|\u2606Gaaraks\n|j|\u2606bakavelique\n|t:|1782808318\n|gametype|singles\n|player|p1|Gaaraks|266|2040\n|player|p2|bakavelique|2|1983\n|gen|9\n|tier|[Gen 9] Random Battle\n|rated|\n|rule|Species Clause: Limit one of each Pok\u00e9mon\n|rule|HP Percentage Mod: HP is shown in percentages\n|rule|Sleep Clause Mod: Limit one foe put to sleep\n|rule|Illusion Level Mod: Illusion disguises the Pok\u00e9mon's true level\n|\n|t:|1782808318\n|teamsize|p1|6\n|teamsize|p2|6\n|start\n|switch|p1a: Swalot|Swalot, L90, M|326/326\n|switch|p2a: Kyurem|Kyurem, L77|319/319\n|-ability|p2a: Kyurem|Pressure\n|turn|1\n|inactive|Battle timer is ON: inactive players will automatically lose when time's up. (requested by Gaaraks)\n|\n|t:|1782808325\n|move|p2a: Kyurem|Earth Power|p1a: Swalot\n|-supereffective|p1a: Swalot\n|-damage|p1a: Swalot|198/326\n|move|p1a: Swalot|Gunk Shot|p2a: Kyurem|[miss]\n|-miss|p1a: Swalot|p2a: Kyurem\n|\n|-heal|p1a: Swalot|218/326|[from] item: Leftovers\n|upkeep\n|turn|2\n|\n|t:|1782808333\n|switch|p2a: Bronzong|Bronzong, L88|261/261\n|move|p1a: Swalot|Gunk Shot|p2a: Bronzong\n|-immune|p2a: Bronzong\n|\n|-heal|p1a: Swalot|238/326|[from] item: Leftovers\n|upkeep\n|turn|3\n|\n|t:|1782808339\n|move|p1a: Swalot|Swords Dance|p1a: Swalot\n|-boost|p1a: Swalot|atk|2\n|move|p2a: Bronzong|Iron Defense|p2a: Bronzong\n|-boost|p2a: Bronzong|def|2\n|\n|-heal|p1a: Swalot|258/326|[from] item: Leftovers\n|upkeep\n|turn|4\n|\n|t:|1782808341\n|move|p1a: Swalot|Knock Off|p2a: Bronzong\n|-supereffective|p2a: Bronzong\n|-damage|p2a: Bronzong|161/261\n|-enditem|p2a: Bronzong|Leftovers|[from] move: Knock Off|[of] p1a: Swalot\n|move|p2a: Bronzong|Psychic Noise|p1a: Swalot\n|-supereffective|p1a: Swalot\n|-damage|p1a: Swalot|118/326\n|-start|p1a: Swalot|move: Heal Block\n|\n|upkeep\n|turn|5\n|\n|t:|1782808350\n|switch|p1a: Hatterene|Hatterene, L85, F|236/236\n|move|p2a: Bronzong|Psychic Noise|p1a: Hatterene\n|-resisted|p1a: Hatterene\n|-damage|p1a: Hatterene|203/236\n|-start|p1a: Hatterene|move: Heal Block\n|\n|upkeep\n|turn|6\n|\n|t:|1782808353\n|move|p2a: Bronzong|Iron Head|p1a: Hatterene\n|-supereffective|p1a: Hatterene\n|-damage|p1a: Hatterene|41/236\n|move|p1a: Hatterene|Mystical Fire|p2a: Bronzong\n|-supereffective|p2a: Bronzong\n|-damage|p2a: Bronzong|43/261\n|-unboost|p2a: Bronzong|spa|1\n|\n|-end|p1a: Hatterene|move: Heal Block\n|upkeep\n|turn|7\n|\n|t:|1782808360\n|switch|p1a: Swalot|Swalot, L90, M|118/326\n|move|p2a: Bronzong|Iron Head|p1a: Swalot\n|-damage|p1a: Swalot|36/326\n|\n|-heal|p1a: Swalot|56/326|[from] item: Leftovers\n|upkeep\n|turn|8\n|\n|t:|1782808365\n|move|p1a: Swalot|Knock Off|p2a: Bronzong\n|-supereffective|p2a: Bronzong\n|-damage|p2a: Bronzong|7/261\n|move|p2a: Bronzong|Psychic Noise|p1a: Swalot\n|-supereffective|p1a: Swalot\n|-damage|p1a: Swalot|0 fnt\n|faint|p1a: Swalot\n|\n|upkeep\n|\n|t:|1782808377\n|switch|p1a: Cryogonal|Cryogonal, L89|287/287\n|turn|9\n|\n|t:|1782808381\n|move|p1a: Cryogonal|Freeze-Dry|p2a: Bronzong\n|-resisted|p2a: Bronzong\n|-damage|p2a: Bronzong|0 fnt\n|faint|p2a: Bronzong\n|\n|upkeep\n|\n|t:|1782808385\n|switch|p2a: Vigoroth|Vigoroth, L85, M|275/275\n|turn|10\n|\n|t:|1782808401\n|switch|p1a: Hatterene|Hatterene, L85, F|41/236\n|move|p2a: Vigoroth|Body Slam|p1a: Hatterene\n|-damage|p1a: Hatterene|0 fnt\n|faint|p1a: Hatterene\n|\n|upkeep\n|\n|t:|1782808403\n|switch|p1a: Kommo-o|Kommo-o, L78, F|245/245\n|turn|11\n|\n|t:|1782808407\n|move|p2a: Vigoroth|Bulk Up|p2a: Vigoroth\n|-boost|p2a: Vigoroth|atk|1\n|-boost|p2a: Vigoroth|def|1\n|move|p1a: Kommo-o|Swords Dance|p1a: Kommo-o\n|-boost|p1a: Kommo-o|atk|2\n|\n|upkeep\n|turn|12\n|\n|t:|1782808414\n|-terastallize|p2a: Vigoroth|Ground\n|move|p2a: Vigoroth|Bulk Up|p2a: Vigoroth\n|-boost|p2a: Vigoroth|atk|1\n|-boost|p2a: Vigoroth|def|1\n|move|p1a: Kommo-o|Scale Shot|p2a: Vigoroth\n|-damage|p2a: Vigoroth|257/275\n|-damage|p2a: Vigoroth|238/275\n|-damage|p2a: Vigoroth|220/275\n|-damage|p2a: Vigoroth|202/275\n|-hitcount|p2a: Vigoroth|4\n|-unboost|p1a: Kommo-o|def|1\n|-boost|p1a: Kommo-o|spe|1\n|\n|upkeep\n|turn|13\n|\n|t:|1782808426\n|move|p1a: Kommo-o|Iron Head|p2a: Vigoroth\n|-damage|p2a: Vigoroth|161/275\n|cant|p2a: Vigoroth|flinch\n|\n|upkeep\n|turn|14\n|\n|t:|1782808431\n|move|p1a: Kommo-o|Close Combat|p2a: Vigoroth\n|-damage|p2a: Vigoroth|73/275\n|-unboost|p1a: Kommo-o|def|1\n|-unboost|p1a: Kommo-o|spd|1\n|move|p2a: Vigoroth|Slack Off|p2a: Vigoroth\n|-heal|p2a: Vigoroth|211/275\n|\n|upkeep\n|turn|15\n|-message|Gaaraks forfeited.\n|\n|win|bakavelique\n", "inputlog": ">version f8ac14003a5f27e1bdc8d8c59608a773c1cb96e5\n>start {\"formatid\":\"gen9randombattle\",\"seed\":\"sodium,8c71e706ad9d5df78c7a01d6643cbdf3\",\"rated\":\"Rated battle\"}\n>player p1 {\"name\":\"Gaaraks\",\"avatar\":\"266\",\"rating\":2040,\"seed\":\"sodium,07287443919a5fc14045d16affe056fe\"}\n>player p2 {\"name\":\"bakavelique\",\"avatar\":\"2\",\"rating\":1983,\"seed\":\"sodium,2541917eb67cd3622eb3164a48926f09\"}\n>p1 move gunkshot\n>p2 move earthpower\n>p1 move gunkshot\n>p2 switch 3\n>p1 move swordsdance\n>p2 move irondefense\n>p1 move knockoff\n>p2 move psychicnoise\n>p1 switch 5\n>p2 move psychicnoise\n>p1 move mysticalfire\n>p2 move ironhead\n>p1 switch 5\n>p2 move ironhead\n>p1 move knockoff\n>p2 move psychicnoise\n>p1 switch 4\n>p1 move freezedry\n>p2 move ironhead\n>p2 switch 5\n>p1 switch 5\n>p2 move bodyslam\n>p1 switch 3\n>p1 move swordsdance\n>p2 move bulkup\n>p1 move scaleshot\n>p2 move bulkup terastallize\n>p1 move ironhead\n>p2 move bodyslam\n>p1 move closecombat\n>p2 move slackoff\n>forcelose p1", "uploadtime": 1782808320, "views": 8, "formatid": "gen9randombattle", "rating": null, "private": 0, "password": null, "player_dets": [{"name": "Gaaraks", "avatar": "266", "rating": 2040, "seed": "sodium,07287443919a5fc14045d16affe056fe"}, {"name": "bakavelique", "avatar": "2", "rating": 1983, "seed": "sodium,2541917eb67cd3622eb3164a48926f09"}], "teams_full": [{"Swalot": {"name": "Swalot", "species": "Swalot", "speciesId": "swalot", "gender": "M", "shiny": false, "level": 90, "moves": ["swordsdance", "earthquake", "knockoff", "gunkshot"], "ability": "Liquid Ooze", "evs": {"hp": 85, "atk": 85, "def": 85, "spa": 85, "spd": 85, "spe": 85}, "ivs": {"hp": 31, "atk": 31, "def": 31, "spa": 31, "spd": 31, "spe": 31}, "item": "Leftovers", "teraType": "Ground", "role": "Bulky Setup", "bvs": {"hp": 100, "atk": 73, "def": 83, "spa": 73, "spd": 83, "spe": 55}, "stats": {"hp": 326, "atk": 183, "def": 201, "spa": 183, "spd": 201, "spe": 150}, "types": ["Poison"]}, "Flapple": {"name": "Flapple", "species": "Flapple", "speciesId": "flapple", "gender": "F", "shiny": false, "level": 88, "moves": ["gravapple", "terablast", "dragondance", "outrage"], "ability": "Hustle", "evs": {"hp": 85, "atk": 85, "def": 85, "spa": 85, "spd": 85, "spe": 85}, "ivs": {"hp": 31, "atk": 31, "def": 31, "spa": 31, "spd": 31, "spe": 31}, "item": "Lum Berry", "teraType": "Fire", "role": "Tera Blast user", "bvs": {"hp": 70, "atk": 110, "def": 80, "spa": 95, "spd": 60, "spe": 70}, "stats": {"hp": 266, "atk": 244, "def": 191, "spa": 217, "spd": 156, "spe": 173}, "types": ["Grass", "Dragon"]}, "Kommo-o": {"name": "Kommo-o", "species": "Kommo-o", "speciesId": "kommoo", "gender": "F", "shiny": false, "level": 78, "moves": ["closecombat", "swordsdance", "scaleshot", "ironhead"], "ability": "Soundproof", "evs": {"hp": 85, "atk": 85, "def": 85, "spa": 85, "spd": 85, "spe": 85}, "ivs": {"hp": 31, "atk": 31, "def": 31, "spa": 31, "spd": 31, "spe": 31}, "item": "Loaded Dice", "teraType": "Steel", "role": "Setup Sweeper", "bvs": {"hp": 75, "atk": 110, "def": 125, "spa": 100, "spd": 105, "spe": 85}, "stats": {"hp": 245, "atk": 217, "def": 240, "spa": 201, "spd": 209, "spe": 178}, "types": ["Dragon", "Fighting"]}, "Cryogonal": {"name": "Cryogonal", "species": "Cryogonal", "speciesId": "cryogonal", "gender": "N", "shiny": false, "level": 89, "moves": ["recover", "rapidspin", "flashcannon", "freezedry"], "ability": "Levitate", "evs": {"hp": 85, "atk": 85, "def": 85, "spa": 85, "spd": 85, "spe": 85}, "ivs": {"hp": 31, "atk": 31, "def": 31, "spa": 31, "spd": 31, "spe": 31}, "item": "Heavy-Duty Boots", "teraType": "Poison", "role": "Bulky Support", "bvs": {"hp": 80, "atk": 50, "def": 50, "spa": 95, "spd": 135, "spe": 105}, "stats": {"hp": 287, "atk": 140, "def": 140, "spa": 220, "spd": 291, "spe": 238}, "types": ["Ice"]}, "Hatterene": {"name": "Hatterene", "species": "Hatterene", "speciesId": "hatterene", "gender": "F", "shiny": false, "level": 85, "moves": ["drainingkiss", "calmmind", "mysticalfire", "psychic"], "ability": "Magic Bounce", "evs": {"hp": 85, "atk": 0, "def": 85, "spa": 85, "spd": 85, "spe": 85}, "ivs": {"hp": 31, "atk": 0, "def": 31, "spa": 31, "spd": 31, "spe": 31}, "item": "Leftovers", "teraType": "Steel", "role": "Bulky Setup", "bvs": {"hp": 57, "atk": 90, "def": 95, "spa": 136, "spd": 103, "spe": 29}, "stats": {"hp": 236, "atk": 158, "def": 210, "spa": 280, "spd": 224, "spe": 98}, "types": ["Psychic", "Fairy"]}, "Electivire": {"name": "Electivire", "species": "Electivire", "speciesId": "electivire", "gender": "M", "shiny": false, "level": 84, "moves": ["supercellslam", "earthquake", "bulkup", "icepunch"], "ability": "Motor Drive", "evs": {"hp": 85, "atk": 85, "def": 85, "spa": 85, "spd": 85, "spe": 85}, "ivs": {"hp": 31, "atk": 31, "def": 31, "spa": 31, "spd": 31, "spe": 31}, "item": "Life Orb", "teraType": "Ground", "role": "Setup Sweeper", "bvs": {"hp": 75, "atk": 123, "def": 67, "spa": 95, "spd": 85, "spe": 95}, "stats": {"hp": 263, "atk": 255, "def": 161, "spa": 208, "spd": 191, "spe": 208}, "types": ["Electric"]}}, {"Kyurem": {"name": "Kyurem", "species": "Kyurem", "speciesId": "kyurem", "gender": "N", "shiny": false, "level": 77, "moves": ["earthpower", "dracometeor", "freezedry", "outrage"], "ability": "Pressure", "evs": {"hp": 85, "atk": 85, "def": 85, "spa": 85, "spd": 85, "spe": 85}, "ivs": {"hp": 31, "atk": 31, "def": 31, "spa": 31, "spd": 31, "spe": 31}, "item": "Heavy-Duty Boots", "teraType": "Ground", "role": "Wallbreaker", "bvs": {"hp": 125, "atk": 130, "def": 90, "spa": 130, "spd": 90, "spe": 95}, "stats": {"hp": 319, "atk": 245, "def": 183, "spa": 245, "spd": 183, "spe": 191}, "types": ["Dragon", "Ice"]}, "Keldeo": {"name": "Keldeo", "species": "Keldeo-Resolute", "speciesId": "keldeoresolute", "gender": "N", "shiny": false, "level": 79, "moves": ["airslash", "secretsword", "flipturn", "hydropump"], "ability": "Justified", "evs": {"hp": 85, "atk": 85, "def": 85, "spa": 85, "spd": 85, "spe": 85}, "ivs": {"hp": 31, "atk": 31, "def": 31, "spa": 31, "spd": 31, "spe": 31}, "item": "Choice Scarf", "teraType": "Fighting", "role": "Fast Attacker", "bvs": {"hp": 91, "atk": 72, "def": 90, "spa": 129, "spd": 90, "spe": 108}, "stats": {"hp": 273, "atk": 159, "def": 188, "spa": 249, "spd": 188, "spe": 216}, "types": ["Water", "Fighting"]}, "Bronzong": {"name": "Bronzong", "species": "Bronzong", "speciesId": "bronzong", "gender": "N", "shiny": false, "level": 88, "moves": ["ironhead", "psychicnoise", "irondefense", "bodypress"], "ability": "Levitate", "evs": {"hp": 85, "atk": 85, "def": 85, "spa": 85, "spd": 85, "spe": 85}, "ivs": {"hp": 31, "atk": 31, "def": 31, "spa": 31, "spd": 31, "spe": 31}, "item": "Leftovers", "teraType": "Fighting", "role": "Bulky Setup", "bvs": {"hp": 67, "atk": 89, "def": 116, "spa": 79, "spd": 116, "spe": 33}, "stats": {"hp": 261, "atk": 207, "def": 254, "spa": 189, "spd": 254, "spe": 108}, "types": ["Steel", "Psychic"]}, "Samurott": {"name": "Samurott", "species": "Samurott", "speciesId": "samurott", "gender": "M", "shiny": false, "level": 88, "moves": ["knockoff", "swordsdance", "aquajet", "liquidation"], "ability": "Torrent", "evs": {"hp": 85, "atk": 85, "def": 85, "spa": 85, "spd": 85, "spe": 85}, "ivs": {"hp": 31, "atk": 31, "def": 31, "spa": 31, "spd": 31, "spe": 31}, "item": "Life Orb", "teraType": "Dark", "role": "Setup Sweeper", "bvs": {"hp": 95, "atk": 100, "def": 85, "spa": 108, "spd": 70, "spe": 70}, "stats": {"hp": 310, "atk": 226, "def": 200, "spa": 240, "spd": 173, "spe": 173}, "types": ["Water"]}, "Vigoroth": {"name": "Vigoroth", "species": "Vigoroth", "speciesId": "vigoroth", "gender": "M", "shiny": false, "level": 85, "moves": ["bodyslam", "bulkup", "slackoff", "earthquake"], "ability": "Vital Spirit", "evs": {"hp": 85, "atk": 85, "def": 85, "spa": 85, "spd": 85, "spe": 85}, "ivs": {"hp": 31, "atk": 31, "def": 31, "spa": 31, "spd": 31, "spe": 31}, "item": "Eviolite", "teraType": "Ground", "role": "Bulky Attacker", "bvs": {"hp": 80, "atk": 80, "def": 80, "spa": 55, "spd": 55, "spe": 90}, "stats": {"hp": 275, "atk": 185, "def": 185, "spa": 142, "spd": 142, "spe": 202}, "types": ["Normal"]}, "Lugia": {"name": "Lugia", "species": "Lugia", "speciesId": "lugia", "gender": "N", "shiny": false, "level": 73, "moves": ["recover", "aeroblast", "calmmind", "earthpower"], "ability": "Multiscale", "evs": {"hp": 85, "atk": 0, "def": 85, "spa": 85, "spd": 85, "spe": 85}, "ivs": {"hp": 31, "atk": 0, "def": 31, "spa": 31, "spd": 31, "spe": 31}, "item": "Heavy-Duty Boots", "teraType": "Steel", "role": "Bulky Setup", "bvs": {"hp": 106, "atk": 90, "def": 130, "spa": 90, "spd": 154, "spe": 110}, "stats": {"hp": 275, "atk": 136, "def": 232, "spa": 174, "spd": 267, "spe": 203}, "types": ["Psychic", "Flying"]}}]}