{"id": "gen9randombattle-2641640420", "format": "[Gen 9] Random Battle", "players": ["forbidden_child-", "Doidolino"], "log": "|j|\u2606forbidden_child-\n|j|\u2606Doidolino\n|t:|1782823381\n|gametype|singles\n|player|p1|forbidden_child-|plasmagrunt|1313\n|player|p2|Doidolino|2|1299\n|gen|9\n|tier|[Gen 9] Random Battle\n|rated|\n|rule|Species Clause: Limit one of each Pok\u00e9mon\n|rule|HP Percentage Mod: HP is shown in percentages\n|rule|Sleep Clause Mod: Limit one foe put to sleep\n|rule|Illusion Level Mod: Illusion disguises the Pok\u00e9mon's true level\n|\n|t:|1782823381\n|teamsize|p1|6\n|teamsize|p2|6\n|start\n|switch|p1a: Krookodile|Krookodile, L79, F|280/280\n|switch|p2a: Gastrodon|Gastrodon, L86, M|331/331\n|-ability|p1a: Krookodile|Intimidate|boost\n|-unboost|p2a: Gastrodon|atk|1\n|turn|1\n|\n|t:|1782823393\n|switch|p1a: Toxapex|Toxapex, L82, M|216/216\n|move|p2a: Gastrodon|Surf|p1a: Toxapex\n|-resisted|p1a: Toxapex\n|-crit|p1a: Toxapex\n|-damage|p1a: Toxapex|164/216\n|\n|-heal|p1a: Toxapex|177/216|[from] item: Leftovers\n|upkeep\n|turn|2\n|\n|t:|1782823408\n|move|p2a: Gastrodon|Earthquake|p1a: Toxapex\n|-supereffective|p1a: Toxapex\n|-damage|p1a: Toxapex|85/216\n|move|p1a: Toxapex|Toxic|p2a: Gastrodon\n|-status|p2a: Gastrodon|tox\n|\n|-heal|p1a: Toxapex|98/216|[from] item: Leftovers\n|-damage|p2a: Gastrodon|311/331 tox|[from] psn\n|upkeep\n|turn|3\n|\n|t:|1782823420\n|move|p2a: Gastrodon|Earthquake|p1a: Toxapex\n|-supereffective|p1a: Toxapex\n|-damage|p1a: Toxapex|12/216\n|move|p1a: Toxapex|Recover|p1a: Toxapex\n|-heal|p1a: Toxapex|120/216\n|\n|-heal|p2a: Gastrodon|331/331 tox|[from] item: Leftovers\n|-heal|p1a: Toxapex|133/216|[from] item: Leftovers\n|-damage|p2a: Gastrodon|291/331 tox|[from] psn\n|upkeep\n|turn|4\n|\n|t:|1782823426\n|switch|p1a: Toucannon|Toucannon, L88, M|284/284\n|move|p2a: Gastrodon|Earthquake|p1a: Toucannon\n|-immune|p1a: Toucannon\n|\n|-heal|p2a: Gastrodon|311/331 tox|[from] item: Leftovers\n|-damage|p2a: Gastrodon|251/331 tox|[from] psn\n|upkeep\n|turn|5\n|\n|t:|1782823432\n|switch|p2a: Chimecho|Chimecho, L93, F|290/290\n|move|p1a: Toucannon|Bullet Seed|p2a: Chimecho\n|-damage|p2a: Chimecho|269/290\n|-damage|p2a: Chimecho|245/290\n|-damage|p2a: Chimecho|223/290\n|-damage|p2a: Chimecho|200/290\n|-damage|p2a: Chimecho|178/290\n|-hitcount|p2a: Chimecho|5\n|\n|-heal|p2a: Chimecho|196/290|[from] item: Leftovers\n|upkeep\n|turn|6\n|\n|t:|1782823449\n|-singleturn|p1a: Toucannon|move: Beak Blast\n|move|p2a: Chimecho|Thunder Wave|p1a: Toucannon\n|-status|p1a: Toucannon|par\n|move|p1a: Toucannon|Beak Blast|p2a: Chimecho\n|-damage|p2a: Chimecho|63/290\n|\n|-heal|p2a: Chimecho|81/290|[from] item: Leftovers\n|upkeep\n|turn|7\n|\n|t:|1782823462\n|move|p2a: Chimecho|Recover|p2a: Chimecho\n|-heal|p2a: Chimecho|226/290\n|move|p1a: Toucannon|Boomburst|p2a: Chimecho\n|-damage|p2a: Chimecho|102/290\n|\n|-heal|p2a: Chimecho|120/290|[from] item: Leftovers\n|upkeep\n|turn|8\n|\n|t:|1782823470\n|switch|p1a: Krookodile|Krookodile, L79, F|280/280\n|-ability|p1a: Krookodile|Intimidate|boost\n|-unboost|p2a: Chimecho|atk|1\n|move|p2a: Chimecho|Recover|p2a: Chimecho\n|-heal|p2a: Chimecho|265/290\n|\n|-heal|p2a: Chimecho|283/290|[from] item: Leftovers\n|upkeep\n|turn|9\n|\n|t:|1782823478\n|switch|p2a: Mandibuzz|Mandibuzz, L85, F|326/326\n|move|p1a: Krookodile|Knock Off|p2a: Mandibuzz\n|-resisted|p2a: Mandibuzz\n|-damage|p2a: Mandibuzz|264/326\n|-enditem|p2a: Mandibuzz|Heavy-Duty Boots|[from] move: Knock Off|[of] p1a: Krookodile\n|-damage|p1a: Krookodile|252/280|[from] item: Life Orb\n|\n|upkeep\n|turn|10\n|\n|t:|1782823489\n|move|p1a: Krookodile|Stealth Rock|p2a: Mandibuzz\n|-sidestart|p2: Doidolino|move: Stealth Rock\n|move|p2a: Mandibuzz|Toxic|p1a: Krookodile\n|-status|p1a: Krookodile|tox\n|\n|-damage|p1a: Krookodile|235/280 tox|[from] psn\n|upkeep\n|turn|11\n|\n|t:|1782823501\n|switch|p1a: Toucannon|Toucannon, L88, M|284/284 par\n|move|p2a: Mandibuzz|Foul Play|p1a: Toucannon\n|-damage|p1a: Toucannon|145/284 par\n|\n|upkeep\n|turn|12\n|\n|t:|1782823508\n|-singleturn|p1a: Toucannon|move: Beak Blast\n|move|p2a: Mandibuzz|Foul Play|p1a: Toucannon\n|-damage|p1a: Toucannon|12/284 par\n|-status|p2a: Mandibuzz|brn\n|move|p1a: Toucannon|Beak Blast|p2a: Mandibuzz\n|-damage|p2a: Mandibuzz|141/326 brn\n|\n|-damage|p2a: Mandibuzz|121/326 brn|[from] brn\n|upkeep\n|turn|13\n|\n|t:|1782823520\n|move|p2a: Mandibuzz|Foul Play|p1a: Toucannon\n|-damage|p1a: Toucannon|0 fnt\n|faint|p1a: Toucannon\n|\n|-damage|p2a: Mandibuzz|101/326 brn|[from] brn\n|upkeep\n|\n|t:|1782823525\n|switch|p1a: Volcarona|Volcarona, L77, F|257/257\n|turn|14\n|\n|t:|1782823534\n|move|p1a: Volcarona|Quiver Dance|p1a: Volcarona\n|-boost|p1a: Volcarona|spa|1\n|-boost|p1a: Volcarona|spd|1\n|-boost|p1a: Volcarona|spe|1\n|move|p2a: Mandibuzz|Roost|p2a: Mandibuzz\n|-heal|p2a: Mandibuzz|264/326 brn\n|-singleturn|p2a: Mandibuzz|move: Roost\n|\n|-damage|p2a: Mandibuzz|244/326 brn|[from] brn\n|upkeep\n|turn|15\n|\n|t:|1782823541\n|move|p1a: Volcarona|Quiver Dance|p1a: Volcarona\n|-boost|p1a: Volcarona|spa|1\n|-boost|p1a: Volcarona|spd|1\n|-boost|p1a: Volcarona|spe|1\n|move|p2a: Mandibuzz|Foul Play|p1a: Volcarona\n|-damage|p1a: Volcarona|225/257\n|\n|-damage|p2a: Mandibuzz|224/326 brn|[from] brn\n|upkeep\n|turn|16\n|\n|t:|1782823548\n|move|p1a: Volcarona|Quiver Dance|p1a: Volcarona\n|-boost|p1a: Volcarona|spa|1\n|-boost|p1a: Volcarona|spd|1\n|-boost|p1a: Volcarona|spe|1\n|move|p2a: Mandibuzz|Defog|p1a: Volcarona\n|-unboost|p1a: Volcarona|evasion|1\n|-sideend|p2: Doidolino|Stealth Rock|[from] move: Defog|[of] p2a: Mandibuzz\n|\n|-damage|p2a: Mandibuzz|204/326 brn|[from] brn\n|upkeep\n|turn|17\n|\n|t:|1782823560\n|move|p1a: Volcarona|Quiver Dance|p1a: Volcarona\n|-boost|p1a: Volcarona|spa|1\n|-boost|p1a: Volcarona|spd|1\n|-boost|p1a: Volcarona|spe|1\n|move|p2a: Mandibuzz|Foul Play|p1a: Volcarona\n|-damage|p1a: Volcarona|193/257\n|\n|-damage|p2a: Mandibuzz|184/326 brn|[from] brn\n|upkeep\n|turn|18\n|\n|t:|1782823567\n|move|p1a: Volcarona|Quiver Dance|p1a: Volcarona\n|-boost|p1a: Volcarona|spa|1\n|-boost|p1a: Volcarona|spd|1\n|-boost|p1a: Volcarona|spe|1\n|move|p2a: Mandibuzz|Foul Play|p1a: Volcarona\n|-damage|p1a: Volcarona|163/257\n|\n|-damage|p2a: Mandibuzz|164/326 brn|[from] brn\n|upkeep\n|turn|19\n|\n|t:|1782823574\n|move|p1a: Volcarona|Bug Buzz|p2a: Mandibuzz\n|-damage|p2a: Mandibuzz|0 fnt\n|faint|p2a: Mandibuzz\n|\n|upkeep\n|\n|t:|1782823583\n|switch|p2a: Chimecho|Chimecho, L93, F|283/290\n|turn|20\n|\n|t:|1782823586\n|move|p1a: Volcarona|Bug Buzz|p2a: Chimecho\n|-supereffective|p2a: Chimecho\n|-damage|p2a: Chimecho|0 fnt\n|faint|p2a: Chimecho\n|\n|upkeep\n|\n|t:|1782823589\n|switch|p2a: Arceus|Arceus-Ghost, L69|280/280\n|turn|21\n|\n|t:|1782823594\n|move|p1a: Volcarona|Fiery Dance|p2a: Arceus\n|-damage|p2a: Arceus|0 fnt\n|-boost|p1a: Volcarona|spa|1\n|faint|p2a: Arceus\n|\n|upkeep\n|\n|t:|1782823599\n|switch|p2a: Gastrodon|Gastrodon, L86, M|251/331 tox\n|turn|22\n|\n|t:|1782823602\n|-terastallize|p1a: Volcarona|Water\n|move|p1a: Volcarona|Bug Buzz|p2a: Gastrodon\n|-damage|p2a: Gastrodon|0 fnt\n|faint|p2a: Gastrodon\n|\n|upkeep\n|\n|t:|1782823607\n|switch|p2a: Chien-Pao|Chien-Pao, L72|234/234\n|-ability|p2a: Chien-Pao|Sword of Ruin\n|turn|23\n|\n|t:|1782823612\n|move|p1a: Volcarona|Fiery Dance|p2a: Chien-Pao\n|-supereffective|p2a: Chien-Pao\n|-damage|p2a: Chien-Pao|0 fnt\n|faint|p2a: Chien-Pao\n|\n|upkeep\n|\n|t:|1782823616\n|switch|p2a: Sneasler|Sneasler, L74, F|240/240\n|turn|24\n|\n|t:|1782823619\n|move|p1a: Volcarona|Fiery Dance|p2a: Sneasler\n|-damage|p2a: Sneasler|0 fnt\n|faint|p2a: Sneasler\n|\n|win|forbidden_child-\n|raw|forbidden_child-'s rating: 1313 &rarr; <strong>1332</strong><br />(+19 for winning)\n|raw|Doidolino's rating: 1299 &rarr; <strong>1275</strong><br />(-24 for losing)\n|l|\u2606Doidolino\n|player|p2|\n|c|\u2606forbidden_child-|Gg\n", "inputlog": ">version f8ac14003a5f27e1bdc8d8c59608a773c1cb96e5\n>start {\"formatid\":\"gen9randombattle\",\"seed\":\"sodium,64f997ddd43f331d6f1757fdc0f2ebec\",\"rated\":\"Rated battle\"}\n>player p1 {\"name\":\"forbidden_child-\",\"avatar\":\"plasmagrunt\",\"rating\":1313,\"seed\":\"sodium,34497bd57635d06e493cc74d514268a7\"}\n>player p2 {\"name\":\"Doidolino\",\"avatar\":\"2\",\"rating\":1299,\"seed\":\"sodium,9974d6df5d4db965cf8a7869ec5a8bb9\"}\n>p1 switch 4\n>p2 move surf\n>p1 move toxic\n>p2 move earthquake\n>p1 move recover\n>p2 move earthquake\n>p1 switch 3\n>p2 move earthquake\n>p1 move bulletseed\n>p2 switch 6\n>p1 move beakblast\n>p2 move thunderwave\n>p1 move boomburst\n>p2 move recover\n>p1 switch 4\n>p2 move recover\n>p1 move knockoff\n>p2 switch 3\n>p1 move stealthrock\n>p2 move toxic\n>p1 switch 4\n>p2 move foulplay\n>p1 move beakblast\n>p2 move foulplay\n>p1 move roost\n>p2 move foulplay\n>p1 switch 6\n>p1 move quiverdance\n>p2 move roost\n>p1 move quiverdance\n>p2 move foulplay\n>p1 move quiverdance\n>p2 move defog\n>p1 move quiverdance\n>p2 move foulplay\n>p1 move quiverdance\n>p2 move foulplay\n>p1 move bugbuzz\n>p2 move foulplay\n>p2 switch 3\n>p1 move bugbuzz\n>p2 move thunderwave\n>p2 switch 5\n>p1 move fierydance\n>p2 move judgment\n>p2 switch 6\n>p1 move bugbuzz terastallize\n>p2 move surf\n>p2 switch 4\n>p1 move fierydance\n>p2 move sacredsword\n>p2 switch 2\n>p1 move fierydance\n>p2 move acrobatics", "uploadtime": 1782823628, "views": 4, "formatid": "gen9randombattle", "rating": 1275, "private": 0, "password": null, "player_dets": [{"name": "forbidden_child-", "avatar": "plasmagrunt", "rating": 1313, "seed": "sodium,34497bd57635d06e493cc74d514268a7"}, {"name": "Doidolino", "avatar": "2", "rating": 1299, "seed": "sodium,9974d6df5d4db965cf8a7869ec5a8bb9"}], "teams_full": [{"Krookodile": {"name": "Krookodile", "species": "Krookodile", "speciesId": "krookodile", "gender": "F", "shiny": false, "level": 79, "moves": ["stealthrock", "knockoff", "gunkshot", "earthquake"], "ability": "Intimidate", "evs": {"hp": 85, "atk": 85, "def": 85, "spa": 85, "spd": 85, "spe": 85}, "ivs": {"hp": 31, "atk": 31, "def": 31, "spa": 31, "spd": 31, "spe": 31}, "item": "Life Orb", "teraType": "Ground", "role": "Fast Attacker", "bvs": {"hp": 95, "atk": 117, "def": 80, "spa": 65, "spd": 70, "spe": 92}, "stats": {"hp": 280, "atk": 230, "def": 172, "spa": 148, "spd": 156, "spe": 191}, "types": ["Ground", "Dark"]}, "Kommo-o": {"name": "Kommo-o", "species": "Kommo-o", "speciesId": "kommoo", "gender": "F", "shiny": false, "level": 78, "moves": ["scaleshot", "ironhead", "closecombat", "swordsdance"], "ability": "Soundproof", "evs": {"hp": 85, "atk": 85, "def": 85, "spa": 85, "spd": 85, "spe": 85}, "ivs": {"hp": 31, "atk": 31, "def": 31, "spa": 31, "spd": 31, "spe": 31}, "item": "Loaded Dice", "teraType": "Steel", "role": "Setup Sweeper", "bvs": {"hp": 75, "atk": 110, "def": 125, "spa": 100, "spd": 105, "spe": 85}, "stats": {"hp": 245, "atk": 217, "def": 240, "spa": 201, "spd": 209, "spe": 178}, "types": ["Dragon", "Fighting"]}, "Toucannon": {"name": "Toucannon", "species": "Toucannon", "speciesId": "toucannon", "gender": "M", "shiny": false, "level": 88, "moves": ["bulletseed", "boomburst", "roost", "beakblast"], "ability": "Skill Link", "evs": {"hp": 85, "atk": 85, "def": 85, "spa": 85, "spd": 85, "spe": 85}, "ivs": {"hp": 31, "atk": 31, "def": 31, "spa": 31, "spd": 31, "spe": 31}, "item": "Heavy-Duty Boots", "teraType": "Steel", "role": "Bulky Support", "bvs": {"hp": 80, "atk": 120, "def": 75, "spa": 75, "spd": 75, "spe": 60}, "stats": {"hp": 284, "atk": 261, "def": 182, "spa": 182, "spd": 182, "spe": 156}, "types": ["Normal", "Flying"]}, "Toxapex": {"name": "Toxapex", "species": "Toxapex", "speciesId": "toxapex", "gender": "M", "shiny": false, "level": 82, "moves": ["liquidation", "toxic", "recover", "haze"], "ability": "Regenerator", "evs": {"hp": 85, "atk": 85, "def": 85, "spa": 85, "spd": 85, "spe": 85}, "ivs": {"hp": 31, "atk": 31, "def": 31, "spa": 31, "spd": 31, "spe": 31}, "item": "Leftovers", "teraType": "Flying", "role": "Bulky Support", "bvs": {"hp": 50, "atk": 63, "def": 152, "spa": 53, "spd": 142, "spe": 35}, "stats": {"hp": 216, "atk": 150, "def": 296, "spa": 134, "spd": 280, "spe": 105}, "types": ["Poison", "Water"]}, "Deoxys": {"name": "Deoxys", "species": "Deoxys-Attack", "speciesId": "deoxysattack", "gender": "N", "shiny": false, "level": 72, "moves": ["extremespeed", "knockoff", "superpower", "psychoboost"], "ability": "Pressure", "evs": {"hp": 85, "atk": 85, "def": 85, "spa": 85, "spd": 85, "spe": 85}, "ivs": {"hp": 31, "atk": 31, "def": 31, "spa": 31, "spd": 31, "spe": 31}, "item": "Life Orb", "teraType": "Dark", "role": "Fast Attacker", "bvs": {"hp": 50, "atk": 180, "def": 20, "spa": 180, "spd": 20, "spe": 150}, "stats": {"hp": 191, "atk": 301, "def": 71, "spa": 301, "spd": 71, "spe": 258}, "types": ["Psychic"]}, "Volcarona": {"name": "Volcarona", "species": "Volcarona", "speciesId": "volcarona", "gender": "F", "shiny": false, "level": 77, "moves": ["quiverdance", "bugbuzz", "terablast", "fierydance"], "ability": "Swarm", "evs": {"hp": 85, "atk": 0, "def": 85, "spa": 85, "spd": 85, "spe": 85}, "ivs": {"hp": 31, "atk": 0, "def": 31, "spa": 31, "spd": 31, "spe": 31}, "item": "Heavy-Duty Boots", "teraType": "Water", "role": "Tera Blast user", "bvs": {"hp": 85, "atk": 60, "def": 65, "spa": 135, "spd": 105, "spe": 100}, "stats": {"hp": 257, "atk": 97, "def": 145, "spa": 252, "spd": 206, "spe": 199}, "types": ["Bug", "Fire"]}}, {"Gastrodon": {"name": "Gastrodon", "species": "Gastrodon", "speciesId": "gastrodon", "gender": "M", "shiny": false, "level": 86, "moves": ["sludgebomb", "surf", "recover", "earthquake"], "ability": "Storm Drain", "evs": {"hp": 85, "atk": 85, "def": 85, "spa": 85, "spd": 85, "spe": 85}, "ivs": {"hp": 31, "atk": 31, "def": 31, "spa": 31, "spd": 31, "spe": 31}, "item": "Leftovers", "teraType": "Poison", "role": "Bulky Support", "bvs": {"hp": 111, "atk": 83, "def": 68, "spa": 92, "spd": 82, "spe": 39}, "stats": {"hp": 331, "atk": 192, "def": 166, "spa": 207, "spd": 190, "spe": 116}, "types": ["Water", "Ground"]}, "Sneasler": {"name": "Sneasler", "species": "Sneasler", "speciesId": "sneasler", "gender": "F", "shiny": false, "level": 74, "moves": ["closecombat", "acrobatics", "swordsdance", "gunkshot"], "ability": "Unburden", "evs": {"hp": 85, "atk": 85, "def": 85, "spa": 85, "spd": 85, "spe": 85}, "ivs": {"hp": 31, "atk": 31, "def": 31, "spa": 31, "spd": 31, "spe": 31}, "item": "White Herb", "teraType": "Flying", "role": "Setup Sweeper", "bvs": {"hp": 80, "atk": 130, "def": 60, "spa": 40, "spd": 80, "spe": 120}, "stats": {"hp": 240, "atk": 235, "def": 132, "spa": 102, "spd": 161, "spe": 221}, "types": ["Fighting", "Poison"]}, "Mandibuzz": {"name": "Mandibuzz", "species": "Mandibuzz", "speciesId": "mandibuzz", "gender": "F", "shiny": false, "level": 85, "moves": ["foulplay", "defog", "toxic", "roost"], "ability": "Overcoat", "evs": {"hp": 85, "atk": 0, "def": 85, "spa": 85, "spd": 85, "spe": 85}, "ivs": {"hp": 31, "atk": 0, "def": 31, "spa": 31, "spd": 31, "spe": 31}, "item": "Heavy-Duty Boots", "teraType": "Steel", "role": "Bulky Support", "bvs": {"hp": 110, "atk": 65, "def": 105, "spa": 55, "spd": 95, "spe": 80}, "stats": {"hp": 326, "atk": 115, "def": 227, "spa": 142, "spd": 210, "spe": 185}, "types": ["Dark", "Flying"]}, "Chien-Pao": {"name": "Chien-Pao", "species": "Chien-Pao", "speciesId": "chienpao", "gender": "N", "shiny": false, "level": 72, "moves": ["throatchop", "iciclecrash", "iceshard", "sacredsword"], "ability": "Sword of Ruin", "evs": {"hp": 85, "atk": 85, "def": 85, "spa": 85, "spd": 85, "spe": 85}, "ivs": {"hp": 31, "atk": 31, "def": 31, "spa": 31, "spd": 31, "spe": 31}, "item": "Choice Band", "teraType": "Fighting", "role": "Wallbreaker", "bvs": {"hp": 80, "atk": 120, "def": 80, "spa": 90, "spd": 65, "spe": 135}, "stats": {"hp": 234, "atk": 215, "def": 157, "spa": 172, "spd": 136, "spe": 236}, "types": ["Dark", "Ice"]}, "Arceus": {"name": "Arceus", "species": "Arceus-Ghost", "speciesId": "arceusghost", "gender": "N", "shiny": false, "level": 69, "moves": ["focusblast", "willowisp", "recover", "judgment"], "ability": "Multitype", "evs": {"hp": 85, "atk": 0, "def": 85, "spa": 85, "spd": 85, "spe": 85}, "ivs": {"hp": 31, "atk": 0, "def": 31, "spa": 31, "spd": 31, "spe": 31}, "item": "Spooky Plate", "teraType": "Dark", "role": "Bulky Attacker", "bvs": {"hp": 120, "atk": 120, "def": 120, "spa": 120, "spd": 120, "spe": 120}, "stats": {"hp": 280, "atk": 170, "def": 206, "spa": 206, "spd": 206, "spe": 206}, "types": ["Ghost"]}, "Chimecho": {"name": "Chimecho", "species": "Chimecho", "speciesId": "chimecho", "gender": "F", "shiny": false, "level": 93, "moves": ["psychicnoise", "thunderwave", "recover", "healbell"], "ability": "Levitate", "evs": {"hp": 85, "atk": 0, "def": 85, "spa": 85, "spd": 85, "spe": 85}, "ivs": {"hp": 31, "atk": 0, "def": 31, "spa": 31, "spd": 31, "spe": 31}, "item": "Leftovers", "teraType": "Dark", "role": "Bulky Support", "bvs": {"hp": 75, "atk": 50, "def": 80, "spa": 95, "spd": 90, "spe": 65}, "stats": {"hp": 290, "atk": 98, "def": 202, "spa": 230, "spd": 220, "spe": 174}, "types": ["Psychic"]}}]}