{"id": "gen9randombattle-2641522825", "format": "[Gen 9] Random Battle", "players": ["Smucky", "Seit417"], "log": "|badge|p2|bronze|gen9nu|100-9\n|uhtml|medal-msg|<div class=\"broadcast-blue\">Curious what those medals under the avatar are? PS now has Ladder Seasons! For more information, check out the <a href=\"https://www.smogon.com/forums/threads/3740067/\">thread on Smogon.</a></div>\n|j|\u2606Smucky\n|j|\u2606Seit417\n|t:|1782800111\n|gametype|singles\n|player|p1|Smucky|cynthia-gen7|2208\n|player|p2|Seit417|burglar|2303\n|gen|9\n|tier|[Gen 9] Random Battle\n|rated|\n|rule|Species Clause: Limit one of each Pok\u00e9mon\n|rule|HP Percentage Mod: HP is shown in percentages\n|rule|Sleep Clause Mod: Limit one foe put to sleep\n|rule|Illusion Level Mod: Illusion disguises the Pok\u00e9mon's true level\n|\n|t:|1782800111\n|teamsize|p1|6\n|teamsize|p2|6\n|start\n|switch|p1a: Dondozo|Dondozo, L78, F|362/362\n|switch|p2a: Brute Bonnet|Brute Bonnet, L80|309/309\n|turn|1\n|\n|t:|1782800138\n|switch|p1a: Leafeon|Leafeon, L88, F|258/258\n|move|p2a: Brute Bonnet|Crunch|p1a: Leafeon\n|-damage|p1a: Leafeon|185/258\n|\n|-heal|p1a: Leafeon|201/258|[from] item: Leftovers\n|upkeep\n|turn|2\n|inactive|Battle timer is ON: inactive players will automatically lose when time's up. (requested by Seit417)\n|\n|t:|1782800152\n|-end|p2a: Brute Bonnet|Protosynthesis|[silent]\n|switch|p2a: Scizor|Scizor, L79, F|240/240\n|move|p1a: Leafeon|Substitute|p1a: Leafeon\n|-start|p1a: Leafeon|Substitute\n|-damage|p1a: Leafeon|137/258\n|\n|-heal|p1a: Leafeon|153/258|[from] item: Leftovers\n|upkeep\n|turn|3\n|\n|t:|1782800163\n|move|p1a: Leafeon|Double-Edge|p2a: Scizor\n|-resisted|p2a: Scizor\n|-damage|p2a: Scizor|187/240\n|-damage|p1a: Leafeon|136/258|[from] Recoil\n|move|p2a: Scizor|U-turn|p1a: Leafeon\n|-supereffective|p1a: Leafeon\n|-end|p1a: Leafeon|Substitute\n|\n|t:|1782800182\n|switch|p2a: Deoxys|Deoxys-Speed, L82|216/216|[from] U-turn\n|-ability|p2a: Deoxys|Pressure\n|\n|-heal|p1a: Leafeon|152/258|[from] item: Leftovers\n|upkeep\n|turn|4\n|\n|t:|1782800188\n|switch|p1a: Gholdengo|Gholdengo, L77|261/261\n|move|p2a: Deoxys|Psycho Boost|p1a: Gholdengo\n|-resisted|p1a: Gholdengo\n|-damage|p1a: Gholdengo|173/261\n|-unboost|p2a: Deoxys|spa|2\n|-damage|p2a: Deoxys|195/216|[from] item: Life Orb\n|\n|-heal|p1a: Gholdengo|189/261|[from] item: Leftovers\n|upkeep\n|turn|5\n|\n|t:|1782800215\n|switch|p2a: Brute Bonnet|Brute Bonnet, L80|309/309\n|move|p1a: Gholdengo|Shadow Ball|p2a: Brute Bonnet\n|-resisted|p2a: Brute Bonnet\n|-damage|p2a: Brute Bonnet|264/309\n|\n|-heal|p1a: Gholdengo|205/261|[from] item: Leftovers\n|-heal|p2a: Brute Bonnet|283/309|[from] item: Leftovers\n|upkeep\n|turn|6\n|\n|t:|1782800223\n|switch|p1a: Conkeldurr|Conkeldurr, L80, F|299/299\n|-end|p2a: Brute Bonnet|Protosynthesis|[silent]\n|switch|p2a: Scizor|Scizor, L79, F|187/240\n|\n|-status|p1a: Conkeldurr|brn|[from] item: Flame Orb\n|upkeep\n|turn|7\n|\n|t:|1782800240\n|move|p2a: Scizor|Close Combat|p1a: Conkeldurr\n|-damage|p1a: Conkeldurr|164/299 brn\n|-unboost|p2a: Scizor|def|1\n|-unboost|p2a: Scizor|spd|1\n|move|p1a: Conkeldurr|Close Combat|p2a: Scizor\n|-damage|p2a: Scizor|0 fnt\n|-unboost|p1a: Conkeldurr|def|1\n|-unboost|p1a: Conkeldurr|spd|1\n|faint|p2a: Scizor\n|\n|-damage|p1a: Conkeldurr|146/299 brn|[from] brn\n|upkeep\n|inactive|Seit417 has 120 seconds left.\n|\n|t:|1782800268\n|switch|p2a: Deoxys|Deoxys-Speed, L82|195/216\n|-ability|p2a: Deoxys|Pressure\n|turn|8\n|inactive|Seit417 has 90 seconds left.\n|\n|t:|1782800294\n|switch|p1a: Leafeon|Leafeon, L88, F|152/258\n|move|p2a: Deoxys|Spikes|p1a: Leafeon\n|-sidestart|p1: Smucky|Spikes\n|\n|-heal|p1a: Leafeon|168/258|[from] item: Leftovers\n|upkeep\n|turn|9\n|inactive|Seit417 has 90 seconds left.\n|\n|t:|1782800306\n|move|p2a: Deoxys|Psycho Boost|p1a: Leafeon\n|-damage|p1a: Leafeon|0 fnt\n|-unboost|p2a: Deoxys|spa|2\n|faint|p1a: Leafeon\n|-damage|p2a: Deoxys|174/216|[from] item: Life Orb\n|\n|upkeep\n|\n|t:|1782800310\n|switch|p1a: Ogerpon|Ogerpon, L80, F|259/259\n|-damage|p1a: Ogerpon|227/259|[from] Spikes\n|turn|10\n|inactive|Seit417 has 90 seconds left.\n|\n|t:|1782800331\n|switch|p2a: Avalugg|Avalugg-Hisui, L90, M|317/317\n|move|p1a: Ogerpon|Swords Dance|p1a: Ogerpon\n|-boost|p1a: Ogerpon|atk|2\n|\n|upkeep\n|turn|11\n|inactive|Seit417 has 90 seconds left.\n|\n|t:|1782800355\n|move|p1a: Ogerpon|Ivy Cudgel|p2a: Avalugg\n|-supereffective|p2a: Avalugg\n|-ability|p2a: Avalugg|Sturdy\n|-damage|p2a: Avalugg|1/317\n|-damage|p1a: Ogerpon|202/259|[from] item: Life Orb\n|move|p2a: Avalugg|Avalanche|p1a: Ogerpon\n|-supereffective|p1a: Ogerpon\n|-damage|p1a: Ogerpon|0 fnt\n|faint|p1a: Ogerpon\n|\n|upkeep\n|\n|t:|1782800361\n|switch|p1a: Gholdengo|Gholdengo, L77|205/261\n|-damage|p1a: Gholdengo|173/261|[from] Spikes\n|turn|12\n|\n|t:|1782800374\n|switch|p2a: Brute Bonnet|Brute Bonnet, L80|283/309\n|move|p1a: Gholdengo|Shadow Ball|p2a: Brute Bonnet\n|-resisted|p2a: Brute Bonnet\n|-damage|p2a: Brute Bonnet|238/309\n|\n|-heal|p1a: Gholdengo|189/261|[from] item: Leftovers\n|-heal|p2a: Brute Bonnet|257/309|[from] item: Leftovers\n|upkeep\n|turn|13\n|-message|Smucky forfeited.\n|\n|win|Seit417\n", "inputlog": ">version f8ac14003a5f27e1bdc8d8c59608a773c1cb96e5\n>start {\"formatid\":\"gen9randombattle\",\"seed\":\"sodium,473a6a6a04468775f68a00293b666cd8\",\"rated\":\"Rated battle\"}\n>player p1 {\"name\":\"Smucky\",\"avatar\":\"cynthia-gen7\",\"rating\":2208,\"seed\":\"sodium,462c950afaead410e3e0b1c9b858eb2c\"}\n>player p2 {\"name\":\"Seit417\",\"avatar\":\"burglar\",\"rating\":2303,\"seed\":\"sodium,c88a4552c8e0ff7189675dc94af24864\"}\n>p1 switch 5\n>p2 move crunch\n>p1 move substitute\n>p2 switch 6\n>p1 move doubleedge\n>p2 move uturn\n>p2 switch 2\n>p1 switch 3\n>p2 move psychoboost\n>p1 move shadowball\n>p2 switch 6\n>p1 switch 6\n>p2 switch 2\n>p1 move closecombat\n>p2 move closecombat\n>p2 switch 6\n>p1 switch 3\n>p2 move spikes\n>p1 move doubleedge\n>p2 move psychoboost\n>p1 switch 2\n>p1 move swordsdance\n>p2 switch 3\n>p1 move ivycudgel\n>p2 move avalanche\n>p1 switch 6\n>p1 move shadowball\n>p2 switch 2\n>forcelose p1", "uploadtime": 1782800113, "views": 3, "formatid": "gen9randombattle", "rating": null, "private": 0, "password": null, "player_dets": [{"name": "Smucky", "avatar": "cynthia-gen7", "rating": 2208, "seed": "sodium,462c950afaead410e3e0b1c9b858eb2c"}, {"name": "Seit417", "avatar": "burglar", "rating": 2303, "seed": "sodium,c88a4552c8e0ff7189675dc94af24864"}], "teams_full": [{"Dondozo": {"name": "Dondozo", "species": "Dondozo", "speciesId": "dondozo", "gender": "F", "shiny": false, "level": 78, "moves": ["rest", "wavecrash", "curse", "sleeptalk"], "ability": "Unaware", "evs": {"hp": 85, "atk": 85, "def": 85, "spa": 85, "spd": 85, "spe": 85}, "ivs": {"hp": 31, "atk": 31, "def": 31, "spa": 31, "spd": 31, "spe": 31}, "item": "Leftovers", "teraType": "Fairy", "role": "Bulky Setup", "bvs": {"hp": 150, "atk": 100, "def": 115, "spa": 65, "spd": 65, "spe": 35}, "stats": {"hp": 362, "atk": 201, "def": 224, "spa": 146, "spd": 146, "spe": 100}, "types": ["Water"]}, "Ogerpon": {"name": "Ogerpon", "species": "Ogerpon", "speciesId": "ogerpon", "gender": "F", "shiny": false, "level": 80, "moves": ["ivycudgel", "swordsdance", "knockoff", "superpower"], "ability": "Defiant", "evs": {"hp": 85, "atk": 85, "def": 85, "spa": 85, "spd": 85, "spe": 85}, "ivs": {"hp": 31, "atk": 31, "def": 31, "spa": 31, "spd": 31, "spe": 31}, "item": "Life Orb", "teraType": "Grass", "role": "Setup Sweeper", "bvs": {"hp": 80, "atk": 120, "def": 84, "spa": 60, "spd": 96, "spe": 110}, "stats": {"hp": 259, "atk": 238, "def": 181, "spa": 142, "spd": 200, "spe": 222}, "types": ["Grass"]}, "Gholdengo": {"name": "Gholdengo", "species": "Gholdengo", "speciesId": "gholdengo", "gender": "N", "shiny": false, "level": 77, "moves": ["recover", "shadowball", "makeitrain", "thunderwave"], "ability": "Good as Gold", "evs": {"hp": 85, "atk": 0, "def": 85, "spa": 85, "spd": 85, "spe": 85}, "ivs": {"hp": 31, "atk": 0, "def": 31, "spa": 31, "spd": 31, "spe": 31}, "item": "Leftovers", "teraType": "Water", "role": "Bulky Support", "bvs": {"hp": 87, "atk": 60, "def": 95, "spa": 133, "spd": 91, "spe": 84}, "stats": {"hp": 261, "atk": 97, "def": 191, "spa": 249, "spd": 185, "spe": 174}, "types": ["Steel", "Ghost"]}, "Palkia": {"name": "Palkia", "species": "Palkia-Origin", "speciesId": "palkiaorigin", "gender": "N", "shiny": false, "level": 72, "moves": ["thunderwave", "hydropump", "spacialrend", "fireblast"], "ability": "Pressure", "evs": {"hp": 85, "atk": 0, "def": 85, "spa": 85, "spd": 85, "spe": 85}, "ivs": {"hp": 31, "atk": 0, "def": 31, "spa": 31, "spd": 31, "spe": 31}, "item": "Lustrous Globe", "teraType": "Fire", "role": "Bulky Attacker", "bvs": {"hp": 90, "atk": 100, "def": 100, "spa": 150, "spd": 120, "spe": 120}, "stats": {"hp": 249, "atk": 149, "def": 186, "spa": 258, "spd": 215, "spe": 215}, "types": ["Water", "Dragon"]}, "Leafeon": {"name": "Leafeon", "species": "Leafeon", "speciesId": "leafeon", "gender": "F", "shiny": false, "level": 88, "moves": ["swordsdance", "doubleedge", "substitute", "leafblade"], "ability": "Chlorophyll", "evs": {"hp": 85, "atk": 85, "def": 85, "spa": 85, "spd": 85, "spe": 85}, "ivs": {"hp": 31, "atk": 31, "def": 31, "spa": 31, "spd": 31, "spe": 31}, "item": "Leftovers", "teraType": "Normal", "role": "Setup Sweeper", "bvs": {"hp": 65, "atk": 110, "def": 130, "spa": 60, "spd": 65, "spe": 95}, "stats": {"hp": 258, "atk": 244, "def": 279, "spa": 156, "spd": 165, "spe": 217}, "types": ["Grass"]}, "Conkeldurr": {"name": "Conkeldurr", "species": "Conkeldurr", "speciesId": "conkeldurr", "gender": "F", "shiny": false, "level": 80, "moves": ["closecombat", "machpunch", "knockoff", "facade"], "ability": "Guts", "evs": {"hp": 85, "atk": 85, "def": 85, "spa": 85, "spd": 85, "spe": 85}, "ivs": {"hp": 31, "atk": 31, "def": 31, "spa": 31, "spd": 31, "spe": 31}, "item": "Flame Orb", "teraType": "Normal", "role": "Wallbreaker", "bvs": {"hp": 105, "atk": 140, "def": 95, "spa": 55, "spd": 65, "spe": 45}, "stats": {"hp": 299, "atk": 270, "def": 198, "spa": 134, "spd": 150, "spe": 118}, "types": ["Fighting"]}}, {"Brute Bonnet": {"name": "Brute Bonnet", "species": "Brute Bonnet", "speciesId": "brutebonnet", "gender": "N", "shiny": false, "level": 80, "moves": ["seedbomb", "suckerpunch", "crunch", "spore"], "ability": "Protosynthesis", "evs": {"hp": 85, "atk": 85, "def": 85, "spa": 85, "spd": 85, "spe": 85}, "ivs": {"hp": 31, "atk": 31, "def": 31, "spa": 31, "spd": 31, "spe": 31}, "item": "Leftovers", "teraType": "Poison", "role": "Bulky Support", "bvs": {"hp": 111, "atk": 127, "def": 99, "spa": 79, "spd": 99, "spe": 55}, "stats": {"hp": 309, "atk": 249, "def": 205, "spa": 173, "spd": 205, "spe": 134}, "types": ["Grass", "Dark"]}, "Deoxys": {"name": "Deoxys", "species": "Deoxys-Speed", "speciesId": "deoxysspeed", "gender": "N", "shiny": false, "level": 82, "moves": ["psychoboost", "knockoff", "spikes", "superpower"], "ability": "Pressure", "evs": {"hp": 85, "atk": 85, "def": 85, "spa": 85, "spd": 85, "spe": 85}, "ivs": {"hp": 31, "atk": 31, "def": 31, "spa": 31, "spd": 31, "spe": 31}, "item": "Life Orb", "teraType": "Dark", "role": "Fast Support", "bvs": {"hp": 50, "atk": 95, "def": 90, "spa": 95, "spd": 90, "spe": 180}, "stats": {"hp": 216, "atk": 203, "def": 195, "spa": 203, "spd": 195, "spe": 342}, "types": ["Psychic"]}, "Avalugg": {"name": "Avalugg", "species": "Avalugg-Hisui", "speciesId": "avalugghisui", "gender": "M", "shiny": false, "level": 90, "moves": ["recover", "rapidspin", "stoneedge", "avalanche"], "ability": "Sturdy", "evs": {"hp": 85, "atk": 85, "def": 85, "spa": 85, "spd": 85, "spe": 85}, "ivs": {"hp": 31, "atk": 31, "def": 31, "spa": 31, "spd": 31, "spe": 31}, "item": "Heavy-Duty Boots", "teraType": "Ghost", "role": "Bulky Attacker", "bvs": {"hp": 95, "atk": 127, "def": 184, "spa": 34, "spd": 36, "spe": 38}, "stats": {"hp": 317, "atk": 280, "def": 383, "spa": 113, "spd": 116, "spe": 120}, "types": ["Ice", "Rock"]}, "Florges": {"name": "Florges", "species": "Florges-Orange", "speciesId": "florges", "gender": "F", "shiny": false, "level": 85, "moves": ["wish", "calmmind", "protect", "moonblast"], "ability": "Flower Veil", "evs": {"hp": 85, "atk": 0, "def": 85, "spa": 85, "spd": 85, "spe": 85}, "ivs": {"hp": 31, "atk": 0, "def": 31, "spa": 31, "spd": 31, "spe": 31}, "item": "Leftovers", "teraType": "Steel", "role": "Bulky Setup", "bvs": {"hp": 78, "atk": 65, "def": 68, "spa": 112, "spd": 154, "spe": 75}, "stats": {"hp": 271, "atk": 115, "def": 164, "spa": 239, "spd": 311, "spe": 176}, "types": ["Fairy"]}, "Victreebel": {"name": "Victreebel", "species": "Victreebel", "speciesId": "victreebel", "gender": "F", "shiny": false, "level": 90, "moves": ["powerwhip", "sludgewave", "sunnyday", "weatherball"], "ability": "Chlorophyll", "evs": {"hp": 85, "atk": 85, "def": 85, "spa": 85, "spd": 85, "spe": 85}, "ivs": {"hp": 31, "atk": 31, "def": 31, "spa": 31, "spd": 31, "spe": 31}, "item": "Life Orb", "teraType": "Fire", "role": "Fast Attacker", "bvs": {"hp": 80, "atk": 105, "def": 65, "spa": 100, "spd": 70, "spe": 70}, "stats": {"hp": 290, "atk": 240, "def": 168, "spa": 231, "spd": 177, "spe": 177}, "types": ["Grass", "Poison"]}, "Scizor": {"name": "Scizor", "species": "Scizor", "speciesId": "scizor", "gender": "F", "shiny": false, "level": 79, "moves": ["bulletpunch", "uturn", "closecombat", "knockoff"], "ability": "Technician", "evs": {"hp": 85, "atk": 85, "def": 85, "spa": 85, "spd": 85, "spe": 85}, "ivs": {"hp": 31, "atk": 31, "def": 31, "spa": 31, "spd": 31, "spe": 31}, "item": "Choice Band", "teraType": "Steel", "role": "Wallbreaker", "bvs": {"hp": 70, "atk": 130, "def": 100, "spa": 55, "spd": 80, "spe": 65}, "stats": {"hp": 240, "atk": 251, "def": 204, "spa": 132, "spd": 172, "spe": 148}, "types": ["Bug", "Steel"]}}]}