{"id": "gen9randombattle-2641066381", "format": "[Gen 9] Random Battle", "players": ["testbotcif", "gGsgqjbVdv"], "log": "|j|\u2606testbotcif\n|j|\u2606gGsgqjbVdv\n|t:|1782735346\n|gametype|singles\n|player|p1|testbotcif|266|1202\n|player|p2|gGsgqjbVdv|102|1243\n|gen|9\n|tier|[Gen 9] Random Battle\n|rated|\n|rule|Species Clause: Limit one of each Pok\u00e9mon\n|rule|HP Percentage Mod: HP is shown in percentages\n|rule|Sleep Clause Mod: Limit one foe put to sleep\n|rule|Illusion Level Mod: Illusion disguises the Pok\u00e9mon's true level\n|\n|t:|1782735346\n|teamsize|p1|6\n|teamsize|p2|6\n|start\n|switch|p1a: Ogerpon|Ogerpon-Hearthflame, L74, F|239/239\n|switch|p2a: Klefki|Klefki, L84, F|233/233\n|-ability|p1a: Ogerpon|Mold Breaker\n|turn|1\n|inactive|Battle timer is ON: inactive players will automatically lose when time's up. (requested by testbotcif)\n|c|\u2606testbotcif|rlhf\n|inactive|testbotcif has 120 seconds left.\n|\n|t:|1782735395\n|move|p2a: Klefki|Thunder Wave|p1a: Ogerpon\n|-status|p1a: Ogerpon|par\n|move|p1a: Ogerpon|Swords Dance|p1a: Ogerpon\n|-boost|p1a: Ogerpon|atk|2\n|\n|upkeep\n|turn|2\n|\n|t:|1782735399\n|move|p2a: Klefki|Spikes|p1a: Ogerpon\n|-sidestart|p1: testbotcif|Spikes\n|move|p1a: Ogerpon|Ivy Cudgel|p2a: Klefki|[anim] Ivy Cudgel Fire\n|-supereffective|p2a: Klefki\n|-damage|p2a: Klefki|0 fnt\n|faint|p2a: Klefki\n|\n|upkeep\n|\n|t:|1782735419\n|switch|p2a: Enamorus|Enamorus, L79, F|247/247\n|turn|3\n|\n|t:|1782735434\n|move|p2a: Enamorus|Superpower|p1a: Ogerpon\n|-damage|p1a: Ogerpon|130/239 par\n|-boost|p2a: Enamorus|atk|1\n|-boost|p2a: Enamorus|def|1\n|move|p1a: Ogerpon|Ivy Cudgel|p2a: Enamorus|[anim] Ivy Cudgel Fire\n|-damage|p2a: Enamorus|48/247\n|\n|upkeep\n|turn|4\n|\n|t:|1782735441\n|move|p2a: Enamorus|Superpower|p1a: Ogerpon\n|-damage|p1a: Ogerpon|0 fnt\n|-boost|p2a: Enamorus|atk|1\n|-boost|p2a: Enamorus|def|1\n|faint|p1a: Ogerpon\n|\n|upkeep\n|\n|t:|1782735441\n|switch|p1a: Bisharp|Bisharp, L79, M|232/232\n|-damage|p1a: Bisharp|203/232|[from] Spikes\n|turn|5\n|\n|t:|1782735446\n|move|p1a: Bisharp|Sucker Punch||[still]\n|-fail|p1a: Bisharp\n|move|p2a: Enamorus|Taunt|p1a: Bisharp\n|-start|p1a: Bisharp|move: Taunt\n|\n|upkeep\n|turn|6\n|\n|t:|1782735459\n|move|p2a: Enamorus|Superpower|p1a: Bisharp\n|-supereffective|p1a: Bisharp\n|-damage|p1a: Bisharp|0 fnt\n|-boost|p2a: Enamorus|atk|1\n|-boost|p2a: Enamorus|def|1\n|faint|p1a: Bisharp\n|\n|upkeep\n|\n|t:|1782735459\n|switch|p1a: Vikavolt|Vikavolt, L83, M|263/263\n|turn|7\n|\n|t:|1782735475\n|move|p2a: Enamorus|Play Rough|p1a: Vikavolt\n|-crit|p1a: Vikavolt\n|-damage|p1a: Vikavolt|0 fnt\n|faint|p1a: Vikavolt\n|\n|upkeep\n|\n|t:|1782735475\n|switch|p1a: Rotom|Rotom-Fan, L86|226/226\n|turn|8\n|\n|t:|1782735486\n|move|p2a: Enamorus|Play Rough|p1a: Rotom\n|-damage|p1a: Rotom|19/226\n|move|p1a: Rotom|Thunderbolt|p2a: Enamorus\n|-supereffective|p2a: Enamorus\n|-damage|p2a: Enamorus|0 fnt\n|faint|p2a: Enamorus\n|\n|upkeep\n|\n|t:|1782735506\n|switch|p2a: Forretress|Forretress, L84, F|263/263\n|turn|9\n|\n|t:|1782735512\n|move|p1a: Rotom|Nasty Plot|p1a: Rotom\n|-boost|p1a: Rotom|spa|2\n|move|p2a: Forretress|Toxic Spikes|p1a: Rotom\n|-sidestart|p1: testbotcif|move: Toxic Spikes\n|\n|upkeep\n|turn|10\n|\n|t:|1782735515\n|move|p1a: Rotom|Thunderbolt|p2a: Forretress\n|-ability|p2a: Forretress|Sturdy\n|-damage|p2a: Forretress|1/263\n|move|p2a: Forretress|Iron Head|p1a: Rotom\n|-resisted|p1a: Rotom\n|-damage|p1a: Rotom|0 fnt\n|faint|p1a: Rotom\n|\n|-heal|p2a: Forretress|17/263|[from] item: Leftovers\n|upkeep\n|\n|t:|1782735515\n|switch|p1a: Medicham|Medicham, L86, F|243/243\n|-damage|p1a: Medicham|213/243|[from] Spikes\n|-status|p1a: Medicham|psn\n|turn|11\n|\n|t:|1782735525\n|move|p1a: Medicham|Close Combat|p2a: Forretress\n|-damage|p2a: Forretress|0 fnt\n|-unboost|p1a: Medicham|def|1\n|-unboost|p1a: Medicham|spd|1\n|faint|p2a: Forretress\n|\n|-damage|p1a: Medicham|183/243 psn|[from] psn\n|upkeep\n|\n|t:|1782735547\n|switch|p2a: Wugtrio|Wugtrio, L91, F|212/212\n|turn|12\n|\n|t:|1782735558\n|switch|p1a: Appletun|Appletun, L92, M|352/352\n|-damage|p1a: Appletun|308/352|[from] Spikes\n|-status|p1a: Appletun|psn\n|move|p2a: Wugtrio|Liquidation|p1a: Appletun\n|-resisted|p1a: Appletun\n|-damage|p1a: Appletun|266/352 psn\n|\n|-heal|p1a: Appletun|288/352 psn|[from] item: Leftovers\n|-damage|p1a: Appletun|244/352 psn|[from] psn\n|upkeep\n|turn|13\n|\n|t:|1782735568\n|switch|p2a: Raikou|Raikou, L81|278/278\n|-ability|p2a: Raikou|Pressure\n|-terastallize|p1a: Appletun|Steel\n|move|p1a: Appletun|Recover|p1a: Appletun\n|-heal|p1a: Appletun|352/352 psn\n|\n|-damage|p1a: Appletun|308/352 psn|[from] psn\n|upkeep\n|turn|14\n|\n|t:|1782735580\n|move|p2a: Raikou|Substitute|p2a: Raikou\n|-start|p2a: Raikou|Substitute\n|-damage|p2a: Raikou|209/278\n|move|p1a: Appletun|Dragon Tail|p2a: Raikou\n|-end|p2a: Raikou|Substitute\n|\n|-heal|p2a: Raikou|226/278|[from] item: Leftovers\n|-heal|p1a: Appletun|330/352 psn|[from] item: Leftovers\n|-damage|p1a: Appletun|286/352 psn|[from] psn\n|upkeep\n|turn|15\n|\n|t:|1782735590\n|move|p2a: Raikou|Substitute|p2a: Raikou\n|-start|p2a: Raikou|Substitute\n|-damage|p2a: Raikou|157/278\n|move|p1a: Appletun|Recover|p1a: Appletun\n|-heal|p1a: Appletun|352/352 psn\n|\n|-heal|p2a: Raikou|174/278|[from] item: Leftovers\n|-damage|p1a: Appletun|308/352 psn|[from] psn\n|upkeep\n|turn|16\n|\n|t:|1782735593\n|move|p2a: Raikou|Calm Mind|p2a: Raikou\n|-boost|p2a: Raikou|spa|1\n|-boost|p2a: Raikou|spd|1\n|move|p1a: Appletun|Recover|p1a: Appletun\n|-heal|p1a: Appletun|352/352 psn\n|\n|-heal|p2a: Raikou|191/278|[from] item: Leftovers\n|-damage|p1a: Appletun|308/352 psn|[from] psn\n|upkeep\n|turn|17\n|\n|t:|1782735596\n|move|p2a: Raikou|Calm Mind|p2a: Raikou\n|-boost|p2a: Raikou|spa|1\n|-boost|p2a: Raikou|spd|1\n|move|p1a: Appletun|Apple Acid|p2a: Raikou\n|-activate|p2a: Raikou|move: Substitute|[damage]\n|\n|-heal|p2a: Raikou|208/278|[from] item: Leftovers\n|-heal|p1a: Appletun|330/352 psn|[from] item: Leftovers\n|-damage|p1a: Appletun|286/352 psn|[from] psn\n|upkeep\n|turn|18\n|\n|t:|1782735598\n|move|p2a: Raikou|Calm Mind|p2a: Raikou\n|-boost|p2a: Raikou|spa|1\n|-boost|p2a: Raikou|spd|1\n|move|p1a: Appletun|Apple Acid|p2a: Raikou\n|-end|p2a: Raikou|Substitute\n|\n|-heal|p2a: Raikou|225/278|[from] item: Leftovers\n|-heal|p1a: Appletun|308/352 psn|[from] item: Leftovers\n|-damage|p1a: Appletun|264/352 psn|[from] psn\n|upkeep\n|turn|19\n|\n|t:|1782735613\n|move|p2a: Raikou|Thunderbolt|p1a: Appletun\n|-damage|p1a: Appletun|20/352 psn\n|move|p1a: Appletun|Apple Acid|p2a: Raikou\n|-damage|p2a: Raikou|183/278\n|-unboost|p2a: Raikou|spd|1\n|\n|-heal|p2a: Raikou|200/278|[from] item: Leftovers\n|-heal|p1a: Appletun|42/352 psn|[from] item: Leftovers\n|-damage|p1a: Appletun|0 fnt|[from] psn\n|faint|p1a: Appletun\n|upkeep\n|\n|t:|1782735613\n|switch|p1a: Medicham|Medicham, L86, F|183/243 psn\n|-damage|p1a: Medicham|153/243 psn|[from] Spikes\n|turn|20\n|\n|t:|1782735616\n|move|p2a: Raikou|Thunderbolt|p1a: Medicham\n|-damage|p1a: Medicham|0 fnt\n|faint|p1a: Medicham\n|\n|win|gGsgqjbVdv\n|raw|testbotcif's rating: 1202 &rarr; <strong>1180</strong><br />(-22 for losing)\n|raw|gGsgqjbVdv's rating: 1243 &rarr; <strong>1265</strong><br />(+22 for winning)\n", "inputlog": ">version 3f8ef8cf60cebd2b18892af2794d10415e14a302\n>start {\"formatid\":\"gen9randombattle\",\"seed\":\"sodium,690324f3b7e70b72caf8ccded1442e34\",\"rated\":\"Rated battle\"}\n>player p1 {\"name\":\"testbotcif\",\"avatar\":\"266\",\"rating\":1202,\"seed\":\"sodium,dee6e5c537e19300dc99ef9c2b09c9c0\"}\n>player p2 {\"name\":\"gGsgqjbVdv\",\"avatar\":\"102\",\"rating\":1243,\"seed\":\"sodium,3d702a4d07b1637725caa7b77335d84d\"}\n>chat \u2606testbotcif|rlhf\n>p1 move swordsdance\n>p2 move thunderwave\n>p1 move ivycudgel\n>p2 move spikes\n>p2 switch 4\n>p1 move ivycudgel\n>p2 move superpower\n>p1 move ivycudgel\n>p2 move superpower\n>p1 switch 6\n>p1 move suckerpunch\n>p2 move taunt\n>p1 move ironhead\n>p2 move superpower\n>p1 switch 3\n>p1 move discharge\n>p2 move playrough\n>p1 switch 2\n>p1 move thunderbolt\n>p2 move playrough\n>p2 switch 5\n>p1 move nastyplot\n>p2 move toxicspikes\n>p1 move thunderbolt\n>p2 move ironhead\n>p1 switch 5\n>p1 move closecombat\n>p2 move stealthrock\n>p2 switch 2\n>p1 switch 4\n>p2 move liquidation\n>p1 move recover terastallize\n>p2 switch 6\n>p1 move dragontail\n>p2 move substitute\n>p1 move recover\n>p2 move substitute\n>p1 move recover\n>p2 move calmmind\n>p1 move appleacid\n>p2 move calmmind\n>p1 move appleacid\n>p2 move calmmind\n>p1 move appleacid\n>p2 move thunderbolt\n>p1 switch 4\n>p1 move closecombat\n>p2 move thunderbolt", "uploadtime": 1782735616, "views": 3, "formatid": "gen9randombattle", "rating": 1180, "private": 0, "password": null, "player_dets": [{"name": "testbotcif", "avatar": "266", "rating": 1202, "seed": "sodium,dee6e5c537e19300dc99ef9c2b09c9c0"}, {"name": "gGsgqjbVdv", "avatar": "102", "rating": 1243, "seed": "sodium,3d702a4d07b1637725caa7b77335d84d"}], "teams_full": [{"Ogerpon": {"name": "Ogerpon", "species": "Ogerpon-Hearthflame", "speciesId": "ogerponhearthflame", "gender": "F", "shiny": false, "level": 74, "moves": ["powerwhip", "knockoff", "ivycudgel", "swordsdance"], "ability": "Mold Breaker", "evs": {"hp": 77, "atk": 85, "def": 85, "spa": 85, "spd": 85, "spe": 85}, "ivs": {"hp": 31, "atk": 31, "def": 31, "spa": 31, "spd": 31, "spe": 31}, "item": "Hearthflame Mask", "teraType": "Fire", "role": "Setup Sweeper", "bvs": {"hp": 80, "atk": 120, "def": 84, "spa": 60, "spd": 96, "spe": 110}, "stats": {"hp": 239, "atk": 221, "def": 167, "spa": 132, "spd": 185, "spe": 206}, "types": ["Grass", "Fire"]}, "Rotom": {"name": "Rotom", "species": "Rotom-Fan", "speciesId": "rotomfan", "gender": "N", "shiny": false, "level": 86, "moves": ["airslash", "nastyplot", "thunderwave", "thunderbolt"], "ability": "Levitate", "evs": {"hp": 85, "atk": 0, "def": 85, "spa": 85, "spd": 85, "spe": 85}, "ivs": {"hp": 31, "atk": 0, "def": 31, "spa": 31, "spd": 31, "spe": 31}, "item": "Heavy-Duty Boots", "teraType": "Steel", "role": "Bulky Attacker", "bvs": {"hp": 50, "atk": 65, "def": 107, "spa": 105, "spd": 107, "spe": 86}, "stats": {"hp": 226, "atk": 116, "def": 233, "spa": 230, "spd": 233, "spe": 197}, "types": ["Electric", "Flying"]}, "Vikavolt": {"name": "Vikavolt", "species": "Vikavolt", "speciesId": "vikavolt", "gender": "M", "shiny": false, "level": 83, "moves": ["discharge", "bugbuzz", "stickyweb", "energyball"], "ability": "Levitate", "evs": {"hp": 85, "atk": 0, "def": 85, "spa": 85, "spd": 85, "spe": 85}, "ivs": {"hp": 31, "atk": 0, "def": 31, "spa": 31, "spd": 31, "spe": 31}, "item": "Heavy-Duty Boots", "teraType": "Electric", "role": "Bulky Support", "bvs": {"hp": 77, "atk": 70, "def": 90, "spa": 145, "spd": 75, "spe": 43}, "stats": {"hp": 263, "atk": 121, "def": 197, "spa": 288, "spd": 172, "spe": 119}, "types": ["Bug", "Electric"]}, "Appletun": {"name": "Appletun", "species": "Appletun", "speciesId": "appletun", "gender": "M", "shiny": false, "level": 92, "moves": ["dragontail", "dracometeor", "recover", "appleacid"], "ability": "Thick Fat", "evs": {"hp": 85, "atk": 85, "def": 85, "spa": 85, "spd": 85, "spe": 85}, "ivs": {"hp": 31, "atk": 31, "def": 31, "spa": 31, "spd": 31, "spe": 31}, "item": "Leftovers", "teraType": "Steel", "role": "Bulky Attacker", "bvs": {"hp": 110, "atk": 85, "def": 80, "spa": 100, "spd": 80, "spe": 30}, "stats": {"hp": 352, "atk": 209, "def": 200, "spa": 236, "spd": 200, "spe": 108}, "types": ["Grass", "Dragon"]}, "Medicham": {"name": "Medicham", "species": "Medicham", "speciesId": "medicham", "gender": "F", "shiny": false, "level": 86, "moves": ["zenheadbutt", "closecombat", "bulletpunch", "poisonjab"], "ability": "Pure Power", "evs": {"hp": 85, "atk": 85, "def": 85, "spa": 85, "spd": 85, "spe": 85}, "ivs": {"hp": 31, "atk": 31, "def": 31, "spa": 31, "spd": 31, "spe": 31}, "item": "Choice Band", "teraType": "Fighting", "role": "Fast Attacker", "bvs": {"hp": 60, "atk": 60, "def": 75, "spa": 60, "spd": 75, "spe": 80}, "stats": {"hp": 243, "atk": 152, "def": 178, "spa": 152, "spd": 178, "spe": 187}, "types": ["Fighting", "Psychic"]}, "Bisharp": {"name": "Bisharp", "species": "Bisharp", "speciesId": "bisharp", "gender": "M", "shiny": false, "level": 79, "moves": ["ironhead", "throatchop", "swordsdance", "suckerpunch"], "ability": "Defiant", "evs": {"hp": 85, "atk": 85, "def": 85, "spa": 85, "spd": 85, "spe": 85}, "ivs": {"hp": 31, "atk": 31, "def": 31, "spa": 31, "spd": 31, "spe": 31}, "item": "Eviolite", "teraType": "Ghost", "role": "Bulky Attacker", "bvs": {"hp": 65, "atk": 125, "def": 100, "spa": 60, "spd": 70, "spe": 70}, "stats": {"hp": 232, "atk": 243, "def": 204, "spa": 140, "spd": 156, "spe": 156}, "types": ["Dark", "Steel"]}}, {"Klefki": {"name": "Klefki", "species": "Klefki", "speciesId": "klefki", "gender": "F", "shiny": false, "level": 84, "moves": ["thunderwave", "spikes", "playrough", "magnetrise"], "ability": "Prankster", "evs": {"hp": 85, "atk": 85, "def": 85, "spa": 85, "spd": 85, "spe": 85}, "ivs": {"hp": 31, "atk": 31, "def": 31, "spa": 31, "spd": 31, "spe": 31}, "item": "Leftovers", "teraType": "Water", "role": "Bulky Support", "bvs": {"hp": 57, "atk": 80, "def": 91, "spa": 80, "spd": 87, "spe": 75}, "stats": {"hp": 233, "atk": 183, "def": 201, "spa": 183, "spd": 194, "spe": 174}, "types": ["Steel", "Fairy"]}, "Wugtrio": {"name": "Wugtrio", "species": "Wugtrio", "speciesId": "wugtrio", "gender": "F", "shiny": false, "level": 91, "moves": ["aquajet", "liquidation", "stompingtantrum", "throatchop"], "ability": "Gooey", "evs": {"hp": 85, "atk": 85, "def": 85, "spa": 85, "spd": 85, "spe": 85}, "ivs": {"hp": 31, "atk": 31, "def": 31, "spa": 31, "spd": 31, "spe": 31}, "item": "Choice Band", "teraType": "Dark", "role": "Fast Attacker", "bvs": {"hp": 35, "atk": 100, "def": 50, "spa": 50, "spd": 70, "spe": 120}, "stats": {"hp": 212, "atk": 234, "def": 143, "spa": 143, "spd": 179, "spe": 270}, "types": ["Water"]}, "Zoroark": {"name": "Zoroark", "species": "Zoroark", "speciesId": "zoroark", "gender": "M", "shiny": false, "level": 83, "moves": ["darkpulse", "sludgebomb", "nastyplot", "encore"], "ability": "Illusion", "evs": {"hp": 85, "atk": 0, "def": 85, "spa": 85, "spd": 85, "spe": 85}, "ivs": {"hp": 31, "atk": 0, "def": 31, "spa": 31, "spd": 31, "spe": 31}, "item": "Life Orb", "teraType": "Poison", "role": "Setup Sweeper", "bvs": {"hp": 60, "atk": 105, "def": 60, "spa": 120, "spd": 60, "spe": 105}, "stats": {"hp": 235, "atk": 179, "def": 147, "spa": 247, "spd": 147, "spe": 222}, "types": ["Dark"]}, "Enamorus": {"name": "Enamorus", "species": "Enamorus", "speciesId": "enamorus", "gender": "F", "shiny": false, "level": 79, "moves": ["taunt", "superpower", "playrough", "zenheadbutt"], "ability": "Contrary", "evs": {"hp": 85, "atk": 85, "def": 85, "spa": 85, "spd": 85, "spe": 85}, "ivs": {"hp": 31, "atk": 31, "def": 31, "spa": 31, "spd": 31, "spe": 31}, "item": "Heavy-Duty Boots", "teraType": "Fighting", "role": "Setup Sweeper", "bvs": {"hp": 74, "atk": 115, "def": 70, "spa": 135, "spd": 80, "spe": 106}, "stats": {"hp": 247, "atk": 227, "def": 156, "spa": 259, "spd": 172, "spe": 213}, "types": ["Fairy", "Flying"]}, "Forretress": {"name": "Forretress", "species": "Forretress", "speciesId": "forretress", "gender": "F", "shiny": false, "level": 84, "moves": ["stealthrock", "ironhead", "rapidspin", "toxicspikes"], "ability": "Sturdy", "evs": {"hp": 85, "atk": 85, "def": 85, "spa": 85, "spd": 85, "spe": 85}, "ivs": {"hp": 31, "atk": 31, "def": 31, "spa": 31, "spd": 31, "spe": 31}, "item": "Leftovers", "teraType": "Water", "role": "Bulky Support", "bvs": {"hp": 75, "atk": 90, "def": 140, "spa": 60, "spd": 60, "spe": 40}, "stats": {"hp": 263, "atk": 199, "def": 283, "spa": 149, "spd": 149, "spe": 115}, "types": ["Bug", "Steel"]}, "Raikou": {"name": "Raikou", "species": "Raikou", "speciesId": "raikou", "gender": "N", "shiny": false, "level": 81, "moves": ["calmmind", "thunderbolt", "scald", "substitute"], "ability": "Pressure", "evs": {"hp": 85, "atk": 0, "def": 85, "spa": 85, "spd": 85, "spe": 85}, "ivs": {"hp": 31, "atk": 0, "def": 31, "spa": 31, "spd": 31, "spe": 31}, "item": "Leftovers", "teraType": "Grass", "role": "Bulky Setup", "bvs": {"hp": 90, "atk": 85, "def": 75, "spa": 115, "spd": 100, "spe": 115}, "stats": {"hp": 278, "atk": 142, "def": 168, "spa": 233, "spd": 209, "spe": 233}, "types": ["Electric"]}}]}