{"id": "gen9randombattle-2641208767", "format": "[Gen 9] Random Battle", "players": ["notmetbh102", "FashiRn"], "log": "|badge|p1|bronze|gen9randombattle|100-9\n|html|<div class=\"broadcast-red\"><strong>This battle is required to be public due to one or more player having a season medal.</strong><br />During the public phase, you can discuss the state of the ladder <a href=\"/seasondiscussion\">in a special chatroom.</a></div>\n|uhtml|medal-msg|<div class=\"broadcast-blue\">Curious what those medals under the avatar are? PS now has Ladder Seasons! For more information, check out the <a href=\"https://www.smogon.com/forums/threads/3740067/\">thread on Smogon.</a></div>\n|badge|p2|bronze|gen9randombattle|100-9\n|uhtml|medal-msg|<div class=\"broadcast-blue\">Curious what those medals under the avatar are? PS now has Ladder Seasons! For more information, check out the <a href=\"https://www.smogon.com/forums/threads/3740067/\">thread on Smogon.</a></div>\n|j|\u2606notmetbh102\n|j|\u2606FashiRn\n|t:|1782753914\n|gametype|singles\n|player|p1|notmetbh102|2|2303\n|player|p2|FashiRn|wattson|2304\n|gen|9\n|tier|[Gen 9] Random Battle\n|rated|\n|rule|Species Clause: Limit one of each Pok\u00e9mon\n|rule|HP Percentage Mod: HP is shown in percentages\n|rule|Sleep Clause Mod: Limit one foe put to sleep\n|rule|Illusion Level Mod: Illusion disguises the Pok\u00e9mon's true level\n|\n|t:|1782753914\n|teamsize|p1|6\n|teamsize|p2|6\n|start\n|switch|p1a: Rayquaza|Rayquaza, L72|270/270\n|switch|p2a: Ogerpon|Ogerpon, L80, F|259/259\n|-ability|p1a: Rayquaza|Air Lock\n|turn|1\n|inactive|Battle timer is ON: inactive players will automatically lose when time's up. (requested by FashiRn)\n|inactive|notmetbh102 also wants the timer to be on.\n|c|\u2606notmetbh102|hf\n|\n|t:|1782753929\n|switch|p2a: Cloyster|Cloyster, L80, M|211/211\n|move|p1a: Rayquaza|Dragon Ascent|p2a: Cloyster\n|-damage|p2a: Cloyster|96/211\n|-unboost|p1a: Rayquaza|def|1\n|-unboost|p1a: Rayquaza|spd|1\n|\n|upkeep\n|turn|2\n|\n|t:|1782753946\n|move|p1a: Rayquaza|Dragon Ascent|p2a: Cloyster\n|-damage|p2a: Cloyster|0 fnt\n|-unboost|p1a: Rayquaza|def|1\n|-unboost|p1a: Rayquaza|spd|1\n|faint|p2a: Cloyster\n|\n|upkeep\n|\n|t:|1782753961\n|switch|p2a: Spectrier|Spectrier, L75|274/274\n|turn|3\n|\n|t:|1782753963\n|move|p2a: Spectrier|Shadow Ball|p1a: Rayquaza\n|-damage|p1a: Rayquaza|0 fnt\n|faint|p1a: Rayquaza\n|-ability|p2a: Spectrier|Grim Neigh|boost\n|-boost|p2a: Spectrier|spa|1\n|-damage|p2a: Spectrier|247/274|[from] item: Life Orb\n|\n|upkeep\n|\n|t:|1782753963\n|switch|p1a: Meganium|Meganium, L90, F|290/290\n|turn|4\n|j| 1000shrimp\n|inactive|FashiRn has 120 seconds left.\n|\n|t:|1782754000\n|switch|p2a: Chi-Yu|Chi-Yu, L77|211/211\n|-ability|p2a: Chi-Yu|Beads of Ruin\n|move|p1a: Meganium|Knock Off|p2a: Chi-Yu\n|-resisted|p2a: Chi-Yu\n|-damage|p2a: Chi-Yu|170/211\n|-enditem|p2a: Chi-Yu|Choice Scarf|[from] move: Knock Off|[of] p1a: Meganium\n|\n|upkeep\n|turn|5\n|inactive|FashiRn has 120 seconds left.\n|\n|t:|1782754010\n|switch|p1a: Hitmonlee|Hitmonlee, L85, M|223/223\n|move|p2a: Chi-Yu|Dark Pulse|p1a: Hitmonlee\n|-resisted|p1a: Hitmonlee\n|-damage|p1a: Hitmonlee|170/223\n|\n|upkeep\n|turn|6\n|\n|t:|1782754017\n|switch|p2a: Spiritomb|Spiritomb, L89, F|234/234\n|move|p1a: Hitmonlee|Stone Edge|p2a: Spiritomb|[miss]\n|-miss|p1a: Hitmonlee|p2a: Spiritomb\n|\n|upkeep\n|turn|7\n|\n|t:|1782754023\n|switch|p1a: Chien-Pao|Chien-Pao, L72|234/234\n|-ability|p1a: Chien-Pao|Sword of Ruin\n|move|p2a: Spiritomb|Will-O-Wisp|p1a: Chien-Pao\n|-status|p1a: Chien-Pao|brn\n|\n|-damage|p1a: Chien-Pao|220/234 brn|[from] brn\n|upkeep\n|turn|8\n|\n|t:|1782754035\n|move|p1a: Chien-Pao|Icicle Crash|p2a: Spiritomb|[miss]\n|-miss|p1a: Chien-Pao|p2a: Spiritomb\n|move|p2a: Spiritomb|Poltergeist|p1a: Chien-Pao\n|-activate|p1a: Chien-Pao|move: Poltergeist|Choice Band\n|-resisted|p1a: Chien-Pao\n|-damage|p1a: Chien-Pao|144/234 brn\n|\n|-damage|p1a: Chien-Pao|130/234 brn|[from] brn\n|upkeep\n|turn|9\n|\n|t:|1782754041\n|move|p1a: Chien-Pao|Icicle Crash|p2a: Spiritomb\n|-damage|p2a: Spiritomb|174/234\n|move|p2a: Spiritomb|Foul Play|p1a: Chien-Pao\n|-resisted|p1a: Chien-Pao\n|-damage|p1a: Chien-Pao|66/234 brn\n|\n|-heal|p2a: Spiritomb|188/234|[from] item: Leftovers\n|-damage|p1a: Chien-Pao|52/234 brn|[from] brn\n|upkeep\n|turn|10\n|\n|t:|1782754044\n|move|p1a: Chien-Pao|Icicle Crash|p2a: Spiritomb\n|-damage|p2a: Spiritomb|127/234\n|move|p2a: Spiritomb|Foul Play|p1a: Chien-Pao\n|-resisted|p1a: Chien-Pao\n|-damage|p1a: Chien-Pao|0 fnt\n|faint|p1a: Chien-Pao\n|\n|-heal|p2a: Spiritomb|141/234|[from] item: Leftovers\n|upkeep\n|\n|t:|1782754045\n|switch|p1a: Meganium|Meganium, L90, F|290/290\n|turn|11\n|\n|t:|1782754054\n|move|p1a: Meganium|Knock Off|p2a: Spiritomb\n|-damage|p2a: Spiritomb|83/234\n|-enditem|p2a: Spiritomb|Leftovers|[from] move: Knock Off|[of] p1a: Meganium\n|move|p2a: Spiritomb|Will-O-Wisp|p1a: Meganium|[miss]\n|-miss|p2a: Spiritomb|p1a: Meganium\n|\n|upkeep\n|turn|12\n|\n|t:|1782754060\n|move|p1a: Meganium|Petal Blizzard|p2a: Spiritomb\n|-damage|p2a: Spiritomb|0 fnt\n|faint|p2a: Spiritomb\n|\n|upkeep\n|\n|t:|1782754064\n|switch|p2a: Chi-Yu|Chi-Yu, L77|170/211\n|-ability|p2a: Chi-Yu|Beads of Ruin\n|turn|13\n|\n|t:|1782754070\n|switch|p1a: Hitmonlee|Hitmonlee, L85, M|170/223\n|move|p2a: Chi-Yu|Overheat|p1a: Hitmonlee\n|-damage|p1a: Hitmonlee|13/223\n|-unboost|p2a: Chi-Yu|spa|2\n|\n|upkeep\n|turn|14\n|\n|t:|1782754074\n|move|p2a: Chi-Yu|Dark Pulse|p1a: Hitmonlee\n|-resisted|p1a: Hitmonlee\n|-damage|p1a: Hitmonlee|0 fnt\n|faint|p1a: Hitmonlee\n|\n|upkeep\n|\n|t:|1782754075\n|switch|p1a: Meganium|Meganium, L90, F|290/290\n|turn|15\n|\n|t:|1782754080\n|switch|p2a: Sneasler|Sneasler, L74, M|240/240\n|move|p1a: Meganium|Earthquake|p2a: Sneasler\n|-supereffective|p2a: Sneasler\n|-damage|p2a: Sneasler|40/240\n|\n|upkeep\n|turn|16\n|\n|t:|1782754083\n|switch|p1a: Scyther|Scyther, L82, M|249/249\n|move|p2a: Sneasler|U-turn|p1a: Scyther\n|-resisted|p1a: Scyther\n|-damage|p1a: Scyther|210/249\n|\n|t:|1782754095\n|switch|p2a: Spectrier|Spectrier, L75|247/274|[from] U-turn\n|\n|upkeep\n|turn|17\n|\n|t:|1782754099\n|move|p2a: Spectrier|Nasty Plot|p2a: Spectrier\n|-boost|p2a: Spectrier|spa|2\n|move|p1a: Scyther|U-turn|p2a: Spectrier\n|-resisted|p2a: Spectrier\n|-damage|p2a: Spectrier|190/274\n|\n|t:|1782754100\n|switch|p1a: Meganium|Meganium, L90, F|290/290|[from] U-turn\n|\n|upkeep\n|turn|18\n|\n|t:|1782754110\n|-terastallize|p2a: Spectrier|Dark\n|move|p2a: Spectrier|Dark Pulse|p1a: Meganium\n|-damage|p1a: Meganium|68/290\n|-damage|p2a: Spectrier|163/274|[from] item: Life Orb\n|move|p1a: Meganium|Petal Blizzard|p2a: Spectrier\n|-damage|p2a: Spectrier|0 fnt\n|faint|p2a: Spectrier\n|\n|-heal|p1a: Meganium|86/290|[from] item: Leftovers\n|upkeep\n|\n|t:|1782754114\n|switch|p2a: Chi-Yu|Chi-Yu, L77|170/211\n|-ability|p2a: Chi-Yu|Beads of Ruin\n|turn|19\n|\n|t:|1782754115\n|move|p2a: Chi-Yu|Flamethrower|p1a: Meganium\n|-supereffective|p1a: Meganium\n|-crit|p1a: Meganium\n|-damage|p1a: Meganium|0 fnt\n|faint|p1a: Meganium\n|\n|upkeep\n|\n|t:|1782754116\n|switch|p1a: Scyther|Scyther, L82, M|210/249\n|turn|20\n|\n|t:|1782754123\n|move|p1a: Scyther|Close Combat|p2a: Chi-Yu\n|-supereffective|p2a: Chi-Yu\n|-damage|p2a: Chi-Yu|0 fnt\n|-unboost|p1a: Scyther|def|1\n|-unboost|p1a: Scyther|spd|1\n|faint|p2a: Chi-Yu\n|\n|upkeep\n|\n|t:|1782754126\n|switch|p2a: Sneasler|Sneasler, L74, M|40/240\n|turn|21\n|\n|t:|1782754127\n|switch|p1a: Meloetta|Meloetta, L82|298/298\n|move|p2a: Sneasler|Dire Claw|p1a: Meloetta\n|-damage|p1a: Meloetta|154/298\n|-status|p1a: Meloetta|slp\n|\n|upkeep\n|turn|22\n|\n|t:|1782754130\n|move|p2a: Sneasler|Dire Claw|p1a: Meloetta\n|-damage|p1a: Meloetta|13/298 slp\n|cant|p1a: Meloetta|slp\n|\n|upkeep\n|turn|23\n|\n|t:|1782754130\n|move|p2a: Sneasler|Dire Claw|p1a: Meloetta\n|-damage|p1a: Meloetta|0 fnt\n|faint|p1a: Meloetta\n|\n|upkeep\n|\n|t:|1782754131\n|switch|p1a: Scyther|Scyther, L82, M|210/249\n|turn|24\n|\n|t:|1782754132\n|move|p2a: Sneasler|Dire Claw|p1a: Scyther\n|-damage|p1a: Scyther|77/249\n|move|p1a: Scyther|Dual Wingbeat|p2a: Sneasler\n|-supereffective|p2a: Sneasler\n|-damage|p2a: Sneasler|0 fnt\n|faint|p2a: Sneasler\n|-hitcount|p2: Sneasler|1\n|\n|upkeep\n|\n|t:|1782754133\n|switch|p2a: Ogerpon|Ogerpon, L80, F|259/259\n|turn|25\n|\n|t:|1782754135\n|move|p2a: Ogerpon|Knock Off|p1a: Scyther\n|-damage|p1a: Scyther|0 fnt\n|-enditem|p1a: Scyther|Heavy-Duty Boots|[from] move: Knock Off|[of] p2a: Ogerpon\n|faint|p1a: Scyther\n|-damage|p2a: Ogerpon|234/259|[from] item: Life Orb\n|\n|win|FashiRn\n|raw|notmetbh102's rating: 2303 &rarr; <strong>2283</strong><br />(-20 for losing)\n|raw|FashiRn's rating: 2304 &rarr; <strong>2324</strong><br />(+20 for winning)\n|c|\u2606notmetbh102|gg\n", "inputlog": ">version f8ac14003a5f27e1bdc8d8c59608a773c1cb96e5\n>start {\"formatid\":\"gen9randombattle\",\"seed\":\"sodium,f40ed36b5228321d2cae881c10121d42\",\"rated\":\"Rated battle\"}\n>player p1 {\"name\":\"notmetbh102\",\"avatar\":\"2\",\"rating\":2303,\"seed\":\"sodium,7b14a038b7c52d847d474f7d0af08af8\"}\n>player p2 {\"name\":\"FashiRn\",\"avatar\":\"wattson\",\"rating\":2304,\"seed\":\"sodium,c2096a601ba5ee7488e45b06a8b81f22\"}\n>chat \u2606notmetbh102|hf\n>p1 move dragonascent\n>p2 switch 5\n>p1 move dragonascent\n>p2 move iciclespear\n>p2 switch 6\n>p1 move dragonascent\n>p2 move shadowball\n>p1 switch 2\n>p1 move knockoff\n>p2 switch 4\n>p1 switch 5\n>p2 move darkpulse\n>p1 move stoneedge\n>p2 switch 3\n>p1 switch 3\n>p2 move willowisp\n>p1 move iciclecrash\n>p2 move poltergeist\n>p1 move iciclecrash\n>p2 move foulplay\n>p1 move iciclecrash\n>p2 move foulplay\n>p1 switch 5\n>p1 move knockoff\n>p2 move willowisp\n>p1 move petalblizzard\n>p2 move painsplit\n>p2 switch 3\n>p1 switch 3\n>p2 move overheat\n>p1 move knockoff\n>p2 move darkpulse\n>p1 switch 3\n>p1 move earthquake\n>p2 switch 2\n>p1 switch 4\n>p2 move uturn\n>p2 switch 4\n>p1 move uturn\n>p2 move nastyplot\n>p1 switch 4\n>p1 move petalblizzard\n>p2 move darkpulse terastallize\n>p2 switch 2\n>p1 move knockoff\n>p2 move flamethrower\n>p1 switch 4\n>p1 move closecombat\n>p2 move flamethrower\n>p2 switch 4\n>p1 switch 6\n>p2 move direclaw\n>p1 move knockoff\n>p2 move direclaw\n>p1 move tripleaxel\n>p2 move direclaw\n>p1 switch 6\n>p1 move dualwingbeat\n>p2 move direclaw\n>p2 switch 5\n>p1 move dualwingbeat\n>p2 move knockoff", "uploadtime": 1782754136, "views": 6, "formatid": "gen9randombattle", "rating": 2283, "private": 0, "password": null, "player_dets": [{"name": "notmetbh102", "avatar": "2", "rating": 2303, "seed": "sodium,7b14a038b7c52d847d474f7d0af08af8"}, {"name": "FashiRn", "avatar": "wattson", "rating": 2304, "seed": "sodium,c2096a601ba5ee7488e45b06a8b81f22"}], "teams_full": [{"Rayquaza": {"name": "Rayquaza", "species": "Rayquaza", "speciesId": "rayquaza", "gender": "N", "shiny": false, "level": 72, "moves": ["earthquake", "extremespeed", "uturn", "dragonascent"], "ability": "Air Lock", "evs": {"hp": 85, "atk": 85, "def": 85, "spa": 85, "spd": 85, "spe": 85}, "ivs": {"hp": 31, "atk": 31, "def": 31, "spa": 31, "spd": 31, "spe": 31}, "item": "Choice Band", "teraType": "Normal", "role": "Fast Attacker", "bvs": {"hp": 105, "atk": 150, "def": 90, "spa": 150, "spd": 90, "spe": 95}, "stats": {"hp": 270, "atk": 258, "def": 172, "spa": 258, "spd": 172, "spe": 179}, "types": ["Dragon", "Flying"]}, "Meganium": {"name": "Meganium", "species": "Meganium", "speciesId": "meganium", "gender": "F", "shiny": false, "level": 90, "moves": ["knockoff", "swordsdance", "petalblizzard", "earthquake"], "ability": "Overgrow", "evs": {"hp": 85, "atk": 85, "def": 85, "spa": 85, "spd": 85, "spe": 85}, "ivs": {"hp": 31, "atk": 31, "def": 31, "spa": 31, "spd": 31, "spe": 31}, "item": "Leftovers", "teraType": "Steel", "role": "Bulky Setup", "bvs": {"hp": 80, "atk": 82, "def": 100, "spa": 83, "spd": 100, "spe": 80}, "stats": {"hp": 290, "atk": 199, "def": 231, "spa": 201, "spd": 231, "spe": 195}, "types": ["Grass"]}, "Chien-Pao": {"name": "Chien-Pao", "species": "Chien-Pao", "speciesId": "chienpao", "gender": "N", "shiny": false, "level": 72, "moves": ["iceshard", "iciclecrash", "sacredsword", "throatchop"], "ability": "Sword of Ruin", "evs": {"hp": 85, "atk": 85, "def": 85, "spa": 85, "spd": 85, "spe": 85}, "ivs": {"hp": 31, "atk": 31, "def": 31, "spa": 31, "spd": 31, "spe": 31}, "item": "Choice Band", "teraType": "Dark", "role": "Wallbreaker", "bvs": {"hp": 80, "atk": 120, "def": 80, "spa": 90, "spd": 65, "spe": 135}, "stats": {"hp": 234, "atk": 215, "def": 157, "spa": 172, "spd": 136, "spe": 236}, "types": ["Dark", "Ice"]}, "Scyther": {"name": "Scyther", "species": "Scyther", "speciesId": "scyther", "gender": "M", "shiny": false, "level": 82, "moves": ["closecombat", "defog", "dualwingbeat", "uturn"], "ability": "Technician", "evs": {"hp": 85, "atk": 85, "def": 85, "spa": 85, "spd": 85, "spe": 85}, "ivs": {"hp": 31, "atk": 31, "def": 31, "spa": 31, "spd": 31, "spe": 31}, "item": "Heavy-Duty Boots", "teraType": "Fighting", "role": "Fast Support", "bvs": {"hp": 70, "atk": 110, "def": 80, "spa": 55, "spd": 80, "spe": 105}, "stats": {"hp": 249, "atk": 228, "def": 178, "spa": 137, "spd": 178, "spe": 219}, "types": ["Bug", "Flying"]}, "Hitmonlee": {"name": "Hitmonlee", "species": "Hitmonlee", "speciesId": "hitmonlee", "gender": "M", "shiny": false, "level": 85, "moves": ["knockoff", "highjumpkick", "stoneedge", "machpunch"], "ability": "Reckless", "evs": {"hp": 81, "atk": 85, "def": 85, "spa": 85, "spd": 85, "spe": 85}, "ivs": {"hp": 31, "atk": 31, "def": 31, "spa": 31, "spd": 31, "spe": 31}, "item": "Choice Band", "teraType": "Fighting", "role": "Fast Attacker", "bvs": {"hp": 50, "atk": 120, "def": 53, "spa": 35, "spd": 110, "spe": 87}, "stats": {"hp": 223, "atk": 253, "def": 139, "spa": 108, "spd": 236, "spe": 197}, "types": ["Fighting"]}, "Meloetta": {"name": "Meloetta", "species": "Meloetta", "speciesId": "meloetta", "gender": "N", "shiny": false, "level": 82, "moves": ["closecombat", "knockoff", "tripleaxel", "relicsong"], "ability": "Serene Grace", "evs": {"hp": 85, "atk": 85, "def": 85, "spa": 85, "spd": 85, "spe": 85}, "ivs": {"hp": 31, "atk": 31, "def": 31, "spa": 31, "spd": 31, "spe": 31}, "item": "Life Orb", "teraType": "Fighting", "role": "Wallbreaker", "bvs": {"hp": 100, "atk": 77, "def": 77, "spa": 128, "spd": 128, "spe": 90}, "stats": {"hp": 298, "atk": 173, "def": 173, "spa": 257, "spd": 257, "spe": 195}, "types": ["Normal", "Psychic"]}}, {"Ogerpon": {"name": "Ogerpon", "species": "Ogerpon", "speciesId": "ogerpon", "gender": "F", "shiny": false, "level": 80, "moves": ["swordsdance", "knockoff", "superpower", "ivycudgel"], "ability": "Defiant", "evs": {"hp": 85, "atk": 85, "def": 85, "spa": 85, "spd": 85, "spe": 85}, "ivs": {"hp": 31, "atk": 31, "def": 31, "spa": 31, "spd": 31, "spe": 31}, "item": "Life Orb", "teraType": "Grass", "role": "Setup Sweeper", "bvs": {"hp": 80, "atk": 120, "def": 84, "spa": 60, "spd": 96, "spe": 110}, "stats": {"hp": 259, "atk": 238, "def": 181, "spa": 142, "spd": 200, "spe": 222}, "types": ["Grass"]}, "Sneasler": {"name": "Sneasler", "species": "Sneasler", "speciesId": "sneasler", "gender": "M", "shiny": false, "level": 74, "moves": ["direclaw", "uturn", "throatchop", "closecombat"], "ability": "Poison Touch", "evs": {"hp": 85, "atk": 85, "def": 85, "spa": 85, "spd": 85, "spe": 85}, "ivs": {"hp": 31, "atk": 31, "def": 31, "spa": 31, "spd": 31, "spe": 31}, "item": "Choice Band", "teraType": "Fighting", "role": "Fast Attacker", "bvs": {"hp": 80, "atk": 130, "def": 60, "spa": 40, "spd": 80, "spe": 120}, "stats": {"hp": 240, "atk": 235, "def": 132, "spa": 102, "spd": 161, "spe": 221}, "types": ["Fighting", "Poison"]}, "Spiritomb": {"name": "Spiritomb", "species": "Spiritomb", "speciesId": "spiritomb", "gender": "F", "shiny": false, "level": 89, "moves": ["painsplit", "poltergeist", "foulplay", "willowisp"], "ability": "Infiltrator", "evs": {"hp": 85, "atk": 85, "def": 85, "spa": 85, "spd": 85, "spe": 85}, "ivs": {"hp": 31, "atk": 31, "def": 31, "spa": 31, "spd": 31, "spe": 31}, "item": "Leftovers", "teraType": "Poison", "role": "Bulky Support", "bvs": {"hp": 50, "atk": 92, "def": 108, "spa": 92, "spd": 108, "spe": 35}, "stats": {"hp": 234, "atk": 215, "def": 243, "spa": 215, "spd": 243, "spe": 113}, "types": ["Ghost", "Dark"]}, "Chi-Yu": {"name": "Chi-Yu", "species": "Chi-Yu", "speciesId": "chiyu", "gender": "N", "shiny": false, "level": 77, "moves": ["psychic", "flamethrower", "overheat", "darkpulse"], "ability": "Beads of Ruin", "evs": {"hp": 85, "atk": 0, "def": 85, "spa": 85, "spd": 85, "spe": 85}, "ivs": {"hp": 31, "atk": 0, "def": 31, "spa": 31, "spd": 31, "spe": 31}, "item": "Choice Scarf", "teraType": "Fire", "role": "Fast Attacker", "bvs": {"hp": 55, "atk": 80, "def": 80, "spa": 135, "spd": 120, "spe": 100}, "stats": {"hp": 211, "atk": 128, "def": 168, "spa": 252, "spd": 229, "spe": 199}, "types": ["Dark", "Fire"]}, "Cloyster": {"name": "Cloyster", "species": "Cloyster", "speciesId": "cloyster", "gender": "M", "shiny": false, "level": 80, "moves": ["shellsmash", "hydropump", "rockblast", "iciclespear"], "ability": "Skill Link", "evs": {"hp": 85, "atk": 85, "def": 85, "spa": 85, "spd": 85, "spe": 85}, "ivs": {"hp": 31, "atk": 31, "def": 31, "spa": 31, "spd": 31, "spe": 31}, "item": "White Herb", "teraType": "Ice", "role": "Setup Sweeper", "bvs": {"hp": 50, "atk": 95, "def": 180, "spa": 85, "spd": 45, "spe": 70}, "stats": {"hp": 211, "atk": 198, "def": 334, "spa": 182, "spd": 118, "spe": 158}, "types": ["Water", "Ice"]}, "Spectrier": {"name": "Spectrier", "species": "Spectrier", "speciesId": "spectrier", "gender": "N", "shiny": false, "level": 75, "moves": ["nastyplot", "darkpulse", "shadowball", "drainingkiss"], "ability": "Grim Neigh", "evs": {"hp": 85, "atk": 0, "def": 85, "spa": 85, "spd": 85, "spe": 85}, "ivs": {"hp": 31, "atk": 0, "def": 31, "spa": 31, "spd": 31, "spe": 31}, "item": "Life Orb", "teraType": "Dark", "role": "Setup Sweeper", "bvs": {"hp": 100, "atk": 65, "def": 60, "spa": 145, "spd": 80, "spe": 130}, "stats": {"hp": 274, "atk": 102, "def": 134, "spa": 261, "spd": 164, "spe": 239}, "types": ["Ghost"]}}]}