{"id": "gen9randombattle-2641166192", "format": "[Gen 9] Random Battle", "players": ["CelestialFish", "Yomy"], "log": "|j|\u2606CelestialFish\n|j|\u2606Yomy\n|t:|1782748650\n|gametype|singles\n|player|p1|CelestialFish|clerkf|2156\n|player|p2|Yomy|ingo|2191\n|gen|9\n|tier|[Gen 9] Random Battle\n|rated|\n|rule|Species Clause: Limit one of each Pok\u00e9mon\n|rule|HP Percentage Mod: HP is shown in percentages\n|rule|Sleep Clause Mod: Limit one foe put to sleep\n|rule|Illusion Level Mod: Illusion disguises the Pok\u00e9mon's true level\n|\n|t:|1782748651\n|teamsize|p1|6\n|teamsize|p2|6\n|start\n|switch|p1a: Swanna|Swanna, L89, M|278/278\n|switch|p2a: Gastrodon|Gastrodon, L86, F|331/331\n|turn|1\n|inactive|Battle timer is ON: inactive players will automatically lose when time's up. (requested by CelestialFish)\n|\n|t:|1782748676\n|move|p1a: Swanna|Brave Bird|p2a: Gastrodon\n|-damage|p2a: Gastrodon|189/331\n|-damage|p1a: Swanna|231/278|[from] Recoil\n|move|p2a: Gastrodon|Sludge Bomb|p1a: Swanna\n|-damage|p1a: Swanna|151/278\n|-status|p1a: Swanna|psn\n|\n|-heal|p2a: Gastrodon|209/331|[from] item: Leftovers\n|-damage|p1a: Swanna|117/278 psn|[from] psn\n|upkeep\n|turn|2\n|\n|t:|1782748685\n|move|p1a: Swanna|Roost|p1a: Swanna\n|-heal|p1a: Swanna|256/278 psn\n|-singleturn|p1a: Swanna|move: Roost\n|move|p2a: Gastrodon|Recover|p2a: Gastrodon\n|-heal|p2a: Gastrodon|331/331\n|\n|-damage|p1a: Swanna|222/278 psn|[from] psn\n|upkeep\n|turn|3\n|\n|t:|1782748702\n|switch|p2a: Raichu|Raichu-Alola, L87, M|246/246\n|move|p1a: Swanna|Brave Bird|p2a: Raichu\n|-resisted|p2a: Raichu\n|-damage|p2a: Raichu|161/246\n|-damage|p1a: Swanna|194/278 psn|[from] Recoil\n|\n|-damage|p1a: Swanna|160/278 psn|[from] psn\n|upkeep\n|turn|4\n|\n|t:|1782748720\n|switch|p1a: Raikou|Raikou, L81|278/278\n|-ability|p1a: Raikou|Pressure\n|move|p2a: Raichu|Volt Switch|p1a: Raikou\n|-resisted|p1a: Raikou\n|-damage|p1a: Raikou|221/278\n|\n|t:|1782748736\n|switch|p2a: Sableye|Sableye, L88, M|231/231|[from] Volt Switch\n|\n|upkeep\n|turn|5\n|\n|t:|1782748752\n|move|p1a: Raikou|Volt Switch|p2a: Sableye\n|-damage|p2a: Sableye|83/231\n|inactive|CelestialFish has 120 seconds left.\n|\n|t:|1782748780\n|switch|p1a: Sandaconda|Sandaconda, L84, M|258/258|[from] Volt Switch\n|move|p2a: Sableye|Knock Off|p1a: Sandaconda\n|-damage|p1a: Sandaconda|183/258\n|-enditem|p1a: Sandaconda|Loaded Dice|[from] move: Knock Off|[of] p2a: Sableye\n|\n|-heal|p2a: Sableye|97/231|[from] item: Leftovers\n|upkeep\n|turn|6\n|\n|t:|1782748804\n|switch|p2a: Toedscruel|Toedscruel, L87, F|281/281\n|move|p1a: Sandaconda|Earthquake|p2a: Toedscruel\n|-resisted|p2a: Toedscruel\n|-damage|p2a: Toedscruel|218/281\n|\n|upkeep\n|turn|7\n|\n|t:|1782748814\n|switch|p1a: Swanna|Swanna, L89, M|160/278 psn\n|move|p2a: Toedscruel|Leaf Storm|p1a: Swanna\n|-crit|p1a: Swanna\n|-damage|p1a: Swanna|0 fnt\n|-unboost|p2a: Toedscruel|spa|2\n|faint|p1a: Swanna\n|\n|upkeep\n|inactive|CelestialFish has 90 seconds left.\n|inactive|CelestialFish has 60 seconds left.\n|\n|t:|1782748875\n|switch|p1a: Mienshao|Mienshao, L83, M|244/244\n|turn|8\n|\n|t:|1782748896\n|switch|p2a: Sableye|Sableye, L88, M|97/231\n|move|p1a: Mienshao|Close Combat|p2a: Sableye\n|-immune|p2a: Sableye\n|\n|-heal|p2a: Sableye|111/231|[from] item: Leftovers\n|upkeep\n|turn|9\n|\n|t:|1782748905\n|switch|p1a: Sandaconda|Sandaconda, L84, M|183/258\n|move|p2a: Sableye|Recover|p2a: Sableye\n|-heal|p2a: Sableye|227/231\n|\n|-heal|p2a: Sableye|231/231|[from] item: Leftovers\n|upkeep\n|turn|10\n|\n|t:|1782748920\n|move|p2a: Sableye|Will-O-Wisp|p1a: Sandaconda\n|-status|p1a: Sandaconda|brn\n|move|p1a: Sandaconda|Scale Shot|p2a: Sableye\n|-damage|p2a: Sableye|221/231\n|-damage|p2a: Sableye|210/231\n|-hitcount|p2a: Sableye|2\n|-unboost|p1a: Sandaconda|def|1\n|-boost|p1a: Sandaconda|spe|1\n|\n|-activate|p1a: Sandaconda|ability: Shed Skin\n|-curestatus|p1a: Sandaconda|brn|[msg]\n|-heal|p2a: Sableye|224/231|[from] item: Leftovers\n|upkeep\n|turn|11\n|\n|t:|1782748930\n|switch|p2a: Toedscruel|Toedscruel, L87, F|218/281\n|move|p1a: Sandaconda|Earthquake|p2a: Toedscruel\n|-resisted|p2a: Toedscruel\n|-damage|p2a: Toedscruel|155/281\n|\n|upkeep\n|turn|12\n|inactive|CelestialFish has 60 seconds left.\n|inactive|CelestialFish has 30 seconds left.\n|\n|t:|1782748994\n|-terastallize|p1a: Sandaconda|Dragon\n|move|p1a: Sandaconda|Coil|p1a: Sandaconda\n|-boost|p1a: Sandaconda|atk|1\n|-boost|p1a: Sandaconda|def|1\n|-boost|p1a: Sandaconda|accuracy|1\n|move|p2a: Toedscruel|Leaf Storm|p1a: Sandaconda\n|-resisted|p1a: Sandaconda\n|-crit|p1a: Sandaconda\n|-damage|p1a: Sandaconda|79/258\n|-unboost|p2a: Toedscruel|spa|2\n|\n|upkeep\n|turn|13\n|inactive|CelestialFish has 30 seconds left.\n|\n|t:|1782749017\n|switch|p2a: Sableye|Sableye, L88, M|224/231\n|move|p1a: Sandaconda|Scale Shot|p2a: Sableye\n|-damage|p2a: Sableye|181/231\n|-damage|p2a: Sableye|133/231\n|-damage|p2a: Sableye|88/231\n|-damage|p2a: Sableye|43/231\n|-damage|p2a: Sableye|1/231\n|-hitcount|p2a: Sableye|5\n|-unboost|p1a: Sandaconda|def|1\n|-boost|p1a: Sandaconda|spe|1\n|\n|-heal|p2a: Sableye|15/231|[from] item: Leftovers\n|upkeep\n|turn|14\n|inactive|CelestialFish has 30 seconds left.\n|\n|t:|1782749036\n|move|p2a: Sableye|Will-O-Wisp|p1a: Sandaconda|[miss]\n|-miss|p2a: Sableye|p1a: Sandaconda\n|move|p1a: Sandaconda|Scale Shot|p2a: Sableye\n|-damage|p2a: Sableye|0 fnt\n|faint|p2a: Sableye\n|-hitcount|p2: Sableye|1\n|-unboost|p1a: Sandaconda|def|1\n|-boost|p1a: Sandaconda|spe|1\n|\n|upkeep\n|inactive|Yomy has 120 seconds left.\n|\n|t:|1782749047\n|switch|p2a: Gastrodon|Gastrodon, L86, F|331/331\n|turn|15\n|\n|t:|1782749056\n|move|p1a: Sandaconda|Earthquake|p2a: Gastrodon\n|-damage|p2a: Gastrodon|138/331\n|move|p2a: Gastrodon|Earthquake|p1a: Sandaconda\n|-damage|p1a: Sandaconda|0 fnt\n|faint|p1a: Sandaconda\n|\n|-heal|p2a: Gastrodon|158/331|[from] item: Leftovers\n|upkeep\n|inactive|CelestialFish has 30 seconds left.\n|inactive|CelestialFish has 20 seconds left.\n|inactive|CelestialFish has 15 seconds left.\n|inactive|CelestialFish has 10 seconds left.\n|\n|t:|1782749095\n|switch|p1a: Mienshao|Mienshao, L83, M|244/244\n|turn|16\n|inactive|CelestialFish has 20 seconds left this turn.\n|inactive|CelestialFish has 15 seconds left.\n|\n|t:|1782749103\n|switch|p2a: Slither Wing|Slither Wing, L81|270/270\n|move|p1a: Mienshao|Knock Off|p2a: Slither Wing\n|-resisted|p2a: Slither Wing\n|-damage|p2a: Slither Wing|206/270\n|-enditem|p2a: Slither Wing|Heavy-Duty Boots|[from] move: Knock Off|[of] p1a: Mienshao\n|-damage|p1a: Mienshao|220/244|[from] item: Life Orb\n|\n|upkeep\n|turn|17\n|inactive|CelestialFish has 25 seconds left this turn.\n|inactive|CelestialFish has 20 seconds left.\n|inactive|CelestialFish has 15 seconds left.\n|\n|t:|1782749119\n|switch|p1a: Raikou|Raikou, L81|221/278\n|-ability|p1a: Raikou|Pressure\n|move|p2a: Slither Wing|Will-O-Wisp|p1a: Raikou\n|-status|p1a: Raikou|brn\n|\n|-damage|p1a: Raikou|204/278 brn|[from] brn\n|upkeep\n|turn|18\n|inactive|CelestialFish has 25 seconds left this turn.\n|inactive|CelestialFish has 20 seconds left.\n|\n|t:|1782749129\n|-end|p2a: Slither Wing|Protosynthesis|[silent]\n|switch|p2a: Toedscruel|Toedscruel, L87, F|155/281\n|move|p1a: Raikou|Volt Switch|p2a: Toedscruel\n|-immune|p2a: Toedscruel\n|\n|-damage|p1a: Raikou|187/278 brn|[from] brn\n|upkeep\n|turn|19\n|inactive|CelestialFish has 30 seconds left this turn.\n|\n|t:|1782749134\n|switch|p1a: Meowstic|Meowstic, L89, M|277/277\n|move|p2a: Toedscruel|Earth Power|p1a: Meowstic\n|-damage|p1a: Meowstic|190/277\n|-unboost|p1a: Meowstic|spd|1\n|\n|upkeep\n|turn|20\n|\n|t:|1782749143\n|move|p1a: Meowstic|Reflect|p1a: Meowstic\n|-sidestart|p1: CelestialFish|Reflect\n|move|p2a: Toedscruel|Knock Off|p1a: Meowstic\n|-supereffective|p1a: Meowstic\n|-damage|p1a: Meowstic|124/277\n|-enditem|p1a: Meowstic|Light Clay|[from] move: Knock Off|[of] p2a: Toedscruel\n|\n|upkeep\n|turn|21\n|\n|t:|1782749153\n|move|p1a: Meowstic|Light Screen|p1a: Meowstic\n|-sidestart|p1: CelestialFish|move: Light Screen\n|move|p2a: Toedscruel|Earth Power|p1a: Meowstic\n|-damage|p1a: Meowstic|55/277\n|\n|upkeep\n|turn|22\n|\n|t:|1782749159\n|move|p1a: Meowstic|Psychic Noise|p2a: Toedscruel\n|-damage|p2a: Toedscruel|112/281\n|-start|p2a: Toedscruel|move: Heal Block\n|move|p2a: Toedscruel|Earth Power|p1a: Meowstic\n|-damage|p1a: Meowstic|0 fnt\n|faint|p1a: Meowstic\n|\n|upkeep\n|\n|t:|1782749167\n|switch|p1a: Mienshao|Mienshao, L83, M|244/244\n|turn|23\n|inactive|CelestialFish has 60 seconds left.\n|\n|t:|1782749184\n|move|p2a: Toedscruel|Knock Off|p1a: Mienshao\n|-resisted|p1a: Mienshao\n|-damage|p1a: Mienshao|224/244\n|-enditem|p1a: Mienshao|Life Orb|[from] move: Knock Off|[of] p2a: Toedscruel\n|move|p1a: Mienshao|Swords Dance|p1a: Mienshao\n|-boost|p1a: Mienshao|atk|2\n|\n|-end|p2a: Toedscruel|move: Heal Block\n|upkeep\n|turn|24\n|\n|t:|1782749195\n|move|p2a: Toedscruel|Leaf Storm|p1a: Mienshao\n|-damage|p1a: Mienshao|138/244\n|-unboost|p2a: Toedscruel|spa|2\n|move|p1a: Mienshao|Knock Off|p2a: Toedscruel\n|-damage|p2a: Toedscruel|0 fnt\n|-enditem|p2a: Toedscruel|Assault Vest|[from] move: Knock Off|[of] p1a: Mienshao\n|faint|p2a: Toedscruel\n|\n|upkeep\n|\n|t:|1782749211\n|switch|p2a: Slither Wing|Slither Wing, L81|206/270\n|turn|25\n|\n|t:|1782749216\n|move|p1a: Mienshao|Poison Jab|p2a: Slither Wing\n|-damage|p2a: Slither Wing|53/270\n|move|p2a: Slither Wing|Will-O-Wisp|p1a: Mienshao\n|-status|p1a: Mienshao|brn\n|\n|-damage|p1a: Mienshao|123/244 brn|[from] brn\n|-sideend|p1: CelestialFish|move: Light Screen\n|upkeep\n|turn|26\n|\n|t:|1782749221\n|move|p1a: Mienshao|Poison Jab|p2a: Slither Wing\n|-damage|p2a: Slither Wing|0 fnt\n|faint|p2a: Slither Wing\n|-end|p2a: Slither Wing|Protosynthesis|[silent]\n|\n|-damage|p1a: Mienshao|108/244 brn|[from] brn\n|upkeep\n|\n|t:|1782749227\n|switch|p2a: Raichu|Raichu-Alola, L87, M|161/246\n|turn|27\n|\n|t:|1782749229\n|move|p2a: Raichu|Psyshock|p1a: Mienshao\n|-supereffective|p1a: Mienshao\n|-damage|p1a: Mienshao|0 fnt\n|faint|p1a: Mienshao\n|\n|-sideend|p1: CelestialFish|Reflect\n|upkeep\n|\n|t:|1782749240\n|switch|p1a: Groudon|Groudon, L72|263/263\n|-weather|SunnyDay|[from] ability: Drought|[of] p1a: Groudon\n|turn|28\n|\n|t:|1782749269\n|switch|p2a: Tyranitar|Tyranitar, L78, F|284/284\n|-weather|Sandstorm|[from] ability: Sand Stream|[of] p2a: Tyranitar\n|move|p1a: Groudon|Precipice Blades|p2a: Tyranitar\n|-supereffective|p2a: Tyranitar\n|-damage|p2a: Tyranitar|66/284\n|\n|-weather|Sandstorm|[upkeep]\n|-heal|p2a: Tyranitar|83/284|[from] item: Leftovers\n|upkeep\n|turn|29\n|inactive|Yomy has 120 seconds left.\n|\n|t:|1782749285\n|move|p1a: Groudon|Precipice Blades|p2a: Tyranitar\n|-supereffective|p2a: Tyranitar\n|-damage|p2a: Tyranitar|0 fnt\n|faint|p2a: Tyranitar\n|\n|-weather|Sandstorm|[upkeep]\n|upkeep\n|inactive|Yomy has 120 seconds left.\n|\n|t:|1782749305\n|switch|p2a: Raichu|Raichu-Alola, L87, M|161/246\n|turn|30\n|inactive|CelestialFish has 120 seconds left.\n|\n|t:|1782749335\n|-terastallize|p2a: Raichu|Water\n|move|p2a: Raichu|Surf|p1a: Groudon\n|-supereffective|p1a: Groudon\n|-damage|p1a: Groudon|0 fnt\n|faint|p1a: Groudon\n|\n|-weather|Sandstorm|[upkeep]\n|-damage|p2a: Raichu|146/246|[from] Sandstorm\n|upkeep\n|\n|t:|1782749338\n|switch|p1a: Raikou|Raikou, L81|187/278 brn\n|-ability|p1a: Raikou|Pressure\n|turn|31\n|inactive|Yomy has 120 seconds left.\n|\n|t:|1782749346\n|move|p2a: Raichu|Surf|p1a: Raikou\n|-damage|p1a: Raikou|48/278 brn\n|move|p1a: Raikou|Shadow Ball|p2a: Raichu\n|-damage|p2a: Raichu|59/246\n|-unboost|p2a: Raichu|spd|1\n|\n|-weather|Sandstorm|[upkeep]\n|-damage|p2a: Raichu|44/246|[from] Sandstorm\n|-damage|p1a: Raikou|31/278 brn|[from] Sandstorm\n|-damage|p1a: Raikou|14/278 brn|[from] brn\n|upkeep\n|turn|32\n|\n|t:|1782749348\n|move|p2a: Raichu|Surf|p1a: Raikou\n|-damage|p1a: Raikou|0 fnt\n|faint|p1a: Raikou\n|\n|win|Yomy\n|raw|CelestialFish's rating: 2156 &rarr; <strong>2138</strong><br />(-18 for losing)\n|raw|Yomy's rating: 2191 &rarr; <strong>2209</strong><br />(+18 for winning)\n", "inputlog": ">version f8ac14003a5f27e1bdc8d8c59608a773c1cb96e5\n>start {\"formatid\":\"gen9randombattle\",\"seed\":\"sodium,3c50ba0dff597014ff331cca2821b506\",\"rated\":\"Rated battle\"}\n>player p1 {\"name\":\"CelestialFish\",\"avatar\":\"clerkf\",\"rating\":2156,\"seed\":\"sodium,8c4fe0cb51ab3f1218cde45911ce0e01\"}\n>player p2 {\"name\":\"Yomy\",\"avatar\":\"ingo\",\"rating\":2191,\"seed\":\"sodium,3e11bb1a1929e65760fbf814239826ea\"}\n>p1 move bravebird\n>p2 move sludgebomb\n>p1 move roost\n>p2 move recover\n>p1 move bravebird\n>p2 switch 6\n>p1 switch 5\n>p2 move voltswitch\n>p2 switch 5\n>p1 move voltswitch\n>p2 move knockoff\n>p1 switch 2\n>p1 move earthquake\n>p2 switch 4\n>p1 switch 5\n>p2 move leafstorm\n>p1 switch 3\n>p1 move closecombat\n>p2 switch 4\n>p1 switch 5\n>p2 move recover\n>p1 move scaleshot\n>p2 move willowisp\n>p1 move earthquake\n>p2 switch 4\n>p1 move coil terastallize\n>p2 move leafstorm\n>p1 move scaleshot\n>p2 switch 4\n>p1 move scaleshot\n>p2 move willowisp\n>p2 switch 6\n>p1 move earthquake\n>p2 move earthquake\n>p1 switch 5\n>p1 move knockoff\n>p2 switch 3\n>p1 switch 2\n>p2 move willowisp\n>p1 move voltswitch\n>p2 switch 4\n>p1 switch 4\n>p2 move earthpower\n>p1 move reflect\n>p2 move knockoff\n>p1 move lightscreen\n>p2 move earthpower\n>p1 move psychicnoise\n>p2 move earthpower\n>p1 switch 2\n>p1 move swordsdance\n>p2 move knockoff\n>p1 move knockoff\n>p2 move leafstorm\n>p2 switch 4\n>p1 move poisonjab\n>p2 move willowisp\n>p1 move poisonjab\n>p2 move morningsun\n>p2 switch 5\n>p1 move knockoff\n>p2 move psyshock\n>p1 switch 6\n>p1 move precipiceblades\n>p2 switch 2\n>p1 move precipiceblades\n>p2 move knockoff\n>p2 switch 2\n>p1 move heatcrash\n>p2 move surf terastallize\n>p1 switch 4\n>p1 move shadowball\n>p2 move surf\n>p1 move shadowball\n>p2 move surf", "uploadtime": 1782749348, "views": 7, "formatid": "gen9randombattle", "rating": 2138, "private": 0, "password": null, "player_dets": [{"name": "CelestialFish", "avatar": "clerkf", "rating": 2156, "seed": "sodium,8c4fe0cb51ab3f1218cde45911ce0e01"}, {"name": "Yomy", "avatar": "ingo", "rating": 2191, "seed": "sodium,3e11bb1a1929e65760fbf814239826ea"}], "teams_full": [{"Swanna": {"name": "Swanna", "species": "Swanna", "speciesId": "swanna", "gender": "M", "shiny": false, "level": 89, "moves": ["defog", "hydropump", "bravebird", "roost"], "ability": "Hydration", "evs": {"hp": 85, "atk": 85, "def": 85, "spa": 85, "spd": 85, "spe": 85}, "ivs": {"hp": 31, "atk": 31, "def": 31, "spa": 31, "spd": 31, "spe": 31}, "item": "Heavy-Duty Boots", "teraType": "Ground", "role": "Bulky Support", "bvs": {"hp": 75, "atk": 87, "def": 63, "spa": 87, "spd": 63, "spe": 98}, "stats": {"hp": 278, "atk": 206, "def": 163, "spa": 206, "spd": 163, "spe": 225}, "types": ["Water", "Flying"]}, "Sandaconda": {"name": "Sandaconda", "species": "Sandaconda", "speciesId": "sandaconda", "gender": "M", "shiny": false, "level": 84, "moves": ["rockblast", "coil", "scaleshot", "earthquake"], "ability": "Shed Skin", "evs": {"hp": 85, "atk": 85, "def": 85, "spa": 85, "spd": 85, "spe": 85}, "ivs": {"hp": 31, "atk": 31, "def": 31, "spa": 31, "spd": 31, "spe": 31}, "item": "Loaded Dice", "teraType": "Dragon", "role": "Fast Bulky Setup", "bvs": {"hp": 72, "atk": 107, "def": 125, "spa": 65, "spd": 70, "spe": 71}, "stats": {"hp": 258, "atk": 228, "def": 258, "spa": 157, "spd": 166, "spe": 167}, "types": ["Ground"]}, "Mienshao": {"name": "Mienshao", "species": "Mienshao", "speciesId": "mienshao", "gender": "M", "shiny": false, "level": 83, "moves": ["poisonjab", "knockoff", "swordsdance", "closecombat"], "ability": "Regenerator", "evs": {"hp": 85, "atk": 85, "def": 85, "spa": 85, "spd": 85, "spe": 85}, "ivs": {"hp": 31, "atk": 31, "def": 31, "spa": 31, "spd": 31, "spe": 31}, "item": "Life Orb", "teraType": "Poison", "role": "Setup Sweeper", "bvs": {"hp": 65, "atk": 125, "def": 60, "spa": 95, "spd": 60, "spe": 105}, "stats": {"hp": 244, "atk": 255, "def": 147, "spa": 205, "spd": 147, "spe": 222}, "types": ["Fighting"]}, "Meowstic": {"name": "Meowstic", "species": "Meowstic", "speciesId": "meowstic", "gender": "M", "shiny": false, "level": 89, "moves": ["psychicnoise", "alluringvoice", "reflect", "lightscreen"], "ability": "Prankster", "evs": {"hp": 85, "atk": 0, "def": 85, "spa": 85, "spd": 85, "spe": 85}, "ivs": {"hp": 31, "atk": 0, "def": 31, "spa": 31, "spd": 31, "spe": 31}, "item": "Light Clay", "teraType": "Fairy", "role": "Bulky Support", "bvs": {"hp": 74, "atk": 48, "def": 76, "spa": 83, "spd": 81, "spe": 104}, "stats": {"hp": 277, "atk": 90, "def": 186, "spa": 199, "spd": 195, "spe": 236}, "types": ["Psychic"]}, "Raikou": {"name": "Raikou", "species": "Raikou", "speciesId": "raikou", "gender": "N", "shiny": false, "level": 81, "moves": ["scald", "voltswitch", "thunderbolt", "shadowball"], "ability": "Pressure", "evs": {"hp": 85, "atk": 0, "def": 85, "spa": 85, "spd": 85, "spe": 85}, "ivs": {"hp": 31, "atk": 0, "def": 31, "spa": 31, "spd": 31, "spe": 31}, "item": "Choice Specs", "teraType": "Electric", "role": "Bulky Attacker", "bvs": {"hp": 90, "atk": 85, "def": 75, "spa": 115, "spd": 100, "spe": 115}, "stats": {"hp": 278, "atk": 142, "def": 168, "spa": 233, "spd": 209, "spe": 233}, "types": ["Electric"]}, "Groudon": {"name": "Groudon", "species": "Groudon", "speciesId": "groudon", "gender": "N", "shiny": false, "level": 72, "moves": ["spikes", "heatcrash", "precipiceblades", "thunderwave"], "ability": "Drought", "evs": {"hp": 85, "atk": 85, "def": 85, "spa": 85, "spd": 85, "spe": 85}, "ivs": {"hp": 31, "atk": 31, "def": 31, "spa": 31, "spd": 31, "spe": 31}, "item": "Leftovers", "teraType": "Fire", "role": "Bulky Attacker", "bvs": {"hp": 100, "atk": 150, "def": 140, "spa": 100, "spd": 90, "spe": 90}, "stats": {"hp": 263, "atk": 258, "def": 244, "spa": 186, "spd": 172, "spe": 172}, "types": ["Ground"]}}, {"Gastrodon": {"name": "Gastrodon", "species": "Gastrodon", "speciesId": "gastrodon", "gender": "F", "shiny": false, "level": 86, "moves": ["sludgebomb", "recover", "surf", "earthquake"], "ability": "Storm Drain", "evs": {"hp": 85, "atk": 85, "def": 85, "spa": 85, "spd": 85, "spe": 85}, "ivs": {"hp": 31, "atk": 31, "def": 31, "spa": 31, "spd": 31, "spe": 31}, "item": "Leftovers", "teraType": "Poison", "role": "Bulky Support", "bvs": {"hp": 111, "atk": 83, "def": 68, "spa": 92, "spd": 82, "spe": 39}, "stats": {"hp": 331, "atk": 192, "def": 166, "spa": 207, "spd": 190, "spe": 116}, "types": ["Water", "Ground"]}, "Tyranitar": {"name": "Tyranitar", "species": "Tyranitar", "speciesId": "tyranitar", "gender": "F", "shiny": false, "level": 78, "moves": ["knockoff", "stoneedge", "thunderwave", "stealthrock"], "ability": "Sand Stream", "evs": {"hp": 85, "atk": 85, "def": 85, "spa": 85, "spd": 85, "spe": 85}, "ivs": {"hp": 31, "atk": 31, "def": 31, "spa": 31, "spd": 31, "spe": 31}, "item": "Leftovers", "teraType": "Ghost", "role": "Bulky Support", "bvs": {"hp": 100, "atk": 134, "def": 110, "spa": 95, "spd": 100, "spe": 61}, "stats": {"hp": 284, "atk": 254, "def": 217, "spa": 193, "spd": 201, "spe": 140}, "types": ["Rock", "Dark"]}, "Slither Wing": {"name": "Slither Wing", "species": "Slither Wing", "speciesId": "slitherwing", "gender": "N", "shiny": false, "level": 81, "moves": ["uturn", "willowisp", "morningsun", "closecombat"], "ability": "Protosynthesis", "evs": {"hp": 85, "atk": 85, "def": 85, "spa": 85, "spd": 85, "spe": 85}, "ivs": {"hp": 31, "atk": 31, "def": 31, "spa": 31, "spd": 31, "spe": 31}, "item": "Heavy-Duty Boots", "teraType": "Fire", "role": "Fast Support", "bvs": {"hp": 85, "atk": 135, "def": 79, "spa": 85, "spd": 105, "spe": 81}, "stats": {"hp": 270, "atk": 265, "def": 175, "spa": 184, "spd": 217, "spe": 178}, "types": ["Bug", "Fighting"]}, "Toedscruel": {"name": "Toedscruel", "species": "Toedscruel", "speciesId": "toedscruel", "gender": "F", "shiny": false, "level": 87, "moves": ["earthpower", "knockoff", "rapidspin", "leafstorm"], "ability": "Mycelium Might", "evs": {"hp": 85, "atk": 85, "def": 85, "spa": 85, "spd": 85, "spe": 85}, "ivs": {"hp": 31, "atk": 31, "def": 31, "spa": 31, "spd": 31, "spe": 31}, "item": "Assault Vest", "teraType": "Water", "role": "Bulky Support", "bvs": {"hp": 80, "atk": 70, "def": 65, "spa": 80, "spd": 120, "spe": 100}, "stats": {"hp": 281, "atk": 172, "def": 163, "spa": 189, "spd": 259, "spe": 224}, "types": ["Ground", "Grass"]}, "Sableye": {"name": "Sableye", "species": "Sableye", "speciesId": "sableye", "gender": "M", "shiny": false, "level": 88, "moves": ["knockoff", "willowisp", "recover", "encore"], "ability": "Prankster", "evs": {"hp": 85, "atk": 85, "def": 85, "spa": 85, "spd": 85, "spe": 85}, "ivs": {"hp": 31, "atk": 31, "def": 31, "spa": 31, "spd": 31, "spe": 31}, "item": "Leftovers", "teraType": "Poison", "role": "Bulky Support", "bvs": {"hp": 50, "atk": 75, "def": 75, "spa": 65, "spd": 65, "spe": 50}, "stats": {"hp": 231, "atk": 182, "def": 182, "spa": 165, "spd": 165, "spe": 138}, "types": ["Dark", "Ghost"]}, "Raichu": {"name": "Raichu", "species": "Raichu-Alola", "speciesId": "raichualola", "gender": "M", "shiny": false, "level": 87, "moves": ["psyshock", "voltswitch", "surf", "thunderbolt"], "ability": "Surge Surfer", "evs": {"hp": 85, "atk": 0, "def": 85, "spa": 85, "spd": 85, "spe": 85}, "ivs": {"hp": 31, "atk": 0, "def": 31, "spa": 31, "spd": 31, "spe": 31}, "item": "Choice Specs", "teraType": "Water", "role": "Fast Attacker", "bvs": {"hp": 60, "atk": 85, "def": 50, "spa": 95, "spd": 85, "spe": 110}, "stats": {"hp": 246, "atk": 152, "def": 137, "spa": 215, "spd": 198, "spe": 241}, "types": ["Electric", "Psychic"]}}]}