{"id": "gen9randombattle-2641451282", "format": "[Gen 9] Random Battle", "players": ["Aurrem173", "BrutalBjoern"], "log": "|j|\u2606Aurrem173\n|j|\u2606BrutalBjoern\n|t:|1782786771\n|gametype|singles\n|player|p1|Aurrem173|veteranf|2112\n|player|p2|BrutalBjoern|102|2084\n|gen|9\n|tier|[Gen 9] Random Battle\n|rated|\n|rule|Species Clause: Limit one of each Pok\u00e9mon\n|rule|HP Percentage Mod: HP is shown in percentages\n|rule|Sleep Clause Mod: Limit one foe put to sleep\n|rule|Illusion Level Mod: Illusion disguises the Pok\u00e9mon's true level\n|\n|t:|1782786771\n|teamsize|p1|6\n|teamsize|p2|6\n|start\n|switch|p1a: Hawlucha|Hawlucha, L80, M|256/256\n|switch|p2a: Slowking|Slowking, L88, F|310/310\n|turn|1\n|inactive|Battle timer is ON: inactive players will automatically lose when time's up. (requested by Aurrem173)\n|\n|t:|1782786785\n|switch|p1a: Komala|Komala, L88, M|258/258\n|-ability|p1a: Komala|Comatose\n|move|p2a: Slowking|Future Sight|p1a: Komala\n|-start|p2a: Slowking|move: Future Sight\n|\n|upkeep\n|turn|2\n|\n|t:|1782786809\n|move|p1a: Komala|Knock Off|p2a: Slowking\n|-supereffective|p2a: Slowking\n|-damage|p2a: Slowking|130/310\n|-enditem|p2a: Slowking|Heavy-Duty Boots|[from] move: Knock Off|[of] p1a: Komala\n|-prepare|p2a: Slowking|Chilly Reception|[premajor]\n|move|p2a: Slowking|Chilly Reception|p2a: Slowking\n|-weather|Snowscape\n|\n|t:|1782786817\n|switch|p2a: Chesnaught|Chesnaught, L84, F|285/285|[from] Chilly Reception\n|\n|-weather|Snowscape|[upkeep]\n|upkeep\n|turn|3\n|\n|t:|1782786823\n|switch|p1a: Sylveon|Sylveon, L85, M|300/300\n|move|p2a: Chesnaught|Body Press|p1a: Sylveon\n|-resisted|p1a: Sylveon\n|-damage|p1a: Sylveon|234/300\n|\n|-weather|Snowscape|[upkeep]\n|-end|p1a: Sylveon|move: Future Sight\n|-damage|p1a: Sylveon|131/300\n|-heal|p1a: Sylveon|149/300|[from] item: Leftovers\n|upkeep\n|turn|4\n|\n|t:|1782786838\n|switch|p2a: Scizor|Scizor, L79, F|240/240\n|move|p1a: Sylveon|Wish|p1a: Sylveon\n|\n|-weather|Snowscape|[upkeep]\n|-heal|p1a: Sylveon|167/300|[from] item: Leftovers\n|upkeep\n|turn|5\n|\n|t:|1782786845\n|switch|p1a: Ludicolo|Ludicolo, L90, F|290/290\n|move|p2a: Scizor|Bullet Punch|p1a: Ludicolo\n|-resisted|p1a: Ludicolo\n|-damage|p1a: Ludicolo|233/290\n|\n|-weather|Snowscape|[upkeep]\n|-heal|p1a: Ludicolo|290/290|[from] move: Wish|[wisher] Sylveon\n|upkeep\n|turn|6\n|\n|t:|1782786865\n|switch|p2a: Kingdra|Kingdra, L84, F|263/263\n|move|p1a: Ludicolo|Rain Dance|p1a: Ludicolo\n|-weather|RainDance\n|\n|-weather|RainDance|[upkeep]\n|upkeep\n|turn|7\n|\n|t:|1782786872\n|move|p2a: Kingdra|Hurricane|p1a: Ludicolo\n|-supereffective|p1a: Ludicolo\n|-damage|p1a: Ludicolo|121/290\n|-damage|p2a: Kingdra|237/263|[from] item: Life Orb\n|move|p1a: Ludicolo|Giga Drain|p2a: Kingdra\n|-damage|p2a: Kingdra|138/263\n|-heal|p1a: Ludicolo|171/290|[from] drain|[of] p2a: Kingdra\n|-damage|p1a: Ludicolo|142/290|[from] item: Life Orb\n|\n|-weather|RainDance|[upkeep]\n|upkeep\n|turn|8\n|\n|t:|1782786882\n|switch|p1a: Electrode|Electrode, L92|260/260\n|move|p2a: Kingdra|Hurricane|p1a: Electrode\n|-resisted|p1a: Electrode\n|-damage|p1a: Electrode|211/260\n|-damage|p2a: Kingdra|112/263|[from] item: Life Orb\n|\n|-weather|RainDance|[upkeep]\n|upkeep\n|turn|9\n|\n|t:|1782786889\n|switch|p1a: Ludicolo|Ludicolo, L90, F|142/290\n|move|p2a: Kingdra|Wave Crash|p1a: Ludicolo\n|-resisted|p1a: Ludicolo\n|-crit|p1a: Ludicolo\n|-damage|p1a: Ludicolo|43/290\n|-damage|p2a: Kingdra|79/263|[from] Recoil\n|-damage|p2a: Kingdra|53/263|[from] item: Life Orb\n|\n|-weather|RainDance|[upkeep]\n|upkeep\n|turn|10\n|\n|t:|1782786895\n|move|p2a: Kingdra|Wave Crash|p1a: Ludicolo\n|-resisted|p1a: Ludicolo\n|-damage|p1a: Ludicolo|0 fnt\n|faint|p1a: Ludicolo\n|-damage|p2a: Kingdra|39/263|[from] Recoil\n|-damage|p2a: Kingdra|13/263|[from] item: Life Orb\n|\n|-weather|none\n|upkeep\n|\n|t:|1782786901\n|switch|p1a: Electrode|Electrode, L92|211/260\n|turn|11\n|\n|t:|1782786906\n|switch|p2a: Goodra|Goodra-Hisui, L82, F|265/265\n|move|p1a: Electrode|Thunderbolt|p2a: Goodra\n|-resisted|p2a: Goodra\n|-damage|p2a: Goodra|238/265\n|-damage|p1a: Electrode|185/260|[from] item: Life Orb\n|\n|upkeep\n|turn|12\n|\n|t:|1782786926\n|switch|p1a: Porygon2|Porygon2, L81|270/270\n|-ability|p1a: Porygon2|Download|boost\n|-boost|p1a: Porygon2|atk|1\n|move|p2a: Goodra|Heavy Slam|p1a: Porygon2\n|-damage|p1a: Porygon2|186/270\n|\n|upkeep\n|turn|13\n|inactive|Aurrem173 has 120 seconds left.\n|\n|t:|1782786953\n|move|p2a: Goodra|Knock Off|p1a: Porygon2\n|-damage|p1a: Porygon2|143/270\n|-enditem|p1a: Porygon2|Eviolite|[from] move: Knock Off|[of] p2a: Goodra\n|move|p1a: Porygon2|Tri Attack|p2a: Goodra\n|-resisted|p2a: Goodra\n|-damage|p2a: Goodra|220/265\n|\n|upkeep\n|turn|14\n|\n|t:|1782786961\n|move|p2a: Goodra|Heavy Slam|p1a: Porygon2\n|-damage|p1a: Porygon2|10/270\n|move|p1a: Porygon2|Recover|p1a: Porygon2\n|-heal|p1a: Porygon2|145/270\n|\n|upkeep\n|turn|15\n|\n|t:|1782786966\n|move|p2a: Goodra|Heavy Slam|p1a: Porygon2\n|-damage|p1a: Porygon2|18/270\n|move|p1a: Porygon2|Ice Beam|p2a: Goodra\n|-damage|p2a: Goodra|191/265\n|\n|upkeep\n|turn|16\n|\n|t:|1782786978\n|move|p2a: Goodra|Heavy Slam|p1a: Porygon2\n|-damage|p1a: Porygon2|0 fnt\n|faint|p1a: Porygon2\n|\n|upkeep\n|\n|t:|1782786980\n|switch|p1a: Komala|Komala, L88, M|258/258\n|-ability|p1a: Komala|Comatose\n|turn|17\n|\n|t:|1782786989\n|switch|p2a: Chesnaught|Chesnaught, L84, F|285/285\n|move|p1a: Komala|Earthquake|p2a: Chesnaught\n|-resisted|p2a: Chesnaught\n|-damage|p2a: Chesnaught|252/285\n|\n|upkeep\n|turn|18\n|\n|t:|1782787015\n|move|p1a: Komala|Knock Off|p2a: Chesnaught\n|-resisted|p2a: Chesnaught\n|-damage|p2a: Chesnaught|218/285\n|-damage|p1a: Komala|215/258|[from] item: Rocky Helmet|[of] p2a: Chesnaught\n|-enditem|p2a: Chesnaught|Rocky Helmet|[from] move: Knock Off|[of] p1a: Komala\n|move|p2a: Chesnaught|Body Press|p1a: Komala\n|-supereffective|p1a: Komala\n|-damage|p1a: Komala|0 fnt\n|faint|p1a: Komala\n|\n|upkeep\n|\n|t:|1782787023\n|switch|p1a: Hawlucha|Hawlucha, L80, M|256/256\n|turn|19\n|\n|t:|1782787036\n|switch|p2a: Chandelure|Chandelure, L83, F|235/235\n|move|p1a: Hawlucha|Swords Dance|p1a: Hawlucha\n|-boost|p1a: Hawlucha|atk|2\n|\n|upkeep\n|turn|20\n|\n|t:|1782787049\n|switch|p1a: Sylveon|Sylveon, L85, M|167/300\n|move|p2a: Chandelure|Trick|p1a: Sylveon\n|-activate|p2a: Chandelure|move: Trick|[of] p1a: Sylveon\n|-item|p1a: Sylveon|Choice Scarf|[from] move: Trick\n|-item|p2a: Chandelure|Leftovers|[from] move: Trick\n|\n|upkeep\n|turn|21\n|\n|t:|1782787069\n|switch|p2a: Kingdra|Kingdra, L84, F|13/263\n|move|p1a: Sylveon|Wish|p1a: Sylveon\n|\n|upkeep\n|turn|22\n|\n|t:|1782787078\n|switch|p1a: Electrode|Electrode, L92|185/260\n|move|p2a: Kingdra|Rain Dance|p2a: Kingdra\n|-weather|RainDance\n|\n|-weather|RainDance|[upkeep]\n|-heal|p1a: Electrode|260/260|[from] move: Wish|[wisher] Sylveon\n|upkeep\n|turn|23\n|\n|t:|1782787088\n|switch|p1a: Sylveon|Sylveon, L85, M|167/300\n|move|p2a: Kingdra|Wave Crash|p1a: Sylveon\n|-damage|p1a: Sylveon|0 fnt\n|faint|p1a: Sylveon\n|-damage|p2a: Kingdra|0 fnt|[from] Recoil\n|faint|p2a: Kingdra\n|\n|-weather|RainDance|[upkeep]\n|upkeep\n|\n|t:|1782787098\n|switch|p2a: Slowking|Slowking, L88, F|233/310\n|switch|p1a: Hawlucha|Hawlucha, L80, M|256/256\n|turn|24\n|\n|t:|1782787109\n|switch|p1a: Electrode|Electrode, L92|260/260\n|move|p2a: Slowking|Scald|p1a: Electrode\n|-damage|p1a: Electrode|112/260\n|-status|p1a: Electrode|brn\n|\n|-weather|RainDance|[upkeep]\n|-damage|p1a: Electrode|96/260 brn|[from] brn\n|upkeep\n|turn|25\n|\n|t:|1782787116\n|switch|p2a: Goodra|Goodra-Hisui, L82, F|191/265\n|move|p1a: Electrode|Thunderbolt|p2a: Goodra\n|-resisted|p2a: Goodra\n|-damage|p2a: Goodra|160/265\n|-status|p2a: Goodra|par\n|-damage|p1a: Electrode|70/260 brn|[from] item: Life Orb\n|\n|-weather|RainDance|[upkeep]\n|-damage|p1a: Electrode|54/260 brn|[from] brn\n|upkeep\n|turn|26\n|inactive|BrutalBjoern has 120 seconds left.\n|\n|t:|1782787149\n|switch|p2a: Scizor|Scizor, L79, F|240/240\n|move|p1a: Electrode|Thunderbolt|p2a: Scizor\n|-damage|p2a: Scizor|102/240\n|-damage|p1a: Electrode|28/260 brn|[from] item: Life Orb\n|\n|-weather|none\n|-damage|p1a: Electrode|12/260 brn|[from] brn\n|upkeep\n|turn|27\n|\n|t:|1782787158\n|move|p2a: Scizor|Bullet Punch|p1a: Electrode\n|-resisted|p1a: Electrode\n|-damage|p1a: Electrode|0 fnt\n|faint|p1a: Electrode\n|\n|upkeep\n|\n|t:|1782787161\n|switch|p1a: Hawlucha|Hawlucha, L80, M|256/256\n|turn|28\n|\n|t:|1782787168\n|-terastallize|p2a: Scizor|Steel\n|move|p2a: Scizor|Bullet Punch|p1a: Hawlucha\n|-damage|p1a: Hawlucha|78/256\n|move|p1a: Hawlucha|Close Combat|p2a: Scizor\n|-supereffective|p2a: Scizor\n|-damage|p2a: Scizor|0 fnt\n|-unboost|p1a: Hawlucha|def|1\n|-unboost|p1a: Hawlucha|spd|1\n|faint|p2a: Scizor\n|-enditem|p1a: Hawlucha|White Herb\n|-clearnegativeboost|p1a: Hawlucha|[silent]\n|\n|upkeep\n|\n|t:|1782787175\n|switch|p2a: Slowking|Slowking, L88, F|310/310\n|turn|29\n|inactive|Aurrem173 has 120 seconds left.\n|\n|t:|1782787218\n|move|p1a: Hawlucha|Acrobatics|p2a: Slowking\n|-damage|p2a: Slowking|211/310\n|move|p2a: Slowking|Future Sight|p1a: Hawlucha\n|-start|p2a: Slowking|move: Future Sight\n|\n|upkeep\n|turn|30\n|\n|t:|1782787228\n|switch|p2a: Goodra|Goodra-Hisui, L82, F|160/265 par\n|move|p1a: Hawlucha|Encore||[still]\n|-fail|p1a: Hawlucha\n|\n|upkeep\n|turn|31\n|inactive|Aurrem173 has 120 seconds left.\n|\n|t:|1782787237\n|move|p1a: Hawlucha|Close Combat|p2a: Goodra\n|-supereffective|p2a: Goodra\n|-damage|p2a: Goodra|0 fnt\n|-unboost|p1a: Hawlucha|def|1\n|-unboost|p1a: Hawlucha|spd|1\n|faint|p2a: Goodra\n|\n|-end|p1a: Hawlucha|move: Future Sight\n|-supereffective|p1a: Hawlucha\n|-damage|p1a: Hawlucha|0 fnt\n|faint|p1a: Hawlucha\n|\n|win|BrutalBjoern\n", "inputlog": ">version f8ac14003a5f27e1bdc8d8c59608a773c1cb96e5\n>start {\"formatid\":\"gen9randombattle\",\"seed\":\"sodium,edb634359a3fb83dc24b6d88abbfcc25\",\"rated\":\"Rated battle\"}\n>player p1 {\"name\":\"Aurrem173\",\"avatar\":\"veteranf\",\"rating\":2112,\"seed\":\"sodium,4adcb67aa0bbb30cbd808068c7d336de\"}\n>player p2 {\"name\":\"BrutalBjoern\",\"avatar\":\"102\",\"rating\":2084,\"seed\":\"sodium,ad0813ce87e4d99c63e3dffd26474f6d\"}\n>p1 switch 2\n>p2 move futuresight\n>p1 move knockoff\n>p2 move chillyreception\n>p2 switch 4\n>p1 switch 6\n>p2 move bodypress\n>p1 move wish\n>p2 switch 6\n>p1 switch 3\n>p2 move bulletpunch\n>p1 move raindance\n>p2 switch 2\n>p1 move gigadrain\n>p2 move hurricane\n>p1 switch 5\n>p2 move hurricane\n>p1 switch 5\n>p2 move wavecrash\n>p1 move gigadrain\n>p2 move wavecrash\n>p1 switch 5\n>p1 move thunderbolt\n>p2 switch 3\n>p1 switch 4\n>p2 move heavyslam\n>p1 move triattack\n>p2 move knockoff\n>p1 move recover\n>p2 move heavyslam\n>p1 move icebeam\n>p2 move heavyslam\n>p1 move icebeam\n>p2 move heavyslam\n>p1 switch 6\n>p1 move earthquake\n>p2 switch 6\n>p1 move knockoff\n>p2 move bodypress\n>p1 switch 2\n>p1 move swordsdance\n>p2 switch 5\n>p1 switch 3\n>p2 move trick\n>p1 move wish\n>p2 switch 3\n>p1 switch 4\n>p2 move raindance\n>p1 switch 4\n>p2 move wavecrash\n>p1 switch 3\n>p2 switch 4\n>p1 switch 4\n>p2 move scald\n>p1 move thunderbolt\n>p2 switch 6\n>p1 move thunderbolt\n>p2 switch 2\n>p1 move thunderbolt\n>p2 move bulletpunch\n>p1 switch 4\n>p1 move closecombat\n>p2 move bulletpunch terastallize\n>p2 switch 6\n>p1 move acrobatics\n>p2 move futuresight\n>p1 move encore\n>p2 switch 2\n>p1 move closecombat\n>p2 move heavyslam", "uploadtime": 1782786772, "views": 3, "formatid": "gen9randombattle", "rating": null, "private": 0, "password": null, "player_dets": [{"name": "Aurrem173", "avatar": "veteranf", "rating": 2112, "seed": "sodium,4adcb67aa0bbb30cbd808068c7d336de"}, {"name": "BrutalBjoern", "avatar": "102", "rating": 2084, "seed": "sodium,ad0813ce87e4d99c63e3dffd26474f6d"}], "teams_full": [{"Hawlucha": {"name": "Hawlucha", "species": "Hawlucha", "speciesId": "hawlucha", "gender": "M", "shiny": false, "level": 80, "moves": ["swordsdance", "acrobatics", "closecombat", "encore"], "ability": "Unburden", "evs": {"hp": 85, "atk": 85, "def": 85, "spa": 85, "spd": 85, "spe": 85}, "ivs": {"hp": 31, "atk": 31, "def": 31, "spa": 31, "spd": 31, "spe": 31}, "item": "White Herb", "teraType": "Fighting", "role": "Setup Sweeper", "bvs": {"hp": 78, "atk": 92, "def": 75, "spa": 74, "spd": 63, "spe": 118}, "stats": {"hp": 256, "atk": 193, "def": 166, "spa": 165, "spd": 147, "spe": 235}, "types": ["Fighting", "Flying"]}, "Komala": {"name": "Komala", "species": "Komala", "speciesId": "komala", "gender": "M", "shiny": false, "level": 88, "moves": ["earthquake", "knockoff", "bodyslam", "rapidspin"], "ability": "Comatose", "evs": {"hp": 85, "atk": 85, "def": 85, "spa": 85, "spd": 85, "spe": 85}, "ivs": {"hp": 31, "atk": 31, "def": 31, "spa": 31, "spd": 31, "spe": 31}, "item": "Assault Vest", "teraType": "Ghost", "role": "Bulky Support", "bvs": {"hp": 65, "atk": 115, "def": 65, "spa": 75, "spd": 95, "spe": 65}, "stats": {"hp": 258, "atk": 253, "def": 165, "spa": 182, "spd": 217, "spe": 165}, "types": ["Normal"]}, "Ludicolo": {"name": "Ludicolo", "species": "Ludicolo", "speciesId": "ludicolo", "gender": "F", "shiny": false, "level": 90, "moves": ["icebeam", "hydropump", "gigadrain", "raindance"], "ability": "Swift Swim", "evs": {"hp": 85, "atk": 0, "def": 85, "spa": 85, "spd": 85, "spe": 85}, "ivs": {"hp": 31, "atk": 0, "def": 31, "spa": 31, "spd": 31, "spe": 31}, "item": "Life Orb", "teraType": "Water", "role": "Setup Sweeper", "bvs": {"hp": 80, "atk": 70, "def": 70, "spa": 90, "spd": 100, "spe": 70}, "stats": {"hp": 290, "atk": 131, "def": 177, "spa": 213, "spd": 231, "spe": 177}, "types": ["Water", "Grass"]}, "Porygon2": {"name": "Porygon2", "species": "Porygon2", "speciesId": "porygon2", "gender": "N", "shiny": false, "level": 81, "moves": ["triattack", "discharge", "icebeam", "recover"], "ability": "Download", "evs": {"hp": 85, "atk": 0, "def": 85, "spa": 85, "spd": 85, "spe": 85}, "ivs": {"hp": 31, "atk": 0, "def": 31, "spa": 31, "spd": 31, "spe": 31}, "item": "Eviolite", "teraType": "Poison", "role": "Bulky Support", "bvs": {"hp": 85, "atk": 80, "def": 90, "spa": 105, "spd": 95, "spe": 60}, "stats": {"hp": 270, "atk": 134, "def": 192, "spa": 217, "spd": 201, "spe": 144}, "types": ["Normal"]}, "Electrode": {"name": "Electrode", "species": "Electrode", "speciesId": "electrode", "gender": "N", "shiny": false, "level": 92, "moves": ["taunt", "voltswitch", "thunderbolt", "terablast"], "ability": "Soundproof", "evs": {"hp": 85, "atk": 0, "def": 85, "spa": 85, "spd": 85, "spe": 85}, "ivs": {"hp": 31, "atk": 0, "def": 31, "spa": 31, "spd": 31, "spe": 31}, "item": "Life Orb", "teraType": "Ice", "role": "Tera Blast user", "bvs": {"hp": 60, "atk": 50, "def": 70, "spa": 80, "spd": 80, "spe": 150}, "stats": {"hp": 260, "atk": 97, "def": 181, "spa": 200, "spd": 200, "spe": 328}, "types": ["Electric"]}, "Sylveon": {"name": "Sylveon", "species": "Sylveon", "speciesId": "sylveon", "gender": "M", "shiny": false, "level": 85, "moves": ["calmmind", "protect", "wish", "hypervoice"], "ability": "Pixilate", "evs": {"hp": 85, "atk": 0, "def": 85, "spa": 85, "spd": 85, "spe": 85}, "ivs": {"hp": 31, "atk": 0, "def": 31, "spa": 31, "spd": 31, "spe": 31}, "item": "Leftovers", "teraType": "Steel", "role": "Bulky Setup", "bvs": {"hp": 95, "atk": 65, "def": 65, "spa": 110, "spd": 130, "spe": 60}, "stats": {"hp": 300, "atk": 115, "def": 159, "spa": 236, "spd": 270, "spe": 151}, "types": ["Fairy"]}}, {"Slowking": {"name": "Slowking", "species": "Slowking", "speciesId": "slowking", "gender": "F", "shiny": false, "level": 88, "moves": ["slackoff", "futuresight", "chillyreception", "scald"], "ability": "Regenerator", "evs": {"hp": 85, "atk": 0, "def": 85, "spa": 85, "spd": 85, "spe": 85}, "ivs": {"hp": 31, "atk": 0, "def": 31, "spa": 31, "spd": 31, "spe": 31}, "item": "Heavy-Duty Boots", "teraType": "Dragon", "role": "Fast Support", "bvs": {"hp": 95, "atk": 75, "def": 80, "spa": 100, "spd": 110, "spe": 30}, "stats": {"hp": 310, "atk": 137, "def": 191, "spa": 226, "spd": 244, "spe": 103}, "types": ["Water", "Psychic"]}, "Kingdra": {"name": "Kingdra", "species": "Kingdra", "speciesId": "kingdra", "gender": "F", "shiny": false, "level": 84, "moves": ["raindance", "wavecrash", "dracometeor", "hurricane"], "ability": "Swift Swim", "evs": {"hp": 85, "atk": 85, "def": 85, "spa": 85, "spd": 85, "spe": 85}, "ivs": {"hp": 31, "atk": 31, "def": 31, "spa": 31, "spd": 31, "spe": 31}, "item": "Life Orb", "teraType": "Water", "role": "Fast Attacker", "bvs": {"hp": 75, "atk": 95, "def": 95, "spa": 95, "spd": 95, "spe": 85}, "stats": {"hp": 263, "atk": 208, "def": 208, "spa": 208, "spd": 208, "spe": 191}, "types": ["Water", "Dragon"]}, "Goodra": {"name": "Goodra", "species": "Goodra-Hisui", "speciesId": "goodrahisui", "gender": "F", "shiny": false, "level": 82, "moves": ["heavyslam", "dracometeor", "knockoff", "hydropump"], "ability": "Sap Sipper", "evs": {"hp": 85, "atk": 85, "def": 85, "spa": 85, "spd": 85, "spe": 85}, "ivs": {"hp": 31, "atk": 31, "def": 31, "spa": 31, "spd": 31, "spe": 31}, "item": "Assault Vest", "teraType": "Flying", "role": "AV Pivot", "bvs": {"hp": 80, "atk": 100, "def": 100, "spa": 110, "spd": 150, "spe": 60}, "stats": {"hp": 265, "atk": 211, "def": 211, "spa": 228, "spd": 293, "spe": 146}, "types": ["Steel", "Dragon"]}, "Chesnaught": {"name": "Chesnaught", "species": "Chesnaught", "speciesId": "chesnaught", "gender": "F", "shiny": false, "level": 84, "moves": ["woodhammer", "knockoff", "synthesis", "bodypress"], "ability": "Bulletproof", "evs": {"hp": 85, "atk": 85, "def": 85, "spa": 85, "spd": 85, "spe": 85}, "ivs": {"hp": 31, "atk": 31, "def": 31, "spa": 31, "spd": 31, "spe": 31}, "item": "Rocky Helmet", "teraType": "Steel", "role": "Bulky Support", "bvs": {"hp": 88, "atk": 107, "def": 122, "spa": 74, "spd": 75, "spe": 64}, "stats": {"hp": 285, "atk": 228, "def": 253, "spa": 173, "spd": 174, "spe": 156}, "types": ["Grass", "Fighting"]}, "Chandelure": {"name": "Chandelure", "species": "Chandelure", "speciesId": "chandelure", "gender": "F", "shiny": false, "level": 83, "moves": ["trick", "fireblast", "shadowball", "energyball"], "ability": "Flash Fire", "evs": {"hp": 85, "atk": 0, "def": 85, "spa": 85, "spd": 85, "spe": 85}, "ivs": {"hp": 31, "atk": 0, "def": 31, "spa": 31, "spd": 31, "spe": 31}, "item": "Choice Scarf", "teraType": "Grass", "role": "Fast Attacker", "bvs": {"hp": 60, "atk": 55, "def": 90, "spa": 145, "spd": 90, "spe": 80}, "stats": {"hp": 235, "atk": 96, "def": 197, "spa": 288, "spd": 197, "spe": 180}, "types": ["Ghost", "Fire"]}, "Scizor": {"name": "Scizor", "species": "Scizor", "speciesId": "scizor", "gender": "F", "shiny": false, "level": 79, "moves": ["uturn", "closecombat", "bulletpunch", "knockoff"], "ability": "Technician", "evs": {"hp": 85, "atk": 85, "def": 85, "spa": 85, "spd": 85, "spe": 85}, "ivs": {"hp": 31, "atk": 31, "def": 31, "spa": 31, "spd": 31, "spe": 31}, "item": "Choice Band", "teraType": "Steel", "role": "Wallbreaker", "bvs": {"hp": 70, "atk": 130, "def": 100, "spa": 55, "spd": 80, "spe": 65}, "stats": {"hp": 240, "atk": 251, "def": 204, "spa": 132, "spd": 172, "spe": 148}, "types": ["Bug", "Steel"]}}]}