{"id": "gen9randombattle-2641688006", "format": "[Gen 9] Random Battle", "players": ["Santi143", "GothPerona"], "log": "|j|\u2606Santi143\n|j|\u2606GothPerona\n|t:|1782829955\n|gametype|singles\n|player|p1|Santi143|cameraman|2202\n|player|p2|GothPerona|marley|2274\n|gen|9\n|tier|[Gen 9] Random Battle\n|rated|\n|rule|Species Clause: Limit one of each Pok\u00e9mon\n|rule|HP Percentage Mod: HP is shown in percentages\n|rule|Sleep Clause Mod: Limit one foe put to sleep\n|rule|Illusion Level Mod: Illusion disguises the Pok\u00e9mon's true level\n|\n|t:|1782829955\n|teamsize|p1|6\n|teamsize|p2|6\n|start\n|switch|p1a: Golem|Golem, L87, F|281/281\n|switch|p2a: Landorus|Landorus-Therian, L76, M|260/260\n|-ability|p2a: Landorus|Intimidate|boost\n|-unboost|p1a: Golem|atk|1\n|turn|1\n|inactive|Battle timer is ON: inactive players will automatically lose when time's up. (requested by GothPerona)\n|inactive|Santi143 also wants the timer to be on.\n|\n|t:|1782829985\n|switch|p1a: Mienshao|Mienshao, L83, M|244/244\n|move|p2a: Landorus|Taunt|p1a: Mienshao\n|-start|p1a: Mienshao|move: Taunt\n|\n|upkeep\n|turn|2\n|\n|t:|1782829999\n|switch|p2a: Dondozo|Dondozo, L78, M|362/362\n|move|p1a: Mienshao|Knock Off|p2a: Dondozo\n|-damage|p2a: Dondozo|286/362\n|-enditem|p2a: Dondozo|Leftovers|[from] move: Knock Off|[of] p1a: Mienshao\n|\n|upkeep\n|turn|3\n|\n|t:|1782830006\n|move|p1a: Mienshao|U-turn|p2a: Dondozo\n|-damage|p2a: Dondozo|229/362\n|\n|t:|1782830009\n|switch|p1a: Flapple|Flapple, L88, F|266/266|[from] U-turn\n|move|p2a: Dondozo|Wave Crash|p1a: Flapple\n|-resisted|p1a: Flapple\n|-damage|p1a: Flapple|236/266\n|-damage|p2a: Dondozo|219/362|[from] Recoil\n|\n|upkeep\n|turn|4\n|\n|t:|1782830019\n|switch|p2a: Landorus|Landorus-Therian, L76, M|260/260\n|-ability|p2a: Landorus|Intimidate|boost\n|-unboost|p1a: Flapple|atk|1\n|move|p1a: Flapple|U-turn|p2a: Landorus|[miss]\n|-miss|p1a: Flapple|p2a: Landorus\n|\n|upkeep\n|turn|5\n|\n|t:|1782830025\n|switch|p1a: Mienshao|Mienshao, L83, M|244/244\n|move|p2a: Landorus|U-turn|p1a: Mienshao\n|-resisted|p1a: Mienshao\n|-damage|p1a: Mienshao|209/244\n|\n|t:|1782830040\n|switch|p2a: Sunflora|Sunflora, F|312/312|[from] U-turn\n|\n|upkeep\n|turn|6\n|\n|t:|1782830046\n|move|p1a: Mienshao|Fake Out|p2a: Sunflora\n|-damage|p2a: Sunflora|273/312\n|cant|p2a: Sunflora|flinch\n|\n|upkeep\n|turn|7\n|\n|t:|1782830053\n|move|p1a: Mienshao|U-turn|p2a: Sunflora\n|-supereffective|p2a: Sunflora\n|-damage|p2a: Sunflora|137/312\n|\n|t:|1782830062\n|switch|p1a: Charizard|Charizard, L85, M|271/271|[from] U-turn\n|move|p2a: Sunflora|Sunny Day|p2a: Sunflora\n|-weather|SunnyDay\n|\n|-weather|SunnyDay|[upkeep]\n|upkeep\n|turn|8\n|\n|t:|1782830072\n|move|p2a: Sunflora|Weather Ball|p1a: Charizard\n|-resisted|p1a: Charizard\n|-damage|p1a: Charizard|166/271\n|-damage|p2a: Sunflora|106/312|[from] item: Life Orb\n|move|p1a: Charizard|Dragon Dance|p1a: Charizard\n|-boost|p1a: Charizard|atk|1\n|-boost|p1a: Charizard|spe|1\n|\n|-weather|SunnyDay|[upkeep]\n|upkeep\n|turn|9\n|\n|t:|1782830076\n|switch|p2a: Dondozo|Dondozo, L78, M|219/362\n|move|p1a: Charizard|Flare Blitz|p2a: Dondozo\n|-resisted|p2a: Dondozo\n|-damage|p2a: Dondozo|146/362\n|-damage|p1a: Charizard|142/271|[from] Recoil\n|\n|-weather|SunnyDay|[upkeep]\n|upkeep\n|turn|10\n|\n|t:|1782830083\n|switch|p1a: Flapple|Flapple, L88, F|236/266\n|move|p2a: Dondozo|Rest|p2a: Dondozo\n|-status|p2a: Dondozo|slp|[from] move: Rest\n|-heal|p2a: Dondozo|362/362 slp|[silent]\n|\n|-weather|SunnyDay|[upkeep]\n|upkeep\n|turn|11\n|\n|t:|1782830088\n|switch|p2a: Landorus|Landorus-Therian, L76, M|260/260\n|-ability|p2a: Landorus|Intimidate|boost\n|-unboost|p1a: Flapple|atk|1\n|move|p1a: Flapple|U-turn|p2a: Landorus\n|-resisted|p2a: Landorus\n|-damage|p2a: Landorus|211/260\n|\n|t:|1782830095\n|switch|p1a: Mienshao|Mienshao, L83, M|244/244|[from] U-turn\n|\n|-weather|none\n|-heal|p2a: Landorus|227/260|[from] item: Leftovers\n|upkeep\n|turn|12\n|\n|t:|1782830098\n|move|p1a: Mienshao|Knock Off|p2a: Landorus\n|-damage|p2a: Landorus|144/260\n|-enditem|p2a: Landorus|Leftovers|[from] move: Knock Off|[of] p1a: Mienshao\n|move|p2a: Landorus|Earthquake|p1a: Mienshao\n|-damage|p1a: Mienshao|97/244\n|\n|upkeep\n|turn|13\n|\n|t:|1782830104\n|move|p1a: Mienshao|U-turn|p2a: Landorus\n|-resisted|p2a: Landorus\n|-damage|p2a: Landorus|113/260\n|\n|t:|1782830107\n|switch|p1a: Charizard|Charizard, L85, M|142/271|[from] U-turn\n|move|p2a: Landorus|U-turn|p1a: Charizard\n|-resisted|p1a: Charizard\n|-damage|p1a: Charizard|127/271\n|\n|t:|1782830119\n|switch|p2a: Regieleki|Regieleki, L79|256/256|[from] U-turn\n|\n|upkeep\n|turn|14\n|\n|t:|1782830130\n|-terastallize|p2a: Regieleki|Ice\n|move|p2a: Regieleki|Tera Blast|p1a: Charizard|[anim] Tera Blast Ice\n|-damage|p1a: Charizard|42/271\n|move|p1a: Charizard|Earthquake|p2a: Regieleki\n|-damage|p2a: Regieleki|148/256\n|\n|upkeep\n|turn|15\n|\n|t:|1782830138\n|switch|p1a: Spiritomb|Spiritomb, L89, M|234/234\n|move|p2a: Regieleki|Tera Blast|p1a: Spiritomb|[anim] Tera Blast Ice\n|-damage|p1a: Spiritomb|168/234\n|\n|-heal|p1a: Spiritomb|182/234|[from] item: Leftovers\n|upkeep\n|turn|16\n|\n|t:|1782830148\n|switch|p2a: Landorus|Landorus-Therian, L76, M|113/260\n|-ability|p2a: Landorus|Intimidate|boost\n|-unboost|p1a: Spiritomb|atk|1\n|move|p1a: Spiritomb|Foul Play|p2a: Landorus\n|-damage|p2a: Landorus|0 fnt\n|faint|p2a: Landorus\n|\n|-heal|p1a: Spiritomb|196/234|[from] item: Leftovers\n|upkeep\n|\n|t:|1782830161\n|switch|p2a: Bisharp|Bisharp, L79, F|232/232\n|turn|17\n|\n|t:|1782830168\n|switch|p1a: Mienshao|Mienshao, L83, M|178/244\n|move|p2a: Bisharp|Stealth Rock|p1a: Mienshao\n|-sidestart|p1: Santi143|move: Stealth Rock\n|\n|upkeep\n|turn|18\n|\n|t:|1782830178\n|switch|p2a: Dondozo|Dondozo, L78, M|362/362 slp\n|move|p1a: Mienshao|Close Combat|p2a: Dondozo\n|-damage|p2a: Dondozo|224/362 slp\n|-unboost|p1a: Mienshao|def|1\n|-unboost|p1a: Mienshao|spd|1\n|\n|upkeep\n|turn|19\n|\n|t:|1782830189\n|move|p1a: Mienshao|U-turn|p2a: Dondozo\n|-damage|p2a: Dondozo|167/362 slp\n|\n|t:|1782830192\n|switch|p1a: Flapple|Flapple, L88, F|236/266|[from] U-turn\n|-damage|p1a: Flapple|203/266|[from] Stealth Rock\n|cant|p2a: Dondozo|slp\n|move|p2a: Dondozo|Sleep Talk|p2a: Dondozo\n|move|p2a: Dondozo|Curse|p2a: Dondozo|[from] move: Sleep Talk\n|-unboost|p2a: Dondozo|spe|1\n|-boost|p2a: Dondozo|atk|1\n|-boost|p2a: Dondozo|def|1\n|\n|upkeep\n|turn|20\n|\n|t:|1782830200\n|switch|p2a: Registeel|Registeel, L81|262/262\n|move|p1a: Flapple|Grav Apple|p2a: Registeel|[miss]\n|-miss|p1a: Flapple|p2a: Registeel\n|\n|upkeep\n|turn|21\n|\n|t:|1782830211\n|switch|p1a: Mienshao|Mienshao, L83, M|244/244\n|-damage|p1a: Mienshao|229/244|[from] Stealth Rock\n|move|p2a: Registeel|Iron Defense|p2a: Registeel\n|-boost|p2a: Registeel|def|2\n|\n|upkeep\n|turn|22\n|\n|t:|1782830225\n|move|p1a: Mienshao|Fake Out|p2a: Registeel\n|-resisted|p2a: Registeel\n|-damage|p2a: Registeel|256/262\n|cant|p2a: Registeel|flinch\n|\n|upkeep\n|turn|23\n|\n|t:|1782830240\n|move|p1a: Mienshao|Knock Off|p2a: Registeel\n|-damage|p2a: Registeel|226/262\n|-enditem|p2a: Registeel|Chesto Berry|[from] move: Knock Off|[of] p1a: Mienshao\n|move|p2a: Registeel|Body Press|p1a: Mienshao\n|-damage|p1a: Mienshao|37/244\n|\n|upkeep\n|turn|24\n|\n|t:|1782830248\n|move|p1a: Mienshao|U-turn|p2a: Registeel\n|-resisted|p2a: Registeel\n|-damage|p2a: Registeel|216/262\n|\n|t:|1782830251\n|switch|p1a: Spiritomb|Spiritomb, L89, M|196/234|[from] U-turn\n|-damage|p1a: Spiritomb|167/234|[from] Stealth Rock\n|move|p2a: Registeel|Body Press|p1a: Spiritomb\n|-immune|p1a: Spiritomb\n|\n|-heal|p1a: Spiritomb|181/234|[from] item: Leftovers\n|upkeep\n|turn|25\n|\n|t:|1782830263\n|move|p2a: Registeel|Iron Defense|p2a: Registeel\n|-boost|p2a: Registeel|def|2\n|move|p1a: Spiritomb|Foul Play|p2a: Registeel\n|-damage|p2a: Registeel|195/262\n|\n|-heal|p1a: Spiritomb|195/234|[from] item: Leftovers\n|upkeep\n|turn|26\n|\n|t:|1782830289\n|move|p2a: Registeel|Iron Head|p1a: Spiritomb\n|-damage|p1a: Spiritomb|143/234\n|move|p1a: Spiritomb|Foul Play|p2a: Registeel\n|-damage|p2a: Registeel|177/262\n|\n|-heal|p1a: Spiritomb|157/234|[from] item: Leftovers\n|upkeep\n|turn|27\n|\n|t:|1782830304\n|switch|p1a: Electrode|Electrode, L92|260/260\n|-damage|p1a: Electrode|228/260|[from] Stealth Rock\n|move|p2a: Registeel|Iron Head|p1a: Electrode\n|-resisted|p1a: Electrode\n|-damage|p1a: Electrode|193/260\n|-status|p2a: Registeel|par|[from] ability: Static|[of] p1a: Electrode\n|\n|upkeep\n|turn|28\n|\n|t:|1782830324\n|move|p1a: Electrode|Thunderbolt|p2a: Registeel\n|-damage|p2a: Registeel|95/262 par\n|-damage|p1a: Electrode|167/260|[from] item: Life Orb\n|move|p2a: Registeel|Rest|p2a: Registeel\n|-status|p2a: Registeel|slp|[from] move: Rest\n|-heal|p2a: Registeel|262/262 slp|[silent]\n|\n|upkeep\n|turn|29\n|\n|t:|1782830330\n|move|p1a: Electrode|Thunderbolt|p2a: Registeel\n|-damage|p2a: Registeel|167/262 slp\n|-damage|p1a: Electrode|141/260|[from] item: Life Orb\n|cant|p2a: Registeel|slp\n|\n|upkeep\n|turn|30\n|\n|t:|1782830339\n|move|p1a: Electrode|Thunderbolt|p2a: Registeel\n|-damage|p2a: Registeel|76/262 slp\n|-damage|p1a: Electrode|115/260|[from] item: Life Orb\n|cant|p2a: Registeel|slp\n|\n|upkeep\n|turn|31\n|\n|t:|1782830345\n|switch|p2a: Bisharp|Bisharp, L79, F|232/232\n|move|p1a: Electrode|Thunderbolt|p2a: Bisharp\n|-damage|p2a: Bisharp|125/232\n|-damage|p1a: Electrode|89/260|[from] item: Life Orb\n|\n|upkeep\n|turn|32\n|\n|t:|1782830359\n|move|p1a: Electrode|Thunderbolt|p2a: Bisharp\n|-crit|p2a: Bisharp\n|-damage|p2a: Bisharp|0 fnt\n|faint|p2a: Bisharp\n|-damage|p1a: Electrode|63/260|[from] item: Life Orb\n|\n|upkeep\n|\n|t:|1782830369\n|switch|p2a: Regieleki|Regieleki, L79, tera:Ice|148/256\n|turn|33\n|\n|t:|1782830375\n|move|p2a: Regieleki|Tera Blast|p1a: Electrode|[anim] Tera Blast Ice\n|-damage|p1a: Electrode|0 fnt\n|faint|p1a: Electrode\n|\n|upkeep\n|\n|t:|1782830380\n|switch|p1a: Spiritomb|Spiritomb, L89, M|157/234\n|-damage|p1a: Spiritomb|128/234|[from] Stealth Rock\n|turn|34\n|\n|t:|1782830384\n|move|p2a: Regieleki|Volt Switch|p1a: Spiritomb\n|-crit|p1a: Spiritomb\n|-damage|p1a: Spiritomb|0 fnt\n|faint|p1a: Spiritomb\n|\n|t:|1782830392\n|switch|p2a: Dondozo|Dondozo, L78, M|167/362 slp|[from] Volt Switch\n|\n|upkeep\n|\n|t:|1782830396\n|switch|p1a: Flapple|Flapple, L88, F|203/266\n|-damage|p1a: Flapple|170/266|[from] Stealth Rock\n|turn|35\n|\n|t:|1782830400\n|move|p1a: Flapple|U-turn|p2a: Dondozo\n|-damage|p2a: Dondozo|51/362 slp\n|\n|t:|1782830405\n|switch|p1a: Mienshao|Mienshao, L83, M|118/244|[from] U-turn\n|-damage|p1a: Mienshao|103/244|[from] Stealth Rock\n|cant|p2a: Dondozo|slp\n|move|p2a: Dondozo|Sleep Talk|p2a: Dondozo\n|move|p2a: Dondozo|Curse|p2a: Dondozo|[from] move: Sleep Talk\n|-unboost|p2a: Dondozo|spe|1\n|-boost|p2a: Dondozo|atk|1\n|-boost|p2a: Dondozo|def|1\n|\n|upkeep\n|turn|36\n|\n|t:|1782830409\n|move|p1a: Mienshao|Close Combat|p2a: Dondozo\n|-damage|p2a: Dondozo|0 fnt\n|-unboost|p1a: Mienshao|def|1\n|-unboost|p1a: Mienshao|spd|1\n|faint|p2a: Dondozo\n|\n|upkeep\n|\n|t:|1782830411\n|switch|p2a: Regieleki|Regieleki, L79, tera:Ice|148/256\n|turn|37\n|\n|t:|1782830418\n|switch|p1a: Charizard|Charizard, L85, M|42/271\n|move|p2a: Regieleki|Tera Blast|p1a: Charizard|[anim] Tera Blast Ice\n|-damage|p1a: Charizard|0 fnt\n|faint|p1a: Charizard\n|\n|upkeep\n|\n|t:|1782830431\n|switch|p1a: Golem|Golem, L87, F|281/281\n|-damage|p1a: Golem|264/281|[from] Stealth Rock\n|turn|38\n|\n|t:|1782830441\n|move|p2a: Regieleki|Tera Blast|p1a: Golem|[anim] Tera Blast Ice\n|-supereffective|p1a: Golem\n|-damage|p1a: Golem|76/281\n|-enditem|p1a: Golem|Weakness Policy\n|-boost|p1a: Golem|atk|2|[from] item: Weakness Policy\n|-boost|p1a: Golem|spa|2|[from] item: Weakness Policy\n|move|p1a: Golem|Earthquake|p2a: Regieleki\n|-damage|p2a: Regieleki|0 fnt\n|faint|p2a: Regieleki\n|\n|upkeep\n|\n|t:|1782830444\n|switch|p2a: Registeel|Registeel, L81|76/262 slp\n|turn|39\n|\n|t:|1782830448\n|-curestatus|p2a: Registeel|slp|[msg]\n|move|p2a: Registeel|Body Press|p1a: Golem\n|-supereffective|p1a: Golem\n|-damage|p1a: Golem|0 fnt\n|faint|p1a: Golem\n|\n|upkeep\n|\n|t:|1782830454\n|switch|p1a: Mienshao|Mienshao, L83, M|184/244\n|-damage|p1a: Mienshao|169/244|[from] Stealth Rock\n|turn|40\n|-message|GothPerona forfeited.\n|\n|win|Santi143\n", "inputlog": ">version f8ac14003a5f27e1bdc8d8c59608a773c1cb96e5\n>start {\"formatid\":\"gen9randombattle\",\"seed\":\"sodium,d43cf376695f7c4e0c435f2d81a4fb15\",\"rated\":\"Rated battle\"}\n>player p1 {\"name\":\"Santi143\",\"avatar\":\"cameraman\",\"rating\":2202,\"seed\":\"sodium,24f2ecebe1a842c2320ef908a5b90e09\"}\n>player p2 {\"name\":\"GothPerona\",\"avatar\":\"marley\",\"rating\":2274,\"seed\":\"sodium,93c96c015f21d881bbcaf486a7aabf1c\"}\n>p1 switch 5\n>p2 move taunt\n>p1 move knockoff\n>p2 switch 3\n>p1 move uturn\n>p2 move wavecrash\n>p1 switch 3\n>p1 move uturn\n>p2 switch 3\n>p1 switch 3\n>p2 move uturn\n>p2 switch 6\n>p1 move fakeout\n>p2 move sunnyday\n>p1 move uturn\n>p2 move sunnyday\n>p1 switch 4\n>p1 move dragondance\n>p2 move weatherball\n>p1 move flareblitz\n>p2 switch 3\n>p1 switch 3\n>p2 move rest\n>p1 move uturn\n>p2 switch 6\n>p1 switch 4\n>p1 move knockoff\n>p2 move earthquake\n>p1 move uturn\n>p2 move uturn\n>p1 switch 3\n>p2 switch 4\n>p1 move earthquake\n>p2 move terablast terastallize\n>p1 switch 2\n>p2 move terablast\n>p1 move foulplay\n>p2 switch 4\n>p2 switch 5\n>p1 switch 3\n>p2 move stealthrock\n>p1 move closecombat\n>p2 switch 6\n>p1 move uturn\n>p2 move sleeptalk\n>p1 switch 4\n>p1 move gravapple\n>p2 switch 2\n>p1 switch 4\n>p2 move irondefense\n>p1 move fakeout\n>p2 move bodypress\n>p1 move knockoff\n>p2 move bodypress\n>p1 move uturn\n>p2 move bodypress\n>p1 switch 3\n>p1 move foulplay\n>p2 move irondefense\n>p1 move foulplay\n>p2 move ironhead\n>p1 switch 6\n>p2 move ironhead\n>p1 move thunderbolt\n>p2 move rest\n>p1 move thunderbolt\n>p2 move bodypress\n>p1 move thunderbolt\n>p2 move rest\n>p1 move thunderbolt\n>p2 switch 6\n>p1 move thunderbolt\n>p2 move throatchop\n>p2 switch 4\n>p1 move explosion\n>p2 move terablast\n>p1 switch 6\n>p1 move foulplay\n>p2 move voltswitch\n>p2 switch 2\n>p1 switch 4\n>p1 move uturn\n>p2 move sleeptalk\n>p1 switch 3\n>p1 move closecombat\n>p2 move rest\n>p2 switch 2\n>p1 switch 2\n>p2 move terablast\n>p1 switch 5\n>p1 move earthquake\n>p2 move terablast\n>p2 switch 6\n>p1 move earthquake\n>p2 move bodypress\n>p1 switch 2\n>forcelose p2", "uploadtime": 1782829957, "views": 3, "formatid": "gen9randombattle", "rating": null, "private": 0, "password": null, "player_dets": [{"name": "Santi143", "avatar": "cameraman", "rating": 2202, "seed": "sodium,24f2ecebe1a842c2320ef908a5b90e09"}, {"name": "GothPerona", "avatar": "marley", "rating": 2274, "seed": "sodium,93c96c015f21d881bbcaf486a7aabf1c"}], "teams_full": [{"Golem": {"name": "Golem", "species": "Golem", "speciesId": "golem", "gender": "F", "shiny": false, "level": 87, "moves": ["earthquake", "rockpolish", "explosion", "stoneedge"], "ability": "Sturdy", "evs": {"hp": 85, "atk": 85, "def": 85, "spa": 85, "spd": 85, "spe": 85}, "ivs": {"hp": 31, "atk": 31, "def": 31, "spa": 31, "spd": 31, "spe": 31}, "item": "Weakness Policy", "teraType": "Grass", "role": "Bulky Attacker", "bvs": {"hp": 80, "atk": 120, "def": 130, "spa": 55, "spd": 65, "spe": 45}, "stats": {"hp": 281, "atk": 259, "def": 276, "spa": 145, "spd": 163, "spe": 128}, "types": ["Rock", "Ground"]}, "Spiritomb": {"name": "Spiritomb", "species": "Spiritomb", "speciesId": "spiritomb", "gender": "M", "shiny": false, "level": 89, "moves": ["foulplay", "suckerpunch", "poltergeist", "toxic"], "ability": "Infiltrator", "evs": {"hp": 85, "atk": 85, "def": 85, "spa": 85, "spd": 85, "spe": 85}, "ivs": {"hp": 31, "atk": 31, "def": 31, "spa": 31, "spd": 31, "spe": 31}, "item": "Leftovers", "teraType": "Steel", "role": "Bulky Support", "bvs": {"hp": 50, "atk": 92, "def": 108, "spa": 92, "spd": 108, "spe": 35}, "stats": {"hp": 234, "atk": 215, "def": 243, "spa": 215, "spd": 243, "spe": 113}, "types": ["Ghost", "Dark"]}, "Flapple": {"name": "Flapple", "species": "Flapple", "speciesId": "flapple", "gender": "F", "shiny": false, "level": 88, "moves": ["gravapple", "uturn", "suckerpunch", "outrage"], "ability": "Hustle", "evs": {"hp": 85, "atk": 85, "def": 85, "spa": 85, "spd": 85, "spe": 85}, "ivs": {"hp": 31, "atk": 31, "def": 31, "spa": 31, "spd": 31, "spe": 31}, "item": "Choice Band", "teraType": "Steel", "role": "Fast Attacker", "bvs": {"hp": 70, "atk": 110, "def": 80, "spa": 95, "spd": 60, "spe": 70}, "stats": {"hp": 266, "atk": 244, "def": 191, "spa": 217, "spd": 156, "spe": 173}, "types": ["Grass", "Dragon"]}, "Charizard": {"name": "Charizard", "species": "Charizard", "speciesId": "charizard", "gender": "M", "shiny": false, "level": 85, "moves": ["outrage", "dragondance", "earthquake", "flareblitz"], "ability": "Blaze", "evs": {"hp": 85, "atk": 85, "def": 85, "spa": 85, "spd": 85, "spe": 85}, "ivs": {"hp": 31, "atk": 31, "def": 31, "spa": 31, "spd": 31, "spe": 31}, "item": "Heavy-Duty Boots", "teraType": "Ground", "role": "Setup Sweeper", "bvs": {"hp": 78, "atk": 84, "def": 78, "spa": 109, "spd": 85, "spe": 100}, "stats": {"hp": 271, "atk": 192, "def": 181, "spa": 234, "spd": 193, "spe": 219}, "types": ["Fire", "Flying"]}, "Mienshao": {"name": "Mienshao", "species": "Mienshao", "speciesId": "mienshao", "gender": "M", "shiny": false, "level": 83, "moves": ["knockoff", "closecombat", "fakeout", "uturn"], "ability": "Regenerator", "evs": {"hp": 85, "atk": 85, "def": 85, "spa": 85, "spd": 85, "spe": 85}, "ivs": {"hp": 31, "atk": 31, "def": 31, "spa": 31, "spd": 31, "spe": 31}, "item": "Assault Vest", "teraType": "Dark", "role": "AV Pivot", "bvs": {"hp": 65, "atk": 125, "def": 60, "spa": 95, "spd": 60, "spe": 105}, "stats": {"hp": 244, "atk": 255, "def": 147, "spa": 205, "spd": 147, "spe": 222}, "types": ["Fighting"]}, "Electrode": {"name": "Electrode", "species": "Electrode", "speciesId": "electrode", "gender": "N", "shiny": false, "level": 92, "moves": ["thunderbolt", "explosion", "foulplay", "taunt"], "ability": "Static", "evs": {"hp": 85, "atk": 85, "def": 85, "spa": 85, "spd": 85, "spe": 85}, "ivs": {"hp": 31, "atk": 31, "def": 31, "spa": 31, "spd": 31, "spe": 31}, "item": "Life Orb", "teraType": "Dark", "role": "Fast Support", "bvs": {"hp": 60, "atk": 50, "def": 70, "spa": 80, "spd": 80, "spe": 150}, "stats": {"hp": 260, "atk": 144, "def": 181, "spa": 200, "spd": 200, "spe": 328}, "types": ["Electric"]}}, {"Landorus": {"name": "Landorus", "species": "Landorus-Therian", "speciesId": "landorustherian", "gender": "M", "shiny": false, "level": 76, "moves": ["stoneedge", "uturn", "taunt", "earthquake"], "ability": "Intimidate", "evs": {"hp": 85, "atk": 85, "def": 85, "spa": 85, "spd": 85, "spe": 85}, "ivs": {"hp": 31, "atk": 31, "def": 31, "spa": 31, "spd": 31, "spe": 31}, "item": "Leftovers", "teraType": "Ground", "role": "Bulky Support", "bvs": {"hp": 89, "atk": 145, "def": 90, "spa": 105, "spd": 80, "spe": 91}, "stats": {"hp": 260, "atk": 264, "def": 181, "spa": 204, "spd": 166, "spe": 182}, "types": ["Ground", "Flying"]}, "Registeel": {"name": "Registeel", "species": "Registeel", "speciesId": "registeel", "gender": "N", "shiny": false, "level": 81, "moves": ["irondefense", "rest", "ironhead", "bodypress"], "ability": "Clear Body", "evs": {"hp": 85, "atk": 85, "def": 85, "spa": 85, "spd": 85, "spe": 85}, "ivs": {"hp": 31, "atk": 31, "def": 31, "spa": 31, "spd": 31, "spe": 31}, "item": "Chesto Berry", "teraType": "Fighting", "role": "Bulky Setup", "bvs": {"hp": 80, "atk": 75, "def": 150, "spa": 75, "spd": 150, "spe": 50}, "stats": {"hp": 262, "atk": 168, "def": 290, "spa": 168, "spd": 290, "spe": 128}, "types": ["Steel"]}, "Dondozo": {"name": "Dondozo", "species": "Dondozo", "speciesId": "dondozo", "gender": "M", "shiny": false, "level": 78, "moves": ["rest", "wavecrash", "sleeptalk", "curse"], "ability": "Unaware", "evs": {"hp": 85, "atk": 85, "def": 85, "spa": 85, "spd": 85, "spe": 85}, "ivs": {"hp": 31, "atk": 31, "def": 31, "spa": 31, "spd": 31, "spe": 31}, "item": "Leftovers", "teraType": "Fairy", "role": "Bulky Setup", "bvs": {"hp": 150, "atk": 100, "def": 115, "spa": 65, "spd": 65, "spe": 35}, "stats": {"hp": 362, "atk": 201, "def": 224, "spa": 146, "spd": 146, "spe": 100}, "types": ["Water"]}, "Regieleki": {"name": "Regieleki", "species": "Regieleki", "speciesId": "regieleki", "gender": "N", "shiny": false, "level": 79, "moves": ["rapidspin", "terablast", "thunderbolt", "voltswitch"], "ability": "Transistor", "evs": {"hp": 85, "atk": 85, "def": 85, "spa": 85, "spd": 85, "spe": 85}, "ivs": {"hp": 31, "atk": 31, "def": 31, "spa": 31, "spd": 31, "spe": 31}, "item": "Magnet", "teraType": "Ice", "role": "Tera Blast user", "bvs": {"hp": 80, "atk": 100, "def": 50, "spa": 100, "spd": 50, "spe": 200}, "stats": {"hp": 256, "atk": 204, "def": 125, "spa": 204, "spd": 125, "spe": 362}, "types": ["Electric"]}, "Bisharp": {"name": "Bisharp", "species": "Bisharp", "speciesId": "bisharp", "gender": "F", "shiny": false, "level": 79, "moves": ["ironhead", "throatchop", "suckerpunch", "stealthrock"], "ability": "Defiant", "evs": {"hp": 85, "atk": 85, "def": 85, "spa": 85, "spd": 85, "spe": 85}, "ivs": {"hp": 31, "atk": 31, "def": 31, "spa": 31, "spd": 31, "spe": 31}, "item": "Eviolite", "teraType": "Ghost", "role": "Bulky Attacker", "bvs": {"hp": 65, "atk": 125, "def": 100, "spa": 60, "spd": 70, "spe": 70}, "stats": {"hp": 232, "atk": 243, "def": 204, "spa": 140, "spd": 156, "spe": 156}, "types": ["Dark", "Steel"]}, "Sunflora": {"name": "Sunflora", "species": "Sunflora", "speciesId": "sunflora", "gender": "F", "shiny": false, "level": 100, "moves": ["sunnyday", "earthpower", "weatherball", "solarbeam"], "ability": "Chlorophyll", "evs": {"hp": 85, "atk": 0, "def": 85, "spa": 85, "spd": 85, "spe": 85}, "ivs": {"hp": 31, "atk": 0, "def": 31, "spa": 31, "spd": 31, "spe": 31}, "item": "Life Orb", "teraType": "Fire", "role": "Setup Sweeper", "bvs": {"hp": 75, "atk": 75, "def": 55, "spa": 105, "spd": 85, "spe": 30}, "stats": {"hp": 312, "atk": 155, "def": 167, "spa": 267, "spd": 227, "spe": 117}, "types": ["Grass"]}}]}