{"id": "gen9randombattle-2641460454", "format": "[Gen 9] Random Battle", "players": ["hcff", "Rakom"], "log": "|j|\u2606hcff\n|j|\u2606Rakom\n|t:|1782788212\n|gametype|singles\n|player|p1|hcff|ingo|2164\n|player|p2|Rakom|byron|2215\n|gen|9\n|tier|[Gen 9] Random Battle\n|rated|\n|rule|Species Clause: Limit one of each Pok\u00e9mon\n|rule|HP Percentage Mod: HP is shown in percentages\n|rule|Sleep Clause Mod: Limit one foe put to sleep\n|rule|Illusion Level Mod: Illusion disguises the Pok\u00e9mon's true level\n|\n|t:|1782788212\n|teamsize|p1|6\n|teamsize|p2|6\n|start\n|switch|p1a: Mightyena|Mightyena, L96, F|290/290\n|switch|p2a: Baxcalibur|Baxcalibur, L75, F|295/295\n|-ability|p1a: Mightyena|Intimidate|boost\n|-unboost|p2a: Baxcalibur|atk|1\n|turn|1\n|\n|t:|1782788220\n|switch|p2a: Lokix|Lokix, L82, M, shiny|251/251\n|move|p1a: Mightyena|Crunch|p2a: Lokix\n|-resisted|p2a: Lokix\n|-damage|p2a: Lokix|191/251\n|\n|upkeep\n|turn|2\n|\n|t:|1782788228\n|switch|p1a: Ariados|Ariados, L95, F|287/287\n|move|p2a: Lokix|Leech Life|p1a: Ariados\n|-resisted|p1a: Ariados\n|-damage|p1a: Ariados|175/287\n|-heal|p2a: Lokix|247/251|[from] drain|[of] p1a: Ariados\n|-damage|p2a: Lokix|222/251|[from] item: Life Orb\n|\n|upkeep\n|turn|3\n|\n|t:|1782788237\n|move|p2a: Lokix|Swords Dance|p2a: Lokix\n|-boost|p2a: Lokix|atk|2\n|move|p1a: Ariados|Sticky Web|p2a: Lokix\n|-sidestart|p2: Rakom|move: Sticky Web\n|\n|upkeep\n|turn|4\n|\n|t:|1782788243\n|move|p2a: Lokix|Knock Off|p1a: Ariados\n|-damage|p1a: Ariados|0 fnt\n|-enditem|p1a: Ariados|Heavy-Duty Boots|[from] move: Knock Off|[of] p2a: Lokix\n|faint|p1a: Ariados\n|-damage|p2a: Lokix|197/251|[from] item: Life Orb\n|\n|upkeep\n|\n|t:|1782788249\n|switch|p1a: Sandy Shocks|Sandy Shocks, L80|267/267\n|turn|5\n|\n|t:|1782788252\n|move|p1a: Sandy Shocks|Thunder Wave|p2a: Lokix\n|-status|p2a: Lokix|par\n|move|p2a: Lokix|Knock Off|p1a: Sandy Shocks\n|-damage|p1a: Sandy Shocks|20/267\n|-enditem|p1a: Sandy Shocks|Leftovers|[from] move: Knock Off|[of] p2a: Lokix\n|-damage|p2a: Lokix|172/251 par|[from] item: Life Orb\n|\n|upkeep\n|turn|6\n|\n|t:|1782788257\n|move|p1a: Sandy Shocks|Spikes|p2a: Lokix\n|-sidestart|p2: Rakom|Spikes\n|move|p2a: Lokix|Leech Life|p1a: Sandy Shocks\n|-damage|p1a: Sandy Shocks|0 fnt\n|-heal|p2a: Lokix|182/251 par|[from] drain|[of] p1a: Sandy Shocks\n|faint|p1a: Sandy Shocks\n|-end|p1a: Sandy Shocks|Protosynthesis|[silent]\n|-damage|p2a: Lokix|157/251 par|[from] item: Life Orb\n|\n|upkeep\n|\n|t:|1782788260\n|switch|p1a: Moltres|Moltres, L81|278/278\n|turn|7\n|\n|t:|1782788265\n|switch|p2a: Pincurchin|Pincurchin, F|258/258\n|-activate|p2a: Pincurchin|move: Sticky Web\n|-unboost|p2a: Pincurchin|spe|1\n|-damage|p2a: Pincurchin|226/258|[from] Spikes\n|-fieldstart|move: Electric Terrain|[from] ability: Electric Surge|[of] p2a: Pincurchin\n|move|p1a: Moltres|Brave Bird|p2a: Pincurchin\n|-resisted|p2a: Pincurchin\n|-crit|p2a: Pincurchin\n|-damage|p2a: Pincurchin|147/258\n|-damage|p1a: Moltres|252/278|[from] Recoil\n|\n|-heal|p2a: Pincurchin|163/258|[from] item: Leftovers\n|upkeep\n|turn|8\n|\n|t:|1782788269\n|switch|p1a: Palossand|Palossand, L89, F|296/296\n|move|p2a: Pincurchin|Discharge|p1a: Palossand\n|-immune|p1a: Palossand\n|\n|-heal|p2a: Pincurchin|179/258|[from] item: Leftovers\n|upkeep\n|turn|9\n|\n|t:|1782788274\n|switch|p2a: Whiscash|Whiscash, L88, F|337/337\n|-activate|p2a: Whiscash|move: Sticky Web\n|-unboost|p2a: Whiscash|spe|1\n|-damage|p2a: Whiscash|295/337|[from] Spikes\n|move|p1a: Palossand|Stealth Rock|p2a: Whiscash\n|-sidestart|p2: Rakom|move: Stealth Rock\n|\n|-heal|p2a: Whiscash|316/337|[from] item: Leftovers\n|upkeep\n|turn|10\n|\n|t:|1782788282\n|switch|p1a: Conkeldurr|Conkeldurr, L80, M|299/299\n|move|p2a: Whiscash|Stealth Rock|p1a: Conkeldurr\n|-sidestart|p1: hcff|move: Stealth Rock\n|\n|-heal|p2a: Whiscash|337/337|[from] item: Leftovers\n|-status|p1a: Conkeldurr|brn|[from] item: Flame Orb\n|upkeep\n|turn|11\n|\n|t:|1782788298\n|switch|p2a: Lokix|Lokix, L82, M, shiny|157/251 par\n|-activate|p2a: Lokix|move: Sticky Web\n|-unboost|p2a: Lokix|spe|1\n|-damage|p2a: Lokix|126/251 par|[from] Spikes\n|-damage|p2a: Lokix|64/251 par|[from] Stealth Rock\n|move|p1a: Conkeldurr|Facade|p2a: Lokix\n|-damage|p2a: Lokix|0 fnt\n|faint|p2a: Lokix\n|\n|-damage|p1a: Conkeldurr|281/299 brn|[from] brn\n|-fieldend|move: Electric Terrain\n|upkeep\n|\n|t:|1782788319\n|switch|p2a: Pincurchin|Pincurchin, F|179/258\n|-activate|p2a: Pincurchin|move: Sticky Web\n|-unboost|p2a: Pincurchin|spe|1\n|-damage|p2a: Pincurchin|147/258|[from] Spikes\n|-damage|p2a: Pincurchin|115/258|[from] Stealth Rock\n|-fieldstart|move: Electric Terrain|[from] ability: Electric Surge|[of] p2a: Pincurchin\n|turn|12\n|\n|t:|1782788325\n|move|p1a: Conkeldurr|Close Combat|p2a: Pincurchin\n|-damage|p2a: Pincurchin|0 fnt\n|-unboost|p1a: Conkeldurr|def|1\n|-unboost|p1a: Conkeldurr|spd|1\n|faint|p2a: Pincurchin\n|\n|-damage|p1a: Conkeldurr|263/299 brn|[from] brn\n|upkeep\n|\n|t:|1782788332\n|switch|p2a: Garchomp|Garchomp, L74, F|282/282\n|-activate|p2a: Garchomp|move: Sticky Web\n|-unboost|p2a: Garchomp|spe|1\n|-damage|p2a: Garchomp|247/282|[from] Spikes\n|-damage|p2a: Garchomp|230/282|[from] Stealth Rock\n|turn|13\n|\n|t:|1782788341\n|switch|p1a: Mightyena|Mightyena, L96, F|290/290\n|-damage|p1a: Mightyena|254/290|[from] Stealth Rock\n|-ability|p1a: Mightyena|Intimidate|boost\n|-unboost|p2a: Garchomp|atk|1\n|-terastallize|p2a: Garchomp|Ground\n|move|p2a: Garchomp|Earthquake|p1a: Mightyena\n|-damage|p1a: Mightyena|164/290\n|\n|upkeep\n|turn|14\n|\n|t:|1782788352\n|move|p1a: Mightyena|Crunch|p2a: Garchomp\n|-crit|p2a: Garchomp\n|-damage|p2a: Garchomp|77/282\n|-damage|p1a: Mightyena|128/290|[from] ability: Rough Skin|[of] p2a: Garchomp\n|move|p2a: Garchomp|Scale Shot|p1a: Mightyena\n|-damage|p1a: Mightyena|112/290\n|-damage|p1a: Mightyena|93/290\n|-damage|p1a: Mightyena|74/290\n|-damage|p1a: Mightyena|56/290\n|-hitcount|p1a: Mightyena|4\n|-unboost|p2a: Garchomp|def|1\n|-boost|p2a: Garchomp|spe|1\n|\n|upkeep\n|turn|15\n|\n|t:|1782788364\n|switch|p1a: Palossand|Palossand, L89, F|296/296\n|-damage|p1a: Palossand|278/296|[from] Stealth Rock\n|move|p2a: Garchomp|Earthquake|p1a: Palossand\n|-damage|p1a: Palossand|204/296\n|\n|-heal|p1a: Palossand|222/296|[from] item: Leftovers\n|upkeep\n|turn|16\n|\n|t:|1782788371\n|switch|p2a: Whiscash|Whiscash, L88, F|337/337\n|-activate|p2a: Whiscash|move: Sticky Web\n|-unboost|p2a: Whiscash|spe|1\n|-damage|p2a: Whiscash|295/337|[from] Spikes\n|-damage|p2a: Whiscash|274/337|[from] Stealth Rock\n|move|p1a: Palossand|Shore Up|p1a: Palossand\n|-heal|p1a: Palossand|296/296\n|\n|-heal|p2a: Whiscash|295/337|[from] item: Leftovers\n|-fieldend|move: Electric Terrain\n|upkeep\n|turn|17\n|\n|t:|1782788379\n|move|p1a: Palossand|Earth Power|p2a: Whiscash\n|-damage|p2a: Whiscash|180/337\n|move|p2a: Whiscash|Ice Beam|p1a: Palossand\n|-supereffective|p1a: Palossand\n|-damage|p1a: Palossand|178/296\n|\n|-heal|p1a: Palossand|196/296|[from] item: Leftovers\n|-heal|p2a: Whiscash|201/337|[from] item: Leftovers\n|upkeep\n|turn|18\n|\n|t:|1782788389\n|move|p1a: Palossand|Earth Power|p2a: Whiscash\n|-damage|p2a: Whiscash|69/337\n|move|p2a: Whiscash|Ice Beam|p1a: Palossand\n|-supereffective|p1a: Palossand\n|-damage|p1a: Palossand|70/296\n|\n|-heal|p1a: Palossand|88/296|[from] item: Leftovers\n|-heal|p2a: Whiscash|90/337|[from] item: Leftovers\n|upkeep\n|turn|19\n|\n|t:|1782788395\n|move|p1a: Palossand|Shore Up|p1a: Palossand\n|-heal|p1a: Palossand|236/296\n|move|p2a: Whiscash|Ice Beam|p1a: Palossand\n|-supereffective|p1a: Palossand\n|-damage|p1a: Palossand|118/296\n|\n|-heal|p1a: Palossand|136/296|[from] item: Leftovers\n|-heal|p2a: Whiscash|111/337|[from] item: Leftovers\n|upkeep\n|turn|20\n|\n|t:|1782788397\n|move|p1a: Palossand|Earth Power|p2a: Whiscash\n|-damage|p2a: Whiscash|0 fnt\n|faint|p2a: Whiscash\n|\n|-heal|p1a: Palossand|154/296|[from] item: Leftovers\n|upkeep\n|\n|t:|1782788400\n|switch|p2a: Sandslash|Sandslash-Alola, L88, M|275/275\n|-activate|p2a: Sandslash|move: Sticky Web\n|-unboost|p2a: Sandslash|spe|1\n|-damage|p2a: Sandslash|241/275|[from] Spikes\n|-damage|p2a: Sandslash|207/275|[from] Stealth Rock\n|turn|21\n|\n|t:|1782788403\n|move|p1a: Palossand|Earth Power|p2a: Sandslash\n|-supereffective|p2a: Sandslash\n|-damage|p2a: Sandslash|0 fnt\n|faint|p2a: Sandslash\n|\n|-heal|p1a: Palossand|172/296|[from] item: Leftovers\n|upkeep\n|\n|t:|1782788406\n|switch|p2a: Baxcalibur|Baxcalibur, L75, F|295/295\n|-activate|p2a: Baxcalibur|move: Sticky Web\n|-unboost|p2a: Baxcalibur|spe|1\n|-damage|p2a: Baxcalibur|259/295|[from] Spikes\n|-damage|p2a: Baxcalibur|186/295|[from] Stealth Rock\n|turn|22\n|\n|t:|1782788408\n|move|p2a: Baxcalibur|Icicle Crash|p1a: Palossand\n|-supereffective|p1a: Palossand\n|-damage|p1a: Palossand|0 fnt\n|faint|p1a: Palossand\n|\n|upkeep\n|\n|t:|1782788412\n|switch|p1a: Mightyena|Mightyena, L96, F|56/290\n|-damage|p1a: Mightyena|20/290|[from] Stealth Rock\n|-ability|p1a: Mightyena|Intimidate|boost\n|-unboost|p2a: Baxcalibur|atk|1\n|turn|23\n|\n|t:|1782788415\n|move|p1a: Mightyena|Crunch|p2a: Baxcalibur\n|-damage|p2a: Baxcalibur|81/295\n|move|p2a: Baxcalibur|Icicle Crash|p1a: Mightyena\n|-damage|p1a: Mightyena|0 fnt\n|faint|p1a: Mightyena\n|\n|upkeep\n|\n|t:|1782788418\n|switch|p1a: Moltres|Moltres, L81|252/278\n|turn|24\n|\n|t:|1782788422\n|move|p1a: Moltres|Brave Bird|p2a: Baxcalibur\n|-damage|p2a: Baxcalibur|0 fnt\n|faint|p2a: Baxcalibur\n|-damage|p1a: Moltres|225/278|[from] Recoil\n|\n|upkeep\n|\n|t:|1782788424\n|switch|p2a: Garchomp|Garchomp, L74, F, tera:Ground|77/282\n|-activate|p2a: Garchomp|move: Sticky Web\n|-unboost|p2a: Garchomp|spe|1\n|-damage|p2a: Garchomp|42/282|[from] Spikes\n|-damage|p2a: Garchomp|25/282|[from] Stealth Rock\n|turn|25\n|\n|t:|1782788430\n|-terastallize|p1a: Moltres|Ground\n|move|p1a: Moltres|Brave Bird|p2a: Garchomp\n|-damage|p2a: Garchomp|0 fnt\n|-damage|p1a: Moltres|191/278|[from] ability: Rough Skin|[of] p2a: Garchomp\n|faint|p2a: Garchomp\n|-damage|p1a: Moltres|183/278|[from] Recoil\n|\n|win|hcff\n", "inputlog": ">version f8ac14003a5f27e1bdc8d8c59608a773c1cb96e5\n>start {\"formatid\":\"gen9randombattle\",\"seed\":\"sodium,8b2432f4c1b15a198e4d7737166394da\",\"rated\":\"Rated battle\"}\n>player p1 {\"name\":\"hcff\",\"avatar\":\"ingo\",\"rating\":2164,\"seed\":\"sodium,04fc1d20fe49b45be324da22c546e723\"}\n>player p2 {\"name\":\"Rakom\",\"avatar\":\"byron\",\"rating\":2215,\"seed\":\"sodium,adfe5c7b38817ce1523273992bd4052e\"}\n>p1 move crunch\n>p2 switch 3\n>p1 switch 2\n>p2 move leechlife\n>p1 move stickyweb\n>p2 move swordsdance\n>p1 move megahorn\n>p2 move knockoff\n>p1 switch 5\n>p1 move thunderwave\n>p2 move knockoff\n>p1 move spikes\n>p2 move leechlife\n>p1 switch 6\n>p1 move bravebird\n>p2 switch 5\n>p1 switch 3\n>p2 move discharge\n>p1 move stealthrock\n>p2 switch 4\n>p1 switch 4\n>p2 move stealthrock\n>p1 move facade\n>p2 switch 5\n>p2 switch 4\n>p1 move closecombat\n>p2 move discharge\n>p2 switch 2\n>p1 switch 2\n>p2 move earthquake terastallize\n>p1 move crunch\n>p2 move scaleshot\n>p1 switch 4\n>p2 move earthquake\n>p1 move shoreup\n>p2 switch 5\n>p1 move earthpower\n>p2 move icebeam\n>p1 move earthpower\n>p2 move icebeam\n>p1 move shoreup\n>p2 move icebeam\n>p1 move earthpower\n>p2 move icebeam\n>p2 switch 6\n>p1 move earthpower\n>p2 move tripleaxel\n>p2 switch 3\n>p1 move earthpower\n>p2 move iciclecrash\n>p1 switch 4\n>p1 move crunch\n>p2 move iciclecrash\n>p1 switch 3\n>p1 move bravebird\n>p2 move iciclecrash\n>p2 switch 5\n>p1 move bravebird terastallize\n>p2 move scaleshot", "uploadtime": 1782788215, "views": 6, "formatid": "gen9randombattle", "rating": null, "private": 0, "password": null, "player_dets": [{"name": "hcff", "avatar": "ingo", "rating": 2164, "seed": "sodium,04fc1d20fe49b45be324da22c546e723"}, {"name": "Rakom", "avatar": "byron", "rating": 2215, "seed": "sodium,adfe5c7b38817ce1523273992bd4052e"}], "teams_full": [{"Mightyena": {"name": "Mightyena", "species": "Mightyena", "speciesId": "mightyena", "gender": "F", "shiny": false, "level": 96, "moves": ["superfang", "playrough", "poisonfang", "crunch"], "ability": "Intimidate", "evs": {"hp": 85, "atk": 85, "def": 85, "spa": 85, "spd": 85, "spe": 85}, "ivs": {"hp": 31, "atk": 31, "def": 31, "spa": 31, "spd": 31, "spe": 31}, "item": "Assault Vest", "teraType": "Poison", "role": "AV Pivot", "bvs": {"hp": 70, "atk": 90, "def": 70, "spa": 60, "spd": 60, "spe": 70}, "stats": {"hp": 290, "atk": 227, "def": 189, "spa": 170, "spd": 170, "spe": 189}, "types": ["Dark"]}, "Ariados": {"name": "Ariados", "species": "Ariados", "speciesId": "ariados", "gender": "F", "shiny": false, "level": 95, "moves": ["megahorn", "poisonjab", "suckerpunch", "stickyweb"], "ability": "Insomnia", "evs": {"hp": 85, "atk": 85, "def": 85, "spa": 85, "spd": 85, "spe": 85}, "ivs": {"hp": 31, "atk": 31, "def": 31, "spa": 31, "spd": 31, "spe": 31}, "item": "Heavy-Duty Boots", "teraType": "Ghost", "role": "Fast Support", "bvs": {"hp": 70, "atk": 90, "def": 70, "spa": 60, "spd": 70, "spe": 40}, "stats": {"hp": 287, "atk": 225, "def": 187, "spa": 168, "spd": 187, "spe": 130}, "types": ["Bug", "Poison"]}, "Palossand": {"name": "Palossand", "species": "Palossand", "speciesId": "palossand", "gender": "F", "shiny": false, "level": 89, "moves": ["stealthrock", "shadowball", "earthpower", "shoreup"], "ability": "Water Compaction", "evs": {"hp": 85, "atk": 0, "def": 85, "spa": 85, "spd": 85, "spe": 85}, "ivs": {"hp": 31, "atk": 0, "def": 31, "spa": 31, "spd": 31, "spe": 31}, "item": "Leftovers", "teraType": "Poison", "role": "Bulky Support", "bvs": {"hp": 85, "atk": 75, "def": 110, "spa": 100, "spd": 75, "spe": 35}, "stats": {"hp": 296, "atk": 138, "def": 247, "spa": 229, "spd": 184, "spe": 113}, "types": ["Ghost", "Ground"]}, "Conkeldurr": {"name": "Conkeldurr", "species": "Conkeldurr", "speciesId": "conkeldurr", "gender": "M", "shiny": false, "level": 80, "moves": ["knockoff", "facade", "closecombat", "machpunch"], "ability": "Guts", "evs": {"hp": 85, "atk": 85, "def": 85, "spa": 85, "spd": 85, "spe": 85}, "ivs": {"hp": 31, "atk": 31, "def": 31, "spa": 31, "spd": 31, "spe": 31}, "item": "Flame Orb", "teraType": "Normal", "role": "Wallbreaker", "bvs": {"hp": 105, "atk": 140, "def": 95, "spa": 55, "spd": 65, "spe": 45}, "stats": {"hp": 299, "atk": 270, "def": 198, "spa": 134, "spd": 150, "spe": 118}, "types": ["Fighting"]}, "Sandy Shocks": {"name": "Sandy Shocks", "species": "Sandy Shocks", "speciesId": "sandyshocks", "gender": "N", "shiny": false, "level": 80, "moves": ["thunderwave", "thunderbolt", "earthpower", "spikes"], "ability": "Protosynthesis", "evs": {"hp": 85, "atk": 0, "def": 85, "spa": 85, "spd": 85, "spe": 85}, "ivs": {"hp": 31, "atk": 0, "def": 31, "spa": 31, "spd": 31, "spe": 31}, "item": "Leftovers", "teraType": "Grass", "role": "Fast Support", "bvs": {"hp": 85, "atk": 81, "def": 97, "spa": 121, "spd": 85, "spe": 101}, "stats": {"hp": 267, "atk": 134, "def": 201, "spa": 240, "spd": 182, "spe": 208}, "types": ["Electric", "Ground"]}, "Moltres": {"name": "Moltres", "species": "Moltres", "speciesId": "moltres", "gender": "N", "shiny": false, "level": 81, "moves": ["bravebird", "fireblast", "roost", "scorchingsands"], "ability": "Flame Body", "evs": {"hp": 85, "atk": 85, "def": 85, "spa": 85, "spd": 85, "spe": 85}, "ivs": {"hp": 31, "atk": 31, "def": 31, "spa": 31, "spd": 31, "spe": 31}, "item": "Heavy-Duty Boots", "teraType": "Ground", "role": "Bulky Attacker", "bvs": {"hp": 90, "atk": 100, "def": 90, "spa": 125, "spd": 85, "spe": 90}, "stats": {"hp": 278, "atk": 209, "def": 192, "spa": 249, "spd": 184, "spe": 192}, "types": ["Fire", "Flying"]}}, {"Baxcalibur": {"name": "Baxcalibur", "species": "Baxcalibur", "speciesId": "baxcalibur", "gender": "F", "shiny": false, "level": 75, "moves": ["earthquake", "iceshard", "glaiverush", "iciclecrash"], "ability": "Thermal Exchange", "evs": {"hp": 81, "atk": 85, "def": 85, "spa": 85, "spd": 85, "spe": 85}, "ivs": {"hp": 31, "atk": 31, "def": 31, "spa": 31, "spd": 31, "spe": 31}, "item": "Choice Band", "teraType": "Ground", "role": "Fast Attacker", "bvs": {"hp": 115, "atk": 145, "def": 92, "spa": 75, "spd": 86, "spe": 87}, "stats": {"hp": 295, "atk": 261, "def": 182, "spa": 156, "spd": 173, "spe": 174}, "types": ["Dragon", "Ice"]}, "Garchomp": {"name": "Garchomp", "species": "Garchomp", "speciesId": "garchomp", "gender": "F", "shiny": false, "level": 74, "moves": ["earthquake", "ironhead", "swordsdance", "scaleshot"], "ability": "Rough Skin", "evs": {"hp": 85, "atk": 85, "def": 85, "spa": 85, "spd": 85, "spe": 85}, "ivs": {"hp": 31, "atk": 31, "def": 31, "spa": 31, "spd": 31, "spe": 31}, "item": "Loaded Dice", "teraType": "Ground", "role": "Setup Sweeper", "bvs": {"hp": 108, "atk": 130, "def": 95, "spa": 80, "spd": 85, "spe": 102}, "stats": {"hp": 282, "atk": 235, "def": 184, "spa": 161, "spd": 169, "spe": 194}, "types": ["Dragon", "Ground"]}, "Lokix": {"name": "Lokix", "species": "Lokix", "speciesId": "lokix", "gender": "M", "shiny": true, "level": 82, "moves": ["swordsdance", "knockoff", "suckerpunch", "leechlife"], "ability": "Tinted Lens", "evs": {"hp": 85, "atk": 85, "def": 85, "spa": 85, "spd": 85, "spe": 85}, "ivs": {"hp": 31, "atk": 31, "def": 31, "spa": 31, "spd": 31, "spe": 31}, "item": "Life Orb", "teraType": "Dark", "role": "Setup Sweeper", "bvs": {"hp": 71, "atk": 102, "def": 78, "spa": 52, "spd": 55, "spe": 92}, "stats": {"hp": 251, "atk": 214, "def": 175, "spa": 132, "spd": 137, "spe": 198}, "types": ["Bug", "Dark"]}, "Whiscash": {"name": "Whiscash", "species": "Whiscash", "speciesId": "whiscash", "gender": "F", "shiny": false, "level": 88, "moves": ["spikes", "earthquake", "icebeam", "stealthrock"], "ability": "Oblivious", "evs": {"hp": 85, "atk": 85, "def": 85, "spa": 85, "spd": 85, "spe": 85}, "ivs": {"hp": 31, "atk": 31, "def": 31, "spa": 31, "spd": 31, "spe": 31}, "item": "Leftovers", "teraType": "Poison", "role": "Bulky Support", "bvs": {"hp": 110, "atk": 78, "def": 73, "spa": 76, "spd": 71, "spe": 60}, "stats": {"hp": 337, "atk": 188, "def": 179, "spa": 184, "spd": 175, "spe": 156}, "types": ["Water", "Ground"]}, "Pincurchin": {"name": "Pincurchin", "species": "Pincurchin", "speciesId": "pincurchin", "gender": "F", "shiny": false, "level": 100, "moves": ["discharge", "scald", "toxicspikes", "recover"], "ability": "Electric Surge", "evs": {"hp": 85, "atk": 0, "def": 85, "spa": 85, "spd": 85, "spe": 85}, "ivs": {"hp": 31, "atk": 0, "def": 31, "spa": 31, "spd": 31, "spe": 31}, "item": "Leftovers", "teraType": "Water", "role": "Bulky Attacker", "bvs": {"hp": 48, "atk": 101, "def": 95, "spa": 91, "spd": 85, "spe": 15}, "stats": {"hp": 258, "atk": 207, "def": 247, "spa": 239, "spd": 227, "spe": 87}, "types": ["Electric"]}, "Sandslash": {"name": "Sandslash", "species": "Sandslash-Alola", "speciesId": "sandslashalola", "gender": "M", "shiny": false, "level": 88, "moves": ["ironhead", "spikes", "tripleaxel", "rapidspin"], "ability": "Slush Rush", "evs": {"hp": 85, "atk": 85, "def": 85, "spa": 85, "spd": 85, "spe": 85}, "ivs": {"hp": 31, "atk": 31, "def": 31, "spa": 31, "spd": 31, "spe": 31}, "item": "Leftovers", "teraType": "Water", "role": "Bulky Support", "bvs": {"hp": 75, "atk": 100, "def": 120, "spa": 25, "spd": 65, "spe": 65}, "stats": {"hp": 275, "atk": 226, "def": 261, "spa": 94, "spd": 165, "spe": 165}, "types": ["Ice", "Steel"]}}]}