{"id": "gen9randombattle-2641453273", "format": "[Gen 9] Random Battle", "players": ["sodapopgun", "negascott88"], "log": "|j|\u2606sodapopgun\n|j|\u2606negascott88\n|t:|1782787081\n|gametype|singles\n|player|p1|sodapopgun|169|1586\n|player|p2|negascott88|102|1596\n|gen|9\n|tier|[Gen 9] Random Battle\n|rated|\n|rule|Species Clause: Limit one of each Pok\u00e9mon\n|rule|HP Percentage Mod: HP is shown in percentages\n|rule|Sleep Clause Mod: Limit one foe put to sleep\n|rule|Illusion Level Mod: Illusion disguises the Pok\u00e9mon's true level\n|\n|t:|1782787081\n|teamsize|p1|6\n|teamsize|p2|6\n|start\n|switch|p1a: Kricketune|Kricketune, L99, M|311/311\n|switch|p2a: Articuno|Articuno-Galar, L84|288/288\n|turn|1\n|inactive|Battle timer is ON: inactive players will automatically lose when time's up. (requested by sodapopgun)\n|\n|t:|1782787094\n|move|p2a: Articuno|Hurricane|p1a: Kricketune\n|-supereffective|p1a: Kricketune\n|-enditem|p1a: Kricketune|Focus Sash\n|-damage|p1a: Kricketune|1/311\n|move|p1a: Kricketune|Pounce|p2a: Articuno\n|-damage|p2a: Articuno|185/288\n|-unboost|p2a: Articuno|spe|1\n|-ability|p2a: Articuno|Competitive|boost\n|-boost|p2a: Articuno|spa|2\n|\n|upkeep\n|turn|2\n|\n|t:|1782787104\n|move|p1a: Kricketune|Knock Off|p2a: Articuno\n|-supereffective|p2a: Articuno\n|-damage|p2a: Articuno|1/288\n|-enditem|p2a: Articuno|Heavy-Duty Boots|[from] move: Knock Off|[of] p1a: Kricketune\n|move|p2a: Articuno|Freezing Glare|p1a: Kricketune\n|-damage|p1a: Kricketune|0 fnt\n|faint|p1a: Kricketune\n|\n|upkeep\n|\n|t:|1782787116\n|switch|p1a: Morpeko|Morpeko, L88, F|245/245\n|turn|3\n|\n|t:|1782787120\n|move|p1a: Morpeko|Rapid Spin|p2a: Articuno\n|-damage|p2a: Articuno|0 fnt\n|-boost|p1a: Morpeko|spe|1\n|faint|p2a: Articuno\n|\n|-formechange|p1a: Morpeko|Morpeko-Hangry||[from] ability: Hunger Switch\n|upkeep\n|\n|t:|1782787145\n|switch|p2a: Malamar|Malamar, L82, F|275/275\n|turn|4\n|\n|t:|1782787155\n|move|p1a: Morpeko|Knock Off|p2a: Malamar\n|-damage|p2a: Malamar|170/275\n|-enditem|p2a: Malamar|Leftovers|[from] move: Knock Off|[of] p1a: Morpeko\n|move|p2a: Malamar|Superpower|p1a: Morpeko\n|-supereffective|p1a: Morpeko\n|-damage|p1a: Morpeko|59/245\n|-boost|p2a: Malamar|atk|1\n|-boost|p2a: Malamar|def|1\n|\n|-heal|p1a: Morpeko|74/245|[from] item: Leftovers\n|-formechange|p1a: Morpeko|Morpeko||[from] ability: Hunger Switch\n|upkeep\n|turn|5\n|\n|t:|1782787173\n|move|p1a: Morpeko|Aura Wheel|p2a: Malamar\n|-damage|p2a: Malamar|86/275\n|-boost|p1a: Morpeko|spe|1\n|move|p2a: Malamar|Superpower|p1a: Morpeko\n|-supereffective|p1a: Morpeko\n|-damage|p1a: Morpeko|0 fnt\n|-boost|p2a: Malamar|atk|1\n|-boost|p2a: Malamar|def|1\n|faint|p1a: Morpeko\n|\n|upkeep\n|\n|t:|1782787177\n|switch|p1a: Latias|Latias, L79, F|256/256\n|turn|6\n|\n|t:|1782787200\n|move|p1a: Latias|Draco Meteor|p2a: Malamar\n|-damage|p2a: Malamar|0 fnt\n|-unboost|p1a: Latias|spa|2\n|faint|p2a: Malamar\n|\n|upkeep\n|\n|t:|1782787207\n|switch|p2a: Persian|Persian-Alola, L86, M|252/252\n|turn|7\n|\n|t:|1782787224\n|switch|p1a: Sylveon|Sylveon, L85, M|300/300\n|move|p2a: Persian|Nasty Plot|p2a: Persian\n|-boost|p2a: Persian|spa|2\n|\n|upkeep\n|turn|8\n|\n|t:|1782787234\n|-terastallize|p2a: Persian|Poison\n|move|p2a: Persian|Tera Blast|p1a: Sylveon|[anim] Tera Blast Poison\n|-supereffective|p1a: Sylveon\n|-damage|p1a: Sylveon|11/300\n|-damage|p2a: Persian|227/252|[from] item: Life Orb\n|move|p1a: Sylveon|Hyper Voice|p2a: Persian\n|-resisted|p2a: Persian\n|-damage|p2a: Persian|146/252\n|\n|-heal|p1a: Sylveon|29/300|[from] item: Leftovers\n|upkeep\n|turn|9\n|\n|t:|1782787245\n|switch|p1a: Orthworm|Orthworm, L88, F|266/266\n|move|p2a: Persian|Dark Pulse|p1a: Orthworm\n|-damage|p1a: Orthworm|0 fnt\n|faint|p1a: Orthworm\n|-damage|p2a: Persian|121/252|[from] item: Life Orb\n|\n|upkeep\n|\n|t:|1782787250\n|switch|p1a: Kyurem|Kyurem-White, L73|303/303\n|-ability|p1a: Kyurem|Turboblaze\n|turn|10\n|\n|t:|1782787257\n|move|p1a: Kyurem|Draco Meteor|p2a: Persian\n|-damage|p2a: Persian|0 fnt\n|-unboost|p1a: Kyurem|spa|2\n|faint|p2a: Persian\n|\n|upkeep\n|\n|t:|1782787265\n|switch|p2a: Probopass|Probopass, L91, M|257/257\n|turn|11\n|\n|t:|1782787270\n|switch|p1a: Sylveon|Sylveon, L85, M|29/300\n|move|p2a: Probopass|Thunder Wave|p1a: Sylveon|[miss]\n|-miss|p2a: Probopass|p1a: Sylveon\n|\n|-heal|p1a: Sylveon|47/300|[from] item: Leftovers\n|upkeep\n|turn|12\n|\n|t:|1782787278\n|move|p1a: Sylveon|Wish|p1a: Sylveon\n|move|p2a: Probopass|Flash Cannon|p1a: Sylveon\n|-supereffective|p1a: Sylveon\n|-damage|p1a: Sylveon|0 fnt\n|faint|p1a: Sylveon\n|\n|upkeep\n|\n|t:|1782787293\n|switch|p1a: Kyurem|Kyurem-White, L73|303/303\n|-ability|p1a: Kyurem|Turboblaze\n|turn|13\n|\n|t:|1782787298\n|move|p1a: Kyurem|Earth Power|p2a: Probopass\n|-supereffective|p2a: Probopass\n|-damage|p2a: Probopass|69/257\n|move|p2a: Probopass|Thunder Wave|p1a: Kyurem\n|-status|p1a: Kyurem|par\n|\n|-heal|p2a: Probopass|85/257|[from] item: Leftovers\n|upkeep\n|turn|14\n|\n|t:|1782787314\n|move|p1a: Kyurem|Earth Power|p2a: Probopass\n|-supereffective|p2a: Probopass\n|-damage|p2a: Probopass|0 fnt\n|faint|p2a: Probopass\n|\n|upkeep\n|\n|t:|1782787324\n|switch|p2a: Gholdengo|Gholdengo, L77|261/261\n|turn|15\n|\n|t:|1782787328\n|move|p2a: Gholdengo|Nasty Plot|p2a: Gholdengo\n|-boost|p2a: Gholdengo|spa|2\n|move|p1a: Kyurem|Earth Power|p2a: Gholdengo\n|-supereffective|p2a: Gholdengo\n|-damage|p2a: Gholdengo|107/261\n|\n|-heal|p2a: Gholdengo|123/261|[from] item: Leftovers\n|upkeep\n|turn|16\n|\n|t:|1782787337\n|move|p2a: Gholdengo|Make It Rain|p1a: Kyurem\n|-supereffective|p1a: Kyurem\n|-damage|p1a: Kyurem|0 fnt\n|-unboost|p2a: Gholdengo|spa|1\n|faint|p1a: Kyurem\n|\n|-heal|p2a: Gholdengo|139/261|[from] item: Leftovers\n|upkeep\n|\n|t:|1782787342\n|switch|p1a: Latias|Latias, L79, F|256/256\n|turn|17\n|\n|t:|1782787347\n|-terastallize|p1a: Latias|Steel\n|move|p1a: Latias|Calm Mind|p1a: Latias\n|-boost|p1a: Latias|spa|1\n|-boost|p1a: Latias|spd|1\n|move|p2a: Gholdengo|Shadow Ball|p1a: Latias\n|-crit|p1a: Latias\n|-damage|p1a: Latias|81/256\n|\n|-heal|p2a: Gholdengo|155/261|[from] item: Leftovers\n|upkeep\n|turn|18\n|\n|t:|1782787356\n|move|p1a: Latias|Recover|p1a: Latias\n|-heal|p1a: Latias|209/256\n|move|p2a: Gholdengo|Shadow Ball|p1a: Latias\n|-damage|p1a: Latias|133/256\n|\n|-heal|p2a: Gholdengo|171/261|[from] item: Leftovers\n|upkeep\n|turn|19\n|\n|t:|1782787363\n|move|p1a: Latias|Calm Mind|p1a: Latias\n|-boost|p1a: Latias|spa|1\n|-boost|p1a: Latias|spd|1\n|move|p2a: Gholdengo|Nasty Plot|p2a: Gholdengo\n|-boost|p2a: Gholdengo|spa|2\n|\n|-heal|p2a: Gholdengo|187/261|[from] item: Leftovers\n|upkeep\n|turn|20\n|\n|t:|1782787370\n|move|p1a: Latias|Calm Mind|p1a: Latias\n|-boost|p1a: Latias|spa|1\n|-boost|p1a: Latias|spd|1\n|move|p2a: Gholdengo|Shadow Ball|p1a: Latias\n|-damage|p1a: Latias|58/256\n|\n|-heal|p2a: Gholdengo|203/261|[from] item: Leftovers\n|upkeep\n|turn|21\n|\n|t:|1782787377\n|move|p1a: Latias|Recover|p1a: Latias\n|-heal|p1a: Latias|186/256\n|move|p2a: Gholdengo|Nasty Plot|p2a: Gholdengo\n|-boost|p2a: Gholdengo|spa|2\n|\n|-heal|p2a: Gholdengo|219/261|[from] item: Leftovers\n|upkeep\n|turn|22\n|\n|t:|1782787385\n|move|p1a: Latias|Calm Mind|p1a: Latias\n|-boost|p1a: Latias|spa|1\n|-boost|p1a: Latias|spd|1\n|move|p2a: Gholdengo|Focus Blast|p1a: Latias\n|-supereffective|p1a: Latias\n|-damage|p1a: Latias|18/256\n|\n|-heal|p2a: Gholdengo|235/261|[from] item: Leftovers\n|upkeep\n|turn|23\n|\n|t:|1782787398\n|move|p1a: Latias|Draco Meteor|p2a: Gholdengo\n|-resisted|p2a: Gholdengo\n|-damage|p2a: Gholdengo|0 fnt\n|-unboost|p1a: Latias|spa|2\n|faint|p2a: Gholdengo\n|\n|upkeep\n|\n|t:|1782787404\n|switch|p2a: Leafeon|Leafeon, L88, M|258/258\n|turn|24\n|\n|t:|1782787410\n|move|p1a: Latias|Draco Meteor|p2a: Leafeon\n|-damage|p2a: Leafeon|0 fnt\n|-unboost|p1a: Latias|spa|2\n|faint|p2a: Leafeon\n|\n|win|sodapopgun\n|raw|sodapopgun's rating: 1586 &rarr; <strong>1607</strong><br />(+21 for winning)\n|raw|negascott88's rating: 1596 &rarr; <strong>1575</strong><br />(-21 for losing)\n|l|\u2606sodapopgun\n|player|p1|\n|j|\u2606sodapopgun\n|player|p1|sodapopgun|169|\n", "inputlog": ">version f8ac14003a5f27e1bdc8d8c59608a773c1cb96e5\n>start {\"formatid\":\"gen9randombattle\",\"seed\":\"sodium,a0e33d12d96cba05c7182acf918c736d\",\"rated\":\"Rated battle\"}\n>player p1 {\"name\":\"sodapopgun\",\"avatar\":\"169\",\"rating\":1586,\"seed\":\"sodium,58086e815484d0a7271783beac7e691f\"}\n>player p2 {\"name\":\"negascott88\",\"avatar\":\"102\",\"rating\":1596,\"seed\":\"sodium,385ceb788f9a15d45d57d3800d763b45\"}\n>p1 move pounce\n>p2 move hurricane\n>p1 move knockoff\n>p2 move freezingglare\n>p1 switch 2\n>p1 move rapidspin\n>p2 move hurricane\n>p2 switch 6\n>p1 move knockoff\n>p2 move superpower\n>p1 move aurawheel\n>p2 move superpower\n>p1 switch 6\n>p1 move dracometeor\n>p2 move knockoff\n>p2 switch 4\n>p1 switch 3\n>p2 move nastyplot\n>p1 move hypervoice\n>p2 move terablast terastallize\n>p1 switch 4\n>p2 move darkpulse\n>p1 switch 5\n>p1 move dracometeor\n>p2 move terablast\n>p2 switch 3\n>p1 switch 4\n>p2 move thunderwave\n>p1 move wish\n>p2 move flashcannon\n>p1 switch 4\n>p1 move earthpower\n>p2 move thunderwave\n>p1 move earthpower\n>p2 move bodypress\n>p2 switch 2\n>p1 move earthpower\n>p2 move nastyplot\n>p1 move earthpower\n>p2 move makeitrain\n>p1 switch 3\n>p1 move calmmind terastallize\n>p2 move shadowball\n>p1 move recover\n>p2 move shadowball\n>p1 move calmmind\n>p2 move nastyplot\n>p1 move calmmind\n>p2 move shadowball\n>p1 move recover\n>p2 move nastyplot\n>p1 move calmmind\n>p2 move focusblast\n>p1 move dracometeor\n>p2 move focusblast\n>p2 switch 5\n>p1 move dracometeor\n>p2 move knockoff", "uploadtime": 1782787436, "views": 3, "formatid": "gen9randombattle", "rating": 1575, "private": 0, "password": null, "player_dets": [{"name": "sodapopgun", "avatar": "169", "rating": 1586, "seed": "sodium,58086e815484d0a7271783beac7e691f"}, {"name": "negascott88", "avatar": "102", "rating": 1596, "seed": "sodium,385ceb788f9a15d45d57d3800d763b45"}], "teams_full": [{"Kricketune": {"name": "Kricketune", "species": "Kricketune", "speciesId": "kricketune", "gender": "M", "shiny": false, "level": 99, "moves": ["taunt", "stickyweb", "pounce", "knockoff"], "ability": "Technician", "evs": {"hp": 81, "atk": 85, "def": 85, "spa": 85, "spd": 85, "spe": 85}, "ivs": {"hp": 31, "atk": 31, "def": 31, "spa": 31, "spd": 31, "spe": 31}, "item": "Focus Sash", "teraType": "Ghost", "role": "Fast Support", "bvs": {"hp": 77, "atk": 85, "def": 51, "spa": 55, "spd": 51, "spe": 65}, "stats": {"hp": 311, "atk": 224, "def": 157, "spa": 165, "spd": 157, "spe": 185}, "types": ["Bug"]}, "Morpeko": {"name": "Morpeko", "species": "Morpeko", "speciesId": "morpeko", "gender": "F", "shiny": false, "level": 88, "moves": ["rapidspin", "knockoff", "aurawheel", "protect"], "ability": "Hunger Switch", "evs": {"hp": 85, "atk": 85, "def": 85, "spa": 85, "spd": 85, "spe": 85}, "ivs": {"hp": 31, "atk": 31, "def": 31, "spa": 31, "spd": 31, "spe": 31}, "item": "Leftovers", "teraType": "Electric", "role": "Bulky Attacker", "bvs": {"hp": 58, "atk": 95, "def": 58, "spa": 70, "spd": 58, "spe": 97}, "stats": {"hp": 245, "atk": 217, "def": 152, "spa": 173, "spd": 152, "spe": 221}, "types": ["Electric", "Dark"]}, "Sylveon": {"name": "Sylveon", "species": "Sylveon", "speciesId": "sylveon", "gender": "M", "shiny": false, "level": 85, "moves": ["wish", "hypervoice", "protect", "calmmind"], "ability": "Pixilate", "evs": {"hp": 85, "atk": 0, "def": 85, "spa": 85, "spd": 85, "spe": 85}, "ivs": {"hp": 31, "atk": 0, "def": 31, "spa": 31, "spd": 31, "spe": 31}, "item": "Leftovers", "teraType": "Steel", "role": "Bulky Setup", "bvs": {"hp": 95, "atk": 65, "def": 65, "spa": 110, "spd": 130, "spe": 60}, "stats": {"hp": 300, "atk": 115, "def": 159, "spa": 236, "spd": 270, "spe": 151}, "types": ["Fairy"]}, "Orthworm": {"name": "Orthworm", "species": "Orthworm", "speciesId": "orthworm", "gender": "F", "shiny": false, "level": 88, "moves": ["bodypress", "rest", "coil", "irontail"], "ability": "Earth Eater", "evs": {"hp": 85, "atk": 85, "def": 85, "spa": 85, "spd": 85, "spe": 85}, "ivs": {"hp": 31, "atk": 31, "def": 31, "spa": 31, "spd": 31, "spe": 31}, "item": "Chesto Berry", "teraType": "Fighting", "role": "Bulky Setup", "bvs": {"hp": 70, "atk": 85, "def": 145, "spa": 60, "spd": 55, "spe": 65}, "stats": {"hp": 266, "atk": 200, "def": 305, "spa": 156, "spd": 147, "spe": 165}, "types": ["Steel"]}, "Kyurem": {"name": "Kyurem", "species": "Kyurem-White", "speciesId": "kyuremwhite", "gender": "N", "shiny": false, "level": 73, "moves": ["earthpower", "fusionflare", "freezedry", "dracometeor"], "ability": "Turboblaze", "evs": {"hp": 85, "atk": 0, "def": 85, "spa": 85, "spd": 85, "spe": 85}, "ivs": {"hp": 31, "atk": 0, "def": 31, "spa": 31, "spd": 31, "spe": 31}, "item": "Choice Scarf", "teraType": "Dragon", "role": "Fast Attacker", "bvs": {"hp": 125, "atk": 120, "def": 90, "spa": 170, "spd": 100, "spe": 95}, "stats": {"hp": 303, "atk": 180, "def": 174, "spa": 291, "spd": 188, "spe": 181}, "types": ["Dragon", "Ice"]}, "Latias": {"name": "Latias", "species": "Latias", "speciesId": "latias", "gender": "F", "shiny": false, "level": 79, "moves": ["psyshock", "calmmind", "recover", "dracometeor"], "ability": "Levitate", "evs": {"hp": 85, "atk": 0, "def": 85, "spa": 85, "spd": 85, "spe": 85}, "ivs": {"hp": 31, "atk": 0, "def": 31, "spa": 31, "spd": 31, "spe": 31}, "item": "Soul Dew", "teraType": "Steel", "role": "Fast Bulky Setup", "bvs": {"hp": 80, "atk": 80, "def": 90, "spa": 110, "spd": 130, "spe": 110}, "stats": {"hp": 256, "atk": 131, "def": 188, "spa": 219, "spd": 251, "spe": 219}, "types": ["Dragon", "Psychic"]}}, {"Articuno": {"name": "Articuno", "species": "Articuno-Galar", "speciesId": "articunogalar", "gender": "N", "shiny": false, "level": 84, "moves": ["freezingglare", "hurricane", "recover", "calmmind"], "ability": "Competitive", "evs": {"hp": 85, "atk": 0, "def": 85, "spa": 85, "spd": 85, "spe": 85}, "ivs": {"hp": 31, "atk": 0, "def": 31, "spa": 31, "spd": 31, "spe": 31}, "item": "Heavy-Duty Boots", "teraType": "Steel", "role": "Fast Bulky Setup", "bvs": {"hp": 90, "atk": 85, "def": 85, "spa": 125, "spd": 100, "spe": 95}, "stats": {"hp": 288, "atk": 147, "def": 191, "spa": 258, "spd": 216, "spe": 208}, "types": ["Psychic", "Flying"]}, "Gholdengo": {"name": "Gholdengo", "species": "Gholdengo", "speciesId": "gholdengo", "gender": "N", "shiny": false, "level": 77, "moves": ["nastyplot", "makeitrain", "shadowball", "focusblast"], "ability": "Good as Gold", "evs": {"hp": 85, "atk": 0, "def": 85, "spa": 85, "spd": 85, "spe": 85}, "ivs": {"hp": 31, "atk": 0, "def": 31, "spa": 31, "spd": 31, "spe": 31}, "item": "Leftovers", "teraType": "Steel", "role": "Bulky Attacker", "bvs": {"hp": 87, "atk": 60, "def": 95, "spa": 133, "spd": 91, "spe": 84}, "stats": {"hp": 261, "atk": 97, "def": 191, "spa": 249, "spd": 185, "spe": 174}, "types": ["Steel", "Ghost"]}, "Probopass": {"name": "Probopass", "species": "Probopass", "speciesId": "probopass", "gender": "M", "shiny": false, "level": 91, "moves": ["flashcannon", "thunderwave", "irondefense", "bodypress"], "ability": "Magnet Pull", "evs": {"hp": 85, "atk": 0, "def": 85, "spa": 85, "spd": 85, "spe": 85}, "ivs": {"hp": 31, "atk": 0, "def": 31, "spa": 31, "spd": 31, "spe": 31}, "item": "Leftovers", "teraType": "Fighting", "role": "Bulky Setup", "bvs": {"hp": 60, "atk": 55, "def": 145, "spa": 75, "spd": 150, "spe": 40}, "stats": {"hp": 257, "atk": 105, "def": 316, "spa": 188, "spd": 325, "spe": 125}, "types": ["Rock", "Steel"]}, "Persian": {"name": "Persian", "species": "Persian-Alola", "speciesId": "persianalola", "gender": "M", "shiny": false, "level": 86, "moves": ["terablast", "thunderbolt", "darkpulse", "nastyplot"], "ability": "Fur Coat", "evs": {"hp": 85, "atk": 0, "def": 85, "spa": 85, "spd": 85, "spe": 85}, "ivs": {"hp": 31, "atk": 0, "def": 31, "spa": 31, "spd": 31, "spe": 31}, "item": "Life Orb", "teraType": "Poison", "role": "Tera Blast user", "bvs": {"hp": 65, "atk": 60, "def": 60, "spa": 75, "spd": 65, "spe": 115}, "stats": {"hp": 252, "atk": 108, "def": 152, "spa": 178, "spd": 161, "spe": 247}, "types": ["Dark"]}, "Leafeon": {"name": "Leafeon", "species": "Leafeon", "speciesId": "leafeon", "gender": "M", "shiny": false, "level": 88, "moves": ["leafblade", "synthesis", "knockoff", "swordsdance"], "ability": "Chlorophyll", "evs": {"hp": 85, "atk": 85, "def": 85, "spa": 85, "spd": 85, "spe": 85}, "ivs": {"hp": 31, "atk": 31, "def": 31, "spa": 31, "spd": 31, "spe": 31}, "item": "Life Orb", "teraType": "Dark", "role": "Setup Sweeper", "bvs": {"hp": 65, "atk": 110, "def": 130, "spa": 60, "spd": 65, "spe": 95}, "stats": {"hp": 258, "atk": 244, "def": 279, "spa": 156, "spd": 165, "spe": 217}, "types": ["Grass"]}, "Malamar": {"name": "Malamar", "species": "Malamar", "speciesId": "malamar", "gender": "F", "shiny": false, "level": 82, "moves": ["sleeptalk", "knockoff", "superpower", "rest"], "ability": "Contrary", "evs": {"hp": 85, "atk": 85, "def": 85, "spa": 85, "spd": 85, "spe": 85}, "ivs": {"hp": 31, "atk": 31, "def": 31, "spa": 31, "spd": 31, "spe": 31}, "item": "Leftovers", "teraType": "Steel", "role": "Bulky Setup", "bvs": {"hp": 86, "atk": 92, "def": 88, "spa": 68, "spd": 75, "spe": 73}, "stats": {"hp": 275, "atk": 198, "def": 191, "spa": 159, "spd": 170, "spe": 167}, "types": ["Dark", "Psychic"]}}]}