{"id": "gen9randombattle-2641663800", "format": "[Gen 9] Random Battle", "players": ["KemoiVGC", "Osranedupsko"], "log": "|j|\u203dKemoiVGC\n|j|\u2606Osranedupsko\n|t:|1782826810\n|gametype|singles\n|player|p1|KemoiVGC|170|1994\n|player|p2|Osranedupsko|janitor|2087\n|gen|9\n|tier|[Gen 9] Random Battle\n|rated|\n|rule|Species Clause: Limit one of each Pok\u00e9mon\n|rule|HP Percentage Mod: HP is shown in percentages\n|rule|Sleep Clause Mod: Limit one foe put to sleep\n|rule|Illusion Level Mod: Illusion disguises the Pok\u00e9mon's true level\n|\n|t:|1782826810\n|teamsize|p1|6\n|teamsize|p2|6\n|start\n|switch|p1a: Drifblim|Drifblim, L86, M|398/398\n|switch|p2a: Hatterene|Hatterene, L85, F|236/236\n|turn|1\n|inactive|Battle timer is ON: inactive players will automatically lose when time's up. (requested by Osranedupsko)\n|\n|t:|1782826827\n|switch|p2a: Klefki|Klefki, L84, F|233/233\n|move|p1a: Drifblim|Shadow Ball|p2a: Klefki\n|-damage|p2a: Klefki|148/233\n|\n|-heal|p2a: Klefki|162/233|[from] item: Leftovers\n|upkeep\n|turn|2\n|\n|t:|1782826840\n|switch|p1a: Plusle|Plusle, L95, F|268/268\n|move|p2a: Klefki|Thunder Wave|p1a: Plusle\n|-ability|p1a: Plusle|Lightning Rod|boost\n|-boost|p1a: Plusle|spa|1\n|\n|-heal|p2a: Klefki|176/233|[from] item: Leftovers\n|upkeep\n|turn|3\n|inactive|KemoiVGC has 120 seconds left.\n|l|\u203dKemoiVGC\n|inactive|KemoiVGC disconnected and has a minute to reconnect!\n|player|p1|\n|inactive|KemoiVGC has 30 seconds to reconnect!\n|inactive|KemoiVGC has 20 seconds to reconnect!\n|inactive|KemoiVGC has 15 seconds to reconnect!\n|j|\u203dKemoiVGC\n|inactive|KemoiVGC reconnected and has 55 seconds left.\n|player|p1|KemoiVGC|170|\n|n|\u203dKemoiVGC|kemoivgc\n|\n|t:|1782826941\n|switch|p2a: Plusle|Plusle, L95, M|268/268\n|move|p1a: Plusle|Thunderbolt|p2a: Plusle\n|-ability|p2a: Plusle|Lightning Rod|boost\n|-boost|p2a: Plusle|spa|1\n|\n|upkeep\n|turn|4\n|\n|t:|1782826947\n|move|p2a: Plusle|Alluring Voice|p1a: Plusle\n|-damage|p1a: Plusle|135/268\n|-damage|p2a: Plusle|242/268|[from] item: Life Orb\n|move|p1a: Plusle|Alluring Voice|p2a: Plusle\n|-damage|p2a: Plusle|112/268\n|-damage|p1a: Plusle|109/268|[from] item: Life Orb\n|\n|upkeep\n|turn|5\n|\n|t:|1782826951\n|move|p2a: Plusle|Alluring Voice|p1a: Plusle\n|-damage|p1a: Plusle|0 fnt\n|faint|p1a: Plusle\n|-damage|p2a: Plusle|86/268|[from] item: Life Orb\n|\n|upkeep\n|\n|t:|1782826960\n|switch|p1a: Iron Bundle|Iron Bundle, L78|215/215\n|turn|6\n|\n|t:|1782826984\n|switch|p2a: Shaymin|Shaymin, L82|298/298\n|move|p1a: Iron Bundle|Ice Beam|p2a: Shaymin\n|-supereffective|p2a: Shaymin\n|-damage|p2a: Shaymin|8/298\n|\n|-heal|p2a: Shaymin|26/298|[from] item: Leftovers\n|upkeep\n|turn|7\n|\n|t:|1782826996\n|switch|p2a: Klefki|Klefki, L84, F|176/233\n|move|p1a: Iron Bundle|Ice Beam|p2a: Klefki\n|-resisted|p2a: Klefki\n|-damage|p2a: Klefki|104/233\n|\n|-heal|p2a: Klefki|118/233|[from] item: Leftovers\n|upkeep\n|turn|8\n|inactive|KemoiVGC has 90 seconds left.\n|\n|t:|1782827006\n|-end|p1a: Iron Bundle|Quark Drive|[silent]\n|switch|p1a: Pyroar|Pyroar, L88, M|295/295\n|-ability|p1a: Pyroar|Unnerve\n|move|p2a: Klefki|Thunder Wave|p1a: Pyroar\n|-status|p1a: Pyroar|par\n|\n|-heal|p2a: Klefki|132/233|[from] item: Leftovers\n|upkeep\n|turn|9\n|\n|t:|1782827019\n|switch|p2a: Shaymin|Shaymin, L82|26/298\n|move|p1a: Pyroar|Fire Blast|p2a: Shaymin\n|-supereffective|p2a: Shaymin\n|-damage|p2a: Shaymin|0 fnt\n|faint|p2a: Shaymin\n|\n|upkeep\n|\n|t:|1782827025\n|switch|p2a: Urshifu|Urshifu-Rapid-Strike, L75, F|274/274\n|turn|10\n|\n|t:|1782827032\n|switch|p1a: Iron Bundle|Iron Bundle, L78|215/215\n|move|p2a: Urshifu|Surging Strikes|p1a: Iron Bundle\n|-resisted|p1a: Iron Bundle\n|-crit|p1a: Iron Bundle\n|-damage|p1a: Iron Bundle|190/215\n|-resisted|p1a: Iron Bundle\n|-crit|p1a: Iron Bundle\n|-damage|p1a: Iron Bundle|165/215\n|-resisted|p1a: Iron Bundle\n|-crit|p1a: Iron Bundle\n|-damage|p1a: Iron Bundle|138/215\n|-hitcount|p1a: Iron Bundle|3\n|-damage|p2a: Urshifu|247/274|[from] item: Life Orb\n|\n|upkeep\n|turn|11\n|\n|t:|1782827038\n|switch|p2a: Klefki|Klefki, L84, F|132/233\n|move|p1a: Iron Bundle|Freeze-Dry|p2a: Klefki\n|-resisted|p2a: Klefki\n|-damage|p2a: Klefki|75/233\n|\n|-heal|p2a: Klefki|89/233|[from] item: Leftovers\n|upkeep\n|turn|12\n|\n|t:|1782827045\n|-end|p1a: Iron Bundle|Quark Drive|[silent]\n|switch|p1a: Pyroar|Pyroar, L88, M|295/295 par\n|-ability|p1a: Pyroar|Unnerve\n|move|p2a: Klefki|Spikes|p1a: Pyroar\n|-sidestart|p1: KemoiVGC|Spikes\n|\n|-heal|p2a: Klefki|103/233|[from] item: Leftovers\n|upkeep\n|turn|13\n|\n|t:|1782827051\n|move|p2a: Klefki|Spikes|p1a: Pyroar\n|-sidestart|p1: KemoiVGC|Spikes\n|move|p1a: Pyroar|Hyper Voice|p2a: Klefki\n|-resisted|p2a: Klefki\n|-damage|p2a: Klefki|49/233\n|\n|-heal|p2a: Klefki|63/233|[from] item: Leftovers\n|upkeep\n|turn|14\n|\n|t:|1782827057\n|move|p2a: Klefki|Spikes|p1a: Pyroar\n|-sidestart|p1: KemoiVGC|Spikes\n|move|p1a: Pyroar|Hyper Voice|p2a: Klefki\n|-resisted|p2a: Klefki\n|-damage|p2a: Klefki|0 fnt\n|faint|p2a: Klefki\n|\n|upkeep\n|\n|t:|1782827060\n|switch|p2a: Urshifu|Urshifu-Rapid-Strike, L75, F|247/274\n|turn|15\n|\n|t:|1782827062\n|move|p2a: Urshifu|Close Combat|p1a: Pyroar\n|-supereffective|p1a: Pyroar\n|-damage|p1a: Pyroar|0 fnt\n|-unboost|p2a: Urshifu|def|1\n|-unboost|p2a: Urshifu|spd|1\n|faint|p1a: Pyroar\n|-damage|p2a: Urshifu|220/274|[from] item: Life Orb\n|\n|upkeep\n|\n|t:|1782827066\n|switch|p1a: Drifblim|Drifblim, L86, M|398/398\n|turn|16\n|\n|t:|1782827072\n|switch|p2a: Hatterene|Hatterene, L85, F|236/236\n|move|p1a: Drifblim|Shadow Ball|p2a: Hatterene\n|-supereffective|p2a: Hatterene\n|-damage|p2a: Hatterene|80/236\n|-unboost|p2a: Hatterene|spd|1\n|\n|-heal|p2a: Hatterene|94/236|[from] item: Leftovers\n|upkeep\n|turn|17\n|\n|t:|1782827082\n|move|p1a: Drifblim|Defog|p2a: Hatterene\n|move|p2a: Hatterene|Defog|p1a: Drifblim|[from] ability: Magic Bounce\n|-unboost|p1a: Drifblim|evasion|1\n|-sideend|p1: KemoiVGC|Spikes|[from] move: Defog|[of] p2a: Hatterene\n|move|p2a: Hatterene|Draining Kiss|p1a: Drifblim\n|-damage|p1a: Drifblim|299/398\n|-heal|p2a: Hatterene|168/236|[from] drain|[of] p1a: Drifblim\n|\n|-heal|p2a: Hatterene|182/236|[from] item: Leftovers\n|upkeep\n|turn|18\n|\n|t:|1782827097\n|move|p1a: Drifblim|Shadow Ball|p2a: Hatterene\n|-supereffective|p2a: Hatterene\n|-damage|p2a: Hatterene|0 fnt\n|faint|p2a: Hatterene\n|\n|upkeep\n|\n|t:|1782827102\n|switch|p2a: Plusle|Plusle, L95, M|86/268\n|turn|19\n|\n|t:|1782827109\n|switch|p1a: Victreebel|Victreebel, L90, M|290/290\n|move|p2a: Plusle|Thunderbolt|p1a: Victreebel\n|-resisted|p1a: Victreebel\n|-damage|p1a: Victreebel|207/290\n|-damage|p2a: Plusle|60/268|[from] item: Life Orb\n|\n|upkeep\n|turn|20\n|\n|t:|1782827119\n|switch|p2a: Sinistcha|Sinistcha-Masterpiece, L83|254/254\n|move|p1a: Victreebel|Knock Off|p2a: Sinistcha\n|-supereffective|p2a: Sinistcha\n|-damage|p2a: Sinistcha|64/254\n|-enditem|p2a: Sinistcha|Leftovers|[from] move: Knock Off|[of] p1a: Victreebel\n|-damage|p1a: Victreebel|178/290|[from] item: Life Orb\n|\n|upkeep\n|turn|21\n|\n|t:|1782827139\n|-terastallize|p2a: Sinistcha|Steel\n|move|p1a: Victreebel|Sludge Wave|p2a: Sinistcha\n|-immune|p2a: Sinistcha\n|move|p2a: Sinistcha|Strength Sap|p1a: Victreebel\n|-unboost|p1a: Victreebel|atk|1\n|-heal|p2a: Sinistcha|254/254\n|\n|upkeep\n|turn|22\n|inactive|KemoiVGC has 120 seconds left.\n|\n|t:|1782827162\n|switch|p1a: Iron Bundle|Iron Bundle, L78|138/215\n|move|p2a: Sinistcha|Calm Mind|p2a: Sinistcha\n|-boost|p2a: Sinistcha|spa|1\n|-boost|p2a: Sinistcha|spd|1\n|\n|upkeep\n|turn|23\n|\n|t:|1782827166\n|move|p1a: Iron Bundle|Flip Turn|p2a: Sinistcha\n|-damage|p2a: Sinistcha|206/254\n|\n|t:|1782827168\n|-end|p1a: Iron Bundle|Quark Drive|[silent]\n|switch|p1a: Perrserker|Perrserker, L89, F|269/269|[from] Flip Turn\n|move|p2a: Sinistcha|Matcha Gotcha|p1a: Perrserker\n|-resisted|p1a: Perrserker\n|-damage|p1a: Perrserker|176/269\n|-heal|p2a: Sinistcha|253/254|[from] drain|[of] p1a: Perrserker\n|\n|upkeep\n|turn|24\n|\n|t:|1782827195\n|-terastallize|p1a: Perrserker|Fighting\n|move|p2a: Sinistcha|Shadow Ball|p1a: Perrserker\n|-damage|p1a: Perrserker|0 fnt\n|faint|p1a: Perrserker\n|\n|upkeep\n|-message|KemoiVGC forfeited.\n|\n|win|Osranedupsko\n", "inputlog": ">version f8ac14003a5f27e1bdc8d8c59608a773c1cb96e5\n>start {\"formatid\":\"gen9randombattle\",\"seed\":\"sodium,6aa91d4fe2db0700dfb2e5192745894a\",\"rated\":\"Rated battle\"}\n>player p1 {\"name\":\"KemoiVGC\",\"avatar\":\"170\",\"rating\":1994,\"seed\":\"sodium,6ed785c15c62bd906a93be2ec90c9d01\"}\n>player p2 {\"name\":\"Osranedupsko\",\"avatar\":\"janitor\",\"rating\":2087,\"seed\":\"sodium,f565006201e730c29438bb5c0b71d334\"}\n>p1 move shadowball\n>p2 switch 6\n>p1 switch 6\n>p2 move thunderwave\n>p1 move thunderbolt\n>p2 switch 2\n>p1 move alluringvoice\n>p2 move alluringvoice\n>p1 move alluringvoice\n>p2 move alluringvoice\n>p1 switch 3\n>p1 move icebeam\n>p2 switch 5\n>p1 move icebeam\n>p2 switch 2\n>p1 switch 5\n>p2 move thunderwave\n>p1 move fireblast\n>p2 switch 2\n>p2 switch 3\n>p1 switch 5\n>p2 move surgingstrikes\n>p1 move freezedry\n>p2 switch 2\n>p1 switch 5\n>p2 move spikes\n>p1 move hypervoice\n>p2 move spikes\n>p1 move hypervoice\n>p2 move spikes\n>p2 switch 2\n>p1 move hypervoice\n>p2 move closecombat\n>p1 switch 6\n>p1 move shadowball\n>p2 switch 6\n>p1 move defog\n>p2 move drainingkiss\n>p1 move shadowball\n>p2 move drainingkiss\n>p2 switch 5\n>p1 switch 2\n>p2 move thunderbolt\n>p1 move knockoff\n>p2 switch 4\n>p1 move sludgewave\n>p2 move strengthsap terastallize\n>p1 switch 5\n>p2 move calmmind\n>p1 move flipturn\n>p2 move matchagotcha\n>p1 switch 4\n>p1 move closecombat terastallize\n>p2 move shadowball\n>forcelose p1", "uploadtime": 1782826813, "views": 3, "formatid": "gen9randombattle", "rating": null, "private": 0, "password": null, "player_dets": [{"name": "KemoiVGC", "avatar": "170", "rating": 1994, "seed": "sodium,6ed785c15c62bd906a93be2ec90c9d01"}, {"name": "Osranedupsko", "avatar": "janitor", "rating": 2087, "seed": "sodium,f565006201e730c29438bb5c0b71d334"}], "teams_full": [{"Drifblim": {"name": "Drifblim", "species": "Drifblim", "speciesId": "drifblim", "gender": "M", "shiny": false, "level": 86, "moves": ["defog", "airslash", "strengthsap", "shadowball"], "ability": "Aftermath", "evs": {"hp": 85, "atk": 0, "def": 85, "spa": 85, "spd": 85, "spe": 85}, "ivs": {"hp": 31, "atk": 0, "def": 31, "spa": 31, "spd": 31, "spe": 31}, "item": "Heavy-Duty Boots", "teraType": "Fairy", "role": "Bulky Attacker", "bvs": {"hp": 150, "atk": 80, "def": 44, "spa": 90, "spd": 54, "spe": 80}, "stats": {"hp": 398, "atk": 142, "def": 125, "spa": 204, "spd": 142, "spe": 187}, "types": ["Ghost", "Flying"]}, "Victreebel": {"name": "Victreebel", "species": "Victreebel", "speciesId": "victreebel", "gender": "M", "shiny": false, "level": 90, "moves": ["strengthsap", "sludgewave", "powerwhip", "knockoff"], "ability": "Chlorophyll", "evs": {"hp": 85, "atk": 85, "def": 85, "spa": 85, "spd": 85, "spe": 85}, "ivs": {"hp": 31, "atk": 31, "def": 31, "spa": 31, "spd": 31, "spe": 31}, "item": "Life Orb", "teraType": "Grass", "role": "Wallbreaker", "bvs": {"hp": 80, "atk": 105, "def": 65, "spa": 100, "spd": 70, "spe": 70}, "stats": {"hp": 290, "atk": 240, "def": 168, "spa": 231, "spd": 177, "spe": 177}, "types": ["Grass", "Poison"]}, "Iron Bundle": {"name": "Iron Bundle", "species": "Iron Bundle", "speciesId": "ironbundle", "gender": "N", "shiny": false, "level": 78, "moves": ["freezedry", "hydropump", "icebeam", "flipturn"], "ability": "Quark Drive", "evs": {"hp": 85, "atk": 85, "def": 85, "spa": 85, "spd": 85, "spe": 85}, "ivs": {"hp": 31, "atk": 31, "def": 31, "spa": 31, "spd": 31, "spe": 31}, "item": "Choice Specs", "teraType": "Water", "role": "Fast Attacker", "bvs": {"hp": 56, "atk": 80, "def": 114, "spa": 124, "spd": 60, "spe": 136}, "stats": {"hp": 215, "atk": 170, "def": 223, "spa": 239, "spd": 139, "spe": 257}, "types": ["Ice", "Water"]}, "Perrserker": {"name": "Perrserker", "species": "Perrserker", "speciesId": "perrserker", "gender": "F", "shiny": false, "level": 89, "moves": ["closecombat", "ironhead", "knockoff", "stealthrock"], "ability": "Tough Claws", "evs": {"hp": 85, "atk": 85, "def": 85, "spa": 85, "spd": 85, "spe": 85}, "ivs": {"hp": 31, "atk": 31, "def": 31, "spa": 31, "spd": 31, "spe": 31}, "item": "Life Orb", "teraType": "Fighting", "role": "Fast Attacker", "bvs": {"hp": 70, "atk": 110, "def": 100, "spa": 50, "spd": 60, "spe": 50}, "stats": {"hp": 269, "atk": 247, "def": 229, "spa": 140, "spd": 158, "spe": 140}, "types": ["Steel"]}, "Pyroar": {"name": "Pyroar", "species": "Pyroar", "speciesId": "pyroar", "gender": "M", "shiny": false, "level": 88, "moves": ["taunt", "darkpulse", "hypervoice", "fireblast"], "ability": "Unnerve", "evs": {"hp": 85, "atk": 0, "def": 85, "spa": 85, "spd": 85, "spe": 85}, "ivs": {"hp": 31, "atk": 0, "def": 31, "spa": 31, "spd": 31, "spe": 31}, "item": "Heavy-Duty Boots", "teraType": "Fire", "role": "Fast Attacker", "bvs": {"hp": 86, "atk": 68, "def": 72, "spa": 109, "spd": 66, "spe": 106}, "stats": {"hp": 295, "atk": 124, "def": 177, "spa": 242, "spd": 166, "spe": 237}, "types": ["Fire", "Normal"]}, "Plusle": {"name": "Plusle", "species": "Plusle", "speciesId": "plusle", "gender": "F", "shiny": false, "level": 95, "moves": ["nastyplot", "grassknot", "thunderbolt", "alluringvoice"], "ability": "Lightning Rod", "evs": {"hp": 85, "atk": 0, "def": 85, "spa": 85, "spd": 85, "spe": 85}, "ivs": {"hp": 31, "atk": 0, "def": 31, "spa": 31, "spd": 31, "spe": 31}, "item": "Life Orb", "teraType": "Grass", "role": "Setup Sweeper", "bvs": {"hp": 60, "atk": 50, "def": 40, "spa": 85, "spd": 75, "spe": 95}, "stats": {"hp": 268, "atk": 100, "def": 130, "spa": 215, "spd": 196, "spe": 234}, "types": ["Electric"]}}, {"Hatterene": {"name": "Hatterene", "species": "Hatterene", "speciesId": "hatterene", "gender": "F", "shiny": false, "level": 85, "moves": ["calmmind", "psyshock", "drainingkiss", "mysticalfire"], "ability": "Magic Bounce", "evs": {"hp": 85, "atk": 0, "def": 85, "spa": 85, "spd": 85, "spe": 85}, "ivs": {"hp": 31, "atk": 0, "def": 31, "spa": 31, "spd": 31, "spe": 31}, "item": "Leftovers", "teraType": "Steel", "role": "Bulky Setup", "bvs": {"hp": 57, "atk": 90, "def": 95, "spa": 136, "spd": 103, "spe": 29}, "stats": {"hp": 236, "atk": 158, "def": 210, "spa": 280, "spd": 224, "spe": 98}, "types": ["Psychic", "Fairy"]}, "Plusle": {"name": "Plusle", "species": "Plusle", "speciesId": "plusle", "gender": "M", "shiny": false, "level": 95, "moves": ["grassknot", "nastyplot", "thunderbolt", "alluringvoice"], "ability": "Lightning Rod", "evs": {"hp": 85, "atk": 0, "def": 85, "spa": 85, "spd": 85, "spe": 85}, "ivs": {"hp": 31, "atk": 0, "def": 31, "spa": 31, "spd": 31, "spe": 31}, "item": "Life Orb", "teraType": "Electric", "role": "Setup Sweeper", "bvs": {"hp": 60, "atk": 50, "def": 40, "spa": 85, "spd": 75, "spe": 95}, "stats": {"hp": 268, "atk": 100, "def": 130, "spa": 215, "spd": 196, "spe": 234}, "types": ["Electric"]}, "Urshifu": {"name": "Urshifu", "species": "Urshifu-Rapid-Strike", "speciesId": "urshifurapidstrike", "gender": "F", "shiny": false, "level": 75, "moves": ["closecombat", "icespinner", "swordsdance", "surgingstrikes"], "ability": "Unseen Fist", "evs": {"hp": 85, "atk": 85, "def": 85, "spa": 85, "spd": 85, "spe": 85}, "ivs": {"hp": 31, "atk": 31, "def": 31, "spa": 31, "spd": 31, "spe": 31}, "item": "Life Orb", "teraType": "Water", "role": "Fast Attacker", "bvs": {"hp": 100, "atk": 130, "def": 100, "spa": 63, "spd": 60, "spe": 97}, "stats": {"hp": 274, "atk": 239, "def": 194, "spa": 138, "spd": 134, "spe": 189}, "types": ["Fighting", "Water"]}, "Sinistcha": {"name": "Sinistcha", "species": "Sinistcha-Masterpiece", "speciesId": "sinistcha", "gender": "N", "shiny": false, "level": 83, "moves": ["shadowball", "calmmind", "strengthsap", "matchagotcha"], "ability": "Heatproof", "evs": {"hp": 85, "atk": 0, "def": 85, "spa": 85, "spd": 85, "spe": 85}, "ivs": {"hp": 31, "atk": 0, "def": 31, "spa": 31, "spd": 31, "spe": 31}, "item": "Leftovers", "teraType": "Steel", "role": "Bulky Setup", "bvs": {"hp": 71, "atk": 60, "def": 106, "spa": 121, "spd": 80, "spe": 70}, "stats": {"hp": 254, "atk": 104, "def": 224, "spa": 249, "spd": 180, "spe": 164}, "types": ["Grass", "Ghost"]}, "Shaymin": {"name": "Shaymin", "species": "Shaymin", "speciesId": "shaymin", "gender": "N", "shiny": false, "level": 82, "moves": ["airslash", "synthesis", "seedflare", "earthpower"], "ability": "Natural Cure", "evs": {"hp": 85, "atk": 0, "def": 85, "spa": 85, "spd": 85, "spe": 85}, "ivs": {"hp": 31, "atk": 0, "def": 31, "spa": 31, "spd": 31, "spe": 31}, "item": "Leftovers", "teraType": "Ground", "role": "Bulky Attacker", "bvs": {"hp": 100, "atk": 100, "def": 100, "spa": 100, "spd": 100, "spe": 100}, "stats": {"hp": 298, "atk": 169, "def": 211, "spa": 211, "spd": 211, "spe": 211}, "types": ["Grass"]}, "Klefki": {"name": "Klefki", "species": "Klefki", "speciesId": "klefki", "gender": "F", "shiny": false, "level": 84, "moves": ["thunderwave", "spikes", "magnetrise", "playrough"], "ability": "Prankster", "evs": {"hp": 85, "atk": 85, "def": 85, "spa": 85, "spd": 85, "spe": 85}, "ivs": {"hp": 31, "atk": 31, "def": 31, "spa": 31, "spd": 31, "spe": 31}, "item": "Leftovers", "teraType": "Water", "role": "Bulky Support", "bvs": {"hp": 57, "atk": 80, "def": 91, "spa": 80, "spd": 87, "spe": 75}, "stats": {"hp": 233, "atk": 183, "def": 201, "spa": 183, "spd": 194, "spe": 174}, "types": ["Steel", "Fairy"]}}]}