{"id": "gen9randombattle-2641482938", "format": "[Gen 9] Random Battle", "players": ["gengis khann", "happy battler"], "log": "|j|\u2606gengis khann\n|j|\u2606happy battler\n|t:|1782792040\n|gametype|singles\n|player|p1|gengis khann|2|2127\n|player|p2|happy battler|266|2117\n|gen|9\n|tier|[Gen 9] Random Battle\n|rated|\n|rule|Species Clause: Limit one of each Pok\u00e9mon\n|rule|HP Percentage Mod: HP is shown in percentages\n|rule|Sleep Clause Mod: Limit one foe put to sleep\n|rule|Illusion Level Mod: Illusion disguises the Pok\u00e9mon's true level\n|\n|t:|1782792040\n|teamsize|p1|6\n|teamsize|p2|6\n|start\n|switch|p1a: Politoed|Politoed, L88, M|302/302\n|switch|p2a: Araquanid|Araquanid, L82, M|246/246\n|-weather|RainDance|[from] ability: Drizzle|[of] p1a: Politoed\n|turn|1\n|\n|t:|1782792047\n|move|p1a: Politoed|Hypnosis|p2a: Araquanid|[miss]\n|-miss|p1a: Politoed|p2a: Araquanid\n|move|p2a: Araquanid|Sticky Web|p1a: Politoed\n|-sidestart|p1: gengis khann|move: Sticky Web\n|\n|-weather|RainDance|[upkeep]\n|upkeep\n|turn|2\n|\n|t:|1782792051\n|move|p1a: Politoed|Hypnosis|p2a: Araquanid|[miss]\n|-miss|p1a: Politoed|p2a: Araquanid\n|move|p2a: Araquanid|Leech Life|p1a: Politoed\n|-damage|p1a: Politoed|233/302\n|\n|-weather|RainDance|[upkeep]\n|upkeep\n|turn|3\n|\n|t:|1782792056\n|move|p1a: Politoed|Hypnosis|p2a: Araquanid|[miss]\n|-miss|p1a: Politoed|p2a: Araquanid\n|move|p2a: Araquanid|Leech Life|p1a: Politoed\n|-damage|p1a: Politoed|169/302\n|\n|-weather|RainDance|[upkeep]\n|upkeep\n|turn|4\n|\n|t:|1782792058\n|move|p1a: Politoed|Hypnosis|p2a: Araquanid|[miss]\n|-miss|p1a: Politoed|p2a: Araquanid\n|move|p2a: Araquanid|Leech Life|p1a: Politoed\n|-damage|p1a: Politoed|97/302\n|\n|-weather|RainDance|[upkeep]\n|upkeep\n|turn|5\n|\n|t:|1782792062\n|move|p1a: Politoed|Hypnosis|p2a: Araquanid|[miss]\n|-miss|p1a: Politoed|p2a: Araquanid\n|move|p2a: Araquanid|Leech Life|p1a: Politoed\n|-damage|p1a: Politoed|31/302\n|\n|-weather|none\n|upkeep\n|turn|6\n|\n|t:|1782792067\n|move|p1a: Politoed|Rest|p1a: Politoed\n|-status|p1a: Politoed|slp|[from] move: Rest\n|-heal|p1a: Politoed|302/302 slp|[silent]\n|-enditem|p1a: Politoed|Chesto Berry|[eat]\n|-curestatus|p1a: Politoed|slp|[msg]\n|move|p2a: Araquanid|Leech Life|p1a: Politoed\n|-damage|p1a: Politoed|235/302\n|\n|upkeep\n|turn|7\n|\n|t:|1782792075\n|move|p1a: Politoed|Hypnosis|p2a: Araquanid|[miss]\n|-miss|p1a: Politoed|p2a: Araquanid\n|move|p2a: Araquanid|Leech Life|p1a: Politoed\n|-damage|p1a: Politoed|165/302\n|\n|upkeep\n|turn|8\n|\n|t:|1782792077\n|move|p1a: Politoed|Hypnosis|p2a: Araquanid|[miss]\n|-miss|p1a: Politoed|p2a: Araquanid\n|move|p2a: Araquanid|Leech Life|p1a: Politoed\n|-damage|p1a: Politoed|92/302\n|\n|upkeep\n|turn|9\n|c|\u2606happy battler|no\n|\n|t:|1782792082\n|move|p1a: Politoed|Hypnosis|p2a: Araquanid|[miss]\n|-miss|p1a: Politoed|p2a: Araquanid\n|move|p2a: Araquanid|Leech Life|p1a: Politoed\n|-damage|p1a: Politoed|20/302\n|\n|upkeep\n|turn|10\n|\n|t:|1782792088\n|move|p1a: Politoed|Rest|p1a: Politoed\n|-status|p1a: Politoed|slp|[from] move: Rest\n|-heal|p1a: Politoed|302/302 slp|[silent]\n|move|p2a: Araquanid|Leech Life|p1a: Politoed\n|-damage|p1a: Politoed|229/302 slp\n|\n|upkeep\n|turn|11\n|\n|t:|1782792096\n|switch|p2a: Exeggutor|Exeggutor, L89, F|312/312\n|cant|p1a: Politoed|slp\n|\n|upkeep\n|turn|12\n|inactive|Battle timer is ON: inactive players will automatically lose when time's up. (requested by gengis khann)\n|\n|t:|1782792109\n|switch|p1a: Snorlax|Snorlax, L82, F|397/397\n|-activate|p1a: Snorlax|move: Sticky Web\n|-unboost|p1a: Snorlax|spe|1\n|move|p2a: Exeggutor|Substitute|p2a: Exeggutor\n|-start|p2a: Exeggutor|Substitute\n|-damage|p2a: Exeggutor|234/312\n|\n|upkeep\n|turn|13\n|\n|t:|1782792125\n|move|p2a: Exeggutor|Leech Seed|p1a: Snorlax\n|-start|p1a: Snorlax|move: Leech Seed\n|move|p1a: Snorlax|Body Slam|p2a: Exeggutor\n|-end|p2a: Exeggutor|Substitute\n|\n|-damage|p1a: Snorlax|348/397|[from] Leech Seed|[of] p2a: Exeggutor\n|-heal|p2a: Exeggutor|283/312|[silent]\n|upkeep\n|turn|14\n|\n|t:|1782792130\n|switch|p1a: Metagross|Metagross, L79|256/256\n|-activate|p1a: Metagross|move: Sticky Web\n|-fail|p1a: Metagross|unboost|[from] ability: Clear Body|[of] p1a: Metagross\n|move|p2a: Exeggutor|Substitute|p2a: Exeggutor\n|-start|p2a: Exeggutor|Substitute\n|-damage|p2a: Exeggutor|205/312\n|\n|upkeep\n|turn|15\n|\n|t:|1782792134\n|move|p1a: Metagross|Heavy Slam|p2a: Exeggutor\n|-end|p2a: Exeggutor|Substitute\n|move|p2a: Exeggutor|Leech Seed|p1a: Metagross\n|-start|p1a: Metagross|move: Leech Seed\n|\n|-damage|p1a: Metagross|224/256|[from] Leech Seed|[of] p2a: Exeggutor\n|-heal|p2a: Exeggutor|237/312|[silent]\n|upkeep\n|turn|16\n|\n|t:|1782792146\n|switch|p2a: Araquanid|Araquanid, L82, M|246/246\n|move|p1a: Metagross|Knock Off|p2a: Araquanid\n|-damage|p2a: Araquanid|174/246\n|-enditem|p2a: Araquanid|Heavy-Duty Boots|[from] move: Knock Off|[of] p1a: Metagross\n|\n|-damage|p1a: Metagross|192/256|[from] Leech Seed|[of] p2a: Araquanid\n|-heal|p2a: Araquanid|206/246|[silent]\n|upkeep\n|turn|17\n|\n|t:|1782792159\n|switch|p1a: Politoed|Politoed, L88, M|229/302 slp\n|-activate|p1a: Politoed|move: Sticky Web\n|-unboost|p1a: Politoed|spe|1\n|-weather|RainDance|[from] ability: Drizzle|[of] p1a: Politoed\n|move|p2a: Araquanid|Leech Life|p1a: Politoed\n|-damage|p1a: Politoed|159/302 slp\n|-heal|p2a: Araquanid|241/246|[from] drain|[of] p1a: Politoed\n|\n|-weather|RainDance|[upkeep]\n|upkeep\n|turn|18\n|\n|t:|1782792168\n|switch|p2a: Electivire|Electivire, L84, F|263/263\n|cant|p1a: Politoed|slp\n|\n|-weather|RainDance|[upkeep]\n|upkeep\n|turn|19\n|\n|t:|1782792176\n|switch|p1a: Amoonguss|Amoonguss, L82, M|321/321\n|-activate|p1a: Amoonguss|move: Sticky Web\n|-unboost|p1a: Amoonguss|spe|1\n|move|p2a: Electivire|Supercell Slam|p1a: Amoonguss\n|-resisted|p1a: Amoonguss\n|-damage|p1a: Amoonguss|225/321\n|-damage|p2a: Electivire|220/263|[from] item: Rocky Helmet|[of] p1a: Amoonguss\n|-damage|p2a: Electivire|194/263|[from] item: Life Orb\n|\n|-weather|RainDance|[upkeep]\n|upkeep\n|turn|20\n|\n|t:|1782792185\n|switch|p2a: Araquanid|Araquanid, L82, M|241/246\n|move|p1a: Amoonguss|Sludge Bomb|p2a: Araquanid\n|-damage|p2a: Araquanid|177/246\n|-status|p2a: Araquanid|psn\n|\n|-weather|RainDance|[upkeep]\n|-damage|p2a: Araquanid|147/246 psn|[from] psn\n|upkeep\n|turn|21\n|\n|t:|1782792192\n|move|p2a: Araquanid|Leech Life|p1a: Amoonguss\n|-damage|p1a: Amoonguss|153/321\n|-heal|p2a: Araquanid|183/246 psn|[from] drain|[of] p1a: Amoonguss\n|-damage|p2a: Araquanid|142/246 psn|[from] item: Rocky Helmet|[of] p1a: Amoonguss\n|move|p1a: Amoonguss|Giga Drain|p2a: Araquanid\n|-damage|p2a: Araquanid|91/246 psn\n|-heal|p1a: Amoonguss|179/321|[from] drain|[of] p2a: Araquanid\n|\n|-weather|none\n|-damage|p2a: Araquanid|61/246 psn|[from] psn\n|upkeep\n|turn|22\n|\n|t:|1782792202\n|move|p2a: Araquanid|Leech Life|p1a: Amoonguss\n|-damage|p1a: Amoonguss|107/321\n|-heal|p2a: Araquanid|97/246 psn|[from] drain|[of] p1a: Amoonguss\n|-damage|p2a: Araquanid|56/246 psn|[from] item: Rocky Helmet|[of] p1a: Amoonguss\n|move|p1a: Amoonguss|Sludge Bomb|p2a: Araquanid\n|-damage|p2a: Araquanid|0 fnt\n|faint|p2a: Araquanid\n|\n|upkeep\n|\n|t:|1782792205\n|switch|p2a: Scyther|Scyther, L82, M|249/249\n|turn|23\n|\n|t:|1782792214\n|switch|p1a: Metagross|Metagross, L79|192/256\n|-activate|p1a: Metagross|move: Sticky Web\n|-fail|p1a: Metagross|unboost|[from] ability: Clear Body|[of] p1a: Metagross\n|move|p2a: Scyther|Swords Dance|p2a: Scyther\n|-boost|p2a: Scyther|atk|2\n|\n|upkeep\n|turn|24\n|\n|t:|1782792222\n|move|p2a: Scyther|Bug Bite|p1a: Metagross\n|-damage|p1a: Metagross|29/256\n|move|p1a: Metagross|Agility|p1a: Metagross\n|-boost|p1a: Metagross|spe|2\n|\n|upkeep\n|turn|25\n|\n|t:|1782792229\n|move|p1a: Metagross|Heavy Slam|p2a: Scyther\n|-damage|p2a: Scyther|81/249\n|move|p2a: Scyther|Bug Bite|p1a: Metagross\n|-damage|p1a: Metagross|0 fnt\n|faint|p1a: Metagross\n|\n|upkeep\n|\n|t:|1782792236\n|switch|p1a: Victreebel|Victreebel, L90, M|290/290\n|-activate|p1a: Victreebel|move: Sticky Web\n|-unboost|p1a: Victreebel|spe|1\n|turn|26\n|\n|t:|1782792256\n|-terastallize|p2a: Scyther|Fighting\n|-terastallize|p1a: Victreebel|Dark\n|move|p1a: Victreebel|Sucker Punch|p2a: Scyther\n|-resisted|p2a: Scyther\n|-damage|p2a: Scyther|11/249\n|-damage|p1a: Victreebel|261/290|[from] item: Life Orb\n|move|p2a: Scyther|Dual Wingbeat|p1a: Victreebel\n|-damage|p1a: Victreebel|117/290\n|-crit|p1a: Victreebel\n|-damage|p1a: Victreebel|0 fnt\n|faint|p1a: Victreebel\n|-hitcount|p1: Victreebel|2\n|\n|upkeep\n|-message|gengis khann forfeited.\n|\n|win|happy battler\n", "inputlog": ">version f8ac14003a5f27e1bdc8d8c59608a773c1cb96e5\n>start {\"formatid\":\"gen9randombattle\",\"seed\":\"sodium,c57aca979d959abb23b66244d9b8d569\",\"rated\":\"Rated battle\"}\n>player p1 {\"name\":\"gengis khann\",\"avatar\":\"2\",\"rating\":2127,\"seed\":\"sodium,ef03cca682f049ffaf9751a88ef822aa\"}\n>player p2 {\"name\":\"happy battler\",\"avatar\":\"266\",\"rating\":2117,\"seed\":\"sodium,18e4be3b1d7a6b65e7a4b7b013106e43\"}\n>p1 move hypnosis\n>p2 move stickyweb\n>p1 move hypnosis\n>p2 move leechlife\n>p1 move hypnosis\n>p2 move leechlife\n>p1 move hypnosis\n>p2 move leechlife\n>p1 move hypnosis\n>p2 move leechlife\n>p1 move rest\n>p2 move leechlife\n>p1 move hypnosis\n>p2 move leechlife\n>p1 move hypnosis\n>p2 move leechlife\n>chat \u2606happy battler|no\n>p1 move hypnosis\n>p2 move leechlife\n>p1 move rest\n>p2 move leechlife\n>p1 move surf\n>p2 switch 2\n>p1 switch 3\n>p2 move substitute\n>p1 move bodyslam\n>p2 move leechseed\n>p1 switch 5\n>p2 move substitute\n>p1 move heavyslam\n>p2 move leechseed\n>p1 move knockoff\n>p2 switch 2\n>p1 switch 3\n>p2 move leechlife\n>p1 move hypnosis\n>p2 switch 6\n>p1 switch 2\n>p2 move supercellslam\n>p1 move sludgebomb\n>p2 switch 6\n>p1 move gigadrain\n>p2 move leechlife\n>p1 move sludgebomb\n>p2 move leechlife\n>p2 switch 3\n>p1 switch 3\n>p2 move swordsdance\n>p1 move agility\n>p2 move bugbite\n>p1 move heavyslam\n>p2 move bugbite\n>p1 switch 4\n>p1 move suckerpunch terastallize\n>p2 move dualwingbeat terastallize\n>forcelose p1", "uploadtime": 1782792042, "views": 3, "formatid": "gen9randombattle", "rating": null, "private": 0, "password": null, "player_dets": [{"name": "gengis khann", "avatar": "2", "rating": 2127, "seed": "sodium,ef03cca682f049ffaf9751a88ef822aa"}, {"name": "happy battler", "avatar": "266", "rating": 2117, "seed": "sodium,18e4be3b1d7a6b65e7a4b7b013106e43"}], "teams_full": [{"Politoed": {"name": "Politoed", "species": "Politoed", "speciesId": "politoed", "gender": "M", "shiny": false, "level": 88, "moves": ["rest", "surf", "icebeam", "hypnosis"], "ability": "Drizzle", "evs": {"hp": 85, "atk": 0, "def": 85, "spa": 85, "spd": 85, "spe": 85}, "ivs": {"hp": 31, "atk": 0, "def": 31, "spa": 31, "spd": 31, "spe": 31}, "item": "Chesto Berry", "teraType": "Steel", "role": "Bulky Attacker", "bvs": {"hp": 90, "atk": 75, "def": 75, "spa": 90, "spd": 100, "spe": 70}, "stats": {"hp": 302, "atk": 137, "def": 182, "spa": 209, "spd": 226, "spe": 173}, "types": ["Water"]}, "Amoonguss": {"name": "Amoonguss", "species": "Amoonguss", "speciesId": "amoonguss", "gender": "M", "shiny": false, "level": 82, "moves": ["stompingtantrum", "spore", "gigadrain", "sludgebomb"], "ability": "Regenerator", "evs": {"hp": 85, "atk": 85, "def": 85, "spa": 85, "spd": 85, "spe": 85}, "ivs": {"hp": 31, "atk": 31, "def": 31, "spa": 31, "spd": 31, "spe": 31}, "item": "Rocky Helmet", "teraType": "Water", "role": "Bulky Attacker", "bvs": {"hp": 114, "atk": 85, "def": 70, "spa": 85, "spd": 80, "spe": 30}, "stats": {"hp": 321, "atk": 187, "def": 162, "spa": 187, "spd": 178, "spe": 96}, "types": ["Grass", "Poison"]}, "Snorlax": {"name": "Snorlax", "species": "Snorlax", "speciesId": "snorlax", "gender": "F", "shiny": false, "level": 82, "moves": ["crunch", "curse", "earthquake", "bodyslam"], "ability": "Thick Fat", "evs": {"hp": 85, "atk": 85, "def": 85, "spa": 85, "spd": 85, "spe": 85}, "ivs": {"hp": 31, "atk": 31, "def": 31, "spa": 31, "spd": 31, "spe": 31}, "item": "Leftovers", "teraType": "Ground", "role": "Bulky Setup", "bvs": {"hp": 160, "atk": 110, "def": 65, "spa": 65, "spd": 110, "spe": 30}, "stats": {"hp": 397, "atk": 228, "def": 154, "spa": 154, "spd": 228, "spe": 96}, "types": ["Normal"]}, "Victreebel": {"name": "Victreebel", "species": "Victreebel", "speciesId": "victreebel", "gender": "M", "shiny": false, "level": 90, "moves": ["suckerpunch", "swordsdance", "powerwhip", "poisonjab"], "ability": "Chlorophyll", "evs": {"hp": 85, "atk": 85, "def": 85, "spa": 85, "spd": 85, "spe": 85}, "ivs": {"hp": 31, "atk": 31, "def": 31, "spa": 31, "spd": 31, "spe": 31}, "item": "Life Orb", "teraType": "Dark", "role": "Setup Sweeper", "bvs": {"hp": 80, "atk": 105, "def": 65, "spa": 100, "spd": 70, "spe": 70}, "stats": {"hp": 290, "atk": 240, "def": 168, "spa": 231, "spd": 177, "spe": 177}, "types": ["Grass", "Poison"]}, "Metagross": {"name": "Metagross", "species": "Metagross", "speciesId": "metagross", "gender": "N", "shiny": false, "level": 79, "moves": ["knockoff", "heavyslam", "earthquake", "agility"], "ability": "Clear Body", "evs": {"hp": 85, "atk": 85, "def": 85, "spa": 85, "spd": 85, "spe": 85}, "ivs": {"hp": 31, "atk": 31, "def": 31, "spa": 31, "spd": 31, "spe": 31}, "item": "Weakness Policy", "teraType": "Ground", "role": "Bulky Setup", "bvs": {"hp": 80, "atk": 135, "def": 130, "spa": 95, "spd": 90, "spe": 70}, "stats": {"hp": 256, "atk": 259, "def": 251, "spa": 196, "spd": 188, "spe": 156}, "types": ["Steel", "Psychic"]}, "Dudunsparce": {"name": "Dudunsparce", "species": "Dudunsparce-Three-Segment", "speciesId": "dudunsparce", "gender": "F", "shiny": false, "level": 83, "moves": ["boomburst", "shadowball", "roost", "calmmind"], "ability": "Rattled", "evs": {"hp": 85, "atk": 0, "def": 85, "spa": 85, "spd": 85, "spe": 85}, "ivs": {"hp": 31, "atk": 0, "def": 31, "spa": 31, "spd": 31, "spe": 31}, "item": "Leftovers", "teraType": "Ghost", "role": "Bulky Setup", "bvs": {"hp": 125, "atk": 100, "def": 80, "spa": 85, "spd": 75, "spe": 55}, "stats": {"hp": 343, "atk": 171, "def": 180, "spa": 189, "spd": 172, "spe": 139}, "types": ["Normal"]}}, {"Araquanid": {"name": "Araquanid", "species": "Araquanid", "speciesId": "araquanid", "gender": "M", "shiny": false, "level": 82, "moves": ["liquidation", "leechlife", "hydropump", "stickyweb"], "ability": "Water Bubble", "evs": {"hp": 85, "atk": 85, "def": 85, "spa": 85, "spd": 85, "spe": 85}, "ivs": {"hp": 31, "atk": 31, "def": 31, "spa": 31, "spd": 31, "spe": 31}, "item": "Heavy-Duty Boots", "teraType": "Steel", "role": "Bulky Attacker", "bvs": {"hp": 68, "atk": 70, "def": 92, "spa": 50, "spd": 132, "spe": 42}, "stats": {"hp": 246, "atk": 162, "def": 198, "spa": 129, "spd": 264, "spe": 116}, "types": ["Water", "Bug"]}, "Exeggutor": {"name": "Exeggutor", "species": "Exeggutor", "speciesId": "exeggutor", "gender": "F", "shiny": false, "level": 89, "moves": ["leechseed", "substitute", "protect", "psychicnoise"], "ability": "Harvest", "evs": {"hp": 77, "atk": 0, "def": 85, "spa": 85, "spd": 85, "spe": 85}, "ivs": {"hp": 31, "atk": 0, "def": 31, "spa": 31, "spd": 31, "spe": 31}, "item": "Sitrus Berry", "teraType": "Steel", "role": "Bulky Attacker", "bvs": {"hp": 95, "atk": 95, "def": 85, "spa": 125, "spd": 75, "spe": 55}, "stats": {"hp": 312, "atk": 174, "def": 202, "spa": 273, "spd": 184, "spe": 149}, "types": ["Grass", "Psychic"]}, "Scyther": {"name": "Scyther", "species": "Scyther", "speciesId": "scyther", "gender": "M", "shiny": false, "level": 82, "moves": ["bugbite", "closecombat", "dualwingbeat", "swordsdance"], "ability": "Technician", "evs": {"hp": 85, "atk": 85, "def": 85, "spa": 85, "spd": 85, "spe": 85}, "ivs": {"hp": 31, "atk": 31, "def": 31, "spa": 31, "spd": 31, "spe": 31}, "item": "Heavy-Duty Boots", "teraType": "Fighting", "role": "Setup Sweeper", "bvs": {"hp": 70, "atk": 110, "def": 80, "spa": 55, "spd": 80, "spe": 105}, "stats": {"hp": 249, "atk": 228, "def": 178, "spa": 137, "spd": 178, "spe": 219}, "types": ["Bug", "Flying"]}, "Raging Bolt": {"name": "Raging Bolt", "species": "Raging Bolt", "speciesId": "ragingbolt", "gender": "N", "shiny": false, "level": 78, "moves": ["dragonpulse", "thunderclap", "thunderbolt", "calmmind"], "ability": "Protosynthesis", "evs": {"hp": 85, "atk": 0, "def": 85, "spa": 85, "spd": 85, "spe": 85}, "ivs": {"hp": 31, "atk": 0, "def": 31, "spa": 31, "spd": 31, "spe": 31}, "item": "Booster Energy", "teraType": "Fairy", "role": "Fast Bulky Setup", "bvs": {"hp": 125, "atk": 73, "def": 91, "spa": 137, "spd": 89, "spe": 75}, "stats": {"hp": 323, "atk": 118, "def": 187, "spa": 259, "spd": 184, "spe": 162}, "types": ["Electric", "Dragon"]}, "Rampardos": {"name": "Rampardos", "species": "Rampardos", "speciesId": "rampardos", "gender": "M", "shiny": false, "level": 90, "moves": ["firepunch", "rockslide", "zenheadbutt", "earthquake"], "ability": "Sheer Force", "evs": {"hp": 85, "atk": 85, "def": 85, "spa": 85, "spd": 85, "spe": 85}, "ivs": {"hp": 31, "atk": 31, "def": 31, "spa": 31, "spd": 31, "spe": 31}, "item": "Life Orb", "teraType": "Fire", "role": "Wallbreaker", "bvs": {"hp": 97, "atk": 165, "def": 60, "spa": 65, "spd": 50, "spe": 58}, "stats": {"hp": 321, "atk": 348, "def": 159, "spa": 168, "spd": 141, "spe": 156}, "types": ["Rock"]}, "Electivire": {"name": "Electivire", "species": "Electivire", "speciesId": "electivire", "gender": "F", "shiny": false, "level": 84, "moves": ["icepunch", "bulkup", "supercellslam", "earthquake"], "ability": "Motor Drive", "evs": {"hp": 85, "atk": 85, "def": 85, "spa": 85, "spd": 85, "spe": 85}, "ivs": {"hp": 31, "atk": 31, "def": 31, "spa": 31, "spd": 31, "spe": 31}, "item": "Life Orb", "teraType": "Ground", "role": "Setup Sweeper", "bvs": {"hp": 75, "atk": 123, "def": 67, "spa": 95, "spd": 85, "spe": 95}, "stats": {"hp": 263, "atk": 255, "def": 161, "spa": 208, "spd": 191, "spe": 208}, "types": ["Electric"]}}]}