{"id": "gen9randombattle-2641290707", "format": "[Gen 9] Random Battle", "players": ["mugin88", "koolwraith"], "log": "|j|\u2606mugin88\n|j|\u2606koolwraith\n|t:|1782763896\n|gametype|singles\n|player|p1|mugin88|265|1384\n|player|p2|koolwraith|170|1406\n|gen|9\n|tier|[Gen 9] Random Battle\n|rated|\n|rule|Species Clause: Limit one of each Pok\u00e9mon\n|rule|HP Percentage Mod: HP is shown in percentages\n|rule|Sleep Clause Mod: Limit one foe put to sleep\n|rule|Illusion Level Mod: Illusion disguises the Pok\u00e9mon's true level\n|\n|t:|1782763896\n|teamsize|p1|6\n|teamsize|p2|6\n|start\n|switch|p1a: Raging Bolt|Raging Bolt, L78|323/323\n|switch|p2a: Zebstrika|Zebstrika, L87, F|272/272\n|turn|1\n|\n|t:|1782763909\n|-end|p1a: Raging Bolt|Protosynthesis|[silent]\n|switch|p1a: Cetitan|Cetitan, L82, M|412/412\n|move|p2a: Zebstrika|High Horsepower|p1a: Cetitan\n|-damage|p1a: Cetitan|286/412\n|-damage|p2a: Zebstrika|245/272|[from] item: Life Orb\n|\n|upkeep\n|turn|2\n|inactive|Battle timer is ON: inactive players will automatically lose when time's up. (requested by mugin88)\n|\n|t:|1782763916\n|move|p2a: Zebstrika|Overheat|p1a: Cetitan\n|-supereffective|p1a: Cetitan\n|-damage|p1a: Cetitan|117/412\n|-unboost|p2a: Zebstrika|spa|2\n|-enditem|p1a: Cetitan|Sitrus Berry|[eat]\n|-heal|p1a: Cetitan|220/412|[from] item: Sitrus Berry\n|-damage|p2a: Zebstrika|218/272|[from] item: Life Orb\n|move|p1a: Cetitan|Belly Drum|p1a: Cetitan\n|-damage|p1a: Cetitan|14/412\n|-setboost|p1a: Cetitan|atk|6|[from] move: Belly Drum\n|\n|upkeep\n|turn|3\n|\n|t:|1782763928\n|move|p1a: Cetitan|Ice Shard|p2a: Zebstrika\n|-damage|p2a: Zebstrika|0 fnt\n|faint|p2a: Zebstrika\n|\n|upkeep\n|\n|t:|1782763939\n|switch|p2a: Samurott|Samurott, L88, F|310/310\n|turn|4\n|\n|t:|1782763947\n|move|p2a: Samurott|Aqua Jet|p1a: Cetitan\n|-damage|p1a: Cetitan|0 fnt\n|faint|p1a: Cetitan\n|\n|upkeep\n|\n|t:|1782763964\n|switch|p1a: Raging Bolt|Raging Bolt, L78|323/323\n|turn|5\n|\n|t:|1782763974\n|switch|p2a: Sceptile|Sceptile, L87, M|264/264\n|move|p1a: Raging Bolt|Calm Mind|p1a: Raging Bolt\n|-boost|p1a: Raging Bolt|spa|1\n|-boost|p1a: Raging Bolt|spd|1\n|\n|upkeep\n|turn|6\n|\n|t:|1782763996\n|move|p2a: Sceptile|Earthquake|p1a: Raging Bolt\n|-supereffective|p1a: Raging Bolt\n|-damage|p1a: Raging Bolt|136/323\n|-damage|p2a: Sceptile|238/264|[from] item: Life Orb\n|move|p1a: Raging Bolt|Draco Meteor|p2a: Sceptile\n|-damage|p2a: Sceptile|0 fnt\n|-unboost|p1a: Raging Bolt|spa|2\n|faint|p2a: Sceptile\n|\n|-heal|p1a: Raging Bolt|156/323|[from] item: Leftovers\n|upkeep\n|\n|t:|1782764008\n|switch|p2a: Kommo-o|Kommo-o, L78, F|245/245\n|turn|7\n|\n|t:|1782764015\n|-terastallize|p2a: Kommo-o|Normal\n|move|p2a: Kommo-o|Boomburst|p1a: Raging Bolt\n|-damage|p1a: Raging Bolt|63/323\n|-enditem|p2a: Kommo-o|Throat Spray\n|-boost|p2a: Kommo-o|spa|1|[from] item: Throat Spray\n|move|p1a: Raging Bolt|Draco Meteor|p2a: Kommo-o|[miss]\n|-miss|p1a: Raging Bolt|p2a: Kommo-o\n|\n|-heal|p1a: Raging Bolt|83/323|[from] item: Leftovers\n|upkeep\n|turn|8\n|\n|t:|1782764025\n|move|p1a: Raging Bolt|Thunderclap|p2a: Kommo-o\n|-damage|p2a: Kommo-o|194/245\n|move|p2a: Kommo-o|Boomburst|p1a: Raging Bolt\n|-damage|p1a: Raging Bolt|0 fnt\n|faint|p1a: Raging Bolt\n|-end|p1a: Raging Bolt|Protosynthesis|[silent]\n|\n|upkeep\n|\n|t:|1782764033\n|switch|p1a: Sandy Shocks|Sandy Shocks, L80|267/267\n|turn|9\n|\n|t:|1782764037\n|move|p1a: Sandy Shocks|Thunder Wave|p2a: Kommo-o\n|-status|p2a: Kommo-o|par\n|move|p2a: Kommo-o|Clangorous Soul|p2a: Kommo-o\n|-boost|p2a: Kommo-o|atk|1\n|-boost|p2a: Kommo-o|def|1\n|-boost|p2a: Kommo-o|spa|1\n|-boost|p2a: Kommo-o|spd|1\n|-boost|p2a: Kommo-o|spe|1\n|-damage|p2a: Kommo-o|114/245 par\n|\n|upkeep\n|turn|10\n|\n|t:|1782764050\n|move|p1a: Sandy Shocks|Earth Power|p2a: Kommo-o\n|-damage|p2a: Kommo-o|45/245 par\n|move|p2a: Kommo-o|Drain Punch|p1a: Sandy Shocks\n|-damage|p1a: Sandy Shocks|156/267\n|-heal|p2a: Kommo-o|101/245 par|[from] drain|[of] p1a: Sandy Shocks\n|\n|-heal|p1a: Sandy Shocks|172/267|[from] item: Leftovers\n|upkeep\n|turn|11\n|\n|t:|1782764059\n|move|p1a: Sandy Shocks|Earth Power|p2a: Kommo-o\n|-damage|p2a: Kommo-o|34/245 par\n|move|p2a: Kommo-o|Boomburst|p1a: Sandy Shocks\n|-damage|p1a: Sandy Shocks|0 fnt\n|faint|p1a: Sandy Shocks\n|-end|p1a: Sandy Shocks|Protosynthesis|[silent]\n|\n|upkeep\n|\n|t:|1782764070\n|switch|p1a: Mabosstiff|Mabosstiff, L86, M|278/278\n|turn|12\n|\n|t:|1782764079\n|move|p1a: Mabosstiff|Wild Charge|p2a: Kommo-o\n|-damage|p2a: Kommo-o|0 fnt\n|faint|p2a: Kommo-o\n|-damage|p1a: Mabosstiff|269/278|[from] Recoil\n|\n|upkeep\n|\n|t:|1782764089\n|switch|p2a: Eiscue|Eiscue, L88, M|274/274\n|turn|13\n|\n|t:|1782764098\n|move|p1a: Mabosstiff|Wild Charge|p2a: Eiscue\n|-activate|p2a: Eiscue|ability: Ice Face\n|-damage|p2a: Eiscue|274/274\n|detailschange|p2a: Eiscue|Eiscue-Noice, L88, M\n|move|p2a: Eiscue|Belly Drum|p2a: Eiscue\n|-damage|p2a: Eiscue|137/274\n|-setboost|p2a: Eiscue|atk|6|[from] move: Belly Drum\n|-enditem|p2a: Eiscue|Sitrus Berry|[eat]\n|-heal|p2a: Eiscue|205/274|[from] item: Sitrus Berry\n|\n|upkeep\n|turn|14\n|\n|t:|1782764103\n|move|p2a: Eiscue|Liquidation|p1a: Mabosstiff\n|-damage|p1a: Mabosstiff|44/278\n|move|p1a: Mabosstiff|Wild Charge|p2a: Eiscue\n|-damage|p2a: Eiscue|62/274\n|-damage|p1a: Mabosstiff|8/278|[from] Recoil\n|\n|upkeep\n|turn|15\n|\n|t:|1782764110\n|move|p2a: Eiscue|Liquidation|p1a: Mabosstiff\n|-damage|p1a: Mabosstiff|0 fnt\n|faint|p1a: Mabosstiff\n|\n|upkeep\n|\n|t:|1782764114\n|switch|p1a: Glalie|Glalie, L96, F|309/309\n|turn|16\n|\n|t:|1782764121\n|move|p2a: Eiscue|Liquidation|p1a: Glalie\n|-damage|p1a: Glalie|86/309\n|move|p1a: Glalie|Earthquake|p2a: Eiscue\n|-damage|p2a: Eiscue|0 fnt\n|faint|p2a: Eiscue\n|\n|upkeep\n|\n|t:|1782764130\n|switch|p2a: Samurott|Samurott, L88, F|310/310\n|turn|17\n|\n|t:|1782764136\n|move|p2a: Samurott|Aqua Jet|p1a: Glalie\n|-damage|p1a: Glalie|37/309\n|move|p1a: Glalie|Freeze-Dry|p2a: Samurott\n|-supereffective|p2a: Samurott\n|-damage|p2a: Samurott|188/310\n|\n|upkeep\n|turn|18\n|\n|t:|1782764143\n|move|p2a: Samurott|Aqua Jet|p1a: Glalie\n|-damage|p1a: Glalie|0 fnt\n|faint|p1a: Glalie\n|\n|upkeep\n|\n|t:|1782764146\n|switch|p1a: Altaria|Altaria, L89, M|278/278\n|turn|19\n|\n|t:|1782764150\n|switch|p2a: Seviper|Seviper, L93, M|287/287\n|move|p1a: Altaria|Brave Bird|p2a: Seviper\n|-damage|p2a: Seviper|166/287\n|-damage|p1a: Altaria|238/278|[from] Recoil\n|\n|upkeep\n|turn|20\n|\n|t:|1782764155\n|move|p1a: Altaria|Earthquake|p2a: Seviper\n|-supereffective|p2a: Seviper\n|-damage|p2a: Seviper|16/287\n|move|p2a: Seviper|Glare|p1a: Altaria\n|-status|p1a: Altaria|par\n|\n|upkeep\n|turn|21\n|\n|t:|1782764162\n|move|p2a: Seviper|Gunk Shot|p1a: Altaria\n|-damage|p1a: Altaria|57/278 par\n|-damage|p2a: Seviper|0 fnt|[from] item: Life Orb\n|faint|p2a: Seviper\n|move|p1a: Altaria|Earthquake|p2: Seviper|[notarget]\n|-fail|p1a: Altaria\n|\n|upkeep\n|\n|t:|1782764170\n|switch|p2a: Samurott|Samurott, L88, F|188/310\n|turn|22\n|\n|t:|1782764175\n|-terastallize|p1a: Altaria|Steel\n|move|p2a: Samurott|Hydro Pump|p1a: Altaria\n|-damage|p1a: Altaria|0 fnt\n|faint|p1a: Altaria\n|\n|win|koolwraith\n|raw|mugin88's rating: 1384 &rarr; <strong>1365</strong><br />(-19 for losing)\n|raw|koolwraith's rating: 1406 &rarr; <strong>1425</strong><br />(+19 for winning)\n|l|\u2606mugin88\n|player|p1|\n", "inputlog": ">version f8ac14003a5f27e1bdc8d8c59608a773c1cb96e5\n>start {\"formatid\":\"gen9randombattle\",\"seed\":\"sodium,d88e7ddcf76633074fc8e69cc267cc69\",\"rated\":\"Rated battle\"}\n>player p1 {\"name\":\"mugin88\",\"avatar\":\"265\",\"rating\":1384,\"seed\":\"sodium,eafae3ae05829b8b5f02bf0573cb6648\"}\n>player p2 {\"name\":\"koolwraith\",\"avatar\":\"170\",\"rating\":1406,\"seed\":\"sodium,962c32f48d83bb7c5d7d82b457180a32\"}\n>p1 switch 6\n>p2 move highhorsepower\n>p1 move bellydrum\n>p2 move overheat\n>p1 move iceshard\n>p2 move voltswitch\n>p2 switch 4\n>p1 move iceshard\n>p2 move aquajet\n>p1 switch 6\n>p1 move calmmind\n>p2 switch 5\n>p1 move dracometeor\n>p2 move earthquake\n>p2 switch 2\n>p1 move dracometeor\n>p2 move boomburst terastallize\n>p1 move thunderclap\n>p2 move boomburst\n>p1 switch 2\n>p1 move thunderwave\n>p2 move clangoroussoul\n>p1 move earthpower\n>p2 move drainpunch\n>p1 move earthpower\n>p2 move boomburst\n>p1 switch 5\n>p1 move wildcharge\n>p2 move drainpunch\n>p2 switch 6\n>p1 move wildcharge\n>p2 move bellydrum\n>p1 move wildcharge\n>p2 move liquidation\n>p1 move wildcharge\n>p2 move liquidation\n>p1 switch 4\n>p1 move earthquake\n>p2 move liquidation\n>p2 switch 5\n>p1 move freezedry\n>p2 move aquajet\n>p1 move freezedry\n>p2 move aquajet\n>p1 switch 3\n>p1 move bravebird\n>p2 switch 3\n>p1 move earthquake\n>p2 move glare\n>p1 move earthquake\n>p2 move gunkshot\n>p2 switch 3\n>p1 move roost terastallize\n>p2 move hydropump", "uploadtime": 1782764185, "views": 4, "formatid": "gen9randombattle", "rating": 1365, "private": 0, "password": null, "player_dets": [{"name": "mugin88", "avatar": "265", "rating": 1384, "seed": "sodium,eafae3ae05829b8b5f02bf0573cb6648"}, {"name": "koolwraith", "avatar": "170", "rating": 1406, "seed": "sodium,962c32f48d83bb7c5d7d82b457180a32"}], "teams_full": [{"Raging Bolt": {"name": "Raging Bolt", "species": "Raging Bolt", "speciesId": "ragingbolt", "gender": "N", "shiny": false, "level": 78, "moves": ["thunderclap", "thunderbolt", "calmmind", "dracometeor"], "ability": "Protosynthesis", "evs": {"hp": 85, "atk": 0, "def": 85, "spa": 85, "spd": 85, "spe": 85}, "ivs": {"hp": 31, "atk": 0, "def": 31, "spa": 31, "spd": 31, "spe": 31}, "item": "Leftovers", "teraType": "Electric", "role": "Bulky Setup", "bvs": {"hp": 125, "atk": 73, "def": 91, "spa": 137, "spd": 89, "spe": 75}, "stats": {"hp": 323, "atk": 118, "def": 187, "spa": 259, "spd": 184, "spe": 162}, "types": ["Electric", "Dragon"]}, "Sandy Shocks": {"name": "Sandy Shocks", "species": "Sandy Shocks", "speciesId": "sandyshocks", "gender": "N", "shiny": false, "level": 80, "moves": ["thunderwave", "thunderbolt", "spikes", "earthpower"], "ability": "Protosynthesis", "evs": {"hp": 85, "atk": 0, "def": 85, "spa": 85, "spd": 85, "spe": 85}, "ivs": {"hp": 31, "atk": 0, "def": 31, "spa": 31, "spd": 31, "spe": 31}, "item": "Leftovers", "teraType": "Ground", "role": "Fast Support", "bvs": {"hp": 85, "atk": 81, "def": 97, "spa": 121, "spd": 85, "spe": 101}, "stats": {"hp": 267, "atk": 134, "def": 201, "spa": 240, "spd": 182, "spe": 208}, "types": ["Electric", "Ground"]}, "Altaria": {"name": "Altaria", "species": "Altaria", "speciesId": "altaria", "gender": "M", "shiny": false, "level": 89, "moves": ["bravebird", "earthquake", "defog", "roost"], "ability": "Natural Cure", "evs": {"hp": 85, "atk": 85, "def": 85, "spa": 85, "spd": 85, "spe": 85}, "ivs": {"hp": 31, "atk": 31, "def": 31, "spa": 31, "spd": 31, "spe": 31}, "item": "Heavy-Duty Boots", "teraType": "Steel", "role": "Bulky Support", "bvs": {"hp": 75, "atk": 70, "def": 90, "spa": 70, "spd": 105, "spe": 80}, "stats": {"hp": 278, "atk": 175, "def": 211, "spa": 175, "spd": 238, "spe": 193}, "types": ["Dragon", "Flying"]}, "Glalie": {"name": "Glalie", "species": "Glalie", "speciesId": "glalie", "gender": "F", "shiny": false, "level": 96, "moves": ["taunt", "spikes", "freezedry", "earthquake"], "ability": "Inner Focus", "evs": {"hp": 85, "atk": 85, "def": 85, "spa": 85, "spd": 85, "spe": 85}, "ivs": {"hp": 31, "atk": 31, "def": 31, "spa": 31, "spd": 31, "spe": 31}, "item": "Heavy-Duty Boots", "teraType": "Water", "role": "Fast Support", "bvs": {"hp": 80, "atk": 80, "def": 80, "spa": 80, "spd": 80, "spe": 80}, "stats": {"hp": 309, "atk": 208, "def": 208, "spa": 208, "spd": 208, "spe": 208}, "types": ["Ice"]}, "Mabosstiff": {"name": "Mabosstiff", "species": "Mabosstiff", "speciesId": "mabosstiff", "gender": "M", "shiny": false, "level": 86, "moves": ["crunch", "wildcharge", "psychicfangs", "playrough"], "ability": "Stakeout", "evs": {"hp": 85, "atk": 85, "def": 85, "spa": 85, "spd": 85, "spe": 85}, "ivs": {"hp": 31, "atk": 31, "def": 31, "spa": 31, "spd": 31, "spe": 31}, "item": "Choice Band", "teraType": "Fairy", "role": "Bulky Attacker", "bvs": {"hp": 80, "atk": 120, "def": 90, "spa": 60, "spd": 70, "spe": 85}, "stats": {"hp": 278, "atk": 256, "def": 204, "spa": 152, "spd": 170, "spe": 195}, "types": ["Dark"]}, "Cetitan": {"name": "Cetitan", "species": "Cetitan", "speciesId": "cetitan", "gender": "M", "shiny": false, "level": 82, "moves": ["bellydrum", "earthquake", "icespinner", "iceshard"], "ability": "Thick Fat", "evs": {"hp": 81, "atk": 85, "def": 85, "spa": 85, "spd": 85, "spe": 85}, "ivs": {"hp": 31, "atk": 31, "def": 31, "spa": 31, "spd": 31, "spe": 31}, "item": "Sitrus Berry", "teraType": "Ice", "role": "Bulky Setup", "bvs": {"hp": 170, "atk": 113, "def": 65, "spa": 45, "spd": 55, "spe": 73}, "stats": {"hp": 412, "atk": 232, "def": 154, "spa": 121, "spd": 137, "spe": 167}, "types": ["Ice"]}}, {"Zebstrika": {"name": "Zebstrika", "species": "Zebstrika", "speciesId": "zebstrika", "gender": "F", "shiny": false, "level": 87, "moves": ["supercellslam", "voltswitch", "overheat", "highhorsepower"], "ability": "Sap Sipper", "evs": {"hp": 85, "atk": 85, "def": 85, "spa": 85, "spd": 85, "spe": 85}, "ivs": {"hp": 31, "atk": 31, "def": 31, "spa": 31, "spd": 31, "spe": 31}, "item": "Life Orb", "teraType": "Ground", "role": "Fast Attacker", "bvs": {"hp": 75, "atk": 100, "def": 63, "spa": 80, "spd": 63, "spe": 116}, "stats": {"hp": 272, "atk": 224, "def": 159, "spa": 189, "spd": 159, "spe": 252}, "types": ["Electric"]}, "Kommo-o": {"name": "Kommo-o", "species": "Kommo-o", "speciesId": "kommoo", "gender": "F", "shiny": false, "level": 78, "moves": ["clangoroussoul", "drainpunch", "boomburst", "clangingscales"], "ability": "Soundproof", "evs": {"hp": 85, "atk": 85, "def": 85, "spa": 85, "spd": 85, "spe": 85}, "ivs": {"hp": 31, "atk": 31, "def": 31, "spa": 31, "spd": 31, "spe": 31}, "item": "Throat Spray", "teraType": "Normal", "role": "Fast Bulky Setup", "bvs": {"hp": 75, "atk": 110, "def": 125, "spa": 100, "spd": 105, "spe": 85}, "stats": {"hp": 245, "atk": 217, "def": 240, "spa": 201, "spd": 209, "spe": 178}, "types": ["Dragon", "Fighting"]}, "Seviper": {"name": "Seviper", "species": "Seviper", "speciesId": "seviper", "gender": "M", "shiny": false, "level": 93, "moves": ["flamethrower", "glare", "gigadrain", "gunkshot"], "ability": "Infiltrator", "evs": {"hp": 85, "atk": 85, "def": 85, "spa": 85, "spd": 85, "spe": 85}, "ivs": {"hp": 31, "atk": 31, "def": 31, "spa": 31, "spd": 31, "spe": 31}, "item": "Life Orb", "teraType": "Fire", "role": "Fast Attacker", "bvs": {"hp": 73, "atk": 100, "def": 60, "spa": 100, "spd": 60, "spe": 65}, "stats": {"hp": 287, "atk": 239, "def": 164, "spa": 239, "spd": 164, "spe": 174}, "types": ["Poison"]}, "Samurott": {"name": "Samurott", "species": "Samurott", "speciesId": "samurott", "gender": "F", "shiny": false, "level": 88, "moves": ["megahorn", "grassknot", "aquajet", "hydropump"], "ability": "Torrent", "evs": {"hp": 85, "atk": 85, "def": 85, "spa": 85, "spd": 85, "spe": 85}, "ivs": {"hp": 31, "atk": 31, "def": 31, "spa": 31, "spd": 31, "spe": 31}, "item": "Assault Vest", "teraType": "Water", "role": "AV Pivot", "bvs": {"hp": 95, "atk": 100, "def": 85, "spa": 108, "spd": 70, "spe": 70}, "stats": {"hp": 310, "atk": 226, "def": 200, "spa": 240, "spd": 173, "spe": 173}, "types": ["Water"]}, "Sceptile": {"name": "Sceptile", "species": "Sceptile", "speciesId": "sceptile", "gender": "M", "shiny": false, "level": 87, "moves": ["earthquake", "rockslide", "shedtail", "gigadrain"], "ability": "Overgrow", "evs": {"hp": 85, "atk": 85, "def": 85, "spa": 85, "spd": 85, "spe": 85}, "ivs": {"hp": 31, "atk": 31, "def": 31, "spa": 31, "spd": 31, "spe": 31}, "item": "Life Orb", "teraType": "Grass", "role": "Fast Attacker", "bvs": {"hp": 70, "atk": 85, "def": 65, "spa": 105, "spd": 85, "spe": 120}, "stats": {"hp": 264, "atk": 198, "def": 163, "spa": 232, "spd": 198, "spe": 259}, "types": ["Grass"]}, "Eiscue": {"name": "Eiscue", "species": "Eiscue", "speciesId": "eiscue", "gender": "M", "shiny": false, "level": 88, "moves": ["zenheadbutt", "icespinner", "liquidation", "bellydrum"], "ability": "Ice Face", "evs": {"hp": 81, "atk": 85, "def": 85, "spa": 85, "spd": 85, "spe": 85}, "ivs": {"hp": 31, "atk": 31, "def": 31, "spa": 31, "spd": 31, "spe": 31}, "item": "Sitrus Berry", "teraType": "Water", "role": "Setup Sweeper", "bvs": {"hp": 75, "atk": 80, "def": 110, "spa": 65, "spd": 90, "spe": 50}, "stats": {"hp": 274, "atk": 191, "def": 244, "spa": 165, "spd": 209, "spe": 138}, "types": ["Ice"]}}]}