{"id": "gen9randombattle-2641336202", "format": "[Gen 9] Random Battle", "players": ["Ifjfjffjfkdk", "Fhskskdjcx"], "log": "|j|\u203dIfjfjffjfkdk\n|j|\u2606Fhskskdjcx\n|t:|1782769521\n|gametype|singles\n|player|p1|Ifjfjffjfkdk|169|1000\n|player|p2|Fhskskdjcx|1|1040\n|gen|9\n|tier|[Gen 9] Random Battle\n|rated|\n|rule|Species Clause: Limit one of each Pok\u00e9mon\n|rule|HP Percentage Mod: HP is shown in percentages\n|rule|Sleep Clause Mod: Limit one foe put to sleep\n|rule|Illusion Level Mod: Illusion disguises the Pok\u00e9mon's true level\n|\n|t:|1782769521\n|teamsize|p1|6\n|teamsize|p2|6\n|start\n|switch|p1a: Piloswine|Piloswine, L85, M|309/309\n|switch|p2a: Brute Bonnet|Brute Bonnet, L80|309/309\n|turn|1\n|inactive|Battle timer is ON: inactive players will automatically lose when time's up. (requested by Ifjfjffjfkdk)\n|j| koolwraith\n|inactive|Ifjfjffjfkdk has 120 seconds left.\n|\n|t:|1782769570\n|-end|p2a: Brute Bonnet|Protosynthesis|[silent]\n|switch|p2a: Azumarill|Azumarill, L82, F|298/298\n|switch|p1a: Scovillain|Scovillain, L91, M|266/266\n|\n|upkeep\n|turn|2\n|\n|t:|1782769590\n|switch|p1a: Sinistcha|Sinistcha, L83|254/254\n|switch|p2a: Enamorus|Enamorus-Therian, L83, F|259/259\n|\n|upkeep\n|turn|3\n|inactive|Fhskskdjcx has 120 seconds left.\n|inactive|Ifjfjffjfkdk has 120 seconds left.\n|\n|t:|1782769644\n|switch|p1a: Furret|Furret, L94, M|312/312\n|-item|p2a: Enamorus|Choice Specs|[from] ability: Frisk|[of] p1a: Furret\n|move|p2a: Enamorus|Moonblast|p1a: Furret\n|-damage|p1a: Furret|86/312\n|\n|upkeep\n|turn|4\n|inactive|Fhskskdjcx has 120 seconds left.\n|\n|t:|1782769658\n|switch|p2a: Annihilape|Annihilape, L76, F|292/292\n|move|p1a: Furret|Trick|p2a: Annihilape\n|-activate|p1a: Furret|move: Trick|[of] p2a: Annihilape\n|-item|p2a: Annihilape|Choice Band|[from] move: Trick\n|-item|p1a: Furret|Leftovers|[from] move: Trick\n|\n|-heal|p1a: Furret|105/312|[from] item: Leftovers\n|upkeep\n|turn|5\n|inactive|Fhskskdjcx has 120 seconds left.\n|\n|t:|1782769671\n|move|p1a: Furret|U-turn|p2a: Annihilape\n|-resisted|p2a: Annihilape\n|-damage|p2a: Annihilape|278/292\n|\n|t:|1782769676\n|switch|p1a: Drifblim|Drifblim, L86, M|396/396|[from] U-turn\n|move|p2a: Annihilape|Drain Punch|p1a: Drifblim\n|-immune|p1a: Drifblim\n|\n|upkeep\n|turn|6\n|inactive|Fhskskdjcx has 120 seconds left.\n|\n|t:|1782769688\n|switch|p2a: Jolteon|Jolteon, L84, M|246/246\n|move|p1a: Drifblim|Calm Mind|p1a: Drifblim\n|-boost|p1a: Drifblim|spa|1\n|-boost|p1a: Drifblim|spd|1\n|\n|upkeep\n|turn|7\n|\n|t:|1782769700\n|switch|p1a: Piloswine|Piloswine, L85, M|309/309\n|move|p2a: Jolteon|Calm Mind|p2a: Jolteon\n|-boost|p2a: Jolteon|spa|1\n|-boost|p2a: Jolteon|spd|1\n|\n|upkeep\n|turn|8\n|\n|t:|1782769726\n|switch|p2a: Azumarill|Azumarill, L82, F|298/298\n|move|p1a: Piloswine|Roar|p2a: Azumarill\n|drag|p2a: Annihilape|Annihilape, L76, F|278/292\n|\n|upkeep\n|turn|9\n|\n|t:|1782769734\n|move|p2a: Annihilape|Drain Punch|p1a: Piloswine\n|-supereffective|p1a: Piloswine\n|-damage|p1a: Piloswine|157/309\n|-heal|p2a: Annihilape|292/292|[from] drain|[of] p1a: Piloswine\n|move|p1a: Piloswine|Stealth Rock|p2a: Annihilape\n|-sidestart|p2: Fhskskdjcx|move: Stealth Rock\n|\n|upkeep\n|turn|10\n|\n|t:|1782769743\n|switch|p1a: Drifblim|Drifblim, L86, M|396/396\n|move|p2a: Annihilape|Drain Punch|p1a: Drifblim\n|-immune|p1a: Drifblim\n|\n|upkeep\n|turn|11\n|\n|t:|1782769751\n|switch|p2a: Jolteon|Jolteon, L84, M|246/246\n|-damage|p2a: Jolteon|216/246|[from] Stealth Rock\n|move|p1a: Drifblim|Shadow Ball|p2a: Jolteon\n|-damage|p2a: Jolteon|140/246\n|-unboost|p2a: Jolteon|spd|1\n|\n|upkeep\n|turn|12\n|\n|t:|1782769773\n|switch|p1a: Piloswine|Piloswine, L85, M|157/309\n|move|p2a: Jolteon|Calm Mind|p2a: Jolteon\n|-boost|p2a: Jolteon|spa|1\n|-boost|p2a: Jolteon|spd|1\n|\n|upkeep\n|turn|13\n|\n|t:|1782769787\n|switch|p2a: Annihilape|Annihilape, L76, F|292/292\n|-damage|p2a: Annihilape|274/292|[from] Stealth Rock\n|move|p1a: Piloswine|Earthquake|p2a: Annihilape\n|-damage|p2a: Annihilape|136/292\n|\n|upkeep\n|turn|14\n|inactive|Ifjfjffjfkdk has 90 seconds left.\n|inactive|Ifjfjffjfkdk has 60 seconds left.\n|\n|t:|1782769844\n|switch|p1a: Drifblim|Drifblim, L86, M|396/396\n|move|p2a: Annihilape|Rage Fist|p1a: Drifblim\n|-supereffective|p1a: Drifblim\n|-damage|p1a: Drifblim|0 fnt\n|faint|p1a: Drifblim\n|\n|upkeep\n|inactive|Ifjfjffjfkdk has 60 seconds left.\n|\n|t:|1782769855\n|switch|p1a: Furret|Furret, L94, M|105/312\n|-item|p2a: Annihilape|Choice Band|[from] ability: Frisk|[of] p1a: Furret\n|turn|15\n|inactive|Ifjfjffjfkdk has 60 seconds left.\n|\n|t:|1782769873\n|switch|p2a: Brute Bonnet|Brute Bonnet, L80|309/309\n|-damage|p2a: Brute Bonnet|271/309|[from] Stealth Rock\n|move|p1a: Furret|Knock Off|p2a: Brute Bonnet\n|-resisted|p2a: Brute Bonnet\n|-damage|p2a: Brute Bonnet|236/309\n|-enditem|p2a: Brute Bonnet|Leftovers|[from] move: Knock Off|[of] p1a: Furret\n|\n|-heal|p1a: Furret|124/312|[from] item: Leftovers\n|upkeep\n|turn|16\n|inactive|Ifjfjffjfkdk has 30 seconds left.\n|\n|t:|1782769904\n|move|p1a: Furret|U-turn|p2a: Brute Bonnet\n|-supereffective|p2a: Brute Bonnet\n|-damage|p2a: Brute Bonnet|32/309\n|inactive|Ifjfjffjfkdk has 30 seconds left.\n|\n|t:|1782769911\n|switch|p1a: Scovillain|Scovillain, L91, M|266/266|[from] U-turn\n|move|p2a: Brute Bonnet|Crunch|p1a: Scovillain\n|-damage|p1a: Scovillain|151/266\n|\n|upkeep\n|turn|17\n|inactive|Ifjfjffjfkdk has 30 seconds left.\n|inactive|Ifjfjffjfkdk has 20 seconds left.\n|inactive|Ifjfjffjfkdk has 15 seconds left.\n|inactive|Ifjfjffjfkdk has 10 seconds left.\n|\n|t:|1782769945\n|move|p2a: Brute Bonnet|Sucker Punch|p1a: Scovillain\n|-damage|p1a: Scovillain|61/266\n|move|p1a: Scovillain|Flamethrower|p2a: Brute Bonnet\n|-supereffective|p2a: Brute Bonnet\n|-damage|p2a: Brute Bonnet|0 fnt\n|faint|p2a: Brute Bonnet\n|-end|p2a: Brute Bonnet|Protosynthesis|[silent]\n|\n|upkeep\n|inactive|Fhskskdjcx has 120 seconds left.\n|\n|t:|1782769976\n|switch|p2a: Jolteon|Jolteon, L84, M|140/246\n|-damage|p2a: Jolteon|110/246|[from] Stealth Rock\n|turn|18\n|inactive|Ifjfjffjfkdk has 25 seconds left this turn.\n|inactive|Ifjfjffjfkdk has 20 seconds left.\n|\n|t:|1782769982\n|switch|p1a: Piloswine|Piloswine, L85, M|157/309\n|move|p2a: Jolteon|Shadow Ball|p1a: Piloswine\n|-damage|p1a: Piloswine|80/309\n|-damage|p2a: Jolteon|86/246|[from] item: Life Orb\n|\n|upkeep\n|turn|19\n|inactive|Ifjfjffjfkdk has 30 seconds left this turn.\n|inactive|Ifjfjffjfkdk has 20 seconds left.\n|\n|t:|1782770002\n|switch|p2a: Azumarill|Azumarill, L82, F|298/298\n|-damage|p2a: Azumarill|261/298|[from] Stealth Rock\n|move|p1a: Piloswine|Roar|p2a: Azumarill\n|drag|p2a: Enamorus|Enamorus-Therian, L83, F|259/259\n|-damage|p2a: Enamorus|195/259|[from] Stealth Rock\n|\n|upkeep\n|turn|20\n|inactive|Ifjfjffjfkdk has 30 seconds left this turn.\n|\n|t:|1782770014\n|move|p1a: Piloswine|Icicle Crash|p2a: Enamorus\n|-supereffective|p2a: Enamorus\n|-damage|p2a: Enamorus|25/259\n|move|p2a: Enamorus|Moonblast|p1a: Piloswine\n|-damage|p1a: Piloswine|0 fnt\n|faint|p1a: Piloswine\n|\n|upkeep\n|inactive|Ifjfjffjfkdk has 30 seconds left this turn.\n|inactive|Ifjfjffjfkdk has 20 seconds left.\n|\n|t:|1782770028\n|switch|p1a: Furret|Furret, L94, M|124/312\n|-item|p2a: Enamorus|Choice Specs|[from] ability: Frisk|[of] p1a: Furret\n|turn|21\n|inactive|Ifjfjffjfkdk has 30 seconds left this turn.\n|inactive|Ifjfjffjfkdk has 20 seconds left.\n|\n|t:|1782770042\n|move|p1a: Furret|Knock Off|p2a: Enamorus\n|-resisted|p2a: Enamorus\n|-damage|p2a: Enamorus|0 fnt\n|-enditem|p2a: Enamorus|Choice Specs|[from] move: Knock Off|[of] p1a: Furret\n|faint|p2a: Enamorus\n|\n|-heal|p1a: Furret|143/312|[from] item: Leftovers\n|upkeep\n|inactive|Fhskskdjcx has 120 seconds left.\n|\n|t:|1782770058\n|switch|p2a: Annihilape|Annihilape, L76, F|136/292\n|-damage|p2a: Annihilape|118/292|[from] Stealth Rock\n|turn|22\n|inactive|Ifjfjffjfkdk has 30 seconds left.\n|inactive|Ifjfjffjfkdk has 20 seconds left.\n|\n|t:|1782770074\n|move|p1a: Furret|Knock Off|p2a: Annihilape\n|-damage|p2a: Annihilape|31/292\n|-enditem|p2a: Annihilape|Choice Band|[from] move: Knock Off|[of] p1a: Furret\n|move|p2a: Annihilape|Rage Fist|p1a: Furret\n|-immune|p1a: Furret\n|\n|-heal|p1a: Furret|162/312|[from] item: Leftovers\n|upkeep\n|turn|23\n|inactive|Ifjfjffjfkdk has 30 seconds left this turn.\n|inactive|Fhskskdjcx has 120 seconds left.\n|inactive|Ifjfjffjfkdk has 20 seconds left.\n|inactive|Ifjfjffjfkdk has 15 seconds left.\n|\n|t:|1782770091\n|switch|p2a: Azumarill|Azumarill, L82, F|261/298\n|-damage|p2a: Azumarill|224/298|[from] Stealth Rock\n|move|p1a: Furret|Knock Off|p2a: Azumarill\n|-resisted|p2a: Azumarill\n|-damage|p2a: Azumarill|183/298\n|-enditem|p2a: Azumarill|Choice Band|[from] move: Knock Off|[of] p1a: Furret\n|\n|-heal|p1a: Furret|181/312|[from] item: Leftovers\n|upkeep\n|turn|24\n|inactive|Ifjfjffjfkdk has 25 seconds left this turn.\n|inactive|Ifjfjffjfkdk has 20 seconds left.\n|inactive|Ifjfjffjfkdk has 15 seconds left.\n|inactive|Ifjfjffjfkdk has 10 seconds left.\n|inactive|Ifjfjffjfkdk has 5 seconds left.\n|-message|Ifjfjffjfkdk lost due to inactivity.\n|\n|win|Fhskskdjcx\n|raw|Ifjfjffjfkdk's rating: 1000 &rarr; <strong>1000</strong><br />(+0 for losing)\n|raw|Fhskskdjcx's rating: 1040 &rarr; <strong>1070</strong><br />(+30 for winning)\n|l|\u203dIfjfjffjfkdk\n|player|p1|\n|l| koolwraith\n|l|\u2606Fhskskdjcx\n|player|p2|\n|j| koolwraith\n", "inputlog": ">version f8ac14003a5f27e1bdc8d8c59608a773c1cb96e5\n>start {\"formatid\":\"gen9randombattle\",\"seed\":\"sodium,856f44e94bfded7b52837340cf92896c\",\"rated\":\"Rated battle\"}\n>player p1 {\"name\":\"Ifjfjffjfkdk\",\"avatar\":\"169\",\"rating\":1000,\"seed\":\"sodium,15e4e2506a2cb5bd3fc0af17b67f5782\"}\n>player p2 {\"name\":\"Fhskskdjcx\",\"avatar\":\"1\",\"rating\":1040,\"seed\":\"sodium,b72a7dd6d90f26607442b88b4280cfe5\"}\n>p1 switch 4\n>p2 switch 3\n>p1 switch 5\n>p2 switch 6\n>p1 switch 6\n>p2 move moonblast\n>p1 move trick\n>p2 switch 5\n>p1 move uturn\n>p2 move drainpunch\n>p1 switch 2\n>p1 move calmmind\n>p2 switch 2\n>p1 switch 4\n>p2 move calmmind\n>p1 move roar\n>p2 switch 6\n>p1 move stealthrock\n>p2 move drainpunch\n>p1 switch 4\n>p2 move drainpunch\n>p1 move shadowball\n>p2 switch 6\n>p1 switch 4\n>p2 move calmmind\n>p1 move earthquake\n>p2 switch 6\n>p1 switch 4\n>p2 move ragefist\n>p1 switch 2\n>p1 move knockoff\n>p2 switch 3\n>p1 move uturn\n>p2 move crunch\n>p1 switch 5\n>p1 move flamethrower\n>p2 move suckerpunch\n>p2 switch 6\n>p1 switch 4\n>p2 move shadowball\n>p1 move roar\n>p2 switch 2\n>p1 move iciclecrash\n>p2 move moonblast\n>p1 switch 5\n>p1 move knockoff\n>p2 move moonblast\n>p2 switch 3\n>p1 move knockoff\n>p2 move ragefist\n>p1 move knockoff\n>p2 switch 5\n>forcelose p1", "uploadtime": 1782770374, "views": 3, "formatid": "gen9randombattle", "rating": 1000, "private": 0, "password": null, "player_dets": [{"name": "Ifjfjffjfkdk", "avatar": "169", "rating": 1000, "seed": "sodium,15e4e2506a2cb5bd3fc0af17b67f5782"}, {"name": "Fhskskdjcx", "avatar": "1", "rating": 1040, "seed": "sodium,b72a7dd6d90f26607442b88b4280cfe5"}], "teams_full": [{"Piloswine": {"name": "Piloswine", "species": "Piloswine", "speciesId": "piloswine", "gender": "M", "shiny": false, "level": 85, "moves": ["stealthrock", "earthquake", "roar", "iciclecrash"], "ability": "Thick Fat", "evs": {"hp": 85, "atk": 85, "def": 85, "spa": 85, "spd": 85, "spe": 85}, "ivs": {"hp": 31, "atk": 31, "def": 31, "spa": 31, "spd": 31, "spe": 31}, "item": "Eviolite", "teraType": "Dragon", "role": "Bulky Support", "bvs": {"hp": 100, "atk": 100, "def": 80, "spa": 60, "spd": 60, "spe": 50}, "stats": {"hp": 309, "atk": 219, "def": 185, "spa": 151, "spd": 151, "spe": 134}, "types": ["Ice", "Ground"]}, "Drifblim": {"name": "Drifblim", "species": "Drifblim", "speciesId": "drifblim", "gender": "M", "shiny": false, "level": 86, "moves": ["shadowball", "calmmind", "airslash", "strengthsap"], "ability": "Unburden", "evs": {"hp": 73, "atk": 0, "def": 85, "spa": 85, "spd": 85, "spe": 85}, "ivs": {"hp": 31, "atk": 0, "def": 31, "spa": 31, "spd": 31, "spe": 31}, "item": "Sitrus Berry", "teraType": "Steel", "role": "Bulky Attacker", "bvs": {"hp": 150, "atk": 80, "def": 44, "spa": 90, "spd": 54, "spe": 80}, "stats": {"hp": 396, "atk": 142, "def": 125, "spa": 204, "spd": 142, "spe": 187}, "types": ["Ghost", "Flying"]}, "Arceus": {"name": "Arceus", "species": "Arceus", "speciesId": "arceus", "gender": "N", "shiny": false, "level": 68, "moves": ["extremespeed", "swordsdance", "shadowclaw", "earthquake"], "ability": "Multitype", "evs": {"hp": 85, "atk": 85, "def": 85, "spa": 85, "spd": 85, "spe": 85}, "ivs": {"hp": 31, "atk": 31, "def": 31, "spa": 31, "spd": 31, "spe": 31}, "item": "Life Orb", "teraType": "Ghost", "role": "Fast Bulky Setup", "bvs": {"hp": 120, "atk": 120, "def": 120, "spa": 120, "spd": 120, "spe": 120}, "stats": {"hp": 276, "atk": 203, "def": 203, "spa": 203, "spd": 203, "spe": 203}, "types": ["Normal"]}, "Scovillain": {"name": "Scovillain", "species": "Scovillain", "speciesId": "scovillain", "gender": "M", "shiny": false, "level": 91, "moves": ["leafstorm", "flamethrower", "overheat", "energyball"], "ability": "Chlorophyll", "evs": {"hp": 85, "atk": 0, "def": 85, "spa": 85, "spd": 85, "spe": 85}, "ivs": {"hp": 31, "atk": 0, "def": 31, "spa": 31, "spd": 31, "spe": 31}, "item": "Choice Specs", "teraType": "Fire", "role": "Fast Attacker", "bvs": {"hp": 65, "atk": 108, "def": 65, "spa": 108, "spd": 65, "spe": 75}, "stats": {"hp": 266, "atk": 201, "def": 170, "spa": 248, "spd": 170, "spe": 188}, "types": ["Grass", "Fire"]}, "Sinistcha": {"name": "Sinistcha", "species": "Sinistcha", "speciesId": "sinistcha", "gender": "N", "shiny": false, "level": 83, "moves": ["matchagotcha", "calmmind", "shadowball", "strengthsap"], "ability": "Heatproof", "evs": {"hp": 85, "atk": 0, "def": 85, "spa": 85, "spd": 85, "spe": 85}, "ivs": {"hp": 31, "atk": 0, "def": 31, "spa": 31, "spd": 31, "spe": 31}, "item": "Leftovers", "teraType": "Steel", "role": "Bulky Setup", "bvs": {"hp": 71, "atk": 60, "def": 106, "spa": 121, "spd": 80, "spe": 70}, "stats": {"hp": 254, "atk": 104, "def": 224, "spa": 249, "spd": 180, "spe": 164}, "types": ["Grass", "Ghost"]}, "Furret": {"name": "Furret", "species": "Furret", "speciesId": "furret", "gender": "M", "shiny": false, "level": 94, "moves": ["knockoff", "uturn", "doubleedge", "trick"], "ability": "Frisk", "evs": {"hp": 85, "atk": 85, "def": 85, "spa": 85, "spd": 85, "spe": 85}, "ivs": {"hp": 31, "atk": 31, "def": 31, "spa": 31, "spd": 31, "spe": 31}, "item": "Choice Band", "teraType": "Ghost", "role": "Wallbreaker", "bvs": {"hp": 85, "atk": 76, "def": 64, "spa": 45, "spd": 55, "spe": 90}, "stats": {"hp": 312, "atk": 196, "def": 174, "spa": 138, "spd": 157, "spe": 223}, "types": ["Normal"]}}, {"Brute Bonnet": {"name": "Brute Bonnet", "species": "Brute Bonnet", "speciesId": "brutebonnet", "gender": "N", "shiny": false, "level": 80, "moves": ["suckerpunch", "closecombat", "crunch", "spore"], "ability": "Protosynthesis", "evs": {"hp": 85, "atk": 85, "def": 85, "spa": 85, "spd": 85, "spe": 85}, "ivs": {"hp": 31, "atk": 31, "def": 31, "spa": 31, "spd": 31, "spe": 31}, "item": "Leftovers", "teraType": "Fighting", "role": "Bulky Attacker", "bvs": {"hp": 111, "atk": 127, "def": 99, "spa": 79, "spd": 99, "spe": 55}, "stats": {"hp": 309, "atk": 249, "def": 205, "spa": 173, "spd": 205, "spe": 134}, "types": ["Grass", "Dark"]}, "Jolteon": {"name": "Jolteon", "species": "Jolteon", "speciesId": "jolteon", "gender": "M", "shiny": false, "level": 84, "moves": ["alluringvoice", "calmmind", "shadowball", "thunderbolt"], "ability": "Volt Absorb", "evs": {"hp": 85, "atk": 0, "def": 85, "spa": 85, "spd": 85, "spe": 85}, "ivs": {"hp": 31, "atk": 0, "def": 31, "spa": 31, "spd": 31, "spe": 31}, "item": "Life Orb", "teraType": "Electric", "role": "Fast Attacker", "bvs": {"hp": 65, "atk": 65, "def": 60, "spa": 110, "spd": 95, "spe": 130}, "stats": {"hp": 246, "atk": 114, "def": 149, "spa": 233, "spd": 208, "spe": 267}, "types": ["Electric"]}, "Azumarill": {"name": "Azumarill", "species": "Azumarill", "speciesId": "azumarill", "gender": "F", "shiny": false, "level": 82, "moves": ["aquajet", "liquidation", "playrough", "superpower"], "ability": "Huge Power", "evs": {"hp": 85, "atk": 85, "def": 85, "spa": 85, "spd": 85, "spe": 85}, "ivs": {"hp": 31, "atk": 31, "def": 31, "spa": 31, "spd": 31, "spe": 31}, "item": "Choice Band", "teraType": "Water", "role": "Bulky Attacker", "bvs": {"hp": 100, "atk": 50, "def": 80, "spa": 60, "spd": 80, "spe": 50}, "stats": {"hp": 298, "atk": 129, "def": 178, "spa": 146, "spd": 178, "spe": 129}, "types": ["Water", "Fairy"]}, "Suicune": {"name": "Suicune", "species": "Suicune", "speciesId": "suicune", "gender": "N", "shiny": false, "level": 82, "moves": ["calmmind", "sleeptalk", "rest", "scald"], "ability": "Pressure", "evs": {"hp": 85, "atk": 0, "def": 85, "spa": 85, "spd": 85, "spe": 85}, "ivs": {"hp": 31, "atk": 0, "def": 31, "spa": 31, "spd": 31, "spe": 31}, "item": "Leftovers", "teraType": "Dragon", "role": "Bulky Attacker", "bvs": {"hp": 100, "atk": 75, "def": 115, "spa": 90, "spd": 115, "spe": 85}, "stats": {"hp": 298, "atk": 127, "def": 236, "spa": 195, "spd": 236, "spe": 187}, "types": ["Water"]}, "Annihilape": {"name": "Annihilape", "species": "Annihilape", "speciesId": "annihilape", "gender": "F", "shiny": false, "level": 76, "moves": ["bulkup", "drainpunch", "ragefist", "taunt"], "ability": "Defiant", "evs": {"hp": 85, "atk": 85, "def": 85, "spa": 85, "spd": 85, "spe": 85}, "ivs": {"hp": 31, "atk": 31, "def": 31, "spa": 31, "spd": 31, "spe": 31}, "item": "Leftovers", "teraType": "Fairy", "role": "Bulky Setup", "bvs": {"hp": 110, "atk": 115, "def": 80, "spa": 50, "spd": 90, "spe": 90}, "stats": {"hp": 292, "atk": 219, "def": 166, "spa": 120, "spd": 181, "spe": 181}, "types": ["Fighting", "Ghost"]}, "Enamorus": {"name": "Enamorus", "species": "Enamorus-Therian", "speciesId": "enamorustherian", "gender": "F", "shiny": false, "level": 83, "moves": ["moonblast", "mysticalfire", "earthpower", "psychic"], "ability": "Overcoat", "evs": {"hp": 85, "atk": 0, "def": 85, "spa": 85, "spd": 85, "spe": 85}, "ivs": {"hp": 31, "atk": 0, "def": 31, "spa": 31, "spd": 31, "spe": 31}, "item": "Choice Specs", "teraType": "Fairy", "role": "Bulky Attacker", "bvs": {"hp": 74, "atk": 115, "def": 110, "spa": 135, "spd": 100, "spe": 46}, "stats": {"hp": 259, "atk": 195, "def": 230, "spa": 272, "spd": 214, "spe": 124}, "types": ["Fairy", "Flying"]}}]}