{"id": "gen9randombattle-2641423778", "format": "[Gen 9] Random Battle", "players": ["Victory2000", "noKlew"], "log": "|j|\u2606Victory2000\n|j|\u2606noKlew\n|t:|1782782625\n|gametype|singles\n|player|p1|Victory2000|hiker-gen4|2200\n|player|p2|noKlew|102|2229\n|gen|9\n|tier|[Gen 9] Random Battle\n|rated|\n|rule|Species Clause: Limit one of each Pok\u00e9mon\n|rule|HP Percentage Mod: HP is shown in percentages\n|rule|Sleep Clause Mod: Limit one foe put to sleep\n|rule|Illusion Level Mod: Illusion disguises the Pok\u00e9mon's true level\n|\n|t:|1782782625\n|teamsize|p1|6\n|teamsize|p2|6\n|start\n|switch|p1a: Revavroom|Revavroom, L79, F|256/256\n|switch|p2a: Chesnaught|Chesnaught, L84, F|285/285\n|turn|1\n|inactive|Battle timer is ON: inactive players will automatically lose when time's up. (requested by noKlew)\n|inactive|noKlew has 120 seconds left.\n|\n|t:|1782782659\n|switch|p2a: Slaking|Slaking, L84, M|389/389\n|move|p1a: Revavroom|Gunk Shot|p2a: Slaking|[miss]\n|-miss|p1a: Revavroom|p2a: Slaking\n|\n|upkeep\n|turn|2\n|\n|t:|1782782670\n|switch|p1a: Brute Bonnet|Brute Bonnet, L80|309/309\n|move|p2a: Slaking|Knock Off|p1a: Brute Bonnet\n|-resisted|p1a: Brute Bonnet\n|-damage|p1a: Brute Bonnet|230/309\n|-enditem|p1a: Brute Bonnet|Leftovers|[from] move: Knock Off|[of] p2a: Slaking\n|\n|upkeep\n|turn|3\n|\n|t:|1782782682\n|switch|p2a: Gholdengo|Gholdengo, L77|261/261\n|-end|p1a: Brute Bonnet|Protosynthesis|[silent]\n|switch|p1a: Bruxish|Bruxish, L85, F|254/254\n|\n|upkeep\n|turn|4\n|\n|t:|1782782700\n|switch|p2a: Chesnaught|Chesnaught, L84, F|285/285\n|move|p1a: Bruxish|Crunch|p2a: Chesnaught\n|-resisted|p2a: Chesnaught\n|-damage|p2a: Chesnaught|227/285\n|\n|-heal|p2a: Chesnaught|244/285|[from] item: Leftovers\n|upkeep\n|turn|5\n|\n|t:|1782782716\n|switch|p1a: Revavroom|Revavroom, L79, F|256/256\n|move|p2a: Chesnaught|Iron Defense|p2a: Chesnaught\n|-boost|p2a: Chesnaught|def|2\n|\n|-heal|p2a: Chesnaught|261/285|[from] item: Leftovers\n|upkeep\n|turn|6\n|\n|t:|1782782725\n|move|p1a: Revavroom|Gunk Shot|p2a: Chesnaught\n|-supereffective|p2a: Chesnaught\n|-damage|p2a: Chesnaught|121/285\n|-damage|p1a: Revavroom|231/256|[from] item: Life Orb\n|move|p2a: Chesnaught|Iron Defense|p2a: Chesnaught\n|-boost|p2a: Chesnaught|def|2\n|\n|-heal|p2a: Chesnaught|138/285|[from] item: Leftovers\n|upkeep\n|turn|7\n|\n|t:|1782782733\n|move|p1a: Revavroom|Gunk Shot|p2a: Chesnaught\n|-supereffective|p2a: Chesnaught\n|-damage|p2a: Chesnaught|52/285\n|-status|p2a: Chesnaught|psn\n|-damage|p1a: Revavroom|206/256|[from] item: Life Orb\n|move|p2a: Chesnaught|Synthesis|p2a: Chesnaught\n|-heal|p2a: Chesnaught|194/285 psn\n|\n|-heal|p2a: Chesnaught|211/285 psn|[from] item: Leftovers\n|-damage|p2a: Chesnaught|176/285 psn|[from] psn\n|upkeep\n|turn|8\n|\n|t:|1782782741\n|switch|p1a: Bruxish|Bruxish, L85, F|254/254\n|move|p2a: Chesnaught|Body Press|p1a: Bruxish\n|-resisted|p1a: Bruxish\n|-damage|p1a: Bruxish|85/254\n|\n|-heal|p2a: Chesnaught|193/285 psn|[from] item: Leftovers\n|-damage|p2a: Chesnaught|158/285 psn|[from] psn\n|upkeep\n|turn|9\n|\n|t:|1782782748\n|move|p1a: Bruxish|Psychic Fangs|p2a: Chesnaught\n|-supereffective|p2a: Chesnaught\n|-damage|p2a: Chesnaught|48/285 psn\n|move|p2a: Chesnaught|Trailblaze|p1a: Bruxish\n|-supereffective|p1a: Bruxish\n|-damage|p1a: Bruxish|0 fnt\n|-boost|p2a: Chesnaught|spe|1\n|faint|p1a: Bruxish\n|\n|-heal|p2a: Chesnaught|65/285 psn|[from] item: Leftovers\n|-damage|p2a: Chesnaught|30/285 psn|[from] psn\n|upkeep\n|\n|t:|1782782758\n|switch|p1a: Groudon|Groudon, L72|263/263\n|-weather|SunnyDay|[from] ability: Drought|[of] p1a: Groudon\n|turn|10\n|\n|t:|1782782763\n|move|p2a: Chesnaught|Synthesis|p2a: Chesnaught\n|-heal|p2a: Chesnaught|220/285 psn\n|move|p1a: Groudon|Heat Crash|p2a: Chesnaught\n|-supereffective|p2a: Chesnaught\n|-damage|p2a: Chesnaught|148/285 psn\n|\n|-weather|SunnyDay|[upkeep]\n|-heal|p2a: Chesnaught|165/285 psn|[from] item: Leftovers\n|-damage|p2a: Chesnaught|130/285 psn|[from] psn\n|upkeep\n|turn|11\n|\n|t:|1782782768\n|move|p2a: Chesnaught|Synthesis|p2a: Chesnaught\n|-heal|p2a: Chesnaught|285/285 psn\n|move|p1a: Groudon|Heat Crash|p2a: Chesnaught\n|-supereffective|p2a: Chesnaught\n|-damage|p2a: Chesnaught|211/285 psn\n|\n|-weather|SunnyDay|[upkeep]\n|-heal|p2a: Chesnaught|228/285 psn|[from] item: Leftovers\n|-damage|p2a: Chesnaught|193/285 psn|[from] psn\n|upkeep\n|turn|12\n|\n|t:|1782782773\n|move|p2a: Chesnaught|Iron Defense|p2a: Chesnaught\n|-boost|p2a: Chesnaught|def|2\n|move|p1a: Groudon|Heat Crash|p2a: Chesnaught\n|-supereffective|p2a: Chesnaught\n|-damage|p2a: Chesnaught|139/285 psn\n|\n|-weather|SunnyDay|[upkeep]\n|-heal|p2a: Chesnaught|156/285 psn|[from] item: Leftovers\n|-damage|p2a: Chesnaught|121/285 psn|[from] psn\n|upkeep\n|turn|13\n|\n|t:|1782782776\n|move|p2a: Chesnaught|Synthesis|p2a: Chesnaught\n|-heal|p2a: Chesnaught|285/285 psn\n|move|p1a: Groudon|Heat Crash|p2a: Chesnaught\n|-supereffective|p2a: Chesnaught\n|-damage|p2a: Chesnaught|231/285 psn\n|\n|-weather|SunnyDay|[upkeep]\n|-heal|p2a: Chesnaught|248/285 psn|[from] item: Leftovers\n|-damage|p2a: Chesnaught|213/285 psn|[from] psn\n|upkeep\n|turn|14\n|\n|t:|1782782778\n|move|p2a: Chesnaught|Body Press|p1a: Groudon\n|-damage|p1a: Groudon|0 fnt\n|faint|p1a: Groudon\n|\n|-weather|none\n|-heal|p2a: Chesnaught|230/285 psn|[from] item: Leftovers\n|-damage|p2a: Chesnaught|195/285 psn|[from] psn\n|upkeep\n|c|\u2606Victory2000|oh no\n|c|\u2606Victory2000|6 physical attackers into chesnaught\n|c|\u2606noKlew|oof\n|c|\u2606Victory2000|!showteam\n|c| Victory2000|/raw <div class=\"infobox\"><details><summary>View team</summary>Revavroom (F) @ Life Orb  <br />Ability: Filter  <br />Level: 79  <br />Tera Type: Ground  <br />EVs: 85 HP &#x2f; 85 Atk &#x2f; 85 Def &#x2f; 85 SpA &#x2f; 85 SpD &#x2f; 85 Spe  <br />- Shift Gear  <br />- High Horsepower  <br />- Iron Head  <br />- Gunk Shot  <br /><br />Ting-Lu @ Assault Vest  <br />Ability: Vessel of Ruin  <br />Level: 78  <br />Tera Type: Poison  <br />EVs: 85 HP &#x2f; 85 Atk &#x2f; 85 Def &#x2f; 85 SpA &#x2f; 85 SpD &#x2f; 85 Spe  <br />- Heavy Slam  <br />- Ruination  <br />- Payback  <br />- Earthquake  <br /><br />Brute Bonnet @ Leftovers  <br />Ability: Protosynthesis  <br />Level: 80  <br />Tera Type: Poison  <br />EVs: 85 HP &#x2f; 85 Atk &#x2f; 85 Def &#x2f; 85 SpA &#x2f; 85 SpD &#x2f; 85 Spe  <br />- Seed Bomb  <br />- Sucker Punch  <br />- Spore  <br />- Crunch  <br /><br />Groudon @ Leftovers  <br />Ability: Drought  <br />Level: 72  <br />Tera Type: Fire  <br />EVs: 85 HP &#x2f; 85 Atk &#x2f; 85 Def &#x2f; 85 SpA &#x2f; 85 SpD &#x2f; 85 Spe  <br />- Stone Edge  <br />- Heat Crash  <br />- Precipice Blades  <br />- Spikes  <br /><br />Cinccino (F) @ Loaded Dice  <br />Ability: Technician  <br />Level: 83  <br />Tera Type: Grass  <br />EVs: 85 HP &#x2f; 85 Atk &#x2f; 85 Def &#x2f; 85 SpA &#x2f; 85 SpD &#x2f; 85 Spe  <br />- Tidy Up  <br />- Triple Axel  <br />- Bullet Seed  <br />- Tail Slap  <br /><br />Bruxish (F) @ Choice Band  <br />Ability: Strong Jaw  <br />Level: 85  <br />Tera Type: Dark  <br />EVs: 85 HP &#x2f; 85 Atk &#x2f; 85 Def &#x2f; 85 SpA &#x2f; 85 SpD &#x2f; 85 Spe  <br />- Wave Crash  <br />- Crunch  <br />- Flip Turn  <br />- Psychic Fangs  <br /><br /></details></div>\n|c|\u2606Victory2000|gg\n|-message|Victory2000 forfeited.\n|\n|win|noKlew\n", "inputlog": ">version f8ac14003a5f27e1bdc8d8c59608a773c1cb96e5\n>start {\"formatid\":\"gen9randombattle\",\"seed\":\"sodium,a044c73a03b49edd6dafca85bd4fadf2\",\"rated\":\"Rated battle\"}\n>player p1 {\"name\":\"Victory2000\",\"avatar\":\"hiker-gen4\",\"rating\":2200,\"seed\":\"sodium,95e07090d0f19a3793aba7747f37bfe7\"}\n>player p2 {\"name\":\"noKlew\",\"avatar\":\"102\",\"rating\":2229,\"seed\":\"sodium,42e44dbe4345c893645a5298b6b76323\"}\n>p1 move gunkshot\n>p2 switch 5\n>p1 switch 3\n>p2 move knockoff\n>p1 switch 6\n>p2 switch 2\n>p1 move crunch\n>p2 switch 5\n>p1 switch 3\n>p2 move irondefense\n>p1 move gunkshot\n>p2 move irondefense\n>p1 move gunkshot\n>p2 move synthesis\n>p1 switch 3\n>p2 move bodypress\n>p1 move psychicfangs\n>p2 move trailblaze\n>p1 switch 4\n>p1 move heatcrash\n>p2 move synthesis\n>p1 move heatcrash\n>p2 move synthesis\n>p1 move heatcrash\n>p2 move irondefense\n>p1 move heatcrash\n>p2 move synthesis\n>p1 move heatcrash\n>p2 move bodypress\n>chat \u2606Victory2000|oh no\n>chat \u2606Victory2000|6 physical attackers into chesnaught\n>chat \u2606noKlew|oof\n>chat \u2606Victory2000|!showteam\n>chat \u2606Victory2000|gg\n>forcelose p1", "uploadtime": 1782782627, "views": 4, "formatid": "gen9randombattle", "rating": null, "private": 0, "password": null, "player_dets": [{"name": "Victory2000", "avatar": "hiker-gen4", "rating": 2200, "seed": "sodium,95e07090d0f19a3793aba7747f37bfe7"}, {"name": "noKlew", "avatar": "102", "rating": 2229, "seed": "sodium,42e44dbe4345c893645a5298b6b76323"}], "teams_full": [{"Revavroom": {"name": "Revavroom", "species": "Revavroom", "speciesId": "revavroom", "gender": "F", "shiny": false, "level": 79, "moves": ["shiftgear", "highhorsepower", "ironhead", "gunkshot"], "ability": "Filter", "evs": {"hp": 85, "atk": 85, "def": 85, "spa": 85, "spd": 85, "spe": 85}, "ivs": {"hp": 31, "atk": 31, "def": 31, "spa": 31, "spd": 31, "spe": 31}, "item": "Life Orb", "teraType": "Ground", "role": "Fast Attacker", "bvs": {"hp": 80, "atk": 119, "def": 90, "spa": 54, "spd": 67, "spe": 90}, "stats": {"hp": 256, "atk": 234, "def": 188, "spa": 131, "spd": 151, "spe": 188}, "types": ["Steel", "Poison"]}, "Ting-Lu": {"name": "Ting-Lu", "species": "Ting-Lu", "speciesId": "tinglu", "gender": "N", "shiny": false, "level": 78, "moves": ["heavyslam", "ruination", "payback", "earthquake"], "ability": "Vessel of Ruin", "evs": {"hp": 85, "atk": 85, "def": 85, "spa": 85, "spd": 85, "spe": 85}, "ivs": {"hp": 31, "atk": 31, "def": 31, "spa": 31, "spd": 31, "spe": 31}, "item": "Assault Vest", "teraType": "Poison", "role": "Bulky Attacker", "bvs": {"hp": 155, "atk": 110, "def": 125, "spa": 55, "spd": 80, "spe": 45}, "stats": {"hp": 370, "atk": 217, "def": 240, "spa": 131, "spd": 170, "spe": 115}, "types": ["Dark", "Ground"]}, "Brute Bonnet": {"name": "Brute Bonnet", "species": "Brute Bonnet", "speciesId": "brutebonnet", "gender": "N", "shiny": false, "level": 80, "moves": ["seedbomb", "suckerpunch", "spore", "crunch"], "ability": "Protosynthesis", "evs": {"hp": 85, "atk": 85, "def": 85, "spa": 85, "spd": 85, "spe": 85}, "ivs": {"hp": 31, "atk": 31, "def": 31, "spa": 31, "spd": 31, "spe": 31}, "item": "Leftovers", "teraType": "Poison", "role": "Bulky Support", "bvs": {"hp": 111, "atk": 127, "def": 99, "spa": 79, "spd": 99, "spe": 55}, "stats": {"hp": 309, "atk": 249, "def": 205, "spa": 173, "spd": 205, "spe": 134}, "types": ["Grass", "Dark"]}, "Groudon": {"name": "Groudon", "species": "Groudon", "speciesId": "groudon", "gender": "N", "shiny": false, "level": 72, "moves": ["stoneedge", "heatcrash", "precipiceblades", "spikes"], "ability": "Drought", "evs": {"hp": 85, "atk": 85, "def": 85, "spa": 85, "spd": 85, "spe": 85}, "ivs": {"hp": 31, "atk": 31, "def": 31, "spa": 31, "spd": 31, "spe": 31}, "item": "Leftovers", "teraType": "Fire", "role": "Bulky Attacker", "bvs": {"hp": 100, "atk": 150, "def": 140, "spa": 100, "spd": 90, "spe": 90}, "stats": {"hp": 263, "atk": 258, "def": 244, "spa": 186, "spd": 172, "spe": 172}, "types": ["Ground"]}, "Cinccino": {"name": "Cinccino", "species": "Cinccino", "speciesId": "cinccino", "gender": "F", "shiny": false, "level": 83, "moves": ["tidyup", "tripleaxel", "bulletseed", "tailslap"], "ability": "Technician", "evs": {"hp": 85, "atk": 85, "def": 85, "spa": 85, "spd": 85, "spe": 85}, "ivs": {"hp": 31, "atk": 31, "def": 31, "spa": 31, "spd": 31, "spe": 31}, "item": "Loaded Dice", "teraType": "Grass", "role": "Fast Attacker", "bvs": {"hp": 75, "atk": 95, "def": 60, "spa": 65, "spd": 60, "spe": 115}, "stats": {"hp": 260, "atk": 205, "def": 147, "spa": 156, "spd": 147, "spe": 239}, "types": ["Normal"]}, "Bruxish": {"name": "Bruxish", "species": "Bruxish", "speciesId": "bruxish", "gender": "F", "shiny": false, "level": 85, "moves": ["wavecrash", "crunch", "flipturn", "psychicfangs"], "ability": "Strong Jaw", "evs": {"hp": 85, "atk": 85, "def": 85, "spa": 85, "spd": 85, "spe": 85}, "ivs": {"hp": 31, "atk": 31, "def": 31, "spa": 31, "spd": 31, "spe": 31}, "item": "Choice Band", "teraType": "Dark", "role": "Fast Attacker", "bvs": {"hp": 68, "atk": 105, "def": 70, "spa": 70, "spd": 70, "spe": 92}, "stats": {"hp": 254, "atk": 227, "def": 168, "spa": 168, "spd": 168, "spe": 205}, "types": ["Water", "Psychic"]}}, {"Chesnaught": {"name": "Chesnaught", "species": "Chesnaught", "speciesId": "chesnaught", "gender": "F", "shiny": false, "level": 84, "moves": ["trailblaze", "synthesis", "irondefense", "bodypress"], "ability": "Bulletproof", "evs": {"hp": 85, "atk": 85, "def": 85, "spa": 85, "spd": 85, "spe": 85}, "ivs": {"hp": 31, "atk": 31, "def": 31, "spa": 31, "spd": 31, "spe": 31}, "item": "Leftovers", "teraType": "Steel", "role": "Fast Bulky Setup", "bvs": {"hp": 88, "atk": 107, "def": 122, "spa": 74, "spd": 75, "spe": 64}, "stats": {"hp": 285, "atk": 228, "def": 253, "spa": 173, "spd": 174, "spe": 156}, "types": ["Grass", "Fighting"]}, "Gholdengo": {"name": "Gholdengo", "species": "Gholdengo", "speciesId": "gholdengo", "gender": "N", "shiny": false, "level": 77, "moves": ["recover", "shadowball", "makeitrain", "thunderwave"], "ability": "Good as Gold", "evs": {"hp": 85, "atk": 0, "def": 85, "spa": 85, "spd": 85, "spe": 85}, "ivs": {"hp": 31, "atk": 0, "def": 31, "spa": 31, "spd": 31, "spe": 31}, "item": "Leftovers", "teraType": "Dark", "role": "Bulky Support", "bvs": {"hp": 87, "atk": 60, "def": 95, "spa": 133, "spd": 91, "spe": 84}, "stats": {"hp": 261, "atk": 97, "def": 191, "spa": 249, "spd": 185, "spe": 174}, "types": ["Steel", "Ghost"]}, "Iron Crown": {"name": "Iron Crown", "species": "Iron Crown", "speciesId": "ironcrown", "gender": "N", "shiny": false, "level": 78, "moves": ["focusblast", "psyshock", "voltswitch", "tachyoncutter"], "ability": "Quark Drive", "evs": {"hp": 85, "atk": 0, "def": 85, "spa": 85, "spd": 85, "spe": 85}, "ivs": {"hp": 31, "atk": 0, "def": 31, "spa": 31, "spd": 31, "spe": 31}, "item": "Choice Specs", "teraType": "Fighting", "role": "Wallbreaker", "bvs": {"hp": 90, "atk": 72, "def": 100, "spa": 122, "spd": 108, "spe": 98}, "stats": {"hp": 268, "atk": 117, "def": 201, "spa": 235, "spd": 214, "spe": 198}, "types": ["Steel", "Psychic"]}, "Hitmonchan": {"name": "Hitmonchan", "species": "Hitmonchan", "speciesId": "hitmonchan", "gender": "M", "shiny": false, "level": 87, "moves": ["knockoff", "bulkup", "rapidspin", "drainpunch"], "ability": "Iron Fist", "evs": {"hp": 85, "atk": 85, "def": 85, "spa": 85, "spd": 85, "spe": 85}, "ivs": {"hp": 31, "atk": 31, "def": 31, "spa": 31, "spd": 31, "spe": 31}, "item": "Leftovers", "teraType": "Dark", "role": "Bulky Setup", "bvs": {"hp": 50, "atk": 105, "def": 79, "spa": 35, "spd": 110, "spe": 76}, "stats": {"hp": 229, "atk": 232, "def": 187, "spa": 111, "spd": 241, "spe": 182}, "types": ["Fighting"]}, "Slaking": {"name": "Slaking", "species": "Slaking", "speciesId": "slaking", "gender": "M", "shiny": false, "level": 84, "moves": ["knockoff", "doubleedge", "gigaimpact", "earthquake"], "ability": "Truant", "evs": {"hp": 85, "atk": 85, "def": 85, "spa": 85, "spd": 85, "spe": 85}, "ivs": {"hp": 31, "atk": 31, "def": 31, "spa": 31, "spd": 31, "spe": 31}, "item": "Choice Band", "teraType": "Ground", "role": "Wallbreaker", "bvs": {"hp": 150, "atk": 160, "def": 100, "spa": 95, "spd": 65, "spe": 100}, "stats": {"hp": 389, "atk": 317, "def": 216, "spa": 208, "spd": 157, "spe": 216}, "types": ["Normal"]}, "Arceus": {"name": "Arceus", "species": "Arceus-Water", "speciesId": "arceuswater", "gender": "N", "shiny": false, "level": 71, "moves": ["calmmind", "icebeam", "judgment", "recover"], "ability": "Multitype", "evs": {"hp": 85, "atk": 0, "def": 85, "spa": 85, "spd": 85, "spe": 85}, "ivs": {"hp": 31, "atk": 0, "def": 31, "spa": 31, "spd": 31, "spe": 31}, "item": "Splash Plate", "teraType": "Steel", "role": "Bulky Support", "bvs": {"hp": 120, "atk": 120, "def": 120, "spa": 120, "spd": 120, "spe": 120}, "stats": {"hp": 288, "atk": 175, "def": 212, "spa": 212, "spd": 212, "spe": 212}, "types": ["Water"]}}]}