{"id": "gen9randombattle-2641553181", "format": "[Gen 9] Random Battle", "players": ["stopreportingmeffs", "My Life is Dance \u2764"], "log": "|j|\u2606stopreportingmeffs\n|j|\u2606My Life is Dance \u2764\n|t:|1782806592\n|gametype|singles\n|player|p1|stopreportingmeffs|266|2136\n|player|p2|My Life is Dance \u2764|tierno|2257\n|gen|9\n|tier|[Gen 9] Random Battle\n|rated|\n|rule|Species Clause: Limit one of each Pok\u00e9mon\n|rule|HP Percentage Mod: HP is shown in percentages\n|rule|Sleep Clause Mod: Limit one foe put to sleep\n|rule|Illusion Level Mod: Illusion disguises the Pok\u00e9mon's true level\n|\n|t:|1782806592\n|teamsize|p1|6\n|teamsize|p2|6\n|start\n|switch|p1a: Venomoth|Venomoth, L84, M|255/255\n|switch|p2a: Cloyster|Cloyster, L80, F|211/211\n|turn|1\n|inactive|Battle timer is ON: inactive players will automatically lose when time's up. (requested by stopreportingmeffs)\n|\n|t:|1782806628\n|switch|p2a: Kyurem|Kyurem-Black, L71|295/295\n|-ability|p2a: Kyurem|Teravolt\n|move|p1a: Venomoth|Sleep Powder|p2a: Kyurem\n|-status|p2a: Kyurem|slp|[from] move: Sleep Powder\n|\n|upkeep\n|turn|2\n|\n|t:|1782806633\n|switch|p2a: Basculegion|Basculegion, L80, M|323/323\n|move|p1a: Venomoth|Quiver Dance|p1a: Venomoth\n|-boost|p1a: Venomoth|spa|1\n|-boost|p1a: Venomoth|spd|1\n|-boost|p1a: Venomoth|spe|1\n|\n|upkeep\n|turn|3\n|\n|t:|1782806639\n|switch|p1a: Zarude|Zarude, L77|288/288\n|move|p2a: Basculegion|Wave Crash|p1a: Zarude\n|-resisted|p1a: Zarude\n|-damage|p1a: Zarude|211/288\n|-damage|p2a: Basculegion|298/323|[from] Recoil\n|\n|-heal|p1a: Zarude|229/288|[from] item: Leftovers\n|upkeep\n|turn|4\n|\n|t:|1782806644\n|switch|p2a: Vikavolt|Vikavolt, L83, M|263/263\n|move|p1a: Zarude|Knock Off|p2a: Vikavolt\n|-damage|p2a: Vikavolt|155/263\n|-enditem|p2a: Vikavolt|Heavy-Duty Boots|[from] move: Knock Off|[of] p1a: Zarude\n|\n|-heal|p1a: Zarude|247/288|[from] item: Leftovers\n|upkeep\n|turn|5\n|\n|t:|1782806651\n|move|p1a: Zarude|Swords Dance|p1a: Zarude\n|-boost|p1a: Zarude|atk|2\n|move|p2a: Vikavolt|Sticky Web|p1a: Zarude\n|-sidestart|p1: stopreportingmeffs|move: Sticky Web\n|\n|-heal|p1a: Zarude|265/288|[from] item: Leftovers\n|upkeep\n|turn|6\n|\n|t:|1782806658\n|move|p1a: Zarude|Knock Off|p2a: Vikavolt\n|-damage|p2a: Vikavolt|14/263\n|move|p2a: Vikavolt|Bug Buzz|p1a: Zarude\n|-supereffective|p1a: Zarude\n|-damage|p1a: Zarude|0 fnt\n|faint|p1a: Zarude\n|\n|upkeep\n|\n|t:|1782806666\n|switch|p1a: Cinderace|Cinderace, L77, F|250/250\n|turn|7\n|\n|t:|1782806675\n|move|p1a: Cinderace|Court Change|p1a: Cinderace\n|-start|p1a: Cinderace|typechange|Normal|[from] ability: Libero\n|-swapsideconditions\n|-activate|p1a: Cinderace|move: Court Change\n|move|p2a: Vikavolt|Sticky Web|p1a: Cinderace\n|-sidestart|p1: stopreportingmeffs|move: Sticky Web\n|\n|upkeep\n|turn|8\n|\n|t:|1782806685\n|move|p1a: Cinderace|U-turn|p2a: Vikavolt\n|-damage|p2a: Vikavolt|0 fnt\n|faint|p2a: Vikavolt\n|\n|t:|1782806688\n|switch|p1a: Venomoth|Venomoth, L84, M|255/255|[from] U-turn\n|\n|upkeep\n|\n|t:|1782806693\n|switch|p2a: Basculegion|Basculegion, L80, M|298/323\n|-activate|p2a: Basculegion|move: Sticky Web\n|-unboost|p2a: Basculegion|spe|1\n|turn|9\n|\n|t:|1782806701\n|switch|p1a: Houndstone|Houndstone, L86, F|264/264\n|-activate|p1a: Houndstone|move: Sticky Web\n|-unboost|p1a: Houndstone|spe|1\n|move|p2a: Basculegion|Wave Crash|p1a: Houndstone\n|-damage|p1a: Houndstone|189/264\n|-damage|p2a: Basculegion|273/323|[from] Recoil\n|\n|-heal|p1a: Houndstone|205/264|[from] item: Leftovers\n|upkeep\n|turn|10\n|\n|t:|1782806711\n|move|p2a: Basculegion|Flip Turn|p1a: Houndstone\n|-damage|p1a: Houndstone|166/264\n|\n|t:|1782806717\n|switch|p2a: Cloyster|Cloyster, L80, F|211/211|[from] Flip Turn\n|-activate|p2a: Cloyster|move: Sticky Web\n|-unboost|p2a: Cloyster|spe|1\n|-enditem|p2a: Cloyster|White Herb\n|-clearnegativeboost|p2a: Cloyster|[silent]\n|move|p1a: Houndstone|Poltergeist||[still]\n|-fail|p1a: Houndstone\n|\n|-heal|p1a: Houndstone|182/264|[from] item: Leftovers\n|upkeep\n|turn|11\n|\n|t:|1782806724\n|move|p2a: Cloyster|Shell Smash|p2a: Cloyster\n|-unboost|p2a: Cloyster|def|1\n|-unboost|p2a: Cloyster|spd|1\n|-boost|p2a: Cloyster|atk|2\n|-boost|p2a: Cloyster|spa|2\n|-boost|p2a: Cloyster|spe|2\n|move|p1a: Houndstone|Roar|p2a: Cloyster\n|drag|p2a: Bastiodon|Bastiodon, L89, F|252/252\n|-activate|p2a: Bastiodon|move: Sticky Web\n|-unboost|p2a: Bastiodon|spe|1\n|\n|-heal|p1a: Houndstone|198/264|[from] item: Leftovers\n|upkeep\n|turn|12\n|\n|t:|1782806746\n|switch|p2a: Arceus|Arceus-Poison, L70|284/284\n|-activate|p2a: Arceus|move: Sticky Web\n|-unboost|p2a: Arceus|spe|1\n|move|p1a: Houndstone|Body Press|p2a: Arceus\n|-resisted|p2a: Arceus\n|-damage|p2a: Arceus|256/284\n|\n|-heal|p1a: Houndstone|214/264|[from] item: Leftovers\n|upkeep\n|turn|13\n|\n|t:|1782806755\n|move|p2a: Arceus|Swords Dance|p2a: Arceus\n|-boost|p2a: Arceus|atk|2\n|move|p1a: Houndstone|Poltergeist|p2a: Arceus|[miss]\n|-miss|p1a: Houndstone|p2a: Arceus\n|\n|-heal|p1a: Houndstone|230/264|[from] item: Leftovers\n|upkeep\n|turn|14\n|\n|t:|1782806760\n|move|p2a: Arceus|Flare Blitz|p1a: Houndstone\n|-damage|p1a: Houndstone|92/264\n|-damage|p2a: Arceus|210/284|[from] Recoil\n|move|p1a: Houndstone|Roar|p2a: Arceus\n|drag|p2a: Bastiodon|Bastiodon, L89, F|252/252\n|-activate|p2a: Bastiodon|move: Sticky Web\n|-unboost|p2a: Bastiodon|spe|1\n|\n|-heal|p1a: Houndstone|108/264|[from] item: Leftovers\n|upkeep\n|turn|15\n|\n|t:|1782806768\n|switch|p2a: Basculegion|Basculegion, L80, M|273/323\n|-activate|p2a: Basculegion|move: Sticky Web\n|-unboost|p2a: Basculegion|spe|1\n|move|p1a: Houndstone|Poltergeist|p2a: Basculegion\n|-activate|p2a: Basculegion|move: Poltergeist|Assault Vest\n|-supereffective|p2a: Basculegion\n|-damage|p2a: Basculegion|0 fnt\n|faint|p2a: Basculegion\n|\n|-heal|p1a: Houndstone|124/264|[from] item: Leftovers\n|upkeep\n|\n|t:|1782806777\n|switch|p2a: Arceus|Arceus-Poison, L70|210/284\n|-activate|p2a: Arceus|move: Sticky Web\n|-unboost|p2a: Arceus|spe|1\n|turn|16\n|\n|t:|1782806783\n|switch|p1a: Toucannon|Toucannon, L88, M|284/284\n|move|p2a: Arceus|Flare Blitz|p1a: Toucannon\n|-damage|p1a: Toucannon|206/284\n|-damage|p2a: Arceus|184/284|[from] Recoil\n|\n|upkeep\n|turn|17\n|\n|t:|1782806797\n|move|p1a: Toucannon|Knock Off|p2a: Arceus\n|-damage|p2a: Arceus|123/284\n|move|p2a: Arceus|Swords Dance|p2a: Arceus\n|-boost|p2a: Arceus|atk|2\n|\n|upkeep\n|turn|18\n|\n|t:|1782806801\n|move|p1a: Toucannon|Boomburst|p2a: Arceus\n|-damage|p2a: Arceus|0 fnt\n|faint|p2a: Arceus\n|\n|upkeep\n|\n|t:|1782806806\n|switch|p2a: Bastiodon|Bastiodon, L89, F|252/252\n|-activate|p2a: Bastiodon|move: Sticky Web\n|-unboost|p2a: Bastiodon|spe|1\n|turn|19\n|\n|t:|1782806810\n|switch|p1a: Houndstone|Houndstone, L86, F|124/264\n|-activate|p1a: Houndstone|move: Sticky Web\n|-unboost|p1a: Houndstone|spe|1\n|move|p2a: Bastiodon|Iron Defense|p2a: Bastiodon\n|-boost|p2a: Bastiodon|def|2\n|\n|-heal|p1a: Houndstone|140/264|[from] item: Leftovers\n|upkeep\n|turn|20\n|\n|t:|1782806821\n|move|p2a: Bastiodon|Foul Play|p1a: Houndstone\n|-supereffective|p1a: Houndstone\n|-damage|p1a: Houndstone|68/264\n|move|p1a: Houndstone|Roar|p2a: Bastiodon\n|-immune|p2a: Bastiodon|[from] ability: Soundproof\n|\n|-heal|p1a: Houndstone|84/264|[from] item: Leftovers\n|upkeep\n|turn|21\n|\n|t:|1782806828\n|move|p1a: Houndstone|Body Press|p2a: Bastiodon\n|-supereffective|p2a: Bastiodon\n|-damage|p2a: Bastiodon|176/252\n|move|p2a: Bastiodon|Foul Play|p1a: Houndstone\n|-supereffective|p1a: Houndstone\n|-damage|p1a: Houndstone|13/264\n|\n|-heal|p1a: Houndstone|29/264|[from] item: Leftovers\n|upkeep\n|turn|22\n|\n|t:|1782806832\n|move|p1a: Houndstone|Body Press|p2a: Bastiodon\n|-supereffective|p2a: Bastiodon\n|-damage|p2a: Bastiodon|108/252\n|move|p2a: Bastiodon|Iron Defense|p2a: Bastiodon\n|-boost|p2a: Bastiodon|def|2\n|\n|-heal|p1a: Houndstone|45/264|[from] item: Leftovers\n|upkeep\n|turn|23\n|\n|t:|1782806840\n|move|p1a: Houndstone|Body Press|p2a: Bastiodon\n|-supereffective|p2a: Bastiodon\n|-crit|p2a: Bastiodon\n|-damage|p2a: Bastiodon|0 fnt\n|faint|p2a: Bastiodon\n|\n|-heal|p1a: Houndstone|61/264|[from] item: Leftovers\n|upkeep\n|-message|My Life is Dance \u2764 forfeited.\n|\n|win|stopreportingmeffs\n", "inputlog": ">version f8ac14003a5f27e1bdc8d8c59608a773c1cb96e5\n>start {\"formatid\":\"gen9randombattle\",\"seed\":\"sodium,afadc58618c6f9072f3388629b66b708\",\"rated\":\"Rated battle\"}\n>player p1 {\"name\":\"stopreportingmeffs\",\"avatar\":\"266\",\"rating\":2136,\"seed\":\"sodium,44f8ba2edefdb5f467fe85d8fac41ca7\"}\n>player p2 {\"name\":\"My Life is Dance \u2764\",\"avatar\":\"tierno\",\"rating\":2257,\"seed\":\"sodium,27c792322852a14709ee59d1571ed980\"}\n>p1 move sleeppowder\n>p2 switch 3\n>p1 move quiverdance\n>p2 switch 4\n>p1 switch 2\n>p2 move wavecrash\n>p1 move knockoff\n>p2 switch 6\n>p1 move swordsdance\n>p2 move stickyweb\n>p1 move knockoff\n>p2 move bugbuzz\n>p1 switch 3\n>p1 move courtchange\n>p2 move stickyweb\n>p1 move uturn\n>p2 move thunderbolt\n>p1 switch 2\n>p2 switch 6\n>p1 switch 5\n>p2 move wavecrash\n>p1 move poltergeist\n>p2 move flipturn\n>p2 switch 3\n>p1 move roar\n>p2 move shellsmash\n>p1 move bodypress\n>p2 switch 2\n>p1 move poltergeist\n>p2 move swordsdance\n>p1 move roar\n>p2 move flareblitz\n>p1 move poltergeist\n>p2 switch 3\n>p2 switch 2\n>p1 switch 6\n>p2 move flareblitz\n>p1 move knockoff\n>p2 move swordsdance\n>p1 move boomburst\n>p2 move gunkshot\n>p2 switch 3\n>p1 switch 6\n>p2 move irondefense\n>p1 move roar\n>p2 move foulplay\n>p1 move bodypress\n>p2 move foulplay\n>p1 move bodypress\n>p2 move irondefense\n>p1 move bodypress\n>p2 move rest\n>forcelose p2", "uploadtime": 1782806596, "views": 4, "formatid": "gen9randombattle", "rating": null, "private": 0, "password": null, "player_dets": [{"name": "stopreportingmeffs", "avatar": "266", "rating": 2136, "seed": "sodium,44f8ba2edefdb5f467fe85d8fac41ca7"}, {"name": "My Life is Dance \u2764", "avatar": "tierno", "rating": 2257, "seed": "sodium,27c792322852a14709ee59d1571ed980"}], "teams_full": [{"Venomoth": {"name": "Venomoth", "species": "Venomoth", "speciesId": "venomoth", "gender": "M", "shiny": false, "level": 84, "moves": ["sleeppowder", "bugbuzz", "sludgewave", "quiverdance"], "ability": "Tinted Lens", "evs": {"hp": 85, "atk": 0, "def": 85, "spa": 85, "spd": 85, "spe": 85}, "ivs": {"hp": 31, "atk": 0, "def": 31, "spa": 31, "spd": 31, "spe": 31}, "item": "Heavy-Duty Boots", "teraType": "Poison", "role": "Setup Sweeper", "bvs": {"hp": 70, "atk": 65, "def": 60, "spa": 90, "spd": 75, "spe": 90}, "stats": {"hp": 255, "atk": 114, "def": 149, "spa": 199, "spd": 174, "spe": 199}, "types": ["Bug", "Poison"]}, "Zarude": {"name": "Zarude", "species": "Zarude", "speciesId": "zarude", "gender": "N", "shiny": false, "level": 77, "moves": ["powerwhip", "knockoff", "synthesis", "swordsdance"], "ability": "Leaf Guard", "evs": {"hp": 85, "atk": 85, "def": 85, "spa": 85, "spd": 85, "spe": 85}, "ivs": {"hp": 31, "atk": 31, "def": 31, "spa": 31, "spd": 31, "spe": 31}, "item": "Leftovers", "teraType": "Dark", "role": "Fast Bulky Setup", "bvs": {"hp": 105, "atk": 120, "def": 105, "spa": 70, "spd": 95, "spe": 105}, "stats": {"hp": 288, "atk": 229, "def": 206, "spa": 152, "spd": 191, "spe": 206}, "types": ["Dark", "Grass"]}, "Cinderace": {"name": "Cinderace", "species": "Cinderace", "speciesId": "cinderace", "gender": "F", "shiny": false, "level": 77, "moves": ["willowisp", "courtchange", "uturn", "pyroball"], "ability": "Libero", "evs": {"hp": 85, "atk": 85, "def": 85, "spa": 85, "spd": 85, "spe": 85}, "ivs": {"hp": 31, "atk": 31, "def": 31, "spa": 31, "spd": 31, "spe": 31}, "item": "Heavy-Duty Boots", "teraType": "Grass", "role": "Fast Support", "bvs": {"hp": 80, "atk": 116, "def": 75, "spa": 65, "spd": 75, "spe": 119}, "stats": {"hp": 250, "atk": 223, "def": 160, "spa": 145, "spd": 160, "spe": 228}, "types": ["Fire"]}, "Persian": {"name": "Persian", "species": "Persian-Alola", "speciesId": "persianalola", "gender": "F", "shiny": false, "level": 86, "moves": ["nastyplot", "terablast", "darkpulse", "thunderbolt"], "ability": "Fur Coat", "evs": {"hp": 85, "atk": 0, "def": 85, "spa": 85, "spd": 85, "spe": 85}, "ivs": {"hp": 31, "atk": 0, "def": 31, "spa": 31, "spd": 31, "spe": 31}, "item": "Life Orb", "teraType": "Poison", "role": "Tera Blast user", "bvs": {"hp": 65, "atk": 60, "def": 60, "spa": 75, "spd": 65, "spe": 115}, "stats": {"hp": 252, "atk": 108, "def": 152, "spa": 178, "spd": 161, "spe": 247}, "types": ["Dark"]}, "Houndstone": {"name": "Houndstone", "species": "Houndstone", "speciesId": "houndstone", "gender": "F", "shiny": false, "level": 86, "moves": ["roar", "bodypress", "poltergeist", "shadowsneak"], "ability": "Fluffy", "evs": {"hp": 85, "atk": 85, "def": 85, "spa": 85, "spd": 85, "spe": 85}, "ivs": {"hp": 31, "atk": 31, "def": 31, "spa": 31, "spd": 31, "spe": 31}, "item": "Leftovers", "teraType": "Fighting", "role": "Bulky Attacker", "bvs": {"hp": 72, "atk": 101, "def": 100, "spa": 50, "spd": 97, "spe": 68}, "stats": {"hp": 264, "atk": 223, "def": 221, "spa": 135, "spd": 216, "spe": 166}, "types": ["Ghost"]}, "Toucannon": {"name": "Toucannon", "species": "Toucannon", "speciesId": "toucannon", "gender": "M", "shiny": false, "level": 88, "moves": ["roost", "beakblast", "knockoff", "boomburst"], "ability": "Keen Eye", "evs": {"hp": 85, "atk": 85, "def": 85, "spa": 85, "spd": 85, "spe": 85}, "ivs": {"hp": 31, "atk": 31, "def": 31, "spa": 31, "spd": 31, "spe": 31}, "item": "Heavy-Duty Boots", "teraType": "Steel", "role": "Bulky Support", "bvs": {"hp": 80, "atk": 120, "def": 75, "spa": 75, "spd": 75, "spe": 60}, "stats": {"hp": 284, "atk": 261, "def": 182, "spa": 182, "spd": 182, "spe": 156}, "types": ["Normal", "Flying"]}}, {"Cloyster": {"name": "Cloyster", "species": "Cloyster", "speciesId": "cloyster", "gender": "F", "shiny": false, "level": 80, "moves": ["shellsmash", "iciclespear", "rockblast", "drillrun"], "ability": "Skill Link", "evs": {"hp": 85, "atk": 85, "def": 85, "spa": 85, "spd": 85, "spe": 85}, "ivs": {"hp": 31, "atk": 31, "def": 31, "spa": 31, "spd": 31, "spe": 31}, "item": "White Herb", "teraType": "Ground", "role": "Fast Attacker", "bvs": {"hp": 50, "atk": 95, "def": 180, "spa": 85, "spd": 45, "spe": 70}, "stats": {"hp": 211, "atk": 198, "def": 334, "spa": 182, "spd": 118, "spe": 158}, "types": ["Water", "Ice"]}, "Arceus": {"name": "Arceus", "species": "Arceus-Poison", "speciesId": "arceuspoison", "gender": "N", "shiny": false, "level": 70, "moves": ["flareblitz", "earthquake", "swordsdance", "gunkshot"], "ability": "Multitype", "evs": {"hp": 85, "atk": 85, "def": 85, "spa": 85, "spd": 85, "spe": 85}, "ivs": {"hp": 31, "atk": 31, "def": 31, "spa": 31, "spd": 31, "spe": 31}, "item": "Toxic Plate", "teraType": "Ground", "role": "Setup Sweeper", "bvs": {"hp": 120, "atk": 120, "def": 120, "spa": 120, "spd": 120, "spe": 120}, "stats": {"hp": 284, "atk": 209, "def": 209, "spa": 209, "spd": 209, "spe": 209}, "types": ["Poison"]}, "Kyurem": {"name": "Kyurem", "species": "Kyurem-Black", "speciesId": "kyuremblack", "gender": "N", "shiny": false, "level": 71, "moves": ["iciclespear", "terablast", "scaleshot", "dragondance"], "ability": "Teravolt", "evs": {"hp": 85, "atk": 85, "def": 85, "spa": 85, "spd": 85, "spe": 85}, "ivs": {"hp": 31, "atk": 31, "def": 31, "spa": 31, "spd": 31, "spe": 31}, "item": "Loaded Dice", "teraType": "Ground", "role": "Tera Blast user", "bvs": {"hp": 125, "atk": 170, "def": 100, "spa": 120, "spd": 90, "spe": 95}, "stats": {"hp": 295, "atk": 283, "def": 183, "spa": 212, "spd": 169, "spe": 176}, "types": ["Dragon", "Ice"]}, "Basculegion": {"name": "Basculegion", "species": "Basculegion", "speciesId": "basculegion", "gender": "M", "shiny": false, "level": 80, "moves": ["flipturn", "shadowball", "aquajet", "wavecrash"], "ability": "Adaptability", "evs": {"hp": 85, "atk": 85, "def": 85, "spa": 85, "spd": 85, "spe": 85}, "ivs": {"hp": 31, "atk": 31, "def": 31, "spa": 31, "spd": 31, "spe": 31}, "item": "Assault Vest", "teraType": "Water", "role": "AV Pivot", "bvs": {"hp": 120, "atk": 112, "def": 65, "spa": 80, "spd": 75, "spe": 78}, "stats": {"hp": 323, "atk": 225, "def": 150, "spa": 174, "spd": 166, "spe": 171}, "types": ["Water", "Ghost"]}, "Bastiodon": {"name": "Bastiodon", "species": "Bastiodon", "speciesId": "bastiodon", "gender": "F", "shiny": false, "level": 89, "moves": ["bodypress", "rest", "foulplay", "irondefense"], "ability": "Soundproof", "evs": {"hp": 85, "atk": 0, "def": 85, "spa": 85, "spd": 85, "spe": 85}, "ivs": {"hp": 31, "atk": 0, "def": 31, "spa": 31, "spd": 31, "spe": 31}, "item": "Chesto Berry", "teraType": "Fighting", "role": "Bulky Setup", "bvs": {"hp": 60, "atk": 52, "def": 168, "spa": 47, "spd": 138, "spe": 30}, "stats": {"hp": 252, "atk": 97, "def": 350, "spa": 134, "spd": 296, "spe": 104}, "types": ["Rock", "Steel"]}, "Vikavolt": {"name": "Vikavolt", "species": "Vikavolt", "speciesId": "vikavolt", "gender": "M", "shiny": false, "level": 83, "moves": ["stickyweb", "thunderbolt", "bugbuzz", "energyball"], "ability": "Levitate", "evs": {"hp": 85, "atk": 0, "def": 85, "spa": 85, "spd": 85, "spe": 85}, "ivs": {"hp": 31, "atk": 0, "def": 31, "spa": 31, "spd": 31, "spe": 31}, "item": "Heavy-Duty Boots", "teraType": "Electric", "role": "Bulky Support", "bvs": {"hp": 77, "atk": 70, "def": 90, "spa": 145, "spd": 75, "spe": 43}, "stats": {"hp": 263, "atk": 121, "def": 197, "spa": 288, "spd": 172, "spe": 119}, "types": ["Bug", "Electric"]}}]}