{"id": "gen9randombattle-2641634645", "format": "[Gen 9] Random Battle", "players": ["possss", "Jack1nTheB0x"], "log": "|j|\u2606possss\n|j|\u2606Jack1nTheB0x\n|t:|1782822477\n|gametype|singles\n|player|p1|possss|grimsley|2043\n|player|p2|Jack1nTheB0x|170|1996\n|gen|9\n|tier|[Gen 9] Random Battle\n|rated|\n|rule|Species Clause: Limit one of each Pok\u00e9mon\n|rule|HP Percentage Mod: HP is shown in percentages\n|rule|Sleep Clause Mod: Limit one foe put to sleep\n|rule|Illusion Level Mod: Illusion disguises the Pok\u00e9mon's true level\n|\n|t:|1782822477\n|teamsize|p1|6\n|teamsize|p2|6\n|start\n|switch|p1a: Mienshao|Mienshao, L83, F|243/243\n|switch|p2a: Fezandipiti|Fezandipiti, L82, M|278/278\n|turn|1\n|inactive|Battle timer is ON: inactive players will automatically lose when time's up. (requested by Jack1nTheB0x)\n|inactive|possss has 120 seconds left.\n|\n|t:|1782822514\n|move|p1a: Mienshao|U-turn|p2a: Fezandipiti\n|-resisted|p2a: Fezandipiti\n|-damage|p2a: Fezandipiti|253/278\n|\n|t:|1782822522\n|switch|p1a: Munkidori|Munkidori, L79, M|269/269|[from] U-turn\n|move|p2a: Fezandipiti|U-turn|p1a: Munkidori\n|-damage|p1a: Munkidori|211/269\n|\n|t:|1782822532\n|switch|p2a: Swampert|Swampert, L83, M|302/302|[from] U-turn\n|\n|upkeep\n|turn|2\n|inactive|possss has 120 seconds left.\n|\n|t:|1782822569\n|move|p1a: Munkidori|Fake Out|p2a: Swampert\n|-damage|p2a: Swampert|280/302\n|-status|p2a: Swampert|tox|[from] ability: Toxic Chain|[of] p1a: Munkidori\n|cant|p2a: Swampert|flinch\n|\n|-heal|p2a: Swampert|298/302 tox|[from] item: Leftovers\n|-damage|p2a: Swampert|280/302 tox|[from] psn\n|upkeep\n|turn|3\n|inactive|possss has 120 seconds left.\n|\n|t:|1782822579\n|move|p1a: Munkidori|U-turn|p2a: Swampert\n|-damage|p2a: Swampert|242/302 tox\n|\n|t:|1782822583\n|switch|p1a: Iron Leaves|Iron Leaves, L80|275/275|[from] U-turn\n|move|p2a: Swampert|Flip Turn|p1a: Iron Leaves\n|-resisted|p1a: Iron Leaves\n|-damage|p1a: Iron Leaves|241/275\n|\n|t:|1782822593\n|switch|p2a: Regice|Regice, L88|284/284|[from] Flip Turn\n|\n|upkeep\n|turn|4\n|inactive|possss has 120 seconds left.\n|inactive|possss has 90 seconds left.\n|\n|t:|1782822652\n|-end|p1a: Iron Leaves|Quark Drive|[silent]\n|switch|p1a: Munkidori|Munkidori, L79, M|211/269\n|move|p2a: Regice|Thunder Wave|p1a: Munkidori\n|-status|p1a: Munkidori|par\n|\n|upkeep\n|turn|5\n|inactive|possss has 90 seconds left.\n|\n|t:|1782822667\n|switch|p2a: Swampert|Swampert, L83, M|242/302 tox\n|move|p1a: Munkidori|Psychic Noise|p2a: Swampert\n|-damage|p2a: Swampert|145/302 tox\n|-start|p2a: Swampert|move: Heal Block\n|\n|-damage|p2a: Swampert|127/302 tox|[from] psn\n|upkeep\n|turn|6\n|\n|t:|1782822676\n|switch|p1a: Iron Leaves|Iron Leaves, L80|241/275\n|move|p2a: Swampert|Knock Off|p1a: Iron Leaves\n|-supereffective|p1a: Iron Leaves\n|-damage|p1a: Iron Leaves|75/275\n|-enditem|p1a: Iron Leaves|Life Orb|[from] move: Knock Off|[of] p2a: Swampert\n|\n|-damage|p2a: Swampert|91/302 tox|[from] psn\n|-end|p2a: Swampert|move: Heal Block\n|upkeep\n|turn|7\n|\n|t:|1782822683\n|move|p1a: Iron Leaves|Leaf Blade|p2a: Swampert\n|-supereffective|p2a: Swampert\n|-damage|p2a: Swampert|0 fnt\n|faint|p2a: Swampert\n|\n|upkeep\n|\n|t:|1782822687\n|switch|p2a: Regice|Regice, L88|284/284\n|turn|8\n|\n|t:|1782822701\n|-end|p1a: Iron Leaves|Quark Drive|[silent]\n|switch|p1a: Munkidori|Munkidori, L79, M|211/269 par\n|move|p2a: Regice|Ice Beam|p1a: Munkidori\n|-damage|p1a: Munkidori|132/269 par\n|\n|upkeep\n|turn|9\n|inactive|Jack1nTheB0x has 120 seconds left.\n|\n|t:|1782822734\n|move|p1a: Munkidori|Fake Out|p2a: Regice\n|-damage|p2a: Regice|266/284\n|-status|p2a: Regice|tox|[from] ability: Toxic Chain|[of] p1a: Munkidori\n|cant|p2a: Regice|flinch\n|\n|-damage|p2a: Regice|249/284 tox|[from] psn\n|upkeep\n|turn|10\n|\n|t:|1782822742\n|switch|p1a: Chansey|Chansey, L85, F|564/564\n|move|p2a: Regice|Ice Beam|p1a: Chansey\n|-damage|p1a: Chansey|497/564\n|-status|p1a: Chansey|frz\n|\n|-damage|p2a: Regice|215/284 tox|[from] psn\n|upkeep\n|turn|11\n|\n|t:|1782822753\n|switch|p2a: Kingdra|Kingdra, L84, F|263/263\n|-curestatus|p1a: Chansey|frz|[from] ability: Natural Cure|[silent]\n|switch|p1a: Munkidori|Munkidori, L79, M|132/269 par\n|\n|upkeep\n|turn|12\n|\n|t:|1782822761\n|cant|p1a: Munkidori|par\n|move|p2a: Kingdra|Dragon Dance|p2a: Kingdra\n|-boost|p2a: Kingdra|atk|1\n|-boost|p2a: Kingdra|spe|1\n|\n|upkeep\n|turn|13\n|\n|t:|1782822767\n|move|p2a: Kingdra|Dragon Dance|p2a: Kingdra\n|-boost|p2a: Kingdra|atk|1\n|-boost|p2a: Kingdra|spe|1\n|move|p1a: Munkidori|Sludge Wave|p2a: Kingdra\n|-damage|p2a: Kingdra|164/263\n|\n|upkeep\n|turn|14\n|\n|t:|1782822773\n|move|p2a: Kingdra|Waterfall|p1a: Munkidori\n|-damage|p1a: Munkidori|0 fnt\n|faint|p1a: Munkidori\n|\n|upkeep\n|\n|t:|1782822795\n|switch|p1a: Talonflame|Talonflame, L83, M|265/265\n|turn|15\n|inactive|possss has 120 seconds left.\n|\n|t:|1782822814\n|move|p2a: Kingdra|Waterfall|p1a: Talonflame\n|-supereffective|p1a: Talonflame\n|-damage|p1a: Talonflame|0 fnt\n|faint|p1a: Talonflame\n|\n|upkeep\n|inactive|possss has 120 seconds left.\n|\n|t:|1782822830\n|switch|p1a: Quaquaval|Quaquaval, L79, F|264/264\n|turn|16\n|inactive|possss has 90 seconds left.\n|inactive|possss has 60 seconds left.\n|inactive|possss has 30 seconds left.\n|inactive|possss has 20 seconds left.\n|\n|t:|1782822935\n|-terastallize|p2a: Kingdra|Water\n|-terastallize|p1a: Quaquaval|Steel\n|move|p2a: Kingdra|Wave Crash|p1a: Quaquaval\n|-damage|p1a: Quaquaval|0 fnt\n|faint|p1a: Quaquaval\n|-damage|p2a: Kingdra|77/263|[from] Recoil\n|\n|upkeep\n|inactive|possss has 25 seconds left this turn.\n|inactive|possss has 20 seconds left.\n|\n|t:|1782822944\n|switch|p1a: Chansey|Chansey, L85, F|497/564\n|turn|17\n|inactive|possss has 30 seconds left this turn.\n|\n|t:|1782822955\n|move|p2a: Kingdra|Outrage|p1a: Chansey\n|-damage|p1a: Chansey|0 fnt\n|faint|p1a: Chansey\n|\n|upkeep\n|inactive|possss has 30 seconds left this turn.\n|\n|t:|1782822957\n|switch|p1a: Iron Leaves|Iron Leaves, L80|75/275\n|turn|18\n|\n|t:|1782822960\n|move|p2a: Kingdra|Outrage|p1a: Iron Leaves|[from] lockedmove\n|-damage|p1a: Iron Leaves|0 fnt\n|faint|p1a: Iron Leaves\n|-end|p1a: Iron Leaves|Quark Drive|[silent]\n|-start|p2a: Kingdra|confusion|[fatigue]\n|-enditem|p2a: Kingdra|Lum Berry|[eat]\n|-end|p2a: Kingdra|confusion\n|\n|upkeep\n|\n|t:|1782822961\n|switch|p1a: Mienshao|Mienshao, L83, F|243/243\n|turn|19\n|\n|t:|1782822966\n|move|p2a: Kingdra|Wave Crash|p1a: Mienshao\n|-damage|p1a: Mienshao|0 fnt\n|faint|p1a: Mienshao\n|-damage|p2a: Kingdra|0 fnt|[from] Recoil\n|faint|p2a: Kingdra\n|\n|win|Jack1nTheB0x\n", "inputlog": ">version f8ac14003a5f27e1bdc8d8c59608a773c1cb96e5\n>start {\"formatid\":\"gen9randombattle\",\"seed\":\"sodium,c5a2b989c1dde99003cbfdc5a6a4d13d\",\"rated\":\"Rated battle\"}\n>player p1 {\"name\":\"possss\",\"avatar\":\"grimsley\",\"rating\":2043,\"seed\":\"sodium,230a641b3255994b287fd60ff005da81\"}\n>player p2 {\"name\":\"Jack1nTheB0x\",\"avatar\":\"170\",\"rating\":1996,\"seed\":\"sodium,a9d21c45e354ef56aab2af75bc62b767\"}\n>p1 move uturn\n>p2 move uturn\n>p1 switch 3\n>p2 switch 3\n>p1 move fakeout\n>p2 move knockoff\n>p1 move uturn\n>p2 move flipturn\n>p1 switch 2\n>p2 switch 4\n>p1 switch 2\n>p2 move thunderwave\n>p1 move psychicnoise\n>p2 switch 4\n>p1 switch 2\n>p2 move knockoff\n>p1 move leafblade\n>p2 move knockoff\n>p2 switch 4\n>p1 switch 2\n>p2 move icebeam\n>p1 move fakeout\n>p2 move icebeam\n>p1 switch 4\n>p2 move icebeam\n>p1 switch 4\n>p2 switch 5\n>p1 move fakeout\n>p2 move dragondance\n>p1 move sludgewave\n>p2 move dragondance\n>p1 move sludgewave\n>p2 move waterfall\n>p1 switch 5\n>p1 move bravebird\n>p2 move waterfall\n>p1 switch 6\n>p1 move aquastep terastallize\n>p2 move wavecrash terastallize\n>p1 switch 4\n>p1 move seismictoss\n>p2 move outrage\n>p1 switch 2\n>p1 move psyblade\n>p2 move outrage\n>p1 switch 3\n>p1 move highjumpkick\n>p2 move wavecrash", "uploadtime": 1782822479, "views": 3, "formatid": "gen9randombattle", "rating": null, "private": 0, "password": null, "player_dets": [{"name": "possss", "avatar": "grimsley", "rating": 2043, "seed": "sodium,230a641b3255994b287fd60ff005da81"}, {"name": "Jack1nTheB0x", "avatar": "170", "rating": 1996, "seed": "sodium,a9d21c45e354ef56aab2af75bc62b767"}], "teams_full": [{"Mienshao": {"name": "Mienshao", "species": "Mienshao", "speciesId": "mienshao", "gender": "F", "shiny": false, "level": 83, "moves": ["poisonjab", "uturn", "highjumpkick", "knockoff"], "ability": "Reckless", "evs": {"hp": 81, "atk": 85, "def": 85, "spa": 85, "spd": 85, "spe": 85}, "ivs": {"hp": 31, "atk": 31, "def": 31, "spa": 31, "spd": 31, "spe": 31}, "item": "Choice Band", "teraType": "Fighting", "role": "Wallbreaker", "bvs": {"hp": 65, "atk": 125, "def": 60, "spa": 95, "spd": 60, "spe": 105}, "stats": {"hp": 243, "atk": 255, "def": 147, "spa": 205, "spd": 147, "spe": 222}, "types": ["Fighting"]}, "Iron Leaves": {"name": "Iron Leaves", "species": "Iron Leaves", "speciesId": "ironleaves", "gender": "N", "shiny": false, "level": 80, "moves": ["psyblade", "closecombat", "leafblade", "swordsdance"], "ability": "Quark Drive", "evs": {"hp": 85, "atk": 85, "def": 85, "spa": 85, "spd": 85, "spe": 85}, "ivs": {"hp": 31, "atk": 31, "def": 31, "spa": 31, "spd": 31, "spe": 31}, "item": "Life Orb", "teraType": "Fighting", "role": "Wallbreaker", "bvs": {"hp": 90, "atk": 130, "def": 88, "spa": 70, "spd": 108, "spe": 104}, "stats": {"hp": 275, "atk": 254, "def": 187, "spa": 158, "spd": 219, "spe": 213}, "types": ["Grass", "Psychic"]}, "Munkidori": {"name": "Munkidori", "species": "Munkidori", "speciesId": "munkidori", "gender": "M", "shiny": false, "level": 79, "moves": ["sludgewave", "uturn", "fakeout", "psychicnoise"], "ability": "Toxic Chain", "evs": {"hp": 85, "atk": 85, "def": 85, "spa": 85, "spd": 85, "spe": 85}, "ivs": {"hp": 31, "atk": 31, "def": 31, "spa": 31, "spd": 31, "spe": 31}, "item": "Assault Vest", "teraType": "Dark", "role": "AV Pivot", "bvs": {"hp": 88, "atk": 75, "def": 66, "spa": 130, "spd": 90, "spe": 106}, "stats": {"hp": 269, "atk": 164, "def": 150, "spa": 251, "spd": 188, "spe": 213}, "types": ["Poison", "Psychic"]}, "Chansey": {"name": "Chansey", "species": "Chansey", "speciesId": "chansey", "gender": "F", "shiny": false, "level": 85, "moves": ["softboiled", "seismictoss", "stealthrock", "thunderwave"], "ability": "Natural Cure", "evs": {"hp": 85, "atk": 0, "def": 85, "spa": 85, "spd": 85, "spe": 85}, "ivs": {"hp": 31, "atk": 0, "def": 31, "spa": 31, "spd": 31, "spe": 31}, "item": "Eviolite", "teraType": "Poison", "role": "Bulky Support", "bvs": {"hp": 250, "atk": 5, "def": 5, "spa": 35, "spd": 105, "spe": 50}, "stats": {"hp": 564, "atk": 13, "def": 57, "spa": 108, "spd": 227, "spe": 134}, "types": ["Normal"]}, "Talonflame": {"name": "Talonflame", "species": "Talonflame", "speciesId": "talonflame", "gender": "M", "shiny": false, "level": 83, "moves": ["bravebird", "defog", "overheat", "roost"], "ability": "Flame Body", "evs": {"hp": 85, "atk": 85, "def": 85, "spa": 85, "spd": 85, "spe": 85}, "ivs": {"hp": 31, "atk": 31, "def": 31, "spa": 31, "spd": 31, "spe": 31}, "item": "Heavy-Duty Boots", "teraType": "Dragon", "role": "Bulky Attacker", "bvs": {"hp": 78, "atk": 81, "def": 71, "spa": 74, "spd": 69, "spe": 126}, "stats": {"hp": 265, "atk": 182, "def": 166, "spa": 171, "spd": 162, "spe": 257}, "types": ["Fire", "Flying"]}, "Quaquaval": {"name": "Quaquaval", "species": "Quaquaval", "speciesId": "quaquaval", "gender": "F", "shiny": false, "level": 79, "moves": ["aquastep", "swordsdance", "closecombat", "roost"], "ability": "Moxie", "evs": {"hp": 85, "atk": 85, "def": 85, "spa": 85, "spd": 85, "spe": 85}, "ivs": {"hp": 31, "atk": 31, "def": 31, "spa": 31, "spd": 31, "spe": 31}, "item": "Leftovers", "teraType": "Steel", "role": "Bulky Attacker", "bvs": {"hp": 85, "atk": 120, "def": 80, "spa": 85, "spd": 75, "spe": 85}, "stats": {"hp": 264, "atk": 235, "def": 172, "spa": 180, "spd": 164, "spe": 180}, "types": ["Water", "Fighting"]}}, {"Fezandipiti": {"name": "Fezandipiti", "species": "Fezandipiti", "speciesId": "fezandipiti", "gender": "M", "shiny": false, "level": 82, "moves": ["moonblast", "uturn", "gunkshot", "roost"], "ability": "Toxic Chain", "evs": {"hp": 85, "atk": 85, "def": 85, "spa": 85, "spd": 85, "spe": 85}, "ivs": {"hp": 31, "atk": 31, "def": 31, "spa": 31, "spd": 31, "spe": 31}, "item": "Leftovers", "teraType": "Water", "role": "Bulky Attacker", "bvs": {"hp": 88, "atk": 91, "def": 82, "spa": 70, "spd": 125, "spe": 99}, "stats": {"hp": 278, "atk": 196, "def": 182, "spa": 162, "spd": 252, "spe": 210}, "types": ["Poison", "Fairy"]}, "Dragonite": {"name": "Dragonite", "species": "Dragonite", "speciesId": "dragonite", "gender": "M", "shiny": false, "level": 74, "moves": ["terablast", "earthquake", "dragondance", "outrage"], "ability": "Multiscale", "evs": {"hp": 85, "atk": 85, "def": 85, "spa": 85, "spd": 85, "spe": 85}, "ivs": {"hp": 31, "atk": 31, "def": 31, "spa": 31, "spd": 31, "spe": 31}, "item": "Heavy-Duty Boots", "teraType": "Flying", "role": "Tera Blast user", "bvs": {"hp": 91, "atk": 134, "def": 95, "spa": 100, "spd": 100, "spe": 80}, "stats": {"hp": 257, "atk": 241, "def": 184, "spa": 191, "spd": 191, "spe": 161}, "types": ["Dragon", "Flying"]}, "Swampert": {"name": "Swampert", "species": "Swampert", "speciesId": "swampert", "gender": "M", "shiny": false, "level": 83, "moves": ["flipturn", "earthquake", "knockoff", "roar"], "ability": "Torrent", "evs": {"hp": 85, "atk": 85, "def": 85, "spa": 85, "spd": 85, "spe": 85}, "ivs": {"hp": 31, "atk": 31, "def": 31, "spa": 31, "spd": 31, "spe": 31}, "item": "Leftovers", "teraType": "Poison", "role": "Bulky Support", "bvs": {"hp": 100, "atk": 110, "def": 90, "spa": 85, "spd": 90, "spe": 60}, "stats": {"hp": 302, "atk": 230, "def": 197, "spa": 189, "spd": 197, "spe": 147}, "types": ["Water", "Ground"]}, "Regice": {"name": "Regice", "species": "Regice", "speciesId": "regice", "gender": "N", "shiny": false, "level": 88, "moves": ["bodypress", "icebeam", "thunderwave", "thunderbolt"], "ability": "Clear Body", "evs": {"hp": 85, "atk": 0, "def": 85, "spa": 85, "spd": 85, "spe": 85}, "ivs": {"hp": 31, "atk": 0, "def": 31, "spa": 31, "spd": 31, "spe": 31}, "item": "Heavy-Duty Boots", "teraType": "Electric", "role": "Bulky Attacker", "bvs": {"hp": 80, "atk": 50, "def": 100, "spa": 100, "spd": 200, "spe": 50}, "stats": {"hp": 284, "atk": 93, "def": 226, "spa": 226, "spd": 402, "spe": 138}, "types": ["Ice"]}, "Kingdra": {"name": "Kingdra", "species": "Kingdra", "speciesId": "kingdra", "gender": "F", "shiny": false, "level": 84, "moves": ["wavecrash", "waterfall", "dragondance", "outrage"], "ability": "Sniper", "evs": {"hp": 85, "atk": 85, "def": 85, "spa": 85, "spd": 85, "spe": 85}, "ivs": {"hp": 31, "atk": 31, "def": 31, "spa": 31, "spd": 31, "spe": 31}, "item": "Lum Berry", "teraType": "Water", "role": "Setup Sweeper", "bvs": {"hp": 75, "atk": 95, "def": 95, "spa": 95, "spd": 95, "spe": 85}, "stats": {"hp": 263, "atk": 208, "def": 208, "spa": 208, "spd": 208, "spe": 191}, "types": ["Water", "Dragon"]}, "Lugia": {"name": "Lugia", "species": "Lugia", "speciesId": "lugia", "gender": "N", "shiny": false, "level": 73, "moves": ["calmmind", "recover", "earthpower", "aeroblast"], "ability": "Multiscale", "evs": {"hp": 85, "atk": 0, "def": 85, "spa": 85, "spd": 85, "spe": 85}, "ivs": {"hp": 31, "atk": 0, "def": 31, "spa": 31, "spd": 31, "spe": 31}, "item": "Heavy-Duty Boots", "teraType": "Steel", "role": "Bulky Setup", "bvs": {"hp": 106, "atk": 90, "def": 130, "spa": 90, "spd": 154, "spe": 110}, "stats": {"hp": 275, "atk": 136, "def": 232, "spa": 174, "spd": 267, "spe": 203}, "types": ["Psychic", "Flying"]}}]}