{"id": "gen9randombattle-2641440297", "format": "[Gen 9] Random Battle", "players": ["RDTar", "thestinkycheeseman"], "log": "|j|\u2606RDTar\n|j|\u2606thestinkycheeseman\n|t:|1782785104\n|gametype|singles\n|player|p1|RDTar|101|2229\n|player|p2|thestinkycheeseman|skierf|2156\n|gen|9\n|tier|[Gen 9] Random Battle\n|rated|\n|rule|Species Clause: Limit one of each Pok\u00e9mon\n|rule|HP Percentage Mod: HP is shown in percentages\n|rule|Sleep Clause Mod: Limit one foe put to sleep\n|rule|Illusion Level Mod: Illusion disguises the Pok\u00e9mon's true level\n|\n|t:|1782785104\n|teamsize|p1|6\n|teamsize|p2|6\n|start\n|switch|p1a: Mew|Mew, L82|298/298\n|switch|p2a: Spidops|Spidops, L96, F|271/271\n|turn|1\n|\n|t:|1782785123\n|move|p1a: Mew|Stealth Rock|p2a: Spidops\n|-sidestart|p2: thestinkycheeseman|move: Stealth Rock\n|move|p2a: Spidops|Sticky Web|p1a: Mew\n|-sidestart|p1: RDTar|move: Sticky Web\n|\n|upkeep\n|turn|2\n|inactive|Battle timer is ON: inactive players will automatically lose when time's up. (requested by RDTar)\n|\n|t:|1782785131\n|move|p1a: Mew|Toxic Spikes|p2a: Spidops\n|-sidestart|p2: thestinkycheeseman|move: Toxic Spikes\n|move|p2a: Spidops|U-turn|p1a: Mew\n|-supereffective|p1a: Mew\n|-crit|p1a: Mew\n|-damage|p1a: Mew|62/298\n|\n|t:|1782785133\n|switch|p2a: Forretress|Forretress, L84, F|263/263|[from] U-turn\n|-damage|p2a: Forretress|231/263|[from] Stealth Rock\n|\n|-heal|p1a: Mew|80/298|[from] item: Leftovers\n|-heal|p2a: Forretress|247/263|[from] item: Leftovers\n|upkeep\n|turn|3\n|\n|t:|1782785142\n|switch|p1a: Giratina|Giratina-Origin, L72|335/335\n|move|p2a: Forretress|Rapid Spin|p1a: Giratina\n|-immune|p1a: Giratina\n|\n|-heal|p2a: Forretress|263/263|[from] item: Leftovers\n|upkeep\n|turn|4\n|\n|t:|1782785169\n|switch|p2a: Arcanine|Arcanine-Hisui, L79, M|280/280\n|move|p1a: Giratina|Will-O-Wisp|p2a: Arcanine\n|-immune|p2a: Arcanine\n|\n|upkeep\n|turn|5\n|\n|t:|1782785180\n|switch|p1a: Flygon|Flygon, L82, M|265/265\n|move|p2a: Arcanine|Head Smash|p1a: Flygon\n|-resisted|p1a: Flygon\n|-damage|p1a: Flygon|183/265\n|\n|upkeep\n|turn|6\n|inactive|thestinkycheeseman has 120 seconds left.\n|\n|t:|1782785214\n|switch|p2a: Forretress|Forretress, L84, F|263/263\n|-damage|p2a: Forretress|231/263|[from] Stealth Rock\n|move|p1a: Flygon|U-turn|p2a: Forretress\n|-resisted|p2a: Forretress\n|-damage|p2a: Forretress|204/263\n|\n|t:|1782785221\n|switch|p1a: Heatran|Heatran, L79, F|273/273|[from] U-turn\n|-activate|p1a: Heatran|move: Sticky Web\n|-unboost|p1a: Heatran|spe|1\n|\n|-heal|p2a: Forretress|220/263|[from] item: Leftovers\n|upkeep\n|turn|7\n|inactive|thestinkycheeseman has 120 seconds left.\n|\n|t:|1782785247\n|switch|p2a: Dragalge|Dragalge, L88, M|258/258\n|-damage|p2a: Dragalge|226/258|[from] Stealth Rock\n|-sideend|p2: thestinkycheeseman|move: Toxic Spikes|[of] p2a: Dragalge\n|switch|p1a: Giratina|Giratina-Origin, L72|335/335\n|\n|upkeep\n|turn|8\n|\n|t:|1782785264\n|switch|p1a: Mew|Mew, L82|80/298\n|-activate|p1a: Mew|move: Sticky Web\n|-unboost|p1a: Mew|spe|1\n|switch|p2a: Arcanine|Arcanine-Hisui, L79, M|280/280\n|\n|-heal|p1a: Mew|98/298|[from] item: Leftovers\n|upkeep\n|turn|9\n|\n|t:|1782785283\n|move|p2a: Arcanine|Flare Blitz|p1a: Mew\n|-damage|p1a: Mew|0 fnt\n|faint|p1a: Mew\n|\n|upkeep\n|\n|t:|1782785285\n|switch|p1a: Flygon|Flygon, L82, M|183/265\n|turn|10\n|\n|t:|1782785293\n|switch|p2a: Forretress|Forretress, L84, F|220/263\n|-damage|p2a: Forretress|188/263|[from] Stealth Rock\n|move|p1a: Flygon|Earthquake|p2a: Forretress\n|-damage|p2a: Forretress|79/263\n|\n|-heal|p2a: Forretress|95/263|[from] item: Leftovers\n|upkeep\n|turn|11\n|\n|t:|1782785299\n|switch|p2a: Spidops|Spidops, L96, F|271/271\n|move|p1a: Flygon|Earthquake|p2a: Spidops\n|-resisted|p2a: Spidops\n|-damage|p2a: Spidops|205/271\n|\n|upkeep\n|turn|12\n|inactive|thestinkycheeseman has 120 seconds left.\n|\n|t:|1782785307\n|switch|p1a: Toxicroak|Toxicroak, L84, F|277/277\n|-activate|p1a: Toxicroak|move: Sticky Web\n|-unboost|p1a: Toxicroak|spe|1\n|move|p2a: Spidops|Circle Throw|p1a: Toxicroak\n|-resisted|p1a: Toxicroak\n|-damage|p1a: Toxicroak|219/277\n|drag|p1a: Giratina|Giratina-Origin, L72|335/335\n|\n|upkeep\n|turn|13\n|\n|t:|1782785316\n|move|p1a: Giratina|Poltergeist|p2a: Spidops\n|-activate|p2a: Spidops|move: Poltergeist|Heavy-Duty Boots\n|-damage|p2a: Spidops|99/271\n|move|p2a: Spidops|Knock Off|p1a: Giratina\n|-supereffective|p1a: Giratina\n|-damage|p1a: Giratina|219/335\n|\n|upkeep\n|turn|14\n|inactive|thestinkycheeseman has 120 seconds left.\n|\n|t:|1782785332\n|switch|p2a: Arcanine|Arcanine-Hisui, L79, M|280/280\n|move|p1a: Giratina|Poltergeist|p2a: Arcanine|[miss]\n|-miss|p1a: Giratina|p2a: Arcanine\n|\n|upkeep\n|turn|15\n|\n|t:|1782785341\n|switch|p1a: Toxicroak|Toxicroak, L84, F|219/277\n|-activate|p1a: Toxicroak|move: Sticky Web\n|-unboost|p1a: Toxicroak|spe|1\n|move|p2a: Arcanine|Head Smash|p1a: Toxicroak|[miss]\n|-miss|p2a: Arcanine|p1a: Toxicroak\n|\n|upkeep\n|turn|16\n|\n|t:|1782785351\n|switch|p2a: Spidops|Spidops, L96, F|99/271\n|move|p1a: Toxicroak|Close Combat|p2a: Spidops\n|-resisted|p2a: Spidops\n|-damage|p2a: Spidops|25/271\n|-unboost|p1a: Toxicroak|def|1\n|-unboost|p1a: Toxicroak|spd|1\n|-damage|p1a: Toxicroak|192/277|[from] item: Life Orb\n|\n|upkeep\n|turn|17\n|\n|t:|1782785364\n|move|p1a: Toxicroak|Close Combat|p2a: Spidops\n|-resisted|p2a: Spidops\n|-damage|p2a: Spidops|0 fnt\n|-unboost|p1a: Toxicroak|def|1\n|-unboost|p1a: Toxicroak|spd|1\n|faint|p2a: Spidops\n|-damage|p1a: Toxicroak|165/277|[from] item: Life Orb\n|\n|upkeep\n|inactive|thestinkycheeseman has 120 seconds left.\n|\n|t:|1782785382\n|switch|p2a: Great Tusk|Great Tusk, L77|304/304\n|-damage|p2a: Great Tusk|295/304|[from] Stealth Rock\n|turn|18\n|\n|t:|1782785387\n|switch|p1a: Giratina|Giratina-Origin, L72|219/335\n|move|p2a: Great Tusk|Ice Spinner|p1a: Giratina\n|-supereffective|p1a: Giratina\n|-damage|p1a: Giratina|99/335\n|\n|upkeep\n|turn|19\n|inactive|thestinkycheeseman has 120 seconds left.\n|\n|t:|1782785406\n|switch|p1a: Toxicroak|Toxicroak, L84, F|165/277\n|-activate|p1a: Toxicroak|move: Sticky Web\n|-unboost|p1a: Toxicroak|spe|1\n|move|p2a: Great Tusk|Ice Spinner|p1a: Toxicroak\n|-damage|p1a: Toxicroak|86/277\n|\n|upkeep\n|turn|20\n|inactive|thestinkycheeseman has 120 seconds left.\n|\n|t:|1782785431\n|move|p2a: Great Tusk|Ice Spinner|p1a: Toxicroak\n|-damage|p1a: Toxicroak|17/277\n|move|p1a: Toxicroak|Close Combat|p2a: Great Tusk\n|-crit|p2a: Great Tusk\n|-damage|p2a: Great Tusk|75/304\n|-unboost|p1a: Toxicroak|def|1\n|-unboost|p1a: Toxicroak|spd|1\n|-damage|p1a: Toxicroak|0 fnt|[from] item: Life Orb\n|faint|p1a: Toxicroak\n|\n|upkeep\n|\n|t:|1782785438\n|switch|p1a: Flygon|Flygon, L82, M|183/265\n|turn|21\n|\n|t:|1782785446\n|-end|p2a: Great Tusk|Protosynthesis|[silent]\n|switch|p2a: Dipplin|Dipplin, L88, F|284/284\n|-damage|p2a: Dipplin|249/284|[from] Stealth Rock\n|move|p1a: Flygon|Earthquake|p2a: Dipplin\n|-resisted|p2a: Dipplin\n|-damage|p2a: Dipplin|209/284\n|\n|upkeep\n|turn|22\n|inactive|thestinkycheeseman has 120 seconds left.\n|\n|t:|1782785460\n|switch|p1a: Heatran|Heatran, L79, F|273/273\n|-activate|p1a: Heatran|move: Sticky Web\n|-unboost|p1a: Heatran|spe|1\n|switch|p2a: Great Tusk|Great Tusk, L77|75/304\n|-damage|p2a: Great Tusk|66/304|[from] Stealth Rock\n|\n|upkeep\n|turn|23\n|inactive|thestinkycheeseman has 120 seconds left.\n|\n|t:|1782785470\n|move|p2a: Great Tusk|Ice Spinner|p1a: Heatran\n|-resisted|p1a: Heatran\n|-damage|p1a: Heatran|259/273\n|move|p1a: Heatran|Lava Plume|p2a: Great Tusk\n|-damage|p2a: Great Tusk|0 fnt\n|faint|p2a: Great Tusk\n|-end|p2a: Great Tusk|Protosynthesis|[silent]\n|\n|upkeep\n|\n|t:|1782785481\n|switch|p2a: Arcanine|Arcanine-Hisui, L79, M|280/280\n|turn|24\n|\n|t:|1782785491\n|switch|p1a: Raichu|Raichu, L88, F|249/249\n|-activate|p1a: Raichu|move: Sticky Web\n|-unboost|p1a: Raichu|spe|1\n|move|p2a: Arcanine|Head Smash|p1a: Raichu\n|-damage|p1a: Raichu|39/249\n|\n|upkeep\n|turn|25\n|inactive|thestinkycheeseman has 120 seconds left.\n|\n|t:|1782785508\n|move|p2a: Arcanine|Extreme Speed|p1a: Raichu\n|-damage|p1a: Raichu|0 fnt\n|faint|p1a: Raichu\n|\n|upkeep\n|\n|t:|1782785510\n|switch|p1a: Flygon|Flygon, L82, M|183/265\n|turn|26\n|\n|t:|1782785519\n|switch|p2a: Forretress|Forretress, L84, F|95/263\n|-damage|p2a: Forretress|63/263|[from] Stealth Rock\n|move|p1a: Flygon|Earthquake|p2a: Forretress\n|-damage|p2a: Forretress|0 fnt\n|faint|p2a: Forretress\n|\n|upkeep\n|inactive|thestinkycheeseman has 120 seconds left.\n|\n|t:|1782785531\n|switch|p2a: Dipplin|Dipplin, L88, F|209/284\n|-damage|p2a: Dipplin|174/284|[from] Stealth Rock\n|turn|27\n|\n|t:|1782785536\n|switch|p1a: Heatran|Heatran, L79, F|259/273\n|-activate|p1a: Heatran|move: Sticky Web\n|-unboost|p1a: Heatran|spe|1\n|move|p2a: Dipplin|Dragon Pulse|p1a: Heatran\n|-resisted|p1a: Heatran\n|-damage|p1a: Heatran|227/273\n|\n|upkeep\n|turn|28\n|\n|t:|1782785543\n|switch|p2a: Dragalge|Dragalge, L88, M|226/258\n|-damage|p2a: Dragalge|194/258|[from] Stealth Rock\n|move|p1a: Heatran|Magma Storm|p2a: Dragalge\n|-resisted|p2a: Dragalge\n|-damage|p2a: Dragalge|149/258\n|-activate|p2a: Dragalge|move: Magma Storm|[of] p1a: Heatran\n|\n|-damage|p2a: Dragalge|117/258|[from] move: Magma Storm|[partiallytrapped]\n|upkeep\n|turn|29\n|\n|t:|1782785551\n|move|p2a: Dragalge|Flip Turn|p1a: Heatran\n|-supereffective|p1a: Heatran\n|-damage|p1a: Heatran|157/273\n|\n|t:|1782785556\n|switch|p2a: Arcanine|Arcanine-Hisui, L79, M|280/280|[from] Flip Turn\n|move|p1a: Heatran|Heavy Slam|p2a: Arcanine\n|-damage|p2a: Arcanine|217/280\n|\n|upkeep\n|turn|30\n|\n|t:|1782785565\n|switch|p1a: Flygon|Flygon, L82, M|183/265\n|move|p2a: Arcanine|Head Smash|p1a: Flygon\n|-resisted|p1a: Flygon\n|-damage|p1a: Flygon|97/265\n|\n|upkeep\n|turn|31\n|\n|t:|1782785578\n|switch|p2a: Dragalge|Dragalge, L88, M|117/258\n|-damage|p2a: Dragalge|85/258|[from] Stealth Rock\n|move|p1a: Flygon|Earthquake|p2a: Dragalge\n|-supereffective|p2a: Dragalge\n|-damage|p2a: Dragalge|0 fnt\n|faint|p2a: Dragalge\n|\n|upkeep\n|\n|t:|1782785579\n|switch|p2a: Dipplin|Dipplin, L88, F|174/284\n|-damage|p2a: Dipplin|139/284|[from] Stealth Rock\n|turn|32\n|\n|t:|1782785585\n|switch|p1a: Heatran|Heatran, L79, F|157/273\n|-activate|p1a: Heatran|move: Sticky Web\n|-unboost|p1a: Heatran|spe|1\n|move|p2a: Dipplin|Recover|p2a: Dipplin\n|-heal|p2a: Dipplin|281/284\n|\n|upkeep\n|turn|33\n|\n|t:|1782785589\n|switch|p2a: Arcanine|Arcanine-Hisui, L79, M|217/280\n|move|p1a: Heatran|Earth Power|p2a: Arcanine\n|-supereffective|p2a: Arcanine\n|-damage|p2a: Arcanine|0 fnt\n|faint|p2a: Arcanine\n|\n|upkeep\n|l|\u2606thestinkycheeseman\n|inactive|thestinkycheeseman disconnected and has a minute to reconnect!\n|player|p2|\n|inactive|thestinkycheeseman has 30 seconds to reconnect!\n|inactive|thestinkycheeseman has 20 seconds to reconnect!\n|inactive|thestinkycheeseman has 15 seconds to reconnect!\n|inactive|thestinkycheeseman has 10 seconds to reconnect!\n|inactive|thestinkycheeseman has 5 seconds to reconnect!\n|-message|thestinkycheeseman lost due to inactivity.\n|\n|win|RDTar\n", "inputlog": ">version f8ac14003a5f27e1bdc8d8c59608a773c1cb96e5\n>start {\"formatid\":\"gen9randombattle\",\"seed\":\"sodium,073b3e93e9ef6be9865a58d094e7903b\",\"rated\":\"Rated battle\"}\n>player p1 {\"name\":\"RDTar\",\"avatar\":\"101\",\"rating\":2229,\"seed\":\"sodium,8553c244b0821e03663da8f8bb539393\"}\n>player p2 {\"name\":\"thestinkycheeseman\",\"avatar\":\"skierf\",\"rating\":2156,\"seed\":\"sodium,42c912b64d20487cabb0776b1257abca\"}\n>p1 move stealthrock\n>p2 move stickyweb\n>p1 move toxicspikes\n>p2 move uturn\n>p2 switch 3\n>p1 switch 5\n>p2 move rapidspin\n>p1 move willowisp\n>p2 switch 4\n>p1 switch 6\n>p2 move headsmash\n>p1 move uturn\n>p2 switch 4\n>p1 switch 2\n>p1 switch 6\n>p2 switch 5\n>p1 switch 5\n>p2 switch 4\n>p1 move psychic\n>p2 move flareblitz\n>p1 switch 2\n>p1 move earthquake\n>p2 switch 5\n>p1 move earthquake\n>p2 switch 3\n>p1 switch 4\n>p2 move circlethrow\n>p1 move poltergeist\n>p2 move knockoff\n>p1 move poltergeist\n>p2 switch 5\n>p1 switch 5\n>p2 move headsmash\n>p1 move closecombat\n>p2 switch 5\n>p1 move closecombat\n>p2 move knockoff\n>p2 switch 6\n>p1 switch 5\n>p2 move icespinner\n>p1 switch 5\n>p2 move icespinner\n>p1 move closecombat\n>p2 move icespinner\n>p1 switch 4\n>p1 move earthquake\n>p2 switch 2\n>p1 switch 6\n>p2 switch 2\n>p1 move lavaplume\n>p2 move icespinner\n>p2 switch 5\n>p1 switch 3\n>p2 move headsmash\n>p1 move voltswitch\n>p2 move extremespeed\n>p1 switch 6\n>p1 move earthquake\n>p2 switch 3\n>p2 switch 2\n>p1 switch 3\n>p2 move dragonpulse\n>p1 move magmastorm\n>p2 switch 4\n>p1 move heavyslam\n>p2 move flipturn\n>p2 switch 3\n>p1 switch 3\n>p2 move headsmash\n>p1 move earthquake\n>p2 switch 3\n>p2 switch 4\n>p1 switch 3\n>p2 move recover\n>p1 move earthpower\n>p2 switch 3\n>forcelose p2", "uploadtime": 1782785106, "views": 7, "formatid": "gen9randombattle", "rating": null, "private": 0, "password": null, "player_dets": [{"name": "RDTar", "avatar": "101", "rating": 2229, "seed": "sodium,8553c244b0821e03663da8f8bb539393"}, {"name": "thestinkycheeseman", "avatar": "skierf", "rating": 2156, "seed": "sodium,42c912b64d20487cabb0776b1257abca"}], "teams_full": [{"Mew": {"name": "Mew", "species": "Mew", "speciesId": "mew", "gender": "N", "shiny": false, "level": 82, "moves": ["knockoff", "toxicspikes", "psychic", "stealthrock"], "ability": "Synchronize", "evs": {"hp": 85, "atk": 85, "def": 85, "spa": 85, "spd": 85, "spe": 85}, "ivs": {"hp": 31, "atk": 31, "def": 31, "spa": 31, "spd": 31, "spe": 31}, "item": "Leftovers", "teraType": "Steel", "role": "Bulky Support", "bvs": {"hp": 100, "atk": 100, "def": 100, "spa": 100, "spd": 100, "spe": 100}, "stats": {"hp": 298, "atk": 211, "def": 211, "spa": 211, "spd": 211, "spe": 211}, "types": ["Psychic"]}, "Heatran": {"name": "Heatran", "species": "Heatran", "speciesId": "heatran", "gender": "F", "shiny": false, "level": 79, "moves": ["earthpower", "heavyslam", "magmastorm", "lavaplume"], "ability": "Flash Fire", "evs": {"hp": 85, "atk": 85, "def": 85, "spa": 85, "spd": 85, "spe": 85}, "ivs": {"hp": 31, "atk": 31, "def": 31, "spa": 31, "spd": 31, "spe": 31}, "item": "Assault Vest", "teraType": "Grass", "role": "Bulky Support", "bvs": {"hp": 91, "atk": 90, "def": 106, "spa": 130, "spd": 106, "spe": 77}, "stats": {"hp": 273, "atk": 188, "def": 213, "spa": 251, "spd": 213, "spe": 167}, "types": ["Fire", "Steel"]}, "Raichu": {"name": "Raichu", "species": "Raichu", "speciesId": "raichu", "gender": "F", "shiny": false, "level": 88, "moves": ["voltswitch", "thunderbolt", "surf", "alluringvoice"], "ability": "Lightning Rod", "evs": {"hp": 85, "atk": 0, "def": 85, "spa": 85, "spd": 85, "spe": 85}, "ivs": {"hp": 31, "atk": 0, "def": 31, "spa": 31, "spd": 31, "spe": 31}, "item": "Choice Specs", "teraType": "Water", "role": "Fast Support", "bvs": {"hp": 60, "atk": 90, "def": 55, "spa": 90, "spd": 80, "spe": 110}, "stats": {"hp": 249, "atk": 163, "def": 147, "spa": 209, "spd": 191, "spe": 244}, "types": ["Electric"]}, "Toxicroak": {"name": "Toxicroak", "species": "Toxicroak", "speciesId": "toxicroak", "gender": "F", "shiny": false, "level": 84, "moves": ["gunkshot", "swordsdance", "closecombat", "earthquake"], "ability": "Dry Skin", "evs": {"hp": 85, "atk": 85, "def": 85, "spa": 85, "spd": 85, "spe": 85}, "ivs": {"hp": 31, "atk": 31, "def": 31, "spa": 31, "spd": 31, "spe": 31}, "item": "Life Orb", "teraType": "Ground", "role": "Setup Sweeper", "bvs": {"hp": 83, "atk": 106, "def": 65, "spa": 86, "spd": 65, "spe": 85}, "stats": {"hp": 277, "atk": 226, "def": 157, "spa": 193, "spd": 157, "spe": 191}, "types": ["Poison", "Fighting"]}, "Giratina": {"name": "Giratina", "species": "Giratina-Origin", "speciesId": "giratinaorigin", "gender": "N", "shiny": false, "level": 72, "moves": ["shadowsneak", "dracometeor", "poltergeist", "willowisp"], "ability": "Levitate", "evs": {"hp": 85, "atk": 85, "def": 85, "spa": 85, "spd": 85, "spe": 85}, "ivs": {"hp": 31, "atk": 31, "def": 31, "spa": 31, "spd": 31, "spe": 31}, "item": "Griseous Core", "teraType": "Dragon", "role": "Fast Attacker", "bvs": {"hp": 150, "atk": 120, "def": 100, "spa": 120, "spd": 100, "spe": 90}, "stats": {"hp": 335, "atk": 215, "def": 186, "spa": 215, "spd": 186, "spe": 172}, "types": ["Ghost", "Dragon"]}, "Flygon": {"name": "Flygon", "species": "Flygon", "speciesId": "flygon", "gender": "M", "shiny": false, "level": 82, "moves": ["uturn", "outrage", "stoneedge", "earthquake"], "ability": "Levitate", "evs": {"hp": 85, "atk": 85, "def": 85, "spa": 85, "spd": 85, "spe": 85}, "ivs": {"hp": 31, "atk": 31, "def": 31, "spa": 31, "spd": 31, "spe": 31}, "item": "Choice Band", "teraType": "Ground", "role": "Fast Attacker", "bvs": {"hp": 80, "atk": 100, "def": 80, "spa": 80, "spd": 80, "spe": 100}, "stats": {"hp": 265, "atk": 211, "def": 178, "spa": 178, "spd": 178, "spe": 211}, "types": ["Ground", "Dragon"]}}, {"Spidops": {"name": "Spidops", "species": "Spidops", "speciesId": "spidops", "gender": "F", "shiny": false, "level": 96, "moves": ["stickyweb", "uturn", "knockoff", "circlethrow"], "ability": "Stakeout", "evs": {"hp": 85, "atk": 85, "def": 85, "spa": 85, "spd": 85, "spe": 85}, "ivs": {"hp": 31, "atk": 31, "def": 31, "spa": 31, "spd": 31, "spe": 31}, "item": "Heavy-Duty Boots", "teraType": "Ghost", "role": "Bulky Support", "bvs": {"hp": 60, "atk": 79, "def": 92, "spa": 52, "spd": 86, "spe": 35}, "stats": {"hp": 271, "atk": 206, "def": 231, "spa": 154, "spd": 220, "spe": 122}, "types": ["Bug"]}, "Dipplin": {"name": "Dipplin", "species": "Dipplin", "speciesId": "dipplin", "gender": "F", "shiny": false, "level": 88, "moves": ["suckerpunch", "gigadrain", "dragonpulse", "recover"], "ability": "Sticky Hold", "evs": {"hp": 85, "atk": 85, "def": 85, "spa": 85, "spd": 85, "spe": 85}, "ivs": {"hp": 31, "atk": 31, "def": 31, "spa": 31, "spd": 31, "spe": 31}, "item": "Eviolite", "teraType": "Steel", "role": "Bulky Attacker", "bvs": {"hp": 80, "atk": 80, "def": 110, "spa": 95, "spd": 80, "spe": 40}, "stats": {"hp": 284, "atk": 191, "def": 244, "spa": 217, "spd": 191, "spe": 121}, "types": ["Grass", "Dragon"]}, "Forretress": {"name": "Forretress", "species": "Forretress", "speciesId": "forretress", "gender": "F", "shiny": false, "level": 84, "moves": ["stealthrock", "rapidspin", "spikes", "ironhead"], "ability": "Sturdy", "evs": {"hp": 85, "atk": 85, "def": 85, "spa": 85, "spd": 85, "spe": 85}, "ivs": {"hp": 31, "atk": 31, "def": 31, "spa": 31, "spd": 31, "spe": 31}, "item": "Leftovers", "teraType": "Water", "role": "Bulky Support", "bvs": {"hp": 75, "atk": 90, "def": 140, "spa": 60, "spd": 60, "spe": 40}, "stats": {"hp": 263, "atk": 199, "def": 283, "spa": 149, "spd": 149, "spe": 115}, "types": ["Bug", "Steel"]}, "Arcanine": {"name": "Arcanine", "species": "Arcanine-Hisui", "speciesId": "arcaninehisui", "gender": "M", "shiny": false, "level": 79, "moves": ["headsmash", "morningsun", "flareblitz", "extremespeed"], "ability": "Rock Head", "evs": {"hp": 85, "atk": 85, "def": 85, "spa": 85, "spd": 85, "spe": 85}, "ivs": {"hp": 31, "atk": 31, "def": 31, "spa": 31, "spd": 31, "spe": 31}, "item": "Heavy-Duty Boots", "teraType": "Rock", "role": "Bulky Attacker", "bvs": {"hp": 95, "atk": 115, "def": 80, "spa": 95, "spd": 80, "spe": 90}, "stats": {"hp": 280, "atk": 227, "def": 172, "spa": 196, "spd": 172, "spe": 188}, "types": ["Fire", "Rock"]}, "Dragalge": {"name": "Dragalge", "species": "Dragalge", "speciesId": "dragalge", "gender": "M", "shiny": false, "level": 88, "moves": ["focusblast", "sludgewave", "flipturn", "dracometeor"], "ability": "Adaptability", "evs": {"hp": 85, "atk": 85, "def": 85, "spa": 85, "spd": 85, "spe": 85}, "ivs": {"hp": 31, "atk": 31, "def": 31, "spa": 31, "spd": 31, "spe": 31}, "item": "Choice Specs", "teraType": "Fighting", "role": "Bulky Attacker", "bvs": {"hp": 65, "atk": 75, "def": 90, "spa": 97, "spd": 123, "spe": 44}, "stats": {"hp": 258, "atk": 182, "def": 209, "spa": 221, "spd": 267, "spe": 128}, "types": ["Poison", "Dragon"]}, "Great Tusk": {"name": "Great Tusk", "species": "Great Tusk", "speciesId": "greattusk", "gender": "N", "shiny": false, "level": 77, "moves": ["icespinner", "knockoff", "closecombat", "headlongrush"], "ability": "Protosynthesis", "evs": {"hp": 85, "atk": 85, "def": 85, "spa": 85, "spd": 85, "spe": 85}, "ivs": {"hp": 31, "atk": 31, "def": 31, "spa": 31, "spd": 31, "spe": 31}, "item": "Choice Scarf", "teraType": "Steel", "role": "Bulky Support", "bvs": {"hp": 115, "atk": 131, "def": 131, "spa": 53, "spd": 53, "spe": 87}, "stats": {"hp": 304, "atk": 246, "def": 246, "spa": 126, "spd": 126, "spe": 179}, "types": ["Ground", "Fighting"]}}]}