{"id": "gen9randombattle-2641502192", "format": "[Gen 9] Random Battle", "players": ["Targaryen Dynasty", "jjk02"], "log": "|j|\u2606Targaryen Dynasty\n|j|\u2606jjk02\n|t:|1782795729\n|gametype|singles\n|player|p1|Targaryen Dynasty|dragontamer|1794\n|player|p2|jjk02|cynthia-gen4|1782\n|gen|9\n|tier|[Gen 9] Random Battle\n|rated|\n|rule|Species Clause: Limit one of each Pok\u00e9mon\n|rule|HP Percentage Mod: HP is shown in percentages\n|rule|Sleep Clause Mod: Limit one foe put to sleep\n|rule|Illusion Level Mod: Illusion disguises the Pok\u00e9mon's true level\n|\n|t:|1782795729\n|teamsize|p1|6\n|teamsize|p2|6\n|start\n|switch|p1a: Weavile|Weavile, L79, F|240/240\n|switch|p2a: Minior|Minior, L79|224/224\n|-formechange|p2a: Minior|Minior-Meteor||[from] ability: Shields Down\n|turn|1\n|inactive|Battle timer is ON: inactive players will automatically lose when time's up. (requested by jjk02)\n|\n|t:|1782795750\n|switch|p2a: Froslass|Froslass, L87, F|263/263\n|move|p1a: Weavile|Triple Axel|p2a: Froslass\n|-resisted|p2a: Froslass\n|-damage|p2a: Froslass|251/263\n|-resisted|p2a: Froslass\n|-damage|p2a: Froslass|227/263\n|-start|p1a: Weavile|Disable|Triple Axel|[from] ability: Cursed Body|[of] p2a: Froslass\n|-hitcount|p2a: Froslass|2\n|\n|upkeep\n|turn|2\n|\n|t:|1782795772\n|switch|p1a: Empoleon|Empoleon, L84, F|278/278\n|switch|p2a: Hitmonchan|Hitmonchan, L87, M|229/229\n|\n|upkeep\n|turn|3\n|\n|t:|1782795784\n|switch|p1a: Hitmontop|Hitmontop, L88, M|231/231\n|-ability|p1a: Hitmontop|Intimidate|boost\n|-unboost|p2a: Hitmonchan|atk|1\n|move|p2a: Hitmonchan|Bulk Up|p2a: Hitmonchan\n|-boost|p2a: Hitmonchan|atk|1\n|-boost|p2a: Hitmonchan|def|1\n|\n|upkeep\n|turn|4\n|\n|t:|1782795796\n|move|p2a: Hitmonchan|Bulk Up|p2a: Hitmonchan\n|-boost|p2a: Hitmonchan|atk|1\n|-boost|p2a: Hitmonchan|def|1\n|move|p1a: Hitmontop|Close Combat|p2a: Hitmonchan\n|-damage|p2a: Hitmonchan|156/229\n|-unboost|p1a: Hitmontop|def|1\n|-unboost|p1a: Hitmontop|spd|1\n|\n|-heal|p2a: Hitmonchan|170/229|[from] item: Leftovers\n|upkeep\n|turn|5\n|\n|t:|1782795813\n|switch|p1a: Toucannon|Toucannon, L88, M|284/284\n|move|p2a: Hitmonchan|Drain Punch|p1a: Toucannon\n|-damage|p1a: Toucannon|107/284\n|-heal|p2a: Hitmonchan|229/229|[from] drain|[of] p1a: Toucannon\n|\n|upkeep\n|turn|6\n|\n|t:|1782795830\n|-singleturn|p1a: Toucannon|move: Beak Blast\n|move|p2a: Hitmonchan|Drain Punch|p1a: Toucannon\n|-damage|p1a: Toucannon|0 fnt\n|-status|p2a: Hitmonchan|brn\n|faint|p1a: Toucannon\n|\n|-damage|p2a: Hitmonchan|215/229 brn|[from] brn\n|upkeep\n|\n|t:|1782795841\n|switch|p1a: Ampharos|Ampharos, L88, F|302/302\n|turn|7\n|\n|t:|1782795845\n|move|p2a: Hitmonchan|Knock Off|p1a: Ampharos\n|-damage|p1a: Ampharos|243/302\n|-enditem|p1a: Ampharos|Life Orb|[from] move: Knock Off|[of] p2a: Hitmonchan\n|move|p1a: Ampharos|Dazzling Gleam|p2a: Hitmonchan\n|-supereffective|p2a: Hitmonchan\n|-damage|p2a: Hitmonchan|91/229 brn\n|\n|-heal|p2a: Hitmonchan|105/229 brn|[from] item: Leftovers\n|-damage|p2a: Hitmonchan|91/229 brn|[from] brn\n|upkeep\n|turn|8\n|\n|t:|1782795854\n|move|p2a: Hitmonchan|Drain Punch|p1a: Ampharos\n|-damage|p1a: Ampharos|162/302\n|-heal|p2a: Hitmonchan|132/229 brn|[from] drain|[of] p1a: Ampharos\n|move|p1a: Ampharos|Dazzling Gleam|p2a: Hitmonchan\n|-supereffective|p2a: Hitmonchan\n|-damage|p2a: Hitmonchan|10/229 brn\n|\n|-heal|p2a: Hitmonchan|24/229 brn|[from] item: Leftovers\n|-damage|p2a: Hitmonchan|10/229 brn|[from] brn\n|upkeep\n|turn|9\n|\n|t:|1782795865\n|move|p2a: Hitmonchan|Drain Punch|p1a: Ampharos\n|-damage|p1a: Ampharos|80/302\n|-heal|p2a: Hitmonchan|51/229 brn|[from] drain|[of] p1a: Ampharos\n|move|p1a: Ampharos|Agility|p1a: Ampharos\n|-boost|p1a: Ampharos|spe|2\n|\n|-heal|p2a: Hitmonchan|65/229 brn|[from] item: Leftovers\n|-damage|p2a: Hitmonchan|51/229 brn|[from] brn\n|upkeep\n|turn|10\n|\n|t:|1782795876\n|move|p1a: Ampharos|Dazzling Gleam|p2a: Hitmonchan\n|-supereffective|p2a: Hitmonchan\n|-damage|p2a: Hitmonchan|0 fnt\n|faint|p2a: Hitmonchan\n|\n|upkeep\n|\n|t:|1782795879\n|switch|p2a: Froslass|Froslass, L87, F|227/263\n|turn|11\n|\n|t:|1782795886\n|move|p1a: Ampharos|Thunderbolt|p2a: Froslass\n|-damage|p2a: Froslass|79/263\n|-start|p1a: Ampharos|Disable|Thunderbolt|[from] ability: Cursed Body|[of] p2a: Froslass\n|move|p2a: Froslass|Triple Axel|p1a: Ampharos\n|-damage|p1a: Ampharos|61/302\n|-damage|p1a: Ampharos|19/302\n|-status|p2a: Froslass|par|[from] ability: Static|[of] p1a: Ampharos\n|-damage|p1a: Ampharos|0 fnt\n|faint|p1a: Ampharos\n|-hitcount|p1: Ampharos|3\n|\n|upkeep\n|\n|t:|1782795899\n|switch|p1a: Weavile|Weavile, L79, F|240/240\n|turn|12\n|\n|t:|1782795903\n|move|p1a: Weavile|Knock Off|p2a: Froslass\n|-supereffective|p2a: Froslass\n|-damage|p2a: Froslass|0 fnt\n|-enditem|p2a: Froslass|Wide Lens|[from] move: Knock Off|[of] p1a: Weavile\n|faint|p2a: Froslass\n|\n|upkeep\n|\n|t:|1782795910\n|switch|p2a: Gallade|Gallade, L80, M|240/240\n|turn|13\n|\n|t:|1782795920\n|switch|p1a: Hitmontop|Hitmontop, L88, M|231/231\n|-ability|p1a: Hitmontop|Intimidate|boost\n|-unboost|p2a: Gallade|atk|1\n|move|p2a: Gallade|Sacred Sword|p1a: Hitmontop\n|-damage|p1a: Hitmontop|106/231\n|-damage|p2a: Gallade|216/240|[from] item: Life Orb\n|\n|upkeep\n|turn|14\n|\n|t:|1782795933\n|move|p1a: Hitmontop|Sucker Punch||[still]\n|-fail|p1a: Hitmontop\n|move|p2a: Gallade|Agility|p2a: Gallade\n|-boost|p2a: Gallade|spe|2\n|\n|upkeep\n|turn|15\n|\n|t:|1782795942\n|move|p2a: Gallade|Sacred Sword|p1a: Hitmontop\n|-damage|p1a: Hitmontop|0 fnt\n|faint|p1a: Hitmontop\n|-damage|p2a: Gallade|192/240|[from] item: Life Orb\n|\n|upkeep\n|\n|t:|1782795959\n|switch|p1a: Garganacl|Garganacl, L80, M|291/291\n|turn|16\n|\n|t:|1782795970\n|-terastallize|p1a: Garganacl|Ghost\n|move|p2a: Gallade|Sacred Sword|p1a: Garganacl\n|-immune|p1a: Garganacl\n|move|p1a: Garganacl|Salt Cure|p2a: Gallade\n|-resisted|p2a: Gallade\n|-damage|p2a: Gallade|167/240\n|-start|p2a: Gallade|Salt Cure\n|\n|-damage|p2a: Gallade|137/240|[from] Salt Cure\n|upkeep\n|turn|17\n|\n|t:|1782795980\n|move|p1a: Garganacl|Protect|p1a: Garganacl\n|-singleturn|p1a: Garganacl|Protect\n|move|p2a: Gallade|Night Slash|p1a: Garganacl\n|-activate|p1a: Garganacl|move: Protect\n|\n|-damage|p2a: Gallade|107/240|[from] Salt Cure\n|upkeep\n|turn|18\n|\n|t:|1782795989\n|switch|p1a: Empoleon|Empoleon, L84, F|278/278\n|move|p2a: Gallade|Night Slash|p1a: Empoleon\n|-damage|p1a: Empoleon|199/278\n|-damage|p2a: Gallade|83/240|[from] item: Life Orb\n|\n|-heal|p1a: Empoleon|216/278|[from] item: Leftovers\n|-damage|p2a: Gallade|53/240|[from] Salt Cure\n|upkeep\n|turn|19\n|\n|t:|1782796004\n|move|p2a: Gallade|Night Slash|p1a: Empoleon\n|-damage|p1a: Empoleon|139/278\n|-damage|p2a: Gallade|29/240|[from] item: Life Orb\n|move|p1a: Empoleon|Roost|p1a: Empoleon\n|-heal|p1a: Empoleon|278/278\n|-singleturn|p1a: Empoleon|move: Roost\n|\n|-damage|p2a: Gallade|0 fnt|[from] Salt Cure\n|faint|p2a: Gallade\n|upkeep\n|\n|t:|1782796013\n|switch|p2a: Minior|Minior, L79|224/224\n|-formechange|p2a: Minior|Minior-Meteor||[from] ability: Shields Down\n|turn|20\n|\n|t:|1782796018\n|move|p2a: Minior|Shell Smash|p2a: Minior\n|-unboost|p2a: Minior|def|1\n|-unboost|p2a: Minior|spd|1\n|-boost|p2a: Minior|atk|2\n|-boost|p2a: Minior|spa|2\n|-boost|p2a: Minior|spe|2\n|-enditem|p2a: Minior|White Herb\n|-clearnegativeboost|p2a: Minior|[silent]\n|move|p1a: Empoleon|Roar|p2a: Minior\n|drag|p2a: Polteageist|Polteageist, L78|222/222\n|\n|upkeep\n|turn|21\n|\n|t:|1782796030\n|switch|p2a: Minior|Minior, L79|224/224\n|-formechange|p2a: Minior|Minior-Meteor||[from] ability: Shields Down\n|switch|p1a: Weavile|Weavile, L79, F|240/240\n|\n|upkeep\n|turn|22\n|\n|t:|1782796037\n|move|p1a: Weavile|Triple Axel|p2a: Minior\n|-supereffective|p2a: Minior\n|-damage|p2a: Minior|182/224\n|-supereffective|p2a: Minior\n|-damage|p2a: Minior|98/224\n|-supereffective|p2a: Minior\n|-damage|p2a: Minior|0 fnt\n|faint|p2a: Minior\n|-hitcount|p2: Minior|3\n|\n|upkeep\n|\n|t:|1782796041\n|switch|p2a: Kyurem|Kyurem-White, L73|303/303\n|-ability|p2a: Kyurem|Turboblaze\n|turn|23\n|\n|t:|1782796048\n|move|p1a: Weavile|Low Kick|p2a: Kyurem\n|-supereffective|p2a: Kyurem\n|-damage|p2a: Kyurem|95/303\n|move|p2a: Kyurem|Fusion Flare|p1a: Weavile\n|-supereffective|p1a: Weavile\n|-damage|p1a: Weavile|0 fnt\n|faint|p1a: Weavile\n|\n|upkeep\n|\n|t:|1782796063\n|switch|p1a: Garganacl|Garganacl, L80, M, tera:Ghost|291/291\n|turn|24\n|\n|t:|1782796066\n|move|p2a: Kyurem|Fusion Flare|p1a: Garganacl\n|-crit|p1a: Garganacl\n|-damage|p1a: Garganacl|91/291\n|move|p1a: Garganacl|Body Press|p2a: Kyurem\n|-supereffective|p2a: Kyurem\n|-crit|p2a: Kyurem\n|-damage|p2a: Kyurem|0 fnt\n|faint|p2a: Kyurem\n|\n|-heal|p1a: Garganacl|109/291|[from] item: Leftovers\n|upkeep\n|inactive|jjk02 has 120 seconds left.\n|\n|t:|1782796112\n|switch|p2a: Polteageist|Polteageist, L78|222/222\n|turn|25\n|\n|t:|1782796117\n|move|p2a: Polteageist|Shell Smash|p2a: Polteageist\n|-unboost|p2a: Polteageist|def|1\n|-unboost|p2a: Polteageist|spd|1\n|-boost|p2a: Polteageist|atk|2\n|-boost|p2a: Polteageist|spa|2\n|-boost|p2a: Polteageist|spe|2\n|-enditem|p2a: Polteageist|White Herb\n|-clearnegativeboost|p2a: Polteageist|[silent]\n|move|p1a: Garganacl|Salt Cure|p2a: Polteageist\n|-damage|p2a: Polteageist|170/222\n|-start|p2a: Polteageist|Salt Cure\n|\n|-heal|p1a: Garganacl|127/291|[from] item: Leftovers\n|-damage|p2a: Polteageist|143/222|[from] Salt Cure\n|upkeep\n|turn|26\n|inactive|jjk02 has 120 seconds left.\n|\n|t:|1782796133\n|move|p1a: Garganacl|Protect|p1a: Garganacl\n|-singleturn|p1a: Garganacl|Protect\n|move|p2a: Polteageist|Stored Power|p1a: Garganacl\n|-activate|p1a: Garganacl|move: Protect\n|\n|-heal|p1a: Garganacl|145/291|[from] item: Leftovers\n|-damage|p2a: Polteageist|116/222|[from] Salt Cure\n|upkeep\n|turn|27\n|\n|t:|1782796141\n|switch|p1a: Empoleon|Empoleon, L84, F|278/278\n|move|p2a: Polteageist|Stored Power|p1a: Empoleon\n|-resisted|p1a: Empoleon\n|-damage|p1a: Empoleon|177/278\n|\n|-heal|p1a: Empoleon|194/278|[from] item: Leftovers\n|-damage|p2a: Polteageist|89/222|[from] Salt Cure\n|upkeep\n|turn|28\n|\n|t:|1782796149\n|-terastallize|p2a: Polteageist|Fighting\n|move|p2a: Polteageist|Tera Blast|p1a: Empoleon|[anim] Tera Blast Fighting\n|-supereffective|p1a: Empoleon\n|-damage|p1a: Empoleon|0 fnt\n|faint|p1a: Empoleon\n|\n|-damage|p2a: Polteageist|62/222|[from] Salt Cure\n|upkeep\n|\n|t:|1782796156\n|switch|p1a: Garganacl|Garganacl, L80, M, tera:Ghost|145/291\n|turn|29\n|\n|t:|1782796159\n|move|p1a: Garganacl|Protect|p1a: Garganacl\n|-singleturn|p1a: Garganacl|Protect\n|move|p2a: Polteageist|Stored Power|p1a: Garganacl\n|-activate|p1a: Garganacl|move: Protect\n|\n|-heal|p1a: Garganacl|163/291|[from] item: Leftovers\n|-damage|p2a: Polteageist|35/222|[from] Salt Cure\n|upkeep\n|turn|30\n|\n|t:|1782796167\n|move|p2a: Polteageist|Stored Power|p1a: Garganacl\n|-damage|p1a: Garganacl|0 fnt\n|faint|p1a: Garganacl\n|\n|win|jjk02\n|raw|Targaryen Dynasty's rating: 1794 &rarr; <strong>1773</strong><br />(-21 for losing)\n|raw|jjk02's rating: 1782 &rarr; <strong>1803</strong><br />(+21 for winning)\n", "inputlog": ">version f8ac14003a5f27e1bdc8d8c59608a773c1cb96e5\n>start {\"formatid\":\"gen9randombattle\",\"seed\":\"sodium,b65f67863ab62531c1c79d9987bfed64\",\"rated\":\"Rated battle\"}\n>player p1 {\"name\":\"Targaryen Dynasty\",\"avatar\":\"dragontamer\",\"rating\":1794,\"seed\":\"sodium,c7da6e606028442f43cac3e8d3ae58a7\"}\n>player p2 {\"name\":\"jjk02\",\"avatar\":\"cynthia-gen4\",\"rating\":1782,\"seed\":\"sodium,b2d9882a5fbc803960c5202eee77c122\"}\n>p1 move tripleaxel\n>p2 switch 5\n>p1 switch 2\n>p2 switch 3\n>p1 switch 3\n>p2 move bulkup\n>p1 move closecombat\n>p2 move bulkup\n>p1 switch 4\n>p2 move drainpunch\n>p1 move beakblast\n>p2 move drainpunch\n>p1 switch 6\n>p1 move dazzlinggleam\n>p2 move knockoff\n>p1 move dazzlinggleam\n>p2 move drainpunch\n>p1 move agility\n>p2 move drainpunch\n>p1 move dazzlinggleam\n>p2 move drainpunch\n>p2 switch 3\n>p1 move thunderbolt\n>p2 move tripleaxel\n>p1 switch 2\n>p1 move knockoff\n>p2 move destinybond\n>p2 switch 6\n>p1 switch 4\n>p2 move sacredsword\n>p1 move suckerpunch\n>p2 move agility\n>p1 move earthquake\n>p2 move sacredsword\n>p1 switch 5\n>p1 move saltcure terastallize\n>p2 move sacredsword\n>p1 move protect\n>p2 move nightslash\n>p1 switch 3\n>p2 move nightslash\n>p1 move roost\n>p2 move nightslash\n>p2 switch 5\n>p1 move roar\n>p2 move shellsmash\n>p1 switch 4\n>p2 switch 2\n>p1 move tripleaxel\n>p2 move powergem\n>p2 switch 4\n>p1 move lowkick\n>p2 move fusionflare\n>p1 switch 3\n>p1 move bodypress\n>p2 move fusionflare\n>p2 switch 2\n>p1 move saltcure\n>p2 move shellsmash\n>p1 move protect\n>p2 move storedpower\n>p1 switch 4\n>p2 move storedpower\n>p1 move surf\n>p2 move terablast terastallize\n>p1 switch 4\n>p1 move protect\n>p2 move storedpower\n>p1 move saltcure\n>p2 move storedpower", "uploadtime": 1782796170, "views": 3, "formatid": "gen9randombattle", "rating": 1773, "private": 0, "password": null, "player_dets": [{"name": "Targaryen Dynasty", "avatar": "dragontamer", "rating": 1794, "seed": "sodium,c7da6e606028442f43cac3e8d3ae58a7"}, {"name": "jjk02", "avatar": "cynthia-gen4", "rating": 1782, "seed": "sodium,b2d9882a5fbc803960c5202eee77c122"}], "teams_full": [{"Weavile": {"name": "Weavile", "species": "Weavile", "speciesId": "weavile", "gender": "F", "shiny": false, "level": 79, "moves": ["lowkick", "knockoff", "swordsdance", "tripleaxel"], "ability": "Pickpocket", "evs": {"hp": 85, "atk": 85, "def": 85, "spa": 85, "spd": 85, "spe": 85}, "ivs": {"hp": 31, "atk": 31, "def": 31, "spa": 31, "spd": 31, "spe": 31}, "item": "Heavy-Duty Boots", "teraType": "Fighting", "role": "Fast Attacker", "bvs": {"hp": 70, "atk": 120, "def": 65, "spa": 45, "spd": 85, "spe": 125}, "stats": {"hp": 240, "atk": 235, "def": 148, "spa": 117, "spd": 180, "spe": 243}, "types": ["Dark", "Ice"]}, "Empoleon": {"name": "Empoleon", "species": "Empoleon", "speciesId": "empoleon", "gender": "F", "shiny": false, "level": 84, "moves": ["icebeam", "roost", "surf", "roar"], "ability": "Competitive", "evs": {"hp": 85, "atk": 0, "def": 85, "spa": 85, "spd": 85, "spe": 85}, "ivs": {"hp": 31, "atk": 0, "def": 31, "spa": 31, "spd": 31, "spe": 31}, "item": "Leftovers", "teraType": "Grass", "role": "Bulky Support", "bvs": {"hp": 84, "atk": 86, "def": 88, "spa": 111, "spd": 101, "spe": 60}, "stats": {"hp": 278, "atk": 149, "def": 196, "spa": 235, "spd": 218, "spe": 149}, "types": ["Water", "Steel"]}, "Hitmontop": {"name": "Hitmontop", "species": "Hitmontop", "speciesId": "hitmontop", "gender": "M", "shiny": false, "level": 88, "moves": ["rapidspin", "closecombat", "suckerpunch", "earthquake"], "ability": "Intimidate", "evs": {"hp": 85, "atk": 85, "def": 85, "spa": 85, "spd": 85, "spe": 85}, "ivs": {"hp": 31, "atk": 31, "def": 31, "spa": 31, "spd": 31, "spe": 31}, "item": "Assault Vest", "teraType": "Steel", "role": "Bulky Support", "bvs": {"hp": 50, "atk": 95, "def": 95, "spa": 35, "spd": 110, "spe": 70}, "stats": {"hp": 231, "atk": 217, "def": 217, "spa": 112, "spd": 244, "spe": 173}, "types": ["Fighting"]}, "Toucannon": {"name": "Toucannon", "species": "Toucannon", "speciesId": "toucannon", "gender": "M", "shiny": false, "level": 88, "moves": ["beakblast", "bulletseed", "roost", "boomburst"], "ability": "Skill Link", "evs": {"hp": 85, "atk": 85, "def": 85, "spa": 85, "spd": 85, "spe": 85}, "ivs": {"hp": 31, "atk": 31, "def": 31, "spa": 31, "spd": 31, "spe": 31}, "item": "Heavy-Duty Boots", "teraType": "Steel", "role": "Bulky Support", "bvs": {"hp": 80, "atk": 120, "def": 75, "spa": 75, "spd": 75, "spe": 60}, "stats": {"hp": 284, "atk": 261, "def": 182, "spa": 182, "spd": 182, "spe": 156}, "types": ["Normal", "Flying"]}, "Garganacl": {"name": "Garganacl", "species": "Garganacl", "speciesId": "garganacl", "gender": "M", "shiny": false, "level": 80, "moves": ["saltcure", "bodypress", "protect", "recover"], "ability": "Purifying Salt", "evs": {"hp": 85, "atk": 85, "def": 85, "spa": 85, "spd": 85, "spe": 85}, "ivs": {"hp": 31, "atk": 31, "def": 31, "spa": 31, "spd": 31, "spe": 31}, "item": "Leftovers", "teraType": "Ghost", "role": "Bulky Support", "bvs": {"hp": 100, "atk": 100, "def": 130, "spa": 45, "spd": 90, "spe": 35}, "stats": {"hp": 291, "atk": 206, "def": 254, "spa": 118, "spd": 190, "spe": 102}, "types": ["Rock"]}, "Ampharos": {"name": "Ampharos", "species": "Ampharos", "speciesId": "ampharos", "gender": "F", "shiny": false, "level": 88, "moves": ["agility", "dazzlinggleam", "focusblast", "thunderbolt"], "ability": "Static", "evs": {"hp": 85, "atk": 0, "def": 85, "spa": 85, "spd": 85, "spe": 85}, "ivs": {"hp": 31, "atk": 0, "def": 31, "spa": 31, "spd": 31, "spe": 31}, "item": "Life Orb", "teraType": "Fairy", "role": "Wallbreaker", "bvs": {"hp": 90, "atk": 75, "def": 85, "spa": 115, "spd": 90, "spe": 55}, "stats": {"hp": 302, "atk": 137, "def": 200, "spa": 253, "spd": 209, "spe": 147}, "types": ["Electric"]}}, {"Minior": {"name": "Minior", "species": "Minior", "speciesId": "minior", "gender": "N", "shiny": false, "level": 79, "moves": ["earthquake", "acrobatics", "powergem", "shellsmash"], "ability": "Shields Down", "evs": {"hp": 85, "atk": 85, "def": 85, "spa": 85, "spd": 85, "spe": 85}, "ivs": {"hp": 31, "atk": 31, "def": 31, "spa": 31, "spd": 31, "spe": 31}, "item": "White Herb", "teraType": "Ground", "role": "Setup Sweeper", "bvs": {"hp": 60, "atk": 100, "def": 60, "spa": 100, "spd": 60, "spe": 120}, "stats": {"hp": 224, "atk": 204, "def": 140, "spa": 204, "spd": 140, "spe": 235}, "types": ["Rock", "Flying"]}, "Polteageist": {"name": "Polteageist", "species": "Polteageist", "speciesId": "polteageist", "gender": "N", "shiny": false, "level": 78, "moves": ["shellsmash", "shadowball", "storedpower", "terablast"], "ability": "Cursed Body", "evs": {"hp": 85, "atk": 0, "def": 85, "spa": 85, "spd": 85, "spe": 85}, "ivs": {"hp": 31, "atk": 0, "def": 31, "spa": 31, "spd": 31, "spe": 31}, "item": "White Herb", "teraType": "Fighting", "role": "Tera Blast user", "bvs": {"hp": 60, "atk": 65, "def": 65, "spa": 134, "spd": 114, "spe": 70}, "stats": {"hp": 222, "atk": 106, "def": 146, "spa": 254, "spd": 223, "spe": 154}, "types": ["Ghost"]}, "Hitmonchan": {"name": "Hitmonchan", "species": "Hitmonchan", "speciesId": "hitmonchan", "gender": "M", "shiny": false, "level": 87, "moves": ["drainpunch", "rapidspin", "bulkup", "knockoff"], "ability": "Iron Fist", "evs": {"hp": 85, "atk": 85, "def": 85, "spa": 85, "spd": 85, "spe": 85}, "ivs": {"hp": 31, "atk": 31, "def": 31, "spa": 31, "spd": 31, "spe": 31}, "item": "Leftovers", "teraType": "Steel", "role": "Bulky Setup", "bvs": {"hp": 50, "atk": 105, "def": 79, "spa": 35, "spd": 110, "spe": 76}, "stats": {"hp": 229, "atk": 232, "def": 187, "spa": 111, "spd": 241, "spe": 182}, "types": ["Fighting"]}, "Kyurem": {"name": "Kyurem", "species": "Kyurem-White", "speciesId": "kyuremwhite", "gender": "N", "shiny": false, "level": 73, "moves": ["icebeam", "fusionflare", "dracometeor", "freezedry"], "ability": "Turboblaze", "evs": {"hp": 85, "atk": 0, "def": 85, "spa": 85, "spd": 85, "spe": 85}, "ivs": {"hp": 31, "atk": 0, "def": 31, "spa": 31, "spd": 31, "spe": 31}, "item": "Choice Specs", "teraType": "Dragon", "role": "Bulky Attacker", "bvs": {"hp": 125, "atk": 120, "def": 90, "spa": 170, "spd": 100, "spe": 95}, "stats": {"hp": 303, "atk": 180, "def": 174, "spa": 291, "spd": 188, "spe": 181}, "types": ["Dragon", "Ice"]}, "Froslass": {"name": "Froslass", "species": "Froslass", "speciesId": "froslass", "gender": "F", "shiny": false, "level": 87, "moves": ["taunt", "tripleaxel", "poltergeist", "destinybond"], "ability": "Cursed Body", "evs": {"hp": 81, "atk": 85, "def": 85, "spa": 85, "spd": 85, "spe": 85}, "ivs": {"hp": 31, "atk": 31, "def": 31, "spa": 31, "spd": 31, "spe": 31}, "item": "Wide Lens", "teraType": "Ghost", "role": "Fast Support", "bvs": {"hp": 70, "atk": 80, "def": 70, "spa": 80, "spd": 70, "spe": 110}, "stats": {"hp": 263, "atk": 189, "def": 172, "spa": 189, "spd": 172, "spe": 241}, "types": ["Ice", "Ghost"]}, "Gallade": {"name": "Gallade", "species": "Gallade", "speciesId": "gallade", "gender": "M", "shiny": false, "level": 80, "moves": ["sacredsword", "nightslash", "agility", "psychocut"], "ability": "Sharpness", "evs": {"hp": 85, "atk": 85, "def": 85, "spa": 85, "spd": 85, "spe": 85}, "ivs": {"hp": 31, "atk": 31, "def": 31, "spa": 31, "spd": 31, "spe": 31}, "item": "Life Orb", "teraType": "Fighting", "role": "Setup Sweeper", "bvs": {"hp": 68, "atk": 125, "def": 65, "spa": 65, "spd": 115, "spe": 80}, "stats": {"hp": 240, "atk": 246, "def": 150, "spa": 150, "spd": 230, "spe": 174}, "types": ["Psychic", "Fighting"]}}]}