{"id": "gen9randombattle-2641544002", "format": "[Gen 9] Random Battle", "players": ["emexdd\u60a6\u52a0", "Young noodle"], "log": "|j|\u2606emexdd\u60a6\u52a0\n|j|\u2606Young noodle\n|t:|1782804651\n|gametype|singles\n|player|p1|emexdd\u60a6\u52a0|169|1907\n|player|p2|Young noodle|266|1940\n|gen|9\n|tier|[Gen 9] Random Battle\n|rated|\n|rule|Species Clause: Limit one of each Pok\u00e9mon\n|rule|HP Percentage Mod: HP is shown in percentages\n|rule|Sleep Clause Mod: Limit one foe put to sleep\n|rule|Illusion Level Mod: Illusion disguises the Pok\u00e9mon's true level\n|\n|t:|1782804651\n|teamsize|p1|6\n|teamsize|p2|6\n|start\n|switch|p1a: Crabominable|Crabominable, L90, M|321/321\n|switch|p2a: Cyclizar|Cyclizar, L83, M|252/252\n|turn|1\n|inactive|Battle timer is ON: inactive players will automatically lose when time's up. (requested by Young noodle)\n|inactive|Young noodle has 120 seconds left.\n|\n|t:|1782804704\n|move|p2a: Cyclizar|Shed Tail|p2a: Cyclizar\n|-start|p2a: Cyclizar|Substitute|[from] move: Shed Tail\n|-damage|p2a: Cyclizar|126/252\n|\n|t:|1782804715\n|switch|p2a: Munkidori|Munkidori, L79, M|269/269|[from] Shed Tail\n|move|p1a: Crabominable|Ice Hammer|p2a: Munkidori\n|-end|p2a: Munkidori|Substitute\n|-unboost|p1a: Crabominable|spe|1\n|\n|upkeep\n|turn|2\n|\n|t:|1782804743\n|switch|p1a: Registeel|Registeel, L81|262/262\n|move|p2a: Munkidori|Fake Out|p1a: Registeel\n|-resisted|p1a: Registeel\n|-damage|p1a: Registeel|255/262\n|\n|-heal|p1a: Registeel|262/262|[from] item: Leftovers\n|upkeep\n|turn|3\n|\n|t:|1782804753\n|move|p2a: Munkidori|U-turn|p1a: Registeel\n|-resisted|p1a: Registeel\n|-damage|p1a: Registeel|249/262\n|inactive|Young noodle has 120 seconds left.\n|\n|t:|1782804788\n|switch|p2a: Iron Valiant|Iron Valiant, L78|244/244|[from] U-turn\n|move|p1a: Registeel|Thunder Wave|p2a: Iron Valiant\n|-status|p2a: Iron Valiant|par\n|\n|-heal|p1a: Registeel|262/262|[from] item: Leftovers\n|upkeep\n|turn|4\n|inactive|Young noodle has 120 seconds left.\n|\n|t:|1782804812\n|switch|p1a: Iron Moth|Iron Moth, L78|253/253\n|move|p2a: Iron Valiant|Close Combat|p1a: Iron Moth\n|-resisted|p1a: Iron Moth\n|-damage|p1a: Iron Moth|122/253\n|-unboost|p2a: Iron Valiant|def|1\n|-unboost|p2a: Iron Valiant|spd|1\n|-damage|p2a: Iron Valiant|220/244 par|[from] item: Life Orb\n|\n|upkeep\n|turn|5\n|\n|t:|1782804819\n|move|p1a: Iron Moth|Morning Sun|p1a: Iron Moth\n|-heal|p1a: Iron Moth|248/253\n|move|p2a: Iron Valiant|Encore|p1a: Iron Moth\n|-start|p1a: Iron Moth|Encore\n|\n|upkeep\n|turn|6\n|\n|t:|1782804835\n|-end|p1a: Iron Moth|Quark Drive|[silent]\n|switch|p1a: Registeel|Registeel, L81|262/262\n|move|p2a: Iron Valiant|Knock Off|p1a: Registeel\n|-damage|p1a: Registeel|200/262\n|-enditem|p1a: Registeel|Leftovers|[from] move: Knock Off|[of] p2a: Iron Valiant\n|-damage|p2a: Iron Valiant|196/244 par|[from] item: Life Orb\n|\n|upkeep\n|turn|7\n|inactive|Young noodle has 120 seconds left.\n|\n|t:|1782804859\n|-end|p2a: Iron Valiant|Quark Drive|[silent]\n|switch|p2a: Tentacruel|Tentacruel, L84, F|272/272\n|move|p1a: Registeel|Iron Head|p2a: Tentacruel\n|-resisted|p2a: Tentacruel\n|-damage|p2a: Tentacruel|230/272\n|\n|-heal|p2a: Tentacruel|247/272|[from] item: Leftovers\n|upkeep\n|turn|8\n|\n|t:|1782804865\n|move|p2a: Tentacruel|Surf|p1a: Registeel\n|-damage|p1a: Registeel|146/262\n|move|p1a: Registeel|Thunder Wave|p2a: Tentacruel\n|-status|p2a: Tentacruel|par\n|\n|-heal|p2a: Tentacruel|264/272 par|[from] item: Leftovers\n|upkeep\n|turn|9\n|\n|t:|1782804872\n|move|p1a: Registeel|Stealth Rock|p2a: Tentacruel\n|-sidestart|p2: Young noodle|move: Stealth Rock\n|move|p2a: Tentacruel|Surf|p1a: Registeel\n|-damage|p1a: Registeel|92/262\n|\n|-heal|p2a: Tentacruel|272/272 par|[from] item: Leftovers\n|upkeep\n|turn|10\n|\n|t:|1782804884\n|switch|p1a: Crabominable|Crabominable, L90, M|321/321\n|move|p2a: Tentacruel|Surf|p1a: Crabominable\n|-damage|p1a: Crabominable|222/321\n|\n|upkeep\n|turn|11\n|\n|t:|1782804893\n|move|p1a: Crabominable|Earthquake|p2a: Tentacruel\n|-supereffective|p2a: Tentacruel\n|-damage|p2a: Tentacruel|0 fnt\n|faint|p2a: Tentacruel\n|\n|upkeep\n|\n|t:|1782804899\n|switch|p2a: Articuno|Articuno-Galar, L84|288/288\n|turn|12\n|\n|t:|1782804907\n|switch|p1a: Kingambit|Kingambit, L74, F|270/270\n|move|p2a: Articuno|Calm Mind|p2a: Articuno\n|-boost|p2a: Articuno|spa|1\n|-boost|p2a: Articuno|spd|1\n|\n|upkeep\n|turn|13\n|l|\u2606Young noodle\n|inactive|Young noodle disconnected and has a minute to reconnect!\n|player|p2|\n|inactive|Young noodle has 30 seconds to reconnect!\n|inactive|Young noodle has 20 seconds to reconnect!\n|inactive|Young noodle has 15 seconds to reconnect!\n|inactive|Young noodle has 10 seconds to reconnect!\n|inactive|Young noodle has 5 seconds to reconnect!\n|-message|Young noodle lost due to inactivity.\n|\n|win|emexdd\u60a6\u52a0\n", "inputlog": ">version f8ac14003a5f27e1bdc8d8c59608a773c1cb96e5\n>start {\"formatid\":\"gen9randombattle\",\"seed\":\"sodium,ab64d2810e430ef661f8ec9cf2a46c98\",\"rated\":\"Rated battle\"}\n>player p1 {\"name\":\"emexdd\u60a6\u52a0\",\"avatar\":\"169\",\"rating\":1907,\"seed\":\"sodium,78b4720bebe381b0a469323750ab3a06\"}\n>player p2 {\"name\":\"Young noodle\",\"avatar\":\"266\",\"rating\":1940,\"seed\":\"sodium,dc2c2b626945405a6df132d5d1a49186\"}\n>p1 move icehammer\n>p2 move shedtail\n>p2 switch 5\n>p1 switch 2\n>p2 move fakeout\n>p1 move thunderwave\n>p2 move uturn\n>p2 switch 4\n>p1 switch 3\n>p2 move closecombat\n>p1 move morningsun\n>p2 move encore\n>p1 switch 3\n>p2 move knockoff\n>p1 move ironhead\n>p2 switch 6\n>p1 move thunderwave\n>p2 move surf\n>p1 move stealthrock\n>p2 move surf\n>p1 switch 2\n>p2 move surf\n>p1 move earthquake\n>p2 move sludgebomb\n>p2 switch 3\n>p1 switch 4\n>p2 move calmmind\n>forcelose p2", "uploadtime": 1782804654, "views": 7, "formatid": "gen9randombattle", "rating": null, "private": 0, "password": null, "player_dets": [{"name": "emexdd\u60a6\u52a0", "avatar": "169", "rating": 1907, "seed": "sodium,78b4720bebe381b0a469323750ab3a06"}, {"name": "Young noodle", "avatar": "266", "rating": 1940, "seed": "sodium,dc2c2b626945405a6df132d5d1a49186"}], "teams_full": [{"Crabominable": {"name": "Crabominable", "species": "Crabominable", "speciesId": "crabominable", "gender": "M", "shiny": false, "level": 90, "moves": ["earthquake", "icehammer", "gunkshot", "closecombat"], "ability": "Iron Fist", "evs": {"hp": 85, "atk": 85, "def": 85, "spa": 85, "spd": 85, "spe": 85}, "ivs": {"hp": 31, "atk": 31, "def": 31, "spa": 31, "spd": 31, "spe": 31}, "item": "Choice Band", "teraType": "Ground", "role": "Wallbreaker", "bvs": {"hp": 97, "atk": 132, "def": 77, "spa": 62, "spd": 67, "spe": 43}, "stats": {"hp": 321, "atk": 289, "def": 190, "spa": 163, "spd": 172, "spe": 129}, "types": ["Fighting", "Ice"]}, "Registeel": {"name": "Registeel", "species": "Registeel", "speciesId": "registeel", "gender": "N", "shiny": false, "level": 81, "moves": ["stealthrock", "bodypress", "ironhead", "thunderwave"], "ability": "Clear Body", "evs": {"hp": 85, "atk": 85, "def": 85, "spa": 85, "spd": 85, "spe": 85}, "ivs": {"hp": 31, "atk": 31, "def": 31, "spa": 31, "spd": 31, "spe": 31}, "item": "Leftovers", "teraType": "Fighting", "role": "Bulky Support", "bvs": {"hp": 80, "atk": 75, "def": 150, "spa": 75, "spd": 150, "spe": 50}, "stats": {"hp": 262, "atk": 168, "def": 290, "spa": 168, "spd": 290, "spe": 128}, "types": ["Steel"]}, "Iron Moth": {"name": "Iron Moth", "species": "Iron Moth", "speciesId": "ironmoth", "gender": "N", "shiny": false, "level": 78, "moves": ["energyball", "morningsun", "fireblast", "sludgewave"], "ability": "Quark Drive", "evs": {"hp": 85, "atk": 0, "def": 85, "spa": 85, "spd": 85, "spe": 85}, "ivs": {"hp": 31, "atk": 0, "def": 31, "spa": 31, "spd": 31, "spe": 31}, "item": "Heavy-Duty Boots", "teraType": "Fire", "role": "Fast Attacker", "bvs": {"hp": 80, "atk": 70, "def": 60, "spa": 140, "spd": 110, "spe": 110}, "stats": {"hp": 253, "atk": 114, "def": 139, "spa": 263, "spd": 217, "spe": 217}, "types": ["Fire", "Poison"]}, "Kingambit": {"name": "Kingambit", "species": "Kingambit", "speciesId": "kingambit", "gender": "F", "shiny": false, "level": 74, "moves": ["ironhead", "suckerpunch", "kowtowcleave", "swordsdance"], "ability": "Supreme Overlord", "evs": {"hp": 85, "atk": 85, "def": 85, "spa": 85, "spd": 85, "spe": 85}, "ivs": {"hp": 31, "atk": 31, "def": 31, "spa": 31, "spd": 31, "spe": 31}, "item": "Leftovers", "teraType": "Dark", "role": "Bulky Attacker", "bvs": {"hp": 100, "atk": 135, "def": 120, "spa": 60, "spd": 85, "spe": 50}, "stats": {"hp": 270, "atk": 243, "def": 221, "spa": 132, "spd": 169, "spe": 117}, "types": ["Dark", "Steel"]}, "Toucannon": {"name": "Toucannon", "species": "Toucannon", "speciesId": "toucannon", "gender": "M", "shiny": false, "level": 88, "moves": ["bulletseed", "boomburst", "beakblast", "roost"], "ability": "Skill Link", "evs": {"hp": 85, "atk": 85, "def": 85, "spa": 85, "spd": 85, "spe": 85}, "ivs": {"hp": 31, "atk": 31, "def": 31, "spa": 31, "spd": 31, "spe": 31}, "item": "Heavy-Duty Boots", "teraType": "Steel", "role": "Bulky Support", "bvs": {"hp": 80, "atk": 120, "def": 75, "spa": 75, "spd": 75, "spe": 60}, "stats": {"hp": 284, "atk": 261, "def": 182, "spa": 182, "spd": 182, "spe": 156}, "types": ["Normal", "Flying"]}, "Cresselia": {"name": "Cresselia", "species": "Cresselia", "speciesId": "cresselia", "gender": "F", "shiny": false, "level": 80, "moves": ["psyshock", "moonblast", "moonlight", "calmmind"], "ability": "Levitate", "evs": {"hp": 85, "atk": 0, "def": 85, "spa": 85, "spd": 85, "spe": 85}, "ivs": {"hp": 31, "atk": 0, "def": 31, "spa": 31, "spd": 31, "spe": 31}, "item": "Leftovers", "teraType": "Steel", "role": "Bulky Setup", "bvs": {"hp": 120, "atk": 70, "def": 110, "spa": 75, "spd": 120, "spe": 85}, "stats": {"hp": 323, "atk": 117, "def": 222, "spa": 166, "spd": 238, "spe": 182}, "types": ["Psychic"]}}, {"Cyclizar": {"name": "Cyclizar", "species": "Cyclizar", "speciesId": "cyclizar", "gender": "M", "shiny": false, "level": 83, "moves": ["rapidspin", "dracometeor", "knockoff", "shedtail"], "ability": "Regenerator", "evs": {"hp": 85, "atk": 85, "def": 85, "spa": 85, "spd": 85, "spe": 85}, "ivs": {"hp": 31, "atk": 31, "def": 31, "spa": 31, "spd": 31, "spe": 31}, "item": "Heavy-Duty Boots", "teraType": "Ghost", "role": "Fast Support", "bvs": {"hp": 70, "atk": 95, "def": 65, "spa": 85, "spd": 65, "spe": 121}, "stats": {"hp": 252, "atk": 205, "def": 156, "spa": 189, "spd": 156, "spe": 249}, "types": ["Dragon", "Normal"]}, "Kyurem": {"name": "Kyurem", "species": "Kyurem-White", "speciesId": "kyuremwhite", "gender": "N", "shiny": false, "level": 73, "moves": ["dracometeor", "fusionflare", "earthpower", "freezedry"], "ability": "Turboblaze", "evs": {"hp": 85, "atk": 0, "def": 85, "spa": 85, "spd": 85, "spe": 85}, "ivs": {"hp": 31, "atk": 0, "def": 31, "spa": 31, "spd": 31, "spe": 31}, "item": "Choice Scarf", "teraType": "Fire", "role": "Fast Attacker", "bvs": {"hp": 125, "atk": 120, "def": 90, "spa": 170, "spd": 100, "spe": 95}, "stats": {"hp": 303, "atk": 180, "def": 174, "spa": 291, "spd": 188, "spe": 181}, "types": ["Dragon", "Ice"]}, "Articuno": {"name": "Articuno", "species": "Articuno-Galar", "speciesId": "articunogalar", "gender": "N", "shiny": false, "level": 84, "moves": ["freezingglare", "recover", "hurricane", "calmmind"], "ability": "Competitive", "evs": {"hp": 85, "atk": 0, "def": 85, "spa": 85, "spd": 85, "spe": 85}, "ivs": {"hp": 31, "atk": 0, "def": 31, "spa": 31, "spd": 31, "spe": 31}, "item": "Heavy-Duty Boots", "teraType": "Steel", "role": "Fast Bulky Setup", "bvs": {"hp": 90, "atk": 85, "def": 85, "spa": 125, "spd": 100, "spe": 95}, "stats": {"hp": 288, "atk": 147, "def": 191, "spa": 258, "spd": 216, "spe": 208}, "types": ["Psychic", "Flying"]}, "Iron Valiant": {"name": "Iron Valiant", "species": "Iron Valiant", "speciesId": "ironvaliant", "gender": "N", "shiny": false, "level": 78, "moves": ["knockoff", "encore", "closecombat", "moonblast"], "ability": "Quark Drive", "evs": {"hp": 85, "atk": 85, "def": 85, "spa": 85, "spd": 85, "spe": 85}, "ivs": {"hp": 31, "atk": 31, "def": 31, "spa": 31, "spd": 31, "spe": 31}, "item": "Life Orb", "teraType": "Steel", "role": "Wallbreaker", "bvs": {"hp": 74, "atk": 130, "def": 90, "spa": 120, "spd": 60, "spe": 116}, "stats": {"hp": 244, "atk": 248, "def": 185, "spa": 232, "spd": 139, "spe": 226}, "types": ["Fairy", "Fighting"]}, "Munkidori": {"name": "Munkidori", "species": "Munkidori", "speciesId": "munkidori", "gender": "M", "shiny": false, "level": 79, "moves": ["psychicnoise", "uturn", "fakeout", "sludgewave"], "ability": "Toxic Chain", "evs": {"hp": 85, "atk": 85, "def": 85, "spa": 85, "spd": 85, "spe": 85}, "ivs": {"hp": 31, "atk": 31, "def": 31, "spa": 31, "spd": 31, "spe": 31}, "item": "Assault Vest", "teraType": "Dark", "role": "AV Pivot", "bvs": {"hp": 88, "atk": 75, "def": 66, "spa": 130, "spd": 90, "spe": 106}, "stats": {"hp": 269, "atk": 164, "def": 150, "spa": 251, "spd": 188, "spe": 213}, "types": ["Poison", "Psychic"]}, "Tentacruel": {"name": "Tentacruel", "species": "Tentacruel", "speciesId": "tentacruel", "gender": "F", "shiny": false, "level": 84, "moves": ["sludgebomb", "knockoff", "toxic", "surf"], "ability": "Liquid Ooze", "evs": {"hp": 85, "atk": 85, "def": 85, "spa": 85, "spd": 85, "spe": 85}, "ivs": {"hp": 31, "atk": 31, "def": 31, "spa": 31, "spd": 31, "spe": 31}, "item": "Leftovers", "teraType": "Grass", "role": "Bulky Support", "bvs": {"hp": 80, "atk": 70, "def": 65, "spa": 80, "spd": 120, "spe": 100}, "stats": {"hp": 272, "atk": 166, "def": 157, "spa": 183, "spd": 250, "spe": 216}, "types": ["Water", "Poison"]}}]}