{"id": "gen9randombattle-2641626614", "format": "[Gen 9] Random Battle", "players": ["nhlist", "possss"], "log": "|j|\u2606nhlist\n|j|\u2606possss\n|t:|1782821178\n|gametype|singles\n|player|p1|nhlist|1|1988\n|player|p2|possss|grimsley|2025\n|gen|9\n|tier|[Gen 9] Random Battle\n|rated|\n|rule|Species Clause: Limit one of each Pok\u00e9mon\n|rule|HP Percentage Mod: HP is shown in percentages\n|rule|Sleep Clause Mod: Limit one foe put to sleep\n|rule|Illusion Level Mod: Illusion disguises the Pok\u00e9mon's true level\n|\n|t:|1782821178\n|teamsize|p1|6\n|teamsize|p2|6\n|start\n|switch|p1a: Swanna|Swanna, L89, F|278/278\n|switch|p2a: Dodrio|Dodrio, L85, M|241/241\n|turn|1\n|\n|t:|1782821208\n|switch|p2a: Luvdisc|Luvdisc, M|247/247\n|move|p1a: Swanna|Brave Bird|p2a: Luvdisc\n|-damage|p2a: Luvdisc|85/247\n|-damage|p1a: Swanna|225/278|[from] Recoil\n|\n|upkeep\n|turn|2\n|\n|t:|1782821260\n|move|p2a: Luvdisc|Substitute|p2a: Luvdisc\n|-start|p2a: Luvdisc|Substitute\n|-damage|p2a: Luvdisc|24/247\n|move|p1a: Swanna|Brave Bird|p2a: Luvdisc\n|-end|p2a: Luvdisc|Substitute\n|-damage|p1a: Swanna|205/278|[from] Recoil|[of] p2a: Luvdisc\n|\n|upkeep\n|turn|3\n|\n|t:|1782821297\n|move|p2a: Luvdisc|Endeavor|p1a: Swanna\n|-damage|p1a: Swanna|24/278\n|move|p1a: Swanna|Brave Bird|p2a: Luvdisc\n|-damage|p2a: Luvdisc|0 fnt\n|faint|p2a: Luvdisc\n|-damage|p1a: Swanna|16/278|[from] Recoil\n|\n|upkeep\n|\n|t:|1782821304\n|switch|p2a: Dodrio|Dodrio, L85, M|241/241\n|turn|4\n|\n|t:|1782821323\n|switch|p1a: Golurk|Golurk, L87|297/297\n|move|p2a: Dodrio|Knock Off|p1a: Golurk\n|-supereffective|p1a: Golurk\n|-damage|p1a: Golurk|125/297\n|-enditem|p1a: Golurk|Life Orb|[from] move: Knock Off|[of] p2a: Dodrio\n|\n|upkeep\n|turn|5\n|\n|t:|1782821366\n|move|p2a: Dodrio|Brave Bird|p1a: Golurk\n|-damage|p1a: Golurk|0 fnt\n|faint|p1a: Golurk\n|-damage|p2a: Dodrio|200/241|[from] Recoil\n|\n|upkeep\n|inactive|Battle timer is ON: inactive players will automatically lose when time's up. (requested by possss)\n|inactive|nhlist has 120 seconds left.\n|inactive|nhlist has 90 seconds left.\n|\n|t:|1782821486\n|switch|p1a: Thundurus|Thundurus, L80, M|258/258\n|turn|6\n|\n|t:|1782821504\n|switch|p2a: Minun|Minun, L95, M|268/268\n|move|p1a: Thundurus|Thunderbolt|p2a: Minun\n|-immune|p2a: Minun|[from] ability: Volt Absorb\n|\n|upkeep\n|turn|7\n|inactive|nhlist has 120 seconds left.\n|\n|t:|1782821552\n|switch|p1a: Meganium|Meganium, L90, F|290/290\n|move|p2a: Minun|Nasty Plot|p2a: Minun\n|-boost|p2a: Minun|spa|2\n|\n|upkeep\n|turn|8\n|\n|t:|1782821579\n|switch|p2a: Dodrio|Dodrio, L85, M|200/241\n|move|p1a: Meganium|Knock Off|p2a: Dodrio\n|-damage|p2a: Dodrio|113/241\n|-enditem|p2a: Dodrio|Heavy-Duty Boots|[from] move: Knock Off|[of] p1a: Meganium\n|\n|upkeep\n|turn|9\n|inactive|nhlist has 90 seconds left.\n|inactive|nhlist has 60 seconds left.\n|inactive|nhlist has 30 seconds left.\n|inactive|nhlist has 20 seconds left.\n|inactive|nhlist has 15 seconds left.\n|\n|t:|1782821688\n|move|p2a: Dodrio|Swords Dance|p2a: Dodrio\n|-boost|p2a: Dodrio|atk|2\n|move|p1a: Meganium|Petal Blizzard|p2a: Dodrio\n|-resisted|p2a: Dodrio\n|-damage|p2a: Dodrio|52/241\n|\n|upkeep\n|turn|10\n|inactive|nhlist has 25 seconds left this turn.\n|inactive|nhlist has 20 seconds left.\n|inactive|nhlist has 15 seconds left.\n|inactive|possss has 120 seconds left.\n|inactive|possss has 90 seconds left.\n|inactive|possss has 60 seconds left.\n|\n|t:|1782821766\n|switch|p1a: Thundurus|Thundurus, L80, M|258/258\n|move|p2a: Dodrio|Brave Bird|p1a: Thundurus\n|-resisted|p1a: Thundurus\n|-damage|p1a: Thundurus|83/258\n|-damage|p2a: Dodrio|0 fnt|[from] Recoil\n|faint|p2a: Dodrio\n|\n|upkeep\n|inactive|possss has 60 seconds left.\n|\n|t:|1782821776\n|switch|p2a: Regieleki|Regieleki, L79|256/256\n|turn|11\n|inactive|nhlist has 30 seconds left this turn.\n|\n|t:|1782821780\n|switch|p1a: Meganium|Meganium, L90, F|290/290\n|move|p2a: Regieleki|Volt Switch|p1a: Meganium\n|-resisted|p1a: Meganium\n|-damage|p1a: Meganium|246/290\n|inactive|possss has 60 seconds left.\n|\n|t:|1782821799\n|switch|p2a: Clefable|Clefable, L83, F|293/293|[from] Volt Switch\n|\n|-heal|p1a: Meganium|264/290|[from] item: Leftovers\n|upkeep\n|turn|12\n|inactive|nhlist has 30 seconds left.\n|inactive|nhlist has 20 seconds left.\n|inactive|nhlist has 15 seconds left.\n|\n|t:|1782821831\n|move|p1a: Meganium|Knock Off|p2a: Clefable\n|-resisted|p2a: Clefable\n|-damage|p2a: Clefable|249/293\n|-enditem|p2a: Clefable|Life Orb|[from] move: Knock Off|[of] p1a: Meganium\n|move|p2a: Clefable|Thunder Wave|p1a: Meganium\n|-status|p1a: Meganium|par\n|\n|-heal|p1a: Meganium|282/290 par|[from] item: Leftovers\n|upkeep\n|turn|13\n|inactive|nhlist has 25 seconds left this turn.\n|inactive|nhlist has 20 seconds left.\n|inactive|possss has 60 seconds left.\n|\n|t:|1782821847\n|move|p2a: Clefable|Knock Off|p1a: Meganium\n|-damage|p1a: Meganium|240/290 par\n|-enditem|p1a: Meganium|Leftovers|[from] move: Knock Off|[of] p2a: Clefable\n|move|p1a: Meganium|Swords Dance|p1a: Meganium\n|-boost|p1a: Meganium|atk|2\n|\n|upkeep\n|turn|14\n|inactive|nhlist has 30 seconds left this turn.\n|\n|t:|1782821855\n|move|p2a: Clefable|Moonblast|p1a: Meganium\n|-damage|p1a: Meganium|152/290 par\n|move|p1a: Meganium|Petal Blizzard|p2a: Clefable\n|-damage|p2a: Clefable|20/293\n|\n|upkeep\n|turn|15\n|\n|t:|1782821861\n|move|p2a: Clefable|Moonblast|p1a: Meganium\n|-damage|p1a: Meganium|64/290 par\n|move|p1a: Meganium|Petal Blizzard|p2a: Clefable\n|-damage|p2a: Clefable|0 fnt\n|faint|p2a: Clefable\n|\n|upkeep\n|\n|t:|1782821872\n|switch|p2a: Golduck|Golduck, L90, F|290/290\n|-ability|p2a: Golduck|Cloud Nine\n|turn|16\n|inactive|nhlist has 30 seconds left.\n|inactive|nhlist has 20 seconds left.\n|inactive|nhlist has 15 seconds left.\n|inactive|nhlist has 10 seconds left.\n|\n|t:|1782821915\n|move|p2a: Golduck|Ice Beam|p1a: Meganium\n|-supereffective|p1a: Meganium\n|-damage|p1a: Meganium|0 fnt\n|faint|p1a: Meganium\n|\n|upkeep\n|inactive|nhlist has 15 seconds left this turn.\n|inactive|nhlist has 10 seconds left.\n|inactive|nhlist has 5 seconds left.\n|\n|t:|1782821925\n|switch|p1a: Swanna|Swanna, L89, F|16/278\n|turn|17\n|inactive|nhlist has 15 seconds left this turn.\n|\n|t:|1782821933\n|move|p1a: Swanna|Roost|p1a: Swanna\n|-heal|p1a: Swanna|155/278\n|-singleturn|p1a: Swanna|move: Roost\n|move|p2a: Golduck|Encore|p1a: Swanna\n|-start|p1a: Swanna|Encore\n|\n|upkeep\n|turn|18\n|inactive|nhlist has 25 seconds left this turn.\n|inactive|nhlist has 20 seconds left.\n|inactive|possss has 90 seconds left.\n|\n|t:|1782821941\n|switch|p1a: Minun|Minun, L95, F|268/268\n|switch|p2a: Regieleki|Regieleki, L79|256/256\n|\n|upkeep\n|turn|19\n|inactive|nhlist has 30 seconds left this turn.\n|inactive|nhlist has 20 seconds left.\n|inactive|possss has 90 seconds left.\n|\n|t:|1782821952\n|switch|p2a: Minun|Minun, L95, M|268/268\n|move|p1a: Minun|Alluring Voice|p2a: Minun\n|-damage|p2a: Minun|198/268\n|-damage|p1a: Minun|242/268|[from] item: Life Orb\n|\n|upkeep\n|turn|20\n|inactive|nhlist has 30 seconds left this turn.\n|\n|t:|1782821961\n|move|p1a: Minun|Nasty Plot|p1a: Minun\n|-boost|p1a: Minun|spa|2\n|move|p2a: Minun|Nasty Plot|p2a: Minun\n|-boost|p2a: Minun|spa|2\n|\n|upkeep\n|turn|21\n|\n|t:|1782821967\n|move|p2a: Minun|Alluring Voice|p1a: Minun\n|-damage|p1a: Minun|91/268\n|-damage|p2a: Minun|172/268|[from] item: Life Orb\n|move|p1a: Minun|Alluring Voice|p2a: Minun\n|-damage|p2a: Minun|21/268\n|-damage|p1a: Minun|65/268|[from] item: Life Orb\n|\n|upkeep\n|turn|22\n|\n|t:|1782821973\n|move|p1a: Minun|Alluring Voice|p2a: Minun\n|-damage|p2a: Minun|0 fnt\n|faint|p2a: Minun\n|-damage|p1a: Minun|39/268|[from] item: Life Orb\n|\n|upkeep\n|\n|t:|1782821975\n|switch|p2a: Regieleki|Regieleki, L79|256/256\n|turn|23\n|\n|t:|1782821979\n|move|p2a: Regieleki|Tera Blast|p1a: Minun\n|-crit|p1a: Minun\n|-damage|p1a: Minun|0 fnt\n|faint|p1a: Minun\n|\n|upkeep\n|\n|t:|1782821994\n|switch|p1a: Swanna|Swanna, L89, F|155/278\n|turn|24\n|\n|t:|1782822009\n|-terastallize|p2a: Regieleki|Ice\n|move|p2a: Regieleki|Tera Blast|p1a: Swanna|[anim] Tera Blast Ice\n|-damage|p1a: Swanna|61/278\n|move|p1a: Swanna|Roost|p1a: Swanna\n|-heal|p1a: Swanna|200/278\n|-singleturn|p1a: Swanna|move: Roost\n|\n|upkeep\n|turn|25\n|inactive|nhlist has 60 seconds left.\n|\n|t:|1782822020\n|-terastallize|p1a: Swanna|Ground\n|move|p2a: Regieleki|Thunderbolt|p1a: Swanna\n|-immune|p1a: Swanna\n|move|p1a: Swanna|Brave Bird|p2a: Regieleki\n|-damage|p2a: Regieleki|66/256\n|-damage|p1a: Swanna|137/278|[from] Recoil\n|\n|upkeep\n|turn|26\n|inactive|nhlist has 60 seconds left.\n|\n|t:|1782822039\n|move|p2a: Regieleki|Tera Blast|p1a: Swanna|[anim] Tera Blast Ice\n|-supereffective|p1a: Swanna\n|-damage|p1a: Swanna|0 fnt\n|faint|p1a: Swanna\n|\n|upkeep\n|\n|t:|1782822040\n|switch|p1a: Mewtwo|Mewtwo, L72|272/272\n|-ability|p1a: Mewtwo|Pressure\n|turn|27\n|\n|t:|1782822046\n|move|p2a: Regieleki|Volt Switch|p1a: Mewtwo\n|-damage|p1a: Mewtwo|154/272\n|\n|t:|1782822049\n|switch|p2a: Golduck|Golduck, L90, F|290/290|[from] Volt Switch\n|-ability|p2a: Golduck|Cloud Nine\n|move|p1a: Mewtwo|Psystrike|p2a: Golduck\n|-damage|p2a: Golduck|133/290\n|-damage|p1a: Mewtwo|127/272|[from] item: Life Orb\n|\n|-heal|p2a: Golduck|151/290|[from] item: Leftovers\n|upkeep\n|turn|28\n|\n|t:|1782822063\n|move|p1a: Mewtwo|Recover|p1a: Mewtwo\n|-heal|p1a: Mewtwo|263/272\n|move|p2a: Golduck|Hydro Pump|p1a: Mewtwo\n|-damage|p1a: Mewtwo|125/272\n|\n|-heal|p2a: Golduck|169/290|[from] item: Leftovers\n|upkeep\n|turn|29\n|-message|nhlist forfeited.\n|\n|win|possss\n|raw|nhlist's rating: 1988 &rarr; <strong>1970</strong><br />(-18 for losing)\n|raw|possss's rating: 2025 &rarr; <strong>2043</strong><br />(+18 for winning)\n|l|\u2606nhlist\n|player|p1|\n", "inputlog": ">version f8ac14003a5f27e1bdc8d8c59608a773c1cb96e5\n>start {\"formatid\":\"gen9randombattle\",\"seed\":\"sodium,9f46f6ff6f83b736be09034e43d2e6d0\",\"rated\":\"Rated battle\"}\n>player p1 {\"name\":\"nhlist\",\"avatar\":\"1\",\"rating\":1988,\"seed\":\"sodium,de0e8ac882dae8242d8fc64bd7355bf1\"}\n>player p2 {\"name\":\"possss\",\"avatar\":\"grimsley\",\"rating\":2025,\"seed\":\"sodium,2626d46e78a4e447248127ad1f1b4a5d\"}\n>p1 move bravebird\n>p2 switch 3\n>p1 move bravebird\n>p2 move substitute\n>p1 move bravebird\n>p2 move endeavor\n>p2 switch 3\n>p1 switch 6\n>p2 move knockoff\n>p1 move stoneedge\n>p2 move bravebird\n>p1 switch 5\n>p1 move thunderbolt\n>p2 switch 5\n>p1 switch 4\n>p2 move nastyplot\n>p1 move knockoff\n>p2 switch 5\n>p1 move petalblizzard\n>p2 move swordsdance\n>p1 switch 4\n>p2 move bravebird\n>p2 switch 6\n>p1 switch 4\n>p2 move voltswitch\n>p2 switch 4\n>p1 move knockoff\n>p2 move thunderwave\n>p1 move swordsdance\n>p2 move knockoff\n>p1 move petalblizzard\n>p2 move moonblast\n>p1 move petalblizzard\n>p2 move moonblast\n>p2 switch 2\n>p1 move petalblizzard\n>p2 move icebeam\n>p1 switch 6\n>p1 move roost\n>p2 move encore\n>p1 switch 2\n>p2 switch 4\n>p1 move alluringvoice\n>p2 switch 5\n>p1 move nastyplot\n>p2 move nastyplot\n>p1 move alluringvoice\n>p2 move alluringvoice\n>p1 move alluringvoice\n>p2 move alluringvoice\n>p2 switch 5\n>p1 move thunderbolt\n>p2 move terablast\n>p1 switch 2\n>p1 move roost\n>p2 move terablast terastallize\n>p1 move bravebird terastallize\n>p2 move thunderbolt\n>p1 move bravebird\n>p2 move terablast\n>p1 switch 3\n>p1 move psystrike\n>p2 move voltswitch\n>p2 switch 4\n>p1 move recover\n>p2 move hydropump\n>forcelose p1", "uploadtime": 1782821180, "views": 4, "formatid": "gen9randombattle", "rating": 1970, "private": 0, "password": null, "player_dets": [{"name": "nhlist", "avatar": "1", "rating": 1988, "seed": "sodium,de0e8ac882dae8242d8fc64bd7355bf1"}, {"name": "possss", "avatar": "grimsley", "rating": 2025, "seed": "sodium,2626d46e78a4e447248127ad1f1b4a5d"}], "teams_full": [{"Swanna": {"name": "Swanna", "species": "Swanna", "speciesId": "swanna", "gender": "F", "shiny": false, "level": 89, "moves": ["bravebird", "defog", "roost", "hydropump"], "ability": "Hydration", "evs": {"hp": 85, "atk": 85, "def": 85, "spa": 85, "spd": 85, "spe": 85}, "ivs": {"hp": 31, "atk": 31, "def": 31, "spa": 31, "spd": 31, "spe": 31}, "item": "Heavy-Duty Boots", "teraType": "Ground", "role": "Bulky Support", "bvs": {"hp": 75, "atk": 87, "def": 63, "spa": 87, "spd": 63, "spe": 98}, "stats": {"hp": 278, "atk": 206, "def": 163, "spa": 206, "spd": 163, "spe": 225}, "types": ["Water", "Flying"]}, "Minun": {"name": "Minun", "species": "Minun", "speciesId": "minun", "gender": "F", "shiny": false, "level": 95, "moves": ["alluringvoice", "grassknot", "thunderbolt", "nastyplot"], "ability": "Volt Absorb", "evs": {"hp": 85, "atk": 0, "def": 85, "spa": 85, "spd": 85, "spe": 85}, "ivs": {"hp": 31, "atk": 0, "def": 31, "spa": 31, "spd": 31, "spe": 31}, "item": "Life Orb", "teraType": "Grass", "role": "Setup Sweeper", "bvs": {"hp": 60, "atk": 40, "def": 50, "spa": 75, "spd": 85, "spe": 95}, "stats": {"hp": 268, "atk": 81, "def": 149, "spa": 196, "spd": 215, "spe": 234}, "types": ["Electric"]}, "Mewtwo": {"name": "Mewtwo", "species": "Mewtwo", "speciesId": "mewtwo", "gender": "N", "shiny": false, "level": 72, "moves": ["nastyplot", "fireblast", "recover", "psystrike"], "ability": "Pressure", "evs": {"hp": 85, "atk": 0, "def": 85, "spa": 85, "spd": 85, "spe": 85}, "ivs": {"hp": 31, "atk": 0, "def": 31, "spa": 31, "spd": 31, "spe": 31}, "item": "Life Orb", "teraType": "Fire", "role": "Setup Sweeper", "bvs": {"hp": 106, "atk": 110, "def": 90, "spa": 154, "spd": 90, "spe": 130}, "stats": {"hp": 272, "atk": 163, "def": 172, "spa": 264, "spd": 172, "spe": 229}, "types": ["Psychic"]}, "Meganium": {"name": "Meganium", "species": "Meganium", "speciesId": "meganium", "gender": "F", "shiny": false, "level": 90, "moves": ["earthquake", "knockoff", "swordsdance", "petalblizzard"], "ability": "Overgrow", "evs": {"hp": 85, "atk": 85, "def": 85, "spa": 85, "spd": 85, "spe": 85}, "ivs": {"hp": 31, "atk": 31, "def": 31, "spa": 31, "spd": 31, "spe": 31}, "item": "Leftovers", "teraType": "Steel", "role": "Bulky Setup", "bvs": {"hp": 80, "atk": 82, "def": 100, "spa": 83, "spd": 100, "spe": 80}, "stats": {"hp": 290, "atk": 199, "def": 231, "spa": 201, "spd": 231, "spe": 195}, "types": ["Grass"]}, "Thundurus": {"name": "Thundurus", "species": "Thundurus", "speciesId": "thundurus", "gender": "M", "shiny": false, "level": 80, "moves": ["terablast", "thunderbolt", "focusblast", "nastyplot"], "ability": "Defiant", "evs": {"hp": 85, "atk": 85, "def": 85, "spa": 85, "spd": 85, "spe": 85}, "ivs": {"hp": 31, "atk": 31, "def": 31, "spa": 31, "spd": 31, "spe": 31}, "item": "Heavy-Duty Boots", "teraType": "Flying", "role": "Tera Blast user", "bvs": {"hp": 79, "atk": 115, "def": 70, "spa": 125, "spd": 80, "spe": 111}, "stats": {"hp": 258, "atk": 230, "def": 158, "spa": 246, "spd": 174, "spe": 224}, "types": ["Electric", "Flying"]}, "Golurk": {"name": "Golurk", "species": "Golurk", "speciesId": "golurk", "gender": "N", "shiny": false, "level": 87, "moves": ["poltergeist", "stoneedge", "stealthrock", "earthquake"], "ability": "No Guard", "evs": {"hp": 85, "atk": 85, "def": 85, "spa": 85, "spd": 85, "spe": 85}, "ivs": {"hp": 31, "atk": 31, "def": 31, "spa": 31, "spd": 31, "spe": 31}, "item": "Life Orb", "teraType": "Ghost", "role": "Wallbreaker", "bvs": {"hp": 89, "atk": 124, "def": 80, "spa": 55, "spd": 80, "spe": 55}, "stats": {"hp": 297, "atk": 266, "def": 189, "spa": 145, "spd": 189, "spe": 145}, "types": ["Ground", "Ghost"]}}, {"Dodrio": {"name": "Dodrio", "species": "Dodrio", "speciesId": "dodrio", "gender": "M", "shiny": false, "level": 85, "moves": ["knockoff", "swordsdance", "drillrun", "bravebird"], "ability": "Early Bird", "evs": {"hp": 85, "atk": 85, "def": 85, "spa": 85, "spd": 85, "spe": 85}, "ivs": {"hp": 31, "atk": 31, "def": 31, "spa": 31, "spd": 31, "spe": 31}, "item": "Heavy-Duty Boots", "teraType": "Flying", "role": "Setup Sweeper", "bvs": {"hp": 60, "atk": 110, "def": 70, "spa": 60, "spd": 60, "spe": 110}, "stats": {"hp": 241, "atk": 236, "def": 168, "spa": 151, "spd": 151, "spe": 236}, "types": ["Normal", "Flying"]}, "Golduck": {"name": "Golduck", "species": "Golduck", "speciesId": "golduck", "gender": "F", "shiny": false, "level": 90, "moves": ["icebeam", "nastyplot", "hydropump", "encore"], "ability": "Cloud Nine", "evs": {"hp": 85, "atk": 0, "def": 85, "spa": 85, "spd": 85, "spe": 85}, "ivs": {"hp": 31, "atk": 0, "def": 31, "spa": 31, "spd": 31, "spe": 31}, "item": "Leftovers", "teraType": "Water", "role": "Bulky Setup", "bvs": {"hp": 80, "atk": 82, "def": 78, "spa": 95, "spd": 80, "spe": 85}, "stats": {"hp": 290, "atk": 152, "def": 192, "spa": 222, "spd": 195, "spe": 204}, "types": ["Water"]}, "Luvdisc": {"name": "Luvdisc", "species": "Luvdisc", "speciesId": "luvdisc", "gender": "M", "shiny": false, "level": 100, "moves": ["substitute", "flipturn", "endeavor", "surf"], "ability": "Swift Swim", "evs": {"hp": 81, "atk": 85, "def": 85, "spa": 85, "spd": 85, "spe": 85}, "ivs": {"hp": 31, "atk": 31, "def": 31, "spa": 31, "spd": 31, "spe": 31}, "item": "Heavy-Duty Boots", "teraType": "Ghost", "role": "Fast Support", "bvs": {"hp": 43, "atk": 30, "def": 55, "spa": 40, "spd": 65, "spe": 97}, "stats": {"hp": 247, "atk": 117, "def": 167, "spa": 137, "spd": 187, "spe": 251}, "types": ["Water"]}, "Clefable": {"name": "Clefable", "species": "Clefable", "speciesId": "clefable", "gender": "F", "shiny": false, "level": 83, "moves": ["knockoff", "moonblast", "thunderwave", "moonlight"], "ability": "Magic Guard", "evs": {"hp": 85, "atk": 85, "def": 85, "spa": 85, "spd": 85, "spe": 85}, "ivs": {"hp": 31, "atk": 31, "def": 31, "spa": 31, "spd": 31, "spe": 31}, "item": "Life Orb", "teraType": "Steel", "role": "Bulky Support", "bvs": {"hp": 95, "atk": 70, "def": 73, "spa": 95, "spd": 90, "spe": 60}, "stats": {"hp": 293, "atk": 164, "def": 169, "spa": 205, "spd": 197, "spe": 147}, "types": ["Fairy"]}, "Minun": {"name": "Minun", "species": "Minun", "speciesId": "minun", "gender": "M", "shiny": false, "level": 95, "moves": ["grassknot", "nastyplot", "alluringvoice", "thunderbolt"], "ability": "Volt Absorb", "evs": {"hp": 85, "atk": 0, "def": 85, "spa": 85, "spd": 85, "spe": 85}, "ivs": {"hp": 31, "atk": 0, "def": 31, "spa": 31, "spd": 31, "spe": 31}, "item": "Life Orb", "teraType": "Electric", "role": "Setup Sweeper", "bvs": {"hp": 60, "atk": 40, "def": 50, "spa": 75, "spd": 85, "spe": 95}, "stats": {"hp": 268, "atk": 81, "def": 149, "spa": 196, "spd": 215, "spe": 234}, "types": ["Electric"]}, "Regieleki": {"name": "Regieleki", "species": "Regieleki", "speciesId": "regieleki", "gender": "N", "shiny": false, "level": 79, "moves": ["voltswitch", "thunderbolt", "terablast", "rapidspin"], "ability": "Transistor", "evs": {"hp": 85, "atk": 85, "def": 85, "spa": 85, "spd": 85, "spe": 85}, "ivs": {"hp": 31, "atk": 31, "def": 31, "spa": 31, "spd": 31, "spe": 31}, "item": "Magnet", "teraType": "Ice", "role": "Tera Blast user", "bvs": {"hp": 80, "atk": 100, "def": 50, "spa": 100, "spd": 50, "spe": 200}, "stats": {"hp": 256, "atk": 204, "def": 125, "spa": 204, "spd": 125, "spe": 362}, "types": ["Electric"]}}]}