{"id": "gen9randombattle-2641466565", "format": "[Gen 9] Random Battle", "players": ["NizeTradez214", "ye nah ye nah"], "log": "|j|\u2606NizeTradez214\n|j|\u2606ye nah ye nah\n|t:|1782789202\n|gametype|singles\n|player|p1|NizeTradez214|170|\n|player|p2|ye nah ye nah|1|\n|gen|9\n|tier|[Gen 9] Random Battle\n|rule|Species Clause: Limit one of each Pok\u00e9mon\n|rule|HP Percentage Mod: HP is shown in percentages\n|rule|Sleep Clause Mod: Limit one foe put to sleep\n|rule|Illusion Level Mod: Illusion disguises the Pok\u00e9mon's true level\n|\n|t:|1782789202\n|teamsize|p1|6\n|teamsize|p2|6\n|start\n|switch|p1a: Pyroar|Pyroar, L88, F|295/295\n|switch|p2a: Iron Thorns|Iron Thorns, L83|302/302\n|-ability|p1a: Pyroar|Unnerve\n|-item|p2a: Iron Thorns|Air Balloon\n|turn|1\n|inactive|Battle timer is ON: inactive players will automatically lose when time's up. (requested by ye nah ye nah)\n|\n|t:|1782789219\n|move|p1a: Pyroar|Work Up|p1a: Pyroar\n|-boost|p1a: Pyroar|atk|1\n|-boost|p1a: Pyroar|spa|1\n|move|p2a: Iron Thorns|Spikes|p1a: Pyroar\n|-sidestart|p1: NizeTradez214|Spikes\n|\n|upkeep\n|turn|2\n|\n|t:|1782789226\n|-terastallize|p2a: Iron Thorns|Water\n|move|p1a: Pyroar|Hyper Voice|p2a: Iron Thorns\n|-damage|p2a: Iron Thorns|115/302\n|-enditem|p2a: Iron Thorns|Air Balloon\n|move|p2a: Iron Thorns|Stone Edge|p1a: Pyroar\n|-supereffective|p1a: Pyroar\n|-damage|p1a: Pyroar|0 fnt\n|faint|p1a: Pyroar\n|\n|upkeep\n|\n|t:|1782789238\n|switch|p1a: Gogoat|Gogoat, L88, F|360/360\n|-damage|p1a: Gogoat|315/360|[from] Spikes\n|turn|3\n|\n|t:|1782789246\n|move|p1a: Gogoat|Bulk Up|p1a: Gogoat\n|-boost|p1a: Gogoat|atk|1\n|-boost|p1a: Gogoat|def|1\n|move|p2a: Iron Thorns|Spikes|p1a: Gogoat\n|-sidestart|p1: NizeTradez214|Spikes\n|\n|-heal|p1a: Gogoat|337/360|[from] item: Leftovers\n|upkeep\n|turn|4\n|\n|t:|1782789252\n|move|p1a: Gogoat|Horn Leech|p2a: Iron Thorns\n|-supereffective|p2a: Iron Thorns\n|-damage|p2a: Iron Thorns|0 fnt\n|-heal|p1a: Gogoat|360/360|[from] drain|[of] p2a: Iron Thorns\n|faint|p2a: Iron Thorns\n|-end|p2a: Iron Thorns|Quark Drive|[silent]\n|\n|upkeep\n|\n|t:|1782789260\n|switch|p2a: Articuno|Articuno-Galar, L84|288/288\n|turn|5\n|\n|t:|1782789273\n|switch|p1a: Flamigo|Flamigo, L82, F|269/269\n|move|p2a: Articuno|Calm Mind|p2a: Articuno\n|-boost|p2a: Articuno|spa|1\n|-boost|p2a: Articuno|spd|1\n|\n|upkeep\n|turn|6\n|\n|t:|1782789281\n|move|p1a: Flamigo|Throat Chop|p2a: Articuno\n|-supereffective|p2a: Articuno\n|-damage|p2a: Articuno|154/288\n|-start|p2a: Articuno|Throat Chop|[silent]\n|move|p2a: Articuno|Freezing Glare|p1a: Flamigo\n|-supereffective|p1a: Flamigo\n|-damage|p1a: Flamigo|0 fnt\n|faint|p1a: Flamigo\n|\n|upkeep\n|\n|t:|1782789292\n|switch|p1a: Greedent|Greedent, L86, F|347/347\n|-damage|p1a: Greedent|290/347|[from] Spikes\n|turn|7\n|\n|t:|1782789310\n|move|p2a: Articuno|Freezing Glare|p1a: Greedent\n|-damage|p1a: Greedent|101/347\n|-enditem|p1a: Greedent|Sitrus Berry|[eat]\n|-heal|p1a: Greedent|187/347|[from] item: Sitrus Berry\n|-heal|p1a: Greedent|302/347|[from] ability: Cheek Pouch\n|move|p1a: Greedent|Knock Off|p2a: Articuno\n|-supereffective|p2a: Articuno\n|-damage|p2a: Articuno|10/288\n|-enditem|p2a: Articuno|Heavy-Duty Boots|[from] move: Knock Off|[of] p1a: Greedent\n|\n|-end|p2a: Articuno|Throat Chop|[silent]\n|upkeep\n|turn|8\n|\n|t:|1782789326\n|move|p2a: Articuno|Recover|p2a: Articuno\n|-heal|p2a: Articuno|154/288\n|move|p1a: Greedent|Double-Edge|p2a: Articuno\n|-damage|p2a: Articuno|18/288\n|-damage|p1a: Greedent|257/347|[from] Recoil\n|\n|upkeep\n|turn|9\n|\n|t:|1782789334\n|move|p2a: Articuno|Hurricane|p1a: Greedent\n|-damage|p1a: Greedent|43/347\n|-start|p1a: Greedent|confusion\n|-activate|p1a: Greedent|confusion\n|move|p1a: Greedent|Double-Edge|p2a: Articuno\n|-damage|p2a: Articuno|0 fnt\n|faint|p2a: Articuno\n|-damage|p1a: Greedent|37/347|[from] Recoil\n|\n|upkeep\n|\n|t:|1782789342\n|switch|p2a: Annihilape|Annihilape, L76, M|292/292\n|turn|10\n|\n|t:|1782789347\n|move|p2a: Annihilape|Bulk Up|p2a: Annihilape\n|-boost|p2a: Annihilape|atk|1\n|-boost|p2a: Annihilape|def|1\n|-activate|p1a: Greedent|confusion\n|-damage|p1a: Greedent|8/347|[from] confusion\n|\n|upkeep\n|turn|11\n|\n|t:|1782789355\n|move|p2a: Annihilape|Drain Punch|p1a: Greedent\n|-supereffective|p1a: Greedent\n|-damage|p1a: Greedent|0 fnt\n|faint|p1a: Greedent\n|\n|upkeep\n|\n|t:|1782789360\n|switch|p1a: Florges|Florges-Orange, L85, F|271/271\n|-damage|p1a: Florges|226/271|[from] Spikes\n|turn|12\n|\n|t:|1782789367\n|move|p2a: Annihilape|Gunk Shot|p1a: Florges\n|-supereffective|p1a: Florges\n|-damage|p1a: Florges|0 fnt\n|faint|p1a: Florges\n|\n|upkeep\n|\n|t:|1782789373\n|switch|p1a: Coalossal|Coalossal, L89, F|341/341\n|turn|13\n|\n|t:|1782789383\n|move|p2a: Annihilape|Drain Punch|p1a: Coalossal\n|-supereffective|p1a: Coalossal\n|-damage|p1a: Coalossal|179/341\n|move|p1a: Coalossal|Flamethrower|p2a: Annihilape\n|-damage|p2a: Annihilape|195/292\n|-status|p2a: Annihilape|brn\n|\n|-heal|p2a: Annihilape|213/292 brn|[from] item: Leftovers\n|-damage|p2a: Annihilape|195/292 brn|[from] brn\n|upkeep\n|turn|14\n|\n|t:|1782789394\n|move|p2a: Annihilape|Drain Punch|p1a: Coalossal\n|-supereffective|p1a: Coalossal\n|-damage|p1a: Coalossal|100/341\n|-heal|p2a: Annihilape|235/292 brn|[from] drain|[of] p1a: Coalossal\n|move|p1a: Coalossal|Stone Edge|p2a: Annihilape\n|-resisted|p2a: Annihilape\n|-damage|p2a: Annihilape|198/292 brn\n|\n|-heal|p2a: Annihilape|216/292 brn|[from] item: Leftovers\n|-damage|p2a: Annihilape|198/292 brn|[from] brn\n|upkeep\n|turn|15\n|\n|t:|1782789406\n|move|p2a: Annihilape|Drain Punch|p1a: Coalossal\n|-supereffective|p1a: Coalossal\n|-damage|p1a: Coalossal|13/341\n|-heal|p2a: Annihilape|242/292 brn|[from] drain|[of] p1a: Coalossal\n|move|p1a: Coalossal|Flamethrower|p2a: Annihilape\n|-damage|p2a: Annihilape|146/292 brn\n|\n|-heal|p2a: Annihilape|164/292 brn|[from] item: Leftovers\n|-damage|p2a: Annihilape|146/292 brn|[from] brn\n|upkeep\n|turn|16\n|\n|t:|1782789415\n|move|p2a: Annihilape|Drain Punch|p1a: Coalossal\n|-supereffective|p1a: Coalossal\n|-crit|p1a: Coalossal\n|-damage|p1a: Coalossal|0 fnt\n|-heal|p2a: Annihilape|153/292 brn|[from] drain|[of] p1a: Coalossal\n|faint|p1a: Coalossal\n|\n|-heal|p2a: Annihilape|171/292 brn|[from] item: Leftovers\n|-damage|p2a: Annihilape|153/292 brn|[from] brn\n|upkeep\n|\n|t:|1782789418\n|switch|p1a: Gogoat|Gogoat, L88, F|360/360\n|-damage|p1a: Gogoat|300/360|[from] Spikes\n|turn|17\n|\n|t:|1782789425\n|-terastallize|p1a: Gogoat|Ground\n|move|p2a: Annihilape|Gunk Shot|p1a: Gogoat|[miss]\n|-miss|p2a: Annihilape|p1a: Gogoat\n|move|p1a: Gogoat|Earthquake|p2a: Annihilape\n|-damage|p2a: Annihilape|62/292 brn\n|\n|-heal|p2a: Annihilape|80/292 brn|[from] item: Leftovers\n|-heal|p1a: Gogoat|322/360|[from] item: Leftovers\n|-damage|p2a: Annihilape|62/292 brn|[from] brn\n|upkeep\n|turn|18\n|\n|t:|1782789436\n|move|p2a: Annihilape|Drain Punch|p1a: Gogoat\n|-damage|p1a: Gogoat|254/360\n|-heal|p2a: Annihilape|96/292 brn|[from] drain|[of] p1a: Gogoat\n|move|p1a: Gogoat|Earthquake|p2a: Annihilape\n|-damage|p2a: Annihilape|3/292 brn\n|\n|-heal|p2a: Annihilape|21/292 brn|[from] item: Leftovers\n|-heal|p1a: Gogoat|276/360|[from] item: Leftovers\n|-damage|p2a: Annihilape|3/292 brn|[from] brn\n|upkeep\n|turn|19\n|\n|t:|1782789448\n|move|p2a: Annihilape|Drain Punch|p1a: Gogoat\n|-crit|p1a: Gogoat\n|-damage|p1a: Gogoat|180/360\n|-heal|p2a: Annihilape|51/292 brn|[from] drain|[of] p1a: Gogoat\n|move|p1a: Gogoat|Earthquake|p2a: Annihilape\n|-damage|p2a: Annihilape|0 fnt\n|faint|p2a: Annihilape\n|\n|-heal|p1a: Gogoat|202/360|[from] item: Leftovers\n|upkeep\n|\n|t:|1782789459\n|switch|p2a: Pecharunt|Pecharunt, L77|262/262\n|turn|20\n|\n|t:|1782789466\n|move|p2a: Pecharunt|Recover||[still]\n|-fail|p2a: Pecharunt|heal\n|move|p1a: Gogoat|Milk Drink|p1a: Gogoat\n|-heal|p1a: Gogoat|360/360\n|\n|upkeep\n|turn|21\n|\n|t:|1782789472\n|move|p2a: Pecharunt|Nasty Plot|p2a: Pecharunt\n|-boost|p2a: Pecharunt|spa|2\n|move|p1a: Gogoat|Bulk Up|p1a: Gogoat\n|-boost|p1a: Gogoat|atk|1\n|-boost|p1a: Gogoat|def|1\n|\n|upkeep\n|turn|22\n|\n|t:|1782789478\n|move|p2a: Pecharunt|Shadow Ball|p1a: Gogoat\n|-damage|p1a: Gogoat|230/360\n|move|p1a: Gogoat|Earthquake|p2a: Pecharunt\n|-supereffective|p2a: Pecharunt\n|-damage|p2a: Pecharunt|22/262\n|\n|-heal|p2a: Pecharunt|38/262|[from] item: Leftovers\n|-heal|p1a: Gogoat|252/360|[from] item: Leftovers\n|upkeep\n|turn|23\n|\n|t:|1782789486\n|move|p2a: Pecharunt|Shadow Ball|p1a: Gogoat\n|-damage|p1a: Gogoat|128/360\n|move|p1a: Gogoat|Earthquake|p2a: Pecharunt\n|-supereffective|p2a: Pecharunt\n|-damage|p2a: Pecharunt|0 fnt\n|faint|p2a: Pecharunt\n|\n|-heal|p1a: Gogoat|150/360|[from] item: Leftovers\n|upkeep\n|\n|t:|1782789489\n|switch|p2a: Keldeo|Keldeo-Resolute, L79|273/273\n|turn|24\n|\n|t:|1782789493\n|move|p2a: Keldeo|Hydro Pump|p1a: Gogoat\n|-supereffective|p1a: Gogoat\n|-damage|p1a: Gogoat|0 fnt\n|faint|p1a: Gogoat\n|-damage|p2a: Keldeo|246/273|[from] item: Life Orb\n|\n|win|ye nah ye nah\n", "inputlog": ">version f8ac14003a5f27e1bdc8d8c59608a773c1cb96e5\n>start {\"formatid\":\"gen9randombattle\",\"seed\":\"sodium,23132d9b986c73cd3b9fc415227c2bb4\"}\n>player p1 {\"name\":\"NizeTradez214\",\"avatar\":\"170\",\"rating\":0,\"seed\":\"sodium,e5c905f6d931c218482e502f668183fd\"}\n>player p2 {\"name\":\"ye nah ye nah\",\"avatar\":\"1\",\"rating\":0,\"seed\":\"sodium,bd50587257fe2bf6a8bf96efa196f535\"}\n>p1 move workup\n>p2 move spikes\n>p1 move hypervoice\n>p2 move stoneedge terastallize\n>p1 switch 5\n>p1 move bulkup\n>p2 move spikes\n>p1 move hornleech\n>p2 move spikes\n>p2 switch 3\n>p1 switch 6\n>p2 move calmmind\n>p1 move throatchop\n>p2 move freezingglare\n>p1 switch 3\n>p1 move knockoff\n>p2 move freezingglare\n>p1 move doubleedge\n>p2 move recover\n>p1 move doubleedge\n>p2 move hurricane\n>p2 switch 6\n>p1 move knockoff\n>p2 move bulkup\n>p1 move knockoff\n>p2 move drainpunch\n>p1 switch 2\n>p1 move calmmind\n>p2 move gunkshot\n>p1 switch 4\n>p1 move flamethrower\n>p2 move drainpunch\n>p1 move stoneedge\n>p2 move drainpunch\n>p1 move flamethrower\n>p2 move drainpunch\n>p1 move flamethrower\n>p2 move drainpunch\n>p1 switch 6\n>p1 move earthquake terastallize\n>p2 move gunkshot\n>p1 move earthquake\n>p2 move drainpunch\n>p1 move earthquake\n>p2 move drainpunch\n>p2 switch 5\n>p1 move milkdrink\n>p2 move recover\n>p1 move bulkup\n>p2 move nastyplot\n>p1 move earthquake\n>p2 move shadowball\n>p1 move earthquake\n>p2 move shadowball\n>p2 switch 2\n>p1 move milkdrink\n>p2 move hydropump", "uploadtime": 1782789499, "views": 3, "formatid": "gen9randombattle", "rating": null, "private": 0, "password": null, "player_dets": [{"name": "NizeTradez214", "avatar": "170", "rating": 0, "seed": "sodium,e5c905f6d931c218482e502f668183fd"}, {"name": "ye nah ye nah", "avatar": "1", "rating": 0, "seed": "sodium,bd50587257fe2bf6a8bf96efa196f535"}], "teams_full": [{"Pyroar": {"name": "Pyroar", "species": "Pyroar", "speciesId": "pyroar", "gender": "F", "shiny": false, "level": 88, "moves": ["darkpulse", "workup", "fireblast", "hypervoice"], "ability": "Unnerve", "evs": {"hp": 85, "atk": 0, "def": 85, "spa": 85, "spd": 85, "spe": 85}, "ivs": {"hp": 31, "atk": 0, "def": 31, "spa": 31, "spd": 31, "spe": 31}, "item": "Heavy-Duty Boots", "teraType": "Fire", "role": "Fast Attacker", "bvs": {"hp": 86, "atk": 68, "def": 72, "spa": 109, "spd": 66, "spe": 106}, "stats": {"hp": 295, "atk": 124, "def": 177, "spa": 242, "spd": 166, "spe": 237}, "types": ["Fire", "Normal"]}, "Florges": {"name": "Florges", "species": "Florges-Orange", "speciesId": "florges", "gender": "F", "shiny": false, "level": 85, "moves": ["terablast", "calmmind", "moonblast", "synthesis"], "ability": "Flower Veil", "evs": {"hp": 85, "atk": 0, "def": 85, "spa": 85, "spd": 85, "spe": 85}, "ivs": {"hp": 31, "atk": 0, "def": 31, "spa": 31, "spd": 31, "spe": 31}, "item": "Leftovers", "teraType": "Ground", "role": "Tera Blast user", "bvs": {"hp": 78, "atk": 65, "def": 68, "spa": 112, "spd": 154, "spe": 75}, "stats": {"hp": 271, "atk": 115, "def": 164, "spa": 239, "spd": 311, "spe": 176}, "types": ["Fairy"]}, "Greedent": {"name": "Greedent", "species": "Greedent", "speciesId": "greedent", "gender": "F", "shiny": false, "level": 86, "moves": ["swordsdance", "earthquake", "doubleedge", "knockoff"], "ability": "Cheek Pouch", "evs": {"hp": 85, "atk": 85, "def": 85, "spa": 85, "spd": 85, "spe": 85}, "ivs": {"hp": 31, "atk": 31, "def": 31, "spa": 31, "spd": 31, "spe": 31}, "item": "Sitrus Berry", "teraType": "Ghost", "role": "Bulky Setup", "bvs": {"hp": 120, "atk": 95, "def": 95, "spa": 55, "spd": 75, "spe": 20}, "stats": {"hp": 347, "atk": 213, "def": 213, "spa": 144, "spd": 178, "spe": 84}, "types": ["Normal"]}, "Coalossal": {"name": "Coalossal", "species": "Coalossal", "speciesId": "coalossal", "gender": "F", "shiny": false, "level": 89, "moves": ["stoneedge", "rapidspin", "flamethrower", "spikes"], "ability": "Flame Body", "evs": {"hp": 85, "atk": 85, "def": 85, "spa": 85, "spd": 85, "spe": 85}, "ivs": {"hp": 31, "atk": 31, "def": 31, "spa": 31, "spd": 31, "spe": 31}, "item": "Heavy-Duty Boots", "teraType": "Water", "role": "Bulky Support", "bvs": {"hp": 110, "atk": 80, "def": 120, "spa": 80, "spd": 90, "spe": 30}, "stats": {"hp": 341, "atk": 193, "def": 264, "spa": 193, "spd": 211, "spe": 104}, "types": ["Rock", "Fire"]}, "Gogoat": {"name": "Gogoat", "species": "Gogoat", "speciesId": "gogoat", "gender": "F", "shiny": false, "level": 88, "moves": ["milkdrink", "bulkup", "earthquake", "hornleech"], "ability": "Sap Sipper", "evs": {"hp": 85, "atk": 85, "def": 85, "spa": 85, "spd": 85, "spe": 85}, "ivs": {"hp": 31, "atk": 31, "def": 31, "spa": 31, "spd": 31, "spe": 31}, "item": "Leftovers", "teraType": "Ground", "role": "Bulky Setup", "bvs": {"hp": 123, "atk": 100, "def": 62, "spa": 97, "spd": 81, "spe": 68}, "stats": {"hp": 360, "atk": 226, "def": 159, "spa": 221, "spd": 193, "spe": 170}, "types": ["Grass"]}, "Flamigo": {"name": "Flamigo", "species": "Flamigo", "speciesId": "flamigo", "gender": "F", "shiny": false, "level": 82, "moves": ["bravebird", "throatchop", "closecombat", "uturn"], "ability": "Scrappy", "evs": {"hp": 85, "atk": 85, "def": 85, "spa": 85, "spd": 85, "spe": 85}, "ivs": {"hp": 31, "atk": 31, "def": 31, "spa": 31, "spd": 31, "spe": 31}, "item": "Choice Scarf", "teraType": "Fighting", "role": "Fast Attacker", "bvs": {"hp": 82, "atk": 115, "def": 74, "spa": 75, "spd": 64, "spe": 90}, "stats": {"hp": 269, "atk": 236, "def": 169, "spa": 170, "spd": 152, "spe": 195}, "types": ["Flying", "Fighting"]}}, {"Iron Thorns": {"name": "Iron Thorns", "species": "Iron Thorns", "speciesId": "ironthorns", "gender": "N", "shiny": false, "level": 83, "moves": ["wildcharge", "spikes", "stoneedge", "earthquake"], "ability": "Quark Drive", "evs": {"hp": 85, "atk": 85, "def": 85, "spa": 85, "spd": 85, "spe": 85}, "ivs": {"hp": 31, "atk": 31, "def": 31, "spa": 31, "spd": 31, "spe": 31}, "item": "Air Balloon", "teraType": "Water", "role": "Fast Support", "bvs": {"hp": 100, "atk": 134, "def": 110, "spa": 70, "spd": 84, "spe": 72}, "stats": {"hp": 302, "atk": 270, "def": 230, "spa": 164, "spd": 187, "spe": 167}, "types": ["Rock", "Electric"]}, "Keldeo": {"name": "Keldeo", "species": "Keldeo-Resolute", "speciesId": "keldeoresolute", "gender": "N", "shiny": false, "level": 79, "moves": ["secretsword", "vacuumwave", "hydropump", "calmmind"], "ability": "Justified", "evs": {"hp": 85, "atk": 0, "def": 85, "spa": 85, "spd": 85, "spe": 85}, "ivs": {"hp": 31, "atk": 0, "def": 31, "spa": 31, "spd": 31, "spe": 31}, "item": "Life Orb", "teraType": "Fighting", "role": "Fast Attacker", "bvs": {"hp": 91, "atk": 72, "def": 90, "spa": 129, "spd": 90, "spe": 108}, "stats": {"hp": 273, "atk": 118, "def": 188, "spa": 249, "spd": 188, "spe": 216}, "types": ["Water", "Fighting"]}, "Articuno": {"name": "Articuno", "species": "Articuno-Galar", "speciesId": "articunogalar", "gender": "N", "shiny": false, "level": 84, "moves": ["freezingglare", "hurricane", "recover", "calmmind"], "ability": "Competitive", "evs": {"hp": 85, "atk": 0, "def": 85, "spa": 85, "spd": 85, "spe": 85}, "ivs": {"hp": 31, "atk": 0, "def": 31, "spa": 31, "spd": 31, "spe": 31}, "item": "Heavy-Duty Boots", "teraType": "Steel", "role": "Fast Bulky Setup", "bvs": {"hp": 90, "atk": 85, "def": 85, "spa": 125, "spd": 100, "spe": 95}, "stats": {"hp": 288, "atk": 147, "def": 191, "spa": 258, "spd": 216, "spe": 208}, "types": ["Psychic", "Flying"]}, "Regidrago": {"name": "Regidrago", "species": "Regidrago", "speciesId": "regidrago", "gender": "N", "shiny": false, "level": 77, "moves": ["dracometeor", "outrage", "dragonenergy", "earthquake"], "ability": "Dragon's Maw", "evs": {"hp": 85, "atk": 85, "def": 85, "spa": 85, "spd": 85, "spe": 85}, "ivs": {"hp": 31, "atk": 31, "def": 31, "spa": 31, "spd": 31, "spe": 31}, "item": "Choice Scarf", "teraType": "Dragon", "role": "Fast Attacker", "bvs": {"hp": 200, "atk": 100, "def": 50, "spa": 100, "spd": 50, "spe": 80}, "stats": {"hp": 435, "atk": 199, "def": 122, "spa": 199, "spd": 122, "spe": 168}, "types": ["Dragon"]}, "Pecharunt": {"name": "Pecharunt", "species": "Pecharunt", "speciesId": "pecharunt", "gender": "N", "shiny": false, "level": 77, "moves": ["malignantchain", "nastyplot", "recover", "shadowball"], "ability": "Poison Puppeteer", "evs": {"hp": 85, "atk": 0, "def": 85, "spa": 85, "spd": 85, "spe": 85}, "ivs": {"hp": 31, "atk": 0, "def": 31, "spa": 31, "spd": 31, "spe": 31}, "item": "Leftovers", "teraType": "Dark", "role": "Bulky Attacker", "bvs": {"hp": 88, "atk": 88, "def": 160, "spa": 88, "spd": 88, "spe": 88}, "stats": {"hp": 262, "atk": 140, "def": 291, "spa": 180, "spd": 180, "spe": 180}, "types": ["Poison", "Ghost"]}, "Annihilape": {"name": "Annihilape", "species": "Annihilape", "speciesId": "annihilape", "gender": "M", "shiny": false, "level": 76, "moves": ["drainpunch", "gunkshot", "bulkup", "ragefist"], "ability": "Defiant", "evs": {"hp": 85, "atk": 85, "def": 85, "spa": 85, "spd": 85, "spe": 85}, "ivs": {"hp": 31, "atk": 31, "def": 31, "spa": 31, "spd": 31, "spe": 31}, "item": "Leftovers", "teraType": "Ghost", "role": "Bulky Setup", "bvs": {"hp": 110, "atk": 115, "def": 80, "spa": 50, "spd": 90, "spe": 90}, "stats": {"hp": 292, "atk": 219, "def": 166, "spa": 120, "spd": 181, "spe": 181}, "types": ["Fighting", "Ghost"]}}]}