{"id": "gen9randombattle-2641337832", "format": "[Gen 9] Random Battle", "players": ["maxfrgiratina", "axelson77"], "log": "|j|\u2606maxfrgiratina\n|j|\u2606axelson77\n|t:|1782769742\n|gametype|singles\n|player|p1|maxfrgiratina|parasollady-gen4|1575\n|player|p2|axelson77|dragontamer|1573\n|gen|9\n|tier|[Gen 9] Random Battle\n|rated|\n|rule|Species Clause: Limit one of each Pok\u00e9mon\n|rule|HP Percentage Mod: HP is shown in percentages\n|rule|Sleep Clause Mod: Limit one foe put to sleep\n|rule|Illusion Level Mod: Illusion disguises the Pok\u00e9mon's true level\n|\n|t:|1782769742\n|teamsize|p1|6\n|teamsize|p2|6\n|start\n|switch|p1a: Dondozo|Dondozo, L78, M|362/362\n|switch|p2a: Delphox|Delphox, L84, M|263/263\n|turn|1\n|inactive|Battle timer is ON: inactive players will automatically lose when time's up. (requested by axelson77)\n|inactive|maxfrgiratina also wants the timer to be on.\n|inactive|maxfrgiratina has 120 seconds left.\n|inactive|axelson77 has 120 seconds left.\n|inactive|axelson77 has 90 seconds left.\n|\n|t:|1782769814\n|switch|p1a: Goodra|Goodra-Hisui, L82, M|265/265\n|move|p2a: Delphox|Grass Knot|p1a: Goodra\n|-ability|p1a: Goodra|Sap Sipper|boost\n|-boost|p1a: Goodra|atk|1\n|\n|upkeep\n|turn|2\n|\n|t:|1782769838\n|switch|p2a: Whiscash|Whiscash, L88, F|337/337\n|move|p1a: Goodra|Earthquake|p2a: Whiscash\n|-damage|p2a: Whiscash|231/337\n|\n|upkeep\n|turn|3\n|\n|t:|1782769845\n|move|p2a: Whiscash|Dragon Dance|p2a: Whiscash\n|-boost|p2a: Whiscash|atk|1\n|-boost|p2a: Whiscash|spe|1\n|move|p1a: Goodra|Draco Meteor|p2a: Whiscash|[miss]\n|-miss|p1a: Goodra|p2a: Whiscash\n|\n|upkeep\n|turn|4\n|inactive|maxfrgiratina has 120 seconds left.\n|\n|t:|1782769883\n|switch|p1a: Dondozo|Dondozo, L78, M|362/362\n|move|p2a: Whiscash|Earthquake|p1a: Dondozo\n|-damage|p1a: Dondozo|241/362\n|-damage|p2a: Whiscash|198/337|[from] item: Life Orb\n|\n|-heal|p1a: Dondozo|263/362|[from] item: Leftovers\n|upkeep\n|turn|5\n|inactive|maxfrgiratina has 120 seconds left.\n|\n|t:|1782769899\n|move|p2a: Whiscash|Earthquake|p1a: Dondozo\n|-damage|p1a: Dondozo|145/362\n|-damage|p2a: Whiscash|165/337|[from] item: Life Orb\n|move|p1a: Dondozo|Curse|p1a: Dondozo\n|-unboost|p1a: Dondozo|spe|1\n|-boost|p1a: Dondozo|atk|1\n|-boost|p1a: Dondozo|def|1\n|\n|-heal|p1a: Dondozo|167/362|[from] item: Leftovers\n|upkeep\n|turn|6\n|inactive|maxfrgiratina has 120 seconds left.\n|\n|t:|1782769915\n|switch|p2a: Grafaiai|Grafaiai, L86, F|249/249\n|move|p1a: Dondozo|Rest|p1a: Dondozo\n|-status|p1a: Dondozo|slp|[from] move: Rest\n|-heal|p1a: Dondozo|362/362 slp|[silent]\n|\n|upkeep\n|turn|7\n|\n|t:|1782769927\n|move|p2a: Grafaiai|Swords Dance|p2a: Grafaiai\n|-boost|p2a: Grafaiai|atk|2\n|cant|p1a: Dondozo|slp\n|move|p1a: Dondozo|Sleep Talk|p1a: Dondozo\n|move|p1a: Dondozo|Curse|p1a: Dondozo|[from] move: Sleep Talk\n|-unboost|p1a: Dondozo|spe|1\n|-boost|p1a: Dondozo|atk|1\n|-boost|p1a: Dondozo|def|1\n|\n|upkeep\n|turn|8\n|inactive|maxfrgiratina has 120 seconds left.\n|\n|t:|1782769942\n|move|p2a: Grafaiai|Low Kick|p1a: Dondozo\n|-damage|p1a: Dondozo|315/362 slp\n|-damage|p2a: Grafaiai|225/249|[from] item: Life Orb\n|cant|p1a: Dondozo|slp\n|\n|-heal|p1a: Dondozo|337/362 slp|[from] item: Leftovers\n|upkeep\n|turn|9\n|\n|t:|1782769947\n|move|p2a: Grafaiai|Knock Off|p1a: Dondozo\n|-damage|p1a: Dondozo|293/362 slp\n|-enditem|p1a: Dondozo|Leftovers|[from] move: Knock Off|[of] p2a: Grafaiai\n|-damage|p2a: Grafaiai|201/249|[from] item: Life Orb\n|-curestatus|p1a: Dondozo|slp|[msg]\n|move|p1a: Dondozo|Wave Crash|p2a: Grafaiai\n|-damage|p2a: Grafaiai|0 fnt\n|faint|p2a: Grafaiai\n|-damage|p1a: Dondozo|227/362|[from] Recoil\n|\n|upkeep\n|\n|t:|1782769958\n|switch|p2a: Delphox|Delphox, L84, M|263/263\n|turn|10\n|\n|t:|1782769966\n|move|p2a: Delphox|Grass Knot|p1a: Dondozo\n|-supereffective|p1a: Dondozo\n|-damage|p1a: Dondozo|0 fnt\n|faint|p1a: Dondozo\n|\n|upkeep\n|\n|t:|1782769985\n|switch|p1a: Goodra|Goodra-Hisui, L82, M|265/265\n|turn|11\n|\n|t:|1782769991\n|switch|p2a: Pelipper|Pelipper, L86, F|243/243\n|-weather|RainDance|[from] ability: Drizzle|[of] p2a: Pelipper\n|move|p1a: Goodra|Earthquake|p2a: Pelipper\n|-immune|p2a: Pelipper\n|\n|-weather|RainDance|[upkeep]\n|upkeep\n|turn|12\n|\n|t:|1782770004\n|move|p2a: Pelipper|Knock Off|p1a: Goodra\n|-damage|p1a: Goodra|224/265\n|-enditem|p1a: Goodra|Assault Vest|[from] move: Knock Off|[of] p2a: Pelipper\n|move|p1a: Goodra|Thunderbolt|p2a: Pelipper\n|-supereffective|p2a: Pelipper\n|-damage|p2a: Pelipper|0 fnt\n|faint|p2a: Pelipper\n|\n|-weather|RainDance|[upkeep]\n|upkeep\n|\n|t:|1782770014\n|switch|p2a: Whiscash|Whiscash, L88, F|165/337\n|turn|13\n|\n|t:|1782770024\n|switch|p1a: Decidueye|Decidueye-Hisui, L87, F|295/295\n|move|p2a: Whiscash|Earthquake|p1a: Decidueye\n|-resisted|p1a: Decidueye\n|-damage|p1a: Decidueye|229/295\n|-damage|p2a: Whiscash|132/337|[from] item: Life Orb\n|\n|-weather|RainDance|[upkeep]\n|-heal|p1a: Decidueye|247/295|[from] item: Leftovers\n|upkeep\n|turn|14\n|\n|t:|1782770037\n|switch|p2a: Delphox|Delphox, L84, M|263/263\n|move|p1a: Decidueye|Leaf Blade|p2a: Delphox\n|-resisted|p2a: Delphox\n|-damage|p2a: Delphox|193/263\n|\n|-weather|RainDance|[upkeep]\n|-heal|p1a: Decidueye|265/295|[from] item: Leftovers\n|upkeep\n|turn|15\n|\n|t:|1782770051\n|move|p1a: Decidueye|Sucker Punch|p2a: Delphox\n|-supereffective|p2a: Delphox\n|-damage|p2a: Delphox|59/263\n|move|p2a: Delphox|Fire Blast|p1a: Decidueye\n|-supereffective|p1a: Decidueye\n|-damage|p1a: Decidueye|83/295\n|\n|-weather|none\n|-heal|p1a: Decidueye|101/295|[from] item: Leftovers\n|upkeep\n|turn|16\n|\n|t:|1782770064\n|switch|p2a: Whiscash|Whiscash, L88, F|132/337\n|move|p1a: Decidueye|Sucker Punch||[still]\n|-fail|p1a: Decidueye\n|\n|-heal|p1a: Decidueye|119/295|[from] item: Leftovers\n|upkeep\n|turn|17\n|\n|t:|1782770076\n|move|p1a: Decidueye|Sucker Punch|p2a: Whiscash\n|-damage|p2a: Whiscash|64/337\n|move|p2a: Whiscash|Earthquake|p1a: Decidueye\n|-resisted|p1a: Decidueye\n|-damage|p1a: Decidueye|55/295\n|-damage|p2a: Whiscash|31/337|[from] item: Life Orb\n|\n|-heal|p1a: Decidueye|73/295|[from] item: Leftovers\n|upkeep\n|turn|18\n|\n|t:|1782770090\n|move|p1a: Decidueye|Sucker Punch|p2a: Whiscash\n|-damage|p2a: Whiscash|0 fnt\n|faint|p2a: Whiscash\n|\n|-heal|p1a: Decidueye|91/295|[from] item: Leftovers\n|upkeep\n|\n|t:|1782770101\n|switch|p2a: Kommo-o|Kommo-o, L78, F|245/245\n|turn|19\n|\n|t:|1782770121\n|move|p1a: Decidueye|Sucker Punch|p2a: Kommo-o\n|-resisted|p2a: Kommo-o\n|-crit|p2a: Kommo-o\n|-damage|p2a: Kommo-o|210/245\n|move|p2a: Kommo-o|Boomburst|p1a: Decidueye\n|-damage|p1a: Decidueye|9/295\n|-enditem|p2a: Kommo-o|Throat Spray\n|-boost|p2a: Kommo-o|spa|1|[from] item: Throat Spray\n|\n|-heal|p1a: Decidueye|27/295|[from] item: Leftovers\n|upkeep\n|turn|20\n|\n|t:|1782770127\n|move|p2a: Kommo-o|Clangorous Soul|p2a: Kommo-o\n|-boost|p2a: Kommo-o|atk|1\n|-boost|p2a: Kommo-o|def|1\n|-boost|p2a: Kommo-o|spa|1\n|-boost|p2a: Kommo-o|spd|1\n|-boost|p2a: Kommo-o|spe|1\n|-damage|p2a: Kommo-o|130/245\n|move|p1a: Decidueye|Roost|p1a: Decidueye\n|-heal|p1a: Decidueye|175/295\n|-singleturn|p1a: Decidueye|move: Roost\n|\n|-heal|p1a: Decidueye|193/295|[from] item: Leftovers\n|upkeep\n|turn|21\n|\n|t:|1782770138\n|move|p1a: Decidueye|Sucker Punch|p2a: Kommo-o\n|-resisted|p2a: Kommo-o\n|-damage|p2a: Kommo-o|113/245\n|move|p2a: Kommo-o|Clanging Scales|p1a: Decidueye\n|-damage|p1a: Decidueye|4/295\n|-unboost|p2a: Kommo-o|def|1\n|\n|-heal|p1a: Decidueye|22/295|[from] item: Leftovers\n|upkeep\n|turn|22\n|c|\u2606axelson77|why doesnt this shit die\n|\n|t:|1782770153\n|move|p1a: Decidueye|Sucker Punch|p2a: Kommo-o\n|-resisted|p2a: Kommo-o\n|-damage|p2a: Kommo-o|90/245\n|move|p2a: Kommo-o|Drain Punch|p1a: Decidueye\n|-damage|p1a: Decidueye|0 fnt\n|-heal|p2a: Kommo-o|101/245|[from] drain|[of] p1a: Decidueye\n|faint|p1a: Decidueye\n|\n|upkeep\n|\n|t:|1782770168\n|switch|p1a: Hitmonlee|Hitmonlee, L85, M|224/224\n|turn|23\n|\n|t:|1782770185\n|move|p2a: Kommo-o|Boomburst|p1a: Hitmonlee\n|-damage|p1a: Hitmonlee|86/224\n|move|p1a: Hitmonlee|Close Combat|p2a: Kommo-o\n|-damage|p2a: Kommo-o|0 fnt\n|-unboost|p1a: Hitmonlee|def|1\n|-unboost|p1a: Hitmonlee|spd|1\n|faint|p2a: Kommo-o\n|-enditem|p1a: Hitmonlee|White Herb\n|-clearnegativeboost|p1a: Hitmonlee|[silent]\n|\n|upkeep\n|\n|t:|1782770192\n|switch|p2a: Delphox|Delphox, L84, M|59/263\n|turn|24\n|\n|t:|1782770197\n|move|p1a: Hitmonlee|Knock Off|p2a: Delphox\n|-supereffective|p2a: Delphox\n|-damage|p2a: Delphox|0 fnt\n|-enditem|p2a: Delphox|Choice Scarf|[from] move: Knock Off|[of] p1a: Hitmonlee\n|faint|p2a: Delphox\n|\n|upkeep\n|\n|t:|1782770201\n|switch|p2a: Ditto|Ditto, L87|225/225\n|-transform|p2a: Ditto|p1a: Hitmonlee|[from] ability: Imposter\n|turn|25\n|\n|t:|1782770215\n|move|p1a: Hitmonlee|Close Combat|p2a: Ditto\n|-crit|p2a: Ditto\n|-damage|p2a: Ditto|0 fnt\n|-unboost|p1a: Hitmonlee|def|1\n|-unboost|p1a: Hitmonlee|spd|1\n|faint|p2a: Ditto\n|\n|win|maxfrgiratina\n", "inputlog": ">version f8ac14003a5f27e1bdc8d8c59608a773c1cb96e5\n>start {\"formatid\":\"gen9randombattle\",\"seed\":\"sodium,50c7a57b88ebce7b46f695646555e263\",\"rated\":\"Rated battle\"}\n>player p1 {\"name\":\"maxfrgiratina\",\"avatar\":\"parasollady-gen4\",\"rating\":1575,\"seed\":\"sodium,442931aba261a76a96d8488cc3f2765e\"}\n>player p2 {\"name\":\"axelson77\",\"avatar\":\"dragontamer\",\"rating\":1573,\"seed\":\"sodium,d4859b64b843e1b260a8faa10a1069b9\"}\n>p1 switch 3\n>p2 move grassknot\n>p1 move earthquake\n>p2 switch 5\n>p1 move dracometeor\n>p2 move dragondance\n>p1 switch 3\n>p2 move earthquake\n>p1 move curse\n>p2 move earthquake\n>p1 move rest\n>p2 switch 2\n>p1 move sleeptalk\n>p2 move swordsdance\n>p1 move wavecrash\n>p2 move lowkick\n>p1 move wavecrash\n>p2 move knockoff\n>p2 switch 5\n>p1 move wavecrash\n>p2 move grassknot\n>p1 switch 3\n>p1 move earthquake\n>p2 switch 3\n>p1 move thunderbolt\n>p2 move knockoff\n>p2 switch 2\n>p1 switch 6\n>p2 move earthquake\n>p1 move leafblade\n>p2 switch 3\n>p1 move suckerpunch\n>p2 move fireblast\n>p1 move suckerpunch\n>p2 switch 3\n>p1 move suckerpunch\n>p2 move earthquake\n>p1 move suckerpunch\n>p2 move earthquake\n>p2 switch 6\n>p1 move suckerpunch\n>p2 move boomburst\n>p1 move roost\n>p2 move clangoroussoul\n>p1 move suckerpunch\n>p2 move clangingscales\n>chat \u2606axelson77|why doesnt this shit die \n>p1 move suckerpunch\n>p2 move drainpunch\n>p1 switch 2\n>p1 move closecombat\n>p2 move boomburst\n>p2 switch 3\n>p1 move knockoff\n>p2 move psyshock\n>p2 switch 4\n>p1 move closecombat\n>p2 move closecombat", "uploadtime": 1782770151, "views": 2, "formatid": "gen9randombattle", "rating": null, "private": 0, "password": null, "player_dets": [{"name": "maxfrgiratina", "avatar": "parasollady-gen4", "rating": 1575, "seed": "sodium,442931aba261a76a96d8488cc3f2765e"}, {"name": "axelson77", "avatar": "dragontamer", "rating": 1573, "seed": "sodium,d4859b64b843e1b260a8faa10a1069b9"}], "teams_full": [{"Dondozo": {"name": "Dondozo", "species": "Dondozo", "speciesId": "dondozo", "gender": "M", "shiny": false, "level": 78, "moves": ["rest", "curse", "sleeptalk", "wavecrash"], "ability": "Unaware", "evs": {"hp": 85, "atk": 85, "def": 85, "spa": 85, "spd": 85, "spe": 85}, "ivs": {"hp": 31, "atk": 31, "def": 31, "spa": 31, "spd": 31, "spe": 31}, "item": "Leftovers", "teraType": "Fairy", "role": "Bulky Setup", "bvs": {"hp": 150, "atk": 100, "def": 115, "spa": 65, "spd": 65, "spe": 35}, "stats": {"hp": 362, "atk": 201, "def": 224, "spa": 146, "spd": 146, "spe": 100}, "types": ["Water"]}, "Hitmonlee": {"name": "Hitmonlee", "species": "Hitmonlee", "speciesId": "hitmonlee", "gender": "M", "shiny": false, "level": 85, "moves": ["poisonjab", "swordsdance", "closecombat", "knockoff"], "ability": "Unburden", "evs": {"hp": 85, "atk": 85, "def": 85, "spa": 85, "spd": 85, "spe": 85}, "ivs": {"hp": 31, "atk": 31, "def": 31, "spa": 31, "spd": 31, "spe": 31}, "item": "White Herb", "teraType": "Dark", "role": "Setup Sweeper", "bvs": {"hp": 50, "atk": 120, "def": 53, "spa": 35, "spd": 110, "spe": 87}, "stats": {"hp": 224, "atk": 253, "def": 139, "spa": 108, "spd": 236, "spe": 197}, "types": ["Fighting"]}, "Goodra": {"name": "Goodra", "species": "Goodra-Hisui", "speciesId": "goodrahisui", "gender": "M", "shiny": false, "level": 82, "moves": ["dracometeor", "earthquake", "heavyslam", "thunderbolt"], "ability": "Sap Sipper", "evs": {"hp": 85, "atk": 85, "def": 85, "spa": 85, "spd": 85, "spe": 85}, "ivs": {"hp": 31, "atk": 31, "def": 31, "spa": 31, "spd": 31, "spe": 31}, "item": "Assault Vest", "teraType": "Ground", "role": "AV Pivot", "bvs": {"hp": 80, "atk": 100, "def": 100, "spa": 110, "spd": 150, "spe": 60}, "stats": {"hp": 265, "atk": 211, "def": 211, "spa": 228, "spd": 293, "spe": 146}, "types": ["Steel", "Dragon"]}, "Kyurem": {"name": "Kyurem", "species": "Kyurem", "speciesId": "kyurem", "gender": "N", "shiny": false, "level": 77, "moves": ["iciclespear", "dragondance", "terablast", "scaleshot"], "ability": "Pressure", "evs": {"hp": 85, "atk": 85, "def": 85, "spa": 85, "spd": 85, "spe": 85}, "ivs": {"hp": 31, "atk": 31, "def": 31, "spa": 31, "spd": 31, "spe": 31}, "item": "Loaded Dice", "teraType": "Ground", "role": "Tera Blast user", "bvs": {"hp": 125, "atk": 130, "def": 90, "spa": 130, "spd": 90, "spe": 95}, "stats": {"hp": 319, "atk": 245, "def": 183, "spa": 245, "spd": 183, "spe": 191}, "types": ["Dragon", "Ice"]}, "Oranguru": {"name": "Oranguru", "species": "Oranguru", "speciesId": "oranguru", "gender": "F", "shiny": false, "level": 92, "moves": ["psyshock", "focusblast", "nastyplot", "thunderbolt"], "ability": "Inner Focus", "evs": {"hp": 85, "atk": 0, "def": 85, "spa": 85, "spd": 85, "spe": 85}, "ivs": {"hp": 31, "atk": 0, "def": 31, "spa": 31, "spd": 31, "spe": 31}, "item": "Leftovers", "teraType": "Fighting", "role": "Bulky Attacker", "bvs": {"hp": 90, "atk": 60, "def": 80, "spa": 90, "spd": 110, "spe": 60}, "stats": {"hp": 315, "atk": 115, "def": 200, "spa": 218, "spd": 255, "spe": 163}, "types": ["Normal", "Psychic"]}, "Decidueye": {"name": "Decidueye", "species": "Decidueye-Hisui", "speciesId": "decidueyehisui", "gender": "F", "shiny": false, "level": 87, "moves": ["triplearrows", "leafblade", "suckerpunch", "roost"], "ability": "Scrappy", "evs": {"hp": 85, "atk": 85, "def": 85, "spa": 85, "spd": 85, "spe": 85}, "ivs": {"hp": 31, "atk": 31, "def": 31, "spa": 31, "spd": 31, "spe": 31}, "item": "Leftovers", "teraType": "Steel", "role": "Bulky Attacker", "bvs": {"hp": 88, "atk": 112, "def": 80, "spa": 95, "spd": 95, "spe": 60}, "stats": {"hp": 295, "atk": 245, "def": 189, "spa": 215, "spd": 215, "spe": 154}, "types": ["Grass", "Fighting"]}}, {"Delphox": {"name": "Delphox", "species": "Delphox", "speciesId": "delphox", "gender": "M", "shiny": false, "level": 84, "moves": ["fireblast", "grassknot", "focusblast", "psyshock"], "ability": "Blaze", "evs": {"hp": 85, "atk": 0, "def": 85, "spa": 85, "spd": 85, "spe": 85}, "ivs": {"hp": 31, "atk": 0, "def": 31, "spa": 31, "spd": 31, "spe": 31}, "item": "Choice Scarf", "teraType": "Fire", "role": "Fast Attacker", "bvs": {"hp": 75, "atk": 69, "def": 72, "spa": 114, "spd": 100, "spe": 104}, "stats": {"hp": 263, "atk": 120, "def": 169, "spa": 240, "spd": 216, "spe": 223}, "types": ["Fire", "Psychic"]}, "Grafaiai": {"name": "Grafaiai", "species": "Grafaiai", "speciesId": "grafaiai", "gender": "F", "shiny": false, "level": 86, "moves": ["lowkick", "swordsdance", "gunkshot", "knockoff"], "ability": "Poison Touch", "evs": {"hp": 85, "atk": 85, "def": 85, "spa": 85, "spd": 85, "spe": 85}, "ivs": {"hp": 31, "atk": 31, "def": 31, "spa": 31, "spd": 31, "spe": 31}, "item": "Life Orb", "teraType": "Dark", "role": "Setup Sweeper", "bvs": {"hp": 63, "atk": 95, "def": 65, "spa": 80, "spd": 72, "spe": 110}, "stats": {"hp": 249, "atk": 213, "def": 161, "spa": 187, "spd": 173, "spe": 238}, "types": ["Poison", "Normal"]}, "Pelipper": {"name": "Pelipper", "species": "Pelipper", "speciesId": "pelipper", "gender": "F", "shiny": false, "level": 86, "moves": ["roost", "hurricane", "knockoff", "surf"], "ability": "Drizzle", "evs": {"hp": 85, "atk": 85, "def": 85, "spa": 85, "spd": 85, "spe": 85}, "ivs": {"hp": 31, "atk": 31, "def": 31, "spa": 31, "spd": 31, "spe": 31}, "item": "Heavy-Duty Boots", "teraType": "Water", "role": "Bulky Attacker", "bvs": {"hp": 60, "atk": 50, "def": 100, "spa": 95, "spd": 70, "spe": 65}, "stats": {"hp": 243, "atk": 135, "def": 221, "spa": 213, "spd": 170, "spe": 161}, "types": ["Water", "Flying"]}, "Ditto": {"name": "Ditto", "species": "Ditto", "speciesId": "ditto", "gender": "N", "shiny": false, "level": 87, "moves": ["transform"], "ability": "Imposter", "evs": {"hp": 85, "atk": 85, "def": 85, "spa": 85, "spd": 85, "spe": 85}, "ivs": {"hp": 31, "atk": 31, "def": 31, "spa": 31, "spd": 31, "spe": 31}, "item": "Choice Scarf", "teraType": "Steel", "role": "Fast Support", "bvs": {"hp": 48, "atk": 48, "def": 48, "spa": 48, "spd": 48, "spe": 48}, "stats": {"hp": 225, "atk": 133, "def": 133, "spa": 133, "spd": 133, "spe": 133}, "types": ["Normal"]}, "Whiscash": {"name": "Whiscash", "species": "Whiscash", "speciesId": "whiscash", "gender": "F", "shiny": false, "level": 88, "moves": ["dragondance", "stoneedge", "liquidation", "earthquake"], "ability": "Oblivious", "evs": {"hp": 85, "atk": 85, "def": 85, "spa": 85, "spd": 85, "spe": 85}, "ivs": {"hp": 31, "atk": 31, "def": 31, "spa": 31, "spd": 31, "spe": 31}, "item": "Life Orb", "teraType": "Steel", "role": "Setup Sweeper", "bvs": {"hp": 110, "atk": 78, "def": 73, "spa": 76, "spd": 71, "spe": 60}, "stats": {"hp": 337, "atk": 188, "def": 179, "spa": 184, "spd": 175, "spe": 156}, "types": ["Water", "Ground"]}, "Kommo-o": {"name": "Kommo-o", "species": "Kommo-o", "speciesId": "kommoo", "gender": "F", "shiny": false, "level": 78, "moves": ["clangoroussoul", "clangingscales", "boomburst", "drainpunch"], "ability": "Soundproof", "evs": {"hp": 85, "atk": 85, "def": 85, "spa": 85, "spd": 85, "spe": 85}, "ivs": {"hp": 31, "atk": 31, "def": 31, "spa": 31, "spd": 31, "spe": 31}, "item": "Throat Spray", "teraType": "Normal", "role": "Fast Bulky Setup", "bvs": {"hp": 75, "atk": 110, "def": 125, "spa": 100, "spd": 105, "spe": 85}, "stats": {"hp": 245, "atk": 217, "def": 240, "spa": 201, "spd": 209, "spe": 178}, "types": ["Dragon", "Fighting"]}}]}