{"id": "gen9randombattle-2641713787", "format": "[Gen 9] Random Battle", "players": ["jugffhh", "aniksaha058"], "log": "|j|\u2606jugffhh\n|j|\u2606aniksaha058\n|t:|1782833099\n|gametype|singles\n|player|p1|jugffhh|2|1124\n|player|p2|aniksaha058|crasherwake|1173\n|gen|9\n|tier|[Gen 9] Random Battle\n|rated|\n|rule|Species Clause: Limit one of each Pok\u00e9mon\n|rule|HP Percentage Mod: HP is shown in percentages\n|rule|Sleep Clause Mod: Limit one foe put to sleep\n|rule|Illusion Level Mod: Illusion disguises the Pok\u00e9mon's true level\n|\n|t:|1782833099\n|teamsize|p1|6\n|teamsize|p2|6\n|start\n|switch|p1a: Tauros|Tauros, L82, M|257/257\n|switch|p2a: Crabominable|Crabominable, L90, F|321/321\n|turn|1\n|inactive|Battle timer is ON: inactive players will automatically lose when time's up. (requested by aniksaha058)\n|\n|t:|1782833117\n|move|p1a: Tauros|Zen Headbutt|p2a: Crabominable\n|-supereffective|p2a: Crabominable\n|-damage|p2a: Crabominable|129/321\n|move|p2a: Crabominable|Drain Punch|p1a: Tauros\n|-supereffective|p1a: Tauros\n|-damage|p1a: Tauros|0 fnt\n|-heal|p2a: Crabominable|258/321|[from] drain|[of] p1a: Tauros\n|faint|p1a: Tauros\n|\n|upkeep\n|\n|t:|1782833120\n|switch|p1a: Gallade|Gallade, L80, M|240/240\n|turn|2\n|\n|t:|1782833128\n|switch|p2a: Primarina|Primarina, L83, M|268/268\n|move|p1a: Gallade|Sacred Sword|p2a: Primarina\n|-resisted|p2a: Primarina\n|-damage|p2a: Primarina|178/268\n|\n|-heal|p2a: Primarina|194/268|[from] item: Leftovers\n|upkeep\n|turn|3\n|\n|t:|1782833132\n|switch|p1a: Jolteon|Jolteon, L84, M, shiny|246/246\n|move|p2a: Primarina|Draining Kiss|p1a: Jolteon\n|-damage|p1a: Jolteon|180/246\n|-heal|p2a: Primarina|244/268|[from] drain|[of] p1a: Jolteon\n|\n|-heal|p1a: Jolteon|195/246|[from] item: Leftovers\n|-heal|p2a: Primarina|260/268|[from] item: Leftovers\n|upkeep\n|turn|4\n|\n|t:|1782833146\n|switch|p2a: Incineroar|Incineroar, L82, M|290/290\n|-ability|p2a: Incineroar|Intimidate|boost\n|-unboost|p1a: Jolteon|atk|1\n|move|p1a: Jolteon|Calm Mind|p1a: Jolteon\n|-boost|p1a: Jolteon|spa|1\n|-boost|p1a: Jolteon|spd|1\n|\n|-heal|p1a: Jolteon|210/246|[from] item: Leftovers\n|upkeep\n|turn|5\n|\n|t:|1782833153\n|move|p1a: Jolteon|Thunderbolt|p2a: Incineroar\n|-damage|p2a: Incineroar|131/290\n|move|p2a: Incineroar|Flare Blitz|p1a: Jolteon\n|-damage|p1a: Jolteon|18/246\n|-damage|p2a: Incineroar|68/290|[from] Recoil\n|\n|-heal|p1a: Jolteon|33/246|[from] item: Leftovers\n|upkeep\n|turn|6\n|\n|t:|1782833160\n|move|p1a: Jolteon|Thunderbolt|p2a: Incineroar\n|-damage|p2a: Incineroar|0 fnt\n|faint|p2a: Incineroar\n|\n|-heal|p1a: Jolteon|48/246|[from] item: Leftovers\n|upkeep\n|\n|t:|1782833168\n|switch|p2a: Whimsicott|Whimsicott, L84, M|238/238\n|turn|7\n|\n|t:|1782833179\n|-terastallize|p1a: Jolteon|Ice\n|move|p1a: Jolteon|Tera Blast|p2a: Whimsicott|[anim] Tera Blast Ice\n|-supereffective|p2a: Whimsicott\n|-damage|p2a: Whimsicott|0 fnt\n|faint|p2a: Whimsicott\n|\n|-heal|p1a: Jolteon|63/246|[from] item: Leftovers\n|upkeep\n|\n|t:|1782833185\n|switch|p2a: Crabominable|Crabominable, L90, F|258/321\n|turn|8\n|\n|t:|1782833198\n|move|p1a: Jolteon|Thunderbolt|p2a: Crabominable\n|-damage|p2a: Crabominable|83/321\n|move|p2a: Crabominable|Knock Off|p1a: Jolteon\n|-damage|p1a: Jolteon|0 fnt\n|-enditem|p1a: Jolteon|Leftovers|[from] move: Knock Off|[of] p2a: Crabominable\n|faint|p1a: Jolteon\n|\n|upkeep\n|\n|t:|1782833200\n|switch|p1a: Gallade|Gallade, L80, M|240/240\n|turn|9\n|\n|t:|1782833203\n|move|p1a: Gallade|Psycho Cut|p2a: Crabominable\n|-supereffective|p2a: Crabominable\n|-damage|p2a: Crabominable|0 fnt\n|faint|p2a: Crabominable\n|\n|upkeep\n|\n|t:|1782833207\n|switch|p2a: Primarina|Primarina, L83, M|260/268\n|turn|10\n|\n|t:|1782833210\n|move|p1a: Gallade|Psycho Cut|p2a: Primarina\n|-crit|p2a: Primarina\n|-damage|p2a: Primarina|34/268\n|move|p2a: Primarina|Draining Kiss|p1a: Gallade\n|-supereffective|p1a: Gallade\n|-damage|p1a: Gallade|124/240\n|-heal|p2a: Primarina|121/268|[from] drain|[of] p1a: Gallade\n|\n|-heal|p2a: Primarina|137/268|[from] item: Leftovers\n|upkeep\n|turn|11\n|\n|t:|1782833218\n|move|p1a: Gallade|Psycho Cut|p2a: Primarina\n|-damage|p2a: Primarina|0 fnt\n|faint|p2a: Primarina\n|\n|upkeep\n|\n|t:|1782833221\n|switch|p2a: Typhlosion|Typhlosion-Hisui, L83, M|257/257\n|turn|12\n|\n|t:|1782833229\n|switch|p1a: Ting-Lu|Ting-Lu, L78|370/370\n|-ability|p1a: Ting-Lu|Vessel of Ruin\n|move|p2a: Typhlosion|Shadow Ball|p1a: Ting-Lu\n|-resisted|p1a: Ting-Lu\n|-damage|p1a: Ting-Lu|343/370\n|\n|upkeep\n|turn|13\n|\n|t:|1782833236\n|move|p2a: Typhlosion|Focus Blast|p1a: Ting-Lu\n|-supereffective|p1a: Ting-Lu\n|-damage|p1a: Ting-Lu|233/370\n|-unboost|p1a: Ting-Lu|spd|1\n|move|p1a: Ting-Lu|Earthquake|p2a: Typhlosion\n|-supereffective|p2a: Typhlosion\n|-damage|p2a: Typhlosion|39/257\n|\n|upkeep\n|turn|14\n|\n|t:|1782833248\n|switch|p2a: Arceus|Arceus-Water, L71|288/288\n|switch|p1a: Gallade|Gallade, L80, M|124/240\n|\n|upkeep\n|turn|15\n|\n|t:|1782833257\n|move|p1a: Gallade|Leaf Blade|p2a: Arceus\n|-supereffective|p2a: Arceus\n|-damage|p2a: Arceus|72/288\n|move|p2a: Arceus|Judgment|p1a: Gallade\n|-damage|p1a: Gallade|33/240\n|\n|upkeep\n|turn|16\n|-message|aniksaha058 forfeited.\n|\n|win|jugffhh\n|raw|jugffhh's rating: 1124 &rarr; <strong>1153</strong><br />(+29 for winning)\n|raw|aniksaha058's rating: 1173 &rarr; <strong>1144</strong><br />(-29 for losing)\n|l|\u2606aniksaha058\n|player|p2|\n", "inputlog": ">version f8ac14003a5f27e1bdc8d8c59608a773c1cb96e5\n>start {\"formatid\":\"gen9randombattle\",\"seed\":\"sodium,0d7b8a90477ea4b37c047ecac7b46bfc\",\"rated\":\"Rated battle\"}\n>player p1 {\"name\":\"jugffhh\",\"avatar\":\"2\",\"rating\":1124,\"seed\":\"sodium,fe94c9f310c8af2c0780b009d169b266\"}\n>player p2 {\"name\":\"aniksaha058\",\"avatar\":\"crasherwake\",\"rating\":1173,\"seed\":\"sodium,c199169d18af542b9cb0a70e33aaff99\"}\n>p1 move zenheadbutt\n>p2 move drainpunch\n>p1 switch 6\n>p1 move sacredsword\n>p2 switch 3\n>p1 switch 4\n>p2 move drainingkiss\n>p1 move calmmind\n>p2 switch 5\n>p1 move thunderbolt\n>p2 move flareblitz\n>p1 move thunderbolt\n>p2 move flareblitz\n>p2 switch 6\n>p1 move terablast terastallize\n>p2 move moonblast\n>p2 switch 3\n>p1 move thunderbolt\n>p2 move knockoff\n>p1 switch 4\n>p1 move psychocut\n>p2 move knockoff\n>p2 switch 5\n>p1 move psychocut\n>p2 move drainingkiss\n>p1 move psychocut\n>p2 move drainingkiss\n>p2 switch 4\n>p1 switch 5\n>p2 move shadowball\n>p1 move earthquake\n>p2 move focusblast\n>p1 switch 5\n>p2 switch 2\n>p1 move leafblade\n>p2 move judgment\n>forcelose p2", "uploadtime": 1782833269, "views": 6, "formatid": "gen9randombattle", "rating": 1144, "private": 0, "password": null, "player_dets": [{"name": "jugffhh", "avatar": "2", "rating": 1124, "seed": "sodium,fe94c9f310c8af2c0780b009d169b266"}, {"name": "aniksaha058", "avatar": "crasherwake", "rating": 1173, "seed": "sodium,c199169d18af542b9cb0a70e33aaff99"}], "teams_full": [{"Tauros": {"name": "Tauros", "species": "Tauros", "speciesId": "tauros", "gender": "M", "shiny": false, "level": 82, "moves": ["closecombat", "zenheadbutt", "bodyslam", "throatchop"], "ability": "Sheer Force", "evs": {"hp": 85, "atk": 85, "def": 85, "spa": 85, "spd": 85, "spe": 85}, "ivs": {"hp": 31, "atk": 31, "def": 31, "spa": 31, "spd": 31, "spe": 31}, "item": "Life Orb", "teraType": "Psychic", "role": "Wallbreaker", "bvs": {"hp": 75, "atk": 100, "def": 95, "spa": 40, "spd": 70, "spe": 110}, "stats": {"hp": 257, "atk": 211, "def": 203, "spa": 113, "spd": 162, "spe": 228}, "types": ["Normal"]}, "Carbink": {"name": "Carbink", "species": "Carbink", "speciesId": "carbink", "gender": "N", "shiny": false, "level": 90, "moves": ["moonblast", "irondefense", "bodypress", "rockpolish"], "ability": "Clear Body", "evs": {"hp": 85, "atk": 0, "def": 85, "spa": 85, "spd": 85, "spe": 85}, "ivs": {"hp": 31, "atk": 0, "def": 31, "spa": 31, "spd": 31, "spe": 31}, "item": "Leftovers", "teraType": "Fighting", "role": "Fast Bulky Setup", "bvs": {"hp": 50, "atk": 50, "def": 150, "spa": 50, "spd": 150, "spe": 50}, "stats": {"hp": 236, "atk": 95, "def": 321, "spa": 141, "spd": 321, "spe": 141}, "types": ["Rock", "Fairy"]}, "Kyogre": {"name": "Kyogre", "species": "Kyogre", "speciesId": "kyogre", "gender": "N", "shiny": false, "level": 71, "moves": ["thunder", "originpulse", "waterspout", "icebeam"], "ability": "Drizzle", "evs": {"hp": 85, "atk": 0, "def": 85, "spa": 85, "spd": 85, "spe": 85}, "ivs": {"hp": 31, "atk": 0, "def": 31, "spa": 31, "spd": 31, "spe": 31}, "item": "Choice Scarf", "teraType": "Water", "role": "Fast Attacker", "bvs": {"hp": 100, "atk": 100, "def": 90, "spa": 150, "spd": 140, "spe": 90}, "stats": {"hp": 259, "atk": 147, "def": 169, "spa": 254, "spd": 240, "spe": 169}, "types": ["Water"]}, "Jolteon": {"name": "Jolteon", "species": "Jolteon", "speciesId": "jolteon", "gender": "M", "shiny": true, "level": 84, "moves": ["thunderbolt", "terablast", "calmmind", "substitute"], "ability": "Volt Absorb", "evs": {"hp": 85, "atk": 0, "def": 85, "spa": 85, "spd": 85, "spe": 85}, "ivs": {"hp": 31, "atk": 0, "def": 31, "spa": 31, "spd": 31, "spe": 31}, "item": "Leftovers", "teraType": "Ice", "role": "Tera Blast user", "bvs": {"hp": 65, "atk": 65, "def": 60, "spa": 110, "spd": 95, "spe": 130}, "stats": {"hp": 246, "atk": 114, "def": 149, "spa": 233, "spd": 208, "spe": 267}, "types": ["Electric"]}, "Ting-Lu": {"name": "Ting-Lu", "species": "Ting-Lu", "speciesId": "tinglu", "gender": "N", "shiny": false, "level": 78, "moves": ["earthquake", "ruination", "payback", "heavyslam"], "ability": "Vessel of Ruin", "evs": {"hp": 85, "atk": 85, "def": 85, "spa": 85, "spd": 85, "spe": 85}, "ivs": {"hp": 31, "atk": 31, "def": 31, "spa": 31, "spd": 31, "spe": 31}, "item": "Assault Vest", "teraType": "Steel", "role": "Bulky Attacker", "bvs": {"hp": 155, "atk": 110, "def": 125, "spa": 55, "spd": 80, "spe": 45}, "stats": {"hp": 370, "atk": 217, "def": 240, "spa": 131, "spd": 170, "spe": 115}, "types": ["Dark", "Ground"]}, "Gallade": {"name": "Gallade", "species": "Gallade", "speciesId": "gallade", "gender": "M", "shiny": false, "level": 80, "moves": ["nightslash", "sacredsword", "psychocut", "leafblade"], "ability": "Sharpness", "evs": {"hp": 85, "atk": 85, "def": 85, "spa": 85, "spd": 85, "spe": 85}, "ivs": {"hp": 31, "atk": 31, "def": 31, "spa": 31, "spd": 31, "spe": 31}, "item": "Choice Scarf", "teraType": "Dark", "role": "Fast Attacker", "bvs": {"hp": 68, "atk": 125, "def": 65, "spa": 65, "spd": 115, "spe": 80}, "stats": {"hp": 240, "atk": 246, "def": 150, "spa": 150, "spd": 230, "spe": 174}, "types": ["Psychic", "Fighting"]}}, {"Crabominable": {"name": "Crabominable", "species": "Crabominable", "speciesId": "crabominable", "gender": "F", "shiny": false, "level": 90, "moves": ["drainpunch", "knockoff", "icehammer", "earthquake"], "ability": "Iron Fist", "evs": {"hp": 85, "atk": 85, "def": 85, "spa": 85, "spd": 85, "spe": 85}, "ivs": {"hp": 31, "atk": 31, "def": 31, "spa": 31, "spd": 31, "spe": 31}, "item": "Choice Band", "teraType": "Ground", "role": "Wallbreaker", "bvs": {"hp": 97, "atk": 132, "def": 77, "spa": 62, "spd": 67, "spe": 43}, "stats": {"hp": 321, "atk": 289, "def": 190, "spa": 163, "spd": 172, "spe": 129}, "types": ["Fighting", "Ice"]}, "Arceus": {"name": "Arceus", "species": "Arceus-Water", "speciesId": "arceuswater", "gender": "N", "shiny": false, "level": 71, "moves": ["recover", "calmmind", "judgment", "willowisp"], "ability": "Multitype", "evs": {"hp": 85, "atk": 0, "def": 85, "spa": 85, "spd": 85, "spe": 85}, "ivs": {"hp": 31, "atk": 0, "def": 31, "spa": 31, "spd": 31, "spe": 31}, "item": "Splash Plate", "teraType": "Steel", "role": "Bulky Support", "bvs": {"hp": 120, "atk": 120, "def": 120, "spa": 120, "spd": 120, "spe": 120}, "stats": {"hp": 288, "atk": 175, "def": 212, "spa": 212, "spd": 212, "spe": 212}, "types": ["Water"]}, "Primarina": {"name": "Primarina", "species": "Primarina", "speciesId": "primarina", "gender": "M", "shiny": false, "level": 83, "moves": ["sparklingaria", "calmmind", "drainingkiss", "psychic"], "ability": "Torrent", "evs": {"hp": 85, "atk": 0, "def": 85, "spa": 85, "spd": 85, "spe": 85}, "ivs": {"hp": 31, "atk": 0, "def": 31, "spa": 31, "spd": 31, "spe": 31}, "item": "Leftovers", "teraType": "Fairy", "role": "Bulky Attacker", "bvs": {"hp": 80, "atk": 74, "def": 74, "spa": 126, "spd": 116, "spe": 60}, "stats": {"hp": 268, "atk": 127, "def": 171, "spa": 257, "spd": 240, "spe": 147}, "types": ["Water", "Fairy"]}, "Typhlosion": {"name": "Typhlosion", "species": "Typhlosion-Hisui", "speciesId": "typhlosionhisui", "gender": "M", "shiny": false, "level": 83, "moves": ["fireblast", "focusblast", "calmmind", "shadowball"], "ability": "Blaze", "evs": {"hp": 85, "atk": 0, "def": 85, "spa": 85, "spd": 85, "spe": 85}, "ivs": {"hp": 31, "atk": 0, "def": 31, "spa": 31, "spd": 31, "spe": 31}, "item": "Heavy-Duty Boots", "teraType": "Ghost", "role": "Fast Bulky Setup", "bvs": {"hp": 73, "atk": 84, "def": 78, "spa": 119, "spd": 85, "spe": 95}, "stats": {"hp": 257, "atk": 144, "def": 177, "spa": 245, "spd": 189, "spe": 205}, "types": ["Fire", "Ghost"]}, "Incineroar": {"name": "Incineroar", "species": "Incineroar", "speciesId": "incineroar", "gender": "M", "shiny": false, "level": 82, "moves": ["knockoff", "swordsdance", "flareblitz", "trailblaze"], "ability": "Intimidate", "evs": {"hp": 85, "atk": 85, "def": 85, "spa": 85, "spd": 85, "spe": 85}, "ivs": {"hp": 31, "atk": 31, "def": 31, "spa": 31, "spd": 31, "spe": 31}, "item": "Heavy-Duty Boots", "teraType": "Grass", "role": "Setup Sweeper", "bvs": {"hp": 95, "atk": 115, "def": 90, "spa": 80, "spd": 90, "spe": 60}, "stats": {"hp": 290, "atk": 236, "def": 195, "spa": 178, "spd": 195, "spe": 146}, "types": ["Fire", "Dark"]}, "Whimsicott": {"name": "Whimsicott", "species": "Whimsicott", "speciesId": "whimsicott", "gender": "M", "shiny": false, "level": 84, "moves": ["uturn", "stunspore", "encore", "moonblast"], "ability": "Prankster", "evs": {"hp": 85, "atk": 85, "def": 85, "spa": 85, "spd": 85, "spe": 85}, "ivs": {"hp": 31, "atk": 31, "def": 31, "spa": 31, "spd": 31, "spe": 31}, "item": "Heavy-Duty Boots", "teraType": "Poison", "role": "Fast Support", "bvs": {"hp": 60, "atk": 67, "def": 85, "spa": 77, "spd": 75, "spe": 116}, "stats": {"hp": 238, "atk": 161, "def": 191, "spa": 178, "spd": 174, "spe": 243}, "types": ["Grass", "Fairy"]}}]}