{"id": "gen9randombattle-2641489480", "format": "[Gen 9] Random Battle", "players": ["pocketmuensters", "Dewist"], "log": "|j|\u2606pocketmuensters\n|j|\u2606Dewist\n|t:|1782793247\n|gametype|singles\n|player|p1|pocketmuensters|2|2016\n|player|p2|Dewist|sabrina|1941\n|gen|9\n|tier|[Gen 9] Random Battle\n|rated|\n|rule|Species Clause: Limit one of each Pok\u00e9mon\n|rule|HP Percentage Mod: HP is shown in percentages\n|rule|Sleep Clause Mod: Limit one foe put to sleep\n|rule|Illusion Level Mod: Illusion disguises the Pok\u00e9mon's true level\n|\n|t:|1782793247\n|teamsize|p1|6\n|teamsize|p2|6\n|start\n|switch|p1a: Dondozo|Dondozo, L78, M|362/362\n|switch|p2a: Kleavor|Kleavor, L78, M|237/237\n|turn|1\n|\n|t:|1782793259\n|move|p2a: Kleavor|U-turn|p1a: Dondozo\n|-damage|p1a: Dondozo|292/362\n|\n|t:|1782793265\n|switch|p2a: Pincurchin|Pincurchin, F|258/258|[from] U-turn\n|-fieldstart|move: Electric Terrain|[from] ability: Electric Surge|[of] p2a: Pincurchin\n|move|p1a: Dondozo|Curse|p1a: Dondozo\n|-unboost|p1a: Dondozo|spe|1\n|-boost|p1a: Dondozo|atk|1\n|-boost|p1a: Dondozo|def|1\n|\n|-heal|p1a: Dondozo|314/362|[from] item: Leftovers\n|upkeep\n|turn|2\n|inactive|Battle timer is ON: inactive players will automatically lose when time's up. (requested by pocketmuensters)\n|inactive|pocketmuensters has 120 seconds left.\n|\n|t:|1782793306\n|switch|p1a: Dugtrio|Dugtrio-Alola, L84, F|196/196\n|move|p2a: Pincurchin|Spikes|p1a: Dugtrio\n|-sidestart|p1: pocketmuensters|Spikes\n|\n|upkeep\n|turn|3\n|\n|t:|1782793313\n|move|p1a: Dugtrio|Stealth Rock|p2a: Pincurchin\n|-sidestart|p2: Dewist|move: Stealth Rock\n|move|p2a: Pincurchin|Scald|p1a: Dugtrio\n|-supereffective|p1a: Dugtrio\n|-damage|p1a: Dugtrio|10/196\n|\n|upkeep\n|turn|4\n|\n|t:|1782793326\n|switch|p2a: Falinks|Falinks, L84|246/246\n|-damage|p2a: Falinks|231/246|[from] Stealth Rock\n|move|p1a: Dugtrio|Earthquake|p2a: Falinks\n|-damage|p2a: Falinks|102/246\n|-damage|p1a: Dugtrio|0 fnt|[from] item: Life Orb\n|faint|p1a: Dugtrio\n|\n|upkeep\n|inactive|pocketmuensters has 120 seconds left.\n|\n|t:|1782793358\n|switch|p1a: Mienshao|Mienshao, L83, F|244/244\n|-damage|p1a: Mienshao|214/244|[from] Spikes\n|turn|5\n|\n|t:|1782793363\n|move|p1a: Mienshao|Fake Out|p2a: Falinks\n|-damage|p2a: Falinks|67/246\n|cant|p2a: Falinks|flinch\n|\n|-fieldend|move: Electric Terrain\n|upkeep\n|turn|6\n|\n|t:|1782793369\n|move|p1a: Mienshao|Close Combat|p2a: Falinks\n|-damage|p2a: Falinks|0 fnt\n|-unboost|p1a: Mienshao|def|1\n|-unboost|p1a: Mienshao|spd|1\n|faint|p2a: Falinks\n|\n|upkeep\n|\n|t:|1782793385\n|switch|p2a: Infernape|Infernape, L82, M|259/259\n|-damage|p2a: Infernape|227/259|[from] Stealth Rock\n|turn|7\n|\n|t:|1782793407\n|switch|p1a: Hoopa|Hoopa, L85|275/275\n|-damage|p1a: Hoopa|241/275|[from] Spikes\n|move|p2a: Infernape|Close Combat|p1a: Hoopa\n|-immune|p1a: Hoopa\n|\n|upkeep\n|turn|8\n|\n|t:|1782793421\n|switch|p2a: Kleavor|Kleavor, L78, M|237/237\n|-damage|p2a: Kleavor|178/237|[from] Stealth Rock\n|move|p1a: Hoopa|Trick|p2a: Kleavor\n|-activate|p1a: Hoopa|move: Trick|[of] p2a: Kleavor\n|-item|p2a: Kleavor|Choice Scarf|[from] move: Trick\n|-item|p1a: Hoopa|Choice Scarf|[from] move: Trick\n|\n|upkeep\n|turn|9\n|l|\u2606pocketmuensters\n|inactive|pocketmuensters disconnected and has a minute to reconnect!\n|player|p1|\n|inactive|pocketmuensters has 30 seconds to reconnect!\n|inactive|pocketmuensters has 20 seconds to reconnect!\n|inactive|pocketmuensters has 15 seconds to reconnect!\n|inactive|pocketmuensters has 10 seconds to reconnect!\n|inactive|pocketmuensters has 5 seconds to reconnect!\n|-message|pocketmuensters lost due to inactivity.\n|\n|win|Dewist\n", "inputlog": ">version f8ac14003a5f27e1bdc8d8c59608a773c1cb96e5\n>start {\"formatid\":\"gen9randombattle\",\"seed\":\"sodium,4ebb5d54b562266a06cd9ee19d0912f7\",\"rated\":\"Rated battle\"}\n>player p1 {\"name\":\"pocketmuensters\",\"avatar\":\"2\",\"rating\":2016,\"seed\":\"sodium,1f28f58f1aeaafaa2050e9800ba091fb\"}\n>player p2 {\"name\":\"Dewist\",\"avatar\":\"sabrina\",\"rating\":1941,\"seed\":\"sodium,3e1a6197c3ddcf0a1a5fd2cf969ffb35\"}\n>p1 move curse\n>p2 move uturn\n>p2 switch 5\n>p1 switch 3\n>p2 move spikes\n>p1 move stealthrock\n>p2 move scald\n>p1 move earthquake\n>p2 switch 6\n>p1 switch 6\n>p1 move fakeout\n>p2 move noretreat\n>p1 move closecombat\n>p2 move noretreat\n>p2 switch 4\n>p1 switch 2\n>p2 move closecombat\n>p1 move trick\n>p2 switch 5\n>forcelose p1", "uploadtime": 1782793249, "views": 3, "formatid": "gen9randombattle", "rating": null, "private": 0, "password": null, "player_dets": [{"name": "pocketmuensters", "avatar": "2", "rating": 2016, "seed": "sodium,1f28f58f1aeaafaa2050e9800ba091fb"}, {"name": "Dewist", "avatar": "sabrina", "rating": 1941, "seed": "sodium,3e1a6197c3ddcf0a1a5fd2cf969ffb35"}], "teams_full": [{"Dondozo": {"name": "Dondozo", "species": "Dondozo", "speciesId": "dondozo", "gender": "M", "shiny": false, "level": 78, "moves": ["sleeptalk", "curse", "rest", "wavecrash"], "ability": "Unaware", "evs": {"hp": 85, "atk": 85, "def": 85, "spa": 85, "spd": 85, "spe": 85}, "ivs": {"hp": 31, "atk": 31, "def": 31, "spa": 31, "spd": 31, "spe": 31}, "item": "Leftovers", "teraType": "Fairy", "role": "Bulky Setup", "bvs": {"hp": 150, "atk": 100, "def": 115, "spa": 65, "spd": 65, "spe": 35}, "stats": {"hp": 362, "atk": 201, "def": 224, "spa": 146, "spd": 146, "spe": 100}, "types": ["Water"]}, "Hoopa": {"name": "Hoopa", "species": "Hoopa", "speciesId": "hoopa", "gender": "N", "shiny": false, "level": 85, "moves": ["focusblast", "shadowball", "psychic", "trick"], "ability": "Magician", "evs": {"hp": 85, "atk": 0, "def": 85, "spa": 85, "spd": 85, "spe": 85}, "ivs": {"hp": 31, "atk": 0, "def": 31, "spa": 31, "spd": 31, "spe": 31}, "item": "Choice Scarf", "teraType": "Ghost", "role": "Fast Attacker", "bvs": {"hp": 80, "atk": 110, "def": 60, "spa": 150, "spd": 130, "spe": 70}, "stats": {"hp": 275, "atk": 192, "def": 151, "spa": 304, "spd": 270, "spe": 168}, "types": ["Psychic", "Ghost"]}, "Dugtrio": {"name": "Dugtrio", "species": "Dugtrio-Alola", "speciesId": "dugtrioalola", "gender": "F", "shiny": false, "level": 84, "moves": ["suckerpunch", "ironhead", "stealthrock", "earthquake"], "ability": "Tangling Hair", "evs": {"hp": 85, "atk": 85, "def": 85, "spa": 85, "spd": 85, "spe": 85}, "ivs": {"hp": 31, "atk": 31, "def": 31, "spa": 31, "spd": 31, "spe": 31}, "item": "Life Orb", "teraType": "Ground", "role": "Fast Attacker", "bvs": {"hp": 35, "atk": 100, "def": 60, "spa": 50, "spd": 70, "spe": 110}, "stats": {"hp": 196, "atk": 216, "def": 149, "spa": 132, "spd": 166, "spe": 233}, "types": ["Ground", "Steel"]}, "Weavile": {"name": "Weavile", "species": "Weavile", "speciesId": "weavile", "gender": "M", "shiny": false, "level": 79, "moves": ["tripleaxel", "swordsdance", "lowkick", "knockoff"], "ability": "Pickpocket", "evs": {"hp": 85, "atk": 85, "def": 85, "spa": 85, "spd": 85, "spe": 85}, "ivs": {"hp": 31, "atk": 31, "def": 31, "spa": 31, "spd": 31, "spe": 31}, "item": "Heavy-Duty Boots", "teraType": "Dark", "role": "Fast Attacker", "bvs": {"hp": 70, "atk": 120, "def": 65, "spa": 45, "spd": 85, "spe": 125}, "stats": {"hp": 240, "atk": 235, "def": 148, "spa": 117, "spd": 180, "spe": 243}, "types": ["Dark", "Ice"]}, "Revavroom": {"name": "Revavroom", "species": "Revavroom", "speciesId": "revavroom", "gender": "F", "shiny": false, "level": 79, "moves": ["gunkshot", "ironhead", "highhorsepower", "shiftgear"], "ability": "Filter", "evs": {"hp": 85, "atk": 85, "def": 85, "spa": 85, "spd": 85, "spe": 85}, "ivs": {"hp": 31, "atk": 31, "def": 31, "spa": 31, "spd": 31, "spe": 31}, "item": "Life Orb", "teraType": "Ground", "role": "Fast Attacker", "bvs": {"hp": 80, "atk": 119, "def": 90, "spa": 54, "spd": 67, "spe": 90}, "stats": {"hp": 256, "atk": 234, "def": 188, "spa": 131, "spd": 151, "spe": 188}, "types": ["Steel", "Poison"]}, "Mienshao": {"name": "Mienshao", "species": "Mienshao", "speciesId": "mienshao", "gender": "F", "shiny": false, "level": 83, "moves": ["uturn", "closecombat", "knockoff", "fakeout"], "ability": "Regenerator", "evs": {"hp": 85, "atk": 85, "def": 85, "spa": 85, "spd": 85, "spe": 85}, "ivs": {"hp": 31, "atk": 31, "def": 31, "spa": 31, "spd": 31, "spe": 31}, "item": "Assault Vest", "teraType": "Steel", "role": "AV Pivot", "bvs": {"hp": 65, "atk": 125, "def": 60, "spa": 95, "spd": 60, "spe": 105}, "stats": {"hp": 244, "atk": 255, "def": 147, "spa": 205, "spd": 147, "spe": 222}, "types": ["Fighting"]}}, {"Kleavor": {"name": "Kleavor", "species": "Kleavor", "speciesId": "kleavor", "gender": "M", "shiny": false, "level": 78, "moves": ["stoneaxe", "closecombat", "xscissor", "uturn"], "ability": "Sharpness", "evs": {"hp": 85, "atk": 85, "def": 85, "spa": 85, "spd": 85, "spe": 85}, "ivs": {"hp": 31, "atk": 31, "def": 31, "spa": 31, "spd": 31, "spe": 31}, "item": "Choice Scarf", "teraType": "Fighting", "role": "Bulky Attacker", "bvs": {"hp": 70, "atk": 135, "def": 95, "spa": 45, "spd": 70, "spe": 85}, "stats": {"hp": 237, "atk": 256, "def": 193, "spa": 115, "spd": 154, "spe": 178}, "types": ["Bug", "Rock"]}, "Politoed": {"name": "Politoed", "species": "Politoed", "speciesId": "politoed", "gender": "F", "shiny": false, "level": 88, "moves": ["icebeam", "weatherball", "focusblast", "hydropump"], "ability": "Drizzle", "evs": {"hp": 85, "atk": 0, "def": 85, "spa": 85, "spd": 85, "spe": 85}, "ivs": {"hp": 31, "atk": 0, "def": 31, "spa": 31, "spd": 31, "spe": 31}, "item": "Choice Specs", "teraType": "Water", "role": "Fast Attacker", "bvs": {"hp": 90, "atk": 75, "def": 75, "spa": 90, "spd": 100, "spe": 70}, "stats": {"hp": 302, "atk": 137, "def": 182, "spa": 209, "spd": 226, "spe": 173}, "types": ["Water"]}, "Iron Moth": {"name": "Iron Moth", "species": "Iron Moth", "speciesId": "ironmoth", "gender": "N", "shiny": false, "level": 78, "moves": ["fierydance", "sludgewave", "toxicspikes", "uturn"], "ability": "Quark Drive", "evs": {"hp": 85, "atk": 85, "def": 85, "spa": 85, "spd": 85, "spe": 85}, "ivs": {"hp": 31, "atk": 31, "def": 31, "spa": 31, "spd": 31, "spe": 31}, "item": "Heavy-Duty Boots", "teraType": "Fire", "role": "Fast Attacker", "bvs": {"hp": 80, "atk": 70, "def": 60, "spa": 140, "spd": 110, "spe": 110}, "stats": {"hp": 253, "atk": 154, "def": 139, "spa": 263, "spd": 217, "spe": 217}, "types": ["Fire", "Poison"]}, "Infernape": {"name": "Infernape", "species": "Infernape", "speciesId": "infernape", "gender": "M", "shiny": false, "level": 82, "moves": ["closecombat", "overheat", "grassknot", "machpunch"], "ability": "Blaze", "evs": {"hp": 85, "atk": 85, "def": 85, "spa": 85, "spd": 85, "spe": 85}, "ivs": {"hp": 31, "atk": 31, "def": 31, "spa": 31, "spd": 31, "spe": 31}, "item": "Life Orb", "teraType": "Fighting", "role": "Fast Attacker", "bvs": {"hp": 76, "atk": 104, "def": 71, "spa": 104, "spd": 71, "spe": 108}, "stats": {"hp": 259, "atk": 218, "def": 164, "spa": 218, "spd": 164, "spe": 224}, "types": ["Fire", "Fighting"]}, "Pincurchin": {"name": "Pincurchin", "species": "Pincurchin", "speciesId": "pincurchin", "gender": "F", "shiny": false, "level": 100, "moves": ["recover", "scald", "thunderbolt", "spikes"], "ability": "Electric Surge", "evs": {"hp": 85, "atk": 0, "def": 85, "spa": 85, "spd": 85, "spe": 85}, "ivs": {"hp": 31, "atk": 0, "def": 31, "spa": 31, "spd": 31, "spe": 31}, "item": "Leftovers", "teraType": "Water", "role": "Bulky Attacker", "bvs": {"hp": 48, "atk": 101, "def": 95, "spa": 91, "spd": 85, "spe": 15}, "stats": {"hp": 258, "atk": 207, "def": 247, "spa": 239, "spd": 227, "spe": 87}, "types": ["Electric"]}, "Falinks": {"name": "Falinks", "species": "Falinks", "speciesId": "falinks", "gender": "N", "shiny": false, "level": 84, "moves": ["ironhead", "noretreat", "closecombat", "knockoff"], "ability": "Defiant", "evs": {"hp": 85, "atk": 85, "def": 85, "spa": 85, "spd": 85, "spe": 85}, "ivs": {"hp": 31, "atk": 31, "def": 31, "spa": 31, "spd": 31, "spe": 31}, "item": "Life Orb", "teraType": "Steel", "role": "Setup Sweeper", "bvs": {"hp": 65, "atk": 100, "def": 100, "spa": 70, "spd": 60, "spe": 75}, "stats": {"hp": 246, "atk": 216, "def": 216, "spa": 166, "spd": 149, "spe": 174}, "types": ["Fighting"]}}]}