{"id": "gen9randombattle-2641214229", "format": "[Gen 9] Random Battle", "players": ["pmogul", "notmetbh102"], "log": "|badge|p2|bronze|gen9randombattle|100-9\n|html|<div class=\"broadcast-red\"><strong>This battle is required to be public due to one or more player having a season medal.</strong><br />During the public phase, you can discuss the state of the ladder <a href=\"/seasondiscussion\">in a special chatroom.</a></div>\n|uhtml|medal-msg|<div class=\"broadcast-blue\">Curious what those medals under the avatar are? PS now has Ladder Seasons! For more information, check out the <a href=\"https://www.smogon.com/forums/threads/3740067/\">thread on Smogon.</a></div>\n|raw|<div class=\"broadcast-blue\"><strong>This battle is required to be public due to a player having a name starting with 'medal'.</div>\n|j|\u2606pmogul\n|j|\u2606notmetbh102\n|t:|1782754606\n|gametype|singles\n|player|p1|pmogul|266|2160\n|player|p2|notmetbh102|2|2321\n|gen|9\n|tier|[Gen 9] Random Battle\n|rated|\n|rule|Species Clause: Limit one of each Pok\u00e9mon\n|rule|HP Percentage Mod: HP is shown in percentages\n|rule|Sleep Clause Mod: Limit one foe put to sleep\n|rule|Illusion Level Mod: Illusion disguises the Pok\u00e9mon's true level\n|\n|t:|1782754606\n|teamsize|p1|6\n|teamsize|p2|6\n|start\n|switch|p1a: Lugia|Lugia, L73|275/275\n|switch|p2a: Amoonguss|Amoonguss, L82, M|321/321\n|turn|1\n|inactive|Battle timer is ON: inactive players will automatically lose when time's up. (requested by notmetbh102)\n|inactive|pmogul also wants the timer to be on.\n|c|\u2606notmetbh102|hf\n|\n|t:|1782754610\n|move|p1a: Lugia|Calm Mind|p1a: Lugia\n|-boost|p1a: Lugia|spa|1\n|-boost|p1a: Lugia|spd|1\n|move|p2a: Amoonguss|Spore|p1a: Lugia\n|-status|p1a: Lugia|slp|[from] move: Spore\n|\n|upkeep\n|turn|2\n|\n|t:|1782754611\n|switch|p2a: Iron Jugulis|Iron Jugulis, L77|271/271\n|cant|p1a: Lugia|slp\n|\n|upkeep\n|turn|3\n|\n|t:|1782754613\n|move|p2a: Iron Jugulis|Meteor Beam||[still]\n|-prepare|p2a: Iron Jugulis|Meteor Beam\n|-boost|p2a: Iron Jugulis|spa|1\n|-enditem|p2a: Iron Jugulis|Power Herb\n|-anim|p2a: Iron Jugulis|Meteor Beam|p1a: Lugia\n|-supereffective|p1a: Lugia\n|-damage|p1a: Lugia|210/275 slp\n|cant|p1a: Lugia|slp\n|\n|upkeep\n|turn|4\n|\n|t:|1782754622\n|switch|p1a: Registeel|Registeel, L81|262/262\n|move|p2a: Iron Jugulis|Dark Pulse|p1a: Registeel\n|-damage|p1a: Registeel|178/262\n|\n|-heal|p1a: Registeel|194/262|[from] item: Leftovers\n|upkeep\n|turn|5\n|\n|t:|1782754624\n|move|p2a: Iron Jugulis|Dark Pulse|p1a: Registeel\n|-damage|p1a: Registeel|104/262\n|move|p1a: Registeel|Thunder Wave|p2a: Iron Jugulis\n|-status|p2a: Iron Jugulis|par\n|\n|-heal|p1a: Registeel|120/262|[from] item: Leftovers\n|upkeep\n|turn|6\n|j| MiddleOU\n|\n|t:|1782754629\n|move|p1a: Registeel|Iron Head|p2a: Iron Jugulis\n|-damage|p2a: Iron Jugulis|202/271 par\n|move|p2a: Iron Jugulis|Earth Power|p1a: Registeel\n|-supereffective|p1a: Registeel\n|-crit|p1a: Registeel\n|-damage|p1a: Registeel|0 fnt\n|faint|p1a: Registeel\n|\n|upkeep\n|l|\u2606pmogul\n|inactive|pmogul disconnected and has a minute to reconnect!\n|player|p1|\n|c| MiddleOU|Rip\n|j| that'sahazard\n|inactive|pmogul has 30 seconds to reconnect!\n|j|\u2606pmogul\n|inactive|pmogul reconnected and has 105 seconds left.\n|player|p1|pmogul|266|\n|inactive|pmogul has 90 seconds left.\n|l| that'sahazard\n|\n|t:|1782754702\n|switch|p1a: Iron Moth|Iron Moth, L78|253/253\n|turn|7\n|j| that'sahazard\n|\n|t:|1782754705\n|move|p1a: Iron Moth|Fiery Dance|p2a: Iron Jugulis\n|-damage|p2a: Iron Jugulis|85/271 par\n|-boost|p1a: Iron Moth|spa|1\n|cant|p2a: Iron Jugulis|par\n|\n|upkeep\n|turn|8\n|l| that'sahazard\n|\n|t:|1782754708\n|-end|p2a: Iron Jugulis|Quark Drive|[silent]\n|switch|p2a: Walking Wake|Walking Wake, L79|286/286\n|move|p1a: Iron Moth|Fiery Dance|p2a: Walking Wake\n|-resisted|p2a: Walking Wake\n|-damage|p2a: Walking Wake|245/286\n|\n|upkeep\n|turn|9\n|\n|t:|1782754722\n|-end|p1a: Iron Moth|Quark Drive|[silent]\n|switch|p1a: Lugia|Lugia, L73|210/275 slp\n|move|p2a: Walking Wake|Hydro Steam|p1a: Lugia\n|-damage|p1a: Lugia|119/275 slp\n|-damage|p2a: Walking Wake|217/286|[from] item: Life Orb\n|\n|upkeep\n|turn|10\n|\n|t:|1782754724\n|-end|p2a: Walking Wake|Protosynthesis|[silent]\n|switch|p2a: Minun|Minun, L95, M|268/268\n|cant|p1a: Lugia|slp\n|\n|upkeep\n|turn|11\n|\n|t:|1782754727\n|switch|p1a: Camerupt|Camerupt, L91, M|275/275\n|move|p2a: Minun|Thunderbolt|p1a: Camerupt\n|-immune|p1a: Camerupt\n|\n|upkeep\n|turn|12\n|\n|t:|1782754729\n|switch|p2a: Walking Wake|Walking Wake, L79|217/286\n|move|p1a: Camerupt|Stealth Rock|p2a: Walking Wake\n|-sidestart|p2: notmetbh102|move: Stealth Rock\n|\n|upkeep\n|turn|13\n|\n|t:|1782754738\n|switch|p1a: Lugia|Lugia, L73|119/275 slp\n|move|p2a: Walking Wake|Hydro Steam|p1a: Lugia\n|-damage|p1a: Lugia|28/275 slp\n|-damage|p2a: Walking Wake|189/286|[from] item: Life Orb\n|\n|upkeep\n|turn|14\n|\n|t:|1782754741\n|move|p2a: Walking Wake|Hydro Steam|p1a: Lugia\n|-damage|p1a: Lugia|0 fnt\n|faint|p1a: Lugia\n|-damage|p2a: Walking Wake|161/286|[from] item: Life Orb\n|\n|upkeep\n|\n|t:|1782754746\n|switch|p1a: Calyrex|Calyrex-Shadow, L64|235/235\n|-ability|p1a: Calyrex|As One\n|-ability|p1a: Calyrex|Unnerve\n|turn|15\n|\n|t:|1782754749\n|-end|p2a: Walking Wake|Protosynthesis|[silent]\n|switch|p2a: Zapdos|Zapdos-Galar, L77|265/265\n|-damage|p2a: Zapdos|232/265|[from] Stealth Rock\n|-terastallize|p1a: Calyrex|Ghost\n|move|p1a: Calyrex|Astral Barrage|p2a: Zapdos\n|-damage|p2a: Zapdos|1/265\n|-damage|p1a: Calyrex|212/235|[from] item: Life Orb\n|\n|upkeep\n|turn|16\n|\n|t:|1782754761\n|switch|p1a: Camerupt|Camerupt, L91, M|275/275\n|move|p2a: Zapdos|Brave Bird|p1a: Camerupt\n|-damage|p1a: Camerupt|130/275\n|-damage|p2a: Zapdos|0 fnt|[from] Recoil\n|faint|p2a: Zapdos\n|\n|-heal|p1a: Camerupt|147/275|[from] item: Leftovers\n|upkeep\n|\n|t:|1782754761\n|switch|p2a: Iron Jugulis|Iron Jugulis, L77|85/271 par\n|-damage|p2a: Iron Jugulis|18/271 par|[from] Stealth Rock\n|turn|17\n|l| MiddleOU\n|\n|t:|1782754773\n|cant|p2a: Iron Jugulis|par\n|move|p1a: Camerupt|Roar|p2a: Iron Jugulis\n|-end|p2a: Iron Jugulis|Quark Drive|[silent]\n|drag|p2a: Minun|Minun, L95, M|268/268\n|-damage|p2a: Minun|235/268|[from] Stealth Rock\n|\n|-heal|p1a: Camerupt|164/275|[from] item: Leftovers\n|upkeep\n|turn|18\n|\n|t:|1782754776\n|-terastallize|p2a: Minun|Fairy\n|move|p2a: Minun|Nasty Plot|p2a: Minun\n|-boost|p2a: Minun|spa|2\n|move|p1a: Camerupt|Earthquake|p2a: Minun\n|-damage|p2a: Minun|61/268\n|\n|-heal|p1a: Camerupt|181/275|[from] item: Leftovers\n|upkeep\n|turn|19\n|\n|t:|1782754780\n|move|p2a: Minun|Grass Knot|p1a: Camerupt\n|-damage|p1a: Camerupt|0 fnt\n|faint|p1a: Camerupt\n|-damage|p2a: Minun|35/268|[from] item: Life Orb\n|\n|upkeep\n|\n|t:|1782754781\n|switch|p1a: Calyrex|Calyrex-Shadow, L64, tera:Ghost|212/235\n|-ability|p1a: Calyrex|As One\n|-ability|p1a: Calyrex|Unnerve\n|turn|20\n|\n|t:|1782754787\n|move|p2a: Minun|Thunderbolt|p1a: Calyrex\n|-damage|p1a: Calyrex|0 fnt\n|faint|p1a: Calyrex\n|-damage|p2a: Minun|9/268|[from] item: Life Orb\n|\n|upkeep\n|l|\u2606pmogul\n|inactive|pmogul disconnected and has a minute to reconnect!\n|player|p1|\n|inactive|pmogul has 30 seconds to reconnect!\n|inactive|pmogul has 20 seconds to reconnect!\n|inactive|pmogul has 15 seconds to reconnect!\n|inactive|pmogul has 10 seconds to reconnect!\n|inactive|pmogul has 5 seconds to reconnect!\n|-message|pmogul lost due to inactivity.\n|\n|win|notmetbh102\n|raw|pmogul's rating: 2160 &rarr; <strong>2149</strong><br />(-11 for losing)\n|raw|notmetbh102's rating: 2321 &rarr; <strong>2332</strong><br />(+11 for winning)\n|c|\u2606notmetbh102|gg\n", "inputlog": ">version f8ac14003a5f27e1bdc8d8c59608a773c1cb96e5\n>start {\"formatid\":\"gen9randombattle\",\"seed\":\"sodium,ac34016e1eb9f89942f24a96018ff483\",\"rated\":\"Rated battle\"}\n>player p1 {\"name\":\"pmogul\",\"avatar\":\"266\",\"rating\":2160,\"seed\":\"sodium,fc8760c29f17069a76b707e82980b946\"}\n>player p2 {\"name\":\"notmetbh102\",\"avatar\":\"2\",\"rating\":2321,\"seed\":\"sodium,be1c4bd00af48a03453a70cf77df298d\"}\n>chat \u2606notmetbh102|hf\n>p1 move calmmind\n>p2 move spore\n>p1 move calmmind\n>p2 switch 2\n>p1 move calmmind\n>p2 move meteorbeam\n>p1 switch 6\n>p2 move darkpulse\n>p1 move thunderwave\n>p2 move darkpulse\n>p1 move ironhead\n>p2 move earthpower\n>chat  MiddleOU|Rip\n>p1 switch 3\n>p1 move fierydance\n>p2 move earthpower\n>p1 move fierydance\n>p2 switch 4\n>p1 switch 6\n>p2 move hydrosteam\n>p1 move recover\n>p2 switch 5\n>p1 switch 4\n>p2 move thunderbolt\n>p1 move stealthrock\n>p2 switch 5\n>p1 switch 4\n>p2 move hydrosteam\n>p1 move aeroblast\n>p2 move hydrosteam\n>p1 switch 2\n>p1 move astralbarrage terastallize\n>p2 switch 6\n>p1 switch 4\n>p2 move bravebird\n>p2 switch 4\n>p1 move roar\n>p2 move hurricane\n>p1 move earthquake\n>p2 move nastyplot terastallize\n>p1 move earthquake\n>p2 move grassknot\n>p1 switch 4\n>p1 move astralbarrage\n>p2 move thunderbolt\n>forcelose p1", "uploadtime": 1782754858, "views": 7, "formatid": "gen9randombattle", "rating": 2149, "private": 0, "password": null, "player_dets": [{"name": "pmogul", "avatar": "266", "rating": 2160, "seed": "sodium,fc8760c29f17069a76b707e82980b946"}, {"name": "notmetbh102", "avatar": "2", "rating": 2321, "seed": "sodium,be1c4bd00af48a03453a70cf77df298d"}], "teams_full": [{"Lugia": {"name": "Lugia", "species": "Lugia", "speciesId": "lugia", "gender": "N", "shiny": false, "level": 73, "moves": ["earthpower", "aeroblast", "calmmind", "recover"], "ability": "Multiscale", "evs": {"hp": 85, "atk": 0, "def": 85, "spa": 85, "spd": 85, "spe": 85}, "ivs": {"hp": 31, "atk": 0, "def": 31, "spa": 31, "spd": 31, "spe": 31}, "item": "Heavy-Duty Boots", "teraType": "Ground", "role": "Bulky Setup", "bvs": {"hp": 106, "atk": 90, "def": 130, "spa": 90, "spd": 154, "spe": 110}, "stats": {"hp": 275, "atk": 136, "def": 232, "spa": 174, "spd": 267, "spe": 203}, "types": ["Psychic", "Flying"]}, "Calyrex": {"name": "Calyrex", "species": "Calyrex-Shadow", "speciesId": "calyrexshadow", "gender": "N", "shiny": false, "level": 64, "moves": ["astralbarrage", "nastyplot", "psyshock", "pollenpuff"], "ability": "As One (Spectrier)", "evs": {"hp": 85, "atk": 0, "def": 85, "spa": 85, "spd": 85, "spe": 85}, "ivs": {"hp": 31, "atk": 0, "def": 31, "spa": 31, "spd": 31, "spe": 31}, "item": "Life Orb", "teraType": "Ghost", "role": "Fast Attacker", "bvs": {"hp": 100, "atk": 85, "def": 80, "spa": 165, "spd": 100, "spe": 150}, "stats": {"hp": 235, "atk": 113, "def": 140, "spa": 249, "spd": 166, "spe": 230}, "types": ["Psychic", "Ghost"]}, "Iron Moth": {"name": "Iron Moth", "species": "Iron Moth", "speciesId": "ironmoth", "gender": "N", "shiny": false, "level": 78, "moves": ["toxicspikes", "fierydance", "morningsun", "sludgewave"], "ability": "Quark Drive", "evs": {"hp": 85, "atk": 0, "def": 85, "spa": 85, "spd": 85, "spe": 85}, "ivs": {"hp": 31, "atk": 0, "def": 31, "spa": 31, "spd": 31, "spe": 31}, "item": "Heavy-Duty Boots", "teraType": "Fire", "role": "Fast Attacker", "bvs": {"hp": 80, "atk": 70, "def": 60, "spa": 140, "spd": 110, "spe": 110}, "stats": {"hp": 253, "atk": 114, "def": 139, "spa": 263, "spd": 217, "spe": 217}, "types": ["Fire", "Poison"]}, "Camerupt": {"name": "Camerupt", "species": "Camerupt", "speciesId": "camerupt", "gender": "M", "shiny": false, "level": 91, "moves": ["overheat", "stealthrock", "earthquake", "roar"], "ability": "Solid Rock", "evs": {"hp": 85, "atk": 85, "def": 85, "spa": 85, "spd": 85, "spe": 85}, "ivs": {"hp": 31, "atk": 31, "def": 31, "spa": 31, "spd": 31, "spe": 31}, "item": "Leftovers", "teraType": "Water", "role": "Bulky Support", "bvs": {"hp": 70, "atk": 100, "def": 70, "spa": 105, "spd": 75, "spe": 40}, "stats": {"hp": 275, "atk": 234, "def": 179, "spa": 243, "spd": 188, "spe": 125}, "types": ["Fire", "Ground"]}, "Slaking": {"name": "Slaking", "species": "Slaking", "speciesId": "slaking", "gender": "M", "shiny": false, "level": 84, "moves": ["earthquake", "gigaimpact", "knockoff", "doubleedge"], "ability": "Truant", "evs": {"hp": 85, "atk": 85, "def": 85, "spa": 85, "spd": 85, "spe": 85}, "ivs": {"hp": 31, "atk": 31, "def": 31, "spa": 31, "spd": 31, "spe": 31}, "item": "Choice Band", "teraType": "Ghost", "role": "Wallbreaker", "bvs": {"hp": 150, "atk": 160, "def": 100, "spa": 95, "spd": 65, "spe": 100}, "stats": {"hp": 389, "atk": 317, "def": 216, "spa": 208, "spd": 157, "spe": 216}, "types": ["Normal"]}, "Registeel": {"name": "Registeel", "species": "Registeel", "speciesId": "registeel", "gender": "N", "shiny": false, "level": 81, "moves": ["irondefense", "bodypress", "ironhead", "thunderwave"], "ability": "Clear Body", "evs": {"hp": 85, "atk": 85, "def": 85, "spa": 85, "spd": 85, "spe": 85}, "ivs": {"hp": 31, "atk": 31, "def": 31, "spa": 31, "spd": 31, "spe": 31}, "item": "Leftovers", "teraType": "Fighting", "role": "Bulky Support", "bvs": {"hp": 80, "atk": 75, "def": 150, "spa": 75, "spd": 150, "spe": 50}, "stats": {"hp": 262, "atk": 168, "def": 290, "spa": 168, "spd": 290, "spe": 128}, "types": ["Steel"]}}, {"Amoonguss": {"name": "Amoonguss", "species": "Amoonguss", "speciesId": "amoonguss", "gender": "M", "shiny": false, "level": 82, "moves": ["spore", "gigadrain", "stompingtantrum", "sludgebomb"], "ability": "Regenerator", "evs": {"hp": 85, "atk": 85, "def": 85, "spa": 85, "spd": 85, "spe": 85}, "ivs": {"hp": 31, "atk": 31, "def": 31, "spa": 31, "spd": 31, "spe": 31}, "item": "Rocky Helmet", "teraType": "Water", "role": "Bulky Attacker", "bvs": {"hp": 114, "atk": 85, "def": 70, "spa": 85, "spd": 80, "spe": 30}, "stats": {"hp": 321, "atk": 187, "def": 162, "spa": 187, "spd": 178, "spe": 96}, "types": ["Grass", "Poison"]}, "Iron Jugulis": {"name": "Iron Jugulis", "species": "Iron Jugulis", "speciesId": "ironjugulis", "gender": "N", "shiny": false, "level": 77, "moves": ["earthpower", "hurricane", "darkpulse", "meteorbeam"], "ability": "Quark Drive", "evs": {"hp": 85, "atk": 0, "def": 85, "spa": 85, "spd": 85, "spe": 85}, "ivs": {"hp": 31, "atk": 0, "def": 31, "spa": 31, "spd": 31, "spe": 31}, "item": "Power Herb", "teraType": "Ground", "role": "Setup Sweeper", "bvs": {"hp": 94, "atk": 80, "def": 86, "spa": 122, "spd": 80, "spe": 108}, "stats": {"hp": 271, "atk": 128, "def": 177, "spa": 232, "spd": 168, "spe": 211}, "types": ["Dark", "Flying"]}, "Ribombee": {"name": "Ribombee", "species": "Ribombee", "speciesId": "ribombee", "gender": "M", "shiny": false, "level": 83, "moves": ["quiverdance", "moonblast", "terablast", "bugbuzz"], "ability": "Shield Dust", "evs": {"hp": 85, "atk": 0, "def": 85, "spa": 85, "spd": 85, "spe": 85}, "ivs": {"hp": 31, "atk": 0, "def": 31, "spa": 31, "spd": 31, "spe": 31}, "item": "Heavy-Duty Boots", "teraType": "Ground", "role": "Tera Blast user", "bvs": {"hp": 60, "atk": 55, "def": 60, "spa": 95, "spd": 70, "spe": 124}, "stats": {"hp": 235, "atk": 96, "def": 147, "spa": 205, "spd": 164, "spe": 254}, "types": ["Bug", "Fairy"]}, "Walking Wake": {"name": "Walking Wake", "species": "Walking Wake", "speciesId": "walkingwake", "gender": "N", "shiny": false, "level": 79, "moves": ["dracometeor", "flamethrower", "hydrosteam", "sunnyday"], "ability": "Protosynthesis", "evs": {"hp": 85, "atk": 0, "def": 85, "spa": 85, "spd": 85, "spe": 85}, "ivs": {"hp": 31, "atk": 0, "def": 31, "spa": 31, "spd": 31, "spe": 31}, "item": "Life Orb", "teraType": "Fire", "role": "Fast Attacker", "bvs": {"hp": 99, "atk": 83, "def": 91, "spa": 125, "spd": 83, "spe": 109}, "stats": {"hp": 286, "atk": 136, "def": 189, "spa": 243, "spd": 177, "spe": 218}, "types": ["Water", "Dragon"]}, "Minun": {"name": "Minun", "species": "Minun", "speciesId": "minun", "gender": "M", "shiny": false, "level": 95, "moves": ["grassknot", "nastyplot", "thunderbolt", "alluringvoice"], "ability": "Volt Absorb", "evs": {"hp": 85, "atk": 0, "def": 85, "spa": 85, "spd": 85, "spe": 85}, "ivs": {"hp": 31, "atk": 0, "def": 31, "spa": 31, "spd": 31, "spe": 31}, "item": "Life Orb", "teraType": "Fairy", "role": "Setup Sweeper", "bvs": {"hp": 60, "atk": 40, "def": 50, "spa": 75, "spd": 85, "spe": 95}, "stats": {"hp": 268, "atk": 81, "def": 149, "spa": 196, "spd": 215, "spe": 234}, "types": ["Electric"]}, "Zapdos": {"name": "Zapdos", "species": "Zapdos-Galar", "speciesId": "zapdosgalar", "gender": "N", "shiny": false, "level": 77, "moves": ["uturn", "bravebird", "knockoff", "closecombat"], "ability": "Defiant", "evs": {"hp": 85, "atk": 85, "def": 85, "spa": 85, "spd": 85, "spe": 85}, "ivs": {"hp": 31, "atk": 31, "def": 31, "spa": 31, "spd": 31, "spe": 31}, "item": "Choice Scarf", "teraType": "Fighting", "role": "Fast Attacker", "bvs": {"hp": 90, "atk": 125, "def": 90, "spa": 85, "spd": 90, "spe": 100}, "stats": {"hp": 265, "atk": 237, "def": 183, "spa": 175, "spd": 183, "spe": 199}, "types": ["Fighting", "Flying"]}}]}