{"id": "gen9randombattle-2641591539", "format": "[Gen 9] Random Battle", "players": ["sarodiya", "MichaelderBeste2"], "log": "|badge|p1|bronze|gen9randombattle|100-9\n|html|<div class=\"broadcast-red\"><strong>This battle is required to be public due to one or more player having a season medal.</strong><br />During the public phase, you can discuss the state of the ladder <a href=\"/seasondiscussion\">in a special chatroom.</a></div>\n|uhtml|medal-msg|<div class=\"broadcast-blue\">Curious what those medals under the avatar are? PS now has Ladder Seasons! For more information, check out the <a href=\"https://www.smogon.com/forums/threads/3740067/\">thread on Smogon.</a></div>\n|badge|p2|bronze|gen9randombattle|100-9\n|uhtml|medal-msg|<div class=\"broadcast-blue\">Curious what those medals under the avatar are? PS now has Ladder Seasons! For more information, check out the <a href=\"https://www.smogon.com/forums/threads/3740067/\">thread on Smogon.</a></div>\n|j|\u2606sarodiya\n|j|\u2606MichaelderBeste2\n|t:|1782814602\n|gametype|singles\n|player|p1|sarodiya|265|2213\n|player|p2|MichaelderBeste2|#wcop2026germany|2337\n|gen|9\n|tier|[Gen 9] Random Battle\n|rated|\n|rule|Species Clause: Limit one of each Pok\u00e9mon\n|rule|HP Percentage Mod: HP is shown in percentages\n|rule|Sleep Clause Mod: Limit one foe put to sleep\n|rule|Illusion Level Mod: Illusion disguises the Pok\u00e9mon's true level\n|\n|t:|1782814602\n|teamsize|p1|6\n|teamsize|p2|6\n|start\n|switch|p1a: Flygon|Flygon, L82, M|265/265\n|switch|p2a: Clefable|Clefable, L83, M|293/293\n|turn|1\n|inactive|Battle timer is ON: inactive players will automatically lose when time's up. (requested by sarodiya)\n|\n|t:|1782814612\n|move|p1a: Flygon|U-turn|p2a: Clefable\n|-resisted|p2a: Clefable\n|-damage|p2a: Clefable|265/293\n|\n|t:|1782814613\n|switch|p1a: Fezandipiti|Fezandipiti, L82, M|278/278|[from] U-turn\n|move|p2a: Clefable|Moonblast|p1a: Fezandipiti\n|-resisted|p1a: Fezandipiti\n|-damage|p1a: Fezandipiti|230/278\n|\n|-heal|p1a: Fezandipiti|247/278|[from] item: Leftovers\n|upkeep\n|turn|2\n|\n|t:|1782814625\n|switch|p2a: Overqwil|Overqwil, L82, F|274/274\n|-ability|p2a: Overqwil|Intimidate|boost\n|-unboost|p1a: Fezandipiti|atk|1\n|move|p1a: Fezandipiti|Swords Dance|p1a: Fezandipiti\n|-boost|p1a: Fezandipiti|atk|2\n|\n|-heal|p1a: Fezandipiti|264/278|[from] item: Leftovers\n|upkeep\n|turn|3\n|\n|t:|1782814630\n|move|p1a: Fezandipiti|Play Rough|p2a: Overqwil\n|-damage|p2a: Overqwil|144/274\n|move|p2a: Overqwil|Gunk Shot|p1a: Fezandipiti\n|-damage|p1a: Fezandipiti|56/278\n|-damage|p2a: Overqwil|117/274|[from] item: Life Orb\n|\n|-heal|p1a: Fezandipiti|73/278|[from] item: Leftovers\n|upkeep\n|turn|4\n|\n|t:|1782814635\n|move|p1a: Fezandipiti|Play Rough|p2a: Overqwil\n|-damage|p2a: Overqwil|0 fnt\n|faint|p2a: Overqwil\n|\n|-heal|p1a: Fezandipiti|90/278|[from] item: Leftovers\n|upkeep\n|\n|t:|1782814637\n|switch|p2a: Scyther|Scyther, L82, M|249/249\n|turn|5\n|\n|t:|1782814658\n|move|p2a: Scyther|Dual Wingbeat|p1a: Fezandipiti\n|-damage|p1a: Fezandipiti|15/278\n|-damage|p1a: Fezandipiti|0 fnt\n|faint|p1a: Fezandipiti\n|-hitcount|p1: Fezandipiti|2\n|\n|upkeep\n|\n|t:|1782814661\n|switch|p1a: Torkoal|Torkoal, L88, F|266/266\n|-weather|SunnyDay|[from] ability: Drought|[of] p1a: Torkoal\n|turn|6\n|\n|t:|1782814668\n|move|p2a: Scyther|U-turn|p1a: Torkoal\n|-resisted|p1a: Torkoal\n|-crit|p1a: Torkoal\n|-damage|p1a: Torkoal|226/266\n|\n|t:|1782814672\n|switch|p2a: Clefable|Clefable, L83, M|265/293|[from] U-turn\n|move|p1a: Torkoal|Stealth Rock|p2a: Clefable\n|-sidestart|p2: MichaelderBeste2|move: Stealth Rock\n|\n|-weather|SunnyDay|[upkeep]\n|upkeep\n|turn|7\n|\n|t:|1782814675\n|switch|p1a: Chansey|Chansey, L85, F|564/564\n|move|p2a: Clefable|Fire Blast|p1a: Chansey\n|-damage|p1a: Chansey|474/564\n|\n|-weather|SunnyDay|[upkeep]\n|upkeep\n|turn|8\n|\n|t:|1782814685\n|switch|p2a: Breloom|Breloom, L83, M|235/235\n|-damage|p2a: Breloom|221/235|[from] Stealth Rock\n|move|p1a: Chansey|Thunder Wave|p2a: Breloom\n|-status|p2a: Breloom|par\n|\n|-weather|SunnyDay|[upkeep]\n|upkeep\n|turn|9\n|\n|t:|1782814700\n|switch|p1a: Flygon|Flygon, L82, M|265/265\n|cant|p2a: Breloom|par\n|\n|-weather|SunnyDay|[upkeep]\n|upkeep\n|turn|10\n|\n|t:|1782814706\n|move|p1a: Flygon|Outrage|p2a: Breloom\n|-damage|p2a: Breloom|94/235 par\n|move|p2a: Breloom|Spore|p1a: Flygon\n|-status|p1a: Flygon|slp|[from] move: Spore\n|\n|-weather|none\n|upkeep\n|turn|11\n|\n|t:|1782814718\n|switch|p1a: Torkoal|Torkoal, L88, F|226/266\n|-weather|SunnyDay|[from] ability: Drought|[of] p1a: Torkoal\n|move|p2a: Breloom|Bullet Seed|p1a: Torkoal\n|-resisted|p1a: Torkoal\n|-damage|p1a: Torkoal|203/266\n|-resisted|p1a: Torkoal\n|-damage|p1a: Torkoal|182/266\n|-resisted|p1a: Torkoal\n|-damage|p1a: Torkoal|163/266\n|-hitcount|p1a: Torkoal|3\n|-damage|p2a: Breloom|71/235 par|[from] item: Life Orb\n|\n|-weather|SunnyDay|[upkeep]\n|upkeep\n|turn|12\n|\n|t:|1782814725\n|move|p2a: Breloom|Mach Punch|p1a: Torkoal\n|-damage|p1a: Torkoal|92/266\n|-damage|p2a: Breloom|48/235 par|[from] item: Life Orb\n|move|p1a: Torkoal|Lava Plume|p2a: Breloom\n|-supereffective|p2a: Breloom\n|-damage|p2a: Breloom|0 fnt\n|faint|p2a: Breloom\n|\n|-weather|SunnyDay|[upkeep]\n|upkeep\n|\n|t:|1782814730\n|switch|p2a: Clefable|Clefable, L83, M|265/293\n|turn|13\n|\n|t:|1782814736\n|move|p2a: Clefable|Calm Mind|p2a: Clefable\n|-boost|p2a: Clefable|spa|1\n|-boost|p2a: Clefable|spd|1\n|move|p1a: Torkoal|Lava Plume|p2a: Clefable\n|-damage|p2a: Clefable|180/293\n|\n|-weather|SunnyDay|[upkeep]\n|upkeep\n|turn|14\n|\n|t:|1782814739\n|switch|p1a: Chansey|Chansey, L85, F|474/564\n|move|p2a: Clefable|Moonblast|p1a: Chansey\n|-damage|p1a: Chansey|357/564\n|-unboost|p1a: Chansey|spa|1\n|\n|-weather|SunnyDay|[upkeep]\n|upkeep\n|turn|15\n|\n|t:|1782814744\n|move|p2a: Clefable|Calm Mind|p2a: Clefable\n|-boost|p2a: Clefable|spa|1\n|-boost|p2a: Clefable|spd|1\n|move|p1a: Chansey|Thunder Wave|p2a: Clefable\n|-status|p2a: Clefable|par\n|\n|-weather|none\n|upkeep\n|turn|16\n|\n|t:|1782814746\n|move|p1a: Chansey|Heal Bell|p1a: Chansey\n|-activate|p1a: Chansey|move: Heal Bell\n|-curestatus|p1: Flygon|slp|[msg]\n|move|p2a: Clefable|Moonlight|p2a: Clefable\n|-heal|p2a: Clefable|293/293 par\n|\n|upkeep\n|turn|17\n|\n|t:|1782814752\n|move|p1a: Chansey|Seismic Toss|p2a: Clefable\n|-damage|p2a: Clefable|208/293 par\n|move|p2a: Clefable|Calm Mind|p2a: Clefable\n|-boost|p2a: Clefable|spa|1\n|-boost|p2a: Clefable|spd|1\n|\n|upkeep\n|turn|18\n|\n|t:|1782814755\n|move|p1a: Chansey|Seismic Toss|p2a: Clefable\n|-damage|p2a: Clefable|123/293 par\n|move|p2a: Clefable|Moonlight|p2a: Clefable\n|-heal|p2a: Clefable|269/293 par\n|\n|upkeep\n|turn|19\n|\n|t:|1782814758\n|move|p1a: Chansey|Seismic Toss|p2a: Clefable\n|-damage|p2a: Clefable|184/293 par\n|cant|p2a: Clefable|par\n|\n|upkeep\n|turn|20\n|\n|t:|1782814759\n|move|p1a: Chansey|Seismic Toss|p2a: Clefable\n|-damage|p2a: Clefable|99/293 par\n|move|p2a: Clefable|Moonlight|p2a: Clefable\n|-heal|p2a: Clefable|245/293 par\n|\n|upkeep\n|turn|21\n|\n|t:|1782814763\n|move|p1a: Chansey|Seismic Toss|p2a: Clefable\n|-damage|p2a: Clefable|160/293 par\n|move|p2a: Clefable|Moonblast|p1a: Chansey\n|-damage|p1a: Chansey|178/564\n|\n|upkeep\n|turn|22\n|\n|t:|1782814765\n|move|p1a: Chansey|Soft-Boiled|p1a: Chansey\n|-heal|p1a: Chansey|460/564\n|move|p2a: Clefable|Moonlight|p2a: Clefable\n|-heal|p2a: Clefable|293/293 par\n|\n|upkeep\n|turn|23\n|\n|t:|1782814767\n|move|p1a: Chansey|Seismic Toss|p2a: Clefable\n|-damage|p2a: Clefable|208/293 par\n|move|p2a: Clefable|Calm Mind|p2a: Clefable\n|-boost|p2a: Clefable|spa|1\n|-boost|p2a: Clefable|spd|1\n|\n|upkeep\n|turn|24\n|\n|t:|1782814771\n|move|p1a: Chansey|Seismic Toss|p2a: Clefable\n|-damage|p2a: Clefable|123/293 par\n|move|p2a: Clefable|Moonlight|p2a: Clefable\n|-heal|p2a: Clefable|269/293 par\n|\n|upkeep\n|turn|25\n|\n|t:|1782814773\n|move|p1a: Chansey|Seismic Toss|p2a: Clefable\n|-damage|p2a: Clefable|184/293 par\n|move|p2a: Clefable|Moonblast|p1a: Chansey\n|-damage|p1a: Chansey|260/564\n|\n|upkeep\n|turn|26\n|\n|t:|1782814776\n|move|p1a: Chansey|Soft-Boiled|p1a: Chansey\n|-heal|p1a: Chansey|542/564\n|move|p2a: Clefable|Moonlight|p2a: Clefable\n|-heal|p2a: Clefable|293/293 par\n|\n|upkeep\n|turn|27\n|\n|t:|1782814779\n|move|p1a: Chansey|Seismic Toss|p2a: Clefable\n|-damage|p2a: Clefable|208/293 par\n|move|p2a: Clefable|Moonblast|p1a: Chansey\n|-damage|p1a: Chansey|315/564\n|-unboost|p1a: Chansey|spa|1\n|\n|upkeep\n|turn|28\n|\n|t:|1782814781\n|move|p1a: Chansey|Seismic Toss|p2a: Clefable\n|-damage|p2a: Clefable|123/293 par\n|move|p2a: Clefable|Moonblast|p1a: Chansey\n|-damage|p1a: Chansey|91/564\n|\n|upkeep\n|turn|29\n|\n|t:|1782814783\n|move|p1a: Chansey|Soft-Boiled|p1a: Chansey\n|-heal|p1a: Chansey|373/564\n|move|p2a: Clefable|Moonlight|p2a: Clefable\n|-heal|p2a: Clefable|269/293 par\n|\n|upkeep\n|turn|30\n|\n|t:|1782814786\n|move|p1a: Chansey|Seismic Toss|p2a: Clefable\n|-damage|p2a: Clefable|184/293 par\n|move|p2a: Clefable|Moonblast|p1a: Chansey\n|-damage|p1a: Chansey|149/564\n|\n|upkeep\n|turn|31\n|\n|t:|1782814788\n|move|p1a: Chansey|Soft-Boiled|p1a: Chansey\n|-heal|p1a: Chansey|431/564\n|move|p2a: Clefable|Moonblast|p1a: Chansey\n|-damage|p1a: Chansey|211/564\n|\n|upkeep\n|turn|32\n|\n|t:|1782814790\n|move|p1a: Chansey|Soft-Boiled|p1a: Chansey\n|-heal|p1a: Chansey|493/564\n|move|p2a: Clefable|Moonblast|p1a: Chansey\n|-damage|p1a: Chansey|290/564\n|\n|upkeep\n|turn|33\n|\n|t:|1782814794\n|move|p1a: Chansey|Seismic Toss|p2a: Clefable\n|-damage|p2a: Clefable|99/293 par\n|move|p2a: Clefable|Moonblast|p1a: Chansey\n|-damage|p1a: Chansey|52/564\n|\n|upkeep\n|turn|34\n|\n|t:|1782814796\n|move|p1a: Chansey|Soft-Boiled|p1a: Chansey\n|-heal|p1a: Chansey|334/564\n|cant|p2a: Clefable|par\n|\n|upkeep\n|turn|35\n|\n|t:|1782814798\n|move|p1a: Chansey|Seismic Toss|p2a: Clefable\n|-damage|p2a: Clefable|14/293 par\n|move|p2a: Clefable|Moonlight|p2a: Clefable\n|-heal|p2a: Clefable|160/293 par\n|\n|upkeep\n|turn|36\n|\n|t:|1782814802\n|move|p1a: Chansey|Seismic Toss|p2a: Clefable\n|-damage|p2a: Clefable|75/293 par\n|move|p2a: Clefable|Moonblast|p1a: Chansey\n|-damage|p1a: Chansey|123/564\n|\n|upkeep\n|turn|37\n|\n|t:|1782814804\n|switch|p2a: Scyther|Scyther, L82, M|249/249\n|move|p1a: Chansey|Soft-Boiled|p1a: Chansey\n|-heal|p1a: Chansey|405/564\n|\n|upkeep\n|turn|38\n|\n|t:|1782814810\n|switch|p1a: Flygon|Flygon, L82, M|265/265\n|move|p2a: Scyther|Close Combat|p1a: Flygon\n|-damage|p1a: Flygon|171/265\n|-unboost|p2a: Scyther|def|1\n|-unboost|p2a: Scyther|spd|1\n|\n|upkeep\n|turn|39\n|\n|t:|1782814816\n|switch|p2a: Clefable|Clefable, L83, M|75/293 par\n|move|p1a: Flygon|Stone Edge|p2a: Clefable\n|-damage|p2a: Clefable|0 fnt\n|faint|p2a: Clefable\n|\n|upkeep\n|\n|t:|1782814818\n|switch|p2a: Latias|Latias, L79, F|256/256\n|-damage|p2a: Latias|224/256|[from] Stealth Rock\n|turn|40\n|\n|t:|1782814829\n|switch|p1a: Torkoal|Torkoal, L88, F|92/266\n|-weather|SunnyDay|[from] ability: Drought|[of] p1a: Torkoal\n|move|p2a: Latias|Calm Mind|p2a: Latias\n|-boost|p2a: Latias|spa|1\n|-boost|p2a: Latias|spd|1\n|\n|-weather|SunnyDay|[upkeep]\n|upkeep\n|turn|41\n|inactive|MichaelderBeste2 has 120 seconds left.\n|\n|t:|1782814880\n|switch|p1a: Flygon|Flygon, L82, M|171/265\n|move|p2a: Latias|Psyshock|p1a: Flygon\n|-damage|p1a: Flygon|17/265\n|\n|-weather|SunnyDay|[upkeep]\n|upkeep\n|turn|42\n|inactive|MichaelderBeste2 has 120 seconds left.\n|\n|t:|1782814891\n|switch|p2a: Ribombee|Ribombee, L83, M|235/235\n|move|p1a: Flygon|U-turn|p2a: Ribombee\n|-resisted|p2a: Ribombee\n|-damage|p2a: Ribombee|205/235\n|\n|t:|1782814898\n|switch|p1a: Chansey|Chansey, L85, F|405/564|[from] U-turn\n|\n|-weather|SunnyDay|[upkeep]\n|upkeep\n|turn|43\n|\n|t:|1782814901\n|switch|p2a: Scyther|Scyther, L82, M|249/249\n|move|p1a: Chansey|Thunder Wave|p2a: Scyther\n|-status|p2a: Scyther|par\n|\n|-weather|SunnyDay|[upkeep]\n|upkeep\n|turn|44\n|\n|t:|1782814926\n|switch|p1a: Torkoal|Torkoal, L88, F|92/266\n|cant|p2a: Scyther|par\n|\n|-weather|none\n|upkeep\n|turn|45\n|\n|t:|1782814941\n|cant|p2a: Scyther|par\n|move|p1a: Torkoal|Lava Plume|p2a: Scyther\n|-supereffective|p2a: Scyther\n|-damage|p2a: Scyther|79/249 par\n|\n|upkeep\n|turn|46\n|\n|t:|1782814945\n|move|p2a: Scyther|U-turn|p1a: Torkoal\n|-resisted|p1a: Torkoal\n|-crit|p1a: Torkoal\n|-damage|p1a: Torkoal|51/266\n|\n|t:|1782814947\n|switch|p2a: Latias|Latias, L79, F|224/256|[from] U-turn\n|-damage|p2a: Latias|192/256|[from] Stealth Rock\n|move|p1a: Torkoal|Lava Plume|p2a: Latias\n|-resisted|p2a: Latias\n|-damage|p2a: Latias|159/256\n|\n|upkeep\n|turn|47\n|\n|t:|1782814970\n|move|p2a: Latias|Calm Mind|p2a: Latias\n|-boost|p2a: Latias|spa|1\n|-boost|p2a: Latias|spd|1\n|move|p1a: Torkoal|Lava Plume|p2a: Latias\n|-resisted|p2a: Latias\n|-damage|p2a: Latias|136/256\n|\n|upkeep\n|turn|48\n|\n|t:|1782814975\n|move|p2a: Latias|Calm Mind|p2a: Latias\n|-boost|p2a: Latias|spa|1\n|-boost|p2a: Latias|spd|1\n|move|p1a: Torkoal|Lava Plume|p2a: Latias\n|-resisted|p2a: Latias\n|-damage|p2a: Latias|118/256\n|\n|upkeep\n|turn|49\n|\n|t:|1782814982\n|move|p2a: Latias|Recover|p2a: Latias\n|-heal|p2a: Latias|246/256\n|move|p1a: Torkoal|Lava Plume|p2a: Latias\n|-resisted|p2a: Latias\n|-damage|p2a: Latias|231/256\n|\n|upkeep\n|turn|50\n|\n|t:|1782814993\n|move|p2a: Latias|Psyshock|p1a: Torkoal\n|-damage|p1a: Torkoal|0 fnt\n|faint|p1a: Torkoal\n|\n|upkeep\n|\n|t:|1782814996\n|switch|p1a: Flygon|Flygon, L82, M|17/265\n|turn|51\n|\n|t:|1782815001\n|-terastallize|p2a: Latias|Steel\n|move|p1a: Flygon|U-turn|p2a: Latias\n|-resisted|p2a: Latias\n|-damage|p2a: Latias|208/256\n|\n|t:|1782815011\n|switch|p1a: Zapdos|Zapdos-Galar, L77|265/265|[from] U-turn\n|move|p2a: Latias|Calm Mind|p2a: Latias\n|-boost|p2a: Latias|spa|1\n|-boost|p2a: Latias|spd|1\n|\n|upkeep\n|turn|52\n|\n|t:|1782815014\n|move|p2a: Latias|Draco Meteor|p1a: Zapdos\n|-damage|p1a: Zapdos|0 fnt\n|-unboost|p2a: Latias|spa|2\n|faint|p1a: Zapdos\n|\n|upkeep\n|\n|t:|1782815021\n|switch|p1a: Chansey|Chansey, L85, F|405/564\n|turn|53\n|\n|t:|1782815023\n|-terastallize|p1a: Chansey|Dark\n|move|p2a: Latias|Psyshock|p1a: Chansey\n|-immune|p1a: Chansey\n|move|p1a: Chansey|Thunder Wave|p2a: Latias\n|-status|p2a: Latias|par\n|\n|upkeep\n|turn|54\n|\n|t:|1782815032\n|move|p1a: Chansey|Seismic Toss|p2a: Latias\n|-damage|p2a: Latias|123/256 par\n|move|p2a: Latias|Draco Meteor|p1a: Chansey\n|-damage|p1a: Chansey|273/564\n|-unboost|p2a: Latias|spa|2\n|\n|upkeep\n|turn|55\n|\n|t:|1782815038\n|move|p1a: Chansey|Soft-Boiled|p1a: Chansey\n|-heal|p1a: Chansey|555/564\n|move|p2a: Latias|Recover|p2a: Latias\n|-heal|p2a: Latias|251/256 par\n|\n|upkeep\n|turn|56\n|\n|t:|1782815044\n|switch|p2a: Scyther|Scyther, L82, M|79/249 par\n|move|p1a: Chansey|Seismic Toss|p2a: Scyther\n|-damage|p2a: Scyther|0 fnt\n|faint|p2a: Scyther\n|\n|upkeep\n|\n|t:|1782815046\n|switch|p2a: Ribombee|Ribombee, L83, M|205/235\n|turn|57\n|\n|t:|1782815050\n|move|p2a: Ribombee|Quiver Dance|p2a: Ribombee\n|-boost|p2a: Ribombee|spa|1\n|-boost|p2a: Ribombee|spd|1\n|-boost|p2a: Ribombee|spe|1\n|move|p1a: Chansey|Thunder Wave|p2a: Ribombee\n|-status|p2a: Ribombee|par\n|\n|upkeep\n|turn|58\n|\n|t:|1782815052\n|cant|p2a: Ribombee|par\n|move|p1a: Chansey|Seismic Toss|p2a: Ribombee\n|-damage|p2a: Ribombee|120/235 par\n|\n|upkeep\n|turn|59\n|\n|t:|1782815054\n|move|p2a: Ribombee|Moonblast|p1a: Chansey\n|-supereffective|p1a: Chansey\n|-damage|p1a: Chansey|399/564\n|move|p1a: Chansey|Seismic Toss|p2a: Ribombee\n|-damage|p2a: Ribombee|35/235 par\n|\n|upkeep\n|turn|60\n|\n|t:|1782815056\n|cant|p2a: Ribombee|par\n|move|p1a: Chansey|Seismic Toss|p2a: Ribombee\n|-damage|p2a: Ribombee|0 fnt\n|faint|p2a: Ribombee\n|\n|upkeep\n|\n|t:|1782815057\n|switch|p2a: Latias|Latias, L79, F, tera:Steel|251/256 par\n|-damage|p2a: Latias|235/256 par|[from] Stealth Rock\n|turn|61\n|\n|t:|1782815059\n|switch|p1a: Flygon|Flygon, L82, M|17/265\n|move|p2a: Latias|Calm Mind|p2a: Latias\n|-boost|p2a: Latias|spa|1\n|-boost|p2a: Latias|spd|1\n|\n|upkeep\n|turn|62\n|\n|t:|1782815064\n|move|p1a: Flygon|Outrage|p2a: Latias\n|-resisted|p2a: Latias\n|-damage|p2a: Latias|175/256 par\n|cant|p2a: Latias|par\n|\n|upkeep\n|turn|63\n|\n|t:|1782815066\n|move|p1a: Flygon|Outrage|p2a: Latias|[from] lockedmove\n|-resisted|p2a: Latias\n|-damage|p2a: Latias|112/256 par\n|cant|p2a: Latias|par\n|\n|upkeep\n|turn|64\n|\n|t:|1782815068\n|move|p1a: Flygon|Outrage|p2a: Latias|[from] lockedmove\n|-resisted|p2a: Latias\n|-damage|p2a: Latias|49/256 par\n|-start|p1a: Flygon|confusion|[fatigue]\n|cant|p2a: Latias|par\n|\n|upkeep\n|turn|65\n|\n|t:|1782815071\n|switch|p1a: Koraidon|Koraidon, L64|235/235\n|-weather|SunnyDay|[from] ability: Orichalcum Pulse|[of] p1a: Koraidon\n|-activate|p1a: Koraidon|Orichalcum Pulse|[source]\n|move|p2a: Latias|Recover|p2a: Latias\n|-heal|p2a: Latias|177/256 par\n|\n|-weather|SunnyDay|[upkeep]\n|upkeep\n|turn|66\n|\n|t:|1782815074\n|move|p1a: Koraidon|Close Combat|p2a: Latias\n|-supereffective|p2a: Latias\n|-damage|p2a: Latias|0 fnt\n|-unboost|p1a: Koraidon|def|1\n|-unboost|p1a: Koraidon|spd|1\n|faint|p2a: Latias\n|\n|win|sarodiya\n", "inputlog": ">version f8ac14003a5f27e1bdc8d8c59608a773c1cb96e5\n>start {\"formatid\":\"gen9randombattle\",\"seed\":\"sodium,5bb1fe7650c85dc9b6079b560a3c8fd7\",\"rated\":\"Rated battle\"}\n>player p1 {\"name\":\"sarodiya\",\"avatar\":\"265\",\"rating\":2213,\"seed\":\"sodium,1f3a58116ab2edfaebe95fb7fa830c76\"}\n>player p2 {\"name\":\"MichaelderBeste2\",\"avatar\":\"#wcop2026germany\",\"rating\":2337,\"seed\":\"sodium,e5c9b05934bfbb73803477ac8edd7c28\"}\n>p1 move uturn\n>p2 move moonblast\n>p1 switch 2\n>p1 move swordsdance\n>p2 switch 4\n>p1 move playrough\n>p2 move gunkshot\n>p1 move playrough\n>p2 move liquidation\n>p2 switch 3\n>p1 move gunkshot\n>p2 move dualwingbeat\n>p1 switch 6\n>p1 move stealthrock\n>p2 move uturn\n>p2 switch 4\n>p1 switch 4\n>p2 move fireblast\n>p1 move thunderwave\n>p2 switch 5\n>p1 switch 2\n>p2 move spore\n>p1 move outrage\n>p2 move spore\n>p1 switch 4\n>p2 move bulletseed\n>p1 move lavaplume\n>p2 move machpunch\n>p2 switch 5\n>p1 move lavaplume\n>p2 move calmmind\n>p1 switch 2\n>p2 move moonblast\n>p1 move thunderwave\n>p2 move calmmind\n>p1 move healbell\n>p2 move moonlight\n>p1 move seismictoss\n>p2 move calmmind\n>p1 move seismictoss\n>p2 move moonlight\n>p1 move seismictoss\n>p2 move calmmind\n>p1 move seismictoss\n>p2 move moonlight\n>p1 move seismictoss\n>p2 move moonblast\n>p1 move softboiled\n>p2 move moonlight\n>p1 move seismictoss\n>p2 move calmmind\n>p1 move seismictoss\n>p2 move moonlight\n>p1 move seismictoss\n>p2 move moonblast\n>p1 move softboiled\n>p2 move moonlight\n>p1 move seismictoss\n>p2 move moonblast\n>p1 move seismictoss\n>p2 move moonblast\n>p1 move softboiled\n>p2 move moonlight\n>p1 move seismictoss\n>p2 move moonblast\n>p1 move softboiled\n>p2 move moonblast\n>p1 move softboiled\n>p2 move moonblast\n>p1 move seismictoss\n>p2 move moonblast\n>p1 move softboiled\n>p2 move moonlight\n>p1 move seismictoss\n>p2 move moonlight\n>p1 move seismictoss\n>p2 move moonblast\n>p1 move softboiled\n>p2 switch 4\n>p1 switch 4\n>p2 move closecombat\n>p1 move stoneedge\n>p2 switch 4\n>p2 switch 6\n>p1 switch 2\n>p2 move calmmind\n>p1 switch 2\n>p2 move psyshock\n>p1 move uturn\n>p2 switch 2\n>p1 switch 4\n>p1 move thunderwave\n>p2 switch 4\n>p1 switch 2\n>p2 move dualwingbeat\n>p1 move lavaplume\n>p2 move uturn\n>p1 move lavaplume\n>p2 move uturn\n>p2 switch 2\n>p1 move lavaplume\n>p2 move calmmind\n>p1 move lavaplume\n>p2 move calmmind\n>p1 move lavaplume\n>p2 move recover\n>p1 move lavaplume\n>p2 move psyshock\n>p1 switch 4\n>p1 move uturn\n>p2 move calmmind terastallize\n>p1 switch 5\n>p1 move closecombat\n>p2 move dracometeor\n>p1 switch 2\n>p1 move thunderwave terastallize\n>p2 move psyshock\n>p1 move seismictoss\n>p2 move dracometeor\n>p1 move softboiled\n>p2 move recover\n>p1 move seismictoss\n>p2 switch 2\n>p2 switch 4\n>p1 move thunderwave\n>p2 move quiverdance\n>p1 move seismictoss\n>p2 move moonblast\n>p1 move seismictoss\n>p2 move moonblast\n>p1 move seismictoss\n>p2 move moonblast\n>p2 switch 2\n>p1 switch 5\n>p2 move calmmind\n>p1 move outrage\n>p2 move calmmind\n>p1 move outrage\n>p2 move recover\n>p1 move outrage\n>p2 move recover\n>p1 switch 3\n>p2 move recover\n>p1 move closecombat\n>p2 move psyshock", "uploadtime": 1782814603, "views": 13, "formatid": "gen9randombattle", "rating": null, "private": 0, "password": null, "player_dets": [{"name": "sarodiya", "avatar": "265", "rating": 2213, "seed": "sodium,1f3a58116ab2edfaebe95fb7fa830c76"}, {"name": "MichaelderBeste2", "avatar": "#wcop2026germany", "rating": 2337, "seed": "sodium,e5c9b05934bfbb73803477ac8edd7c28"}], "teams_full": [{"Flygon": {"name": "Flygon", "species": "Flygon", "speciesId": "flygon", "gender": "M", "shiny": false, "level": 82, "moves": ["stoneedge", "uturn", "outrage", "earthquake"], "ability": "Levitate", "evs": {"hp": 85, "atk": 85, "def": 85, "spa": 85, "spd": 85, "spe": 85}, "ivs": {"hp": 31, "atk": 31, "def": 31, "spa": 31, "spd": 31, "spe": 31}, "item": "Choice Scarf", "teraType": "Ground", "role": "Fast Attacker", "bvs": {"hp": 80, "atk": 100, "def": 80, "spa": 80, "spd": 80, "spe": 100}, "stats": {"hp": 265, "atk": 211, "def": 178, "spa": 178, "spd": 178, "spe": 211}, "types": ["Ground", "Dragon"]}, "Fezandipiti": {"name": "Fezandipiti", "species": "Fezandipiti", "speciesId": "fezandipiti", "gender": "M", "shiny": false, "level": 82, "moves": ["playrough", "terablast", "swordsdance", "gunkshot"], "ability": "Toxic Chain", "evs": {"hp": 85, "atk": 85, "def": 85, "spa": 85, "spd": 85, "spe": 85}, "ivs": {"hp": 31, "atk": 31, "def": 31, "spa": 31, "spd": 31, "spe": 31}, "item": "Leftovers", "teraType": "Ground", "role": "Tera Blast user", "bvs": {"hp": 88, "atk": 91, "def": 82, "spa": 70, "spd": 125, "spe": 99}, "stats": {"hp": 278, "atk": 196, "def": 182, "spa": 162, "spd": 252, "spe": 210}, "types": ["Poison", "Fairy"]}, "Koraidon": {"name": "Koraidon", "species": "Koraidon", "speciesId": "koraidon", "gender": "N", "shiny": false, "level": 64, "moves": ["uturn", "closecombat", "flareblitz", "outrage"], "ability": "Orichalcum Pulse", "evs": {"hp": 85, "atk": 85, "def": 85, "spa": 85, "spd": 85, "spe": 85}, "ivs": {"hp": 31, "atk": 31, "def": 31, "spa": 31, "spd": 31, "spe": 31}, "item": "Choice Band", "teraType": "Fire", "role": "Fast Attacker", "bvs": {"hp": 100, "atk": 135, "def": 115, "spa": 85, "spd": 100, "spe": 135}, "stats": {"hp": 235, "atk": 211, "def": 185, "spa": 147, "spd": 166, "spe": 211}, "types": ["Fighting", "Dragon"]}, "Chansey": {"name": "Chansey", "species": "Chansey", "speciesId": "chansey", "gender": "F", "shiny": false, "level": 85, "moves": ["healbell", "thunderwave", "seismictoss", "softboiled"], "ability": "Natural Cure", "evs": {"hp": 85, "atk": 0, "def": 85, "spa": 85, "spd": 85, "spe": 85}, "ivs": {"hp": 31, "atk": 0, "def": 31, "spa": 31, "spd": 31, "spe": 31}, "item": "Eviolite", "teraType": "Dark", "role": "Bulky Support", "bvs": {"hp": 250, "atk": 5, "def": 5, "spa": 35, "spd": 105, "spe": 50}, "stats": {"hp": 564, "atk": 13, "def": 57, "spa": 108, "spd": 227, "spe": 134}, "types": ["Normal"]}, "Zapdos": {"name": "Zapdos", "species": "Zapdos-Galar", "speciesId": "zapdosgalar", "gender": "N", "shiny": false, "level": 77, "moves": ["knockoff", "bulkup", "bravebird", "closecombat"], "ability": "Defiant", "evs": {"hp": 85, "atk": 85, "def": 85, "spa": 85, "spd": 85, "spe": 85}, "ivs": {"hp": 31, "atk": 31, "def": 31, "spa": 31, "spd": 31, "spe": 31}, "item": "Life Orb", "teraType": "Fighting", "role": "Fast Attacker", "bvs": {"hp": 90, "atk": 125, "def": 90, "spa": 85, "spd": 90, "spe": 100}, "stats": {"hp": 265, "atk": 237, "def": 183, "spa": 175, "spd": 183, "spe": 199}, "types": ["Fighting", "Flying"]}, "Torkoal": {"name": "Torkoal", "species": "Torkoal", "speciesId": "torkoal", "gender": "F", "shiny": false, "level": 88, "moves": ["rapidspin", "stealthrock", "solarbeam", "lavaplume"], "ability": "Drought", "evs": {"hp": 85, "atk": 85, "def": 85, "spa": 85, "spd": 85, "spe": 85}, "ivs": {"hp": 31, "atk": 31, "def": 31, "spa": 31, "spd": 31, "spe": 31}, "item": "Heavy-Duty Boots", "teraType": "Dragon", "role": "Bulky Support", "bvs": {"hp": 70, "atk": 85, "def": 140, "spa": 85, "spd": 70, "spe": 20}, "stats": {"hp": 266, "atk": 200, "def": 297, "spa": 200, "spd": 173, "spe": 85}, "types": ["Fire"]}}, {"Clefable": {"name": "Clefable", "species": "Clefable", "speciesId": "clefable", "gender": "M", "shiny": false, "level": 83, "moves": ["moonblast", "moonlight", "calmmind", "fireblast"], "ability": "Magic Guard", "evs": {"hp": 85, "atk": 0, "def": 85, "spa": 85, "spd": 85, "spe": 85}, "ivs": {"hp": 31, "atk": 0, "def": 31, "spa": 31, "spd": 31, "spe": 31}, "item": "Life Orb", "teraType": "Fire", "role": "Bulky Setup", "bvs": {"hp": 95, "atk": 70, "def": 73, "spa": 95, "spd": 90, "spe": 60}, "stats": {"hp": 293, "atk": 121, "def": 169, "spa": 205, "spd": 197, "spe": 147}, "types": ["Fairy"]}, "Ribombee": {"name": "Ribombee", "species": "Ribombee", "speciesId": "ribombee", "gender": "M", "shiny": false, "level": 83, "moves": ["terablast", "quiverdance", "bugbuzz", "moonblast"], "ability": "Shield Dust", "evs": {"hp": 85, "atk": 0, "def": 85, "spa": 85, "spd": 85, "spe": 85}, "ivs": {"hp": 31, "atk": 0, "def": 31, "spa": 31, "spd": 31, "spe": 31}, "item": "Heavy-Duty Boots", "teraType": "Ground", "role": "Tera Blast user", "bvs": {"hp": 60, "atk": 55, "def": 60, "spa": 95, "spd": 70, "spe": 124}, "stats": {"hp": 235, "atk": 96, "def": 147, "spa": 205, "spd": 164, "spe": 254}, "types": ["Bug", "Fairy"]}, "Scyther": {"name": "Scyther", "species": "Scyther", "speciesId": "scyther", "gender": "M", "shiny": false, "level": 82, "moves": ["dualwingbeat", "defog", "uturn", "closecombat"], "ability": "Technician", "evs": {"hp": 85, "atk": 85, "def": 85, "spa": 85, "spd": 85, "spe": 85}, "ivs": {"hp": 31, "atk": 31, "def": 31, "spa": 31, "spd": 31, "spe": 31}, "item": "Heavy-Duty Boots", "teraType": "Fighting", "role": "Fast Support", "bvs": {"hp": 70, "atk": 110, "def": 80, "spa": 55, "spd": 80, "spe": 105}, "stats": {"hp": 249, "atk": 228, "def": 178, "spa": 137, "spd": 178, "spe": 219}, "types": ["Bug", "Flying"]}, "Overqwil": {"name": "Overqwil", "species": "Overqwil", "speciesId": "overqwil", "gender": "F", "shiny": false, "level": 82, "moves": ["swordsdance", "crunch", "liquidation", "gunkshot"], "ability": "Intimidate", "evs": {"hp": 85, "atk": 85, "def": 85, "spa": 85, "spd": 85, "spe": 85}, "ivs": {"hp": 31, "atk": 31, "def": 31, "spa": 31, "spd": 31, "spe": 31}, "item": "Life Orb", "teraType": "Water", "role": "Fast Attacker", "bvs": {"hp": 85, "atk": 115, "def": 95, "spa": 65, "spd": 65, "spe": 85}, "stats": {"hp": 274, "atk": 236, "def": 203, "spa": 154, "spd": 154, "spe": 187}, "types": ["Dark", "Poison"]}, "Breloom": {"name": "Breloom", "species": "Breloom", "speciesId": "breloom", "gender": "M", "shiny": false, "level": 83, "moves": ["machpunch", "spore", "bulletseed", "swordsdance"], "ability": "Technician", "evs": {"hp": 85, "atk": 85, "def": 85, "spa": 85, "spd": 85, "spe": 85}, "ivs": {"hp": 31, "atk": 31, "def": 31, "spa": 31, "spd": 31, "spe": 31}, "item": "Life Orb", "teraType": "Fighting", "role": "Fast Attacker", "bvs": {"hp": 60, "atk": 130, "def": 80, "spa": 60, "spd": 60, "spe": 70}, "stats": {"hp": 235, "atk": 263, "def": 180, "spa": 147, "spd": 147, "spe": 164}, "types": ["Grass", "Fighting"]}, "Latias": {"name": "Latias", "species": "Latias", "speciesId": "latias", "gender": "F", "shiny": false, "level": 79, "moves": ["recover", "calmmind", "psyshock", "dracometeor"], "ability": "Levitate", "evs": {"hp": 85, "atk": 0, "def": 85, "spa": 85, "spd": 85, "spe": 85}, "ivs": {"hp": 31, "atk": 0, "def": 31, "spa": 31, "spd": 31, "spe": 31}, "item": "Soul Dew", "teraType": "Steel", "role": "Fast Bulky Setup", "bvs": {"hp": 80, "atk": 80, "def": 90, "spa": 110, "spd": 130, "spe": 110}, "stats": {"hp": 256, "atk": 131, "def": 188, "spa": 219, "spd": 251, "spe": 219}, "types": ["Dragon", "Psychic"]}}]}