{"id": "gen9randombattle-2641298010", "format": "[Gen 9] Random Battle", "players": ["YUNGCORV", "wichie"], "log": "|j|\u2606YUNGCORV\n|j|\u2606wichie\n|t:|1782764737\n|gametype|singles\n|player|p1|YUNGCORV|169|2097\n|player|p2|wichie|265|2117\n|gen|9\n|tier|[Gen 9] Random Battle\n|rated|\n|rule|Species Clause: Limit one of each Pok\u00e9mon\n|rule|HP Percentage Mod: HP is shown in percentages\n|rule|Sleep Clause Mod: Limit one foe put to sleep\n|rule|Illusion Level Mod: Illusion disguises the Pok\u00e9mon's true level\n|\n|t:|1782764737\n|teamsize|p1|6\n|teamsize|p2|6\n|start\n|switch|p1a: Jumpluff|Jumpluff, L87, M|271/271\n|switch|p2a: Talonflame|Talonflame, L83, M|265/265\n|turn|1\n|inactive|Battle timer is ON: inactive players will automatically lose when time's up. (requested by wichie)\n|\n|t:|1782764764\n|switch|p1a: Incineroar|Incineroar, L82, M|290/290\n|-ability|p1a: Incineroar|Intimidate|boost\n|-unboost|p2a: Talonflame|atk|1\n|move|p2a: Talonflame|Taunt|p1a: Incineroar\n|-start|p1a: Incineroar|move: Taunt\n|\n|upkeep\n|turn|2\n|\n|t:|1782764773\n|switch|p2a: Zamazenta|Zamazenta, L71|248/248\n|-ability|p2a: Zamazenta|Dauntless Shield|boost\n|-boost|p2a: Zamazenta|def|1\n|move|p1a: Incineroar|Knock Off|p2a: Zamazenta\n|-resisted|p2a: Zamazenta\n|-damage|p2a: Zamazenta|210/248\n|-enditem|p2a: Zamazenta|Choice Band|[from] move: Knock Off|[of] p1a: Incineroar\n|\n|upkeep\n|turn|3\n|\n|t:|1782764787\n|switch|p1a: Chimecho|Chimecho, L93, F|290/290\n|move|p2a: Zamazenta|Stone Edge|p1a: Chimecho\n|-damage|p1a: Chimecho|231/290\n|\n|-heal|p1a: Chimecho|249/290|[from] item: Leftovers\n|upkeep\n|turn|4\n|\n|t:|1782764796\n|switch|p2a: Talonflame|Talonflame, L83, M|265/265\n|move|p1a: Chimecho|Calm Mind|p1a: Chimecho\n|-boost|p1a: Chimecho|spa|1\n|-boost|p1a: Chimecho|spd|1\n|\n|-heal|p1a: Chimecho|267/290|[from] item: Leftovers\n|upkeep\n|turn|5\n|\n|t:|1782764805\n|move|p2a: Talonflame|Taunt|p1a: Chimecho\n|-start|p1a: Chimecho|move: Taunt\n|move|p1a: Chimecho|Psyshock|p2a: Talonflame\n|-damage|p2a: Talonflame|96/265\n|\n|-heal|p1a: Chimecho|285/290|[from] item: Leftovers\n|upkeep\n|turn|6\n|\n|t:|1782764813\n|switch|p2a: Bisharp|Bisharp, L79, M|232/232\n|move|p1a: Chimecho|Psyshock|p2a: Bisharp\n|-immune|p2a: Bisharp\n|\n|-heal|p1a: Chimecho|290/290|[from] item: Leftovers\n|upkeep\n|turn|7\n|\n|t:|1782764837\n|switch|p1a: Incineroar|Incineroar, L82, M|290/290\n|-ability|p1a: Incineroar|Intimidate|boost\n|-unboost|p2a: Bisharp|atk|1\n|-ability|p2a: Bisharp|Defiant|boost\n|-boost|p2a: Bisharp|atk|2\n|switch|p2a: Slowbro|Slowbro, L85, F|300/300\n|\n|upkeep\n|turn|8\n|\n|t:|1782764845\n|move|p1a: Incineroar|U-turn|p2a: Slowbro\n|-supereffective|p2a: Slowbro\n|-damage|p2a: Slowbro|218/300\n|\n|t:|1782764853\n|switch|p1a: Chimecho|Chimecho, L93, F|290/290|[from] U-turn\n|move|p2a: Slowbro|Scald|p1a: Chimecho\n|-damage|p1a: Chimecho|206/290\n|-status|p1a: Chimecho|brn\n|\n|-heal|p1a: Chimecho|224/290 brn|[from] item: Leftovers\n|-heal|p2a: Slowbro|236/300|[from] item: Leftovers\n|-damage|p1a: Chimecho|206/290 brn|[from] brn\n|upkeep\n|turn|9\n|\n|t:|1782764870\n|move|p1a: Chimecho|Calm Mind|p1a: Chimecho\n|-boost|p1a: Chimecho|spa|1\n|-boost|p1a: Chimecho|spd|1\n|move|p2a: Slowbro|Iron Defense|p2a: Slowbro\n|-boost|p2a: Slowbro|def|2\n|\n|-heal|p1a: Chimecho|224/290 brn|[from] item: Leftovers\n|-heal|p2a: Slowbro|254/300|[from] item: Leftovers\n|-damage|p1a: Chimecho|206/290 brn|[from] brn\n|upkeep\n|turn|10\n|\n|t:|1782764879\n|move|p1a: Chimecho|Dazzling Gleam|p2a: Slowbro\n|-damage|p2a: Slowbro|149/300\n|move|p2a: Slowbro|Body Press|p1a: Chimecho\n|-resisted|p1a: Chimecho\n|-damage|p1a: Chimecho|139/290 brn\n|\n|-heal|p1a: Chimecho|157/290 brn|[from] item: Leftovers\n|-heal|p2a: Slowbro|167/300|[from] item: Leftovers\n|-damage|p1a: Chimecho|139/290 brn|[from] brn\n|upkeep\n|turn|11\n|\n|t:|1782764890\n|switch|p2a: Talonflame|Talonflame, L83, M|96/265\n|move|p1a: Chimecho|Recover|p1a: Chimecho\n|-heal|p1a: Chimecho|284/290 brn\n|\n|-heal|p1a: Chimecho|290/290 brn|[from] item: Leftovers\n|-damage|p1a: Chimecho|272/290 brn|[from] brn\n|upkeep\n|turn|12\n|\n|t:|1782764901\n|move|p2a: Talonflame|Roost|p2a: Talonflame\n|-heal|p2a: Talonflame|229/265\n|-singleturn|p2a: Talonflame|move: Roost\n|move|p1a: Chimecho|Psyshock|p2a: Talonflame\n|-damage|p2a: Talonflame|45/265\n|\n|-heal|p1a: Chimecho|290/290 brn|[from] item: Leftovers\n|-damage|p1a: Chimecho|272/290 brn|[from] brn\n|upkeep\n|turn|13\n|\n|t:|1782764911\n|move|p2a: Talonflame|Taunt|p1a: Chimecho\n|-start|p1a: Chimecho|move: Taunt\n|move|p1a: Chimecho|Psyshock|p2a: Talonflame\n|-damage|p2a: Talonflame|0 fnt\n|faint|p2a: Talonflame\n|\n|-heal|p1a: Chimecho|290/290 brn|[from] item: Leftovers\n|-damage|p1a: Chimecho|272/290 brn|[from] brn\n|upkeep\n|\n|t:|1782764915\n|switch|p2a: Bisharp|Bisharp, L79, M|232/232\n|turn|14\n|\n|t:|1782764928\n|switch|p1a: Incineroar|Incineroar, L82, M|290/290\n|-ability|p1a: Incineroar|Intimidate|boost\n|-unboost|p2a: Bisharp|atk|1\n|-ability|p2a: Bisharp|Defiant|boost\n|-boost|p2a: Bisharp|atk|2\n|move|p2a: Bisharp|Swords Dance|p2a: Bisharp\n|-boost|p2a: Bisharp|atk|2\n|\n|upkeep\n|turn|15\n|\n|t:|1782764948\n|switch|p2a: Noctowl|Noctowl, L95, F|344/344\n|move|p1a: Incineroar|Overheat|p2a: Noctowl\n|-damage|p2a: Noctowl|242/344\n|-unboost|p1a: Incineroar|spa|2\n|\n|upkeep\n|turn|16\n|\n|t:|1782764965\n|move|p2a: Noctowl|Hurricane|p1a: Incineroar|[miss]\n|-miss|p2a: Noctowl|p1a: Incineroar\n|move|p1a: Incineroar|U-turn|p2a: Noctowl\n|-resisted|p2a: Noctowl\n|-damage|p2a: Noctowl|206/344\n|\n|t:|1782764984\n|switch|p1a: Lugia|Lugia, L73|275/275|[from] U-turn\n|\n|upkeep\n|turn|17\n|\n|t:|1782764991\n|move|p1a: Lugia|Calm Mind|p1a: Lugia\n|-boost|p1a: Lugia|spa|1\n|-boost|p1a: Lugia|spd|1\n|move|p2a: Noctowl|Hyper Voice|p1a: Lugia\n|-damage|p1a: Lugia|250/275\n|\n|upkeep\n|turn|18\n|\n|t:|1782764997\n|switch|p2a: Zamazenta|Zamazenta, L71|210/248\n|move|p1a: Lugia|Calm Mind|p1a: Lugia\n|-boost|p1a: Lugia|spa|1\n|-boost|p1a: Lugia|spd|1\n|\n|upkeep\n|turn|19\n|\n|t:|1782765007\n|move|p2a: Zamazenta|Stone Edge|p1a: Lugia\n|-supereffective|p1a: Lugia\n|-damage|p1a: Lugia|150/275\n|move|p1a: Lugia|Psychic Noise|p2a: Zamazenta\n|-supereffective|p2a: Zamazenta\n|-damage|p2a: Zamazenta|0 fnt\n|faint|p2a: Zamazenta\n|\n|upkeep\n|\n|t:|1782765018\n|switch|p2a: Bisharp|Bisharp, L79, M|232/232\n|turn|20\n|\n|t:|1782765023\n|switch|p1a: Incineroar|Incineroar, L82, M|290/290\n|-ability|p1a: Incineroar|Intimidate|boost\n|-unboost|p2a: Bisharp|atk|1\n|-ability|p2a: Bisharp|Defiant|boost\n|-boost|p2a: Bisharp|atk|2\n|move|p2a: Bisharp|Swords Dance|p2a: Bisharp\n|-boost|p2a: Bisharp|atk|2\n|\n|upkeep\n|turn|21\n|\n|t:|1782765032\n|-terastallize|p2a: Bisharp|Ghost\n|move|p2a: Bisharp|Iron Head|p1a: Incineroar\n|-resisted|p1a: Incineroar\n|-damage|p1a: Incineroar|180/290\n|move|p1a: Incineroar|Overheat|p2a: Bisharp\n|-damage|p2a: Bisharp|129/232\n|-unboost|p1a: Incineroar|spa|2\n|\n|upkeep\n|turn|22\n|\n|t:|1782765041\n|move|p2a: Bisharp|Iron Head|p1a: Incineroar\n|-resisted|p1a: Incineroar\n|-damage|p1a: Incineroar|63/290\n|move|p1a: Incineroar|Knock Off|p2a: Bisharp\n|-supereffective|p2a: Bisharp\n|-damage|p2a: Bisharp|0 fnt\n|-enditem|p2a: Bisharp|Eviolite|[from] move: Knock Off|[of] p1a: Incineroar\n|faint|p2a: Bisharp\n|\n|upkeep\n|\n|t:|1782765047\n|switch|p2a: Luxray|Luxray, L88, M|283/283\n|turn|23\n|\n|t:|1782765064\n|move|p2a: Luxray|Trailblaze|p1a: Incineroar\n|-resisted|p1a: Incineroar\n|-damage|p1a: Incineroar|39/290\n|-boost|p2a: Luxray|spe|1\n|move|p1a: Incineroar|U-turn|p2a: Luxray\n|-damage|p2a: Luxray|230/283\n|\n|t:|1782765089\n|switch|p1a: Jumpluff|Jumpluff, L87, M|271/271|[from] U-turn\n|\n|-status|p2a: Luxray|brn|[from] item: Flame Orb\n|upkeep\n|turn|24\n|\n|t:|1782765101\n|switch|p2a: Noctowl|Noctowl, L95, F|206/344\n|move|p1a: Jumpluff|Strength Sap|p2a: Noctowl\n|-unboost|p2a: Noctowl|atk|1\n|\n|upkeep\n|turn|25\n|\n|t:|1782765112\n|switch|p1a: Incineroar|Incineroar, L82, M|39/290\n|-ability|p1a: Incineroar|Intimidate|boost\n|-unboost|p2a: Noctowl|atk|1\n|move|p2a: Noctowl|Hurricane|p1a: Incineroar|[miss]\n|-miss|p2a: Noctowl|p1a: Incineroar\n|\n|upkeep\n|turn|26\n|\n|t:|1782765126\n|move|p2a: Noctowl|Roost|p2a: Noctowl\n|-heal|p2a: Noctowl|344/344\n|-singleturn|p2a: Noctowl|move: Roost\n|move|p1a: Incineroar|Knock Off|p2a: Noctowl\n|-crit|p2a: Noctowl\n|-damage|p2a: Noctowl|112/344\n|-enditem|p2a: Noctowl|Heavy-Duty Boots|[from] move: Knock Off|[of] p1a: Incineroar\n|\n|upkeep\n|turn|27\n|inactive|wichie has 120 seconds left.\n|\n|t:|1782765173\n|move|p2a: Noctowl|Roost|p2a: Noctowl\n|-heal|p2a: Noctowl|284/344\n|-singleturn|p2a: Noctowl|move: Roost\n|move|p1a: Incineroar|Close Combat|p2a: Noctowl\n|-supereffective|p2a: Noctowl\n|-damage|p2a: Noctowl|58/344\n|-unboost|p1a: Incineroar|def|1\n|-unboost|p1a: Incineroar|spd|1\n|\n|upkeep\n|turn|28\n|\n|t:|1782765188\n|move|p2a: Noctowl|Roost|p2a: Noctowl\n|-heal|p2a: Noctowl|230/344\n|-singleturn|p2a: Noctowl|move: Roost\n|move|p1a: Incineroar|Close Combat|p2a: Noctowl\n|-supereffective|p2a: Noctowl\n|-damage|p2a: Noctowl|0 fnt\n|-unboost|p1a: Incineroar|def|1\n|-unboost|p1a: Incineroar|spd|1\n|faint|p2a: Noctowl\n|\n|upkeep\n|\n|t:|1782765193\n|switch|p2a: Luxray|Luxray, L88, M|230/283 brn\n|turn|29\n|\n|t:|1782765210\n|move|p2a: Luxray|Facade|p1a: Incineroar\n|-damage|p1a: Incineroar|0 fnt\n|faint|p1a: Incineroar\n|\n|-damage|p2a: Luxray|213/283 brn|[from] brn\n|upkeep\n|\n|t:|1782765224\n|switch|p1a: Jumpluff|Jumpluff, L87, M|271/271\n|turn|30\n|\n|t:|1782765227\n|switch|p2a: Slowbro|Slowbro, L85, F|267/300\n|move|p1a: Jumpluff|Substitute|p1a: Jumpluff\n|-start|p1a: Jumpluff|Substitute\n|-damage|p1a: Jumpluff|204/271\n|\n|-heal|p2a: Slowbro|285/300|[from] item: Leftovers\n|upkeep\n|turn|31\n|\n|t:|1782765235\n|move|p1a: Jumpluff|Leech Seed|p2a: Slowbro\n|-start|p2a: Slowbro|move: Leech Seed\n|move|p2a: Slowbro|Iron Defense|p2a: Slowbro\n|-boost|p2a: Slowbro|def|2\n|\n|-heal|p2a: Slowbro|300/300|[from] item: Leftovers\n|-damage|p2a: Slowbro|263/300|[from] Leech Seed|[of] p1a: Jumpluff\n|-heal|p1a: Jumpluff|241/271|[silent]\n|upkeep\n|turn|32\n|\n|t:|1782765256\n|switch|p1a: Gengar|Gengar, L81, M|230/230\n|move|p2a: Slowbro|Body Press|p1a: Gengar\n|-immune|p1a: Gengar\n|\n|-heal|p2a: Slowbro|281/300|[from] item: Leftovers\n|-damage|p2a: Slowbro|244/300|[from] Leech Seed|[of] p1a: Gengar\n|upkeep\n|turn|33\n|\n|t:|1782765266\n|move|p1a: Gengar|Shadow Ball|p2a: Slowbro\n|-supereffective|p2a: Slowbro\n|-damage|p2a: Slowbro|0 fnt\n|faint|p2a: Slowbro\n|-damage|p1a: Gengar|207/230|[from] item: Life Orb\n|\n|upkeep\n|\n|t:|1782765269\n|switch|p2a: Luxray|Luxray, L88, M|213/283 brn\n|turn|34\n|\n|t:|1782765275\n|move|p1a: Gengar|Sludge Wave|p2a: Luxray\n|-damage|p2a: Luxray|48/283 brn\n|-damage|p1a: Gengar|184/230|[from] item: Life Orb\n|move|p2a: Luxray|Trailblaze|p1a: Gengar\n|-resisted|p1a: Gengar\n|-damage|p1a: Gengar|135/230\n|-boost|p2a: Luxray|spe|1\n|\n|-damage|p2a: Luxray|31/283 brn|[from] brn\n|upkeep\n|turn|35\n|\n|t:|1782765287\n|move|p2a: Luxray|Facade|p1a: Gengar\n|-immune|p1a: Gengar\n|move|p1a: Gengar|Sludge Wave|p2a: Luxray\n|-damage|p2a: Luxray|0 fnt\n|faint|p2a: Luxray\n|-damage|p1a: Gengar|112/230|[from] item: Life Orb\n|\n|win|YUNGCORV\n|raw|YUNGCORV's rating: 2097 &rarr; <strong>2118</strong><br />(+21 for winning)\n|raw|wichie's rating: 2117 &rarr; <strong>2096</strong><br />(-21 for losing)\n", "inputlog": ">version f8ac14003a5f27e1bdc8d8c59608a773c1cb96e5\n>start {\"formatid\":\"gen9randombattle\",\"seed\":\"sodium,392005923eef49cf0225f5b3a6884171\",\"rated\":\"Rated battle\"}\n>player p1 {\"name\":\"YUNGCORV\",\"avatar\":\"169\",\"rating\":2097,\"seed\":\"sodium,6ac332280d092c0dcb58bd42444cf0d4\"}\n>player p2 {\"name\":\"wichie\",\"avatar\":\"265\",\"rating\":2117,\"seed\":\"sodium,60b7929dc4ae66ab73831dbe3c45fe91\"}\n>p1 switch 4\n>p2 move taunt\n>p1 move knockoff\n>p2 switch 2\n>p1 switch 5\n>p2 move stoneedge\n>p1 move calmmind\n>p2 switch 2\n>p1 move psyshock\n>p2 move taunt\n>p1 move psyshock\n>p2 switch 5\n>p1 switch 5\n>p2 switch 6\n>p1 move uturn\n>p2 move scald\n>p1 switch 5\n>p1 move calmmind\n>p2 move irondefense\n>p1 move dazzlinggleam\n>p2 move bodypress\n>p1 move recover\n>p2 switch 5\n>p1 move psyshock\n>p2 move roost\n>p1 move psyshock\n>p2 move taunt\n>p2 switch 6\n>p1 switch 5\n>p2 move swordsdance\n>p1 move overheat\n>p2 switch 4\n>p1 move uturn\n>p2 move hurricane\n>p1 switch 3\n>p1 move calmmind\n>p2 move hypervoice\n>p1 move calmmind\n>p2 switch 2\n>p1 move psychicnoise\n>p2 move stoneedge\n>p2 switch 4\n>p1 switch 3\n>p2 move swordsdance\n>p1 move overheat\n>p2 move ironhead terastallize\n>p1 move knockoff\n>p2 move ironhead\n>p2 switch 3\n>p1 move uturn\n>p2 move trailblaze\n>p1 switch 4\n>p1 move strengthsap\n>p2 switch 2\n>p1 switch 4\n>p2 move hurricane\n>p1 move knockoff\n>p2 move roost\n>p1 move closecombat\n>p2 move roost\n>p1 move closecombat\n>p2 move roost\n>p2 switch 2\n>p1 move knockoff\n>p2 move facade\n>p1 switch 4\n>p1 move substitute\n>p2 switch 5\n>p1 move leechseed\n>p2 move irondefense\n>p1 switch 2\n>p2 move bodypress\n>p1 move shadowball\n>p2 move scald\n>p2 switch 5\n>p1 move sludgewave\n>p2 move trailblaze\n>p1 move sludgewave\n>p2 move facade", "uploadtime": 1782765287, "views": 6, "formatid": "gen9randombattle", "rating": 2096, "private": 0, "password": null, "player_dets": [{"name": "YUNGCORV", "avatar": "169", "rating": 2097, "seed": "sodium,6ac332280d092c0dcb58bd42444cf0d4"}, {"name": "wichie", "avatar": "265", "rating": 2117, "seed": "sodium,60b7929dc4ae66ab73831dbe3c45fe91"}], "teams_full": [{"Jumpluff": {"name": "Jumpluff", "species": "Jumpluff", "speciesId": "jumpluff", "gender": "M", "shiny": false, "level": 87, "moves": ["substitute", "acrobatics", "strengthsap", "leechseed"], "ability": "Infiltrator", "evs": {"hp": 81, "atk": 85, "def": 85, "spa": 85, "spd": 85, "spe": 85}, "ivs": {"hp": 31, "atk": 31, "def": 31, "spa": 31, "spd": 31, "spe": 31}, "item": "", "teraType": "Steel", "role": "Bulky Support", "bvs": {"hp": 75, "atk": 55, "def": 70, "spa": 55, "spd": 95, "spe": 110}, "stats": {"hp": 271, "atk": 145, "def": 172, "spa": 145, "spd": 215, "spe": 241}, "types": ["Grass", "Flying"]}, "Gengar": {"name": "Gengar", "species": "Gengar", "speciesId": "gengar", "gender": "M", "shiny": false, "level": 81, "moves": ["sludgewave", "encore", "shadowball", "toxicspikes"], "ability": "Cursed Body", "evs": {"hp": 85, "atk": 0, "def": 85, "spa": 85, "spd": 85, "spe": 85}, "ivs": {"hp": 31, "atk": 0, "def": 31, "spa": 31, "spd": 31, "spe": 31}, "item": "Life Orb", "teraType": "Ghost", "role": "Fast Attacker", "bvs": {"hp": 60, "atk": 65, "def": 60, "spa": 130, "spd": 75, "spe": 110}, "stats": {"hp": 230, "atk": 110, "def": 144, "spa": 257, "spd": 168, "spe": 225}, "types": ["Ghost", "Poison"]}, "Lugia": {"name": "Lugia", "species": "Lugia", "speciesId": "lugia", "gender": "N", "shiny": false, "level": 73, "moves": ["psychicnoise", "calmmind", "recover", "aeroblast"], "ability": "Multiscale", "evs": {"hp": 85, "atk": 0, "def": 85, "spa": 85, "spd": 85, "spe": 85}, "ivs": {"hp": 31, "atk": 0, "def": 31, "spa": 31, "spd": 31, "spe": 31}, "item": "Heavy-Duty Boots", "teraType": "Steel", "role": "Setup Sweeper", "bvs": {"hp": 106, "atk": 90, "def": 130, "spa": 90, "spd": 154, "spe": 110}, "stats": {"hp": 275, "atk": 136, "def": 232, "spa": 174, "spd": 267, "spe": 203}, "types": ["Psychic", "Flying"]}, "Incineroar": {"name": "Incineroar", "species": "Incineroar", "speciesId": "incineroar", "gender": "M", "shiny": false, "level": 82, "moves": ["uturn", "overheat", "closecombat", "knockoff"], "ability": "Intimidate", "evs": {"hp": 85, "atk": 85, "def": 85, "spa": 85, "spd": 85, "spe": 85}, "ivs": {"hp": 31, "atk": 31, "def": 31, "spa": 31, "spd": 31, "spe": 31}, "item": "Assault Vest", "teraType": "Fighting", "role": "AV Pivot", "bvs": {"hp": 95, "atk": 115, "def": 90, "spa": 80, "spd": 90, "spe": 60}, "stats": {"hp": 290, "atk": 236, "def": 195, "spa": 178, "spd": 195, "spe": 146}, "types": ["Fire", "Dark"]}, "Chimecho": {"name": "Chimecho", "species": "Chimecho", "speciesId": "chimecho", "gender": "F", "shiny": false, "level": 93, "moves": ["psyshock", "calmmind", "dazzlinggleam", "recover"], "ability": "Levitate", "evs": {"hp": 85, "atk": 0, "def": 85, "spa": 85, "spd": 85, "spe": 85}, "ivs": {"hp": 31, "atk": 0, "def": 31, "spa": 31, "spd": 31, "spe": 31}, "item": "Leftovers", "teraType": "Poison", "role": "Bulky Setup", "bvs": {"hp": 75, "atk": 50, "def": 80, "spa": 95, "spd": 90, "spe": 65}, "stats": {"hp": 290, "atk": 98, "def": 202, "spa": 230, "spd": 220, "spe": 174}, "types": ["Psychic"]}, "Kyogre": {"name": "Kyogre", "species": "Kyogre", "speciesId": "kyogre", "gender": "N", "shiny": false, "level": 71, "moves": ["calmmind", "icebeam", "thunder", "originpulse"], "ability": "Drizzle", "evs": {"hp": 85, "atk": 0, "def": 85, "spa": 85, "spd": 85, "spe": 85}, "ivs": {"hp": 31, "atk": 0, "def": 31, "spa": 31, "spd": 31, "spe": 31}, "item": "Leftovers", "teraType": "Dragon", "role": "Bulky Setup", "bvs": {"hp": 100, "atk": 100, "def": 90, "spa": 150, "spd": 140, "spe": 90}, "stats": {"hp": 259, "atk": 147, "def": 169, "spa": 254, "spd": 240, "spe": 169}, "types": ["Water"]}}, {"Talonflame": {"name": "Talonflame", "species": "Talonflame", "speciesId": "talonflame", "gender": "M", "shiny": false, "level": 83, "moves": ["overheat", "taunt", "roost", "bravebird"], "ability": "Flame Body", "evs": {"hp": 85, "atk": 85, "def": 85, "spa": 85, "spd": 85, "spe": 85}, "ivs": {"hp": 31, "atk": 31, "def": 31, "spa": 31, "spd": 31, "spe": 31}, "item": "Heavy-Duty Boots", "teraType": "Ground", "role": "Bulky Attacker", "bvs": {"hp": 78, "atk": 81, "def": 71, "spa": 74, "spd": 69, "spe": 126}, "stats": {"hp": 265, "atk": 182, "def": 166, "spa": 171, "spd": 162, "spe": 257}, "types": ["Fire", "Flying"]}, "Zamazenta": {"name": "Zamazenta", "species": "Zamazenta", "speciesId": "zamazenta", "gender": "N", "shiny": false, "level": 71, "moves": ["ironhead", "psychicfangs", "closecombat", "stoneedge"], "ability": "Dauntless Shield", "evs": {"hp": 85, "atk": 85, "def": 85, "spa": 85, "spd": 85, "spe": 85}, "ivs": {"hp": 31, "atk": 31, "def": 31, "spa": 31, "spd": 31, "spe": 31}, "item": "Choice Band", "teraType": "Steel", "role": "Bulky Attacker", "bvs": {"hp": 92, "atk": 120, "def": 115, "spa": 80, "spd": 115, "spe": 138}, "stats": {"hp": 248, "atk": 212, "def": 205, "spa": 155, "spd": 205, "spe": 237}, "types": ["Fighting"]}, "Luxray": {"name": "Luxray", "species": "Luxray", "speciesId": "luxray", "gender": "M", "shiny": false, "level": 88, "moves": ["trailblaze", "facade", "throatchop", "supercellslam"], "ability": "Guts", "evs": {"hp": 81, "atk": 85, "def": 85, "spa": 85, "spd": 85, "spe": 85}, "ivs": {"hp": 31, "atk": 31, "def": 31, "spa": 31, "spd": 31, "spe": 31}, "item": "Flame Orb", "teraType": "Normal", "role": "Setup Sweeper", "bvs": {"hp": 80, "atk": 120, "def": 79, "spa": 95, "spd": 79, "spe": 70}, "stats": {"hp": 283, "atk": 261, "def": 189, "spa": 217, "spd": 189, "spe": 173}, "types": ["Electric"]}, "Noctowl": {"name": "Noctowl", "species": "Noctowl", "speciesId": "noctowl", "gender": "F", "shiny": false, "level": 95, "moves": ["hypervoice", "calmmind", "roost", "hurricane"], "ability": "Tinted Lens", "evs": {"hp": 85, "atk": 0, "def": 85, "spa": 85, "spd": 85, "spe": 85}, "ivs": {"hp": 31, "atk": 0, "def": 31, "spa": 31, "spd": 31, "spe": 31}, "item": "Heavy-Duty Boots", "teraType": "Steel", "role": "Bulky Attacker", "bvs": {"hp": 100, "atk": 50, "def": 50, "spa": 86, "spd": 96, "spe": 70}, "stats": {"hp": 344, "atk": 100, "def": 149, "spa": 217, "spd": 236, "spe": 187}, "types": ["Normal", "Flying"]}, "Bisharp": {"name": "Bisharp", "species": "Bisharp", "speciesId": "bisharp", "gender": "M", "shiny": false, "level": 79, "moves": ["ironhead", "throatchop", "swordsdance", "suckerpunch"], "ability": "Defiant", "evs": {"hp": 85, "atk": 85, "def": 85, "spa": 85, "spd": 85, "spe": 85}, "ivs": {"hp": 31, "atk": 31, "def": 31, "spa": 31, "spd": 31, "spe": 31}, "item": "Eviolite", "teraType": "Ghost", "role": "Bulky Attacker", "bvs": {"hp": 65, "atk": 125, "def": 100, "spa": 60, "spd": 70, "spe": 70}, "stats": {"hp": 232, "atk": 243, "def": 204, "spa": 140, "spd": 156, "spe": 156}, "types": ["Dark", "Steel"]}, "Slowbro": {"name": "Slowbro", "species": "Slowbro", "speciesId": "slowbro", "gender": "F", "shiny": false, "level": 85, "moves": ["irondefense", "slackoff", "scald", "bodypress"], "ability": "Regenerator", "evs": {"hp": 85, "atk": 0, "def": 85, "spa": 85, "spd": 85, "spe": 85}, "ivs": {"hp": 31, "atk": 0, "def": 31, "spa": 31, "spd": 31, "spe": 31}, "item": "Leftovers", "teraType": "Fighting", "role": "Bulky Setup", "bvs": {"hp": 95, "atk": 75, "def": 110, "spa": 100, "spd": 80, "spe": 30}, "stats": {"hp": 300, "atk": 132, "def": 236, "spa": 219, "spd": 185, "spe": 100}, "types": ["Water", "Psychic"]}}]}