{"id": "gen9randombattle-2641499778", "format": "[Gen 9] Random Battle", "players": ["Rag And Pinion", "testbotcif"], "log": "|j|\u2606Rag And Pinion\n|j|\u2606testbotcif\n|t:|1782795240\n|gametype|singles\n|player|p1|Rag And Pinion|psychic-gen4|1227\n|player|p2|testbotcif|266|1264\n|gen|9\n|tier|[Gen 9] Random Battle\n|rated|\n|rule|Species Clause: Limit one of each Pok\u00e9mon\n|rule|HP Percentage Mod: HP is shown in percentages\n|rule|Sleep Clause Mod: Limit one foe put to sleep\n|rule|Illusion Level Mod: Illusion disguises the Pok\u00e9mon's true level\n|\n|t:|1782795240\n|teamsize|p1|6\n|teamsize|p2|6\n|start\n|switch|p1a: Feraligatr|Feraligatr, L79, M|264/264\n|switch|p2a: Klawf|Klawf, L90, F|272/272\n|turn|1\n|c|\u2606testbotcif|rlhf\n|inactive|Battle timer is ON: inactive players will automatically lose when time's up. (requested by testbotcif)\n|\n|t:|1782795248\n|-terastallize|p2a: Klawf|Ground\n|move|p2a: Klawf|Swords Dance|p2a: Klawf\n|-boost|p2a: Klawf|atk|2\n|move|p1a: Feraligatr|Dragon Dance|p1a: Feraligatr\n|-boost|p1a: Feraligatr|atk|1\n|-boost|p1a: Feraligatr|spe|1\n|\n|upkeep\n|turn|2\n|\n|t:|1782795265\n|move|p1a: Feraligatr|Liquidation|p2a: Klawf\n|-supereffective|p2a: Klawf\n|-damage|p2a: Klawf|0 fnt\n|faint|p2a: Klawf\n|\n|upkeep\n|\n|t:|1782795265\n|switch|p2a: Vileplume|Vileplume, L85, M|266/266\n|turn|3\n|\n|t:|1782795286\n|move|p1a: Feraligatr|Ice Punch|p2a: Vileplume\n|-supereffective|p2a: Vileplume\n|-damage|p2a: Vileplume|0 fnt\n|faint|p2a: Vileplume\n|\n|upkeep\n|\n|t:|1782795286\n|switch|p2a: Toxicroak|Toxicroak, L84, F|277/277\n|turn|4\n|\n|t:|1782795295\n|-terastallize|p1a: Feraligatr|Water\n|move|p1a: Feraligatr|Liquidation|p2a: Toxicroak\n|-immune|p2a: Toxicroak|[from] ability: Dry Skin\n|move|p2a: Toxicroak|Swords Dance|p2a: Toxicroak\n|-boost|p2a: Toxicroak|atk|2\n|\n|upkeep\n|turn|5\n|\n|t:|1782795305\n|move|p1a: Feraligatr|Ice Punch|p2a: Toxicroak\n|-damage|p2a: Toxicroak|111/277\n|move|p2a: Toxicroak|Close Combat|p1a: Feraligatr\n|-damage|p1a: Feraligatr|0 fnt\n|-unboost|p2a: Toxicroak|def|1\n|-unboost|p2a: Toxicroak|spd|1\n|faint|p1a: Feraligatr\n|-damage|p2a: Toxicroak|84/277|[from] item: Life Orb\n|\n|upkeep\n|\n|t:|1782795319\n|switch|p1a: Polteageist|Polteageist, L78|222/222\n|turn|6\n|\n|t:|1782795325\n|move|p2a: Toxicroak|Earthquake|p1a: Polteageist\n|-damage|p1a: Polteageist|0 fnt\n|-start|p2a: Toxicroak|Disable|Earthquake|[from] ability: Cursed Body|[of] p1a: Polteageist\n|faint|p1a: Polteageist\n|-damage|p2a: Toxicroak|57/277|[from] item: Life Orb\n|\n|upkeep\n|\n|t:|1782795333\n|switch|p1a: Oricorio|Oricorio-Pom-Pom, L82, M|257/257\n|turn|7\n|\n|t:|1782795347\n|move|p1a: Oricorio|Quiver Dance|p1a: Oricorio\n|-boost|p1a: Oricorio|spa|1\n|-boost|p1a: Oricorio|spd|1\n|-boost|p1a: Oricorio|spe|1\n|move|p2a: Toxicroak|Gunk Shot|p1a: Oricorio\n|-damage|p1a: Oricorio|0 fnt\n|faint|p1a: Oricorio\n|-damage|p2a: Toxicroak|30/277|[from] item: Life Orb\n|\n|upkeep\n|\n|t:|1782795356\n|switch|p1a: Great Tusk|Great Tusk, L77|304/304\n|-enditem|p1a: Great Tusk|Booster Energy\n|-activate|p1a: Great Tusk|ability: Protosynthesis|[fromitem]\n|-start|p1a: Great Tusk|protosynthesisatk\n|turn|8\n|\n|t:|1782795363\n|move|p2a: Toxicroak|Close Combat|p1a: Great Tusk\n|-damage|p1a: Great Tusk|41/304\n|-unboost|p2a: Toxicroak|def|1\n|-unboost|p2a: Toxicroak|spd|1\n|-damage|p2a: Toxicroak|3/277|[from] item: Life Orb\n|move|p1a: Great Tusk|Rapid Spin|p2a: Toxicroak\n|-damage|p2a: Toxicroak|0 fnt\n|-boost|p1a: Great Tusk|spe|1\n|faint|p2a: Toxicroak\n|\n|upkeep\n|\n|t:|1782795364\n|switch|p2a: Iron Jugulis|Iron Jugulis, L77|271/271\n|turn|9\n|\n|t:|1782795379\n|move|p1a: Great Tusk|Close Combat|p2a: Iron Jugulis\n|-damage|p2a: Iron Jugulis|91/271\n|-unboost|p1a: Great Tusk|def|1\n|-unboost|p1a: Great Tusk|spd|1\n|move|p2a: Iron Jugulis|Dark Pulse|p1a: Great Tusk\n|-resisted|p1a: Great Tusk\n|-damage|p1a: Great Tusk|0 fnt\n|faint|p1a: Great Tusk\n|-end|p1a: Great Tusk|Protosynthesis|[silent]\n|\n|upkeep\n|\n|t:|1782795389\n|switch|p1a: Wo-Chien|Wo-Chien, L83|277/277\n|-ability|p1a: Wo-Chien|Tablets of Ruin\n|turn|10\n|\n|t:|1782795398\n|-end|p2a: Iron Jugulis|Quark Drive|[silent]\n|switch|p2a: Flygon|Flygon, L82, F|265/265\n|move|p1a: Wo-Chien|Knock Off|p2a: Flygon\n|-damage|p2a: Flygon|166/265\n|-enditem|p2a: Flygon|Choice Band|[from] move: Knock Off|[of] p1a: Wo-Chien\n|\n|upkeep\n|turn|11\n|\n|t:|1782795409\n|move|p2a: Flygon|U-turn|p1a: Wo-Chien\n|-supereffective|p1a: Wo-Chien\n|-damage|p1a: Wo-Chien|137/277\n|\n|t:|1782795409\n|switch|p2a: Iron Jugulis|Iron Jugulis, L77|91/271|[from] U-turn\n|move|p1a: Wo-Chien|Ruination|p2a: Iron Jugulis\n|-damage|p2a: Iron Jugulis|46/271\n|\n|-heal|p1a: Wo-Chien|154/277|[from] item: Leftovers\n|upkeep\n|turn|12\n|\n|t:|1782795422\n|move|p2a: Iron Jugulis|Hurricane|p1a: Wo-Chien|[miss]\n|-miss|p2a: Iron Jugulis|p1a: Wo-Chien\n|move|p1a: Wo-Chien|Giga Drain|p2a: Iron Jugulis\n|-resisted|p2a: Iron Jugulis\n|-damage|p2a: Iron Jugulis|3/271\n|-heal|p1a: Wo-Chien|176/277|[from] drain|[of] p2a: Iron Jugulis\n|\n|-heal|p1a: Wo-Chien|193/277|[from] item: Leftovers\n|upkeep\n|turn|13\n|\n|t:|1782795432\n|move|p2a: Iron Jugulis|Hurricane|p1a: Wo-Chien\n|-supereffective|p1a: Wo-Chien\n|-damage|p1a: Wo-Chien|0 fnt\n|faint|p1a: Wo-Chien\n|\n|upkeep\n|\n|t:|1782795437\n|switch|p1a: Iron Hands|Iron Hands, L79|373/373\n|turn|14\n|\n|t:|1782795445\n|move|p2a: Iron Jugulis|Hurricane|p1a: Iron Hands\n|-damage|p1a: Iron Hands|220/373\n|move|p1a: Iron Hands|Drain Punch|p2a: Iron Jugulis\n|-damage|p2a: Iron Jugulis|0 fnt\n|-heal|p1a: Iron Hands|222/373|[from] drain|[of] p2a: Iron Jugulis\n|faint|p2a: Iron Jugulis\n|-end|p2a: Iron Jugulis|Quark Drive|[silent]\n|\n|upkeep\n|\n|t:|1782795445\n|switch|p2a: Flygon|Flygon, L82, F|166/265\n|turn|15\n|\n|t:|1782795461\n|move|p2a: Flygon|Earthquake|p1a: Iron Hands\n|-supereffective|p1a: Iron Hands\n|-damage|p1a: Iron Hands|40/373\n|move|p1a: Iron Hands|Drain Punch|p2a: Flygon\n|-damage|p2a: Flygon|64/265\n|-heal|p1a: Iron Hands|91/373|[from] drain|[of] p2a: Flygon\n|\n|upkeep\n|turn|16\n|-message|Rag And Pinion forfeited.\n|\n|win|testbotcif\n|raw|Rag And Pinion's rating: 1227 &rarr; <strong>1205</strong><br />(-22 for losing)\n|raw|testbotcif's rating: 1264 &rarr; <strong>1286</strong><br />(+22 for winning)\n", "inputlog": ">version f8ac14003a5f27e1bdc8d8c59608a773c1cb96e5\n>start {\"formatid\":\"gen9randombattle\",\"seed\":\"sodium,c5114758692fdeef74b2cfc01a9763a4\",\"rated\":\"Rated battle\"}\n>player p1 {\"name\":\"Rag And Pinion\",\"avatar\":\"psychic-gen4\",\"rating\":1227,\"seed\":\"sodium,db76596c222db22d79b62742d22f2bfb\"}\n>player p2 {\"name\":\"testbotcif\",\"avatar\":\"266\",\"rating\":1264,\"seed\":\"sodium,fa0aff5e981f2d5818d101138cff5495\"}\n>chat \u2606testbotcif|rlhf\n>p1 move dragondance\n>p2 move swordsdance terastallize\n>p1 move liquidation\n>p2 move knockoff\n>p2 switch 6\n>p1 move icepunch\n>p2 move gigadrain\n>p2 switch 3\n>p1 move liquidation terastallize\n>p2 move swordsdance\n>p1 move icepunch\n>p2 move closecombat\n>p1 switch 5\n>p1 move strengthsap\n>p2 move earthquake\n>p1 switch 2\n>p1 move quiverdance\n>p2 move gunkshot\n>p1 switch 4\n>p1 move rapidspin\n>p2 move closecombat\n>p2 switch 4\n>p1 move closecombat\n>p2 move darkpulse\n>p1 switch 6\n>p1 move knockoff\n>p2 switch 5\n>p1 move ruination\n>p2 move uturn\n>p2 switch 5\n>p1 move gigadrain\n>p2 move hurricane\n>p1 move gigadrain\n>p2 move hurricane\n>p1 switch 3\n>p1 move drainpunch\n>p2 move hurricane\n>p2 switch 5\n>p1 move drainpunch\n>p2 move earthquake\n>forcelose p1", "uploadtime": 1782795468, "views": 4, "formatid": "gen9randombattle", "rating": 1205, "private": 0, "password": null, "player_dets": [{"name": "Rag And Pinion", "avatar": "psychic-gen4", "rating": 1227, "seed": "sodium,db76596c222db22d79b62742d22f2bfb"}, {"name": "testbotcif", "avatar": "266", "rating": 1264, "seed": "sodium,fa0aff5e981f2d5818d101138cff5495"}], "teams_full": [{"Feraligatr": {"name": "Feraligatr", "species": "Feraligatr", "speciesId": "feraligatr", "gender": "M", "shiny": false, "level": 79, "moves": ["liquidation", "icepunch", "trailblaze", "dragondance"], "ability": "Sheer Force", "evs": {"hp": 85, "atk": 85, "def": 85, "spa": 85, "spd": 85, "spe": 85}, "ivs": {"hp": 31, "atk": 31, "def": 31, "spa": 31, "spd": 31, "spe": 31}, "item": "Life Orb", "teraType": "Water", "role": "Setup Sweeper", "bvs": {"hp": 85, "atk": 105, "def": 100, "spa": 79, "spd": 83, "spe": 78}, "stats": {"hp": 264, "atk": 211, "def": 204, "spa": 170, "spd": 177, "spe": 169}, "types": ["Water"]}, "Oricorio": {"name": "Oricorio", "species": "Oricorio-Pom-Pom", "speciesId": "oricoriopompom", "gender": "M", "shiny": false, "level": 82, "moves": ["roost", "hurricane", "revelationdance", "quiverdance"], "ability": "Dancer", "evs": {"hp": 85, "atk": 0, "def": 85, "spa": 85, "spd": 85, "spe": 85}, "ivs": {"hp": 31, "atk": 0, "def": 31, "spa": 31, "spd": 31, "spe": 31}, "item": "Heavy-Duty Boots", "teraType": "Ground", "role": "Setup Sweeper", "bvs": {"hp": 75, "atk": 70, "def": 70, "spa": 98, "spd": 70, "spe": 93}, "stats": {"hp": 257, "atk": 119, "def": 162, "spa": 208, "spd": 162, "spe": 200}, "types": ["Electric", "Flying"]}, "Iron Hands": {"name": "Iron Hands", "species": "Iron Hands", "speciesId": "ironhands", "gender": "N", "shiny": false, "level": 79, "moves": ["heavyslam", "wildcharge", "voltswitch", "drainpunch"], "ability": "Quark Drive", "evs": {"hp": 85, "atk": 85, "def": 85, "spa": 85, "spd": 85, "spe": 85}, "ivs": {"hp": 31, "atk": 31, "def": 31, "spa": 31, "spd": 31, "spe": 31}, "item": "Assault Vest", "teraType": "Fighting", "role": "AV Pivot", "bvs": {"hp": 154, "atk": 140, "def": 108, "spa": 50, "spd": 68, "spe": 50}, "stats": {"hp": 373, "atk": 267, "def": 216, "spa": 125, "spd": 153, "spe": 125}, "types": ["Fighting", "Electric"]}, "Great Tusk": {"name": "Great Tusk", "species": "Great Tusk", "speciesId": "greattusk", "gender": "N", "shiny": false, "level": 77, "moves": ["closecombat", "rapidspin", "bulkup", "earthquake"], "ability": "Protosynthesis", "evs": {"hp": 85, "atk": 85, "def": 85, "spa": 85, "spd": 85, "spe": 85}, "ivs": {"hp": 31, "atk": 31, "def": 31, "spa": 31, "spd": 31, "spe": 31}, "item": "Booster Energy", "teraType": "Ground", "role": "Fast Bulky Setup", "bvs": {"hp": 115, "atk": 131, "def": 131, "spa": 53, "spd": 53, "spe": 87}, "stats": {"hp": 304, "atk": 246, "def": 246, "spa": 126, "spd": 126, "spe": 179}, "types": ["Ground", "Fighting"]}, "Polteageist": {"name": "Polteageist", "species": "Polteageist", "speciesId": "polteageist", "gender": "N", "shiny": false, "level": 78, "moves": ["strengthsap", "shellsmash", "storedpower", "shadowball"], "ability": "Cursed Body", "evs": {"hp": 85, "atk": 0, "def": 85, "spa": 85, "spd": 85, "spe": 85}, "ivs": {"hp": 31, "atk": 0, "def": 31, "spa": 31, "spd": 31, "spe": 31}, "item": "White Herb", "teraType": "Dark", "role": "Setup Sweeper", "bvs": {"hp": 60, "atk": 65, "def": 65, "spa": 134, "spd": 114, "spe": 70}, "stats": {"hp": 222, "atk": 106, "def": 146, "spa": 254, "spd": 223, "spe": 154}, "types": ["Ghost"]}, "Wo-Chien": {"name": "Wo-Chien", "species": "Wo-Chien", "speciesId": "wochien", "gender": "N", "shiny": false, "level": 83, "moves": ["stunspore", "ruination", "gigadrain", "knockoff"], "ability": "Tablets of Ruin", "evs": {"hp": 85, "atk": 85, "def": 85, "spa": 85, "spd": 85, "spe": 85}, "ivs": {"hp": 31, "atk": 31, "def": 31, "spa": 31, "spd": 31, "spe": 31}, "item": "Leftovers", "teraType": "Poison", "role": "Bulky Support", "bvs": {"hp": 85, "atk": 85, "def": 100, "spa": 95, "spd": 135, "spe": 70}, "stats": {"hp": 277, "atk": 189, "def": 214, "spa": 205, "spd": 272, "spe": 164}, "types": ["Dark", "Grass"]}}, {"Klawf": {"name": "Klawf", "species": "Klawf", "speciesId": "klawf", "gender": "F", "shiny": false, "level": 90, "moves": ["swordsdance", "stoneedge", "highhorsepower", "knockoff"], "ability": "Anger Shell", "evs": {"hp": 85, "atk": 85, "def": 85, "spa": 85, "spd": 85, "spe": 85}, "ivs": {"hp": 31, "atk": 31, "def": 31, "spa": 31, "spd": 31, "spe": 31}, "item": "Scope Lens", "teraType": "Ground", "role": "Setup Sweeper", "bvs": {"hp": 70, "atk": 100, "def": 115, "spa": 35, "spd": 55, "spe": 75}, "stats": {"hp": 272, "atk": 231, "def": 258, "spa": 114, "spd": 150, "spe": 186}, "types": ["Rock"]}, "Sudowoodo": {"name": "Sudowoodo", "species": "Sudowoodo", "speciesId": "sudowoodo", "gender": "F", "shiny": false, "level": 94, "moves": ["woodhammer", "suckerpunch", "earthquake", "headsmash"], "ability": "Rock Head", "evs": {"hp": 85, "atk": 85, "def": 85, "spa": 85, "spd": 85, "spe": 85}, "ivs": {"hp": 31, "atk": 31, "def": 31, "spa": 31, "spd": 31, "spe": 31}, "item": "Choice Band", "teraType": "Grass", "role": "Bulky Attacker", "bvs": {"hp": 70, "atk": 100, "def": 115, "spa": 30, "spd": 65, "spe": 30}, "stats": {"hp": 284, "atk": 241, "def": 270, "spa": 110, "spd": 176, "spe": 110}, "types": ["Rock"]}, "Toxicroak": {"name": "Toxicroak", "species": "Toxicroak", "speciesId": "toxicroak", "gender": "F", "shiny": false, "level": 84, "moves": ["gunkshot", "swordsdance", "earthquake", "closecombat"], "ability": "Dry Skin", "evs": {"hp": 85, "atk": 85, "def": 85, "spa": 85, "spd": 85, "spe": 85}, "ivs": {"hp": 31, "atk": 31, "def": 31, "spa": 31, "spd": 31, "spe": 31}, "item": "Life Orb", "teraType": "Fighting", "role": "Setup Sweeper", "bvs": {"hp": 83, "atk": 106, "def": 65, "spa": 86, "spd": 65, "spe": 85}, "stats": {"hp": 277, "atk": 226, "def": 157, "spa": 193, "spd": 157, "spe": 191}, "types": ["Poison", "Fighting"]}, "Iron Jugulis": {"name": "Iron Jugulis", "species": "Iron Jugulis", "speciesId": "ironjugulis", "gender": "N", "shiny": false, "level": 77, "moves": ["darkpulse", "hurricane", "earthpower", "fireblast"], "ability": "Quark Drive", "evs": {"hp": 85, "atk": 0, "def": 85, "spa": 85, "spd": 85, "spe": 85}, "ivs": {"hp": 31, "atk": 0, "def": 31, "spa": 31, "spd": 31, "spe": 31}, "item": "Choice Specs", "teraType": "Flying", "role": "Wallbreaker", "bvs": {"hp": 94, "atk": 80, "def": 86, "spa": 122, "spd": 80, "spe": 108}, "stats": {"hp": 271, "atk": 128, "def": 177, "spa": 232, "spd": 168, "spe": 211}, "types": ["Dark", "Flying"]}, "Flygon": {"name": "Flygon", "species": "Flygon", "speciesId": "flygon", "gender": "F", "shiny": false, "level": 82, "moves": ["earthquake", "uturn", "outrage", "stoneedge"], "ability": "Levitate", "evs": {"hp": 85, "atk": 85, "def": 85, "spa": 85, "spd": 85, "spe": 85}, "ivs": {"hp": 31, "atk": 31, "def": 31, "spa": 31, "spd": 31, "spe": 31}, "item": "Choice Band", "teraType": "Rock", "role": "Fast Attacker", "bvs": {"hp": 80, "atk": 100, "def": 80, "spa": 80, "spd": 80, "spe": 100}, "stats": {"hp": 265, "atk": 211, "def": 178, "spa": 178, "spd": 178, "spe": 211}, "types": ["Ground", "Dragon"]}, "Vileplume": {"name": "Vileplume", "species": "Vileplume", "speciesId": "vileplume", "gender": "M", "shiny": false, "level": 85, "moves": ["leechseed", "gigadrain", "strengthsap", "sludgebomb"], "ability": "Effect Spore", "evs": {"hp": 85, "atk": 0, "def": 85, "spa": 85, "spd": 85, "spe": 85}, "ivs": {"hp": 31, "atk": 0, "def": 31, "spa": 31, "spd": 31, "spe": 31}, "item": "Leftovers", "teraType": "Steel", "role": "Bulky Attacker", "bvs": {"hp": 75, "atk": 80, "def": 85, "spa": 110, "spd": 90, "spe": 50}, "stats": {"hp": 266, "atk": 141, "def": 193, "spa": 236, "spd": 202, "spe": 134}, "types": ["Grass", "Poison"]}}]}