{"id": "gen9randombattle-2641647224", "format": "[Gen 9] Random Battle", "players": ["testbotcif", "Corinthian1"], "log": "|j|\u2606testbotcif\n|j|\u2606Corinthian1\n|t:|1782824433\n|gametype|singles\n|player|p1|testbotcif|266|1211\n|player|p2|Corinthian1|lucas|1223\n|gen|9\n|tier|[Gen 9] Random Battle\n|rated|\n|rule|Species Clause: Limit one of each Pok\u00e9mon\n|rule|HP Percentage Mod: HP is shown in percentages\n|rule|Sleep Clause Mod: Limit one foe put to sleep\n|rule|Illusion Level Mod: Illusion disguises the Pok\u00e9mon's true level\n|\n|t:|1782824433\n|teamsize|p1|6\n|teamsize|p2|6\n|start\n|switch|p1a: Dusknoir|Dusknoir, L89, M|225/225\n|switch|p2a: Falinks|Falinks, L84|246/246\n|-item|p2a: Falinks|Life Orb|[from] ability: Frisk|[of] p1a: Dusknoir\n|turn|1\n|inactive|Battle timer is ON: inactive players will automatically lose when time's up. (requested by testbotcif)\n|c|\u2606testbotcif|rlhf\n|\n|t:|1782824438\n|move|p2a: Falinks|No Retreat|p2a: Falinks\n|-boost|p2a: Falinks|atk|1\n|-boost|p2a: Falinks|def|1\n|-boost|p2a: Falinks|spa|1\n|-boost|p2a: Falinks|spd|1\n|-boost|p2a: Falinks|spe|1\n|-start|p2a: Falinks|move: No Retreat\n|move|p1a: Dusknoir|Poltergeist|p2a: Falinks\n|-activate|p2a: Falinks|move: Poltergeist|Life Orb\n|-damage|p2a: Falinks|161/246\n|\n|upkeep\n|turn|2\n|\n|t:|1782824448\n|move|p2a: Falinks|Knock Off|p1a: Dusknoir\n|-supereffective|p1a: Dusknoir\n|-damage|p1a: Dusknoir|53/225\n|-enditem|p1a: Dusknoir|Leftovers|[from] move: Knock Off|[of] p2a: Falinks\n|-damage|p2a: Falinks|137/246|[from] item: Life Orb\n|move|p1a: Dusknoir|Poltergeist|p2a: Falinks\n|-activate|p2a: Falinks|move: Poltergeist|Life Orb\n|-damage|p2a: Falinks|58/246\n|\n|upkeep\n|turn|3\n|\n|t:|1782824451\n|move|p2a: Falinks|Iron Head|p1a: Dusknoir\n|-damage|p1a: Dusknoir|0 fnt\n|faint|p1a: Dusknoir\n|-damage|p2a: Falinks|34/246|[from] item: Life Orb\n|\n|upkeep\n|\n|t:|1782824451\n|switch|p1a: Cramorant|Cramorant, L86, F|261/261\n|turn|4\n|\n|t:|1782824457\n|move|p2a: Falinks|Knock Off|p1a: Cramorant\n|-damage|p1a: Cramorant|71/261\n|-enditem|p1a: Cramorant|Heavy-Duty Boots|[from] move: Knock Off|[of] p2a: Falinks\n|-damage|p2a: Falinks|10/246|[from] item: Life Orb\n|move|p1a: Cramorant|Surf|p2a: Falinks\n|-formechange|p1a: Cramorant|Cramorant-Gorging|\n|-damage|p2a: Falinks|0 fnt\n|faint|p2a: Falinks\n|\n|upkeep\n|\n|t:|1782824466\n|switch|p2a: Zacian|Zacian, L69|241/241\n|-ability|p2a: Zacian|Intrepid Sword|boost\n|-boost|p2a: Zacian|atk|1\n|turn|5\n|\n|t:|1782824469\n|move|p2a: Zacian|Wild Charge|p1a: Cramorant\n|-supereffective|p1a: Cramorant\n|-damage|p1a: Cramorant|0 fnt\n|-damage|p2a: Zacian|181/241|[from] ability: Gulp Missile|[of] p1a: Cramorant\n|-status|p2a: Zacian|par\n|-formechange|p1a: Cramorant|Cramorant|\n|faint|p1a: Cramorant\n|-damage|p2a: Zacian|163/241 par|[from] Recoil\n|-damage|p2a: Zacian|139/241 par|[from] item: Life Orb\n|\n|upkeep\n|\n|t:|1782824469\n|switch|p1a: Cinderace|Cinderace, L77, M|249/249\n|turn|6\n|\n|t:|1782824478\n|move|p1a: Cinderace|Gunk Shot|p2a: Zacian\n|-start|p1a: Cinderace|typechange|Poison|[from] ability: Libero\n|-supereffective|p2a: Zacian\n|-damage|p2a: Zacian|0 fnt\n|faint|p2a: Zacian\n|\n|upkeep\n|\n|t:|1782824483\n|switch|p2a: Toxapex|Toxapex, L82, M|216/216\n|turn|7\n|\n|t:|1782824487\n|switch|p1a: Zebstrika|Zebstrika, L87, F|272/272\n|move|p2a: Toxapex|Liquidation|p1a: Zebstrika\n|-damage|p1a: Zebstrika|200/272\n|\n|upkeep\n|turn|8\n|\n|t:|1782824494\n|switch|p2a: Piloswine|Piloswine, L85, M|309/309\n|move|p1a: Zebstrika|Supercell Slam|p2a: Piloswine\n|-immune|p2a: Piloswine\n|-damage|p1a: Zebstrika|64/272|[from] supercellslam\n|\n|upkeep\n|turn|9\n|\n|t:|1782824497\n|move|p1a: Zebstrika|Overheat|p2a: Piloswine\n|-supereffective|p2a: Piloswine\n|-damage|p2a: Piloswine|210/309\n|-unboost|p1a: Zebstrika|spa|2\n|-damage|p1a: Zebstrika|37/272|[from] item: Life Orb\n|move|p2a: Piloswine|Earthquake|p1a: Zebstrika\n|-supereffective|p1a: Zebstrika\n|-damage|p1a: Zebstrika|0 fnt\n|faint|p1a: Zebstrika\n|\n|upkeep\n|\n|t:|1782824497\n|switch|p1a: Mismagius|Mismagius, L86, M|243/243\n|turn|10\n|\n|t:|1782824505\n|move|p1a: Mismagius|Nasty Plot|p1a: Mismagius\n|-boost|p1a: Mismagius|spa|2\n|move|p2a: Piloswine|Roar|p1a: Mismagius\n|drag|p1a: Cinderace|Cinderace, L77, M|249/249\n|\n|upkeep\n|turn|11\n|\n|t:|1782824512\n|-terastallize|p1a: Cinderace|Fighting\n|move|p1a: Cinderace|High Jump Kick|p2a: Piloswine\n|-supereffective|p2a: Piloswine\n|-damage|p2a: Piloswine|10/309\n|move|p2a: Piloswine|Stealth Rock|p1a: Cinderace\n|-sidestart|p1: testbotcif|move: Stealth Rock\n|\n|upkeep\n|turn|12\n|\n|t:|1782824520\n|move|p1a: Cinderace|High Jump Kick|p2a: Piloswine\n|-supereffective|p2a: Piloswine\n|-damage|p2a: Piloswine|0 fnt\n|faint|p2a: Piloswine\n|\n|upkeep\n|\n|t:|1782824522\n|switch|p2a: Toxapex|Toxapex, L82, M|216/216\n|turn|13\n|\n|t:|1782824528\n|switch|p1a: Mismagius|Mismagius, L86, M|243/243\n|-damage|p1a: Mismagius|213/243|[from] Stealth Rock\n|move|p2a: Toxapex|Liquidation|p1a: Mismagius\n|-damage|p1a: Mismagius|132/243\n|\n|-heal|p1a: Mismagius|147/243|[from] item: Leftovers\n|upkeep\n|turn|14\n|\n|t:|1782824536\n|move|p1a: Mismagius|Nasty Plot|p1a: Mismagius\n|-boost|p1a: Mismagius|spa|2\n|move|p2a: Toxapex|Haze|p2a: Toxapex\n|-clearallboost\n|\n|-heal|p1a: Mismagius|162/243|[from] item: Leftovers\n|upkeep\n|turn|15\n|\n|t:|1782824542\n|move|p1a: Mismagius|Shadow Ball|p2a: Toxapex\n|-damage|p2a: Toxapex|146/216\n|move|p2a: Toxapex|Liquidation|p1a: Mismagius\n|-crit|p1a: Mismagius\n|-damage|p1a: Mismagius|51/243\n|\n|-heal|p1a: Mismagius|66/243|[from] item: Leftovers\n|upkeep\n|turn|16\n|\n|t:|1782824545\n|move|p1a: Mismagius|Shadow Ball|p2a: Toxapex\n|-damage|p2a: Toxapex|76/216\n|move|p2a: Toxapex|Recover|p2a: Toxapex\n|-heal|p2a: Toxapex|184/216\n|\n|-heal|p1a: Mismagius|81/243|[from] item: Leftovers\n|upkeep\n|turn|17\n|\n|t:|1782824551\n|move|p1a: Mismagius|Shadow Ball|p2a: Toxapex\n|-damage|p2a: Toxapex|121/216\n|move|p2a: Toxapex|Liquidation|p1a: Mismagius\n|-damage|p1a: Mismagius|0 fnt\n|faint|p1a: Mismagius\n|\n|upkeep\n|\n|t:|1782824551\n|switch|p1a: Chi-Yu|Chi-Yu, L77|211/211\n|-ability|p1a: Chi-Yu|Beads of Ruin\n|turn|18\n|\n|t:|1782824556\n|move|p1a: Chi-Yu|Nasty Plot|p1a: Chi-Yu\n|-boost|p1a: Chi-Yu|spa|2\n|move|p2a: Toxapex|Liquidation|p1a: Chi-Yu\n|-supereffective|p1a: Chi-Yu\n|-damage|p1a: Chi-Yu|65/211\n|\n|upkeep\n|turn|19\n|\n|t:|1782824561\n|move|p1a: Chi-Yu|Dark Pulse|p2a: Toxapex\n|-damage|p2a: Toxapex|0 fnt\n|faint|p2a: Toxapex\n|\n|upkeep\n|\n|t:|1782824569\n|switch|p2a: Appletun|Appletun, L92, M|352/352\n|turn|20\n|\n|t:|1782824577\n|move|p1a: Chi-Yu|Fire Blast|p2a: Appletun\n|-damage|p2a: Appletun|186/352\n|move|p2a: Appletun|Dragon Tail|p1a: Chi-Yu\n|-damage|p1a: Chi-Yu|0 fnt\n|faint|p1a: Chi-Yu\n|\n|-heal|p2a: Appletun|208/352|[from] item: Leftovers\n|upkeep\n|\n|t:|1782824577\n|switch|p1a: Cinderace|Cinderace, L77, M, tera:Fighting|249/249\n|turn|21\n|\n|t:|1782824588\n|move|p1a: Cinderace|High Jump Kick|p2a: Appletun\n|-damage|p2a: Appletun|73/352\n|move|p2a: Appletun|Apple Acid|p1a: Cinderace\n|-damage|p1a: Cinderace|119/249\n|-unboost|p1a: Cinderace|spd|1\n|\n|-heal|p2a: Appletun|95/352|[from] item: Leftovers\n|upkeep\n|turn|22\n|\n|t:|1782824597\n|move|p1a: Cinderace|High Jump Kick|p2a: Appletun\n|-damage|p2a: Appletun|0 fnt\n|faint|p2a: Appletun\n|\n|upkeep\n|\n|t:|1782824600\n|switch|p2a: Florges|Florges-Blue, L85, F|271/271\n|turn|23\n|\n|t:|1782824604\n|move|p1a: Cinderace|Gunk Shot|p2a: Florges\n|-supereffective|p2a: Florges\n|-damage|p2a: Florges|85/271\n|move|p2a: Florges|Moonblast|p1a: Cinderace\n|-supereffective|p1a: Cinderace\n|-damage|p1a: Cinderace|0 fnt\n|faint|p1a: Cinderace\n|\n|win|Corinthian1\n|raw|testbotcif's rating: 1211 &rarr; <strong>1187</strong><br />(-24 for losing)\n|raw|Corinthian1's rating: 1223 &rarr; <strong>1247</strong><br />(+24 for winning)\n", "inputlog": ">version f8ac14003a5f27e1bdc8d8c59608a773c1cb96e5\n>start {\"formatid\":\"gen9randombattle\",\"seed\":\"sodium,4c7e27e30f98b8a83311a68ceb1100e9\",\"rated\":\"Rated battle\"}\n>player p1 {\"name\":\"testbotcif\",\"avatar\":\"266\",\"rating\":1211,\"seed\":\"sodium,d1e3054c61b605a2db4090353e3a6b8a\"}\n>player p2 {\"name\":\"Corinthian1\",\"avatar\":\"lucas\",\"rating\":1223,\"seed\":\"sodium,7d920006b642bd934d80e4f0da8fe269\"}\n>chat \u2606testbotcif|rlhf\n>p1 move poltergeist\n>p2 move noretreat\n>p1 move poltergeist\n>p2 move knockoff\n>p1 move poltergeist\n>p2 move ironhead\n>p1 switch 6\n>p1 move surf\n>p2 move knockoff\n>p2 switch 2\n>p1 move surf\n>p2 move wildcharge\n>p1 switch 2\n>p1 move gunkshot\n>p2 move closecombat\n>p2 switch 5\n>p1 switch 4\n>p2 move liquidation\n>p1 move supercellslam\n>p2 switch 6\n>p1 move overheat\n>p2 move earthquake\n>p1 switch 5\n>p1 move nastyplot\n>p2 move roar\n>p1 move highjumpkick terastallize\n>p2 move stealthrock\n>p1 move highjumpkick\n>p2 move earthquake\n>p2 switch 6\n>p1 switch 4\n>p2 move liquidation\n>p1 move nastyplot\n>p2 move haze\n>p1 move shadowball\n>p2 move liquidation\n>p1 move shadowball\n>p2 move recover\n>p1 move shadowball\n>p2 move liquidation\n>p1 switch 3\n>p1 move nastyplot\n>p2 move liquidation\n>p1 move darkpulse\n>p2 move liquidation\n>p2 switch 4\n>p1 move fireblast\n>p2 move dragontail\n>p1 switch 4\n>p1 move highjumpkick\n>p2 move appleacid\n>p1 move highjumpkick\n>p2 move appleacid\n>p2 switch 3\n>p1 move gunkshot\n>p2 move moonblast", "uploadtime": 1782824604, "views": 4, "formatid": "gen9randombattle", "rating": 1187, "private": 0, "password": null, "player_dets": [{"name": "testbotcif", "avatar": "266", "rating": 1211, "seed": "sodium,d1e3054c61b605a2db4090353e3a6b8a"}, {"name": "Corinthian1", "avatar": "lucas", "rating": 1223, "seed": "sodium,7d920006b642bd934d80e4f0da8fe269"}], "teams_full": [{"Dusknoir": {"name": "Dusknoir", "species": "Dusknoir", "speciesId": "dusknoir", "gender": "M", "shiny": false, "level": 89, "moves": ["poltergeist", "substitute", "painsplit", "focuspunch"], "ability": "Frisk", "evs": {"hp": 85, "atk": 85, "def": 85, "spa": 85, "spd": 85, "spe": 85}, "ivs": {"hp": 31, "atk": 31, "def": 31, "spa": 31, "spd": 31, "spe": 31}, "item": "Leftovers", "teraType": "Fighting", "role": "Bulky Attacker", "bvs": {"hp": 45, "atk": 100, "def": 135, "spa": 65, "spd": 135, "spe": 45}, "stats": {"hp": 225, "atk": 229, "def": 291, "spa": 166, "spd": 291, "spe": 131}, "types": ["Ghost"]}, "Cinderace": {"name": "Cinderace", "species": "Cinderace", "speciesId": "cinderace", "gender": "M", "shiny": false, "level": 77, "moves": ["pyroball", "gunkshot", "courtchange", "highjumpkick"], "ability": "Libero", "evs": {"hp": 81, "atk": 85, "def": 85, "spa": 85, "spd": 85, "spe": 85}, "ivs": {"hp": 31, "atk": 31, "def": 31, "spa": 31, "spd": 31, "spe": 31}, "item": "Heavy-Duty Boots", "teraType": "Fighting", "role": "Fast Attacker", "bvs": {"hp": 80, "atk": 116, "def": 75, "spa": 65, "spd": 75, "spe": 119}, "stats": {"hp": 249, "atk": 223, "def": 160, "spa": 145, "spd": 160, "spe": 228}, "types": ["Fire"]}, "Chi-Yu": {"name": "Chi-Yu", "species": "Chi-Yu", "speciesId": "chiyu", "gender": "N", "shiny": false, "level": 77, "moves": ["willowisp", "fireblast", "darkpulse", "nastyplot"], "ability": "Beads of Ruin", "evs": {"hp": 85, "atk": 0, "def": 85, "spa": 85, "spd": 85, "spe": 85}, "ivs": {"hp": 31, "atk": 0, "def": 31, "spa": 31, "spd": 31, "spe": 31}, "item": "Heavy-Duty Boots", "teraType": "Fire", "role": "Setup Sweeper", "bvs": {"hp": 55, "atk": 80, "def": 80, "spa": 135, "spd": 120, "spe": 100}, "stats": {"hp": 211, "atk": 128, "def": 168, "spa": 252, "spd": 229, "spe": 199}, "types": ["Dark", "Fire"]}, "Zebstrika": {"name": "Zebstrika", "species": "Zebstrika", "speciesId": "zebstrika", "gender": "F", "shiny": false, "level": 87, "moves": ["voltswitch", "supercellslam", "highhorsepower", "overheat"], "ability": "Sap Sipper", "evs": {"hp": 85, "atk": 85, "def": 85, "spa": 85, "spd": 85, "spe": 85}, "ivs": {"hp": 31, "atk": 31, "def": 31, "spa": 31, "spd": 31, "spe": 31}, "item": "Life Orb", "teraType": "Ground", "role": "Fast Attacker", "bvs": {"hp": 75, "atk": 100, "def": 63, "spa": 80, "spd": 63, "spe": 116}, "stats": {"hp": 272, "atk": 224, "def": 159, "spa": 189, "spd": 159, "spe": 252}, "types": ["Electric"]}, "Mismagius": {"name": "Mismagius", "species": "Mismagius", "speciesId": "mismagius", "gender": "M", "shiny": false, "level": 86, "moves": ["terablast", "nastyplot", "shadowball", "substitute"], "ability": "Levitate", "evs": {"hp": 85, "atk": 0, "def": 85, "spa": 85, "spd": 85, "spe": 85}, "ivs": {"hp": 31, "atk": 0, "def": 31, "spa": 31, "spd": 31, "spe": 31}, "item": "Leftovers", "teraType": "Fighting", "role": "Tera Blast user", "bvs": {"hp": 60, "atk": 60, "def": 60, "spa": 105, "spd": 105, "spe": 105}, "stats": {"hp": 243, "atk": 108, "def": 152, "spa": 230, "spd": 230, "spe": 230}, "types": ["Ghost"]}, "Cramorant": {"name": "Cramorant", "species": "Cramorant", "speciesId": "cramorant", "gender": "F", "shiny": false, "level": 86, "moves": ["surf", "roost", "defog", "bravebird"], "ability": "Gulp Missile", "evs": {"hp": 85, "atk": 85, "def": 85, "spa": 85, "spd": 85, "spe": 85}, "ivs": {"hp": 31, "atk": 31, "def": 31, "spa": 31, "spd": 31, "spe": 31}, "item": "Heavy-Duty Boots", "teraType": "Ground", "role": "Bulky Support", "bvs": {"hp": 70, "atk": 85, "def": 55, "spa": 85, "spd": 95, "spe": 85}, "stats": {"hp": 261, "atk": 195, "def": 144, "spa": 195, "spd": 213, "spe": 195}, "types": ["Flying", "Water"]}}, {"Falinks": {"name": "Falinks", "species": "Falinks", "speciesId": "falinks", "gender": "N", "shiny": false, "level": 84, "moves": ["noretreat", "knockoff", "closecombat", "ironhead"], "ability": "Defiant", "evs": {"hp": 85, "atk": 85, "def": 85, "spa": 85, "spd": 85, "spe": 85}, "ivs": {"hp": 31, "atk": 31, "def": 31, "spa": 31, "spd": 31, "spe": 31}, "item": "Life Orb", "teraType": "Dark", "role": "Setup Sweeper", "bvs": {"hp": 65, "atk": 100, "def": 100, "spa": 70, "spd": 60, "spe": 75}, "stats": {"hp": 246, "atk": 216, "def": 216, "spa": 166, "spd": 149, "spe": 174}, "types": ["Fighting"]}, "Zacian": {"name": "Zacian", "species": "Zacian", "speciesId": "zacian", "gender": "N", "shiny": false, "level": 69, "moves": ["closecombat", "wildcharge", "swordsdance", "playrough"], "ability": "Intrepid Sword", "evs": {"hp": 85, "atk": 85, "def": 85, "spa": 85, "spd": 85, "spe": 85}, "ivs": {"hp": 31, "atk": 31, "def": 31, "spa": 31, "spd": 31, "spe": 31}, "item": "Life Orb", "teraType": "Fighting", "role": "Fast Attacker", "bvs": {"hp": 92, "atk": 120, "def": 115, "spa": 80, "spd": 115, "spe": 138}, "stats": {"hp": 241, "atk": 206, "def": 199, "spa": 151, "spd": 199, "spe": 231}, "types": ["Fairy"]}, "Florges": {"name": "Florges", "species": "Florges-Blue", "speciesId": "florges", "gender": "F", "shiny": false, "level": 85, "moves": ["wish", "calmmind", "moonblast", "protect"], "ability": "Flower Veil", "evs": {"hp": 85, "atk": 0, "def": 85, "spa": 85, "spd": 85, "spe": 85}, "ivs": {"hp": 31, "atk": 0, "def": 31, "spa": 31, "spd": 31, "spe": 31}, "item": "Leftovers", "teraType": "Steel", "role": "Bulky Setup", "bvs": {"hp": 78, "atk": 65, "def": 68, "spa": 112, "spd": 154, "spe": 75}, "stats": {"hp": 271, "atk": 115, "def": 164, "spa": 239, "spd": 311, "spe": 176}, "types": ["Fairy"]}, "Appletun": {"name": "Appletun", "species": "Appletun", "speciesId": "appletun", "gender": "M", "shiny": false, "level": 92, "moves": ["recover", "dragontail", "dragonpulse", "appleacid"], "ability": "Thick Fat", "evs": {"hp": 85, "atk": 85, "def": 85, "spa": 85, "spd": 85, "spe": 85}, "ivs": {"hp": 31, "atk": 31, "def": 31, "spa": 31, "spd": 31, "spe": 31}, "item": "Leftovers", "teraType": "Steel", "role": "Bulky Attacker", "bvs": {"hp": 110, "atk": 85, "def": 80, "spa": 100, "spd": 80, "spe": 30}, "stats": {"hp": 352, "atk": 209, "def": 200, "spa": 236, "spd": 200, "spe": 108}, "types": ["Grass", "Dragon"]}, "Toxapex": {"name": "Toxapex", "species": "Toxapex", "speciesId": "toxapex", "gender": "M", "shiny": false, "level": 82, "moves": ["haze", "toxic", "liquidation", "recover"], "ability": "Regenerator", "evs": {"hp": 85, "atk": 85, "def": 85, "spa": 85, "spd": 85, "spe": 85}, "ivs": {"hp": 31, "atk": 31, "def": 31, "spa": 31, "spd": 31, "spe": 31}, "item": "Rocky Helmet", "teraType": "Fairy", "role": "Bulky Support", "bvs": {"hp": 50, "atk": 63, "def": 152, "spa": 53, "spd": 142, "spe": 35}, "stats": {"hp": 216, "atk": 150, "def": 296, "spa": 134, "spd": 280, "spe": 105}, "types": ["Poison", "Water"]}, "Piloswine": {"name": "Piloswine", "species": "Piloswine", "speciesId": "piloswine", "gender": "M", "shiny": false, "level": 85, "moves": ["iciclecrash", "earthquake", "roar", "stealthrock"], "ability": "Thick Fat", "evs": {"hp": 85, "atk": 85, "def": 85, "spa": 85, "spd": 85, "spe": 85}, "ivs": {"hp": 31, "atk": 31, "def": 31, "spa": 31, "spd": 31, "spe": 31}, "item": "Eviolite", "teraType": "Dragon", "role": "Bulky Support", "bvs": {"hp": 100, "atk": 100, "def": 80, "spa": 60, "spd": 60, "spe": 50}, "stats": {"hp": 309, "atk": 219, "def": 185, "spa": 151, "spd": 151, "spe": 134}, "types": ["Ice", "Ground"]}}]}