{"id": "gen9randombattle-2641225397", "format": "[Gen 9] Random Battle", "players": ["zbbdjebe", "alejandro64_bc"], "log": "|j|\u2606zbbdjebe\n|j|\u2606alejandro64_bc\n|t:|1782755992\n|gametype|singles\n|player|p1|zbbdjebe|169|\n|player|p2|alejandro64_bc|drayden|\n|gen|9\n|tier|[Gen 9] Random Battle\n|rule|Species Clause: Limit one of each Pok\u00e9mon\n|rule|HP Percentage Mod: HP is shown in percentages\n|rule|Sleep Clause Mod: Limit one foe put to sleep\n|rule|Illusion Level Mod: Illusion disguises the Pok\u00e9mon's true level\n|\n|t:|1782755992\n|teamsize|p1|6\n|teamsize|p2|6\n|start\n|switch|p1a: Drifblim|Drifblim, L86, M|396/396\n|switch|p2a: Ursaring|Ursaring, L84, F|288/288\n|turn|1\n|\n|t:|1782756004\n|move|p1a: Drifblim|Strength Sap|p2a: Ursaring\n|-unboost|p2a: Ursaring|atk|1\n|move|p2a: Ursaring|Swords Dance|p2a: Ursaring\n|-boost|p2a: Ursaring|atk|2\n|\n|-status|p2a: Ursaring|tox|[from] item: Toxic Orb\n|upkeep\n|turn|2\n|inactive|Battle timer is ON: inactive players will automatically lose when time's up. (requested by zbbdjebe)\n|\n|t:|1782756016\n|move|p2a: Ursaring|Throat Chop|p1a: Drifblim\n|-supereffective|p1a: Drifblim\n|-damage|p1a: Drifblim|82/396\n|-start|p1a: Drifblim|Throat Chop|[silent]\n|-enditem|p1a: Drifblim|Sitrus Berry|[eat]\n|-heal|p1a: Drifblim|181/396|[from] item: Sitrus Berry\n|move|p1a: Drifblim|Strength Sap|p2a: Ursaring\n|-unboost|p2a: Ursaring|atk|1\n|-heal|p1a: Drifblim|396/396\n|\n|-damage|p2a: Ursaring|270/288 tox|[from] psn\n|upkeep\n|turn|3\n|\n|t:|1782756028\n|move|p1a: Drifblim|Air Slash|p2a: Ursaring\n|-damage|p2a: Ursaring|179/288 tox\n|move|p2a: Ursaring|Swords Dance|p2a: Ursaring\n|-boost|p2a: Ursaring|atk|2\n|\n|-damage|p2a: Ursaring|143/288 tox|[from] psn\n|-end|p1a: Drifblim|Throat Chop|[silent]\n|upkeep\n|turn|4\n|\n|t:|1782756036\n|move|p1a: Drifblim|Air Slash|p2a: Ursaring\n|-damage|p2a: Ursaring|55/288 tox\n|move|p2a: Ursaring|Throat Chop|p1a: Drifblim\n|-supereffective|p1a: Drifblim\n|-damage|p1a: Drifblim|0 fnt\n|faint|p1a: Drifblim\n|\n|-damage|p2a: Ursaring|1/288 tox|[from] psn\n|upkeep\n|\n|t:|1782756053\n|switch|p1a: Typhlosion|Typhlosion-Hisui, L83, F|257/257\n|turn|5\n|\n|t:|1782756058\n|move|p1a: Typhlosion|Eruption|p2a: Ursaring\n|-damage|p2a: Ursaring|0 fnt\n|faint|p2a: Ursaring\n|\n|upkeep\n|\n|t:|1782756068\n|switch|p2a: Dragonite|Dragonite, L74, M|257/257\n|turn|6\n|\n|t:|1782756073\n|switch|p1a: Cryogonal|Cryogonal, L89|287/287\n|move|p2a: Dragonite|Earthquake|p1a: Cryogonal\n|-immune|p1a: Cryogonal|[from] ability: Levitate\n|\n|upkeep\n|turn|7\n|\n|t:|1782756082\n|switch|p2a: Pachirisu|Pachirisu, L96, M|271/271\n|move|p1a: Cryogonal|Freeze-Dry|p2a: Pachirisu\n|-damage|p2a: Pachirisu|225/271\n|\n|upkeep\n|turn|8\n|l|\u2606zbbdjebe\n|inactive|zbbdjebe disconnected and has 300 seconds to reconnect!\n|player|p1|\n|j|\u2606zbbdjebe\n|inactive|zbbdjebe reconnected and has 285 seconds left.\n|player|p1|zbbdjebe|169|\n|\n|t:|1782756126\n|switch|p1a: Tyranitar|Tyranitar, L78, M|284/284\n|-weather|Sandstorm|[from] ability: Sand Stream|[of] p1a: Tyranitar\n|move|p2a: Pachirisu|Thunderbolt|p1a: Tyranitar\n|-damage|p1a: Tyranitar|233/284\n|\n|-weather|Sandstorm|[upkeep]\n|-damage|p2a: Pachirisu|209/271|[from] Sandstorm\n|-heal|p1a: Tyranitar|250/284|[from] item: Leftovers\n|upkeep\n|turn|9\n|l|\u2606zbbdjebe\n|inactive|zbbdjebe disconnected and has 275 seconds to reconnect!\n|player|p1|\n|inactive|zbbdjebe has 270 seconds to reconnect!\n|j|\u2606zbbdjebe\n|inactive|zbbdjebe reconnected and has 280 seconds left.\n|player|p1|zbbdjebe|169|\n|\n|t:|1782756165\n|switch|p2a: Virizion|Virizion, L82|283/283\n|move|p1a: Tyranitar|Knock Off|p2a: Virizion\n|-resisted|p2a: Virizion\n|-damage|p2a: Virizion|209/283\n|-ability|p2a: Virizion|Justified|boost\n|-boost|p2a: Virizion|atk|1\n|-enditem|p2a: Virizion|Life Orb|[from] move: Knock Off|[of] p1a: Tyranitar\n|\n|-weather|Sandstorm|[upkeep]\n|-damage|p2a: Virizion|192/283|[from] Sandstorm\n|-heal|p1a: Tyranitar|267/284|[from] item: Leftovers\n|upkeep\n|turn|10\n|l|\u2606alejandro64_bc\n|inactive|alejandro64_bc disconnected and has 300 seconds to reconnect!\n|player|p2|\n|j|\u2606alejandro64_bc\n|inactive|alejandro64_bc reconnected and has 285 seconds left.\n|player|p2|alejandro64_bc|drayden|\n|n|\u2606alejandro64_bc|alejandro64bc\n|\n|t:|1782756189\n|switch|p1a: Typhlosion|Typhlosion-Hisui, L83, F|257/257\n|move|p2a: Virizion|Swords Dance|p2a: Virizion\n|-boost|p2a: Virizion|atk|2\n|\n|-weather|Sandstorm|[upkeep]\n|-damage|p1a: Typhlosion|241/257|[from] Sandstorm\n|-damage|p2a: Virizion|175/283|[from] Sandstorm\n|upkeep\n|turn|11\n|\n|t:|1782756204\n|-terastallize|p2a: Virizion|Rock\n|move|p1a: Typhlosion|Eruption|p2a: Virizion\n|-resisted|p2a: Virizion\n|-damage|p2a: Virizion|131/283\n|move|p2a: Virizion|Stone Edge|p1a: Typhlosion\n|-supereffective|p1a: Typhlosion\n|-damage|p1a: Typhlosion|0 fnt\n|faint|p1a: Typhlosion\n|\n|-weather|Sandstorm|[upkeep]\n|upkeep\n|inactive|zbbdjebe has 270 seconds left.\n|\n|t:|1782756228\n|switch|p1a: Phione|Phione, L91|293/293\n|turn|12\n|\n|t:|1782756232\n|move|p2a: Virizion|Leaf Blade|p1a: Phione\n|-supereffective|p1a: Phione\n|-damage|p1a: Phione|0 fnt\n|faint|p1a: Phione\n|\n|-weather|none\n|upkeep\n|\n|t:|1782756241\n|switch|p1a: Grumpig|Grumpig, L92, F|297/297\n|turn|13\n|\n|t:|1782756248\n|move|p2a: Virizion|Leaf Blade|p1a: Grumpig\n|-crit|p1a: Grumpig\n|-damage|p1a: Grumpig|0 fnt\n|faint|p1a: Grumpig\n|\n|upkeep\n|\n|t:|1782756256\n|switch|p1a: Cryogonal|Cryogonal, L89|287/287\n|turn|14\n|\n|t:|1782756260\n|-terastallize|p1a: Cryogonal|Poison\n|move|p1a: Cryogonal|Haze|p1a: Cryogonal\n|-clearallboost\n|move|p2a: Virizion|Stone Edge|p1a: Cryogonal\n|-damage|p1a: Cryogonal|157/287\n|\n|upkeep\n|turn|15\n|\n|t:|1782756271\n|switch|p2a: Pachirisu|Pachirisu, L96, M|209/271\n|move|p1a: Cryogonal|Freeze-Dry|p2a: Pachirisu\n|-damage|p2a: Pachirisu|161/271\n|\n|upkeep\n|turn|16\n|\n|t:|1782756279\n|switch|p1a: Tyranitar|Tyranitar, L78, M|267/284\n|-weather|Sandstorm|[from] ability: Sand Stream|[of] p1a: Tyranitar\n|move|p2a: Pachirisu|Super Fang|p1a: Tyranitar\n|-damage|p1a: Tyranitar|134/284\n|\n|-weather|Sandstorm|[upkeep]\n|-damage|p2a: Pachirisu|145/271|[from] Sandstorm\n|-heal|p1a: Tyranitar|151/284|[from] item: Leftovers\n|upkeep\n|turn|17\n|\n|t:|1782756292\n|move|p2a: Pachirisu|U-turn|p1a: Tyranitar\n|-supereffective|p1a: Tyranitar\n|-damage|p1a: Tyranitar|81/284\n|\n|t:|1782756295\n|switch|p2a: Dragonite|Dragonite, L74, M|257/257|[from] U-turn\n|move|p1a: Tyranitar|Stealth Rock|p2a: Dragonite\n|-sidestart|p2: alejandro64_bc|move: Stealth Rock\n|\n|-weather|Sandstorm|[upkeep]\n|-damage|p2a: Dragonite|241/257|[from] Sandstorm\n|-heal|p1a: Tyranitar|98/284|[from] item: Leftovers\n|upkeep\n|turn|18\n|\n|t:|1782756307\n|move|p2a: Dragonite|Dragon Dance|p2a: Dragonite\n|-boost|p2a: Dragonite|atk|1\n|-boost|p2a: Dragonite|spe|1\n|move|p1a: Tyranitar|Stone Edge|p2a: Dragonite\n|-supereffective|p2a: Dragonite\n|-damage|p2a: Dragonite|0 fnt\n|faint|p2a: Dragonite\n|\n|-weather|Sandstorm|[upkeep]\n|-heal|p1a: Tyranitar|115/284|[from] item: Leftovers\n|upkeep\n|\n|t:|1782756318\n|switch|p2a: Scream Tail|Scream Tail, L84|330/330\n|-damage|p2a: Scream Tail|289/330|[from] Stealth Rock\n|turn|19\n|\n|t:|1782756322\n|move|p2a: Scream Tail|Dazzling Gleam|p1a: Tyranitar\n|-supereffective|p1a: Tyranitar\n|-damage|p1a: Tyranitar|31/284\n|move|p1a: Tyranitar|Knock Off|p2a: Scream Tail\n|-crit|p2a: Scream Tail\n|-damage|p2a: Scream Tail|123/330\n|-enditem|p2a: Scream Tail|Leftovers|[from] move: Knock Off|[of] p1a: Tyranitar\n|\n|-weather|Sandstorm|[upkeep]\n|-damage|p2a: Scream Tail|103/330|[from] Sandstorm\n|-heal|p1a: Tyranitar|48/284|[from] item: Leftovers\n|upkeep\n|turn|20\n|\n|t:|1782756334\n|move|p2a: Scream Tail|Dazzling Gleam|p1a: Tyranitar\n|-supereffective|p1a: Tyranitar\n|-damage|p1a: Tyranitar|0 fnt\n|faint|p1a: Tyranitar\n|\n|-weather|none\n|upkeep\n|\n|t:|1782756340\n|switch|p1a: Cryogonal|Cryogonal, L89, tera:Poison|157/287\n|turn|21\n|\n|t:|1782756344\n|move|p1a: Cryogonal|Recover|p1a: Cryogonal\n|-heal|p1a: Cryogonal|287/287\n|move|p2a: Scream Tail|Wish|p2a: Scream Tail\n|\n|upkeep\n|turn|22\n|\n|t:|1782756350\n|move|p1a: Cryogonal|Freeze-Dry|p2a: Scream Tail\n|-damage|p2a: Scream Tail|30/330\n|move|p2a: Scream Tail|Encore|p1a: Cryogonal\n|-start|p1a: Cryogonal|Encore\n|\n|-heal|p2a: Scream Tail|195/330|[from] move: Wish|[wisher] Scream Tail\n|upkeep\n|turn|23\n|\n|t:|1782756359\n|move|p1a: Cryogonal|Freeze-Dry|p2a: Scream Tail\n|-damage|p2a: Scream Tail|123/330\n|move|p2a: Scream Tail|Wish|p2a: Scream Tail\n|\n|upkeep\n|turn|24\n|l|\u2606alejandro64_bc\n|inactive|alejandro64_bc disconnected and has 295 seconds to reconnect!\n|player|p2|\n|j|\u2606alejandro64_bc\n|inactive|alejandro64_bc reconnected and has 285 seconds left.\n|player|p2|alejandro64_bc|drayden|\n|\n|t:|1782756387\n|-end|p2a: Scream Tail|Protosynthesis|[silent]\n|switch|p2a: Virizion|Virizion, L82, tera:Rock|131/283\n|-damage|p2a: Virizion|96/283|[from] Stealth Rock\n|move|p1a: Cryogonal|Freeze-Dry|p2a: Virizion\n|-crit|p2a: Virizion\n|-damage|p2a: Virizion|8/283\n|\n|-heal|p2a: Virizion|173/283|[from] move: Wish|[wisher] Scream Tail\n|upkeep\n|turn|25\n|\n|t:|1782756398\n|move|p1a: Cryogonal|Freeze-Dry|p2a: Virizion\n|-damage|p2a: Virizion|106/283\n|move|p2a: Virizion|Stone Edge|p1a: Cryogonal\n|-damage|p1a: Cryogonal|161/287\n|\n|-end|p1a: Cryogonal|Encore\n|upkeep\n|turn|26\n|\n|t:|1782756407\n|move|p1a: Cryogonal|Freeze-Dry|p2a: Virizion\n|-crit|p2a: Virizion\n|-damage|p2a: Virizion|7/283\n|move|p2a: Virizion|Swords Dance|p2a: Virizion\n|-boost|p2a: Virizion|atk|2\n|\n|upkeep\n|turn|27\n|\n|t:|1782756415\n|move|p1a: Cryogonal|Freeze-Dry|p2a: Virizion\n|-damage|p2a: Virizion|0 fnt\n|faint|p2a: Virizion\n|\n|upkeep\n|\n|t:|1782756418\n|switch|p2a: Gengar|Gengar, L81, M|230/230\n|-damage|p2a: Gengar|202/230|[from] Stealth Rock\n|turn|28\n|\n|t:|1782756423\n|move|p1a: Cryogonal|Freeze-Dry|p2a: Gengar\n|-damage|p2a: Gengar|114/230\n|move|p2a: Gengar|Shadow Ball|p1a: Cryogonal\n|-damage|p1a: Cryogonal|67/287\n|-damage|p2a: Gengar|91/230|[from] item: Life Orb\n|\n|upkeep\n|turn|29\n|\n|t:|1782756432\n|move|p1a: Cryogonal|Recover|p1a: Cryogonal\n|-heal|p1a: Cryogonal|211/287\n|move|p2a: Gengar|Shadow Ball|p1a: Cryogonal\n|-damage|p1a: Cryogonal|120/287\n|-damage|p2a: Gengar|68/230|[from] item: Life Orb\n|\n|upkeep\n|turn|30\n|\n|t:|1782756440\n|move|p1a: Cryogonal|Recover|p1a: Cryogonal\n|-heal|p1a: Cryogonal|264/287\n|move|p2a: Gengar|Shadow Ball|p1a: Cryogonal\n|-damage|p1a: Cryogonal|167/287\n|-damage|p2a: Gengar|45/230|[from] item: Life Orb\n|\n|upkeep\n|turn|31\n|\n|t:|1782756448\n|move|p1a: Cryogonal|Freeze-Dry|p2a: Gengar\n|-damage|p2a: Gengar|0 fnt\n|faint|p2a: Gengar\n|\n|upkeep\n|\n|t:|1782756450\n|switch|p2a: Pachirisu|Pachirisu, L96, M|145/271\n|-damage|p2a: Pachirisu|112/271|[from] Stealth Rock\n|turn|32\n|\n|t:|1782756456\n|move|p1a: Cryogonal|Freeze-Dry|p2a: Pachirisu\n|-damage|p2a: Pachirisu|64/271\n|move|p2a: Pachirisu|Nuzzle|p1a: Cryogonal\n|-damage|p1a: Cryogonal|145/287\n|-status|p1a: Cryogonal|par\n|\n|upkeep\n|turn|33\n|\n|t:|1782756464\n|switch|p2a: Scream Tail|Scream Tail, L84|123/330\n|-damage|p2a: Scream Tail|82/330|[from] Stealth Rock\n|move|p1a: Cryogonal|Rapid Spin|p2a: Scream Tail\n|-damage|p2a: Scream Tail|56/330\n|-boost|p1a: Cryogonal|spe|1\n|\n|upkeep\n|turn|34\n|\n|t:|1782756475\n|move|p2a: Scream Tail|Wish|p2a: Scream Tail\n|move|p1a: Cryogonal|Rapid Spin|p2a: Scream Tail\n|-damage|p2a: Scream Tail|32/330\n|-boost|p1a: Cryogonal|spe|1\n|\n|upkeep\n|turn|35\n|\n|t:|1782756483\n|move|p1a: Cryogonal|Recover|p1a: Cryogonal\n|-heal|p1a: Cryogonal|287/287 par\n|move|p2a: Scream Tail|Encore|p1a: Cryogonal\n|-start|p1a: Cryogonal|Encore\n|\n|-heal|p2a: Scream Tail|197/330|[from] move: Wish|[wisher] Scream Tail\n|upkeep\n|turn|36\n|\n|t:|1782756491\n|move|p1a: Cryogonal|Recover||[still]\n|-fail|p1a: Cryogonal|heal\n|move|p2a: Scream Tail|Wish|p2a: Scream Tail\n|\n|upkeep\n|turn|37\n|\n|t:|1782756499\n|-end|p2a: Scream Tail|Protosynthesis|[silent]\n|switch|p2a: Pachirisu|Pachirisu, L96, M|64/271\n|-damage|p2a: Pachirisu|31/271|[from] Stealth Rock\n|move|p1a: Cryogonal|Recover||[still]\n|-fail|p1a: Cryogonal|heal\n|\n|-heal|p2a: Pachirisu|196/271|[from] move: Wish|[wisher] Scream Tail\n|upkeep\n|turn|38\n|\n|t:|1782756508\n|cant|p1a: Cryogonal|par\n|move|p2a: Pachirisu|Super Fang|p1a: Cryogonal\n|-damage|p1a: Cryogonal|144/287 par\n|\n|-end|p1a: Cryogonal|Encore\n|upkeep\n|turn|39\n|\n|t:|1782756516\n|move|p1a: Cryogonal|Freeze-Dry|p2a: Pachirisu\n|-damage|p2a: Pachirisu|145/271\n|-status|p2a: Pachirisu|frz\n|cant|p2a: Pachirisu|frz\n|\n|upkeep\n|turn|40\n|\n|t:|1782756524\n|cant|p1a: Cryogonal|par\n|cant|p2a: Pachirisu|frz\n|\n|upkeep\n|turn|41\n|\n|t:|1782756532\n|cant|p1a: Cryogonal|par\n|cant|p2a: Pachirisu|frz\n|\n|upkeep\n|turn|42\n|\n|t:|1782756537\n|move|p1a: Cryogonal|Recover|p1a: Cryogonal\n|-heal|p1a: Cryogonal|287/287 par\n|cant|p2a: Pachirisu|frz\n|\n|upkeep\n|turn|43\n|\n|t:|1782756543\n|move|p1a: Cryogonal|Freeze-Dry|p2a: Pachirisu\n|-crit|p2a: Pachirisu\n|-damage|p2a: Pachirisu|73/271 frz\n|cant|p2a: Pachirisu|frz\n|\n|upkeep\n|turn|44\n|\n|t:|1782756549\n|switch|p2a: Scream Tail|Scream Tail, L84|197/330\n|-damage|p2a: Scream Tail|156/330|[from] Stealth Rock\n|cant|p1a: Cryogonal|par\n|\n|upkeep\n|turn|45\n|\n|t:|1782756556\n|cant|p1a: Cryogonal|par\n|move|p2a: Scream Tail|Wish|p2a: Scream Tail\n|\n|upkeep\n|turn|46\n|\n|t:|1782756565\n|move|p2a: Scream Tail|Protect|p2a: Scream Tail\n|-singleturn|p2a: Scream Tail|Protect\n|move|p1a: Cryogonal|Freeze-Dry|p2a: Scream Tail\n|-activate|p2a: Scream Tail|move: Protect\n|\n|-heal|p2a: Scream Tail|321/330|[from] move: Wish|[wisher] Scream Tail\n|upkeep\n|turn|47\n|\n|t:|1782756574\n|cant|p1a: Cryogonal|par\n|move|p2a: Scream Tail|Wish|p2a: Scream Tail\n|\n|upkeep\n|turn|48\n|\n|t:|1782756586\n|-end|p2a: Scream Tail|Protosynthesis|[silent]\n|switch|p2a: Pachirisu|Pachirisu, L96, M|73/271 frz\n|-damage|p2a: Pachirisu|40/271 frz|[from] Stealth Rock\n|cant|p1a: Cryogonal|par\n|\n|-heal|p2a: Pachirisu|205/271 frz|[from] move: Wish|[wisher] Scream Tail\n|upkeep\n|turn|49\n|\n|t:|1782756595\n|move|p1a: Cryogonal|Freeze-Dry|p2a: Pachirisu\n|-damage|p2a: Pachirisu|156/271 frz\n|cant|p2a: Pachirisu|frz\n|\n|upkeep\n|turn|50\n|\n|t:|1782756601\n|move|p1a: Cryogonal|Freeze-Dry|p2a: Pachirisu\n|-damage|p2a: Pachirisu|110/271 frz\n|-curestatus|p2a: Pachirisu|frz|[msg]\n|move|p2a: Pachirisu|Thunderbolt|p1a: Cryogonal\n|-damage|p1a: Cryogonal|236/287 par\n|\n|upkeep\n|turn|51\n|\n|t:|1782756609\n|switch|p2a: Scream Tail|Scream Tail, L84|321/330\n|-damage|p2a: Scream Tail|280/330|[from] Stealth Rock\n|move|p1a: Cryogonal|Freeze-Dry|p2a: Scream Tail\n|-damage|p2a: Scream Tail|219/330\n|\n|upkeep\n|turn|52\n|\n|t:|1782756621\n|move|p1a: Cryogonal|Freeze-Dry|p2a: Scream Tail\n|-damage|p2a: Scream Tail|158/330\n|move|p2a: Scream Tail|Wish|p2a: Scream Tail\n|\n|upkeep\n|turn|53\n|\n|t:|1782756630\n|move|p2a: Scream Tail|Protect|p2a: Scream Tail\n|-singleturn|p2a: Scream Tail|Protect\n|move|p1a: Cryogonal|Freeze-Dry|p2a: Scream Tail\n|-activate|p2a: Scream Tail|move: Protect\n|\n|-heal|p2a: Scream Tail|323/330|[from] move: Wish|[wisher] Scream Tail\n|upkeep\n|turn|54\n|\n|t:|1782756639\n|cant|p1a: Cryogonal|par\n|move|p2a: Scream Tail|Wish|p2a: Scream Tail\n|\n|upkeep\n|turn|55\n|\n|t:|1782756643\n|-end|p2a: Scream Tail|Protosynthesis|[silent]\n|switch|p2a: Pachirisu|Pachirisu, L96, M|110/271\n|-damage|p2a: Pachirisu|77/271|[from] Stealth Rock\n|cant|p1a: Cryogonal|par\n|\n|-heal|p2a: Pachirisu|242/271|[from] move: Wish|[wisher] Scream Tail\n|upkeep\n|turn|56\n|\n|t:|1782756653\n|move|p1a: Cryogonal|Freeze-Dry|p2a: Pachirisu\n|-damage|p2a: Pachirisu|196/271\n|move|p2a: Pachirisu|Super Fang|p1a: Cryogonal\n|-damage|p1a: Cryogonal|118/287 par\n|\n|upkeep\n|turn|57\n|\n|t:|1782756660\n|cant|p1a: Cryogonal|par\n|move|p2a: Pachirisu|Thunderbolt|p1a: Cryogonal\n|-damage|p1a: Cryogonal|72/287 par\n|\n|upkeep\n|turn|58\n|\n|t:|1782756665\n|move|p1a: Cryogonal|Recover|p1a: Cryogonal\n|-heal|p1a: Cryogonal|216/287 par\n|move|p2a: Pachirisu|Thunderbolt|p1a: Cryogonal\n|-damage|p1a: Cryogonal|168/287 par\n|\n|upkeep\n|turn|59\n|\n|t:|1782756672\n|move|p1a: Cryogonal|Freeze-Dry|p2a: Pachirisu\n|-damage|p2a: Pachirisu|150/271\n|move|p2a: Pachirisu|Super Fang|p1a: Cryogonal\n|-damage|p1a: Cryogonal|84/287 par\n|\n|upkeep\n|turn|60\n|\n|t:|1782756681\n|cant|p1a: Cryogonal|par\n|move|p2a: Pachirisu|Thunderbolt|p1a: Cryogonal\n|-damage|p1a: Cryogonal|36/287 par\n|\n|upkeep\n|turn|61\n|\n|t:|1782756688\n|move|p1a: Cryogonal|Freeze-Dry|p2a: Pachirisu\n|-damage|p2a: Pachirisu|105/271\n|move|p2a: Pachirisu|Thunderbolt|p1a: Cryogonal\n|-damage|p1a: Cryogonal|0 fnt\n|faint|p1a: Cryogonal\n|\n|win|alejandro64_bc\n", "inputlog": ">version f8ac14003a5f27e1bdc8d8c59608a773c1cb96e5\n>start {\"formatid\":\"gen9randombattle\",\"seed\":\"sodium,35e65a5106df95e5aa35448763ac9239\"}\n>player p1 {\"name\":\"zbbdjebe\",\"avatar\":\"169\",\"rating\":0,\"seed\":\"sodium,bf6a16f1812c4b0094c2fec472d3225d\"}\n>player p2 {\"name\":\"alejandro64_bc\",\"avatar\":\"drayden\",\"rating\":0,\"seed\":\"sodium,a5df136014d0674c2eed111f04496546\"}\n>p1 move strengthsap\n>p2 move swordsdance\n>p1 move strengthsap\n>p2 move throatchop\n>p1 move airslash\n>p2 move swordsdance\n>p1 move airslash\n>p2 move throatchop\n>p1 switch 4\n>p1 move eruption\n>p2 move throatchop\n>p2 switch 5\n>p1 switch 3\n>p2 move earthquake\n>p1 move freezedry\n>p2 switch 6\n>p1 switch 2\n>p2 move thunderbolt\n>p1 move knockoff\n>p2 switch 2\n>p1 switch 3\n>p2 move swordsdance\n>p1 move eruption\n>p2 move stoneedge terastallize\n>p1 switch 6\n>p1 move scald\n>p2 move leafblade\n>p1 switch 5\n>p1 move focusblast\n>p2 move leafblade\n>p1 switch 2\n>p1 move haze terastallize\n>p2 move stoneedge\n>p1 move freezedry\n>p2 switch 2\n>p1 switch 3\n>p2 move superfang\n>p1 move stealthrock\n>p2 move uturn\n>p2 switch 6\n>p1 move stoneedge\n>p2 move dragondance\n>p2 switch 4\n>p1 move knockoff\n>p2 move dazzlinggleam\n>p1 move stoneedge\n>p2 move dazzlinggleam\n>p1 switch 3\n>p1 move recover\n>p2 move wish\n>p1 move freezedry\n>p2 move encore\n>p1 move freezedry\n>p2 move wish\n>p1 move freezedry\n>p2 switch 2\n>p1 move freezedry\n>p2 move stoneedge\n>p1 move freezedry\n>p2 move swordsdance\n>p1 move freezedry\n>p2 move stoneedge\n>p2 switch 3\n>p1 move freezedry\n>p2 move shadowball\n>p1 move recover\n>p2 move shadowball\n>p1 move recover\n>p2 move shadowball\n>p1 move freezedry\n>p2 move shadowball\n>p2 switch 6\n>p1 move freezedry\n>p2 move nuzzle\n>p1 move rapidspin\n>p2 switch 2\n>p1 move rapidspin\n>p2 move wish\n>p1 move recover\n>p2 move encore\n>p1 move recover\n>p2 move wish\n>p1 move recover\n>p2 switch 2\n>p1 move recover\n>p2 move superfang\n>p1 move freezedry\n>p2 move thunderbolt\n>p1 move recover\n>p2 move thunderbolt\n>p1 move recover\n>p2 move thunderbolt\n>p1 move recover\n>p2 move thunderbolt\n>p1 move freezedry\n>p2 move superfang\n>p1 move freezedry\n>p2 switch 2\n>p1 move freezedry\n>p2 move wish\n>p1 move freezedry\n>p2 move protect\n>p1 move freezedry\n>p2 move wish\n>p1 move freezedry\n>p2 switch 2\n>p1 move freezedry\n>p2 move superfang\n>p1 move freezedry\n>p2 move thunderbolt\n>p1 move freezedry\n>p2 switch 2\n>p1 move freezedry\n>p2 move wish\n>p1 move freezedry\n>p2 move protect\n>p1 move freezedry\n>p2 move wish\n>p1 move recover\n>p2 switch 2\n>p1 move freezedry\n>p2 move superfang\n>p1 move recover\n>p2 move thunderbolt\n>p1 move recover\n>p2 move thunderbolt\n>p1 move freezedry\n>p2 move superfang\n>p1 move freezedry\n>p2 move thunderbolt\n>p1 move freezedry\n>p2 move thunderbolt", "uploadtime": 1782756698, "views": 6, "formatid": "gen9randombattle", "rating": null, "private": 0, "password": null, "player_dets": [{"name": "zbbdjebe", "avatar": "169", "rating": 0, "seed": "sodium,bf6a16f1812c4b0094c2fec472d3225d"}, {"name": "alejandro64_bc", "avatar": "drayden", "rating": 0, "seed": "sodium,a5df136014d0674c2eed111f04496546"}], "teams_full": [{"Drifblim": {"name": "Drifblim", "species": "Drifblim", "speciesId": "drifblim", "gender": "M", "shiny": false, "level": 86, "moves": ["shadowball", "airslash", "strengthsap", "calmmind"], "ability": "Unburden", "evs": {"hp": 73, "atk": 0, "def": 85, "spa": 85, "spd": 85, "spe": 85}, "ivs": {"hp": 31, "atk": 0, "def": 31, "spa": 31, "spd": 31, "spe": 31}, "item": "Sitrus Berry", "teraType": "Dark", "role": "Bulky Attacker", "bvs": {"hp": 150, "atk": 80, "def": 44, "spa": 90, "spd": 54, "spe": 80}, "stats": {"hp": 396, "atk": 142, "def": 125, "spa": 204, "spd": 142, "spe": 187}, "types": ["Ghost", "Flying"]}, "Tyranitar": {"name": "Tyranitar", "species": "Tyranitar", "speciesId": "tyranitar", "gender": "M", "shiny": false, "level": 78, "moves": ["thunderwave", "knockoff", "stoneedge", "stealthrock"], "ability": "Sand Stream", "evs": {"hp": 85, "atk": 85, "def": 85, "spa": 85, "spd": 85, "spe": 85}, "ivs": {"hp": 31, "atk": 31, "def": 31, "spa": 31, "spd": 31, "spe": 31}, "item": "Leftovers", "teraType": "Rock", "role": "Bulky Support", "bvs": {"hp": 100, "atk": 134, "def": 110, "spa": 95, "spd": 100, "spe": 61}, "stats": {"hp": 284, "atk": 254, "def": 217, "spa": 193, "spd": 201, "spe": 140}, "types": ["Rock", "Dark"]}, "Cryogonal": {"name": "Cryogonal", "species": "Cryogonal", "speciesId": "cryogonal", "gender": "N", "shiny": false, "level": 89, "moves": ["freezedry", "rapidspin", "recover", "haze"], "ability": "Levitate", "evs": {"hp": 85, "atk": 85, "def": 85, "spa": 85, "spd": 85, "spe": 85}, "ivs": {"hp": 31, "atk": 31, "def": 31, "spa": 31, "spd": 31, "spe": 31}, "item": "Heavy-Duty Boots", "teraType": "Poison", "role": "Bulky Support", "bvs": {"hp": 80, "atk": 50, "def": 50, "spa": 95, "spd": 135, "spe": 105}, "stats": {"hp": 287, "atk": 140, "def": 140, "spa": 220, "spd": 291, "spe": 238}, "types": ["Ice"]}, "Typhlosion": {"name": "Typhlosion", "species": "Typhlosion-Hisui", "speciesId": "typhlosionhisui", "gender": "F", "shiny": false, "level": 83, "moves": ["shadowball", "eruption", "fireblast", "focusblast"], "ability": "Blaze", "evs": {"hp": 85, "atk": 0, "def": 85, "spa": 85, "spd": 85, "spe": 85}, "ivs": {"hp": 31, "atk": 0, "def": 31, "spa": 31, "spd": 31, "spe": 31}, "item": "Choice Scarf", "teraType": "Fire", "role": "Fast Attacker", "bvs": {"hp": 73, "atk": 84, "def": 78, "spa": 119, "spd": 85, "spe": 95}, "stats": {"hp": 257, "atk": 144, "def": 177, "spa": 245, "spd": 189, "spe": 205}, "types": ["Fire", "Ghost"]}, "Grumpig": {"name": "Grumpig", "species": "Grumpig", "speciesId": "grumpig", "gender": "F", "shiny": false, "level": 92, "moves": ["focusblast", "psychic", "shadowball", "nastyplot"], "ability": "Thick Fat", "evs": {"hp": 85, "atk": 0, "def": 85, "spa": 85, "spd": 85, "spe": 85}, "ivs": {"hp": 31, "atk": 0, "def": 31, "spa": 31, "spd": 31, "spe": 31}, "item": "Leftovers", "teraType": "Fighting", "role": "Bulky Setup", "bvs": {"hp": 80, "atk": 45, "def": 65, "spa": 90, "spd": 110, "spe": 80}, "stats": {"hp": 297, "atk": 87, "def": 172, "spa": 218, "spd": 255, "spe": 200}, "types": ["Psychic"]}, "Phione": {"name": "Phione", "species": "Phione", "speciesId": "phione", "gender": "N", "shiny": false, "level": 91, "moves": ["scald", "sleeptalk", "rest", "takeheart"], "ability": "Hydration", "evs": {"hp": 85, "atk": 0, "def": 85, "spa": 85, "spd": 85, "spe": 85}, "ivs": {"hp": 31, "atk": 0, "def": 31, "spa": 31, "spd": 31, "spe": 31}, "item": "Leftovers", "teraType": "Steel", "role": "Bulky Setup", "bvs": {"hp": 80, "atk": 80, "def": 80, "spa": 80, "spd": 80, "spe": 80}, "stats": {"hp": 293, "atk": 150, "def": 197, "spa": 197, "spd": 197, "spe": 197}, "types": ["Water"]}}, {"Ursaring": {"name": "Ursaring", "species": "Ursaring", "speciesId": "ursaring", "gender": "F", "shiny": false, "level": 84, "moves": ["closecombat", "throatchop", "facade", "swordsdance"], "ability": "Quick Feet", "evs": {"hp": 85, "atk": 85, "def": 85, "spa": 85, "spd": 85, "spe": 85}, "ivs": {"hp": 31, "atk": 31, "def": 31, "spa": 31, "spd": 31, "spe": 31}, "item": "Toxic Orb", "teraType": "Normal", "role": "Setup Sweeper", "bvs": {"hp": 90, "atk": 130, "def": 75, "spa": 75, "spd": 75, "spe": 55}, "stats": {"hp": 288, "atk": 267, "def": 174, "spa": 174, "spd": 174, "spe": 141}, "types": ["Normal"]}, "Virizion": {"name": "Virizion", "species": "Virizion", "speciesId": "virizion", "gender": "N", "shiny": false, "level": 82, "moves": ["closecombat", "stoneedge", "swordsdance", "leafblade"], "ability": "Justified", "evs": {"hp": 85, "atk": 85, "def": 85, "spa": 85, "spd": 85, "spe": 85}, "ivs": {"hp": 31, "atk": 31, "def": 31, "spa": 31, "spd": 31, "spe": 31}, "item": "Life Orb", "teraType": "Rock", "role": "Setup Sweeper", "bvs": {"hp": 91, "atk": 90, "def": 72, "spa": 90, "spd": 129, "spe": 108}, "stats": {"hp": 283, "atk": 195, "def": 165, "spa": 195, "spd": 259, "spe": 224}, "types": ["Grass", "Fighting"]}, "Gengar": {"name": "Gengar", "species": "Gengar", "speciesId": "gengar", "gender": "M", "shiny": false, "level": 81, "moves": ["shadowball", "sludgewave", "nastyplot", "focusblast"], "ability": "Cursed Body", "evs": {"hp": 85, "atk": 0, "def": 85, "spa": 85, "spd": 85, "spe": 85}, "ivs": {"hp": 31, "atk": 0, "def": 31, "spa": 31, "spd": 31, "spe": 31}, "item": "Life Orb", "teraType": "Ghost", "role": "Wallbreaker", "bvs": {"hp": 60, "atk": 65, "def": 60, "spa": 130, "spd": 75, "spe": 110}, "stats": {"hp": 230, "atk": 110, "def": 144, "spa": 257, "spd": 168, "spe": 225}, "types": ["Ghost", "Poison"]}, "Scream Tail": {"name": "Scream Tail", "species": "Scream Tail", "speciesId": "screamtail", "gender": "N", "shiny": false, "level": 84, "moves": ["encore", "protect", "wish", "dazzlinggleam"], "ability": "Protosynthesis", "evs": {"hp": 85, "atk": 0, "def": 85, "spa": 85, "spd": 85, "spe": 85}, "ivs": {"hp": 31, "atk": 0, "def": 31, "spa": 31, "spd": 31, "spe": 31}, "item": "Leftovers", "teraType": "Steel", "role": "Bulky Attacker", "bvs": {"hp": 115, "atk": 65, "def": 99, "spa": 65, "spd": 115, "spe": 111}, "stats": {"hp": 330, "atk": 114, "def": 215, "spa": 157, "spd": 241, "spe": 235}, "types": ["Fairy", "Psychic"]}, "Dragonite": {"name": "Dragonite", "species": "Dragonite", "speciesId": "dragonite", "gender": "M", "shiny": false, "level": 74, "moves": ["earthquake", "dragondance", "roost", "outrage"], "ability": "Multiscale", "evs": {"hp": 85, "atk": 85, "def": 85, "spa": 85, "spd": 85, "spe": 85}, "ivs": {"hp": 31, "atk": 31, "def": 31, "spa": 31, "spd": 31, "spe": 31}, "item": "Heavy-Duty Boots", "teraType": "Ground", "role": "Bulky Setup", "bvs": {"hp": 91, "atk": 134, "def": 95, "spa": 100, "spd": 100, "spe": 80}, "stats": {"hp": 257, "atk": 241, "def": 184, "spa": 191, "spd": 191, "spe": 161}, "types": ["Dragon", "Flying"]}, "Pachirisu": {"name": "Pachirisu", "species": "Pachirisu", "speciesId": "pachirisu", "gender": "M", "shiny": false, "level": 96, "moves": ["thunderbolt", "uturn", "nuzzle", "superfang"], "ability": "Volt Absorb", "evs": {"hp": 85, "atk": 85, "def": 85, "spa": 85, "spd": 85, "spe": 85}, "ivs": {"hp": 31, "atk": 31, "def": 31, "spa": 31, "spd": 31, "spe": 31}, "item": "Assault Vest", "teraType": "Flying", "role": "AV Pivot", "bvs": {"hp": 60, "atk": 45, "def": 70, "spa": 45, "spd": 90, "spe": 95}, "stats": {"hp": 271, "atk": 141, "def": 189, "spa": 141, "spd": 227, "spe": 237}, "types": ["Electric"]}}]}