{"id": "gen9randombattle-2641607198", "format": "[Gen 9] Random Battle", "players": ["ftaochaphet", "Lord Doryphore"], "log": "|badge|p2|bronze|gen9randombattle|100-9\n|html|<div class=\"broadcast-red\"><strong>This battle is required to be public due to one or more player having a season medal.</strong><br />During the public phase, you can discuss the state of the ladder <a href=\"/seasondiscussion\">in a special chatroom.</a></div>\n|uhtml|medal-msg|<div class=\"broadcast-blue\">Curious what those medals under the avatar are? PS now has Ladder Seasons! For more information, check out the <a href=\"https://www.smogon.com/forums/threads/3740067/\">thread on Smogon.</a></div>\n|j|\u2606ftaochaphet\n|j|\u2606Lord Doryphore\n|t:|1782817706\n|gametype|singles\n|player|p1|ftaochaphet|170|2245\n|player|p2|Lord Doryphore|lady-gen4|2258\n|gen|9\n|tier|[Gen 9] Random Battle\n|rated|\n|rule|Species Clause: Limit one of each Pok\u00e9mon\n|rule|HP Percentage Mod: HP is shown in percentages\n|rule|Sleep Clause Mod: Limit one foe put to sleep\n|rule|Illusion Level Mod: Illusion disguises the Pok\u00e9mon's true level\n|\n|t:|1782817706\n|teamsize|p1|6\n|teamsize|p2|6\n|start\n|switch|p1a: Excadrill|Excadrill, L79, F|303/303\n|switch|p2a: Wyrdeer|Wyrdeer, L87, F|321/321\n|-ability|p1a: Excadrill|Mold Breaker\n|-ability|p2a: Wyrdeer|Intimidate|boost\n|-unboost|p1a: Excadrill|atk|1\n|turn|1\n|inactive|Battle timer is ON: inactive players will automatically lose when time's up. (requested by ftaochaphet)\n|\n|t:|1782817724\n|switch|p1a: Alcremie|Alcremie-Matcha-Cream, L90, F|263/263\n|move|p2a: Wyrdeer|Thunder Wave|p1a: Alcremie\n|-status|p1a: Alcremie|par\n|\n|upkeep\n|turn|2\n|\n|t:|1782817745\n|move|p2a: Wyrdeer|Psychic Noise|p1a: Alcremie\n|-damage|p1a: Alcremie|196/263 par\n|-block|p1a: Alcremie|ability: Aroma Veil|[of] p1a: Alcremie\n|move|p1a: Alcremie|Alluring Voice|p2a: Wyrdeer\n|-damage|p2a: Wyrdeer|203/321\n|\n|-heal|p2a: Wyrdeer|223/321|[from] item: Leftovers\n|-heal|p1a: Alcremie|212/263 par|[from] item: Leftovers\n|upkeep\n|turn|3\n|\n|t:|1782817750\n|switch|p2a: Magcargo|Magcargo, L95, M|268/268\n|move|p1a: Alcremie|Calm Mind|p1a: Alcremie\n|-boost|p1a: Alcremie|spa|1\n|-boost|p1a: Alcremie|spd|1\n|\n|-heal|p1a: Alcremie|228/263 par|[from] item: Leftovers\n|upkeep\n|turn|4\n|\n|t:|1782817755\n|switch|p1a: Floatzel|Floatzel, L86, M|286/286\n|move|p2a: Magcargo|Stealth Rock|p1a: Floatzel\n|-sidestart|p1: ftaochaphet|move: Stealth Rock\n|\n|upkeep\n|turn|5\n|\n|t:|1782817764\n|switch|p2a: Palkia|Palkia, L75|259/259\n|-ability|p2a: Palkia|Pressure\n|move|p1a: Floatzel|Wave Crash|p2a: Palkia\n|-resisted|p2a: Palkia\n|-damage|p2a: Palkia|223/259\n|-damage|p1a: Floatzel|274/286|[from] Recoil\n|\n|-heal|p1a: Floatzel|286/286|[from] item: Leftovers\n|upkeep\n|turn|6\n|\n|t:|1782817772\n|switch|p1a: Fezandipiti|Fezandipiti, L82, M|278/278\n|-damage|p1a: Fezandipiti|244/278|[from] Stealth Rock\n|move|p2a: Palkia|Hydro Pump|p1a: Fezandipiti\n|-damage|p1a: Fezandipiti|132/278\n|\n|-heal|p1a: Fezandipiti|149/278|[from] item: Leftovers\n|upkeep\n|turn|7\n|\n|t:|1782817783\n|switch|p2a: Magcargo|Magcargo, L95, M|268/268\n|move|p1a: Fezandipiti|Moonblast|p2a: Magcargo\n|-resisted|p2a: Magcargo\n|-damage|p2a: Magcargo|235/268\n|-status|p2a: Magcargo|tox|[from] ability: Toxic Chain|[of] p1a: Fezandipiti\n|\n|-heal|p1a: Fezandipiti|166/278|[from] item: Leftovers\n|-damage|p2a: Magcargo|219/268 tox|[from] psn\n|upkeep\n|turn|8\n|\n|t:|1782817794\n|switch|p1a: Floatzel|Floatzel, L86, M|286/286\n|-damage|p1a: Floatzel|251/286|[from] Stealth Rock\n|move|p2a: Magcargo|Lava Plume|p1a: Floatzel\n|-resisted|p1a: Floatzel\n|-damage|p1a: Floatzel|174/286\n|\n|-heal|p1a: Floatzel|191/286|[from] item: Leftovers\n|-damage|p2a: Magcargo|187/268 tox|[from] psn\n|upkeep\n|turn|9\n|\n|t:|1782817801\n|switch|p2a: Palkia|Palkia, L75|223/259\n|-ability|p2a: Palkia|Pressure\n|move|p1a: Floatzel|Bulk Up|p1a: Floatzel\n|-boost|p1a: Floatzel|atk|1\n|-boost|p1a: Floatzel|def|1\n|\n|-heal|p1a: Floatzel|208/286|[from] item: Leftovers\n|upkeep\n|turn|10\n|\n|t:|1782817819\n|switch|p1a: Fezandipiti|Fezandipiti, L82, M|166/278\n|-damage|p1a: Fezandipiti|132/278|[from] Stealth Rock\n|move|p2a: Palkia|Hydro Pump|p1a: Fezandipiti\n|-damage|p1a: Fezandipiti|27/278\n|\n|-heal|p1a: Fezandipiti|44/278|[from] item: Leftovers\n|upkeep\n|turn|11\n|\n|t:|1782817827\n|move|p2a: Palkia|Hydro Pump|p1a: Fezandipiti\n|-damage|p1a: Fezandipiti|0 fnt\n|faint|p1a: Fezandipiti\n|\n|upkeep\n|\n|t:|1782817836\n|switch|p1a: Alcremie|Alcremie-Matcha-Cream, L90, F|228/263 par\n|-damage|p1a: Alcremie|196/263 par|[from] Stealth Rock\n|turn|12\n|\n|t:|1782817847\n|switch|p2a: Sawsbuck|Sawsbuck-Autumn, L88, M|284/284\n|cant|p1a: Alcremie|par\n|\n|-heal|p1a: Alcremie|212/263 par|[from] item: Leftovers\n|upkeep\n|turn|13\n|\n|t:|1782817851\n|move|p2a: Sawsbuck|Swords Dance|p2a: Sawsbuck\n|-boost|p2a: Sawsbuck|atk|2\n|move|p1a: Alcremie|Alluring Voice|p2a: Sawsbuck\n|-damage|p2a: Sawsbuck|166/284\n|-start|p2a: Sawsbuck|confusion\n|\n|-heal|p1a: Alcremie|228/263 par|[from] item: Leftovers\n|upkeep\n|turn|14\n|\n|t:|1782817854\n|-activate|p2a: Sawsbuck|confusion\n|-damage|p2a: Sawsbuck|99/284|[from] confusion\n|cant|p1a: Alcremie|par\n|\n|-heal|p1a: Alcremie|244/263 par|[from] item: Leftovers\n|upkeep\n|turn|15\n|\n|t:|1782817858\n|-end|p2a: Sawsbuck|confusion\n|move|p2a: Sawsbuck|Horn Leech|p1a: Alcremie\n|-damage|p1a: Alcremie|0 fnt\n|-heal|p2a: Sawsbuck|221/284|[from] drain|[of] p1a: Alcremie\n|faint|p1a: Alcremie\n|-damage|p2a: Sawsbuck|193/284|[from] item: Life Orb\n|\n|upkeep\n|\n|t:|1782817863\n|switch|p1a: Floatzel|Floatzel, L86, M|208/286\n|-damage|p1a: Floatzel|173/286|[from] Stealth Rock\n|turn|16\n|\n|t:|1782817876\n|-terastallize|p1a: Floatzel|Steel\n|move|p1a: Floatzel|Bulk Up|p1a: Floatzel\n|-boost|p1a: Floatzel|atk|1\n|-boost|p1a: Floatzel|def|1\n|move|p2a: Sawsbuck|Horn Leech|p1a: Floatzel\n|-resisted|p1a: Floatzel\n|-damage|p1a: Floatzel|76/286\n|-heal|p2a: Sawsbuck|242/284|[from] drain|[of] p1a: Floatzel\n|-damage|p2a: Sawsbuck|214/284|[from] item: Life Orb\n|\n|-heal|p1a: Floatzel|93/286|[from] item: Leftovers\n|upkeep\n|turn|17\n|\n|t:|1782817885\n|switch|p2a: Magcargo|Magcargo, L95, M|187/268 tox\n|move|p1a: Floatzel|Wave Crash|p2a: Magcargo\n|-supereffective|p2a: Magcargo\n|-damage|p2a: Magcargo|0 fnt\n|faint|p2a: Magcargo\n|-damage|p1a: Floatzel|31/286|[from] Recoil\n|\n|-heal|p1a: Floatzel|48/286|[from] item: Leftovers\n|upkeep\n|\n|t:|1782817887\n|switch|p2a: Palkia|Palkia, L75|223/259\n|-ability|p2a: Palkia|Pressure\n|turn|18\n|\n|t:|1782817891\n|move|p2a: Palkia|Fire Blast|p1a: Floatzel\n|-supereffective|p1a: Floatzel\n|-damage|p1a: Floatzel|0 fnt\n|faint|p1a: Floatzel\n|\n|upkeep\n|\n|t:|1782817894\n|switch|p1a: Reshiram|Reshiram, L76|277/277\n|-ability|p1a: Reshiram|Turboblaze\n|turn|19\n|\n|t:|1782817898\n|switch|p2a: Wyrdeer|Wyrdeer, L87, F|223/321\n|-ability|p2a: Wyrdeer|Intimidate|boost\n|-unboost|p1a: Reshiram|atk|1\n|move|p1a: Reshiram|Blue Flare|p2a: Wyrdeer\n|-damage|p2a: Wyrdeer|42/321\n|-status|p2a: Wyrdeer|brn\n|\n|-heal|p2a: Wyrdeer|62/321 brn|[from] item: Leftovers\n|-damage|p2a: Wyrdeer|42/321 brn|[from] brn\n|upkeep\n|turn|20\n|\n|t:|1782817905\n|switch|p2a: Palkia|Palkia, L75|223/259\n|-ability|p2a: Palkia|Pressure\n|move|p1a: Reshiram|Earth Power|p2a: Palkia\n|-damage|p2a: Palkia|160/259\n|\n|upkeep\n|turn|21\n|\n|t:|1782817911\n|move|p2a: Palkia|Draco Meteor|p1a: Reshiram\n|-supereffective|p1a: Reshiram\n|-damage|p1a: Reshiram|5/277\n|-unboost|p2a: Palkia|spa|2\n|move|p1a: Reshiram|Draco Meteor|p2a: Palkia|[miss]\n|-miss|p1a: Reshiram|p2a: Palkia\n|\n|upkeep\n|turn|22\n|\n|t:|1782817916\n|move|p2a: Palkia|Draco Meteor|p1a: Reshiram\n|-supereffective|p1a: Reshiram\n|-damage|p1a: Reshiram|0 fnt\n|-unboost|p2a: Palkia|spa|2\n|faint|p1a: Reshiram\n|\n|upkeep\n|\n|t:|1782817919\n|switch|p1a: Excadrill|Excadrill, L79, F|303/303\n|-damage|p1a: Excadrill|294/303|[from] Stealth Rock\n|-ability|p1a: Excadrill|Mold Breaker\n|turn|23\n|\n|t:|1782817924\n|switch|p2a: Heracross|Heracross, L80, F|259/259\n|move|p1a: Excadrill|Rapid Spin|p2a: Heracross\n|-damage|p2a: Heracross|212/259\n|-boost|p1a: Excadrill|spe|1\n|-sideend|p1: ftaochaphet|Stealth Rock|[from] move: Rapid Spin|[of] p1a: Excadrill\n|\n|-heal|p1a: Excadrill|303/303|[from] item: Leftovers\n|upkeep\n|turn|24\n|\n|t:|1782817927\n|switch|p1a: Smeargle|Smeargle, L95, F|258/258\n|move|p2a: Heracross|Close Combat|p1a: Smeargle\n|-supereffective|p1a: Smeargle\n|-enditem|p1a: Smeargle|Focus Sash\n|-damage|p1a: Smeargle|1/258\n|-unboost|p2a: Heracross|def|1\n|-unboost|p2a: Heracross|spd|1\n|\n|upkeep\n|turn|25\n|c|\u2606Lord Doryphore|gg\n|\n|t:|1782817935\n|move|p2a: Heracross|Close Combat|p1a: Smeargle\n|-supereffective|p1a: Smeargle\n|-damage|p1a: Smeargle|0 fnt\n|-unboost|p2a: Heracross|def|1\n|-unboost|p2a: Heracross|spd|1\n|faint|p1a: Smeargle\n|-ability|p2a: Heracross|Moxie|boost\n|-boost|p2a: Heracross|atk|1\n|\n|upkeep\n|-message|ftaochaphet forfeited.\n|\n|win|Lord Doryphore\n|raw|ftaochaphet's rating: 2245 &rarr; <strong>2226</strong><br />(-19 for losing)\n|raw|Lord Doryphore's rating: 2258 &rarr; <strong>2277</strong><br />(+19 for winning)\n", "inputlog": ">version f8ac14003a5f27e1bdc8d8c59608a773c1cb96e5\n>start {\"formatid\":\"gen9randombattle\",\"seed\":\"sodium,7f688ea45ca55cca507da3d09bfe6910\",\"rated\":\"Rated battle\"}\n>player p1 {\"name\":\"ftaochaphet\",\"avatar\":\"170\",\"rating\":2245,\"seed\":\"sodium,f6ce711e119a5cee38091a73ed36796e\"}\n>player p2 {\"name\":\"Lord Doryphore\",\"avatar\":\"lady-gen4\",\"rating\":2258,\"seed\":\"sodium,b627ff7500e2f776b1850106419ac1e4\"}\n>p1 switch 5\n>p2 move thunderwave\n>p1 move alluringvoice\n>p2 move psychicnoise\n>p1 move calmmind\n>p2 switch 6\n>p1 switch 2\n>p2 move stealthrock\n>p1 move wavecrash\n>p2 switch 4\n>p1 switch 3\n>p2 move hydropump\n>p1 move moonblast\n>p2 switch 4\n>p1 switch 3\n>p2 move lavaplume\n>p1 move bulkup\n>p2 switch 4\n>p1 switch 3\n>p2 move hydropump\n>p1 move roost\n>p2 move hydropump\n>p1 switch 2\n>p1 move alluringvoice\n>p2 switch 3\n>p1 move alluringvoice\n>p2 move swordsdance\n>p1 move alluringvoice\n>p2 move hornleech\n>p1 move alluringvoice\n>p2 move hornleech\n>p1 switch 3\n>p1 move bulkup terastallize\n>p2 move hornleech\n>p1 move wavecrash\n>p2 switch 4\n>p2 switch 3\n>p1 move icespinner\n>p2 move fireblast\n>p1 switch 6\n>p1 move blueflare\n>p2 switch 6\n>p1 move earthpower\n>p2 switch 6\n>p1 move dracometeor\n>p2 move dracometeor\n>p1 move dracometeor\n>p2 move dracometeor\n>p1 switch 5\n>p1 move rapidspin\n>p2 switch 5\n>p1 switch 4\n>p2 move closecombat\n>chat \u2606Lord Doryphore|gg\n>p1 move stickyweb\n>p2 move closecombat\n>forcelose p1", "uploadtime": 1782817708, "views": 4, "formatid": "gen9randombattle", "rating": 2226, "private": 0, "password": null, "player_dets": [{"name": "ftaochaphet", "avatar": "170", "rating": 2245, "seed": "sodium,f6ce711e119a5cee38091a73ed36796e"}, {"name": "Lord Doryphore", "avatar": "lady-gen4", "rating": 2258, "seed": "sodium,b627ff7500e2f776b1850106419ac1e4"}], "teams_full": [{"Excadrill": {"name": "Excadrill", "species": "Excadrill", "speciesId": "excadrill", "gender": "F", "shiny": false, "level": 79, "moves": ["earthquake", "ironhead", "swordsdance", "rapidspin"], "ability": "Mold Breaker", "evs": {"hp": 85, "atk": 85, "def": 85, "spa": 85, "spd": 85, "spe": 85}, "ivs": {"hp": 31, "atk": 31, "def": 31, "spa": 31, "spd": 31, "spe": 31}, "item": "Leftovers", "teraType": "Water", "role": "Bulky Setup", "bvs": {"hp": 110, "atk": 135, "def": 60, "spa": 50, "spd": 65, "spe": 88}, "stats": {"hp": 303, "atk": 259, "def": 140, "spa": 125, "spd": 148, "spe": 185}, "types": ["Ground", "Steel"]}, "Floatzel": {"name": "Floatzel", "species": "Floatzel", "speciesId": "floatzel", "gender": "M", "shiny": false, "level": 86, "moves": ["bulkup", "wavecrash", "taunt", "icespinner"], "ability": "Water Veil", "evs": {"hp": 85, "atk": 85, "def": 85, "spa": 85, "spd": 85, "spe": 85}, "ivs": {"hp": 31, "atk": 31, "def": 31, "spa": 31, "spd": 31, "spe": 31}, "item": "Leftovers", "teraType": "Steel", "role": "Bulky Setup", "bvs": {"hp": 85, "atk": 105, "def": 55, "spa": 85, "spd": 50, "spe": 115}, "stats": {"hp": 286, "atk": 230, "def": 144, "spa": 195, "spd": 135, "spe": 247}, "types": ["Water"]}, "Fezandipiti": {"name": "Fezandipiti", "species": "Fezandipiti", "speciesId": "fezandipiti", "gender": "M", "shiny": false, "level": 82, "moves": ["beatup", "roost", "moonblast", "gunkshot"], "ability": "Toxic Chain", "evs": {"hp": 85, "atk": 85, "def": 85, "spa": 85, "spd": 85, "spe": 85}, "ivs": {"hp": 31, "atk": 31, "def": 31, "spa": 31, "spd": 31, "spe": 31}, "item": "Leftovers", "teraType": "Dark", "role": "Bulky Attacker", "bvs": {"hp": 88, "atk": 91, "def": 82, "spa": 70, "spd": 125, "spe": 99}, "stats": {"hp": 278, "atk": 196, "def": 182, "spa": 162, "spd": 252, "spe": 210}, "types": ["Poison", "Fairy"]}, "Smeargle": {"name": "Smeargle", "species": "Smeargle", "speciesId": "smeargle", "gender": "F", "shiny": false, "level": 95, "moves": ["ceaselessedge", "stealthrock", "stickyweb", "spore"], "ability": "Own Tempo", "evs": {"hp": 85, "atk": 85, "def": 85, "spa": 85, "spd": 85, "spe": 85}, "ivs": {"hp": 31, "atk": 31, "def": 31, "spa": 31, "spd": 31, "spe": 31}, "item": "Focus Sash", "teraType": "Ghost", "role": "Fast Support", "bvs": {"hp": 55, "atk": 20, "def": 35, "spa": 20, "spd": 45, "spe": 75}, "stats": {"hp": 258, "atk": 92, "def": 120, "spa": 92, "spd": 139, "spe": 196}, "types": ["Normal"]}, "Alcremie": {"name": "Alcremie", "species": "Alcremie-Matcha-Cream", "speciesId": "alcremie", "gender": "F", "shiny": false, "level": 90, "moves": ["alluringvoice", "recover", "psyshock", "calmmind"], "ability": "Aroma Veil", "evs": {"hp": 85, "atk": 0, "def": 85, "spa": 85, "spd": 85, "spe": 85}, "ivs": {"hp": 31, "atk": 0, "def": 31, "spa": 31, "spd": 31, "spe": 31}, "item": "Leftovers", "teraType": "Steel", "role": "Bulky Setup", "bvs": {"hp": 65, "atk": 60, "def": 75, "spa": 110, "spd": 121, "spe": 64}, "stats": {"hp": 263, "atk": 113, "def": 186, "spa": 249, "spd": 269, "spe": 167}, "types": ["Fairy"]}, "Reshiram": {"name": "Reshiram", "species": "Reshiram", "speciesId": "reshiram", "gender": "N", "shiny": false, "level": 76, "moves": ["earthpower", "dragontail", "blueflare", "dracometeor"], "ability": "Turboblaze", "evs": {"hp": 85, "atk": 85, "def": 85, "spa": 85, "spd": 85, "spe": 85}, "ivs": {"hp": 31, "atk": 31, "def": 31, "spa": 31, "spd": 31, "spe": 31}, "item": "Heavy-Duty Boots", "teraType": "Ground", "role": "Fast Attacker", "bvs": {"hp": 100, "atk": 120, "def": 100, "spa": 150, "spd": 120, "spe": 90}, "stats": {"hp": 277, "atk": 226, "def": 196, "spa": 272, "spd": 226, "spe": 181}, "types": ["Dragon", "Fire"]}}, {"Wyrdeer": {"name": "Wyrdeer", "species": "Wyrdeer", "speciesId": "wyrdeer", "gender": "F", "shiny": false, "level": 87, "moves": ["megahorn", "psychicnoise", "earthquake", "thunderwave"], "ability": "Intimidate", "evs": {"hp": 85, "atk": 85, "def": 85, "spa": 85, "spd": 85, "spe": 85}, "ivs": {"hp": 31, "atk": 31, "def": 31, "spa": 31, "spd": 31, "spe": 31}, "item": "Leftovers", "teraType": "Ground", "role": "Bulky Attacker", "bvs": {"hp": 103, "atk": 105, "def": 72, "spa": 105, "spd": 75, "spe": 65}, "stats": {"hp": 321, "atk": 232, "def": 175, "spa": 232, "spd": 180, "spe": 163}, "types": ["Normal", "Psychic"]}, "Cloyster": {"name": "Cloyster", "species": "Cloyster", "speciesId": "cloyster", "gender": "F", "shiny": false, "level": 80, "moves": ["rockblast", "iciclespear", "shellsmash", "drillrun"], "ability": "Skill Link", "evs": {"hp": 85, "atk": 85, "def": 85, "spa": 85, "spd": 85, "spe": 85}, "ivs": {"hp": 31, "atk": 31, "def": 31, "spa": 31, "spd": 31, "spe": 31}, "item": "White Herb", "teraType": "Ground", "role": "Fast Attacker", "bvs": {"hp": 50, "atk": 95, "def": 180, "spa": 85, "spd": 45, "spe": 70}, "stats": {"hp": 211, "atk": 198, "def": 334, "spa": 182, "spd": 118, "spe": 158}, "types": ["Water", "Ice"]}, "Sawsbuck": {"name": "Sawsbuck", "species": "Sawsbuck-Autumn", "speciesId": "sawsbuck", "gender": "M", "shiny": false, "level": 88, "moves": ["swordsdance", "doubleedge", "hornleech", "highhorsepower"], "ability": "Sap Sipper", "evs": {"hp": 85, "atk": 85, "def": 85, "spa": 85, "spd": 85, "spe": 85}, "ivs": {"hp": 31, "atk": 31, "def": 31, "spa": 31, "spd": 31, "spe": 31}, "item": "Life Orb", "teraType": "Normal", "role": "Setup Sweeper", "bvs": {"hp": 80, "atk": 100, "def": 70, "spa": 60, "spd": 70, "spe": 95}, "stats": {"hp": 284, "atk": 226, "def": 173, "spa": 156, "spd": 173, "spe": 217}, "types": ["Normal", "Grass"]}, "Palkia": {"name": "Palkia", "species": "Palkia", "speciesId": "palkia", "gender": "N", "shiny": false, "level": 75, "moves": ["dracometeor", "hydropump", "fireblast", "spacialrend"], "ability": "Pressure", "evs": {"hp": 85, "atk": 0, "def": 85, "spa": 85, "spd": 85, "spe": 85}, "ivs": {"hp": 31, "atk": 0, "def": 31, "spa": 31, "spd": 31, "spe": 31}, "item": "Choice Scarf", "teraType": "Water", "role": "Fast Attacker", "bvs": {"hp": 90, "atk": 120, "def": 100, "spa": 150, "spd": 120, "spe": 100}, "stats": {"hp": 259, "atk": 185, "def": 194, "spa": 269, "spd": 224, "spe": 194}, "types": ["Water", "Dragon"]}, "Heracross": {"name": "Heracross", "species": "Heracross", "speciesId": "heracross", "gender": "F", "shiny": false, "level": 80, "moves": ["knockoff", "megahorn", "stoneedge", "closecombat"], "ability": "Moxie", "evs": {"hp": 85, "atk": 85, "def": 85, "spa": 85, "spd": 85, "spe": 85}, "ivs": {"hp": 31, "atk": 31, "def": 31, "spa": 31, "spd": 31, "spe": 31}, "item": "Choice Scarf", "teraType": "Fighting", "role": "Fast Attacker", "bvs": {"hp": 80, "atk": 125, "def": 75, "spa": 40, "spd": 95, "spe": 85}, "stats": {"hp": 259, "atk": 246, "def": 166, "spa": 110, "spd": 198, "spe": 182}, "types": ["Bug", "Fighting"]}, "Magcargo": {"name": "Magcargo", "species": "Magcargo", "speciesId": "magcargo", "gender": "M", "shiny": false, "level": 95, "moves": ["yawn", "recover", "lavaplume", "stealthrock"], "ability": "Flame Body", "evs": {"hp": 85, "atk": 0, "def": 85, "spa": 85, "spd": 85, "spe": 85}, "ivs": {"hp": 31, "atk": 0, "def": 31, "spa": 31, "spd": 31, "spe": 31}, "item": "Heavy-Duty Boots", "teraType": "Grass", "role": "Bulky Support", "bvs": {"hp": 60, "atk": 50, "def": 120, "spa": 90, "spd": 80, "spe": 30}, "stats": {"hp": 268, "atk": 100, "def": 282, "spa": 225, "spd": 206, "spe": 111}, "types": ["Fire", "Rock"]}}]}