{"id": "gen9randombattle-2641186909", "format": "[Gen 9] Random Battle", "players": ["Legendzzzzzzz", "francchi"], "log": "|j|\u2606Legendzzzzzzz\n|j|\u2606francchi\n|t:|1782751173\n|gametype|singles\n|player|p1|Legendzzzzzzz|cynthia|1327\n|player|p2|francchi|shauntal|1299\n|gen|9\n|tier|[Gen 9] Random Battle\n|rated|\n|rule|Species Clause: Limit one of each Pok\u00e9mon\n|rule|HP Percentage Mod: HP is shown in percentages\n|rule|Sleep Clause Mod: Limit one foe put to sleep\n|rule|Illusion Level Mod: Illusion disguises the Pok\u00e9mon's true level\n|\n|t:|1782751173\n|teamsize|p1|6\n|teamsize|p2|6\n|start\n|switch|p1a: Politoed|Politoed, L88, M|302/302\n|switch|p2a: Hatterene|Hatterene, L85, F|236/236\n|-weather|RainDance|[from] ability: Drizzle|[of] p1a: Politoed\n|turn|1\n|inactive|Battle timer is ON: inactive players will automatically lose when time's up. (requested by francchi)\n|\n|t:|1782751187\n|move|p1a: Politoed|Hypnosis|p2a: Hatterene\n|move|p2a: Hatterene|Hypnosis|p1a: Politoed|[from] ability: Magic Bounce\n|-status|p1a: Politoed|slp|[from] move: Hypnosis\n|move|p2a: Hatterene|Calm Mind|p2a: Hatterene\n|-boost|p2a: Hatterene|spa|1\n|-boost|p2a: Hatterene|spd|1\n|\n|-weather|RainDance|[upkeep]\n|upkeep\n|turn|2\n|\n|t:|1782751207\n|switch|p1a: Sandslash|Sandslash-Alola, L88, M|275/275\n|move|p2a: Hatterene|Calm Mind|p2a: Hatterene\n|-boost|p2a: Hatterene|spa|1\n|-boost|p2a: Hatterene|spd|1\n|\n|-weather|RainDance|[upkeep]\n|upkeep\n|turn|3\n|\n|t:|1782751218\n|move|p1a: Sandslash|Iron Head|p2a: Hatterene\n|-supereffective|p2a: Hatterene\n|-damage|p2a: Hatterene|56/236\n|move|p2a: Hatterene|Mystical Fire|p1a: Sandslash\n|-supereffective|p1a: Sandslash\n|-damage|p1a: Sandslash|63/275\n|-unboost|p1a: Sandslash|spa|1\n|\n|-weather|RainDance|[upkeep]\n|-heal|p2a: Hatterene|70/236|[from] item: Leftovers\n|upkeep\n|turn|4\n|\n|t:|1782751232\n|switch|p2a: Basculegion|Basculegion, L80, M|323/323\n|move|p1a: Sandslash|Iron Head|p2a: Basculegion\n|-resisted|p2a: Basculegion\n|-damage|p2a: Basculegion|257/323\n|\n|-weather|RainDance|[upkeep]\n|upkeep\n|turn|5\n|\n|t:|1782751245\n|move|p2a: Basculegion|Aqua Jet|p1a: Sandslash\n|-damage|p1a: Sandslash|1/275\n|move|p1a: Sandslash|Knock Off|p2a: Basculegion\n|-supereffective|p2a: Basculegion\n|-damage|p2a: Basculegion|43/323\n|-enditem|p2a: Basculegion|Assault Vest|[from] move: Knock Off|[of] p1a: Sandslash\n|\n|-weather|none\n|upkeep\n|turn|6\n|\n|t:|1782751267\n|switch|p1a: Politoed|Politoed, L88, M|302/302 slp\n|-weather|RainDance|[from] ability: Drizzle|[of] p1a: Politoed\n|move|p2a: Basculegion|Aqua Jet|p1a: Politoed\n|-resisted|p1a: Politoed\n|-damage|p1a: Politoed|256/302 slp\n|\n|-weather|RainDance|[upkeep]\n|-heal|p1a: Politoed|274/302 slp|[from] item: Leftovers\n|upkeep\n|turn|7\n|\n|t:|1782751277\n|cant|p1a: Politoed|slp\n|move|p2a: Basculegion|Shadow Ball|p1a: Politoed\n|-damage|p1a: Politoed|188/302 slp\n|-unboost|p1a: Politoed|spd|1\n|\n|-weather|RainDance|[upkeep]\n|-heal|p1a: Politoed|206/302 slp|[from] item: Leftovers\n|upkeep\n|turn|8\n|\n|t:|1782751288\n|cant|p1a: Politoed|slp\n|move|p2a: Basculegion|Wave Crash|p1a: Politoed\n|-resisted|p1a: Politoed\n|-damage|p1a: Politoed|61/302 slp\n|-damage|p2a: Basculegion|0 fnt|[from] Recoil\n|faint|p2a: Basculegion\n|\n|-weather|RainDance|[upkeep]\n|-heal|p1a: Politoed|79/302 slp|[from] item: Leftovers\n|upkeep\n|\n|t:|1782751297\n|switch|p2a: Hatterene|Hatterene, L85, F|70/236\n|turn|9\n|\n|t:|1782751304\n|-curestatus|p1a: Politoed|slp|[msg]\n|move|p1a: Politoed|Surf|p2a: Hatterene\n|-damage|p2a: Hatterene|0 fnt\n|faint|p2a: Hatterene\n|\n|-weather|RainDance|[upkeep]\n|-heal|p1a: Politoed|97/302|[from] item: Leftovers\n|upkeep\n|\n|t:|1782751314\n|switch|p2a: Venusaur|Venusaur, L84, M|272/272\n|turn|10\n|\n|t:|1782751319\n|move|p2a: Venusaur|Substitute|p2a: Venusaur\n|-start|p2a: Venusaur|Substitute\n|-damage|p2a: Venusaur|204/272\n|move|p1a: Politoed|Ice Beam|p2a: Venusaur\n|-supereffective|p2a: Venusaur\n|-end|p2a: Venusaur|Substitute\n|\n|-weather|none\n|-heal|p2a: Venusaur|221/272|[from] item: Leftovers\n|-heal|p1a: Politoed|115/302|[from] item: Leftovers\n|upkeep\n|turn|11\n|\n|t:|1782751342\n|-terastallize|p2a: Venusaur|Steel\n|move|p2a: Venusaur|Leech Seed|p1a: Politoed\n|-start|p1a: Politoed|move: Leech Seed\n|move|p1a: Politoed|Ice Beam|p2a: Venusaur\n|-resisted|p2a: Venusaur\n|-damage|p2a: Venusaur|192/272\n|\n|-heal|p2a: Venusaur|209/272|[from] item: Leftovers\n|-heal|p1a: Politoed|133/302|[from] item: Leftovers\n|-damage|p1a: Politoed|96/302|[from] Leech Seed|[of] p2a: Venusaur\n|-heal|p2a: Venusaur|246/272|[silent]\n|upkeep\n|turn|12\n|\n|t:|1782751352\n|switch|p1a: Armarouge|Armarouge, L80, M|267/267\n|move|p2a: Venusaur|Sleep Powder|p1a: Armarouge|[miss]\n|-miss|p2a: Venusaur|p1a: Armarouge\n|\n|-heal|p2a: Venusaur|263/272|[from] item: Leftovers\n|upkeep\n|turn|13\n|\n|t:|1782751362\n|switch|p2a: Ambipom|Ambipom, L84, F|263/263\n|move|p1a: Armarouge|Armor Cannon|p2a: Ambipom\n|-damage|p2a: Ambipom|0 fnt\n|-unboost|p1a: Armarouge|def|1\n|-unboost|p1a: Armarouge|spd|1\n|faint|p2a: Ambipom\n|\n|upkeep\n|\n|t:|1782751371\n|switch|p2a: Komala|Komala, L88, M|258/258\n|-ability|p2a: Komala|Comatose\n|turn|14\n|\n|t:|1782751378\n|switch|p1a: Sneasler|Sneasler, L74, F|240/240\n|move|p2a: Komala|Knock Off|p1a: Sneasler\n|-resisted|p1a: Sneasler\n|-damage|p1a: Sneasler|172/240\n|-enditem|p1a: Sneasler|White Herb|[from] move: Knock Off|[of] p2a: Komala\n|\n|upkeep\n|turn|15\n|\n|t:|1782751389\n|move|p1a: Sneasler|Close Combat|p2a: Komala\n|-supereffective|p2a: Komala\n|-damage|p2a: Komala|0 fnt\n|-unboost|p1a: Sneasler|def|1\n|-unboost|p1a: Sneasler|spd|1\n|faint|p2a: Komala\n|\n|upkeep\n|\n|t:|1782751397\n|switch|p2a: Hariyama|Hariyama, L87, F|392/392\n|turn|16\n|\n|t:|1782751405\n|-terastallize|p1a: Sneasler|Flying\n|move|p1a: Sneasler|Acrobatics|p2a: Hariyama\n|-supereffective|p2a: Hariyama\n|-damage|p2a: Hariyama|98/392\n|move|p2a: Hariyama|Facade|p1a: Sneasler\n|-damage|p1a: Sneasler|30/240\n|\n|-status|p2a: Hariyama|brn|[from] item: Flame Orb\n|upkeep\n|turn|17\n|\n|t:|1782751414\n|move|p2a: Hariyama|Bullet Punch|p1a: Sneasler\n|-damage|p1a: Sneasler|0 fnt\n|faint|p1a: Sneasler\n|\n|-damage|p2a: Hariyama|74/392 brn|[from] brn\n|upkeep\n|\n|t:|1782751437\n|switch|p1a: Politoed|Politoed, L88, M|96/302\n|-weather|RainDance|[from] ability: Drizzle|[of] p1a: Politoed\n|turn|18\n|\n|t:|1782751445\n|move|p2a: Hariyama|Bullet Punch|p1a: Politoed\n|-resisted|p1a: Politoed\n|-damage|p1a: Politoed|67/302\n|move|p1a: Politoed|Surf|p2a: Hariyama\n|-damage|p2a: Hariyama|0 fnt\n|faint|p2a: Hariyama\n|\n|-weather|RainDance|[upkeep]\n|-heal|p1a: Politoed|85/302|[from] item: Leftovers\n|upkeep\n|\n|t:|1782751452\n|switch|p2a: Venusaur|Venusaur, L84, M, tera:Steel|263/272\n|turn|19\n|\n|t:|1782751460\n|move|p2a: Venusaur|Sludge Bomb|p1a: Politoed\n|-damage|p1a: Politoed|0 fnt\n|faint|p1a: Politoed\n|\n|-weather|RainDance|[upkeep]\n|-heal|p2a: Venusaur|272/272|[from] item: Leftovers\n|upkeep\n|\n|t:|1782751469\n|switch|p1a: Armarouge|Armarouge, L80, M|267/267\n|turn|20\n|\n|t:|1782751474\n|move|p2a: Venusaur|Sludge Bomb|p1a: Armarouge\n|-damage|p1a: Armarouge|159/267\n|move|p1a: Armarouge|Armor Cannon|p2a: Venusaur\n|-supereffective|p2a: Venusaur\n|-damage|p2a: Venusaur|96/272\n|-unboost|p1a: Armarouge|def|1\n|-unboost|p1a: Armarouge|spd|1\n|\n|-weather|RainDance|[upkeep]\n|-heal|p2a: Venusaur|113/272|[from] item: Leftovers\n|upkeep\n|turn|21\n|\n|t:|1782751491\n|switch|p1a: Sandslash|Sandslash-Alola, L88, M|1/275\n|move|p2a: Venusaur|Sleep Powder|p1a: Sandslash\n|-status|p1a: Sandslash|slp|[from] move: Sleep Powder\n|\n|-weather|RainDance|[upkeep]\n|-heal|p2a: Venusaur|130/272|[from] item: Leftovers\n|upkeep\n|turn|22\n|\n|t:|1782751501\n|switch|p1a: Araquanid|Araquanid, L82, F|246/246\n|move|p2a: Venusaur|Leech Seed|p1a: Araquanid\n|-start|p1a: Araquanid|move: Leech Seed\n|\n|-weather|none\n|-heal|p2a: Venusaur|147/272|[from] item: Leftovers\n|-damage|p1a: Araquanid|216/246|[from] Leech Seed|[of] p2a: Venusaur\n|-heal|p2a: Venusaur|177/272|[silent]\n|upkeep\n|turn|23\n|\n|t:|1782751516\n|move|p2a: Venusaur|Sludge Bomb|p1a: Araquanid\n|-damage|p1a: Araquanid|144/246\n|move|p1a: Araquanid|Sticky Web|p2a: Venusaur\n|-sidestart|p2: francchi|move: Sticky Web\n|\n|-heal|p2a: Venusaur|194/272|[from] item: Leftovers\n|-damage|p1a: Araquanid|114/246|[from] Leech Seed|[of] p2a: Venusaur\n|-heal|p2a: Venusaur|224/272|[silent]\n|upkeep\n|turn|24\n|\n|t:|1782751543\n|move|p2a: Venusaur|Substitute|p2a: Venusaur\n|-start|p2a: Venusaur|Substitute\n|-damage|p2a: Venusaur|156/272\n|move|p1a: Araquanid|Mirror Coat||[still]\n|-fail|p1a: Araquanid\n|\n|-heal|p2a: Venusaur|173/272|[from] item: Leftovers\n|-damage|p1a: Araquanid|84/246|[from] Leech Seed|[of] p2a: Venusaur\n|-heal|p2a: Venusaur|203/272|[silent]\n|upkeep\n|turn|25\n|\n|t:|1782751562\n|switch|p1a: Passimian|Passimian, L83, M|302/302\n|move|p2a: Venusaur|Sludge Bomb|p1a: Passimian\n|-damage|p1a: Passimian|169/302\n|\n|-heal|p2a: Venusaur|220/272|[from] item: Leftovers\n|upkeep\n|turn|26\n|\n|t:|1782751571\n|move|p2a: Venusaur|Leech Seed|p1a: Passimian\n|-start|p1a: Passimian|move: Leech Seed\n|move|p1a: Passimian|Knock Off|p2a: Venusaur\n|-end|p2a: Venusaur|Substitute\n|\n|-heal|p2a: Venusaur|237/272|[from] item: Leftovers\n|-damage|p1a: Passimian|132/302|[from] Leech Seed|[of] p2a: Venusaur\n|-heal|p2a: Venusaur|272/272|[silent]\n|upkeep\n|turn|27\n|\n|t:|1782751579\n|move|p2a: Venusaur|Substitute|p2a: Venusaur\n|-start|p2a: Venusaur|Substitute\n|-damage|p2a: Venusaur|204/272\n|move|p1a: Passimian|Knock Off|p2a: Venusaur\n|-end|p2a: Venusaur|Substitute\n|\n|-heal|p2a: Venusaur|221/272|[from] item: Leftovers\n|-damage|p1a: Passimian|95/302|[from] Leech Seed|[of] p2a: Venusaur\n|-heal|p2a: Venusaur|258/272|[silent]\n|upkeep\n|turn|28\n|\n|t:|1782751601\n|switch|p1a: Armarouge|Armarouge, L80, M|159/267\n|move|p2a: Venusaur|Substitute|p2a: Venusaur\n|-start|p2a: Venusaur|Substitute\n|-damage|p2a: Venusaur|190/272\n|\n|-heal|p2a: Venusaur|207/272|[from] item: Leftovers\n|upkeep\n|turn|29\n|inactive|Legendzzzzzzz has 120 seconds left.\n|\n|t:|1782751630\n|switch|p1a: Araquanid|Araquanid, L82, F|84/246\n|move|p2a: Venusaur|Sludge Bomb|p1a: Araquanid\n|-damage|p1a: Araquanid|17/246\n|\n|-heal|p2a: Venusaur|224/272|[from] item: Leftovers\n|upkeep\n|turn|30\n|inactive|Legendzzzzzzz has 120 seconds left.\n|\n|t:|1782751657\n|move|p2a: Venusaur|Leech Seed|p1a: Araquanid\n|-start|p1a: Araquanid|move: Leech Seed\n|move|p1a: Araquanid|Liquidation|p2a: Venusaur\n|-end|p2a: Venusaur|Substitute\n|\n|-heal|p2a: Venusaur|241/272|[from] item: Leftovers\n|-damage|p1a: Araquanid|0 fnt|[from] Leech Seed|[of] p2a: Venusaur\n|-heal|p2a: Venusaur|258/272|[silent]\n|faint|p1a: Araquanid\n|upkeep\n|inactive|Legendzzzzzzz has 120 seconds left.\n|\n|t:|1782751667\n|switch|p1a: Passimian|Passimian, L83, M|95/302\n|turn|31\n|\n|t:|1782751675\n|move|p2a: Venusaur|Substitute|p2a: Venusaur\n|-start|p2a: Venusaur|Substitute\n|-damage|p2a: Venusaur|190/272\n|move|p1a: Passimian|Knock Off|p2a: Venusaur\n|-end|p2a: Venusaur|Substitute\n|\n|-heal|p2a: Venusaur|207/272|[from] item: Leftovers\n|upkeep\n|turn|32\n|\n|t:|1782751682\n|move|p2a: Venusaur|Leech Seed|p1a: Passimian\n|-start|p1a: Passimian|move: Leech Seed\n|move|p1a: Passimian|Knock Off|p2a: Venusaur\n|-damage|p2a: Venusaur|90/272\n|-enditem|p2a: Venusaur|Leftovers|[from] move: Knock Off|[of] p1a: Passimian\n|\n|-damage|p1a: Passimian|58/302|[from] Leech Seed|[of] p2a: Venusaur\n|-heal|p2a: Venusaur|127/272|[silent]\n|upkeep\n|turn|33\n|\n|t:|1782751691\n|move|p2a: Venusaur|Sludge Bomb|p1a: Passimian\n|-damage|p1a: Passimian|0 fnt\n|faint|p1a: Passimian\n|\n|upkeep\n|\n|t:|1782751695\n|switch|p1a: Armarouge|Armarouge, L80, M|159/267\n|turn|34\n|\n|t:|1782751705\n|move|p2a: Venusaur|Sleep Powder|p1a: Armarouge|[miss]\n|-miss|p2a: Venusaur|p1a: Armarouge\n|move|p1a: Armarouge|Armor Cannon|p2a: Venusaur\n|-supereffective|p2a: Venusaur\n|-damage|p2a: Venusaur|0 fnt\n|-unboost|p1a: Armarouge|def|1\n|-unboost|p1a: Armarouge|spd|1\n|faint|p2a: Venusaur\n|\n|win|Legendzzzzzzz\n|raw|Legendzzzzzzz's rating: 1327 &rarr; <strong>1345</strong><br />(+18 for winning)\n|raw|francchi's rating: 1299 &rarr; <strong>1276</strong><br />(-23 for losing)\n|l|\u2606francchi\n|player|p2|\n", "inputlog": ">version f8ac14003a5f27e1bdc8d8c59608a773c1cb96e5\n>start {\"formatid\":\"gen9randombattle\",\"seed\":\"sodium,7bc6eb0186e41d84ffc0c256ba6d4379\",\"rated\":\"Rated battle\"}\n>player p1 {\"name\":\"Legendzzzzzzz\",\"avatar\":\"cynthia\",\"rating\":1327,\"seed\":\"sodium,dc0f654c26d6cacfd7bf4861d45ad8ce\"}\n>player p2 {\"name\":\"francchi\",\"avatar\":\"shauntal\",\"rating\":1299,\"seed\":\"sodium,f255c65ff1ea9e2d7c9c9b89fd330ae3\"}\n>p1 move hypnosis\n>p2 move calmmind\n>p1 switch 3\n>p2 move calmmind\n>p1 move ironhead\n>p2 move mysticalfire\n>p1 move ironhead\n>p2 switch 6\n>p1 move knockoff\n>p2 move aquajet\n>p1 switch 3\n>p2 move aquajet\n>p1 move surf\n>p2 move shadowball\n>p1 move surf\n>p2 move wavecrash\n>p2 switch 6\n>p1 move surf\n>p2 move drainingkiss\n>p2 switch 2\n>p1 move icebeam\n>p2 move substitute\n>p1 move icebeam\n>p2 move leechseed terastallize\n>p1 switch 5\n>p2 move sleeppowder\n>p1 move armorcannon\n>p2 switch 3\n>p2 switch 5\n>p1 switch 6\n>p2 move knockoff\n>p1 move closecombat\n>p2 move bodyslam\n>p2 switch 4\n>p1 move acrobatics terastallize\n>p2 move facade\n>p1 move acrobatics\n>p2 move bulletpunch\n>p1 switch 5\n>p1 move surf\n>p2 move bulletpunch\n>p2 switch 3\n>p1 move hypnosis\n>p2 move sludgebomb\n>p1 switch 6\n>p1 move armorcannon\n>p2 move sludgebomb\n>p1 switch 3\n>p2 move sleeppowder\n>p1 switch 2\n>p2 move leechseed\n>p1 move stickyweb\n>p2 move sludgebomb\n>p1 move mirrorcoat\n>p2 move substitute\n>p1 switch 4\n>p2 move sludgebomb\n>p1 move knockoff\n>p2 move leechseed\n>p1 move knockoff\n>p2 move substitute\n>p1 switch 3\n>p2 move substitute\n>p1 switch 4\n>p2 move sludgebomb\n>p1 move liquidation\n>p2 move leechseed\n>p1 switch 3\n>p1 move knockoff\n>p2 move substitute\n>p1 move knockoff\n>p2 move leechseed\n>p1 move knockoff\n>p2 move sludgebomb\n>p1 switch 4\n>p1 move armorcannon\n>p2 move sleeppowder", "uploadtime": 1782751716, "views": 4, "formatid": "gen9randombattle", "rating": 1276, "private": 0, "password": null, "player_dets": [{"name": "Legendzzzzzzz", "avatar": "cynthia", "rating": 1327, "seed": "sodium,dc0f654c26d6cacfd7bf4861d45ad8ce"}, {"name": "francchi", "avatar": "shauntal", "rating": 1299, "seed": "sodium,f255c65ff1ea9e2d7c9c9b89fd330ae3"}], "teams_full": [{"Politoed": {"name": "Politoed", "species": "Politoed", "speciesId": "politoed", "gender": "M", "shiny": false, "level": 88, "moves": ["hypnosis", "haze", "icebeam", "surf"], "ability": "Drizzle", "evs": {"hp": 85, "atk": 0, "def": 85, "spa": 85, "spd": 85, "spe": 85}, "ivs": {"hp": 31, "atk": 0, "def": 31, "spa": 31, "spd": 31, "spe": 31}, "item": "Leftovers", "teraType": "Steel", "role": "Bulky Attacker", "bvs": {"hp": 90, "atk": 75, "def": 75, "spa": 90, "spd": 100, "spe": 70}, "stats": {"hp": 302, "atk": 137, "def": 182, "spa": 209, "spd": 226, "spe": 173}, "types": ["Water"]}, "Araquanid": {"name": "Araquanid", "species": "Araquanid", "speciesId": "araquanid", "gender": "F", "shiny": false, "level": 82, "moves": ["liquidation", "leechlife", "stickyweb", "mirrorcoat"], "ability": "Water Bubble", "evs": {"hp": 85, "atk": 85, "def": 85, "spa": 85, "spd": 85, "spe": 85}, "ivs": {"hp": 31, "atk": 31, "def": 31, "spa": 31, "spd": 31, "spe": 31}, "item": "Heavy-Duty Boots", "teraType": "Ground", "role": "Bulky Attacker", "bvs": {"hp": 68, "atk": 70, "def": 92, "spa": 50, "spd": 132, "spe": 42}, "stats": {"hp": 246, "atk": 162, "def": 198, "spa": 129, "spd": 264, "spe": 116}, "types": ["Water", "Bug"]}, "Sandslash": {"name": "Sandslash", "species": "Sandslash-Alola", "speciesId": "sandslashalola", "gender": "M", "shiny": false, "level": 88, "moves": ["rapidspin", "knockoff", "tripleaxel", "ironhead"], "ability": "Slush Rush", "evs": {"hp": 85, "atk": 85, "def": 85, "spa": 85, "spd": 85, "spe": 85}, "ivs": {"hp": 31, "atk": 31, "def": 31, "spa": 31, "spd": 31, "spe": 31}, "item": "Assault Vest", "teraType": "Flying", "role": "Bulky Support", "bvs": {"hp": 75, "atk": 100, "def": 120, "spa": 25, "spd": 65, "spe": 65}, "stats": {"hp": 275, "atk": 226, "def": 261, "spa": 94, "spd": 165, "spe": 165}, "types": ["Ice", "Steel"]}, "Passimian": {"name": "Passimian", "species": "Passimian", "speciesId": "passimian", "gender": "M", "shiny": false, "level": 83, "moves": ["knockoff", "uturn", "closecombat", "gunkshot"], "ability": "Defiant", "evs": {"hp": 85, "atk": 85, "def": 85, "spa": 85, "spd": 85, "spe": 85}, "ivs": {"hp": 31, "atk": 31, "def": 31, "spa": 31, "spd": 31, "spe": 31}, "item": "Choice Band", "teraType": "Poison", "role": "Fast Attacker", "bvs": {"hp": 100, "atk": 120, "def": 90, "spa": 40, "spd": 60, "spe": 80}, "stats": {"hp": 302, "atk": 247, "def": 197, "spa": 114, "spd": 147, "spe": 180}, "types": ["Fighting"]}, "Armarouge": {"name": "Armarouge", "species": "Armarouge", "speciesId": "armarouge", "gender": "M", "shiny": false, "level": 80, "moves": ["armorcannon", "energyball", "focusblast", "psyshock"], "ability": "Weak Armor", "evs": {"hp": 85, "atk": 0, "def": 85, "spa": 85, "spd": 85, "spe": 85}, "ivs": {"hp": 31, "atk": 0, "def": 31, "spa": 31, "spd": 31, "spe": 31}, "item": "Choice Specs", "teraType": "Psychic", "role": "Wallbreaker", "bvs": {"hp": 85, "atk": 60, "def": 100, "spa": 125, "spd": 80, "spe": 75}, "stats": {"hp": 267, "atk": 101, "def": 206, "spa": 246, "spd": 174, "spe": 166}, "types": ["Fire", "Psychic"]}, "Sneasler": {"name": "Sneasler", "species": "Sneasler", "speciesId": "sneasler", "gender": "F", "shiny": false, "level": 74, "moves": ["swordsdance", "gunkshot", "acrobatics", "closecombat"], "ability": "Unburden", "evs": {"hp": 85, "atk": 85, "def": 85, "spa": 85, "spd": 85, "spe": 85}, "ivs": {"hp": 31, "atk": 31, "def": 31, "spa": 31, "spd": 31, "spe": 31}, "item": "White Herb", "teraType": "Flying", "role": "Setup Sweeper", "bvs": {"hp": 80, "atk": 130, "def": 60, "spa": 40, "spd": 80, "spe": 120}, "stats": {"hp": 240, "atk": 235, "def": 132, "spa": 102, "spd": 161, "spe": 221}, "types": ["Fighting", "Poison"]}}, {"Hatterene": {"name": "Hatterene", "species": "Hatterene", "speciesId": "hatterene", "gender": "F", "shiny": false, "level": 85, "moves": ["calmmind", "psyshock", "drainingkiss", "mysticalfire"], "ability": "Magic Bounce", "evs": {"hp": 85, "atk": 0, "def": 85, "spa": 85, "spd": 85, "spe": 85}, "ivs": {"hp": 31, "atk": 0, "def": 31, "spa": 31, "spd": 31, "spe": 31}, "item": "Leftovers", "teraType": "Fairy", "role": "Bulky Setup", "bvs": {"hp": 57, "atk": 90, "def": 95, "spa": 136, "spd": 103, "spe": 29}, "stats": {"hp": 236, "atk": 158, "def": 210, "spa": 280, "spd": 224, "spe": 98}, "types": ["Psychic", "Fairy"]}, "Venusaur": {"name": "Venusaur", "species": "Venusaur", "speciesId": "venusaur", "gender": "M", "shiny": false, "level": 84, "moves": ["sludgebomb", "leechseed", "sleeppowder", "substitute"], "ability": "Chlorophyll", "evs": {"hp": 85, "atk": 0, "def": 85, "spa": 85, "spd": 85, "spe": 85}, "ivs": {"hp": 31, "atk": 0, "def": 31, "spa": 31, "spd": 31, "spe": 31}, "item": "Leftovers", "teraType": "Steel", "role": "Bulky Support", "bvs": {"hp": 80, "atk": 82, "def": 83, "spa": 100, "spd": 100, "spe": 80}, "stats": {"hp": 272, "atk": 142, "def": 188, "spa": 216, "spd": 216, "spe": 183}, "types": ["Grass", "Poison"]}, "Ambipom": {"name": "Ambipom", "species": "Ambipom", "speciesId": "ambipom", "gender": "F", "shiny": false, "level": 84, "moves": ["doubleedge", "knockoff", "uturn", "fakeout"], "ability": "Technician", "evs": {"hp": 85, "atk": 85, "def": 85, "spa": 85, "spd": 85, "spe": 85}, "ivs": {"hp": 31, "atk": 31, "def": 31, "spa": 31, "spd": 31, "spe": 31}, "item": "Silk Scarf", "teraType": "Normal", "role": "Wallbreaker", "bvs": {"hp": 75, "atk": 100, "def": 66, "spa": 60, "spd": 66, "spe": 115}, "stats": {"hp": 263, "atk": 216, "def": 159, "spa": 149, "spd": 159, "spe": 241}, "types": ["Normal"]}, "Hariyama": {"name": "Hariyama", "species": "Hariyama", "speciesId": "hariyama", "gender": "F", "shiny": false, "level": 87, "moves": ["facade", "knockoff", "bulletpunch", "closecombat"], "ability": "Guts", "evs": {"hp": 85, "atk": 85, "def": 85, "spa": 85, "spd": 85, "spe": 85}, "ivs": {"hp": 31, "atk": 31, "def": 31, "spa": 31, "spd": 31, "spe": 31}, "item": "Flame Orb", "teraType": "Normal", "role": "Wallbreaker", "bvs": {"hp": 144, "atk": 120, "def": 60, "spa": 40, "spd": 60, "spe": 50}, "stats": {"hp": 392, "atk": 259, "def": 154, "spa": 119, "spd": 154, "spe": 137}, "types": ["Fighting"]}, "Komala": {"name": "Komala", "species": "Komala", "speciesId": "komala", "gender": "M", "shiny": false, "level": 88, "moves": ["rapidspin", "uturn", "bodyslam", "knockoff"], "ability": "Comatose", "evs": {"hp": 85, "atk": 85, "def": 85, "spa": 85, "spd": 85, "spe": 85}, "ivs": {"hp": 31, "atk": 31, "def": 31, "spa": 31, "spd": 31, "spe": 31}, "item": "Assault Vest", "teraType": "Ghost", "role": "Bulky Support", "bvs": {"hp": 65, "atk": 115, "def": 65, "spa": 75, "spd": 95, "spe": 65}, "stats": {"hp": 258, "atk": 253, "def": 165, "spa": 182, "spd": 217, "spe": 165}, "types": ["Normal"]}, "Basculegion": {"name": "Basculegion", "species": "Basculegion", "speciesId": "basculegion", "gender": "M", "shiny": false, "level": 80, "moves": ["wavecrash", "aquajet", "shadowball", "flipturn"], "ability": "Adaptability", "evs": {"hp": 85, "atk": 85, "def": 85, "spa": 85, "spd": 85, "spe": 85}, "ivs": {"hp": 31, "atk": 31, "def": 31, "spa": 31, "spd": 31, "spe": 31}, "item": "Assault Vest", "teraType": "Water", "role": "AV Pivot", "bvs": {"hp": 120, "atk": 112, "def": 65, "spa": 80, "spd": 75, "spe": 78}, "stats": {"hp": 323, "atk": 225, "def": 150, "spa": 174, "spd": 166, "spe": 171}, "types": ["Water", "Ghost"]}}]}