{"id": "gen9randombattle-2641386753", "format": "[Gen 9] Random Battle", "players": ["ralpph", "portobellomushroom"], "log": "|badge|p2|bronze|gen9randombattle|100-9\n|html|<div class=\"broadcast-red\"><strong>This battle is required to be public due to one or more player having a season medal.</strong><br />During the public phase, you can discuss the state of the ladder <a href=\"/seasondiscussion\">in a special chatroom.</a></div>\n|uhtml|medal-msg|<div class=\"broadcast-blue\">Curious what those medals under the avatar are? PS now has Ladder Seasons! For more information, check out the <a href=\"https://www.smogon.com/forums/threads/3740067/\">thread on Smogon.</a></div>\n|raw|<div class=\"broadcast-blue\"><strong>This battle is required to be public due to a player having a name starting with 'medal'.</div>\n|j|\u2606ralpph\n|j|\u2606portobellomushroom\n|t:|1782776983\n|gametype|singles\n|player|p1|ralpph|101|2158\n|player|p2|portobellomushroom|turo-ai|2321\n|gen|9\n|tier|[Gen 9] Random Battle\n|rated|\n|rule|Species Clause: Limit one of each Pok\u00e9mon\n|rule|HP Percentage Mod: HP is shown in percentages\n|rule|Sleep Clause Mod: Limit one foe put to sleep\n|rule|Illusion Level Mod: Illusion disguises the Pok\u00e9mon's true level\n|\n|t:|1782776983\n|teamsize|p1|6\n|teamsize|p2|6\n|start\n|switch|p1a: Staraptor|Staraptor, L79, F|263/263\n|switch|p2a: Noctowl|Noctowl, L95, F|344/344\n|turn|1\n|inactive|Battle timer is ON: inactive players will automatically lose when time's up. (requested by portobellomushroom)\n|inactive|ralpph has 120 seconds left.\n|inactive|portobellomushroom has 120 seconds left.\n|inactive|ralpph has 90 seconds left.\n|\n|t:|1782777072\n|move|p1a: Staraptor|U-turn|p2a: Noctowl\n|-resisted|p2a: Noctowl\n|-damage|p2a: Noctowl|289/344\n|\n|t:|1782777074\n|switch|p1a: Minun|Minun, L95, F|268/268|[from] U-turn\n|move|p2a: Noctowl|Hyper Voice|p1a: Minun\n|-damage|p1a: Minun|165/268\n|\n|upkeep\n|turn|2\n|\n|t:|1782777085\n|switch|p2a: Excadrill|Excadrill, L79, M|303/303\n|-ability|p2a: Excadrill|Mold Breaker\n|move|p1a: Minun|Nasty Plot|p1a: Minun\n|-boost|p1a: Minun|spa|2\n|\n|upkeep\n|turn|3\n|inactive|ralpph has 120 seconds left.\n|\n|t:|1782777125\n|switch|p1a: Cresselia|Cresselia, L80, F|323/323\n|move|p2a: Excadrill|Rapid Spin|p1a: Cresselia\n|-damage|p1a: Cresselia|288/323\n|-boost|p2a: Excadrill|spe|1\n|\n|-heal|p1a: Cresselia|308/323|[from] item: Leftovers\n|upkeep\n|turn|4\n|\n|t:|1782777139\n|switch|p2a: Maushold|Maushold-Four, L76|238/238\n|move|p1a: Cresselia|Calm Mind|p1a: Cresselia\n|-boost|p1a: Cresselia|spa|1\n|-boost|p1a: Cresselia|spd|1\n|\n|-heal|p1a: Cresselia|323/323|[from] item: Leftovers\n|upkeep\n|turn|5\n|\n|t:|1782777154\n|switch|p1a: Copperajah|Copperajah, L86, M|350/350\n|move|p2a: Maushold|Encore||[still]\n|-fail|p2a: Maushold\n|\n|upkeep\n|turn|6\n|\n|t:|1782777161\n|switch|p2a: Dipplin|Dipplin, L88, F|284/284\n|move|p1a: Copperajah|Stealth Rock|p2a: Dipplin\n|-sidestart|p2: portobellomushroom|move: Stealth Rock\n|\n|upkeep\n|turn|7\n|inactive|ralpph has 90 seconds left.\n|\n|t:|1782777195\n|switch|p1a: Hitmontop|Hitmontop, L88, M|231/231\n|move|p2a: Dipplin|Dragon Pulse|p1a: Hitmontop\n|-damage|p1a: Hitmontop|158/231\n|\n|-heal|p1a: Hitmontop|172/231|[from] item: Leftovers\n|upkeep\n|turn|8\n|inactive|ralpph has 90 seconds left.\n|\n|t:|1782777209\n|move|p1a: Hitmontop|Triple Axel|p2a: Dipplin\n|-supereffective|p2a: Dipplin\n|-damage|p2a: Dipplin|232/284\n|-supereffective|p2a: Dipplin\n|-damage|p2a: Dipplin|128/284\n|-supereffective|p2a: Dipplin\n|-damage|p2a: Dipplin|0 fnt\n|faint|p2a: Dipplin\n|-hitcount|p2: Dipplin|3\n|\n|-heal|p1a: Hitmontop|186/231|[from] item: Leftovers\n|upkeep\n|\n|t:|1782777215\n|switch|p2a: Maushold|Maushold-Four, L76|238/238\n|-damage|p2a: Maushold|209/238|[from] Stealth Rock\n|turn|9\n|\n|t:|1782777225\n|-terastallize|p2a: Maushold|Normal\n|move|p2a: Maushold|Population Bomb|p1a: Hitmontop\n|-damage|p1a: Hitmontop|160/231\n|-damage|p1a: Hitmontop|134/231\n|-damage|p1a: Hitmontop|108/231\n|-damage|p1a: Hitmontop|82/231\n|-damage|p1a: Hitmontop|54/231\n|-damage|p1a: Hitmontop|30/231\n|-damage|p1a: Hitmontop|0 fnt\n|faint|p1a: Hitmontop\n|-hitcount|p1: Hitmontop|7\n|\n|upkeep\n|\n|t:|1782777230\n|switch|p1a: Copperajah|Copperajah, L86, M|350/350\n|turn|10\n|\n|t:|1782777249\n|switch|p2a: Noctowl|Noctowl, L95, F|289/344\n|move|p1a: Copperajah|Iron Head|p2a: Noctowl\n|-damage|p2a: Noctowl|24/344\n|\n|upkeep\n|turn|11\n|\n|t:|1782777256\n|switch|p1a: Cresselia|Cresselia, L80, F|323/323\n|move|p2a: Noctowl|Defog|p1a: Cresselia\n|-unboost|p1a: Cresselia|evasion|1\n|-sideend|p2: portobellomushroom|Stealth Rock|[from] move: Defog|[of] p2a: Noctowl\n|\n|upkeep\n|turn|12\n|\n|t:|1782777268\n|move|p2a: Noctowl|Roost|p2a: Noctowl\n|-heal|p2a: Noctowl|196/344\n|-singleturn|p2a: Noctowl|move: Roost\n|move|p1a: Cresselia|Psyshock|p2a: Noctowl\n|-damage|p2a: Noctowl|103/344\n|\n|upkeep\n|turn|13\n|\n|t:|1782777279\n|switch|p2a: Maushold|Maushold-Four, L76, tera:Normal|209/238\n|move|p1a: Cresselia|Calm Mind|p1a: Cresselia\n|-boost|p1a: Cresselia|spa|1\n|-boost|p1a: Cresselia|spd|1\n|\n|upkeep\n|turn|14\n|inactive|ralpph has 120 seconds left.\n|inactive|ralpph has 90 seconds left.\n|\n|t:|1782777327\n|move|p2a: Maushold|Population Bomb|p1a: Cresselia\n|-damage|p1a: Cresselia|295/323\n|-damage|p1a: Cresselia|267/323\n|-damage|p1a: Cresselia|239/323\n|-damage|p1a: Cresselia|213/323\n|-crit|p1a: Cresselia\n|-damage|p1a: Cresselia|175/323\n|-damage|p1a: Cresselia|149/323\n|-damage|p1a: Cresselia|123/323\n|-damage|p1a: Cresselia|93/323\n|-damage|p1a: Cresselia|65/323\n|-damage|p1a: Cresselia|37/323\n|-hitcount|p1a: Cresselia|10\n|move|p1a: Cresselia|Psyshock|p2a: Maushold\n|-damage|p2a: Maushold|77/238\n|\n|-heal|p1a: Cresselia|57/323|[from] item: Leftovers\n|upkeep\n|turn|15\n|\n|t:|1782777339\n|move|p2a: Maushold|Population Bomb|p1a: Cresselia\n|-damage|p1a: Cresselia|27/323\n|-damage|p1a: Cresselia|0 fnt\n|faint|p1a: Cresselia\n|-hitcount|p1: Cresselia|2\n|\n|upkeep\n|\n|t:|1782777358\n|switch|p1a: Minun|Minun, L95, F|165/268\n|turn|16\n|\n|t:|1782777362\n|switch|p2a: Excadrill|Excadrill, L79, M|303/303\n|-ability|p2a: Excadrill|Mold Breaker\n|move|p1a: Minun|Alluring Voice|p2a: Excadrill\n|-resisted|p2a: Excadrill\n|-damage|p2a: Excadrill|269/303\n|-damage|p1a: Minun|139/268|[from] item: Life Orb\n|\n|upkeep\n|turn|17\n|inactive|ralpph has 60 seconds left.\n|\n|t:|1782777422\n|move|p1a: Minun|Grass Knot|p2a: Excadrill\n|-damage|p2a: Excadrill|217/303\n|-damage|p1a: Minun|113/268|[from] item: Life Orb\n|move|p2a: Excadrill|Rapid Spin|p1a: Minun\n|-damage|p1a: Minun|60/268\n|-boost|p2a: Excadrill|spe|1\n|\n|upkeep\n|turn|18\n|\n|t:|1782777432\n|move|p2a: Excadrill|Iron Head|p1a: Minun\n|-resisted|p1a: Minun\n|-damage|p1a: Minun|0 fnt\n|faint|p1a: Minun\n|\n|upkeep\n|\n|t:|1782777445\n|switch|p1a: Roaring Moon|Roaring Moon, L72|270/270\n|-enditem|p1a: Roaring Moon|Booster Energy\n|-activate|p1a: Roaring Moon|ability: Protosynthesis|[fromitem]\n|-start|p1a: Roaring Moon|protosynthesisatk\n|turn|19\n|\n|t:|1782777453\n|move|p2a: Excadrill|Iron Head|p1a: Roaring Moon\n|-damage|p1a: Roaring Moon|134/270\n|move|p1a: Roaring Moon|Dragon Dance|p1a: Roaring Moon\n|-boost|p1a: Roaring Moon|atk|1\n|-boost|p1a: Roaring Moon|spe|1\n|\n|upkeep\n|turn|20\n|\n|t:|1782777462\n|switch|p2a: Noctowl|Noctowl, L95, F|103/344\n|move|p1a: Roaring Moon|Knock Off|p2a: Noctowl\n|-damage|p2a: Noctowl|0 fnt\n|-enditem|p2a: Noctowl|Heavy-Duty Boots|[from] move: Knock Off|[of] p1a: Roaring Moon\n|faint|p2a: Noctowl\n|\n|upkeep\n|\n|t:|1782777467\n|switch|p2a: Ariados|Ariados, L95, M|287/287\n|turn|21\n|\n|t:|1782777473\n|move|p1a: Roaring Moon|Acrobatics|p2a: Ariados\n|-supereffective|p2a: Ariados\n|-damage|p2a: Ariados|0 fnt\n|faint|p2a: Ariados\n|\n|upkeep\n|\n|t:|1782777481\n|switch|p2a: Bellossom|Bellossom, L84, M|263/263\n|turn|22\n|inactive|ralpph has 60 seconds left.\n|\n|t:|1782777511\n|-terastallize|p1a: Roaring Moon|Flying\n|move|p1a: Roaring Moon|Dragon Dance|p1a: Roaring Moon\n|-boost|p1a: Roaring Moon|atk|1\n|-boost|p1a: Roaring Moon|spe|1\n|move|p2a: Bellossom|Strength Sap|p1a: Roaring Moon\n|-unboost|p1a: Roaring Moon|atk|1\n|\n|upkeep\n|turn|23\n|\n|t:|1782777518\n|move|p1a: Roaring Moon|Acrobatics|p2a: Bellossom\n|-supereffective|p2a: Bellossom\n|-damage|p2a: Bellossom|0 fnt\n|faint|p2a: Bellossom\n|\n|upkeep\n|-message|portobellomushroom forfeited.\n|\n|win|ralpph\n|raw|ralpph's rating: 2158 &rarr; <strong>2187</strong><br />(+29 for winning)\n|raw|portobellomushroom's rating: 2321 &rarr; <strong>2292</strong><br />(-29 for losing)\n", "inputlog": ">version f8ac14003a5f27e1bdc8d8c59608a773c1cb96e5\n>start {\"formatid\":\"gen9randombattle\",\"seed\":\"sodium,892b34c215203697b779ea11445802e9\",\"rated\":\"Rated battle\"}\n>player p1 {\"name\":\"ralpph\",\"avatar\":\"101\",\"rating\":2158,\"seed\":\"sodium,104bae319ce0fbf917e15309ee330b9a\"}\n>player p2 {\"name\":\"portobellomushroom\",\"avatar\":\"turo-ai\",\"rating\":2321,\"seed\":\"sodium,b26d5cfd9dd4e24b30698f4a48dbb4fe\"}\n>p1 move uturn\n>p2 move hypervoice\n>p1 switch 3\n>p1 move nastyplot\n>p2 switch 6\n>p1 switch 5\n>p2 move rapidspin\n>p1 move calmmind\n>p2 switch 3\n>p1 switch 4\n>p2 move encore\n>p1 move stealthrock\n>p2 switch 5\n>p1 switch 6\n>p2 move dragonpulse\n>p1 move tripleaxel\n>p2 move dragonpulse\n>p2 switch 5\n>p1 move closecombat\n>p2 move populationbomb terastallize\n>p1 switch 6\n>p1 move ironhead\n>p2 switch 6\n>p1 switch 4\n>p2 move defog\n>p1 move psyshock\n>p2 move roost\n>p1 move calmmind\n>p2 switch 6\n>p1 move psyshock\n>p2 move populationbomb\n>p1 move psyshock\n>p2 move populationbomb\n>p1 switch 5\n>p1 move alluringvoice\n>p2 switch 3\n>p1 move grassknot\n>p2 move rapidspin\n>p1 move grassknot\n>p2 move ironhead\n>p1 switch 2\n>p1 move dragondance\n>p2 move ironhead\n>p1 move knockoff\n>p2 switch 6\n>p2 switch 2\n>p1 move acrobatics\n>p2 move poisonjab\n>p2 switch 4\n>p1 move dragondance terastallize\n>p2 move strengthsap\n>p1 move acrobatics\n>p2 move strengthsap\n>forcelose p2", "uploadtime": 1782777522, "views": 6, "formatid": "gen9randombattle", "rating": 2187, "private": 0, "password": null, "player_dets": [{"name": "ralpph", "avatar": "101", "rating": 2158, "seed": "sodium,104bae319ce0fbf917e15309ee330b9a"}, {"name": "portobellomushroom", "avatar": "turo-ai", "rating": 2321, "seed": "sodium,b26d5cfd9dd4e24b30698f4a48dbb4fe"}], "teams_full": [{"Staraptor": {"name": "Staraptor", "species": "Staraptor", "speciesId": "staraptor", "gender": "F", "shiny": false, "level": 79, "moves": ["doubleedge", "bravebird", "quickattack", "uturn"], "ability": "Reckless", "evs": {"hp": 81, "atk": 85, "def": 85, "spa": 85, "spd": 85, "spe": 85}, "ivs": {"hp": 31, "atk": 31, "def": 31, "spa": 31, "spd": 31, "spe": 31}, "item": "Choice Band", "teraType": "Flying", "role": "Fast Attacker", "bvs": {"hp": 85, "atk": 120, "def": 70, "spa": 50, "spd": 60, "spe": 100}, "stats": {"hp": 263, "atk": 235, "def": 156, "spa": 125, "spd": 140, "spe": 204}, "types": ["Normal", "Flying"]}, "Roaring Moon": {"name": "Roaring Moon", "species": "Roaring Moon", "speciesId": "roaringmoon", "gender": "N", "shiny": false, "level": 72, "moves": ["dragondance", "knockoff", "acrobatics", "outrage"], "ability": "Protosynthesis", "evs": {"hp": 85, "atk": 85, "def": 85, "spa": 85, "spd": 85, "spe": 85}, "ivs": {"hp": 31, "atk": 31, "def": 31, "spa": 31, "spd": 31, "spe": 31}, "item": "Booster Energy", "teraType": "Flying", "role": "Fast Bulky Setup", "bvs": {"hp": 105, "atk": 139, "def": 71, "spa": 55, "spd": 101, "spe": 119}, "stats": {"hp": 270, "atk": 242, "def": 144, "spa": 121, "spd": 187, "spe": 213}, "types": ["Dragon", "Dark"]}, "Minun": {"name": "Minun", "species": "Minun", "speciesId": "minun", "gender": "F", "shiny": false, "level": 95, "moves": ["alluringvoice", "grassknot", "thunderbolt", "nastyplot"], "ability": "Volt Absorb", "evs": {"hp": 85, "atk": 0, "def": 85, "spa": 85, "spd": 85, "spe": 85}, "ivs": {"hp": 31, "atk": 0, "def": 31, "spa": 31, "spd": 31, "spe": 31}, "item": "Life Orb", "teraType": "Grass", "role": "Setup Sweeper", "bvs": {"hp": 60, "atk": 40, "def": 50, "spa": 75, "spd": 85, "spe": 95}, "stats": {"hp": 268, "atk": 81, "def": 149, "spa": 196, "spd": 215, "spe": 234}, "types": ["Electric"]}, "Copperajah": {"name": "Copperajah", "species": "Copperajah", "speciesId": "copperajah", "gender": "M", "shiny": false, "level": 86, "moves": ["playrough", "ironhead", "earthquake", "stealthrock"], "ability": "Sheer Force", "evs": {"hp": 85, "atk": 85, "def": 85, "spa": 85, "spd": 85, "spe": 85}, "ivs": {"hp": 31, "atk": 31, "def": 31, "spa": 31, "spd": 31, "spe": 31}, "item": "Life Orb", "teraType": "Fairy", "role": "Wallbreaker", "bvs": {"hp": 122, "atk": 130, "def": 69, "spa": 80, "spd": 69, "spe": 30}, "stats": {"hp": 350, "atk": 273, "def": 168, "spa": 187, "spd": 168, "spe": 101}, "types": ["Steel"]}, "Cresselia": {"name": "Cresselia", "species": "Cresselia", "speciesId": "cresselia", "gender": "F", "shiny": false, "level": 80, "moves": ["calmmind", "moonlight", "psyshock", "thunderbolt"], "ability": "Levitate", "evs": {"hp": 85, "atk": 0, "def": 85, "spa": 85, "spd": 85, "spe": 85}, "ivs": {"hp": 31, "atk": 0, "def": 31, "spa": 31, "spd": 31, "spe": 31}, "item": "Leftovers", "teraType": "Electric", "role": "Bulky Setup", "bvs": {"hp": 120, "atk": 70, "def": 110, "spa": 75, "spd": 120, "spe": 85}, "stats": {"hp": 323, "atk": 117, "def": 222, "spa": 166, "spd": 238, "spe": 182}, "types": ["Psychic"]}, "Hitmontop": {"name": "Hitmontop", "species": "Hitmontop", "speciesId": "hitmontop", "gender": "M", "shiny": false, "level": 88, "moves": ["closecombat", "tripleaxel", "rapidspin", "bulkup"], "ability": "Technician", "evs": {"hp": 85, "atk": 85, "def": 85, "spa": 85, "spd": 85, "spe": 85}, "ivs": {"hp": 31, "atk": 31, "def": 31, "spa": 31, "spd": 31, "spe": 31}, "item": "Leftovers", "teraType": "Ice", "role": "Bulky Setup", "bvs": {"hp": 50, "atk": 95, "def": 95, "spa": 35, "spd": 110, "spe": 70}, "stats": {"hp": 231, "atk": 217, "def": 217, "spa": 112, "spd": 244, "spe": 173}, "types": ["Fighting"]}}, {"Noctowl": {"name": "Noctowl", "species": "Noctowl", "speciesId": "noctowl", "gender": "F", "shiny": false, "level": 95, "moves": ["roost", "hurricane", "hypervoice", "defog"], "ability": "Tinted Lens", "evs": {"hp": 85, "atk": 0, "def": 85, "spa": 85, "spd": 85, "spe": 85}, "ivs": {"hp": 31, "atk": 0, "def": 31, "spa": 31, "spd": 31, "spe": 31}, "item": "Heavy-Duty Boots", "teraType": "Normal", "role": "Bulky Attacker", "bvs": {"hp": 100, "atk": 50, "def": 50, "spa": 86, "spd": 96, "spe": 70}, "stats": {"hp": 344, "atk": 100, "def": 149, "spa": 217, "spd": 236, "spe": 187}, "types": ["Normal", "Flying"]}, "Ariados": {"name": "Ariados", "species": "Ariados", "speciesId": "ariados", "gender": "M", "shiny": false, "level": 95, "moves": ["megahorn", "stickyweb", "poisonjab", "knockoff"], "ability": "Insomnia", "evs": {"hp": 85, "atk": 85, "def": 85, "spa": 85, "spd": 85, "spe": 85}, "ivs": {"hp": 31, "atk": 31, "def": 31, "spa": 31, "spd": 31, "spe": 31}, "item": "Heavy-Duty Boots", "teraType": "Ghost", "role": "Fast Support", "bvs": {"hp": 70, "atk": 90, "def": 70, "spa": 60, "spd": 70, "spe": 40}, "stats": {"hp": 287, "atk": 225, "def": 187, "spa": 168, "spd": 187, "spe": 130}, "types": ["Bug", "Poison"]}, "Maushold": {"name": "Maushold", "species": "Maushold-Four", "speciesId": "maushold", "gender": "N", "shiny": false, "level": 76, "moves": ["bite", "populationbomb", "tidyup", "encore"], "ability": "Technician", "evs": {"hp": 85, "atk": 85, "def": 85, "spa": 85, "spd": 85, "spe": 85}, "ivs": {"hp": 31, "atk": 31, "def": 31, "spa": 31, "spd": 31, "spe": 31}, "item": "Wide Lens", "teraType": "Normal", "role": "Setup Sweeper", "bvs": {"hp": 74, "atk": 75, "def": 70, "spa": 65, "spd": 75, "spe": 111}, "stats": {"hp": 238, "atk": 158, "def": 150, "spa": 143, "spd": 158, "spe": 213}, "types": ["Normal"]}, "Bellossom": {"name": "Bellossom", "species": "Bellossom", "speciesId": "bellossom", "gender": "M", "shiny": false, "level": 84, "moves": ["gigadrain", "strengthsap", "quiverdance", "terablast"], "ability": "Chlorophyll", "evs": {"hp": 85, "atk": 0, "def": 85, "spa": 85, "spd": 85, "spe": 85}, "ivs": {"hp": 31, "atk": 0, "def": 31, "spa": 31, "spd": 31, "spe": 31}, "item": "Leftovers", "teraType": "Fire", "role": "Tera Blast user", "bvs": {"hp": 75, "atk": 80, "def": 95, "spa": 90, "spd": 100, "spe": 50}, "stats": {"hp": 263, "atk": 139, "def": 208, "spa": 199, "spd": 216, "spe": 132}, "types": ["Grass"]}, "Dipplin": {"name": "Dipplin", "species": "Dipplin", "speciesId": "dipplin", "gender": "F", "shiny": false, "level": 88, "moves": ["recover", "gigadrain", "suckerpunch", "dragonpulse"], "ability": "Sticky Hold", "evs": {"hp": 85, "atk": 85, "def": 85, "spa": 85, "spd": 85, "spe": 85}, "ivs": {"hp": 31, "atk": 31, "def": 31, "spa": 31, "spd": 31, "spe": 31}, "item": "Eviolite", "teraType": "Steel", "role": "Bulky Attacker", "bvs": {"hp": 80, "atk": 80, "def": 110, "spa": 95, "spd": 80, "spe": 40}, "stats": {"hp": 284, "atk": 191, "def": 244, "spa": 217, "spd": 191, "spe": 121}, "types": ["Grass", "Dragon"]}, "Excadrill": {"name": "Excadrill", "species": "Excadrill", "speciesId": "excadrill", "gender": "M", "shiny": false, "level": 79, "moves": ["earthquake", "rapidspin", "rockslide", "ironhead"], "ability": "Mold Breaker", "evs": {"hp": 85, "atk": 85, "def": 85, "spa": 85, "spd": 85, "spe": 85}, "ivs": {"hp": 31, "atk": 31, "def": 31, "spa": 31, "spd": 31, "spe": 31}, "item": "Assault Vest", "teraType": "Grass", "role": "AV Pivot", "bvs": {"hp": 110, "atk": 135, "def": 60, "spa": 50, "spd": 65, "spe": 88}, "stats": {"hp": 303, "atk": 259, "def": 140, "spa": 125, "spd": 148, "spe": 185}, "types": ["Ground", "Steel"]}}]}