{"id": "gen9randombattle-2641401362", "format": "[Gen 9] Random Battle", "players": ["Chipguin", "GEKICHUMAI"], "log": "|j|\u2606Chipguin\n|j|\u2606GEKICHUMAI\n|t:|1782779248\n|gametype|singles\n|player|p1|Chipguin|1|1808\n|player|p2|GEKICHUMAI|liza|1900\n|gen|9\n|tier|[Gen 9] Random Battle\n|rated|\n|rule|Species Clause: Limit one of each Pok\u00e9mon\n|rule|HP Percentage Mod: HP is shown in percentages\n|rule|Sleep Clause Mod: Limit one foe put to sleep\n|rule|Illusion Level Mod: Illusion disguises the Pok\u00e9mon's true level\n|\n|t:|1782779248\n|teamsize|p1|6\n|teamsize|p2|6\n|start\n|switch|p1a: Rabsca|Rabsca, L91, F|284/284\n|switch|p2a: Wugtrio|Wugtrio, L91, M|212/212\n|turn|1\n|inactive|Battle timer is ON: inactive players will automatically lose when time's up. (requested by GEKICHUMAI)\n|\n|t:|1782779274\n|move|p2a: Wugtrio|Throat Chop|p1a: Rabsca\n|-supereffective|p1a: Rabsca\n|-damage|p1a: Rabsca|84/284\n|-start|p1a: Rabsca|Throat Chop|[silent]\n|cant|p1a: Rabsca|move: Throat Chop\n|\n|upkeep\n|turn|2\n|\n|t:|1782779285\n|switch|p1a: Magcargo|Magcargo, L95, M|268/268\n|move|p2a: Wugtrio|Throat Chop|p1a: Magcargo\n|-damage|p1a: Magcargo|202/268\n|-start|p1a: Magcargo|Throat Chop|[silent]\n|\n|upkeep\n|turn|3\n|\n|t:|1782779293\n|switch|p2a: Clodsire|Clodsire, L81, M|343/343\n|move|p1a: Magcargo|Yawn|p2a: Clodsire\n|-start|p2a: Clodsire|move: Yawn|[of] p1a: Magcargo\n|\n|-end|p1a: Magcargo|Throat Chop|[silent]\n|upkeep\n|turn|4\n|\n|t:|1782779318\n|switch|p1a: Rabsca|Rabsca, L91, F|84/284\n|move|p2a: Clodsire|Toxic|p1a: Rabsca\n|-status|p1a: Rabsca|tox\n|-activate|p1a: Rabsca|ability: Synchronize\n|-immune|p2a: Clodsire\n|\n|-damage|p1a: Rabsca|67/284 tox|[from] psn\n|-end|p2a: Clodsire|move: Yawn|[silent]\n|-status|p2a: Clodsire|slp\n|upkeep\n|turn|5\n|\n|t:|1782779325\n|move|p1a: Rabsca|Psychic|p2a: Clodsire\n|-supereffective|p2a: Clodsire\n|-damage|p2a: Clodsire|95/343 slp\n|cant|p2a: Clodsire|slp\n|\n|-heal|p2a: Clodsire|116/343 slp|[from] item: Leftovers\n|-damage|p1a: Rabsca|33/284 tox|[from] psn\n|upkeep\n|turn|6\n|\n|t:|1782779333\n|switch|p2a: Meowstic|Meowstic, L89, M|277/277\n|move|p1a: Rabsca|Psychic|p2a: Meowstic\n|-resisted|p2a: Meowstic\n|-damage|p2a: Meowstic|218/277\n|\n|-damage|p1a: Rabsca|0 fnt|[from] psn\n|faint|p1a: Rabsca\n|upkeep\n|\n|t:|1782779342\n|switch|p1a: Spiritomb|Spiritomb, L89, F|234/234\n|turn|7\n|\n|t:|1782779349\n|switch|p2a: Clodsire|Clodsire, L81, M|116/343 slp\n|move|p1a: Spiritomb|Poltergeist|p2a: Clodsire\n|-activate|p2a: Clodsire|move: Poltergeist|Leftovers\n|-damage|p2a: Clodsire|0 fnt\n|faint|p2a: Clodsire\n|\n|upkeep\n|\n|t:|1782779361\n|switch|p2a: Ampharos|Ampharos, L88, M|302/302\n|turn|8\n|\n|t:|1782779367\n|move|p2a: Ampharos|Thunderbolt|p1a: Spiritomb\n|-damage|p1a: Spiritomb|96/234\n|move|p1a: Spiritomb|Poltergeist|p2a: Ampharos\n|-activate|p2a: Ampharos|move: Poltergeist|Choice Specs\n|-damage|p2a: Ampharos|184/302\n|\n|-heal|p1a: Spiritomb|110/234|[from] item: Leftovers\n|upkeep\n|turn|9\n|inactive|Chipguin has 120 seconds left.\n|\n|t:|1782779399\n|move|p1a: Spiritomb|Shadow Sneak|p2a: Ampharos\n|-damage|p2a: Ampharos|136/302\n|move|p2a: Ampharos|Thunderbolt|p1a: Spiritomb\n|-damage|p1a: Spiritomb|0 fnt\n|faint|p1a: Spiritomb\n|\n|upkeep\n|\n|t:|1782779401\n|switch|p1a: Magcargo|Magcargo, L95, M|202/268\n|turn|10\n|\n|t:|1782779411\n|-terastallize|p1a: Magcargo|Grass\n|move|p2a: Ampharos|Thunderbolt|p1a: Magcargo\n|-resisted|p1a: Magcargo\n|-crit|p1a: Magcargo\n|-damage|p1a: Magcargo|70/268\n|-status|p1a: Magcargo|par\n|cant|p1a: Magcargo|par\n|\n|upkeep\n|turn|11\n|\n|t:|1782779418\n|move|p2a: Ampharos|Thunderbolt|p1a: Magcargo\n|-resisted|p1a: Magcargo\n|-damage|p1a: Magcargo|0 fnt\n|faint|p1a: Magcargo\n|\n|upkeep\n|\n|t:|1782779421\n|switch|p1a: Mew|Mew, L82|298/298\n|turn|12\n|-message|Chipguin forfeited.\n|\n|win|GEKICHUMAI\n|raw|Chipguin's rating: 1808 &rarr; <strong>1793</strong><br />(-15 for losing)\n|raw|GEKICHUMAI's rating: 1900 &rarr; <strong>1915</strong><br />(+15 for winning)\n", "inputlog": ">version f8ac14003a5f27e1bdc8d8c59608a773c1cb96e5\n>start {\"formatid\":\"gen9randombattle\",\"seed\":\"sodium,b7fa1dc0f0db58d544d2aa7e4cb81aa1\",\"rated\":\"Rated battle\"}\n>player p1 {\"name\":\"Chipguin\",\"avatar\":\"1\",\"rating\":1808,\"seed\":\"sodium,48e24107c88d0020b615c658c85bcfa8\"}\n>player p2 {\"name\":\"GEKICHUMAI\",\"avatar\":\"liza\",\"rating\":1900,\"seed\":\"sodium,b163fb0eab6e3440752d0bff28d66501\"}\n>p1 move bugbuzz\n>p2 move throatchop\n>p1 switch 6\n>p2 move throatchop\n>p1 move yawn\n>p2 switch 4\n>p1 switch 6\n>p2 move toxic\n>p1 move psychic\n>p2 move recover\n>p1 move psychic\n>p2 switch 5\n>p1 switch 2\n>p1 move poltergeist\n>p2 switch 5\n>p2 switch 6\n>p1 move poltergeist\n>p2 move thunderbolt\n>p1 move shadowsneak\n>p2 move thunderbolt\n>p1 switch 6\n>p1 move recover terastallize\n>p2 move thunderbolt\n>p1 move recover\n>p2 move thunderbolt\n>p1 switch 4\n>forcelose p1", "uploadtime": 1782779424, "views": 5, "formatid": "gen9randombattle", "rating": 1793, "private": 0, "password": null, "player_dets": [{"name": "Chipguin", "avatar": "1", "rating": 1808, "seed": "sodium,48e24107c88d0020b615c658c85bcfa8"}, {"name": "GEKICHUMAI", "avatar": "liza", "rating": 1900, "seed": "sodium,b163fb0eab6e3440752d0bff28d66501"}], "teams_full": [{"Rabsca": {"name": "Rabsca", "species": "Rabsca", "speciesId": "rabsca", "gender": "F", "shiny": false, "level": 91, "moves": ["bugbuzz", "earthpower", "psychic", "revivalblessing"], "ability": "Synchronize", "evs": {"hp": 85, "atk": 0, "def": 85, "spa": 85, "spd": 85, "spe": 85}, "ivs": {"hp": 31, "atk": 0, "def": 31, "spa": 31, "spd": 31, "spe": 31}, "item": "Heavy-Duty Boots", "teraType": "Steel", "role": "Wallbreaker", "bvs": {"hp": 75, "atk": 50, "def": 85, "spa": 115, "spd": 100, "spe": 45}, "stats": {"hp": 284, "atk": 96, "def": 207, "spa": 261, "spd": 234, "spe": 134}, "types": ["Bug", "Psychic"]}, "Spiritomb": {"name": "Spiritomb", "species": "Spiritomb", "speciesId": "spiritomb", "gender": "F", "shiny": false, "level": 89, "moves": ["poltergeist", "foulplay", "shadowsneak", "willowisp"], "ability": "Infiltrator", "evs": {"hp": 85, "atk": 85, "def": 85, "spa": 85, "spd": 85, "spe": 85}, "ivs": {"hp": 31, "atk": 31, "def": 31, "spa": 31, "spd": 31, "spe": 31}, "item": "Leftovers", "teraType": "Ghost", "role": "Bulky Support", "bvs": {"hp": 50, "atk": 92, "def": 108, "spa": 92, "spd": 108, "spe": 35}, "stats": {"hp": 234, "atk": 215, "def": 243, "spa": 215, "spd": 243, "spe": 113}, "types": ["Ghost", "Dark"]}, "Barraskewda": {"name": "Barraskewda", "species": "Barraskewda", "speciesId": "barraskewda", "gender": "F", "shiny": false, "level": 81, "moves": ["closecombat", "poisonjab", "flipturn", "waterfall"], "ability": "Swift Swim", "evs": {"hp": 85, "atk": 85, "def": 85, "spa": 85, "spd": 85, "spe": 85}, "ivs": {"hp": 31, "atk": 31, "def": 31, "spa": 31, "spd": 31, "spe": 31}, "item": "Choice Band", "teraType": "Fighting", "role": "Wallbreaker", "bvs": {"hp": 61, "atk": 123, "def": 60, "spa": 60, "spd": 50, "spe": 136}, "stats": {"hp": 231, "atk": 246, "def": 144, "spa": 144, "spd": 128, "spe": 267}, "types": ["Water"]}, "Mew": {"name": "Mew", "species": "Mew", "speciesId": "mew", "gender": "N", "shiny": false, "level": 82, "moves": ["encore", "psychicnoise", "knockoff", "stealthrock"], "ability": "Synchronize", "evs": {"hp": 85, "atk": 85, "def": 85, "spa": 85, "spd": 85, "spe": 85}, "ivs": {"hp": 31, "atk": 31, "def": 31, "spa": 31, "spd": 31, "spe": 31}, "item": "Leftovers", "teraType": "Fairy", "role": "Bulky Support", "bvs": {"hp": 100, "atk": 100, "def": 100, "spa": 100, "spd": 100, "spe": 100}, "stats": {"hp": 298, "atk": 211, "def": 211, "spa": 211, "spd": 211, "spe": 211}, "types": ["Psychic"]}, "Spectrier": {"name": "Spectrier", "species": "Spectrier", "speciesId": "spectrier", "gender": "N", "shiny": false, "level": 75, "moves": ["nastyplot", "drainingkiss", "shadowball", "darkpulse"], "ability": "Grim Neigh", "evs": {"hp": 85, "atk": 0, "def": 85, "spa": 85, "spd": 85, "spe": 85}, "ivs": {"hp": 31, "atk": 0, "def": 31, "spa": 31, "spd": 31, "spe": 31}, "item": "Life Orb", "teraType": "Dark", "role": "Setup Sweeper", "bvs": {"hp": 100, "atk": 65, "def": 60, "spa": 145, "spd": 80, "spe": 130}, "stats": {"hp": 274, "atk": 102, "def": 134, "spa": 261, "spd": 164, "spe": 239}, "types": ["Ghost"]}, "Magcargo": {"name": "Magcargo", "species": "Magcargo", "speciesId": "magcargo", "gender": "M", "shiny": false, "level": 95, "moves": ["powergem", "lavaplume", "yawn", "recover"], "ability": "Flame Body", "evs": {"hp": 85, "atk": 0, "def": 85, "spa": 85, "spd": 85, "spe": 85}, "ivs": {"hp": 31, "atk": 0, "def": 31, "spa": 31, "spd": 31, "spe": 31}, "item": "Heavy-Duty Boots", "teraType": "Grass", "role": "Bulky Support", "bvs": {"hp": 60, "atk": 50, "def": 120, "spa": 90, "spd": 80, "spe": 30}, "stats": {"hp": 268, "atk": 100, "def": 282, "spa": 225, "spd": 206, "spe": 111}, "types": ["Fire", "Rock"]}}, {"Wugtrio": {"name": "Wugtrio", "species": "Wugtrio", "speciesId": "wugtrio", "gender": "M", "shiny": false, "level": 91, "moves": ["liquidation", "throatchop", "aquajet", "stompingtantrum"], "ability": "Gooey", "evs": {"hp": 85, "atk": 85, "def": 85, "spa": 85, "spd": 85, "spe": 85}, "ivs": {"hp": 31, "atk": 31, "def": 31, "spa": 31, "spd": 31, "spe": 31}, "item": "Choice Band", "teraType": "Ground", "role": "Fast Attacker", "bvs": {"hp": 35, "atk": 100, "def": 50, "spa": 50, "spd": 70, "spe": 120}, "stats": {"hp": 212, "atk": 234, "def": 143, "spa": 143, "spd": 179, "spe": 270}, "types": ["Water"]}, "Sandy Shocks": {"name": "Sandy Shocks", "species": "Sandy Shocks", "speciesId": "sandyshocks", "gender": "N", "shiny": false, "level": 80, "moves": ["thunderwave", "earthpower", "voltswitch", "thunderbolt"], "ability": "Protosynthesis", "evs": {"hp": 85, "atk": 0, "def": 85, "spa": 85, "spd": 85, "spe": 85}, "ivs": {"hp": 31, "atk": 0, "def": 31, "spa": 31, "spd": 31, "spe": 31}, "item": "Heavy-Duty Boots", "teraType": "Ground", "role": "Fast Support", "bvs": {"hp": 85, "atk": 81, "def": 97, "spa": 121, "spd": 85, "spe": 101}, "stats": {"hp": 267, "atk": 134, "def": 201, "spa": 240, "spd": 182, "spe": 208}, "types": ["Electric", "Ground"]}, "Houndstone": {"name": "Houndstone", "species": "Houndstone", "speciesId": "houndstone", "gender": "M", "shiny": false, "level": 86, "moves": ["sleeptalk", "bodypress", "rest", "poltergeist"], "ability": "Fluffy", "evs": {"hp": 85, "atk": 85, "def": 85, "spa": 85, "spd": 85, "spe": 85}, "ivs": {"hp": 31, "atk": 31, "def": 31, "spa": 31, "spd": 31, "spe": 31}, "item": "Leftovers", "teraType": "Fighting", "role": "Bulky Support", "bvs": {"hp": 72, "atk": 101, "def": 100, "spa": 50, "spd": 97, "spe": 68}, "stats": {"hp": 264, "atk": 223, "def": 221, "spa": 135, "spd": 216, "spe": 166}, "types": ["Ghost"]}, "Clodsire": {"name": "Clodsire", "species": "Clodsire", "speciesId": "clodsire", "gender": "M", "shiny": false, "level": 81, "moves": ["earthquake", "toxic", "poisonjab", "recover"], "ability": "Unaware", "evs": {"hp": 85, "atk": 85, "def": 85, "spa": 85, "spd": 85, "spe": 85}, "ivs": {"hp": 31, "atk": 31, "def": 31, "spa": 31, "spd": 31, "spe": 31}, "item": "Leftovers", "teraType": "Steel", "role": "Bulky Support", "bvs": {"hp": 130, "atk": 75, "def": 60, "spa": 45, "spd": 100, "spe": 20}, "stats": {"hp": 343, "atk": 168, "def": 144, "spa": 120, "spd": 209, "spe": 79}, "types": ["Poison", "Ground"]}, "Meowstic": {"name": "Meowstic", "species": "Meowstic", "speciesId": "meowstic", "gender": "M", "shiny": false, "level": 89, "moves": ["reflect", "psychicnoise", "lightscreen", "yawn"], "ability": "Prankster", "evs": {"hp": 85, "atk": 0, "def": 85, "spa": 85, "spd": 85, "spe": 85}, "ivs": {"hp": 31, "atk": 0, "def": 31, "spa": 31, "spd": 31, "spe": 31}, "item": "Light Clay", "teraType": "Fairy", "role": "Bulky Support", "bvs": {"hp": 74, "atk": 48, "def": 76, "spa": 83, "spd": 81, "spe": 104}, "stats": {"hp": 277, "atk": 90, "def": 186, "spa": 199, "spd": 195, "spe": 236}, "types": ["Psychic"]}, "Ampharos": {"name": "Ampharos", "species": "Ampharos", "speciesId": "ampharos", "gender": "M", "shiny": false, "level": 88, "moves": ["voltswitch", "thunderbolt", "dazzlinggleam", "focusblast"], "ability": "Static", "evs": {"hp": 85, "atk": 0, "def": 85, "spa": 85, "spd": 85, "spe": 85}, "ivs": {"hp": 31, "atk": 0, "def": 31, "spa": 31, "spd": 31, "spe": 31}, "item": "Choice Specs", "teraType": "Electric", "role": "Wallbreaker", "bvs": {"hp": 90, "atk": 75, "def": 85, "spa": 115, "spd": 90, "spe": 55}, "stats": {"hp": 302, "atk": 137, "def": 200, "spa": 253, "spd": 209, "spe": 147}, "types": ["Electric"]}}]}