{"id": "gen9randombattle-2641506126", "format": "[Gen 9] Random Battle", "players": ["InfernoEmbers27", "testbotcif"], "log": "|j|\u2606InfernoEmbers27\n|j|\u2606testbotcif\n|t:|1782796549\n|gametype|singles\n|player|p1|InfernoEmbers27|depotagent|1366\n|player|p2|testbotcif|266|1317\n|gen|9\n|tier|[Gen 9] Random Battle\n|rated|\n|rule|Species Clause: Limit one of each Pok\u00e9mon\n|rule|HP Percentage Mod: HP is shown in percentages\n|rule|Sleep Clause Mod: Limit one foe put to sleep\n|rule|Illusion Level Mod: Illusion disguises the Pok\u00e9mon's true level\n|\n|t:|1782796549\n|teamsize|p1|6\n|teamsize|p2|6\n|start\n|switch|p1a: Glaceon|Glaceon, L94, F|275/275\n|switch|p2a: Minior|Minior-Violet, L79|224/224\n|-formechange|p2a: Minior|Minior-Meteor||[from] ability: Shields Down\n|turn|1\n|c|\u2606testbotcif|rlhf\n|inactive|Battle timer is ON: inactive players will automatically lose when time's up. (requested by testbotcif)\n|\n|t:|1782796569\n|switch|p1a: Ogerpon|Ogerpon-Cornerstone, L76, F|247/247\n|-terastallize|p2a: Minior|Water\n|move|p2a: Minior|Shell Smash|p2a: Minior\n|-unboost|p2a: Minior|def|1\n|-unboost|p2a: Minior|spd|1\n|-boost|p2a: Minior|atk|2\n|-boost|p2a: Minior|spa|2\n|-boost|p2a: Minior|spe|2\n|-enditem|p2a: Minior|White Herb\n|-clearnegativeboost|p2a: Minior|[silent]\n|\n|upkeep\n|turn|2\n|\n|t:|1782796576\n|move|p2a: Minior|Acrobatics|p1a: Ogerpon\n|-damage|p1a: Ogerpon|72/247\n|move|p1a: Ogerpon|Power Whip|p2a: Minior\n|-supereffective|p2a: Minior\n|-damage|p2a: Minior|0 fnt\n|faint|p2a: Minior\n|\n|upkeep\n|\n|t:|1782796576\n|switch|p2a: Fezandipiti|Fezandipiti, L82, M|278/278\n|turn|3\n|\n|t:|1782796592\n|switch|p1a: Entei|Entei, L78|307/307\n|move|p2a: Fezandipiti|Swords Dance|p2a: Fezandipiti\n|-boost|p2a: Fezandipiti|atk|2\n|\n|upkeep\n|turn|4\n|\n|t:|1782796598\n|move|p2a: Fezandipiti|Gunk Shot|p1a: Entei\n|-damage|p1a: Entei|66/307\n|-status|p1a: Entei|psn\n|move|p1a: Entei|Sacred Fire|p2a: Fezandipiti\n|-damage|p2a: Fezandipiti|113/278\n|\n|-heal|p2a: Fezandipiti|130/278|[from] item: Leftovers\n|-damage|p1a: Entei|28/307 psn|[from] psn\n|upkeep\n|turn|5\n|\n|t:|1782796617\n|switch|p1a: Ogerpon|Ogerpon-Cornerstone, L76, F|72/247\n|move|p2a: Fezandipiti|Gunk Shot|p1a: Ogerpon\n|-damage|p1a: Ogerpon|0 fnt\n|faint|p1a: Ogerpon\n|\n|-heal|p2a: Fezandipiti|147/278|[from] item: Leftovers\n|upkeep\n|\n|t:|1782796626\n|switch|p1a: Pikachu|Pikachu-Hoenn, L93, F|216/216\n|turn|6\n|\n|t:|1782796631\n|move|p1a: Pikachu|Volt Tackle|p2a: Fezandipiti\n|-damage|p2a: Fezandipiti|0 fnt\n|faint|p2a: Fezandipiti\n|-damage|p1a: Pikachu|167/216|[from] Recoil\n|\n|upkeep\n|\n|t:|1782796631\n|switch|p2a: Venusaur|Venusaur, L84, F|272/272\n|turn|7\n|\n|t:|1782796636\n|move|p1a: Pikachu|Volt Switch|p2a: Venusaur\n|-resisted|p2a: Venusaur\n|-crit|p2a: Venusaur\n|-damage|p2a: Venusaur|188/272\n|\n|t:|1782796639\n|switch|p1a: Mesprit|Mesprit, L85|275/275|[from] Volt Switch\n|move|p2a: Venusaur|Sludge Bomb|p1a: Mesprit\n|-damage|p1a: Mesprit|190/275\n|\n|-heal|p2a: Venusaur|205/272|[from] item: Leftovers\n|upkeep\n|turn|8\n|\n|t:|1782796651\n|switch|p2a: Tyranitar|Tyranitar, L78, F|284/284\n|-weather|Sandstorm|[from] ability: Sand Stream|[of] p2a: Tyranitar\n|move|p1a: Mesprit|Psychic|p2a: Tyranitar\n|-immune|p2a: Tyranitar\n|\n|-weather|Sandstorm|[upkeep]\n|-damage|p1a: Mesprit|173/275|[from] Sandstorm\n|upkeep\n|turn|9\n|\n|t:|1782796661\n|switch|p1a: Hydrapple|Hydrapple, L83, F|312/312\n|move|p2a: Tyranitar|Knock Off|p1a: Hydrapple\n|-damage|p1a: Hydrapple|207/312\n|-enditem|p1a: Hydrapple|Assault Vest|[from] move: Knock Off|[of] p2a: Tyranitar\n|\n|-weather|Sandstorm|[upkeep]\n|-damage|p1a: Hydrapple|188/312|[from] Sandstorm\n|upkeep\n|turn|10\n|\n|t:|1782796667\n|move|p2a: Tyranitar|Ice Beam|p1a: Hydrapple\n|-supereffective|p1a: Hydrapple\n|-damage|p1a: Hydrapple|0 fnt\n|faint|p1a: Hydrapple\n|\n|-weather|Sandstorm|[upkeep]\n|upkeep\n|\n|t:|1782796671\n|switch|p1a: Entei|Entei, L78|28/307 psn\n|turn|11\n|\n|t:|1782796677\n|move|p1a: Entei|Sacred Fire|p2a: Tyranitar\n|-resisted|p2a: Tyranitar\n|-damage|p2a: Tyranitar|218/284\n|-status|p2a: Tyranitar|brn\n|move|p2a: Tyranitar|Knock Off|p1a: Entei\n|-damage|p1a: Entei|0 fnt\n|-enditem|p1a: Entei|Choice Band|[from] move: Knock Off|[of] p2a: Tyranitar\n|faint|p1a: Entei\n|\n|-weather|Sandstorm|[upkeep]\n|-damage|p2a: Tyranitar|201/284 brn|[from] brn\n|upkeep\n|\n|t:|1782796685\n|switch|p1a: Mesprit|Mesprit, L85|173/275\n|turn|12\n|\n|t:|1782796688\n|move|p1a: Mesprit|Nasty Plot|p1a: Mesprit\n|-boost|p1a: Mesprit|spa|2\n|move|p2a: Tyranitar|Knock Off|p1a: Mesprit\n|-supereffective|p1a: Mesprit\n|-damage|p1a: Mesprit|79/275\n|-enditem|p1a: Mesprit|Life Orb|[from] move: Knock Off|[of] p2a: Tyranitar\n|\n|-weather|none\n|-damage|p2a: Tyranitar|184/284 brn|[from] brn\n|upkeep\n|turn|13\n|\n|t:|1782796694\n|move|p1a: Mesprit|Dazzling Gleam|p2a: Tyranitar\n|-supereffective|p2a: Tyranitar\n|-damage|p2a: Tyranitar|8/284 brn\n|move|p2a: Tyranitar|Knock Off|p1a: Mesprit\n|-supereffective|p1a: Mesprit\n|-damage|p1a: Mesprit|13/275\n|\n|-damage|p2a: Tyranitar|0 fnt|[from] brn\n|faint|p2a: Tyranitar\n|upkeep\n|\n|t:|1782796694\n|switch|p2a: Darkrai|Darkrai, L77|234/234\n|turn|14\n|\n|t:|1782796708\n|move|p2a: Darkrai|Dark Pulse|p1a: Mesprit\n|-supereffective|p1a: Mesprit\n|-damage|p1a: Mesprit|0 fnt\n|faint|p1a: Mesprit\n|-damage|p2a: Darkrai|211/234|[from] item: Life Orb\n|\n|upkeep\n|\n|t:|1782796716\n|switch|p1a: Pikachu|Pikachu-Hoenn, L93, F|167/216\n|turn|15\n|\n|t:|1782796722\n|move|p2a: Darkrai|Dark Pulse|p1a: Pikachu\n|-damage|p1a: Pikachu|0 fnt\n|faint|p1a: Pikachu\n|-damage|p2a: Darkrai|188/234|[from] item: Life Orb\n|\n|upkeep\n|\n|t:|1782796728\n|switch|p1a: Glaceon|Glaceon, L94, F|275/275\n|turn|16\n|\n|t:|1782796731\n|move|p2a: Darkrai|Dark Pulse|p1a: Glaceon\n|-damage|p1a: Glaceon|176/275\n|-damage|p2a: Darkrai|165/234|[from] item: Life Orb\n|cant|p1a: Glaceon|flinch\n|\n|upkeep\n|turn|17\n|\n|t:|1782796739\n|move|p2a: Darkrai|Dark Pulse|p1a: Glaceon\n|-damage|p1a: Glaceon|66/275\n|-damage|p2a: Darkrai|142/234|[from] item: Life Orb\n|move|p1a: Glaceon|Wish|p1a: Glaceon\n|\n|upkeep\n|turn|18\n|\n|t:|1782796743\n|move|p1a: Glaceon|Protect|p1a: Glaceon\n|-singleturn|p1a: Glaceon|Protect\n|move|p2a: Darkrai|Dark Pulse|p1a: Glaceon\n|-activate|p1a: Glaceon|move: Protect\n|\n|-heal|p1a: Glaceon|203/275|[from] move: Wish|[wisher] Glaceon\n|upkeep\n|turn|19\n|\n|t:|1782796747\n|move|p2a: Darkrai|Dark Pulse|p1a: Glaceon\n|-damage|p1a: Glaceon|96/275\n|-damage|p2a: Darkrai|119/234|[from] item: Life Orb\n|move|p1a: Glaceon|Calm Mind|p1a: Glaceon\n|-boost|p1a: Glaceon|spa|1\n|-boost|p1a: Glaceon|spd|1\n|\n|upkeep\n|turn|20\n|\n|t:|1782796750\n|move|p2a: Darkrai|Dark Pulse|p1a: Glaceon\n|-damage|p1a: Glaceon|28/275\n|-damage|p2a: Darkrai|96/234|[from] item: Life Orb\n|move|p1a: Glaceon|Wish|p1a: Glaceon\n|\n|upkeep\n|turn|21\n|\n|t:|1782796757\n|move|p1a: Glaceon|Protect|p1a: Glaceon\n|-singleturn|p1a: Glaceon|Protect\n|move|p2a: Darkrai|Dark Pulse|p1a: Glaceon\n|-activate|p1a: Glaceon|move: Protect\n|\n|-heal|p1a: Glaceon|165/275|[from] move: Wish|[wisher] Glaceon\n|upkeep\n|turn|22\n|\n|t:|1782796762\n|move|p2a: Darkrai|Dark Pulse|p1a: Glaceon\n|-damage|p1a: Glaceon|95/275\n|-damage|p2a: Darkrai|73/234|[from] item: Life Orb\n|move|p1a: Glaceon|Calm Mind|p1a: Glaceon\n|-boost|p1a: Glaceon|spa|1\n|-boost|p1a: Glaceon|spd|1\n|\n|upkeep\n|turn|23\n|\n|t:|1782796767\n|move|p2a: Darkrai|Dark Pulse|p1a: Glaceon\n|-damage|p1a: Glaceon|40/275\n|-damage|p2a: Darkrai|50/234|[from] item: Life Orb\n|move|p1a: Glaceon|Wish|p1a: Glaceon\n|\n|upkeep\n|turn|24\n|\n|t:|1782796773\n|move|p1a: Glaceon|Protect|p1a: Glaceon\n|-singleturn|p1a: Glaceon|Protect\n|move|p2a: Darkrai|Dark Pulse|p1a: Glaceon\n|-activate|p1a: Glaceon|move: Protect\n|\n|-heal|p1a: Glaceon|177/275|[from] move: Wish|[wisher] Glaceon\n|upkeep\n|turn|25\n|\n|t:|1782796775\n|move|p2a: Darkrai|Dark Pulse|p1a: Glaceon\n|-damage|p1a: Glaceon|126/275\n|-damage|p2a: Darkrai|27/234|[from] item: Life Orb\n|move|p1a: Glaceon|Wish|p1a: Glaceon\n|\n|upkeep\n|turn|26\n|\n|t:|1782796779\n|move|p1a: Glaceon|Protect|p1a: Glaceon\n|-singleturn|p1a: Glaceon|Protect\n|move|p2a: Darkrai|Dark Pulse|p1a: Glaceon\n|-activate|p1a: Glaceon|move: Protect\n|\n|-heal|p1a: Glaceon|263/275|[from] move: Wish|[wisher] Glaceon\n|upkeep\n|turn|27\n|\n|t:|1782796787\n|move|p2a: Darkrai|Dark Pulse|p1a: Glaceon\n|-damage|p1a: Glaceon|207/275\n|-damage|p2a: Darkrai|4/234|[from] item: Life Orb\n|move|p1a: Glaceon|Wish|p1a: Glaceon\n|\n|upkeep\n|turn|28\n|\n|t:|1782796792\n|move|p2a: Darkrai|Dark Pulse|p1a: Glaceon\n|-damage|p1a: Glaceon|155/275\n|-damage|p2a: Darkrai|0 fnt|[from] item: Life Orb\n|faint|p2a: Darkrai\n|move|p1a: Glaceon|Calm Mind|p1a: Glaceon\n|-boost|p1a: Glaceon|spa|1\n|-boost|p1a: Glaceon|spd|1\n|\n|-heal|p1a: Glaceon|275/275|[from] move: Wish|[wisher] Glaceon\n|upkeep\n|\n|t:|1782796792\n|switch|p2a: Cresselia|Cresselia, L80, F|323/323\n|turn|29\n|\n|t:|1782796799\n|move|p2a: Cresselia|Calm Mind|p2a: Cresselia\n|-boost|p2a: Cresselia|spa|1\n|-boost|p2a: Cresselia|spd|1\n|move|p1a: Glaceon|Freeze-Dry|p2a: Cresselia\n|-damage|p2a: Cresselia|154/323\n|\n|-heal|p2a: Cresselia|174/323|[from] item: Leftovers\n|upkeep\n|turn|30\n|\n|t:|1782796808\n|move|p2a: Cresselia|Moonlight|p2a: Cresselia\n|-heal|p2a: Cresselia|323/323\n|move|p1a: Glaceon|Freeze-Dry|p2a: Cresselia\n|-damage|p2a: Cresselia|166/323\n|\n|-heal|p2a: Cresselia|186/323|[from] item: Leftovers\n|upkeep\n|turn|31\n|\n|t:|1782796811\n|move|p2a: Cresselia|Psyshock|p1a: Glaceon\n|-crit|p1a: Glaceon\n|-damage|p1a: Glaceon|169/275\n|move|p1a: Glaceon|Calm Mind|p1a: Glaceon\n|-boost|p1a: Glaceon|spa|1\n|-boost|p1a: Glaceon|spd|1\n|\n|-heal|p2a: Cresselia|206/323|[from] item: Leftovers\n|upkeep\n|turn|32\n|\n|t:|1782796816\n|move|p2a: Cresselia|Psyshock|p1a: Glaceon\n|-damage|p1a: Glaceon|100/275\n|move|p1a: Glaceon|Freeze-Dry|p2a: Cresselia\n|-damage|p2a: Cresselia|14/323\n|\n|-heal|p2a: Cresselia|34/323|[from] item: Leftovers\n|upkeep\n|turn|33\n|\n|t:|1782796822\n|move|p2a: Cresselia|Moonlight|p2a: Cresselia\n|-heal|p2a: Cresselia|195/323\n|move|p1a: Glaceon|Wish|p1a: Glaceon\n|\n|-heal|p2a: Cresselia|215/323|[from] item: Leftovers\n|upkeep\n|turn|34\n|\n|t:|1782796827\n|move|p2a: Cresselia|Psyshock|p1a: Glaceon\n|-damage|p1a: Glaceon|31/275\n|move|p1a: Glaceon|Freeze-Dry|p2a: Cresselia\n|-damage|p2a: Cresselia|13/323\n|-status|p2a: Cresselia|frz\n|\n|-heal|p1a: Glaceon|168/275|[from] move: Wish|[wisher] Glaceon\n|-heal|p2a: Cresselia|33/323 frz|[from] item: Leftovers\n|upkeep\n|turn|35\n|\n|t:|1782796835\n|cant|p2a: Cresselia|frz\n|move|p1a: Glaceon|Wish|p1a: Glaceon\n|\n|-heal|p2a: Cresselia|53/323 frz|[from] item: Leftovers\n|upkeep\n|turn|36\n|\n|t:|1782796839\n|cant|p2a: Cresselia|frz\n|move|p1a: Glaceon|Freeze-Dry|p2a: Cresselia\n|-damage|p2a: Cresselia|0 fnt\n|faint|p2a: Cresselia\n|\n|-heal|p1a: Glaceon|275/275|[from] move: Wish|[wisher] Glaceon\n|upkeep\n|\n|t:|1782796839\n|switch|p2a: Venusaur|Venusaur, L84, F|205/272\n|turn|37\n|\n|t:|1782796844\n|move|p2a: Venusaur|Synthesis|p2a: Venusaur\n|-heal|p2a: Venusaur|272/272\n|move|p1a: Glaceon|Freeze-Dry|p2a: Venusaur\n|-supereffective|p2a: Venusaur\n|-damage|p2a: Venusaur|0 fnt\n|faint|p2a: Venusaur\n|\n|win|InfernoEmbers27\n|raw|InfernoEmbers27's rating: 1366 &rarr; <strong>1383</strong><br />(+17 for winning)\n|raw|testbotcif's rating: 1317 &rarr; <strong>1300</strong><br />(-17 for losing)\n", "inputlog": ">version f8ac14003a5f27e1bdc8d8c59608a773c1cb96e5\n>start {\"formatid\":\"gen9randombattle\",\"seed\":\"sodium,d6b9c65173f983162fbfc23cff50afd2\",\"rated\":\"Rated battle\"}\n>player p1 {\"name\":\"InfernoEmbers27\",\"avatar\":\"depotagent\",\"rating\":1366,\"seed\":\"sodium,9b13c25dc68adddf94462fe823d734b6\"}\n>player p2 {\"name\":\"testbotcif\",\"avatar\":\"266\",\"rating\":1317,\"seed\":\"sodium,b22913db053d719c5a91b99426669380\"}\n>chat \u2606testbotcif|rlhf\n>p1 switch 4\n>p2 move shellsmash terastallize\n>p1 move powerwhip\n>p2 move acrobatics\n>p2 switch 6\n>p1 switch 5\n>p2 move swordsdance\n>p1 move sacredfire\n>p2 move gunkshot\n>p1 switch 5\n>p2 move gunkshot\n>p1 switch 2\n>p1 move volttackle\n>p2 move gunkshot\n>p2 switch 3\n>p1 move voltswitch\n>p2 move sludgebomb\n>p1 switch 3\n>p1 move psychic\n>p2 switch 5\n>p1 switch 6\n>p2 move knockoff\n>p1 move gigadrain\n>p2 move icebeam\n>p1 switch 5\n>p1 move sacredfire\n>p2 move knockoff\n>p1 switch 6\n>p1 move nastyplot\n>p2 move knockoff\n>p1 move dazzlinggleam\n>p2 move knockoff\n>p2 switch 4\n>p1 move dazzlinggleam\n>p2 move darkpulse\n>p1 switch 3\n>p1 move voltswitch\n>p2 move darkpulse\n>p1 switch 4\n>p1 move calmmind\n>p2 move darkpulse\n>p1 move wish\n>p2 move darkpulse\n>p1 move protect\n>p2 move darkpulse\n>p1 move calmmind\n>p2 move darkpulse\n>p1 move wish\n>p2 move darkpulse\n>p1 move protect\n>p2 move darkpulse\n>p1 move calmmind\n>p2 move darkpulse\n>p1 move wish\n>p2 move darkpulse\n>p1 move protect\n>p2 move darkpulse\n>p1 move wish\n>p2 move darkpulse\n>p1 move protect\n>p2 move darkpulse\n>p1 move wish\n>p2 move darkpulse\n>p1 move calmmind\n>p2 move darkpulse\n>p2 switch 2\n>p1 move freezedry\n>p2 move calmmind\n>p1 move freezedry\n>p2 move moonlight\n>p1 move calmmind\n>p2 move psyshock\n>p1 move freezedry\n>p2 move psyshock\n>p1 move wish\n>p2 move moonlight\n>p1 move freezedry\n>p2 move psyshock\n>p1 move wish\n>p2 move moonlight\n>p1 move freezedry\n>p2 move moonlight\n>p2 switch 5\n>p1 move freezedry\n>p2 move synthesis", "uploadtime": 1782796844, "views": 4, "formatid": "gen9randombattle", "rating": 1300, "private": 0, "password": null, "player_dets": [{"name": "InfernoEmbers27", "avatar": "depotagent", "rating": 1366, "seed": "sodium,9b13c25dc68adddf94462fe823d734b6"}, {"name": "testbotcif", "avatar": "266", "rating": 1317, "seed": "sodium,b22913db053d719c5a91b99426669380"}], "teams_full": [{"Glaceon": {"name": "Glaceon", "species": "Glaceon", "speciesId": "glaceon", "gender": "F", "shiny": false, "level": 94, "moves": ["freezedry", "protect", "wish", "calmmind"], "ability": "Ice Body", "evs": {"hp": 85, "atk": 0, "def": 85, "spa": 85, "spd": 85, "spe": 85}, "ivs": {"hp": 31, "atk": 0, "def": 31, "spa": 31, "spd": 31, "spe": 31}, "item": "Heavy-Duty Boots", "teraType": "Water", "role": "Bulky Setup", "bvs": {"hp": 65, "atk": 60, "def": 110, "spa": 130, "spd": 95, "spe": 65}, "stats": {"hp": 275, "atk": 117, "def": 260, "spa": 298, "spd": 232, "spe": 176}, "types": ["Ice"]}, "Pikachu": {"name": "Pikachu", "species": "Pikachu-Hoenn", "speciesId": "pikachu", "gender": "F", "shiny": false, "level": 93, "moves": ["voltswitch", "volttackle", "knockoff", "surf"], "ability": "Lightning Rod", "evs": {"hp": 85, "atk": 85, "def": 85, "spa": 85, "spd": 85, "spe": 85}, "ivs": {"hp": 31, "atk": 31, "def": 31, "spa": 31, "spd": 31, "spe": 31}, "item": "Light Ball", "teraType": "Water", "role": "Fast Attacker", "bvs": {"hp": 35, "atk": 55, "def": 40, "spa": 50, "spd": 50, "spe": 90}, "stats": {"hp": 216, "atk": 155, "def": 127, "spa": 146, "spd": 146, "spe": 220}, "types": ["Electric"]}, "Mesprit": {"name": "Mesprit", "species": "Mesprit", "speciesId": "mesprit", "gender": "N", "shiny": false, "level": 85, "moves": ["psychic", "shadowball", "dazzlinggleam", "nastyplot"], "ability": "Levitate", "evs": {"hp": 85, "atk": 0, "def": 85, "spa": 85, "spd": 85, "spe": 85}, "ivs": {"hp": 31, "atk": 0, "def": 31, "spa": 31, "spd": 31, "spe": 31}, "item": "Life Orb", "teraType": "Fairy", "role": "Fast Attacker", "bvs": {"hp": 80, "atk": 105, "def": 105, "spa": 105, "spd": 105, "spe": 80}, "stats": {"hp": 275, "atk": 183, "def": 227, "spa": 227, "spd": 227, "spe": 185}, "types": ["Psychic"]}, "Ogerpon": {"name": "Ogerpon", "species": "Ogerpon-Cornerstone", "speciesId": "ogerponcornerstone", "gender": "F", "shiny": false, "level": 76, "moves": ["spikes", "synthesis", "ivycudgel", "powerwhip"], "ability": "Sturdy", "evs": {"hp": 85, "atk": 85, "def": 85, "spa": 85, "spd": 85, "spe": 85}, "ivs": {"hp": 31, "atk": 31, "def": 31, "spa": 31, "spd": 31, "spe": 31}, "item": "Cornerstone Mask", "teraType": "Rock", "role": "Bulky Attacker", "bvs": {"hp": 80, "atk": 120, "def": 84, "spa": 60, "spd": 96, "spe": 110}, "stats": {"hp": 247, "atk": 226, "def": 172, "spa": 135, "spd": 190, "spe": 211}, "types": ["Grass", "Rock"]}, "Entei": {"name": "Entei", "species": "Entei", "speciesId": "entei", "gender": "N", "shiny": false, "level": 78, "moves": ["extremespeed", "stoneedge", "flareblitz", "sacredfire"], "ability": "Inner Focus", "evs": {"hp": 85, "atk": 85, "def": 85, "spa": 85, "spd": 85, "spe": 85}, "ivs": {"hp": 31, "atk": 31, "def": 31, "spa": 31, "spd": 31, "spe": 31}, "item": "Choice Band", "teraType": "Normal", "role": "Fast Attacker", "bvs": {"hp": 115, "atk": 115, "def": 85, "spa": 90, "spd": 75, "spe": 100}, "stats": {"hp": 307, "atk": 224, "def": 178, "spa": 185, "spd": 162, "spe": 201}, "types": ["Fire"]}, "Hydrapple": {"name": "Hydrapple", "species": "Hydrapple", "speciesId": "hydrapple", "gender": "F", "shiny": false, "level": 83, "moves": ["gigadrain", "dragontail", "ficklebeam", "earthpower"], "ability": "Regenerator", "evs": {"hp": 85, "atk": 85, "def": 85, "spa": 85, "spd": 85, "spe": 85}, "ivs": {"hp": 31, "atk": 31, "def": 31, "spa": 31, "spd": 31, "spe": 31}, "item": "Assault Vest", "teraType": "Steel", "role": "AV Pivot", "bvs": {"hp": 106, "atk": 80, "def": 110, "spa": 120, "spd": 80, "spe": 44}, "stats": {"hp": 312, "atk": 180, "def": 230, "spa": 247, "spd": 180, "spe": 121}, "types": ["Grass", "Dragon"]}}, {"Minior": {"name": "Minior", "species": "Minior-Violet", "speciesId": "minior", "gender": "N", "shiny": false, "level": 79, "moves": ["powergem", "earthquake", "acrobatics", "shellsmash"], "ability": "Shields Down", "evs": {"hp": 85, "atk": 85, "def": 85, "spa": 85, "spd": 85, "spe": 85}, "ivs": {"hp": 31, "atk": 31, "def": 31, "spa": 31, "spd": 31, "spe": 31}, "item": "White Herb", "teraType": "Water", "role": "Setup Sweeper", "bvs": {"hp": 60, "atk": 100, "def": 60, "spa": 100, "spd": 60, "spe": 120}, "stats": {"hp": 224, "atk": 204, "def": 140, "spa": 204, "spd": 140, "spe": 235}, "types": ["Rock", "Flying"]}, "Cresselia": {"name": "Cresselia", "species": "Cresselia", "speciesId": "cresselia", "gender": "F", "shiny": false, "level": 80, "moves": ["psyshock", "thunderbolt", "moonlight", "calmmind"], "ability": "Levitate", "evs": {"hp": 85, "atk": 0, "def": 85, "spa": 85, "spd": 85, "spe": 85}, "ivs": {"hp": 31, "atk": 0, "def": 31, "spa": 31, "spd": 31, "spe": 31}, "item": "Leftovers", "teraType": "Electric", "role": "Bulky Setup", "bvs": {"hp": 120, "atk": 70, "def": 110, "spa": 75, "spd": 120, "spe": 85}, "stats": {"hp": 323, "atk": 117, "def": 222, "spa": 166, "spd": 238, "spe": 182}, "types": ["Psychic"]}, "Venusaur": {"name": "Venusaur", "species": "Venusaur", "speciesId": "venusaur", "gender": "F", "shiny": false, "level": 84, "moves": ["sludgebomb", "synthesis", "earthpower", "knockoff"], "ability": "Chlorophyll", "evs": {"hp": 85, "atk": 85, "def": 85, "spa": 85, "spd": 85, "spe": 85}, "ivs": {"hp": 31, "atk": 31, "def": 31, "spa": 31, "spd": 31, "spe": 31}, "item": "Leftovers", "teraType": "Dark", "role": "Bulky Attacker", "bvs": {"hp": 80, "atk": 82, "def": 83, "spa": 100, "spd": 100, "spe": 80}, "stats": {"hp": 272, "atk": 186, "def": 188, "spa": 216, "spd": 216, "spe": 183}, "types": ["Grass", "Poison"]}, "Darkrai": {"name": "Darkrai", "species": "Darkrai", "speciesId": "darkrai", "gender": "N", "shiny": false, "level": 77, "moves": ["darkpulse", "sludgebomb", "hypnosis", "nastyplot"], "ability": "Bad Dreams", "evs": {"hp": 85, "atk": 0, "def": 85, "spa": 85, "spd": 85, "spe": 85}, "ivs": {"hp": 31, "atk": 0, "def": 31, "spa": 31, "spd": 31, "spe": 31}, "item": "Life Orb", "teraType": "Poison", "role": "Setup Sweeper", "bvs": {"hp": 70, "atk": 90, "def": 90, "spa": 135, "spd": 90, "spe": 125}, "stats": {"hp": 234, "atk": 143, "def": 183, "spa": 252, "spd": 183, "spe": 237}, "types": ["Dark"]}, "Tyranitar": {"name": "Tyranitar", "species": "Tyranitar", "speciesId": "tyranitar", "gender": "F", "shiny": false, "level": 78, "moves": ["stoneedge", "icebeam", "earthquake", "knockoff"], "ability": "Sand Stream", "evs": {"hp": 85, "atk": 85, "def": 85, "spa": 85, "spd": 85, "spe": 85}, "ivs": {"hp": 31, "atk": 31, "def": 31, "spa": 31, "spd": 31, "spe": 31}, "item": "Assault Vest", "teraType": "Rock", "role": "Bulky Support", "bvs": {"hp": 100, "atk": 134, "def": 110, "spa": 95, "spd": 100, "spe": 61}, "stats": {"hp": 284, "atk": 254, "def": 217, "spa": 193, "spd": 201, "spe": 140}, "types": ["Rock", "Dark"]}, "Fezandipiti": {"name": "Fezandipiti", "species": "Fezandipiti", "speciesId": "fezandipiti", "gender": "M", "shiny": false, "level": 82, "moves": ["terablast", "playrough", "swordsdance", "gunkshot"], "ability": "Toxic Chain", "evs": {"hp": 85, "atk": 85, "def": 85, "spa": 85, "spd": 85, "spe": 85}, "ivs": {"hp": 31, "atk": 31, "def": 31, "spa": 31, "spd": 31, "spe": 31}, "item": "Leftovers", "teraType": "Ground", "role": "Tera Blast user", "bvs": {"hp": 88, "atk": 91, "def": 82, "spa": 70, "spd": 125, "spe": 99}, "stats": {"hp": 278, "atk": 196, "def": 182, "spa": 162, "spd": 252, "spe": 210}, "types": ["Poison", "Fairy"]}}]}