{"id": "gen9randombattle-2641507233", "format": "[Gen 9] Random Battle", "players": ["caracarao", "oliverorchard"], "log": "|j|\u2606caracarao\n|j|\u2606oliverorchard\n|t:|1782796791\n|gametype|singles\n|player|p1|caracarao|266|1936\n|player|p2|oliverorchard|102|1937\n|gen|9\n|tier|[Gen 9] Random Battle\n|rated|\n|rule|Species Clause: Limit one of each Pok\u00e9mon\n|rule|HP Percentage Mod: HP is shown in percentages\n|rule|Sleep Clause Mod: Limit one foe put to sleep\n|rule|Illusion Level Mod: Illusion disguises the Pok\u00e9mon's true level\n|\n|t:|1782796791\n|teamsize|p1|6\n|teamsize|p2|6\n|start\n|switch|p1a: Walking Wake|Walking Wake, L79|286/286\n|switch|p2a: Orthworm|Orthworm, L88, F|266/266\n|turn|1\n|\n|t:|1782796800\n|switch|p2a: Alcremie|Alcremie-Caramel-Swirl, L90, F|263/263\n|move|p1a: Walking Wake|Sunny Day|p1a: Walking Wake\n|-weather|SunnyDay\n|-activate|p1a: Walking Wake|ability: Protosynthesis\n|-start|p1a: Walking Wake|protosynthesisspa\n|\n|-weather|SunnyDay|[upkeep]\n|upkeep\n|turn|2\n|\n|t:|1782796809\n|-terastallize|p1a: Walking Wake|Fire\n|move|p1a: Walking Wake|Flamethrower|p2a: Alcremie\n|-damage|p2a: Alcremie|60/263\n|-damage|p1a: Walking Wake|258/286|[from] item: Life Orb\n|move|p2a: Alcremie|Alluring Voice|p1a: Walking Wake\n|-resisted|p1a: Walking Wake\n|-damage|p1a: Walking Wake|195/286\n|\n|-weather|SunnyDay|[upkeep]\n|-heal|p2a: Alcremie|76/263|[from] item: Leftovers\n|upkeep\n|turn|3\n|\n|t:|1782796823\n|move|p1a: Walking Wake|Hydro Steam|p2a: Alcremie\n|-damage|p2a: Alcremie|0 fnt\n|faint|p2a: Alcremie\n|-damage|p1a: Walking Wake|167/286|[from] item: Life Orb\n|\n|-weather|SunnyDay|[upkeep]\n|upkeep\n|\n|t:|1782796832\n|switch|p2a: Persian|Persian-Alola, L86, F|252/252\n|turn|4\n|\n|t:|1782796839\n|-end|p1a: Walking Wake|Protosynthesis|[silent]\n|switch|p1a: Plusle|Plusle, L95, M|268/268\n|move|p2a: Persian|Dark Pulse|p1a: Plusle\n|-damage|p1a: Plusle|165/268\n|-damage|p2a: Persian|227/252|[from] item: Life Orb\n|\n|-weather|SunnyDay|[upkeep]\n|upkeep\n|turn|5\n|\n|t:|1782796849\n|move|p2a: Persian|Dark Pulse|p1a: Plusle\n|-damage|p1a: Plusle|66/268\n|-damage|p2a: Persian|202/252|[from] item: Life Orb\n|move|p1a: Plusle|Alluring Voice|p2a: Persian\n|-supereffective|p2a: Persian\n|-damage|p2a: Persian|2/252\n|-damage|p1a: Plusle|40/268|[from] item: Life Orb\n|\n|-weather|none\n|upkeep\n|turn|6\n|\n|t:|1782796860\n|switch|p1a: Whimsicott|Whimsicott, L84, F|238/238\n|move|p2a: Persian|Dark Pulse|p1a: Whimsicott\n|-resisted|p1a: Whimsicott\n|-damage|p1a: Whimsicott|181/238\n|-damage|p2a: Persian|0 fnt|[from] item: Life Orb\n|faint|p2a: Persian\n|\n|upkeep\n|\n|t:|1782796872\n|switch|p2a: Swalot|Swalot, L90, M|326/326\n|turn|7\n|\n|t:|1782796892\n|move|p1a: Whimsicott|Moonblast|p2a: Swalot\n|-resisted|p2a: Swalot\n|-damage|p2a: Swalot|288/326\n|-unboost|p2a: Swalot|spa|1\n|move|p2a: Swalot|Sludge Bomb|p1a: Whimsicott\n|-supereffective|p1a: Whimsicott\n|-damage|p1a: Whimsicott|0 fnt\n|faint|p1a: Whimsicott\n|\n|-heal|p2a: Swalot|308/326|[from] item: Leftovers\n|upkeep\n|inactive|Battle timer is ON: inactive players will automatically lose when time's up. (requested by oliverorchard)\n|\n|t:|1782796908\n|switch|p1a: Hoopa|Hoopa-Unbound, L80|259/259\n|turn|8\n|\n|t:|1782796915\n|switch|p2a: Archaludon|Archaludon, L78, M|268/268\n|move|p1a: Hoopa|Psychic|p2a: Archaludon\n|-resisted|p2a: Archaludon\n|-damage|p2a: Archaludon|172/268\n|-ability|p2a: Archaludon|Stamina|boost\n|-boost|p2a: Archaludon|def|1\n|\n|upkeep\n|turn|9\n|\n|t:|1782796928\n|move|p2a: Archaludon|Earthquake|p1a: Hoopa\n|-damage|p1a: Hoopa|165/259\n|move|p1a: Hoopa|Focus Blast|p2a: Archaludon|[miss]\n|-miss|p1a: Hoopa|p2a: Archaludon\n|\n|upkeep\n|turn|10\n|\n|t:|1782796937\n|switch|p1a: Walking Wake|Walking Wake, L79, tera:Fire|167/286\n|move|p2a: Archaludon|Outrage|p1a: Walking Wake\n|-damage|p1a: Walking Wake|35/286\n|\n|upkeep\n|turn|11\n|\n|t:|1782796944\n|move|p1a: Walking Wake|Draco Meteor|p2a: Archaludon\n|-damage|p2a: Archaludon|0 fnt\n|-unboost|p1a: Walking Wake|spa|2\n|faint|p2a: Archaludon\n|-damage|p1a: Walking Wake|7/286|[from] item: Life Orb\n|\n|upkeep\n|\n|t:|1782796952\n|switch|p2a: Swalot|Swalot, L90, M|308/326\n|turn|12\n|\n|t:|1782796964\n|-end|p1a: Walking Wake|Protosynthesis|[silent]\n|switch|p1a: Plusle|Plusle, L95, M|40/268\n|move|p2a: Swalot|Sludge Bomb|p1a: Plusle\n|-damage|p1a: Plusle|0 fnt\n|faint|p1a: Plusle\n|\n|-heal|p2a: Swalot|326/326|[from] item: Leftovers\n|upkeep\n|\n|t:|1782796972\n|switch|p1a: Hoopa|Hoopa-Unbound, L80|165/259\n|turn|13\n|\n|t:|1782796979\n|-terastallize|p2a: Swalot|Dark\n|move|p1a: Hoopa|Psychic|p2a: Swalot\n|-immune|p2a: Swalot\n|move|p2a: Swalot|Knock Off|p1a: Hoopa\n|-damage|p1a: Hoopa|35/259\n|-enditem|p1a: Hoopa|Assault Vest|[from] move: Knock Off|[of] p2a: Swalot\n|\n|upkeep\n|turn|14\n|\n|t:|1782796996\n|move|p1a: Hoopa|Focus Blast|p2a: Swalot\n|-supereffective|p2a: Swalot\n|-damage|p2a: Swalot|96/326\n|-item|p1a: Hoopa|Leftovers|[from] ability: Magician|[of] p2a: Swalot\n|move|p2a: Swalot|Knock Off|p1a: Hoopa\n|-damage|p1a: Hoopa|0 fnt\n|-enditem|p1a: Hoopa|Leftovers|[from] move: Knock Off|[of] p2a: Swalot\n|faint|p1a: Hoopa\n|\n|upkeep\n|\n|t:|1782797007\n|switch|p1a: Enamorus|Enamorus, L79, F|247/247\n|turn|15\n|\n|t:|1782797010\n|switch|p2a: Golurk|Golurk, L87|297/297\n|move|p1a: Enamorus|Superpower|p2a: Golurk\n|-immune|p2a: Golurk\n|\n|upkeep\n|turn|16\n|\n|t:|1782797021\n|switch|p1a: Sawsbuck|Sawsbuck-Summer, L88, F|284/284\n|move|p2a: Golurk|Poltergeist|p1a: Sawsbuck\n|-immune|p1a: Sawsbuck\n|\n|upkeep\n|turn|17\n|\n|t:|1782797035\n|switch|p1a: Enamorus|Enamorus, L79, F|247/247\n|switch|p2a: Orthworm|Orthworm, L88, F|266/266\n|\n|upkeep\n|turn|18\n|l|\u2606oliverorchard\n|inactive|oliverorchard disconnected and has a minute to reconnect!\n|player|p2|\n|inactive|oliverorchard has 30 seconds to reconnect!\n|inactive|oliverorchard has 20 seconds to reconnect!\n|inactive|oliverorchard has 15 seconds to reconnect!\n|j|\u2606oliverorchard\n|inactive|oliverorchard reconnected and has 100 seconds left.\n|player|p2|oliverorchard|102|\n|inactive|oliverorchard has 90 seconds left.\n|\n|t:|1782797097\n|switch|p2a: Golurk|Golurk, L87|297/297\n|move|p1a: Enamorus|Superpower|p2a: Golurk\n|-immune|p2a: Golurk\n|\n|upkeep\n|turn|19\n|\n|t:|1782797106\n|switch|p1a: Sawsbuck|Sawsbuck-Summer, L88, F|284/284\n|move|p2a: Golurk|Dynamic Punch|p1a: Sawsbuck\n|-supereffective|p1a: Sawsbuck\n|-damage|p1a: Sawsbuck|0 fnt\n|faint|p1a: Sawsbuck\n|\n|upkeep\n|\n|t:|1782797114\n|switch|p1a: Enamorus|Enamorus, L79, F|247/247\n|turn|20\n|\n|t:|1782797118\n|move|p1a: Enamorus|Superpower|p2a: Golurk\n|-immune|p2a: Golurk\n|move|p2a: Golurk|Dynamic Punch|p1a: Enamorus\n|-resisted|p1a: Enamorus\n|-damage|p1a: Enamorus|207/247\n|-start|p1a: Enamorus|confusion\n|\n|upkeep\n|turn|21\n|\n|t:|1782797131\n|switch|p2a: Orthworm|Orthworm, L88, F|266/266\n|-activate|p1a: Enamorus|confusion\n|move|p1a: Enamorus|Superpower|p2a: Orthworm\n|-supereffective|p2a: Orthworm\n|-damage|p2a: Orthworm|148/266\n|-boost|p1a: Enamorus|atk|1\n|-boost|p1a: Enamorus|def|1\n|\n|upkeep\n|turn|22\n|\n|t:|1782797139\n|switch|p2a: Golurk|Golurk, L87|297/297\n|-activate|p1a: Enamorus|confusion\n|move|p1a: Enamorus|Superpower|p2a: Golurk\n|-immune|p2a: Golurk\n|\n|upkeep\n|turn|23\n|inactive|oliverorchard has 120 seconds left.\n|\n|t:|1782797150\n|-activate|p1a: Enamorus|confusion\n|move|p1a: Enamorus|Play Rough|p2a: Golurk\n|-damage|p2a: Golurk|143/297\n|move|p2a: Golurk|Poltergeist|p1a: Enamorus\n|-activate|p1a: Enamorus|move: Poltergeist|Heavy-Duty Boots\n|-damage|p1a: Enamorus|33/247\n|\n|upkeep\n|turn|24\n|inactive|oliverorchard has 120 seconds left.\n|\n|t:|1782797160\n|-end|p1a: Enamorus|confusion\n|move|p1a: Enamorus|Play Rough|p2a: Golurk\n|-damage|p2a: Golurk|0 fnt\n|faint|p2a: Golurk\n|\n|upkeep\n|-message|oliverorchard forfeited.\n|\n|win|caracarao\n", "inputlog": ">version f8ac14003a5f27e1bdc8d8c59608a773c1cb96e5\n>start {\"formatid\":\"gen9randombattle\",\"seed\":\"sodium,6a2d558930bdf8351ee0f56344f32399\",\"rated\":\"Rated battle\"}\n>player p1 {\"name\":\"caracarao\",\"avatar\":\"266\",\"rating\":1936,\"seed\":\"sodium,cb4ed69bc8977d4cc5648320fe69a87a\"}\n>player p2 {\"name\":\"oliverorchard\",\"avatar\":\"102\",\"rating\":1937,\"seed\":\"sodium,3db7f562a2a47025509651f3f6627b42\"}\n>p1 move sunnyday\n>p2 switch 6\n>p1 move flamethrower terastallize\n>p2 move alluringvoice\n>p1 move hydrosteam\n>p2 move recover\n>p2 switch 4\n>p1 switch 2\n>p2 move darkpulse\n>p1 move alluringvoice\n>p2 move darkpulse\n>p1 switch 4\n>p2 move darkpulse\n>p2 switch 3\n>p1 move moonblast\n>p2 move sludgebomb\n>p1 switch 5\n>p1 move psychic\n>p2 switch 2\n>p1 move focusblast\n>p2 move earthquake\n>p1 switch 2\n>p2 move outrage\n>p1 move dracometeor\n>p2 move outrage\n>p2 switch 2\n>p1 switch 4\n>p2 move sludgebomb\n>p1 switch 2\n>p1 move psychic\n>p2 move knockoff terastallize\n>p1 move focusblast\n>p2 move knockoff\n>p1 switch 3\n>p1 move superpower\n>p2 switch 5\n>p1 switch 6\n>p2 move poltergeist\n>p1 switch 6\n>p2 switch 6\n>p1 move superpower\n>p2 switch 6\n>p1 switch 6\n>p2 move dynamicpunch\n>p1 switch 6\n>p1 move superpower\n>p2 move dynamicpunch\n>p1 move superpower\n>p2 switch 6\n>p1 move superpower\n>p2 switch 6\n>p1 move playrough\n>p2 move poltergeist\n>p1 move playrough\n>p2 move poltergeist\n>forcelose p2", "uploadtime": 1782796792, "views": 7, "formatid": "gen9randombattle", "rating": null, "private": 0, "password": null, "player_dets": [{"name": "caracarao", "avatar": "266", "rating": 1936, "seed": "sodium,cb4ed69bc8977d4cc5648320fe69a87a"}, {"name": "oliverorchard", "avatar": "102", "rating": 1937, "seed": "sodium,3db7f562a2a47025509651f3f6627b42"}], "teams_full": [{"Walking Wake": {"name": "Walking Wake", "species": "Walking Wake", "speciesId": "walkingwake", "gender": "N", "shiny": false, "level": 79, "moves": ["flamethrower", "dracometeor", "hydrosteam", "sunnyday"], "ability": "Protosynthesis", "evs": {"hp": 85, "atk": 0, "def": 85, "spa": 85, "spd": 85, "spe": 85}, "ivs": {"hp": 31, "atk": 0, "def": 31, "spa": 31, "spd": 31, "spe": 31}, "item": "Life Orb", "teraType": "Fire", "role": "Fast Attacker", "bvs": {"hp": 99, "atk": 83, "def": 91, "spa": 125, "spd": 83, "spe": 109}, "stats": {"hp": 286, "atk": 136, "def": 189, "spa": 243, "spd": 177, "spe": 218}, "types": ["Water", "Dragon"]}, "Plusle": {"name": "Plusle", "species": "Plusle", "speciesId": "plusle", "gender": "M", "shiny": false, "level": 95, "moves": ["alluringvoice", "encore", "nastyplot", "thunderbolt"], "ability": "Lightning Rod", "evs": {"hp": 85, "atk": 0, "def": 85, "spa": 85, "spd": 85, "spe": 85}, "ivs": {"hp": 31, "atk": 0, "def": 31, "spa": 31, "spd": 31, "spe": 31}, "item": "Life Orb", "teraType": "Fairy", "role": "Setup Sweeper", "bvs": {"hp": 60, "atk": 50, "def": 40, "spa": 85, "spd": 75, "spe": 95}, "stats": {"hp": 268, "atk": 100, "def": 130, "spa": 215, "spd": 196, "spe": 234}, "types": ["Electric"]}, "Enamorus": {"name": "Enamorus", "species": "Enamorus", "speciesId": "enamorus", "gender": "F", "shiny": false, "level": 79, "moves": ["superpower", "taunt", "zenheadbutt", "playrough"], "ability": "Contrary", "evs": {"hp": 85, "atk": 85, "def": 85, "spa": 85, "spd": 85, "spe": 85}, "ivs": {"hp": 31, "atk": 31, "def": 31, "spa": 31, "spd": 31, "spe": 31}, "item": "Heavy-Duty Boots", "teraType": "Fighting", "role": "Setup Sweeper", "bvs": {"hp": 74, "atk": 115, "def": 70, "spa": 135, "spd": 80, "spe": 106}, "stats": {"hp": 247, "atk": 227, "def": 156, "spa": 259, "spd": 172, "spe": 213}, "types": ["Fairy", "Flying"]}, "Whimsicott": {"name": "Whimsicott", "species": "Whimsicott", "speciesId": "whimsicott", "gender": "F", "shiny": false, "level": 84, "moves": ["moonblast", "gigadrain", "encore", "uturn"], "ability": "Prankster", "evs": {"hp": 85, "atk": 85, "def": 85, "spa": 85, "spd": 85, "spe": 85}, "ivs": {"hp": 31, "atk": 31, "def": 31, "spa": 31, "spd": 31, "spe": 31}, "item": "Heavy-Duty Boots", "teraType": "Poison", "role": "Fast Support", "bvs": {"hp": 60, "atk": 67, "def": 85, "spa": 77, "spd": 75, "spe": 116}, "stats": {"hp": 238, "atk": 161, "def": 191, "spa": 178, "spd": 174, "spe": 243}, "types": ["Grass", "Fairy"]}, "Hoopa": {"name": "Hoopa", "species": "Hoopa-Unbound", "speciesId": "hoopaunbound", "gender": "N", "shiny": false, "level": 80, "moves": ["focusblast", "hyperspacefury", "psychic", "gunkshot"], "ability": "Magician", "evs": {"hp": 85, "atk": 85, "def": 85, "spa": 85, "spd": 85, "spe": 85}, "ivs": {"hp": 31, "atk": 31, "def": 31, "spa": 31, "spd": 31, "spe": 31}, "item": "Assault Vest", "teraType": "Fighting", "role": "Bulky Attacker", "bvs": {"hp": 80, "atk": 160, "def": 60, "spa": 170, "spd": 130, "spe": 80}, "stats": {"hp": 259, "atk": 302, "def": 142, "spa": 318, "spd": 254, "spe": 174}, "types": ["Psychic", "Dark"]}, "Sawsbuck": {"name": "Sawsbuck", "species": "Sawsbuck-Summer", "speciesId": "sawsbuck", "gender": "F", "shiny": false, "level": 88, "moves": ["swordsdance", "hornleech", "highhorsepower", "doubleedge"], "ability": "Sap Sipper", "evs": {"hp": 85, "atk": 85, "def": 85, "spa": 85, "spd": 85, "spe": 85}, "ivs": {"hp": 31, "atk": 31, "def": 31, "spa": 31, "spd": 31, "spe": 31}, "item": "Life Orb", "teraType": "Normal", "role": "Setup Sweeper", "bvs": {"hp": 80, "atk": 100, "def": 70, "spa": 60, "spd": 70, "spe": 95}, "stats": {"hp": 284, "atk": 226, "def": 173, "spa": 156, "spd": 173, "spe": 217}, "types": ["Normal", "Grass"]}}, {"Orthworm": {"name": "Orthworm", "species": "Orthworm", "speciesId": "orthworm", "gender": "F", "shiny": false, "level": 88, "moves": ["irontail", "rest", "coil", "bodypress"], "ability": "Earth Eater", "evs": {"hp": 85, "atk": 85, "def": 85, "spa": 85, "spd": 85, "spe": 85}, "ivs": {"hp": 31, "atk": 31, "def": 31, "spa": 31, "spd": 31, "spe": 31}, "item": "Chesto Berry", "teraType": "Fighting", "role": "Bulky Setup", "bvs": {"hp": 70, "atk": 85, "def": 145, "spa": 60, "spd": 55, "spe": 65}, "stats": {"hp": 266, "atk": 200, "def": 305, "spa": 156, "spd": 147, "spe": 165}, "types": ["Steel"]}, "Archaludon": {"name": "Archaludon", "species": "Archaludon", "speciesId": "archaludon", "gender": "M", "shiny": false, "level": 78, "moves": ["earthquake", "ironhead", "outrage", "swordsdance"], "ability": "Stamina", "evs": {"hp": 85, "atk": 85, "def": 85, "spa": 85, "spd": 85, "spe": 85}, "ivs": {"hp": 31, "atk": 31, "def": 31, "spa": 31, "spd": 31, "spe": 31}, "item": "Lum Berry", "teraType": "Ground", "role": "Bulky Setup", "bvs": {"hp": 90, "atk": 105, "def": 130, "spa": 125, "spd": 65, "spe": 85}, "stats": {"hp": 268, "atk": 209, "def": 248, "spa": 240, "spd": 146, "spe": 178}, "types": ["Steel", "Dragon"]}, "Swalot": {"name": "Swalot", "species": "Swalot", "speciesId": "swalot", "gender": "M", "shiny": false, "level": 90, "moves": ["painsplit", "encore", "sludgebomb", "knockoff"], "ability": "Liquid Ooze", "evs": {"hp": 85, "atk": 85, "def": 85, "spa": 85, "spd": 85, "spe": 85}, "ivs": {"hp": 31, "atk": 31, "def": 31, "spa": 31, "spd": 31, "spe": 31}, "item": "Leftovers", "teraType": "Dark", "role": "Bulky Attacker", "bvs": {"hp": 100, "atk": 73, "def": 83, "spa": 73, "spd": 83, "spe": 55}, "stats": {"hp": 326, "atk": 183, "def": 201, "spa": 183, "spd": 201, "spe": 150}, "types": ["Poison"]}, "Persian": {"name": "Persian", "species": "Persian-Alola", "speciesId": "persianalola", "gender": "F", "shiny": false, "level": 86, "moves": ["terablast", "darkpulse", "nastyplot", "thunderbolt"], "ability": "Fur Coat", "evs": {"hp": 85, "atk": 0, "def": 85, "spa": 85, "spd": 85, "spe": 85}, "ivs": {"hp": 31, "atk": 0, "def": 31, "spa": 31, "spd": 31, "spe": 31}, "item": "Life Orb", "teraType": "Fairy", "role": "Tera Blast user", "bvs": {"hp": 65, "atk": 60, "def": 60, "spa": 75, "spd": 65, "spe": 115}, "stats": {"hp": 252, "atk": 108, "def": 152, "spa": 178, "spd": 161, "spe": 247}, "types": ["Dark"]}, "Golurk": {"name": "Golurk", "species": "Golurk", "speciesId": "golurk", "gender": "N", "shiny": false, "level": 87, "moves": ["stoneedge", "poltergeist", "dynamicpunch", "earthquake"], "ability": "No Guard", "evs": {"hp": 85, "atk": 85, "def": 85, "spa": 85, "spd": 85, "spe": 85}, "ivs": {"hp": 31, "atk": 31, "def": 31, "spa": 31, "spd": 31, "spe": 31}, "item": "Choice Band", "teraType": "Fighting", "role": "Wallbreaker", "bvs": {"hp": 89, "atk": 124, "def": 80, "spa": 55, "spd": 80, "spe": 55}, "stats": {"hp": 297, "atk": 266, "def": 189, "spa": 145, "spd": 189, "spe": 145}, "types": ["Ground", "Ghost"]}, "Alcremie": {"name": "Alcremie", "species": "Alcremie-Caramel-Swirl", "speciesId": "alcremie", "gender": "F", "shiny": false, "level": 90, "moves": ["alluringvoice", "psyshock", "recover", "calmmind"], "ability": "Aroma Veil", "evs": {"hp": 85, "atk": 0, "def": 85, "spa": 85, "spd": 85, "spe": 85}, "ivs": {"hp": 31, "atk": 0, "def": 31, "spa": 31, "spd": 31, "spe": 31}, "item": "Leftovers", "teraType": "Steel", "role": "Bulky Setup", "bvs": {"hp": 65, "atk": 60, "def": 75, "spa": 110, "spd": 121, "spe": 64}, "stats": {"hp": 263, "atk": 113, "def": 186, "spa": 249, "spd": 269, "spe": 167}, "types": ["Fairy"]}}]}