{"id": "gen9randombattle-2641441927", "format": "[Gen 9] Random Battle", "players": ["Ghhhhhhjjjj", "looniertunes"], "log": "|j|\u2606Ghhhhhhjjjj\n|j|\u2606looniertunes\n|t:|1782785345\n|gametype|singles\n|player|p1|Ghhhhhhjjjj|lady-gen4|1652\n|player|p2|looniertunes|cynthia|1663\n|gen|9\n|tier|[Gen 9] Random Battle\n|rated|\n|rule|Species Clause: Limit one of each Pok\u00e9mon\n|rule|HP Percentage Mod: HP is shown in percentages\n|rule|Sleep Clause Mod: Limit one foe put to sleep\n|rule|Illusion Level Mod: Illusion disguises the Pok\u00e9mon's true level\n|\n|t:|1782785345\n|teamsize|p1|6\n|teamsize|p2|6\n|start\n|switch|p1a: Sudowoodo|Sudowoodo, L94, F|284/284\n|switch|p2a: Urshifu|Urshifu-Rapid-Strike, L75, F|274/274\n|turn|1\n|\n|t:|1782785365\n|switch|p1a: Vaporeon|Vaporeon, L86, F|364/364\n|move|p2a: Urshifu|Surging Strikes|p1a: Vaporeon\n|-immune|p1a: Vaporeon|[from] ability: Water Absorb\n|\n|upkeep\n|turn|2\n|\n|t:|1782785391\n|switch|p2a: Morpeko|Morpeko, L88, F|245/245\n|move|p1a: Vaporeon|Scald|p2a: Morpeko\n|-damage|p2a: Morpeko|121/245\n|\n|-formechange|p2a: Morpeko|Morpeko-Hangry||[from] ability: Hunger Switch\n|upkeep\n|turn|3\n|\n|t:|1782785411\n|switch|p1a: Sudowoodo|Sudowoodo, L94, F|284/284\n|move|p2a: Morpeko|Parting Shot|p1a: Sudowoodo\n|-unboost|p1a: Sudowoodo|atk|1\n|-unboost|p1a: Sudowoodo|spa|1\n|\n|t:|1782785421\n|switch|p2a: Urshifu|Urshifu-Rapid-Strike, L75, F|274/274|[from] Parting Shot\n|\n|upkeep\n|turn|4\n|\n|t:|1782785432\n|move|p2a: Urshifu|Swords Dance|p2a: Urshifu\n|-boost|p2a: Urshifu|atk|2\n|move|p1a: Sudowoodo|Wood Hammer|p2a: Urshifu\n|-supereffective|p2a: Urshifu\n|-damage|p2a: Urshifu|138/274\n|\n|upkeep\n|turn|5\n|inactive|Battle timer is ON: inactive players will automatically lose when time's up. (requested by looniertunes)\n|\n|t:|1782785461\n|move|p2a: Urshifu|Close Combat|p1a: Sudowoodo\n|-supereffective|p1a: Sudowoodo\n|-crit|p1a: Sudowoodo\n|-damage|p1a: Sudowoodo|0 fnt\n|-unboost|p2a: Urshifu|def|1\n|-unboost|p2a: Urshifu|spd|1\n|faint|p1a: Sudowoodo\n|-damage|p2a: Urshifu|111/274|[from] item: Life Orb\n|\n|upkeep\n|\n|t:|1782785468\n|switch|p1a: Salamence|Salamence, L77, F|273/273\n|-ability|p1a: Salamence|Intimidate|boost\n|-unboost|p2a: Urshifu|atk|1\n|turn|6\n|inactive|looniertunes has 120 seconds left.\n|\n|t:|1782785509\n|switch|p2a: Quagsire|Quagsire, L84, M|297/297\n|move|p1a: Salamence|Dual Wingbeat|p2a: Quagsire\n|-damage|p2a: Quagsire|248/297\n|-damage|p2a: Quagsire|202/297\n|-hitcount|p2a: Quagsire|2\n|\n|-heal|p2a: Quagsire|220/297|[from] item: Leftovers\n|upkeep\n|turn|7\n|inactive|Ghhhhhhjjjj has 120 seconds left.\n|\n|t:|1782785541\n|switch|p1a: Dialga|Dialga-Origin, L73|266/266\n|-ability|p1a: Dialga|Pressure\n|move|p2a: Quagsire|Toxic|p1a: Dialga\n|-immune|p1a: Dialga\n|\n|-heal|p2a: Quagsire|238/297|[from] item: Leftovers\n|upkeep\n|turn|8\n|inactive|Ghhhhhhjjjj has 120 seconds left.\n|inactive|looniertunes has 120 seconds left.\n|\n|t:|1782785576\n|switch|p1a: Vaporeon|Vaporeon, L86, F|364/364\n|move|p2a: Quagsire|Earthquake|p1a: Vaporeon\n|-damage|p1a: Vaporeon|249/364\n|\n|-heal|p1a: Vaporeon|271/364|[from] item: Leftovers\n|-heal|p2a: Quagsire|256/297|[from] item: Leftovers\n|upkeep\n|turn|9\n|\n|t:|1782785583\n|move|p2a: Quagsire|Spikes|p1a: Vaporeon\n|-sidestart|p1: Ghhhhhhjjjj|Spikes\n|move|p1a: Vaporeon|Roar|p2a: Quagsire\n|drag|p2a: Vespiquen|Vespiquen, L99, F|299/299\n|-ability|p2a: Vespiquen|Pressure\n|\n|-heal|p1a: Vaporeon|293/364|[from] item: Leftovers\n|upkeep\n|turn|10\n|\n|t:|1782785591\n|move|p1a: Vaporeon|Scald|p2a: Vespiquen\n|-damage|p2a: Vespiquen|218/299\n|move|p2a: Vespiquen|Toxic|p1a: Vaporeon\n|-status|p1a: Vaporeon|tox\n|\n|-heal|p1a: Vaporeon|315/364 tox|[from] item: Leftovers\n|-damage|p1a: Vaporeon|293/364 tox|[from] psn\n|upkeep\n|turn|11\n|inactive|looniertunes has 120 seconds left.\n|\n|t:|1782785612\n|move|p1a: Vaporeon|Wish|p1a: Vaporeon\n|move|p2a: Vespiquen|Hurricane|p1a: Vaporeon\n|-damage|p1a: Vaporeon|175/364 tox\n|\n|-heal|p1a: Vaporeon|197/364 tox|[from] item: Leftovers\n|-damage|p1a: Vaporeon|153/364 tox|[from] psn\n|upkeep\n|turn|12\n|inactive|looniertunes has 120 seconds left.\n|\n|t:|1782785625\n|switch|p1a: Gyarados|Gyarados, L79, M|280/280\n|move|p2a: Vespiquen|Hurricane|p1a: Gyarados\n|-damage|p1a: Gyarados|154/280\n|\n|-heal|p1a: Gyarados|280/280|[from] move: Wish|[wisher] Vaporeon\n|upkeep\n|turn|13\n|inactive|looniertunes has 120 seconds left.\n|\n|t:|1782785645\n|move|p1a: Gyarados|Dragon Dance|p1a: Gyarados\n|-boost|p1a: Gyarados|atk|1\n|-boost|p1a: Gyarados|spe|1\n|move|p2a: Vespiquen|Toxic|p1a: Gyarados\n|-status|p1a: Gyarados|tox\n|\n|-damage|p1a: Gyarados|263/280 tox|[from] psn\n|upkeep\n|turn|14\n|inactive|looniertunes has 120 seconds left.\n|\n|t:|1782785673\n|move|p1a: Gyarados|Temper Flare|p2a: Vespiquen\n|-supereffective|p2a: Vespiquen\n|-damage|p2a: Vespiquen|90/299\n|move|p2a: Vespiquen|Hurricane|p1a: Gyarados\n|-damage|p1a: Gyarados|133/280 tox\n|\n|-damage|p1a: Gyarados|99/280 tox|[from] psn\n|upkeep\n|turn|15\n|\n|t:|1782785683\n|switch|p2a: Quagsire|Quagsire, L84, M|256/297\n|move|p1a: Gyarados|Temper Flare|p2a: Quagsire\n|-resisted|p2a: Quagsire\n|-damage|p2a: Quagsire|227/297\n|\n|-heal|p2a: Quagsire|245/297|[from] item: Leftovers\n|-damage|p1a: Gyarados|48/280 tox|[from] psn\n|upkeep\n|turn|16\n|inactive|Ghhhhhhjjjj has 120 seconds left.\n|inactive|looniertunes has 90 seconds left.\n|\n|t:|1782785716\n|move|p1a: Gyarados|Waterfall|p2a: Quagsire\n|-damage|p2a: Quagsire|157/297\n|cant|p2a: Quagsire|flinch\n|\n|-heal|p2a: Quagsire|175/297|[from] item: Leftovers\n|-damage|p1a: Gyarados|0 fnt|[from] psn\n|faint|p1a: Gyarados\n|upkeep\n|inactive|Ghhhhhhjjjj has 120 seconds left.\n|\n|t:|1782785737\n|switch|p1a: Dialga|Dialga-Origin, L73|266/266\n|-damage|p1a: Dialga|233/266|[from] Spikes\n|-ability|p1a: Dialga|Pressure\n|turn|17\n|\n|t:|1782785751\n|move|p1a: Dialga|Draco Meteor|p2a: Quagsire\n|-damage|p2a: Quagsire|0 fnt\n|-unboost|p1a: Dialga|spa|2\n|faint|p2a: Quagsire\n|\n|upkeep\n|\n|t:|1782785758\n|switch|p2a: Mismagius|Mismagius, L86, M|243/243\n|turn|18\n|\n|t:|1782785765\n|move|p2a: Mismagius|Substitute|p2a: Mismagius\n|-start|p2a: Mismagius|Substitute\n|-damage|p2a: Mismagius|183/243\n|move|p1a: Dialga|Thunder Wave||[still]\n|-fail|p1a: Dialga\n|\n|-heal|p2a: Mismagius|198/243|[from] item: Leftovers\n|upkeep\n|turn|19\n|inactive|looniertunes has 90 seconds left.\n|\n|t:|1782785806\n|switch|p1a: Vaporeon|Vaporeon, L86, F|153/364 tox\n|-damage|p1a: Vaporeon|108/364 tox|[from] Spikes\n|move|p2a: Mismagius|Nasty Plot|p2a: Mismagius\n|-boost|p2a: Mismagius|spa|2\n|\n|-heal|p2a: Mismagius|213/243|[from] item: Leftovers\n|-heal|p1a: Vaporeon|130/364 tox|[from] item: Leftovers\n|-damage|p1a: Vaporeon|108/364 tox|[from] psn\n|upkeep\n|turn|20\n|inactive|looniertunes has 60 seconds left.\n|\n|t:|1782785832\n|move|p2a: Mismagius|Shadow Ball|p1a: Vaporeon\n|-damage|p1a: Vaporeon|0 fnt\n|faint|p1a: Vaporeon\n|\n|-heal|p2a: Mismagius|228/243|[from] item: Leftovers\n|upkeep\n|\n|t:|1782785844\n|switch|p1a: Falinks|Falinks, L84|246/246\n|-damage|p1a: Falinks|216/246|[from] Spikes\n|turn|21\n|inactive|looniertunes has 60 seconds left.\n|\n|t:|1782785879\n|-terastallize|p1a: Falinks|Dark\n|move|p2a: Mismagius|Shadow Ball|p1a: Falinks\n|-resisted|p1a: Falinks\n|-damage|p1a: Falinks|93/246\n|move|p1a: Falinks|No Retreat|p1a: Falinks\n|-boost|p1a: Falinks|atk|1\n|-boost|p1a: Falinks|def|1\n|-boost|p1a: Falinks|spa|1\n|-boost|p1a: Falinks|spd|1\n|-boost|p1a: Falinks|spe|1\n|-start|p1a: Falinks|move: No Retreat\n|\n|-heal|p2a: Mismagius|243/243|[from] item: Leftovers\n|upkeep\n|turn|22\n|\n|t:|1782785886\n|move|p1a: Falinks|Knock Off|p2a: Mismagius\n|-supereffective|p2a: Mismagius\n|-end|p2a: Mismagius|Substitute\n|-damage|p1a: Falinks|69/246|[from] item: Life Orb\n|move|p2a: Mismagius|Shadow Ball|p1a: Falinks\n|-resisted|p1a: Falinks\n|-damage|p1a: Falinks|0 fnt\n|faint|p1a: Falinks\n|\n|upkeep\n|\n|t:|1782785894\n|switch|p1a: Salamence|Salamence, L77, F|273/273\n|-ability|p1a: Salamence|Intimidate|boost\n|-unboost|p2a: Mismagius|atk|1\n|turn|23\n|\n|t:|1782785899\n|move|p2a: Mismagius|Shadow Ball|p1a: Salamence\n|-damage|p1a: Salamence|47/273\n|move|p1a: Salamence|Dragon Dance|p1a: Salamence\n|-boost|p1a: Salamence|atk|1\n|-boost|p1a: Salamence|spe|1\n|\n|upkeep\n|turn|24\n|\n|t:|1782785912\n|move|p1a: Salamence|Outrage|p2a: Mismagius\n|-damage|p2a: Mismagius|0 fnt\n|faint|p2a: Mismagius\n|\n|upkeep\n|\n|t:|1782785920\n|switch|p2a: Urshifu|Urshifu-Rapid-Strike, L75, F|111/274\n|turn|25\n|\n|t:|1782785922\n|move|p2a: Urshifu|Aqua Jet|p1a: Salamence\n|-resisted|p1a: Salamence\n|-damage|p1a: Salamence|15/273\n|-damage|p2a: Urshifu|84/274|[from] item: Life Orb\n|move|p1a: Salamence|Outrage|p2a: Urshifu|[from] lockedmove\n|-damage|p2a: Urshifu|0 fnt\n|faint|p2a: Urshifu\n|-start|p1a: Salamence|confusion|[fatigue]\n|\n|upkeep\n|\n|t:|1782785931\n|switch|p2a: Vespiquen|Vespiquen, L99, F|90/299\n|-ability|p2a: Vespiquen|Pressure\n|turn|26\n|\n|t:|1782785936\n|-activate|p1a: Salamence|confusion\n|move|p1a: Salamence|Dual Wingbeat|p2a: Vespiquen\n|-supereffective|p2a: Vespiquen\n|-damage|p2a: Vespiquen|0 fnt\n|faint|p2a: Vespiquen\n|-hitcount|p2: Vespiquen|1\n|\n|upkeep\n|inactive|looniertunes has 90 seconds left.\n|\n|t:|1782785942\n|switch|p2a: Morpeko|Morpeko, L88, F|121/245\n|turn|27\n|\n|t:|1782785945\n|move|p2a: Morpeko|Protect|p2a: Morpeko\n|-singleturn|p2a: Morpeko|Protect\n|-activate|p1a: Salamence|confusion\n|move|p1a: Salamence|Earthquake|p2a: Morpeko\n|-activate|p2a: Morpeko|move: Protect\n|\n|-formechange|p2a: Morpeko|Morpeko-Hangry||[from] ability: Hunger Switch\n|upkeep\n|turn|28\n|\n|t:|1782785953\n|-end|p1a: Salamence|confusion\n|move|p1a: Salamence|Earthquake|p2a: Morpeko\n|-supereffective|p2a: Morpeko\n|-damage|p2a: Morpeko|0 fnt\n|faint|p2a: Morpeko\n|\n|upkeep\n|\n|t:|1782785956\n|switch|p2a: Gengar|Gengar, L81, F|230/230\n|turn|29\n|\n|t:|1782785962\n|-terastallize|p2a: Gengar|Ghost\n|move|p1a: Salamence|Earthquake|p2a: Gengar\n|-crit|p2a: Gengar\n|-damage|p2a: Gengar|0 fnt\n|-start|p1a: Salamence|Disable|Earthquake|[from] ability: Cursed Body|[of] p2a: Gengar\n|faint|p2a: Gengar\n|\n|win|Ghhhhhhjjjj\n|raw|Ghhhhhhjjjj's rating: 1652 &rarr; <strong>1673</strong><br />(+21 for winning)\n|raw|looniertunes's rating: 1663 &rarr; <strong>1642</strong><br />(-21 for losing)\n|l|\u2606looniertunes\n|player|p2|\n", "inputlog": ">version f8ac14003a5f27e1bdc8d8c59608a773c1cb96e5\n>start {\"formatid\":\"gen9randombattle\",\"seed\":\"sodium,a4061ff9c3e1ec7b0e9fee6dc0f1e377\",\"rated\":\"Rated battle\"}\n>player p1 {\"name\":\"Ghhhhhhjjjj\",\"avatar\":\"lady-gen4\",\"rating\":1652,\"seed\":\"sodium,a6ce7d9c3940573fd2a429cc88fddd87\"}\n>player p2 {\"name\":\"looniertunes\",\"avatar\":\"cynthia\",\"rating\":1663,\"seed\":\"sodium,3df2f75453e5da04d2571de26eb9f8f0\"}\n>p1 switch 2\n>p2 move surgingstrikes\n>p1 move scald\n>p2 switch 4\n>p1 switch 2\n>p2 move partingshot\n>p2 switch 4\n>p1 move woodhammer\n>p2 move swordsdance\n>p1 move stealthrock\n>p2 move closecombat\n>p1 switch 4\n>p1 move dualwingbeat\n>p2 switch 5\n>p1 switch 5\n>p2 move toxic\n>p1 switch 2\n>p2 move earthquake\n>p1 move roar\n>p2 move spikes\n>p1 move scald\n>p2 move toxic\n>p1 move wish\n>p2 move hurricane\n>p1 switch 3\n>p2 move hurricane\n>p1 move dragondance\n>p2 move toxic\n>p1 move temperflare\n>p2 move hurricane\n>p1 move temperflare\n>p2 switch 6\n>p1 move waterfall\n>p2 move recover\n>p1 switch 2\n>p1 move dracometeor\n>p2 move earthquake\n>p2 switch 2\n>p1 move thunderwave\n>p2 move substitute\n>p1 switch 3\n>p2 move nastyplot\n>p1 move roar\n>p2 move shadowball\n>p1 switch 6\n>p1 move noretreat terastallize\n>p2 move shadowball\n>p1 move knockoff\n>p2 move shadowball\n>p1 switch 5\n>p1 move dragondance\n>p2 move shadowball\n>p1 move outrage\n>p2 move shadowball\n>p2 switch 5\n>p1 move outrage\n>p2 move aquajet\n>p2 switch 6\n>p1 move dualwingbeat\n>p2 move roost\n>p2 switch 4\n>p1 move earthquake\n>p2 move protect\n>p1 move earthquake\n>p2 move rapidspin\n>p2 switch 3\n>p1 move earthquake\n>p2 move focusblast terastallize", "uploadtime": 1782785966, "views": 4, "formatid": "gen9randombattle", "rating": 1642, "private": 0, "password": null, "player_dets": [{"name": "Ghhhhhhjjjj", "avatar": "lady-gen4", "rating": 1652, "seed": "sodium,a6ce7d9c3940573fd2a429cc88fddd87"}, {"name": "looniertunes", "avatar": "cynthia", "rating": 1663, "seed": "sodium,3df2f75453e5da04d2571de26eb9f8f0"}], "teams_full": [{"Sudowoodo": {"name": "Sudowoodo", "species": "Sudowoodo", "speciesId": "sudowoodo", "gender": "F", "shiny": false, "level": 94, "moves": ["woodhammer", "earthquake", "headsmash", "stealthrock"], "ability": "Rock Head", "evs": {"hp": 85, "atk": 85, "def": 85, "spa": 85, "spd": 85, "spe": 85}, "ivs": {"hp": 31, "atk": 31, "def": 31, "spa": 31, "spd": 31, "spe": 31}, "item": "Leftovers", "teraType": "Grass", "role": "Bulky Attacker", "bvs": {"hp": 70, "atk": 100, "def": 115, "spa": 30, "spd": 65, "spe": 30}, "stats": {"hp": 284, "atk": 241, "def": 270, "spa": 110, "spd": 176, "spe": 110}, "types": ["Rock"]}, "Vaporeon": {"name": "Vaporeon", "species": "Vaporeon", "speciesId": "vaporeon", "gender": "F", "shiny": false, "level": 86, "moves": ["roar", "protect", "wish", "scald"], "ability": "Water Absorb", "evs": {"hp": 85, "atk": 0, "def": 85, "spa": 85, "spd": 85, "spe": 85}, "ivs": {"hp": 31, "atk": 0, "def": 31, "spa": 31, "spd": 31, "spe": 31}, "item": "Leftovers", "teraType": "Poison", "role": "Bulky Attacker", "bvs": {"hp": 130, "atk": 65, "def": 60, "spa": 110, "spd": 95, "spe": 65}, "stats": {"hp": 364, "atk": 116, "def": 152, "spa": 238, "spd": 213, "spe": 161}, "types": ["Water"]}, "Gyarados": {"name": "Gyarados", "species": "Gyarados", "speciesId": "gyarados", "gender": "M", "shiny": false, "level": 79, "moves": ["temperflare", "earthquake", "dragondance", "waterfall"], "ability": "Moxie", "evs": {"hp": 85, "atk": 85, "def": 85, "spa": 85, "spd": 85, "spe": 85}, "ivs": {"hp": 31, "atk": 31, "def": 31, "spa": 31, "spd": 31, "spe": 31}, "item": "Heavy-Duty Boots", "teraType": "Ground", "role": "Setup Sweeper", "bvs": {"hp": 95, "atk": 125, "def": 79, "spa": 60, "spd": 100, "spe": 81}, "stats": {"hp": 280, "atk": 243, "def": 170, "spa": 140, "spd": 204, "spe": 174}, "types": ["Water", "Flying"]}, "Salamence": {"name": "Salamence", "species": "Salamence", "speciesId": "salamence", "gender": "F", "shiny": false, "level": 77, "moves": ["dragondance", "outrage", "dualwingbeat", "earthquake"], "ability": "Intimidate", "evs": {"hp": 85, "atk": 85, "def": 85, "spa": 85, "spd": 85, "spe": 85}, "ivs": {"hp": 31, "atk": 31, "def": 31, "spa": 31, "spd": 31, "spe": 31}, "item": "Heavy-Duty Boots", "teraType": "Ground", "role": "Setup Sweeper", "bvs": {"hp": 95, "atk": 135, "def": 80, "spa": 110, "spd": 80, "spe": 100}, "stats": {"hp": 273, "atk": 252, "def": 168, "spa": 214, "spd": 168, "spe": 199}, "types": ["Dragon", "Flying"]}, "Dialga": {"name": "Dialga", "species": "Dialga-Origin", "speciesId": "dialgaorigin", "gender": "N", "shiny": false, "level": 73, "moves": ["heavyslam", "dracometeor", "thunderwave", "fireblast"], "ability": "Pressure", "evs": {"hp": 85, "atk": 85, "def": 85, "spa": 85, "spd": 85, "spe": 85}, "ivs": {"hp": 31, "atk": 31, "def": 31, "spa": 31, "spd": 31, "spe": 31}, "item": "Adamant Crystal", "teraType": "Flying", "role": "Fast Attacker", "bvs": {"hp": 100, "atk": 100, "def": 120, "spa": 150, "spd": 120, "spe": 90}, "stats": {"hp": 266, "atk": 188, "def": 218, "spa": 261, "spd": 218, "spe": 174}, "types": ["Steel", "Dragon"]}, "Falinks": {"name": "Falinks", "species": "Falinks", "speciesId": "falinks", "gender": "N", "shiny": false, "level": 84, "moves": ["closecombat", "noretreat", "knockoff", "ironhead"], "ability": "Defiant", "evs": {"hp": 85, "atk": 85, "def": 85, "spa": 85, "spd": 85, "spe": 85}, "ivs": {"hp": 31, "atk": 31, "def": 31, "spa": 31, "spd": 31, "spe": 31}, "item": "Life Orb", "teraType": "Dark", "role": "Setup Sweeper", "bvs": {"hp": 65, "atk": 100, "def": 100, "spa": 70, "spd": 60, "spe": 75}, "stats": {"hp": 246, "atk": 216, "def": 216, "spa": 166, "spd": 149, "spe": 174}, "types": ["Fighting"]}}, {"Urshifu": {"name": "Urshifu", "species": "Urshifu-Rapid-Strike", "speciesId": "urshifurapidstrike", "gender": "F", "shiny": false, "level": 75, "moves": ["aquajet", "swordsdance", "closecombat", "surgingstrikes"], "ability": "Unseen Fist", "evs": {"hp": 85, "atk": 85, "def": 85, "spa": 85, "spd": 85, "spe": 85}, "ivs": {"hp": 31, "atk": 31, "def": 31, "spa": 31, "spd": 31, "spe": 31}, "item": "Life Orb", "teraType": "Water", "role": "Fast Attacker", "bvs": {"hp": 100, "atk": 130, "def": 100, "spa": 63, "spd": 60, "spe": 97}, "stats": {"hp": 274, "atk": 239, "def": 194, "spa": 138, "spd": 134, "spe": 189}, "types": ["Fighting", "Water"]}, "Mismagius": {"name": "Mismagius", "species": "Mismagius", "speciesId": "mismagius", "gender": "M", "shiny": false, "level": 86, "moves": ["substitute", "shadowball", "nastyplot", "thunderbolt"], "ability": "Levitate", "evs": {"hp": 85, "atk": 0, "def": 85, "spa": 85, "spd": 85, "spe": 85}, "ivs": {"hp": 31, "atk": 0, "def": 31, "spa": 31, "spd": 31, "spe": 31}, "item": "Leftovers", "teraType": "Electric", "role": "Setup Sweeper", "bvs": {"hp": 60, "atk": 60, "def": 60, "spa": 105, "spd": 105, "spe": 105}, "stats": {"hp": 243, "atk": 108, "def": 152, "spa": 230, "spd": 230, "spe": 230}, "types": ["Ghost"]}, "Gengar": {"name": "Gengar", "species": "Gengar", "speciesId": "gengar", "gender": "F", "shiny": false, "level": 81, "moves": ["trick", "focusblast", "shadowball", "sludgewave"], "ability": "Cursed Body", "evs": {"hp": 85, "atk": 0, "def": 85, "spa": 85, "spd": 85, "spe": 85}, "ivs": {"hp": 31, "atk": 0, "def": 31, "spa": 31, "spd": 31, "spe": 31}, "item": "Choice Specs", "teraType": "Ghost", "role": "Wallbreaker", "bvs": {"hp": 60, "atk": 65, "def": 60, "spa": 130, "spd": 75, "spe": 110}, "stats": {"hp": 230, "atk": 110, "def": 144, "spa": 257, "spd": 168, "spe": 225}, "types": ["Ghost", "Poison"]}, "Morpeko": {"name": "Morpeko", "species": "Morpeko", "speciesId": "morpeko", "gender": "F", "shiny": false, "level": 88, "moves": ["partingshot", "protect", "rapidspin", "aurawheel"], "ability": "Hunger Switch", "evs": {"hp": 85, "atk": 85, "def": 85, "spa": 85, "spd": 85, "spe": 85}, "ivs": {"hp": 31, "atk": 31, "def": 31, "spa": 31, "spd": 31, "spe": 31}, "item": "Heavy-Duty Boots", "teraType": "Electric", "role": "Fast Support", "bvs": {"hp": 58, "atk": 95, "def": 58, "spa": 70, "spd": 58, "spe": 97}, "stats": {"hp": 245, "atk": 217, "def": 152, "spa": 173, "spd": 152, "spe": 221}, "types": ["Electric", "Dark"]}, "Quagsire": {"name": "Quagsire", "species": "Quagsire", "speciesId": "quagsire", "gender": "M", "shiny": false, "level": 84, "moves": ["toxic", "spikes", "recover", "earthquake"], "ability": "Unaware", "evs": {"hp": 85, "atk": 85, "def": 85, "spa": 85, "spd": 85, "spe": 85}, "ivs": {"hp": 31, "atk": 31, "def": 31, "spa": 31, "spd": 31, "spe": 31}, "item": "Leftovers", "teraType": "Poison", "role": "Bulky Support", "bvs": {"hp": 95, "atk": 85, "def": 85, "spa": 65, "spd": 65, "spe": 35}, "stats": {"hp": 297, "atk": 191, "def": 191, "spa": 157, "spd": 157, "spe": 107}, "types": ["Water", "Ground"]}, "Vespiquen": {"name": "Vespiquen", "species": "Vespiquen", "speciesId": "vespiquen", "gender": "F", "shiny": false, "level": 99, "moves": ["uturn", "toxic", "roost", "hurricane"], "ability": "Pressure", "evs": {"hp": 85, "atk": 85, "def": 85, "spa": 85, "spd": 85, "spe": 85}, "ivs": {"hp": 31, "atk": 31, "def": 31, "spa": 31, "spd": 31, "spe": 31}, "item": "Heavy-Duty Boots", "teraType": "Steel", "role": "Bulky Support", "bvs": {"hp": 70, "atk": 80, "def": 102, "spa": 80, "spd": 102, "spe": 40}, "stats": {"hp": 299, "atk": 214, "def": 258, "spa": 214, "spd": 258, "spe": 135}, "types": ["Bug", "Flying"]}}]}