{"id": "gen9randombattle-2641742254", "format": "[Gen 9] Random Battle", "players": ["labelhtr", "Guest 40525281"], "log": "|j|\u2606labelhtr\n|t:|1782836523\n|gametype|singles\n|player|p1|labelhtr|1|\n|player|p2|Guest 40525281|pokekid|\n|gen|9\n|tier|[Gen 9] Random Battle\n|rule|Species Clause: Limit one of each Pok\u00e9mon\n|rule|HP Percentage Mod: HP is shown in percentages\n|rule|Sleep Clause Mod: Limit one foe put to sleep\n|rule|Illusion Level Mod: Illusion disguises the Pok\u00e9mon's true level\n|\n|t:|1782836523\n|teamsize|p1|6\n|teamsize|p2|6\n|start\n|switch|p1a: Wyrdeer|Wyrdeer, L87, F|321/321\n|switch|p2a: Mabosstiff|Mabosstiff, L86, F|278/278\n|-ability|p1a: Wyrdeer|Intimidate|boost\n|-unboost|p2a: Mabosstiff|atk|1\n|turn|1\n|\n|t:|1782836537\n|-terastallize|p2a: Mabosstiff|Fairy\n|move|p2a: Mabosstiff|Psychic Fangs|p1a: Wyrdeer\n|-resisted|p1a: Wyrdeer\n|-damage|p1a: Wyrdeer|280/321\n|move|p1a: Wyrdeer|Megahorn|p2a: Mabosstiff\n|-resisted|p2a: Mabosstiff\n|-damage|p2a: Mabosstiff|234/278\n|\n|upkeep\n|turn|2\n|\n|t:|1782836548\n|switch|p2a: Donphan|Donphan, L84, F|288/288\n|move|p1a: Wyrdeer|Earthquake|p2a: Donphan\n|-damage|p2a: Donphan|225/288\n|\n|upkeep\n|turn|3\n|\n|t:|1782836560\n|switch|p1a: Noctowl|Noctowl, L95, M|344/344\n|move|p2a: Donphan|Ice Shard|p1a: Noctowl\n|-supereffective|p1a: Noctowl\n|-damage|p1a: Noctowl|252/344\n|\n|upkeep\n|turn|4\n|\n|t:|1782836569\n|switch|p2a: Shaymin|Shaymin, L82|298/298\n|move|p1a: Noctowl|Nasty Plot|p1a: Noctowl\n|-boost|p1a: Noctowl|spa|2\n|\n|upkeep\n|turn|5\n|\n|t:|1782836577\n|move|p2a: Shaymin|Earth Power|p1a: Noctowl\n|-immune|p1a: Noctowl\n|move|p1a: Noctowl|Hurricane|p2a: Shaymin\n|-supereffective|p2a: Shaymin\n|-damage|p2a: Shaymin|0 fnt\n|faint|p2a: Shaymin\n|\n|upkeep\n|\n|t:|1782836588\n|switch|p2a: Lumineon|Lumineon, L93, F|235/235\n|turn|6\n|\n|t:|1782836593\n|-terastallize|p1a: Noctowl|Normal\n|move|p2a: Lumineon|Flamethrower|p1a: Noctowl\n|-damage|p1a: Noctowl|161/344\n|move|p1a: Noctowl|Hyper Voice|p2a: Lumineon\n|-damage|p2a: Lumineon|0 fnt\n|replace|p2a: Zoroark|Zoroark, L83, F\n|-end|p2a: Zoroark|Illusion\n|-hint|Illusion Level Mod is active, so this Pok\u00e9mon's true level was hidden.\n|faint|p2a: Zoroark\n|\n|upkeep\n|\n|t:|1782836606\n|switch|p2a: Mabosstiff|Mabosstiff, L86, F, tera:Fairy|234/278\n|turn|7\n|\n|t:|1782836611\n|move|p2a: Mabosstiff|Psychic Fangs|p1a: Noctowl\n|-damage|p1a: Noctowl|7/344\n|move|p1a: Noctowl|Hyper Voice|p2a: Mabosstiff\n|-damage|p2a: Mabosstiff|0 fnt\n|faint|p2a: Mabosstiff\n|\n|upkeep\n|\n|t:|1782836620\n|switch|p2a: Donphan|Donphan, L84, F|225/288\n|turn|8\n|\n|t:|1782836625\n|move|p1a: Noctowl|Hyper Voice|p2a: Donphan\n|-damage|p2a: Donphan|0 fnt\n|faint|p2a: Donphan\n|\n|upkeep\n|\n|t:|1782836631\n|switch|p2a: Primarina|Primarina, L83, F|268/268\n|turn|9\n|\n|t:|1782836635\n|move|p1a: Noctowl|Hyper Voice|p2a: Primarina\n|-damage|p2a: Primarina|32/268\n|move|p2a: Primarina|Hydro Pump|p1a: Noctowl|[miss]\n|-miss|p2a: Primarina|p1a: Noctowl\n|\n|upkeep\n|turn|10\n|\n|t:|1782836643\n|move|p1a: Noctowl|Hyper Voice|p2a: Primarina\n|-damage|p2a: Primarina|0 fnt\n|faint|p2a: Primarina\n|\n|upkeep\n|\n|t:|1782836648\n|switch|p2a: Lumineon|Lumineon, L93, F|279/279\n|turn|11\n|\n|t:|1782836653\n|move|p2a: Lumineon|Ice Beam|p1a: Noctowl\n|-damage|p1a: Noctowl|0 fnt\n|faint|p1a: Noctowl\n|-damage|p2a: Lumineon|252/279|[from] item: Life Orb\n|\n|upkeep\n|\n|t:|1782836656\n|switch|p1a: Palkia|Palkia-Origin, L72|249/249\n|-ability|p1a: Palkia|Pressure\n|turn|12\n|\n|t:|1782836663\n|move|p2a: Lumineon|Ice Beam|p1a: Palkia\n|-damage|p1a: Palkia|180/249\n|-damage|p2a: Lumineon|225/279|[from] item: Life Orb\n|move|p1a: Palkia|Thunder Wave|p2a: Lumineon\n|-status|p2a: Lumineon|par\n|\n|upkeep\n|turn|13\n|\n|t:|1782836672\n|move|p1a: Palkia|Spacial Rend|p2a: Lumineon|[miss]\n|-miss|p1a: Palkia|p2a: Lumineon\n|cant|p2a: Lumineon|par\n|\n|upkeep\n|turn|14\n|\n|t:|1782836679\n|move|p1a: Palkia|Spacial Rend|p2a: Lumineon\n|-damage|p2a: Lumineon|101/279 par\n|cant|p2a: Lumineon|par\n|\n|upkeep\n|turn|15\n|\n|t:|1782836686\n|move|p1a: Palkia|Spacial Rend|p2a: Lumineon\n|-damage|p2a: Lumineon|0 fnt\n|faint|p2a: Lumineon\n|\n|win|labelhtr\n", "inputlog": ">version f8ac14003a5f27e1bdc8d8c59608a773c1cb96e5\n>start {\"formatid\":\"gen9randombattle\",\"seed\":\"sodium,d1c67b0c51d62cce3548b876e20ff364\"}\n>player p1 {\"name\":\"labelhtr\",\"avatar\":\"1\",\"rating\":0,\"seed\":\"sodium,ad816081926d344b2b8ff4e5e3eac681\"}\n>player p2 {\"name\":\"Guest 40525281\",\"avatar\":\"pokekid\",\"rating\":0,\"seed\":\"sodium,32d25279280697d4b43f6a33e17af804\"}\n>p1 move megahorn\n>p2 move psychicfangs terastallize\n>p1 move earthquake\n>p2 switch 2\n>p1 switch 2\n>p2 move iceshard\n>p1 move nastyplot\n>p2 switch 4\n>p1 move hurricane\n>p2 move earthpower\n>p2 switch 3\n>p1 move hypervoice terastallize\n>p2 move flamethrower\n>p2 switch 2\n>p1 move hypervoice\n>p2 move psychicfangs\n>p2 switch 4\n>p1 move hypervoice\n>p2 move earthquake\n>p2 switch 5\n>p1 move hypervoice\n>p2 move hydropump\n>p1 move hypervoice\n>p2 move hydropump\n>p2 switch 6\n>p1 move hypervoice\n>p2 move icebeam\n>p1 switch 5\n>p1 move thunderwave\n>p2 move icebeam\n>p1 move spacialrend\n>p2 move alluringvoice\n>p1 move spacialrend\n>p2 move alluringvoice\n>p1 move spacialrend\n>p2 move icebeam", "uploadtime": 1782836690, "views": 4, "formatid": "gen9randombattle", "rating": null, "private": 0, "password": null, "player_dets": [{"name": "labelhtr", "avatar": "1", "rating": 0, "seed": "sodium,ad816081926d344b2b8ff4e5e3eac681"}, {"name": "Guest 40525281", "avatar": "pokekid", "rating": 0, "seed": "sodium,32d25279280697d4b43f6a33e17af804"}], "teams_full": [{"Wyrdeer": {"name": "Wyrdeer", "species": "Wyrdeer", "speciesId": "wyrdeer", "gender": "F", "shiny": false, "level": 87, "moves": ["earthquake", "psychicnoise", "bodyslam", "megahorn"], "ability": "Intimidate", "evs": {"hp": 85, "atk": 85, "def": 85, "spa": 85, "spd": 85, "spe": 85}, "ivs": {"hp": 31, "atk": 31, "def": 31, "spa": 31, "spd": 31, "spe": 31}, "item": "Assault Vest", "teraType": "Ground", "role": "Bulky Attacker", "bvs": {"hp": 103, "atk": 105, "def": 72, "spa": 105, "spd": 75, "spe": 65}, "stats": {"hp": 321, "atk": 232, "def": 175, "spa": 232, "spd": 180, "spe": 163}, "types": ["Normal", "Psychic"]}, "Noctowl": {"name": "Noctowl", "species": "Noctowl", "speciesId": "noctowl", "gender": "M", "shiny": false, "level": 95, "moves": ["nastyplot", "roost", "hypervoice", "hurricane"], "ability": "Tinted Lens", "evs": {"hp": 85, "atk": 0, "def": 85, "spa": 85, "spd": 85, "spe": 85}, "ivs": {"hp": 31, "atk": 0, "def": 31, "spa": 31, "spd": 31, "spe": 31}, "item": "Heavy-Duty Boots", "teraType": "Normal", "role": "Bulky Attacker", "bvs": {"hp": 100, "atk": 50, "def": 50, "spa": 86, "spd": 96, "spe": 70}, "stats": {"hp": 344, "atk": 100, "def": 149, "spa": 217, "spd": 236, "spe": 187}, "types": ["Normal", "Flying"]}, "Mabosstiff": {"name": "Mabosstiff", "species": "Mabosstiff", "speciesId": "mabosstiff", "gender": "F", "shiny": false, "level": 86, "moves": ["wildcharge", "playrough", "psychicfangs", "crunch"], "ability": "Stakeout", "evs": {"hp": 85, "atk": 85, "def": 85, "spa": 85, "spd": 85, "spe": 85}, "ivs": {"hp": 31, "atk": 31, "def": 31, "spa": 31, "spd": 31, "spe": 31}, "item": "Choice Band", "teraType": "Dark", "role": "Bulky Attacker", "bvs": {"hp": 80, "atk": 120, "def": 90, "spa": 60, "spd": 70, "spe": 85}, "stats": {"hp": 278, "atk": 256, "def": 204, "spa": 152, "spd": 170, "spe": 195}, "types": ["Dark"]}, "Weavile": {"name": "Weavile", "species": "Weavile", "speciesId": "weavile", "gender": "M", "shiny": false, "level": 79, "moves": ["knockoff", "iceshard", "lowkick", "tripleaxel"], "ability": "Pickpocket", "evs": {"hp": 81, "atk": 85, "def": 85, "spa": 85, "spd": 85, "spe": 85}, "ivs": {"hp": 31, "atk": 31, "def": 31, "spa": 31, "spd": 31, "spe": 31}, "item": "Choice Band", "teraType": "Fighting", "role": "Fast Attacker", "bvs": {"hp": 70, "atk": 120, "def": 65, "spa": 45, "spd": 85, "spe": 125}, "stats": {"hp": 239, "atk": 235, "def": 148, "spa": 117, "spd": 180, "spe": 243}, "types": ["Dark", "Ice"]}, "Palkia": {"name": "Palkia", "species": "Palkia-Origin", "speciesId": "palkiaorigin", "gender": "N", "shiny": false, "level": 72, "moves": ["hydropump", "fireblast", "spacialrend", "thunderwave"], "ability": "Pressure", "evs": {"hp": 85, "atk": 0, "def": 85, "spa": 85, "spd": 85, "spe": 85}, "ivs": {"hp": 31, "atk": 0, "def": 31, "spa": 31, "spd": 31, "spe": 31}, "item": "Lustrous Globe", "teraType": "Dragon", "role": "Bulky Attacker", "bvs": {"hp": 90, "atk": 100, "def": 100, "spa": 150, "spd": 120, "spe": 120}, "stats": {"hp": 249, "atk": 149, "def": 186, "spa": 258, "spd": 215, "spe": 215}, "types": ["Water", "Dragon"]}, "Minior": {"name": "Minior", "species": "Minior-Yellow", "speciesId": "minior", "gender": "N", "shiny": false, "level": 79, "moves": ["acrobatics", "shellsmash", "earthquake", "powergem"], "ability": "Shields Down", "evs": {"hp": 85, "atk": 85, "def": 85, "spa": 85, "spd": 85, "spe": 85}, "ivs": {"hp": 31, "atk": 31, "def": 31, "spa": 31, "spd": 31, "spe": 31}, "item": "White Herb", "teraType": "Water", "role": "Setup Sweeper", "bvs": {"hp": 60, "atk": 100, "def": 60, "spa": 100, "spd": 60, "spe": 120}, "stats": {"hp": 224, "atk": 204, "def": 140, "spa": 204, "spd": 140, "spe": 235}, "types": ["Rock", "Flying"]}}, {"Mabosstiff": {"name": "Mabosstiff", "species": "Mabosstiff", "speciesId": "mabosstiff", "gender": "F", "shiny": false, "level": 86, "moves": ["psychicfangs", "wildcharge", "playrough", "crunch"], "ability": "Stakeout", "evs": {"hp": 85, "atk": 85, "def": 85, "spa": 85, "spd": 85, "spe": 85}, "ivs": {"hp": 31, "atk": 31, "def": 31, "spa": 31, "spd": 31, "spe": 31}, "item": "Choice Band", "teraType": "Fairy", "role": "Bulky Attacker", "bvs": {"hp": 80, "atk": 120, "def": 90, "spa": 60, "spd": 70, "spe": 85}, "stats": {"hp": 278, "atk": 256, "def": 204, "spa": 152, "spd": 170, "spe": 195}, "types": ["Dark"]}, "Donphan": {"name": "Donphan", "species": "Donphan", "speciesId": "donphan", "gender": "F", "shiny": false, "level": 84, "moves": ["earthquake", "rapidspin", "iceshard", "knockoff"], "ability": "Sturdy", "evs": {"hp": 85, "atk": 85, "def": 85, "spa": 85, "spd": 85, "spe": 85}, "ivs": {"hp": 31, "atk": 31, "def": 31, "spa": 31, "spd": 31, "spe": 31}, "item": "Assault Vest", "teraType": "Steel", "role": "Bulky Support", "bvs": {"hp": 90, "atk": 120, "def": 120, "spa": 60, "spd": 60, "spe": 50}, "stats": {"hp": 288, "atk": 250, "def": 250, "spa": 149, "spd": 149, "spe": 132}, "types": ["Ground"]}, "Zoroark": {"name": "Zoroark", "species": "Zoroark", "speciesId": "zoroark", "gender": "F", "shiny": false, "level": 83, "moves": ["flamethrower", "uturn", "sludgebomb", "darkpulse"], "ability": "Illusion", "evs": {"hp": 85, "atk": 85, "def": 85, "spa": 85, "spd": 85, "spe": 85}, "ivs": {"hp": 31, "atk": 31, "def": 31, "spa": 31, "spd": 31, "spe": 31}, "item": "Choice Specs", "teraType": "Poison", "role": "Wallbreaker", "bvs": {"hp": 60, "atk": 105, "def": 60, "spa": 120, "spd": 60, "spe": 105}, "stats": {"hp": 235, "atk": 222, "def": 147, "spa": 247, "spd": 147, "spe": 222}, "types": ["Dark"]}, "Shaymin": {"name": "Shaymin", "species": "Shaymin", "speciesId": "shaymin", "gender": "N", "shiny": false, "level": 82, "moves": ["airslash", "seedflare", "synthesis", "earthpower"], "ability": "Natural Cure", "evs": {"hp": 85, "atk": 0, "def": 85, "spa": 85, "spd": 85, "spe": 85}, "ivs": {"hp": 31, "atk": 0, "def": 31, "spa": 31, "spd": 31, "spe": 31}, "item": "Leftovers", "teraType": "Ground", "role": "Bulky Attacker", "bvs": {"hp": 100, "atk": 100, "def": 100, "spa": 100, "spd": 100, "spe": 100}, "stats": {"hp": 298, "atk": 169, "def": 211, "spa": 211, "spd": 211, "spe": 211}, "types": ["Grass"]}, "Primarina": {"name": "Primarina", "species": "Primarina", "speciesId": "primarina", "gender": "F", "shiny": false, "level": 83, "moves": ["hydropump", "psychic", "flipturn", "moonblast"], "ability": "Torrent", "evs": {"hp": 85, "atk": 85, "def": 85, "spa": 85, "spd": 85, "spe": 85}, "ivs": {"hp": 31, "atk": 31, "def": 31, "spa": 31, "spd": 31, "spe": 31}, "item": "Choice Specs", "teraType": "Water", "role": "Wallbreaker", "bvs": {"hp": 80, "atk": 74, "def": 74, "spa": 126, "spd": 116, "spe": 60}, "stats": {"hp": 268, "atk": 171, "def": 171, "spa": 257, "spd": 240, "spe": 147}, "types": ["Water", "Fairy"]}, "Lumineon": {"name": "Lumineon", "species": "Lumineon", "speciesId": "lumineon", "gender": "F", "shiny": false, "level": 93, "moves": ["icebeam", "alluringvoice", "encore", "hydropump"], "ability": "Storm Drain", "evs": {"hp": 85, "atk": 0, "def": 85, "spa": 85, "spd": 85, "spe": 85}, "ivs": {"hp": 31, "atk": 0, "def": 31, "spa": 31, "spd": 31, "spe": 31}, "item": "Life Orb", "teraType": "Water", "role": "Fast Attacker", "bvs": {"hp": 69, "atk": 69, "def": 76, "spa": 69, "spd": 86, "spe": 91}, "stats": {"hp": 279, "atk": 133, "def": 194, "spa": 181, "spd": 213, "spe": 222}, "types": ["Water"]}}]}