{"id": "gen9randombattle-2641690318", "format": "[Gen 9] Random Battle", "players": ["ClickSpamCrash", "TheBotanist73"], "log": "|j|\u2606ClickSpamCrash\n|j|\u2606TheBotanist73\n|t:|1782830238\n|gametype|singles\n|player|p1|ClickSpamCrash|lenora|1965\n|player|p2|TheBotanist73|scientist-gen7|2028\n|gen|9\n|tier|[Gen 9] Random Battle\n|rated|\n|rule|Species Clause: Limit one of each Pok\u00e9mon\n|rule|HP Percentage Mod: HP is shown in percentages\n|rule|Sleep Clause Mod: Limit one foe put to sleep\n|rule|Illusion Level Mod: Illusion disguises the Pok\u00e9mon's true level\n|\n|t:|1782830238\n|teamsize|p1|6\n|teamsize|p2|6\n|start\n|switch|p1a: Walking Wake|Walking Wake, L79|286/286\n|switch|p2a: Cobalion|Cobalion, L80|277/277\n|turn|1\n|inactive|Battle timer is ON: inactive players will automatically lose when time's up. (requested by ClickSpamCrash)\n|\n|t:|1782830255\n|move|p2a: Cobalion|Aura Sphere|p1a: Walking Wake\n|-damage|p1a: Walking Wake|208/286\n|move|p1a: Walking Wake|Flip Turn|p2a: Cobalion\n|-damage|p2a: Cobalion|235/277\n|\n|t:|1782830262\n|-end|p1a: Walking Wake|Protosynthesis|[silent]\n|switch|p1a: Veluza|Veluza, L85, F|292/292|[from] Flip Turn\n|\n|-heal|p2a: Cobalion|252/277|[from] item: Leftovers\n|upkeep\n|turn|2\n|\n|t:|1782830281\n|switch|p2a: Oranguru|Oranguru, L92, M, shiny|315/315\n|move|p1a: Veluza|Aqua Cutter|p2a: Oranguru\n|-damage|p2a: Oranguru|146/315\n|\n|-heal|p2a: Oranguru|165/315|[from] item: Leftovers\n|upkeep\n|turn|3\n|\n|t:|1782830286\n|move|p1a: Veluza|Aqua Cutter|p2a: Oranguru\n|-damage|p2a: Oranguru|0 fnt\n|faint|p2a: Oranguru\n|\n|upkeep\n|\n|t:|1782830291\n|switch|p2a: Iron Leaves|Iron Leaves, L80|275/275\n|turn|4\n|\n|t:|1782830297\n|switch|p1a: Gogoat|Gogoat, L88, F|360/360\n|move|p2a: Iron Leaves|Megahorn|p1a: Gogoat\n|-supereffective|p1a: Gogoat\n|-damage|p1a: Gogoat|6/360\n|\n|-heal|p1a: Gogoat|28/360|[from] item: Leftovers\n|upkeep\n|turn|5\n|\n|t:|1782830307\n|move|p2a: Iron Leaves|Megahorn|p1a: Gogoat\n|-supereffective|p1a: Gogoat\n|-damage|p1a: Gogoat|0 fnt\n|faint|p1a: Gogoat\n|\n|upkeep\n|\n|t:|1782830315\n|switch|p1a: Gengar|Gengar, L81, M|230/230\n|turn|6\n|\n|t:|1782830326\n|-end|p2a: Iron Leaves|Quark Drive|[silent]\n|switch|p2a: Cobalion|Cobalion, L80|252/277\n|move|p1a: Gengar|Shadow Ball|p2a: Cobalion\n|-damage|p2a: Cobalion|84/277\n|-damage|p1a: Gengar|207/230|[from] item: Life Orb\n|\n|-heal|p2a: Cobalion|101/277|[from] item: Leftovers\n|upkeep\n|turn|7\n|\n|t:|1782830340\n|move|p1a: Gengar|Shadow Ball|p2a: Cobalion\n|-damage|p2a: Cobalion|0 fnt\n|faint|p2a: Cobalion\n|-damage|p1a: Gengar|184/230|[from] item: Life Orb\n|\n|upkeep\n|\n|t:|1782830348\n|switch|p2a: Chandelure|Chandelure, L83, M|235/235\n|turn|8\n|\n|t:|1782830357\n|move|p2a: Chandelure|Shadow Ball|p1a: Gengar\n|-supereffective|p1a: Gengar\n|-damage|p1a: Gengar|0 fnt\n|faint|p1a: Gengar\n|\n|upkeep\n|\n|t:|1782830365\n|switch|p1a: Falinks|Falinks, L84|246/246\n|turn|9\n|\n|t:|1782830378\n|switch|p2a: Infernape|Infernape, L82, F|259/259\n|move|p1a: Falinks|No Retreat|p1a: Falinks\n|-boost|p1a: Falinks|atk|1\n|-boost|p1a: Falinks|def|1\n|-boost|p1a: Falinks|spa|1\n|-boost|p1a: Falinks|spd|1\n|-boost|p1a: Falinks|spe|1\n|-start|p1a: Falinks|move: No Retreat\n|\n|upkeep\n|turn|10\n|\n|t:|1782830387\n|move|p1a: Falinks|Close Combat|p2a: Infernape\n|-damage|p2a: Infernape|0 fnt\n|-unboost|p1a: Falinks|def|1\n|-unboost|p1a: Falinks|spd|1\n|faint|p2a: Infernape\n|-damage|p1a: Falinks|222/246|[from] item: Life Orb\n|\n|upkeep\n|\n|t:|1782830404\n|switch|p2a: Iron Leaves|Iron Leaves, L80|235/235\n|turn|11\n|\n|t:|1782830419\n|-terastallize|p1a: Falinks|Dark\n|move|p1a: Falinks|Knock Off|p2a: Iron Leaves\n|-resisted|p2a: Iron Leaves\n|-damage|p2a: Iron Leaves|95/235\n|replace|p2a: Zoroark|Zoroark, L83, M\n|-end|p2a: Zoroark|Illusion\n|-hint|Illusion Level Mod is active, so this Pok\u00e9mon's true level was hidden.\n|-enditem|p2a: Zoroark|Choice Specs|[from] move: Knock Off|[of] p1a: Falinks\n|-damage|p1a: Falinks|198/246|[from] item: Life Orb\n|move|p2a: Zoroark|Psychic|p1a: Falinks\n|-immune|p1a: Falinks\n|\n|upkeep\n|turn|12\n|\n|t:|1782830431\n|move|p1a: Falinks|Iron Head|p2a: Zoroark\n|-damage|p2a: Zoroark|0 fnt\n|faint|p2a: Zoroark\n|-damage|p1a: Falinks|174/246|[from] item: Life Orb\n|\n|upkeep\n|\n|t:|1782830436\n|switch|p2a: Chandelure|Chandelure, L83, M|235/235\n|turn|13\n|\n|t:|1782830442\n|move|p2a: Chandelure|Fire Blast|p1a: Falinks|[miss]\n|-miss|p2a: Chandelure|p1a: Falinks\n|move|p1a: Falinks|Knock Off|p2a: Chandelure\n|-supereffective|p2a: Chandelure\n|-damage|p2a: Chandelure|0 fnt\n|-enditem|p2a: Chandelure|Choice Scarf|[from] move: Knock Off|[of] p1a: Falinks\n|faint|p2a: Chandelure\n|-damage|p1a: Falinks|150/246|[from] item: Life Orb\n|\n|upkeep\n|\n|t:|1782830445\n|switch|p2a: Iron Leaves|Iron Leaves, L80|275/275\n|turn|14\n|\n|t:|1782830451\n|move|p1a: Falinks|Knock Off|p2a: Iron Leaves\n|-supereffective|p2a: Iron Leaves\n|-damage|p2a: Iron Leaves|0 fnt\n|-enditem|p2a: Iron Leaves|Choice Band|[from] move: Knock Off|[of] p1a: Falinks\n|faint|p2a: Iron Leaves\n|-end|p2a: Iron Leaves|Quark Drive|[silent]\n|-damage|p1a: Falinks|126/246|[from] item: Life Orb\n|\n|win|ClickSpamCrash\n", "inputlog": ">version f8ac14003a5f27e1bdc8d8c59608a773c1cb96e5\n>start {\"formatid\":\"gen9randombattle\",\"seed\":\"sodium,ddb97b4b719db2b9fd8fde54f08491a5\",\"rated\":\"Rated battle\"}\n>player p1 {\"name\":\"ClickSpamCrash\",\"avatar\":\"lenora\",\"rating\":1965,\"seed\":\"sodium,a3ae9356cf7cc0ef3966777728688303\"}\n>player p2 {\"name\":\"TheBotanist73\",\"avatar\":\"scientist-gen7\",\"rating\":2028,\"seed\":\"sodium,0e14d65925b8a1db6f533fc64d7f27f0\"}\n>p1 move flipturn\n>p2 move aurasphere\n>p1 switch 6\n>p1 move aquacutter\n>p2 switch 5\n>p1 move aquacutter\n>p2 move thunderbolt\n>p2 switch 6\n>p1 switch 5\n>p2 move megahorn\n>p1 move hornleech\n>p2 move megahorn\n>p1 switch 4\n>p1 move shadowball\n>p2 switch 5\n>p1 move shadowball\n>p2 move flashcannon\n>p2 switch 2\n>p1 move shadowball\n>p2 move shadowball\n>p1 switch 2\n>p1 move noretreat\n>p2 switch 3\n>p1 move closecombat\n>p2 move overheat\n>p2 switch 4\n>p1 move knockoff terastallize\n>p2 move psychic\n>p1 move ironhead\n>p2 move sludgebomb\n>p2 switch 3\n>p1 move knockoff\n>p2 move fireblast\n>p2 switch 5\n>p1 move knockoff\n>p2 move closecombat", "uploadtime": 1782830240, "views": 3, "formatid": "gen9randombattle", "rating": null, "private": 0, "password": null, "player_dets": [{"name": "ClickSpamCrash", "avatar": "lenora", "rating": 1965, "seed": "sodium,a3ae9356cf7cc0ef3966777728688303"}, {"name": "TheBotanist73", "avatar": "scientist-gen7", "rating": 2028, "seed": "sodium,0e14d65925b8a1db6f533fc64d7f27f0"}], "teams_full": [{"Walking Wake": {"name": "Walking Wake", "species": "Walking Wake", "speciesId": "walkingwake", "gender": "N", "shiny": false, "level": 79, "moves": ["hydropump", "dracometeor", "flamethrower", "flipturn"], "ability": "Protosynthesis", "evs": {"hp": 85, "atk": 85, "def": 85, "spa": 85, "spd": 85, "spe": 85}, "ivs": {"hp": 31, "atk": 31, "def": 31, "spa": 31, "spd": 31, "spe": 31}, "item": "Choice Specs", "teraType": "Water", "role": "Wallbreaker", "bvs": {"hp": 99, "atk": 83, "def": 91, "spa": 125, "spd": 83, "spe": 109}, "stats": {"hp": 286, "atk": 177, "def": 189, "spa": 243, "spd": 177, "spe": 218}, "types": ["Water", "Dragon"]}, "Falinks": {"name": "Falinks", "species": "Falinks", "speciesId": "falinks", "gender": "N", "shiny": false, "level": 84, "moves": ["ironhead", "noretreat", "closecombat", "knockoff"], "ability": "Defiant", "evs": {"hp": 85, "atk": 85, "def": 85, "spa": 85, "spd": 85, "spe": 85}, "ivs": {"hp": 31, "atk": 31, "def": 31, "spa": 31, "spd": 31, "spe": 31}, "item": "Life Orb", "teraType": "Dark", "role": "Setup Sweeper", "bvs": {"hp": 65, "atk": 100, "def": 100, "spa": 70, "spd": 60, "spe": 75}, "stats": {"hp": 246, "atk": 216, "def": 216, "spa": 166, "spd": 149, "spe": 174}, "types": ["Fighting"]}, "Kommo-o": {"name": "Kommo-o", "species": "Kommo-o", "speciesId": "kommoo", "gender": "M", "shiny": false, "level": 78, "moves": ["boomburst", "clangingscales", "drainpunch", "clangoroussoul"], "ability": "Soundproof", "evs": {"hp": 85, "atk": 85, "def": 85, "spa": 85, "spd": 85, "spe": 85}, "ivs": {"hp": 31, "atk": 31, "def": 31, "spa": 31, "spd": 31, "spe": 31}, "item": "Throat Spray", "teraType": "Normal", "role": "Fast Bulky Setup", "bvs": {"hp": 75, "atk": 110, "def": 125, "spa": 100, "spd": 105, "spe": 85}, "stats": {"hp": 245, "atk": 217, "def": 240, "spa": 201, "spd": 209, "spe": 178}, "types": ["Dragon", "Fighting"]}, "Gengar": {"name": "Gengar", "species": "Gengar", "speciesId": "gengar", "gender": "M", "shiny": false, "level": 81, "moves": ["willowisp", "shadowball", "focusblast", "sludgewave"], "ability": "Cursed Body", "evs": {"hp": 85, "atk": 0, "def": 85, "spa": 85, "spd": 85, "spe": 85}, "ivs": {"hp": 31, "atk": 0, "def": 31, "spa": 31, "spd": 31, "spe": 31}, "item": "Life Orb", "teraType": "Ghost", "role": "Fast Attacker", "bvs": {"hp": 60, "atk": 65, "def": 60, "spa": 130, "spd": 75, "spe": 110}, "stats": {"hp": 230, "atk": 110, "def": 144, "spa": 257, "spd": 168, "spe": 225}, "types": ["Ghost", "Poison"]}, "Gogoat": {"name": "Gogoat", "species": "Gogoat", "speciesId": "gogoat", "gender": "F", "shiny": false, "level": 88, "moves": ["bulkup", "milkdrink", "earthquake", "hornleech"], "ability": "Sap Sipper", "evs": {"hp": 85, "atk": 85, "def": 85, "spa": 85, "spd": 85, "spe": 85}, "ivs": {"hp": 31, "atk": 31, "def": 31, "spa": 31, "spd": 31, "spe": 31}, "item": "Leftovers", "teraType": "Water", "role": "Bulky Setup", "bvs": {"hp": 123, "atk": 100, "def": 62, "spa": 97, "spd": 81, "spe": 68}, "stats": {"hp": 360, "atk": 226, "def": 159, "spa": 221, "spd": 193, "spe": 170}, "types": ["Grass"]}, "Veluza": {"name": "Veluza", "species": "Veluza", "speciesId": "veluza", "gender": "F", "shiny": false, "level": 85, "moves": ["psychocut", "aquacutter", "aquajet", "nightslash"], "ability": "Sharpness", "evs": {"hp": 85, "atk": 85, "def": 85, "spa": 85, "spd": 85, "spe": 85}, "ivs": {"hp": 31, "atk": 31, "def": 31, "spa": 31, "spd": 31, "spe": 31}, "item": "Choice Band", "teraType": "Dark", "role": "Fast Attacker", "bvs": {"hp": 90, "atk": 102, "def": 73, "spa": 78, "spd": 65, "spe": 70}, "stats": {"hp": 292, "atk": 222, "def": 173, "spa": 181, "spd": 159, "spe": 168}, "types": ["Water", "Psychic"]}}, {"Cobalion": {"name": "Cobalion", "species": "Cobalion", "speciesId": "cobalion", "gender": "N", "shiny": false, "level": 80, "moves": ["flashcannon", "vacuumwave", "calmmind", "aurasphere"], "ability": "Justified", "evs": {"hp": 85, "atk": 0, "def": 85, "spa": 85, "spd": 85, "spe": 85}, "ivs": {"hp": 31, "atk": 0, "def": 31, "spa": 31, "spd": 31, "spe": 31}, "item": "Leftovers", "teraType": "Fighting", "role": "Bulky Setup", "bvs": {"hp": 91, "atk": 90, "def": 129, "spa": 90, "spd": 72, "spe": 108}, "stats": {"hp": 277, "atk": 149, "def": 253, "spa": 190, "spd": 161, "spe": 219}, "types": ["Steel", "Fighting"]}, "Chandelure": {"name": "Chandelure", "species": "Chandelure", "speciesId": "chandelure", "gender": "M", "shiny": false, "level": 83, "moves": ["shadowball", "fireblast", "trick", "energyball"], "ability": "Flash Fire", "evs": {"hp": 85, "atk": 0, "def": 85, "spa": 85, "spd": 85, "spe": 85}, "ivs": {"hp": 31, "atk": 0, "def": 31, "spa": 31, "spd": 31, "spe": 31}, "item": "Choice Scarf", "teraType": "Grass", "role": "Fast Attacker", "bvs": {"hp": 60, "atk": 55, "def": 90, "spa": 145, "spd": 90, "spe": 80}, "stats": {"hp": 235, "atk": 96, "def": 197, "spa": 288, "spd": 197, "spe": 180}, "types": ["Ghost", "Fire"]}, "Infernape": {"name": "Infernape", "species": "Infernape", "speciesId": "infernape", "gender": "F", "shiny": false, "level": 82, "moves": ["knockoff", "gunkshot", "closecombat", "overheat"], "ability": "Blaze", "evs": {"hp": 85, "atk": 85, "def": 85, "spa": 85, "spd": 85, "spe": 85}, "ivs": {"hp": 31, "atk": 31, "def": 31, "spa": 31, "spd": 31, "spe": 31}, "item": "Life Orb", "teraType": "Fighting", "role": "Fast Attacker", "bvs": {"hp": 76, "atk": 104, "def": 71, "spa": 104, "spd": 71, "spe": 108}, "stats": {"hp": 259, "atk": 218, "def": 164, "spa": 218, "spd": 164, "spe": 224}, "types": ["Fire", "Fighting"]}, "Zoroark": {"name": "Zoroark", "species": "Zoroark", "speciesId": "zoroark", "gender": "M", "shiny": false, "level": 83, "moves": ["psychic", "focusblast", "darkpulse", "sludgebomb"], "ability": "Illusion", "evs": {"hp": 85, "atk": 0, "def": 85, "spa": 85, "spd": 85, "spe": 85}, "ivs": {"hp": 31, "atk": 0, "def": 31, "spa": 31, "spd": 31, "spe": 31}, "item": "Choice Specs", "teraType": "Poison", "role": "Wallbreaker", "bvs": {"hp": 60, "atk": 105, "def": 60, "spa": 120, "spd": 60, "spe": 105}, "stats": {"hp": 235, "atk": 179, "def": 147, "spa": 247, "spd": 147, "spe": 222}, "types": ["Dark"]}, "Oranguru": {"name": "Oranguru", "species": "Oranguru", "speciesId": "oranguru", "gender": "M", "shiny": true, "level": 92, "moves": ["psyshock", "focusblast", "thunderbolt", "nastyplot"], "ability": "Inner Focus", "evs": {"hp": 85, "atk": 0, "def": 85, "spa": 85, "spd": 85, "spe": 85}, "ivs": {"hp": 31, "atk": 0, "def": 31, "spa": 31, "spd": 31, "spe": 31}, "item": "Leftovers", "teraType": "Electric", "role": "Bulky Attacker", "bvs": {"hp": 90, "atk": 60, "def": 80, "spa": 90, "spd": 110, "spe": 60}, "stats": {"hp": 315, "atk": 115, "def": 200, "spa": 218, "spd": 255, "spe": 163}, "types": ["Normal", "Psychic"]}, "Iron Leaves": {"name": "Iron Leaves", "species": "Iron Leaves", "speciesId": "ironleaves", "gender": "N", "shiny": false, "level": 80, "moves": ["leafblade", "closecombat", "megahorn", "psyblade"], "ability": "Quark Drive", "evs": {"hp": 85, "atk": 85, "def": 85, "spa": 85, "spd": 85, "spe": 85}, "ivs": {"hp": 31, "atk": 31, "def": 31, "spa": 31, "spd": 31, "spe": 31}, "item": "Choice Band", "teraType": "Fighting", "role": "Wallbreaker", "bvs": {"hp": 90, "atk": 130, "def": 88, "spa": 70, "spd": 108, "spe": 104}, "stats": {"hp": 275, "atk": 254, "def": 187, "spa": 158, "spd": 219, "spe": 213}, "types": ["Grass", "Psychic"]}}]}