{"id": "gen9randombattle-2641305192", "format": "[Gen 9] Random Battle", "players": ["Myndo", "pokemonhasu"], "log": "|j|\u2606Myndo\n|j|\u2606pokemonhasu\n|t:|1782765613\n|gametype|singles\n|player|p1|Myndo|blue|1667\n|player|p2|pokemonhasu|102|1653\n|gen|9\n|tier|[Gen 9] Random Battle\n|rated|\n|rule|Species Clause: Limit one of each Pok\u00e9mon\n|rule|HP Percentage Mod: HP is shown in percentages\n|rule|Sleep Clause Mod: Limit one foe put to sleep\n|rule|Illusion Level Mod: Illusion disguises the Pok\u00e9mon's true level\n|\n|t:|1782765613\n|teamsize|p1|6\n|teamsize|p2|6\n|start\n|switch|p1a: Iron Hands|Iron Hands, L79|373/373\n|switch|p2a: Latios|Latios, L78, M|253/253\n|turn|1\n|\n|t:|1782765630\n|move|p2a: Latios|Luster Purge|p1a: Iron Hands\n|-supereffective|p1a: Iron Hands\n|-damage|p1a: Iron Hands|145/373\n|move|p1a: Iron Hands|Ice Punch|p2a: Latios\n|-supereffective|p2a: Latios\n|-damage|p2a: Latios|105/253\n|\n|upkeep\n|turn|2\n|inactive|Battle timer is ON: inactive players will automatically lose when time's up. (requested by pokemonhasu)\n|inactive|Myndo has 120 seconds left.\n|\n|t:|1782765671\n|-end|p1a: Iron Hands|Quark Drive|[silent]\n|switch|p1a: Greedent|Greedent, L86, F|347/347\n|move|p2a: Latios|Recover|p2a: Latios\n|-heal|p2a: Latios|232/253\n|\n|upkeep\n|turn|3\n|\n|t:|1782765685\n|switch|p2a: Volcanion|Volcanion, L79|256/256\n|move|p1a: Greedent|Swords Dance|p1a: Greedent\n|-boost|p1a: Greedent|atk|2\n|\n|upkeep\n|turn|4\n|\n|t:|1782765714\n|move|p2a: Volcanion|Haze|p2a: Volcanion\n|-clearallboost\n|move|p1a: Greedent|Earthquake|p2a: Volcanion\n|-supereffective|p2a: Volcanion\n|-damage|p2a: Volcanion|124/256\n|\n|upkeep\n|turn|5\n|inactive|pokemonhasu has 120 seconds left.\n|\n|t:|1782765757\n|move|p2a: Volcanion|Steam Eruption|p1a: Greedent\n|-damage|p1a: Greedent|205/347\n|move|p1a: Greedent|Earthquake|p2a: Volcanion\n|-supereffective|p2a: Volcanion\n|-damage|p2a: Volcanion|2/256\n|\n|upkeep\n|turn|6\n|\n|t:|1782765769\n|switch|p2a: Gliscor|Gliscor, L76, F|239/239\n|move|p1a: Greedent|Body Slam|p2a: Gliscor\n|-damage|p2a: Gliscor|161/239\n|-status|p2a: Gliscor|par\n|\n|upkeep\n|turn|7\n|\n|t:|1782765785\n|move|p2a: Gliscor|Toxic Spikes|p1a: Greedent\n|-sidestart|p1: Myndo|move: Toxic Spikes\n|move|p1a: Greedent|Swords Dance|p1a: Greedent\n|-boost|p1a: Greedent|atk|2\n|\n|upkeep\n|turn|8\n|\n|t:|1782765796\n|move|p2a: Gliscor|Knock Off|p1a: Greedent\n|-damage|p1a: Greedent|152/347\n|-enditem|p1a: Greedent|Sitrus Berry|[from] move: Knock Off|[of] p2a: Gliscor\n|move|p1a: Greedent|Body Slam|p2a: Gliscor\n|-damage|p2a: Gliscor|0 fnt\n|faint|p2a: Gliscor\n|\n|upkeep\n|inactive|pokemonhasu has 120 seconds left.\n|\n|t:|1782765810\n|switch|p2a: Cobalion|Cobalion, L80|277/277\n|turn|9\n|\n|t:|1782765817\n|-terastallize|p1a: Greedent|Ground\n|move|p2a: Cobalion|Aura Sphere|p1a: Greedent\n|-damage|p1a: Greedent|74/347\n|move|p1a: Greedent|Earthquake|p2a: Cobalion\n|-supereffective|p2a: Cobalion\n|-damage|p2a: Cobalion|0 fnt\n|faint|p2a: Cobalion\n|\n|upkeep\n|inactive|pokemonhasu has 120 seconds left.\n|\n|t:|1782765832\n|switch|p2a: Barraskewda|Barraskewda, L81, F|231/231\n|turn|10\n|\n|t:|1782765860\n|move|p2a: Barraskewda|Flip Turn|p1a: Greedent\n|-supereffective|p1a: Greedent\n|-damage|p1a: Greedent|0 fnt\n|faint|p1a: Greedent\n|inactive|pokemonhasu has 120 seconds left.\n|\n|t:|1782765883\n|switch|p2a: Volcanion|Volcanion, L79|2/256|[from] Flip Turn\n|\n|upkeep\n|inactive|Myndo has 120 seconds left.\n|\n|t:|1782765916\n|switch|p1a: Iron Hands|Iron Hands, L79|145/373\n|-status|p1a: Iron Hands|psn\n|turn|11\n|\n|t:|1782765922\n|move|p2a: Volcanion|Steam Eruption|p1a: Iron Hands\n|-damage|p1a: Iron Hands|34/373 psn\n|move|p1a: Iron Hands|Volt Switch|p2a: Volcanion\n|-supereffective|p2a: Volcanion\n|-damage|p2a: Volcanion|0 fnt\n|faint|p2a: Volcanion\n|\n|t:|1782765941\n|-end|p1a: Iron Hands|Quark Drive|[silent]\n|switch|p1a: Brambleghast|Brambleghast, L88, F|240/240|[from] Volt Switch\n|-status|p1a: Brambleghast|psn\n|\n|-damage|p1a: Brambleghast|210/240 psn|[from] psn\n|upkeep\n|inactive|pokemonhasu has 120 seconds left.\n|inactive|pokemonhasu has 90 seconds left.\n|inactive|pokemonhasu has 60 seconds left.\n|\n|t:|1782766025\n|switch|p2a: Latios|Latios, L78, M|232/253\n|turn|12\n|\n|t:|1782766037\n|move|p2a: Latios|Draco Meteor|p1a: Brambleghast\n|-damage|p1a: Brambleghast|3/240 psn\n|-unboost|p2a: Latios|spa|2\n|move|p1a: Brambleghast|Leech Seed|p2a: Latios\n|-start|p2a: Latios|move: Leech Seed\n|\n|-heal|p1a: Brambleghast|18/240 psn|[from] item: Leftovers\n|-damage|p2a: Latios|201/253|[from] Leech Seed|[of] p1a: Brambleghast\n|-heal|p1a: Brambleghast|49/240 psn|[silent]\n|-damage|p1a: Brambleghast|19/240 psn|[from] psn\n|upkeep\n|turn|13\n|inactive|pokemonhasu has 60 seconds left.\n|\n|t:|1782766081\n|move|p2a: Latios|Luster Purge|p1a: Brambleghast\n|-crit|p1a: Brambleghast\n|-damage|p1a: Brambleghast|0 fnt\n|faint|p1a: Brambleghast\n|\n|upkeep\n|\n|t:|1782766102\n|switch|p1a: Coalossal|Coalossal, L89, F|341/341\n|turn|14\n|\n|t:|1782766118\n|switch|p2a: Barraskewda|Barraskewda, L81, F|231/231\n|move|p1a: Coalossal|Will-O-Wisp|p2a: Barraskewda\n|-status|p2a: Barraskewda|brn\n|\n|-damage|p2a: Barraskewda|217/231 brn|[from] brn\n|upkeep\n|turn|15\n|\n|t:|1782766129\n|switch|p1a: Iron Hands|Iron Hands, L79|34/373 psn\n|move|p2a: Barraskewda|Waterfall|p1a: Iron Hands\n|-damage|p1a: Iron Hands|0 fnt\n|faint|p1a: Iron Hands\n|-end|p1a: Iron Hands|Quark Drive|[silent]\n|\n|-damage|p2a: Barraskewda|203/231 brn|[from] brn\n|upkeep\n|\n|t:|1782766138\n|switch|p1a: Flutter Mane|Flutter Mane, L74|203/203\n|-status|p1a: Flutter Mane|psn\n|turn|16\n|\n|t:|1782766156\n|move|p2a: Barraskewda|Waterfall|p1a: Flutter Mane\n|-damage|p1a: Flutter Mane|96/203 psn\n|cant|p1a: Flutter Mane|flinch\n|\n|-damage|p1a: Flutter Mane|71/203 psn|[from] psn\n|-damage|p2a: Barraskewda|189/231 brn|[from] brn\n|upkeep\n|turn|17\n|inactive|Myndo has 120 seconds left.\n|\n|t:|1782766163\n|move|p2a: Barraskewda|Waterfall|p1a: Flutter Mane\n|-damage|p1a: Flutter Mane|0 fnt\n|faint|p1a: Flutter Mane\n|-end|p1a: Flutter Mane|Protosynthesis|[silent]\n|\n|-damage|p2a: Barraskewda|175/231 brn|[from] brn\n|upkeep\n|inactive|Myndo has 120 seconds left.\n|\n|t:|1782766170\n|switch|p1a: Coalossal|Coalossal, L89, F|341/341\n|turn|18\n|inactive|pokemonhasu has 60 seconds left.\n|inactive|pokemonhasu has 30 seconds left.\n|\n|t:|1782766216\n|move|p2a: Barraskewda|Waterfall|p1a: Coalossal\n|-supereffective|p1a: Coalossal\n|-damage|p1a: Coalossal|107/341\n|move|p1a: Coalossal|Stone Edge|p2a: Barraskewda\n|-damage|p2a: Barraskewda|48/231 brn\n|\n|-damage|p2a: Barraskewda|34/231 brn|[from] brn\n|upkeep\n|turn|19\n|inactive|Myndo has 120 seconds left.\n|inactive|Myndo has 90 seconds left.\n|\n|t:|1782766279\n|move|p2a: Barraskewda|Waterfall|p1a: Coalossal\n|-supereffective|p1a: Coalossal\n|-damage|p1a: Coalossal|0 fnt\n|faint|p1a: Coalossal\n|\n|-damage|p2a: Barraskewda|20/231 brn|[from] brn\n|upkeep\n|\n|t:|1782766286\n|switch|p1a: Deoxys|Deoxys-Attack, L72|191/191\n|-status|p1a: Deoxys|psn\n|-ability|p1a: Deoxys|Pressure\n|turn|20\n|inactive|pokemonhasu has 30 seconds left.\n|inactive|pokemonhasu has 20 seconds left.\n|inactive|pokemonhasu has 15 seconds left.\n|\n|t:|1782766326\n|move|p2a: Barraskewda|Waterfall|p1a: Deoxys\n|-damage|p1a: Deoxys|0 fnt\n|faint|p1a: Deoxys\n|\n|win|pokemonhasu\n|raw|Myndo's rating: 1667 &rarr; <strong>1646</strong><br />(-21 for losing)\n|raw|pokemonhasu's rating: 1653 &rarr; <strong>1674</strong><br />(+21 for winning)\n|l|\u2606pokemonhasu\n|player|p2|\n", "inputlog": ">version f8ac14003a5f27e1bdc8d8c59608a773c1cb96e5\n>start {\"formatid\":\"gen9randombattle\",\"seed\":\"sodium,23477b6f6310d184923438b40deb5062\",\"rated\":\"Rated battle\"}\n>player p1 {\"name\":\"Myndo\",\"avatar\":\"blue\",\"rating\":1667,\"seed\":\"sodium,fa7947bffc030525a6326a87d33f40a2\"}\n>player p2 {\"name\":\"pokemonhasu\",\"avatar\":\"102\",\"rating\":1653,\"seed\":\"sodium,06e738c84529f9bfeef0f7db82255977\"}\n>p1 move icepunch\n>p2 move lusterpurge\n>p1 switch 5\n>p2 move recover\n>p1 move swordsdance\n>p2 switch 5\n>p1 move earthquake\n>p2 move haze\n>p1 move earthquake\n>p2 move steameruption\n>p1 move bodyslam\n>p2 switch 4\n>p1 move swordsdance\n>p2 move toxicspikes\n>p1 move bodyslam\n>p2 move knockoff\n>p2 switch 3\n>p1 move earthquake terastallize\n>p2 move aurasphere\n>p2 switch 6\n>p1 move bodyslam\n>p2 move flipturn\n>p2 switch 4\n>p1 switch 5\n>p1 move voltswitch\n>p2 move steameruption\n>p1 switch 4\n>p2 switch 5\n>p1 move leechseed\n>p2 move dracometeor\n>p1 move powerwhip\n>p2 move lusterpurge\n>p1 switch 3\n>p1 move willowisp\n>p2 switch 4\n>p1 switch 4\n>p2 move waterfall\n>p1 switch 2\n>p1 move moonblast\n>p2 move waterfall\n>p1 move moonblast\n>p2 move waterfall\n>p1 switch 4\n>p1 move stoneedge\n>p2 move waterfall\n>p1 move rapidspin\n>p2 move waterfall\n>p1 switch 6\n>p1 move knockoff\n>p2 move waterfall", "uploadtime": 1782766338, "views": 5, "formatid": "gen9randombattle", "rating": 1646, "private": 0, "password": null, "player_dets": [{"name": "Myndo", "avatar": "blue", "rating": 1667, "seed": "sodium,fa7947bffc030525a6326a87d33f40a2"}, {"name": "pokemonhasu", "avatar": "102", "rating": 1653, "seed": "sodium,06e738c84529f9bfeef0f7db82255977"}], "teams_full": [{"Iron Hands": {"name": "Iron Hands", "species": "Iron Hands", "speciesId": "ironhands", "gender": "N", "shiny": false, "level": 79, "moves": ["icepunch", "wildcharge", "voltswitch", "closecombat"], "ability": "Quark Drive", "evs": {"hp": 85, "atk": 85, "def": 85, "spa": 85, "spd": 85, "spe": 85}, "ivs": {"hp": 31, "atk": 31, "def": 31, "spa": 31, "spd": 31, "spe": 31}, "item": "Assault Vest", "teraType": "Fighting", "role": "AV Pivot", "bvs": {"hp": 154, "atk": 140, "def": 108, "spa": 50, "spd": 68, "spe": 50}, "stats": {"hp": 373, "atk": 267, "def": 216, "spa": 125, "spd": 153, "spe": 125}, "types": ["Fighting", "Electric"]}, "Flutter Mane": {"name": "Flutter Mane", "species": "Flutter Mane", "speciesId": "fluttermane", "gender": "N", "shiny": false, "level": 74, "moves": ["thunderbolt", "moonblast", "calmmind", "shadowball"], "ability": "Protosynthesis", "evs": {"hp": 85, "atk": 0, "def": 85, "spa": 85, "spd": 85, "spe": 85}, "ivs": {"hp": 31, "atk": 0, "def": 31, "spa": 31, "spd": 31, "spe": 31}, "item": "Life Orb", "teraType": "Ghost", "role": "Setup Sweeper", "bvs": {"hp": 55, "atk": 55, "def": 55, "spa": 135, "spd": 135, "spe": 135}, "stats": {"hp": 203, "atk": 86, "def": 124, "spa": 243, "spd": 243, "spe": 243}, "types": ["Ghost", "Fairy"]}, "Coalossal": {"name": "Coalossal", "species": "Coalossal", "speciesId": "coalossal", "gender": "F", "shiny": false, "level": 89, "moves": ["rapidspin", "flamethrower", "stoneedge", "willowisp"], "ability": "Flame Body", "evs": {"hp": 85, "atk": 85, "def": 85, "spa": 85, "spd": 85, "spe": 85}, "ivs": {"hp": 31, "atk": 31, "def": 31, "spa": 31, "spd": 31, "spe": 31}, "item": "Heavy-Duty Boots", "teraType": "Grass", "role": "Bulky Support", "bvs": {"hp": 110, "atk": 80, "def": 120, "spa": 80, "spd": 90, "spe": 30}, "stats": {"hp": 341, "atk": 193, "def": 264, "spa": 193, "spd": 211, "spe": 104}, "types": ["Rock", "Fire"]}, "Brambleghast": {"name": "Brambleghast", "species": "Brambleghast", "speciesId": "brambleghast", "gender": "F", "shiny": false, "level": 88, "moves": ["substitute", "powerwhip", "poltergeist", "leechseed"], "ability": "Wind Rider", "evs": {"hp": 85, "atk": 85, "def": 85, "spa": 85, "spd": 85, "spe": 85}, "ivs": {"hp": 31, "atk": 31, "def": 31, "spa": 31, "spd": 31, "spe": 31}, "item": "Leftovers", "teraType": "Fairy", "role": "Fast Support", "bvs": {"hp": 55, "atk": 115, "def": 70, "spa": 80, "spd": 70, "spe": 90}, "stats": {"hp": 240, "atk": 253, "def": 173, "spa": 191, "spd": 173, "spe": 209}, "types": ["Grass", "Ghost"]}, "Greedent": {"name": "Greedent", "species": "Greedent", "speciesId": "greedent", "gender": "F", "shiny": false, "level": 86, "moves": ["knockoff", "earthquake", "bodyslam", "swordsdance"], "ability": "Cheek Pouch", "evs": {"hp": 85, "atk": 85, "def": 85, "spa": 85, "spd": 85, "spe": 85}, "ivs": {"hp": 31, "atk": 31, "def": 31, "spa": 31, "spd": 31, "spe": 31}, "item": "Sitrus Berry", "teraType": "Ground", "role": "Bulky Setup", "bvs": {"hp": 120, "atk": 95, "def": 95, "spa": 55, "spd": 75, "spe": 20}, "stats": {"hp": 347, "atk": 213, "def": 213, "spa": 144, "spd": 178, "spe": 84}, "types": ["Normal"]}, "Deoxys": {"name": "Deoxys", "species": "Deoxys-Attack", "speciesId": "deoxysattack", "gender": "N", "shiny": false, "level": 72, "moves": ["superpower", "knockoff", "psychoboost", "icebeam"], "ability": "Pressure", "evs": {"hp": 85, "atk": 85, "def": 85, "spa": 85, "spd": 85, "spe": 85}, "ivs": {"hp": 31, "atk": 31, "def": 31, "spa": 31, "spd": 31, "spe": 31}, "item": "Life Orb", "teraType": "Fighting", "role": "Wallbreaker", "bvs": {"hp": 50, "atk": 180, "def": 20, "spa": 180, "spd": 20, "spe": 150}, "stats": {"hp": 191, "atk": 301, "def": 71, "spa": 301, "spd": 71, "spe": 258}, "types": ["Psychic"]}}, {"Latios": {"name": "Latios", "species": "Latios", "speciesId": "latios", "gender": "M", "shiny": false, "level": 78, "moves": ["recover", "dracometeor", "lusterpurge", "aurasphere"], "ability": "Levitate", "evs": {"hp": 85, "atk": 0, "def": 85, "spa": 85, "spd": 85, "spe": 85}, "ivs": {"hp": 31, "atk": 0, "def": 31, "spa": 31, "spd": 31, "spe": 31}, "item": "Soul Dew", "teraType": "Fighting", "role": "Bulky Attacker", "bvs": {"hp": 80, "atk": 90, "def": 80, "spa": 130, "spd": 110, "spe": 110}, "stats": {"hp": 253, "atk": 145, "def": 170, "spa": 248, "spd": 217, "spe": 217}, "types": ["Dragon", "Psychic"]}, "Metagross": {"name": "Metagross", "species": "Metagross", "speciesId": "metagross", "gender": "N", "shiny": false, "level": 79, "moves": ["stealthrock", "bulletpunch", "heavyslam", "earthquake"], "ability": "Clear Body", "evs": {"hp": 85, "atk": 85, "def": 85, "spa": 85, "spd": 85, "spe": 85}, "ivs": {"hp": 31, "atk": 31, "def": 31, "spa": 31, "spd": 31, "spe": 31}, "item": "Leftovers", "teraType": "Water", "role": "Bulky Support", "bvs": {"hp": 80, "atk": 135, "def": 130, "spa": 95, "spd": 90, "spe": 70}, "stats": {"hp": 256, "atk": 259, "def": 251, "spa": 196, "spd": 188, "spe": 156}, "types": ["Steel", "Psychic"]}, "Cobalion": {"name": "Cobalion", "species": "Cobalion", "speciesId": "cobalion", "gender": "N", "shiny": false, "level": 80, "moves": ["calmmind", "flashcannon", "aurasphere", "vacuumwave"], "ability": "Justified", "evs": {"hp": 85, "atk": 0, "def": 85, "spa": 85, "spd": 85, "spe": 85}, "ivs": {"hp": 31, "atk": 0, "def": 31, "spa": 31, "spd": 31, "spe": 31}, "item": "Leftovers", "teraType": "Water", "role": "Bulky Setup", "bvs": {"hp": 91, "atk": 90, "def": 129, "spa": 90, "spd": 72, "spe": 108}, "stats": {"hp": 277, "atk": 149, "def": 253, "spa": 190, "spd": 161, "spe": 219}, "types": ["Steel", "Fighting"]}, "Gliscor": {"name": "Gliscor", "species": "Gliscor", "speciesId": "gliscor", "gender": "F", "shiny": false, "level": 76, "moves": ["protect", "toxicspikes", "knockoff", "earthquake"], "ability": "Poison Heal", "evs": {"hp": 85, "atk": 85, "def": 85, "spa": 85, "spd": 85, "spe": 85}, "ivs": {"hp": 31, "atk": 31, "def": 31, "spa": 31, "spd": 31, "spe": 31}, "item": "Toxic Orb", "teraType": "Water", "role": "Bulky Support", "bvs": {"hp": 75, "atk": 95, "def": 125, "spa": 45, "spd": 75, "spe": 95}, "stats": {"hp": 239, "atk": 188, "def": 234, "spa": 112, "spd": 158, "spe": 188}, "types": ["Ground", "Flying"]}, "Volcanion": {"name": "Volcanion", "species": "Volcanion", "speciesId": "volcanion", "gender": "N", "shiny": false, "level": 79, "moves": ["flamethrower", "haze", "sludgebomb", "steameruption"], "ability": "Water Absorb", "evs": {"hp": 85, "atk": 0, "def": 85, "spa": 85, "spd": 85, "spe": 85}, "ivs": {"hp": 31, "atk": 0, "def": 31, "spa": 31, "spd": 31, "spe": 31}, "item": "Heavy-Duty Boots", "teraType": "Water", "role": "Bulky Attacker", "bvs": {"hp": 80, "atk": 110, "def": 120, "spa": 130, "spd": 90, "spe": 70}, "stats": {"hp": 256, "atk": 178, "def": 235, "spa": 251, "spd": 188, "spe": 156}, "types": ["Fire", "Water"]}, "Barraskewda": {"name": "Barraskewda", "species": "Barraskewda", "speciesId": "barraskewda", "gender": "F", "shiny": false, "level": 81, "moves": ["psychicfangs", "closecombat", "flipturn", "waterfall"], "ability": "Swift Swim", "evs": {"hp": 85, "atk": 85, "def": 85, "spa": 85, "spd": 85, "spe": 85}, "ivs": {"hp": 31, "atk": 31, "def": 31, "spa": 31, "spd": 31, "spe": 31}, "item": "Choice Band", "teraType": "Water", "role": "Wallbreaker", "bvs": {"hp": 61, "atk": 123, "def": 60, "spa": 60, "spd": 50, "spe": 136}, "stats": {"hp": 231, "atk": 246, "def": 144, "spa": 144, "spd": 128, "spe": 267}, "types": ["Water"]}}]}