{"id": "gen9randombattle-2641327987", "format": "[Gen 9] Random Battle", "players": ["Teroxide", "notmetbh102"], "log": "|badge|p1|bronze|gen9randombattle|100-9\n|html|<div class=\"broadcast-red\"><strong>This battle is required to be public due to one or more player having a season medal.</strong><br />During the public phase, you can discuss the state of the ladder <a href=\"/seasondiscussion\">in a special chatroom.</a></div>\n|uhtml|medal-msg|<div class=\"broadcast-blue\">Curious what those medals under the avatar are? PS now has Ladder Seasons! For more information, check out the <a href=\"https://www.smogon.com/forums/threads/3740067/\">thread on Smogon.</a></div>\n|badge|p2|bronze|gen9randombattle|100-9\n|uhtml|medal-msg|<div class=\"broadcast-blue\">Curious what those medals under the avatar are? PS now has Ladder Seasons! For more information, check out the <a href=\"https://www.smogon.com/forums/threads/3740067/\">thread on Smogon.</a></div>\n|raw|<div class=\"broadcast-blue\"><strong>This battle is required to be public due to a player having a name starting with 'medal'.</div>\n|j|\u2606Teroxide\n|j|\u2606notmetbh102\n|t:|1782768479\n|gametype|singles\n|player|p1|Teroxide|169|2286\n|player|p2|notmetbh102|2|2371\n|gen|9\n|tier|[Gen 9] Random Battle\n|rated|\n|rule|Species Clause: Limit one of each Pok\u00e9mon\n|rule|HP Percentage Mod: HP is shown in percentages\n|rule|Sleep Clause Mod: Limit one foe put to sleep\n|rule|Illusion Level Mod: Illusion disguises the Pok\u00e9mon's true level\n|\n|t:|1782768479\n|teamsize|p1|6\n|teamsize|p2|6\n|start\n|switch|p1a: Iron Moth|Iron Moth, L78|253/253\n|switch|p2a: Slowbro|Slowbro-Galar, L87, F|307/307\n|turn|1\n|inactive|Battle timer is ON: inactive players will automatically lose when time's up. (requested by notmetbh102)\n|c|\u2606notmetbh102|hf\n|\n|t:|1782768484\n|move|p1a: Iron Moth|U-turn|p2a: Slowbro\n|-damage|p2a: Slowbro|275/307\n|\n|t:|1782768486\n|-end|p1a: Iron Moth|Quark Drive|[silent]\n|switch|p1a: Bombirdier|Bombirdier, L85, F|258/258|[from] U-turn\n|move|p2a: Slowbro|Shell Side Arm|p1a: Bombirdier|[anim] Shell Side Arm Special\n|-damage|p1a: Bombirdier|150/258\n|-hint|Special Shell Side Arm\n|\n|upkeep\n|turn|2\n|\n|t:|1782768488\n|switch|p2a: Wigglytuff|Wigglytuff, L96, F|424/424\n|move|p1a: Bombirdier|U-turn|p2a: Wigglytuff\n|-resisted|p2a: Wigglytuff\n|-damage|p2a: Wigglytuff|389/424\n|\n|t:|1782768495\n|switch|p1a: Ursaring|Ursaring, L84, M|288/288|[from] U-turn\n|\n|-heal|p2a: Wigglytuff|415/424|[from] item: Leftovers\n|-status|p1a: Ursaring|tox|[from] item: Toxic Orb\n|upkeep\n|turn|3\n|\n|t:|1782768496\n|move|p1a: Ursaring|Swords Dance|p1a: Ursaring\n|-boost|p1a: Ursaring|atk|2\n|move|p2a: Wigglytuff|Dazzling Gleam|p1a: Ursaring\n|-damage|p1a: Ursaring|173/288 tox\n|\n|-heal|p2a: Wigglytuff|424/424|[from] item: Leftovers\n|-damage|p1a: Ursaring|155/288 tox|[from] psn\n|upkeep\n|turn|4\n|\n|t:|1782768498\n|switch|p2a: Scizor|Scizor, L79, M|240/240\n|move|p1a: Ursaring|Facade|p2a: Scizor\n|-resisted|p2a: Scizor\n|-damage|p2a: Scizor|66/240\n|\n|-heal|p2a: Scizor|81/240|[from] item: Leftovers\n|-damage|p1a: Ursaring|119/288 tox|[from] psn\n|upkeep\n|turn|5\n|\n|t:|1782768500\n|switch|p1a: Iron Moth|Iron Moth, L78|253/253\n|move|p2a: Scizor|Bullet Punch|p1a: Iron Moth\n|-resisted|p1a: Iron Moth\n|-damage|p1a: Iron Moth|206/253\n|\n|-heal|p2a: Scizor|96/240|[from] item: Leftovers\n|upkeep\n|turn|6\n|\n|t:|1782768502\n|move|p2a: Scizor|Bullet Punch|p1a: Iron Moth\n|-resisted|p1a: Iron Moth\n|-damage|p1a: Iron Moth|158/253\n|move|p1a: Iron Moth|Fire Blast|p2a: Scizor\n|-supereffective|p2a: Scizor\n|-damage|p2a: Scizor|0 fnt\n|faint|p2a: Scizor\n|\n|upkeep\n|\n|t:|1782768503\n|switch|p2a: Samurott|Samurott-Hisui, L77, M|265/265\n|turn|7\n|\n|t:|1782768507\n|-end|p1a: Iron Moth|Quark Drive|[silent]\n|switch|p1a: Dachsbun|Dachsbun, L92, M|254/254\n|move|p2a: Samurott|Ceaseless Edge|p1a: Dachsbun\n|-resisted|p1a: Dachsbun\n|-damage|p1a: Dachsbun|200/254\n|-sidestart|p1: Teroxide|Spikes\n|\n|-heal|p1a: Dachsbun|215/254|[from] item: Leftovers\n|upkeep\n|turn|8\n|\n|t:|1782768509\n|switch|p2a: Slowbro|Slowbro-Galar, L87, F|307/307\n|move|p1a: Dachsbun|Play Rough|p2a: Slowbro\n|-resisted|p2a: Slowbro\n|-damage|p2a: Slowbro|261/307\n|\n|-heal|p1a: Dachsbun|230/254|[from] item: Leftovers\n|upkeep\n|turn|9\n|\n|t:|1782768510\n|move|p1a: Dachsbun|Protect|p1a: Dachsbun\n|-singleturn|p1a: Dachsbun|Protect\n|move|p2a: Slowbro|Shell Side Arm|p1a: Dachsbun|[anim] Shell Side Arm Special\n|-activate|p1a: Dachsbun|move: Protect\n|\n|-heal|p1a: Dachsbun|245/254|[from] item: Leftovers\n|upkeep\n|turn|10\n|\n|t:|1782768515\n|switch|p1a: Bombirdier|Bombirdier, L85, F|150/258\n|move|p2a: Slowbro|Shell Side Arm|p1a: Bombirdier|[anim] Shell Side Arm Special\n|-damage|p1a: Bombirdier|41/258\n|-hint|Special Shell Side Arm\n|\n|upkeep\n|turn|11\n|\n|t:|1782768517\n|switch|p2a: Wigglytuff|Wigglytuff, L96, F|424/424\n|move|p1a: Bombirdier|Brave Bird|p2a: Wigglytuff\n|-damage|p2a: Wigglytuff|240/424\n|-damage|p1a: Bombirdier|0 fnt|[from] Recoil\n|faint|p1a: Bombirdier\n|\n|-heal|p2a: Wigglytuff|266/424|[from] item: Leftovers\n|upkeep\n|\n|t:|1782768523\n|switch|p1a: Ursaring|Ursaring, L84, M|119/288 tox\n|-damage|p1a: Ursaring|83/288 tox|[from] Spikes\n|turn|12\n|\n|t:|1782768524\n|move|p1a: Ursaring|Facade|p2a: Wigglytuff\n|-damage|p2a: Wigglytuff|23/424\n|move|p2a: Wigglytuff|Knock Off|p1a: Ursaring\n|-damage|p1a: Ursaring|2/288 tox\n|-enditem|p1a: Ursaring|Toxic Orb|[from] move: Knock Off|[of] p2a: Wigglytuff\n|\n|-heal|p2a: Wigglytuff|49/424|[from] item: Leftovers\n|-damage|p1a: Ursaring|0 fnt|[from] psn\n|faint|p1a: Ursaring\n|upkeep\n|\n|t:|1782768530\n|switch|p1a: Ogerpon|Ogerpon, L80, F|259/259\n|turn|13\n|\n|t:|1782768532\n|switch|p2a: Slowbro|Slowbro-Galar, L87, F|307/307\n|move|p1a: Ogerpon|U-turn|p2a: Slowbro\n|-damage|p2a: Slowbro|256/307\n|\n|t:|1782768535\n|switch|p1a: Iron Moth|Iron Moth, L78|158/253|[from] U-turn\n|-damage|p1a: Iron Moth|127/253|[from] Spikes\n|\n|upkeep\n|turn|14\n|\n|t:|1782768536\n|move|p1a: Iron Moth|Fire Blast|p2a: Slowbro\n|-damage|p2a: Slowbro|111/307\n|move|p2a: Slowbro|Psychic|p1a: Iron Moth\n|-supereffective|p1a: Iron Moth\n|-damage|p1a: Iron Moth|0 fnt\n|faint|p1a: Iron Moth\n|-end|p1a: Iron Moth|Quark Drive|[silent]\n|\n|upkeep\n|\n|t:|1782768537\n|switch|p1a: Leavanny|Leavanny, L86, M|269/269\n|turn|15\n|\n|t:|1782768538\n|move|p1a: Leavanny|Knock Off|p2a: Slowbro\n|-supereffective|p2a: Slowbro\n|-damage|p2a: Slowbro|0 fnt\n|-enditem|p2a: Slowbro|Assault Vest|[from] move: Knock Off|[of] p1a: Leavanny\n|faint|p2a: Slowbro\n|\n|upkeep\n|\n|t:|1782768539\n|switch|p2a: Sunflora|Sunflora, M|312/312\n|turn|16\n|\n|t:|1782768541\n|move|p1a: Leavanny|Lunge|p2a: Sunflora\n|-supereffective|p2a: Sunflora\n|-damage|p2a: Sunflora|108/312\n|-unboost|p2a: Sunflora|atk|1\n|move|p2a: Sunflora|Sunny Day|p2a: Sunflora\n|-weather|SunnyDay\n|\n|-weather|SunnyDay|[upkeep]\n|upkeep\n|turn|17\n|\n|t:|1782768544\n|switch|p1a: Dachsbun|Dachsbun, L92, M|245/254\n|-damage|p1a: Dachsbun|214/254|[from] Spikes\n|move|p2a: Sunflora|Weather Ball|p1a: Dachsbun\n|-ability|p1a: Dachsbun|Well-Baked Body|boost\n|-boost|p1a: Dachsbun|def|2\n|\n|-weather|SunnyDay|[upkeep]\n|-heal|p1a: Dachsbun|229/254|[from] item: Leftovers\n|upkeep\n|turn|18\n|\n|t:|1782768547\n|move|p1a: Dachsbun|Protect|p1a: Dachsbun\n|-singleturn|p1a: Dachsbun|Protect\n|move|p2a: Sunflora|Solar Beam||[still]\n|-prepare|p2a: Sunflora|Solar Beam\n|-anim|p2a: Sunflora|Solar Beam|p1a: Dachsbun\n|-activate|p1a: Dachsbun|move: Protect\n|\n|-weather|SunnyDay|[upkeep]\n|-heal|p1a: Dachsbun|244/254|[from] item: Leftovers\n|upkeep\n|turn|19\n|\n|t:|1782768549\n|move|p2a: Sunflora|Solar Beam||[still]\n|-prepare|p2a: Sunflora|Solar Beam\n|-anim|p2a: Sunflora|Solar Beam|p1a: Dachsbun\n|-damage|p1a: Dachsbun|0 fnt\n|faint|p1a: Dachsbun\n|-damage|p2a: Sunflora|77/312|[from] item: Life Orb\n|\n|-weather|SunnyDay|[upkeep]\n|upkeep\n|\n|t:|1782768552\n|switch|p1a: Ogerpon|Ogerpon, L80, F|259/259\n|turn|20\n|\n|t:|1782768556\n|-terastallize|p1a: Ogerpon|Grass\n|detailschange|p1a: Ogerpon|Ogerpon-Teal-Tera, L80, F, tera:Grass\n|-ability|p1a: Ogerpon|Embody Aspect (Teal)|boost\n|-boost|p1a: Ogerpon|spe|1\n|move|p1a: Ogerpon|Ivy Cudgel|p2a: Sunflora\n|-resisted|p2a: Sunflora\n|-damage|p2a: Sunflora|0 fnt\n|faint|p2a: Sunflora\n|\n|-weather|none\n|upkeep\n|\n|t:|1782768557\n|switch|p2a: Samurott|Samurott-Hisui, L77, M|265/265\n|turn|21\n|\n|t:|1782768558\n|-terastallize|p2a: Samurott|Dark\n|move|p1a: Ogerpon|Ivy Cudgel|p2a: Samurott\n|-damage|p2a: Samurott|81/265\n|move|p2a: Samurott|Ceaseless Edge|p1a: Ogerpon\n|-damage|p1a: Ogerpon|55/259\n|-sidestart|p1: Teroxide|Spikes\n|\n|upkeep\n|turn|22\n|\n|t:|1782768561\n|switch|p2a: Wigglytuff|Wigglytuff, L96, F|49/424\n|move|p1a: Ogerpon|Ivy Cudgel|p2a: Wigglytuff\n|-damage|p2a: Wigglytuff|0 fnt\n|faint|p2a: Wigglytuff\n|\n|upkeep\n|\n|t:|1782768561\n|switch|p2a: Meloetta|Meloetta, L82|298/298\n|turn|23\n|\n|t:|1782768564\n|move|p1a: Ogerpon|U-turn|p2a: Meloetta\n|-supereffective|p2a: Meloetta\n|-damage|p2a: Meloetta|170/298\n|\n|t:|1782768565\n|switch|p1a: Leavanny|Leavanny, L86, M|269/269|[from] U-turn\n|move|p2a: Meloetta|Focus Blast|p1a: Leavanny\n|-resisted|p1a: Leavanny\n|-damage|p1a: Leavanny|221/269\n|\n|-heal|p2a: Meloetta|188/298|[from] item: Leftovers\n|upkeep\n|turn|24\n|\n|t:|1782768570\n|switch|p2a: Samurott|Samurott-Hisui, L77, M, tera:Dark|81/265\n|move|p1a: Leavanny|Sticky Web|p2a: Samurott\n|-sidestart|p2: notmetbh102|move: Sticky Web\n|\n|upkeep\n|turn|25\n|\n|t:|1782768571\n|move|p1a: Leavanny|Leaf Blade|p2a: Samurott\n|-damage|p2a: Samurott|0 fnt\n|faint|p2a: Samurott\n|\n|upkeep\n|\n|t:|1782768572\n|switch|p2a: Meloetta|Meloetta, L82|188/298\n|-activate|p2a: Meloetta|move: Sticky Web\n|-unboost|p2a: Meloetta|spe|1\n|turn|26\n|\n|t:|1782768573\n|move|p1a: Leavanny|Lunge|p2a: Meloetta\n|-supereffective|p2a: Meloetta\n|-damage|p2a: Meloetta|0 fnt\n|faint|p2a: Meloetta\n|\n|win|Teroxide\n|raw|Teroxide's rating: 2286 &rarr; <strong>2311</strong><br />(+25 for winning)\n|raw|notmetbh102's rating: 2371 &rarr; <strong>2346</strong><br />(-25 for losing)\n|c|\u2606notmetbh102|gg\n", "inputlog": ">version f8ac14003a5f27e1bdc8d8c59608a773c1cb96e5\n>start {\"formatid\":\"gen9randombattle\",\"seed\":\"sodium,9770ac6db48e89d80a5575dc6d63d0e6\",\"rated\":\"Rated battle\"}\n>player p1 {\"name\":\"Teroxide\",\"avatar\":\"169\",\"rating\":2286,\"seed\":\"sodium,a881a074e9889382960cdff58d0cad18\"}\n>player p2 {\"name\":\"notmetbh102\",\"avatar\":\"2\",\"rating\":2371,\"seed\":\"sodium,59916007a768cb922e623bae6107674f\"}\n>chat \u2606notmetbh102|hf\n>p1 move uturn\n>p2 move shellsidearm\n>p1 switch 5\n>p1 move uturn\n>p2 switch 3\n>p1 switch 6\n>p1 move swordsdance\n>p2 move dazzlinggleam\n>p1 move facade\n>p2 switch 6\n>p1 switch 5\n>p2 move bulletpunch\n>p1 move fireblast\n>p2 move bulletpunch\n>p2 switch 5\n>p1 switch 4\n>p2 move ceaselessedge\n>p1 move playrough\n>p2 switch 3\n>p1 move protect\n>p2 move shellsidearm\n>p1 switch 6\n>p2 move shellsidearm\n>p1 move bravebird\n>p2 switch 6\n>p1 switch 5\n>p1 move facade\n>p2 move knockoff\n>p1 switch 3\n>p1 move uturn\n>p2 switch 6\n>p1 switch 4\n>p1 move fireblast\n>p2 move psychic\n>p1 switch 2\n>p1 move knockoff\n>p2 move shellsidearm\n>p2 switch 4\n>p1 move lunge\n>p2 move sunnyday\n>p1 switch 6\n>p2 move weatherball\n>p1 move protect\n>p2 move solarbeam\n>p1 move wish\n>p2 move solarbeam\n>p1 switch 4\n>p1 move ivycudgel terastallize\n>p2 move weatherball\n>p2 switch 3\n>p1 move ivycudgel\n>p2 move ceaselessedge terastallize\n>p1 move ivycudgel\n>p2 switch 6\n>p2 switch 2\n>p1 move uturn\n>p2 move focusblast\n>p1 switch 6\n>p1 move stickyweb\n>p2 switch 6\n>p1 move leafblade\n>p2 move sacredsword\n>p2 switch 6\n>p1 move lunge\n>p2 move focusblast", "uploadtime": 1782768573, "views": 5, "formatid": "gen9randombattle", "rating": 2311, "private": 0, "password": null, "player_dets": [{"name": "Teroxide", "avatar": "169", "rating": 2286, "seed": "sodium,a881a074e9889382960cdff58d0cad18"}, {"name": "notmetbh102", "avatar": "2", "rating": 2371, "seed": "sodium,59916007a768cb922e623bae6107674f"}], "teams_full": [{"Iron Moth": {"name": "Iron Moth", "species": "Iron Moth", "speciesId": "ironmoth", "gender": "N", "shiny": false, "level": 78, "moves": ["energyball", "sludgewave", "fireblast", "uturn"], "ability": "Quark Drive", "evs": {"hp": 85, "atk": 85, "def": 85, "spa": 85, "spd": 85, "spe": 85}, "ivs": {"hp": 31, "atk": 31, "def": 31, "spa": 31, "spd": 31, "spe": 31}, "item": "Choice Specs", "teraType": "Grass", "role": "Fast Attacker", "bvs": {"hp": 80, "atk": 70, "def": 60, "spa": 140, "spd": 110, "spe": 110}, "stats": {"hp": 253, "atk": 154, "def": 139, "spa": 263, "spd": 217, "spe": 217}, "types": ["Fire", "Poison"]}, "Leavanny": {"name": "Leavanny", "species": "Leavanny", "speciesId": "leavanny", "gender": "M", "shiny": false, "level": 86, "moves": ["stickyweb", "knockoff", "leafblade", "lunge"], "ability": "Swarm", "evs": {"hp": 85, "atk": 85, "def": 85, "spa": 85, "spd": 85, "spe": 85}, "ivs": {"hp": 31, "atk": 31, "def": 31, "spa": 31, "spd": 31, "spe": 31}, "item": "Heavy-Duty Boots", "teraType": "Ghost", "role": "Fast Support", "bvs": {"hp": 75, "atk": 103, "def": 80, "spa": 70, "spd": 80, "spe": 92}, "stats": {"hp": 269, "atk": 226, "def": 187, "spa": 170, "spd": 187, "spe": 207}, "types": ["Bug", "Grass"]}, "Ogerpon": {"name": "Ogerpon", "species": "Ogerpon", "speciesId": "ogerpon", "gender": "F", "shiny": false, "level": 80, "moves": ["synthesis", "uturn", "encore", "ivycudgel"], "ability": "Defiant", "evs": {"hp": 85, "atk": 85, "def": 85, "spa": 85, "spd": 85, "spe": 85}, "ivs": {"hp": 31, "atk": 31, "def": 31, "spa": 31, "spd": 31, "spe": 31}, "item": "Heavy-Duty Boots", "teraType": "Grass", "role": "Fast Support", "bvs": {"hp": 80, "atk": 120, "def": 84, "spa": 60, "spd": 96, "spe": 110}, "stats": {"hp": 259, "atk": 238, "def": 181, "spa": 142, "spd": 200, "spe": 222}, "types": ["Grass"]}, "Dachsbun": {"name": "Dachsbun", "species": "Dachsbun", "speciesId": "dachsbun", "gender": "M", "shiny": false, "level": 92, "moves": ["playrough", "protect", "bodypress", "wish"], "ability": "Well-Baked Body", "evs": {"hp": 85, "atk": 85, "def": 85, "spa": 85, "spd": 85, "spe": 85}, "ivs": {"hp": 31, "atk": 31, "def": 31, "spa": 31, "spd": 31, "spe": 31}, "item": "Leftovers", "teraType": "Steel", "role": "Bulky Support", "bvs": {"hp": 57, "atk": 80, "def": 115, "spa": 50, "spd": 80, "spe": 95}, "stats": {"hp": 254, "atk": 200, "def": 264, "spa": 144, "spd": 200, "spe": 227}, "types": ["Fairy"]}, "Bombirdier": {"name": "Bombirdier", "species": "Bombirdier", "speciesId": "bombirdier", "gender": "F", "shiny": false, "level": 85, "moves": ["knockoff", "stoneedge", "bravebird", "uturn"], "ability": "Rocky Payload", "evs": {"hp": 85, "atk": 85, "def": 85, "spa": 85, "spd": 85, "spe": 85}, "ivs": {"hp": 31, "atk": 31, "def": 31, "spa": 31, "spd": 31, "spe": 31}, "item": "Choice Scarf", "teraType": "Rock", "role": "Fast Attacker", "bvs": {"hp": 70, "atk": 103, "def": 85, "spa": 60, "spd": 85, "spe": 82}, "stats": {"hp": 258, "atk": 224, "def": 193, "spa": 151, "spd": 193, "spe": 188}, "types": ["Flying", "Dark"]}, "Ursaring": {"name": "Ursaring", "species": "Ursaring", "speciesId": "ursaring", "gender": "M", "shiny": false, "level": 84, "moves": ["closecombat", "throatchop", "swordsdance", "facade"], "ability": "Quick Feet", "evs": {"hp": 85, "atk": 85, "def": 85, "spa": 85, "spd": 85, "spe": 85}, "ivs": {"hp": 31, "atk": 31, "def": 31, "spa": 31, "spd": 31, "spe": 31}, "item": "Toxic Orb", "teraType": "Normal", "role": "Setup Sweeper", "bvs": {"hp": 90, "atk": 130, "def": 75, "spa": 75, "spd": 75, "spe": 55}, "stats": {"hp": 288, "atk": 267, "def": 174, "spa": 174, "spd": 174, "spe": 141}, "types": ["Normal"]}}, {"Slowbro": {"name": "Slowbro", "species": "Slowbro-Galar", "speciesId": "slowbrogalar", "gender": "F", "shiny": false, "level": 87, "moves": ["psychic", "surf", "earthquake", "shellsidearm"], "ability": "Regenerator", "evs": {"hp": 85, "atk": 85, "def": 85, "spa": 85, "spd": 85, "spe": 85}, "ivs": {"hp": 31, "atk": 31, "def": 31, "spa": 31, "spd": 31, "spe": 31}, "item": "Assault Vest", "teraType": "Water", "role": "AV Pivot", "bvs": {"hp": 95, "atk": 100, "def": 95, "spa": 100, "spd": 70, "spe": 30}, "stats": {"hp": 307, "atk": 224, "def": 215, "spa": 224, "spd": 172, "spe": 102}, "types": ["Poison", "Psychic"]}, "Meloetta": {"name": "Meloetta", "species": "Meloetta", "speciesId": "meloetta", "gender": "N", "shiny": false, "level": 82, "moves": ["calmmind", "focusblast", "hypervoice", "psyshock"], "ability": "Serene Grace", "evs": {"hp": 85, "atk": 0, "def": 85, "spa": 85, "spd": 85, "spe": 85}, "ivs": {"hp": 31, "atk": 0, "def": 31, "spa": 31, "spd": 31, "spe": 31}, "item": "Leftovers", "teraType": "Normal", "role": "Bulky Attacker", "bvs": {"hp": 100, "atk": 77, "def": 77, "spa": 128, "spd": 128, "spe": 90}, "stats": {"hp": 298, "atk": 131, "def": 173, "spa": 257, "spd": 257, "spe": 195}, "types": ["Normal", "Psychic"]}, "Wigglytuff": {"name": "Wigglytuff", "species": "Wigglytuff", "speciesId": "wigglytuff", "gender": "F", "shiny": false, "level": 96, "moves": ["knockoff", "fireblast", "thunderwave", "dazzlinggleam"], "ability": "Competitive", "evs": {"hp": 85, "atk": 85, "def": 85, "spa": 85, "spd": 85, "spe": 85}, "ivs": {"hp": 31, "atk": 31, "def": 31, "spa": 31, "spd": 31, "spe": 31}, "item": "Leftovers", "teraType": "Poison", "role": "Bulky Support", "bvs": {"hp": 140, "atk": 70, "def": 45, "spa": 85, "spd": 50, "spe": 45}, "stats": {"hp": 424, "atk": 189, "def": 141, "spa": 218, "spd": 150, "spe": 141}, "types": ["Normal", "Fairy"]}, "Sunflora": {"name": "Sunflora", "species": "Sunflora", "speciesId": "sunflora", "gender": "M", "shiny": false, "level": 100, "moves": ["sunnyday", "solarbeam", "earthpower", "weatherball"], "ability": "Chlorophyll", "evs": {"hp": 85, "atk": 0, "def": 85, "spa": 85, "spd": 85, "spe": 85}, "ivs": {"hp": 31, "atk": 0, "def": 31, "spa": 31, "spd": 31, "spe": 31}, "item": "Life Orb", "teraType": "Fire", "role": "Setup Sweeper", "bvs": {"hp": 75, "atk": 75, "def": 55, "spa": 105, "spd": 85, "spe": 30}, "stats": {"hp": 312, "atk": 155, "def": 167, "spa": 267, "spd": 227, "spe": 117}, "types": ["Grass"]}, "Samurott": {"name": "Samurott", "species": "Samurott-Hisui", "speciesId": "samurotthisui", "gender": "M", "shiny": false, "level": 77, "moves": ["razorshell", "sacredsword", "suckerpunch", "ceaselessedge"], "ability": "Sharpness", "evs": {"hp": 85, "atk": 85, "def": 85, "spa": 85, "spd": 85, "spe": 85}, "ivs": {"hp": 31, "atk": 31, "def": 31, "spa": 31, "spd": 31, "spe": 31}, "item": "Choice Band", "teraType": "Dark", "role": "Fast Attacker", "bvs": {"hp": 90, "atk": 108, "def": 80, "spa": 100, "spd": 65, "spe": 85}, "stats": {"hp": 265, "atk": 211, "def": 168, "spa": 199, "spd": 145, "spe": 175}, "types": ["Water", "Dark"]}, "Scizor": {"name": "Scizor", "species": "Scizor", "speciesId": "scizor", "gender": "M", "shiny": false, "level": 79, "moves": ["bulletpunch", "defog", "knockoff", "uturn"], "ability": "Technician", "evs": {"hp": 85, "atk": 85, "def": 85, "spa": 85, "spd": 85, "spe": 85}, "ivs": {"hp": 31, "atk": 31, "def": 31, "spa": 31, "spd": 31, "spe": 31}, "item": "Leftovers", "teraType": "Steel", "role": "Bulky Support", "bvs": {"hp": 70, "atk": 130, "def": 100, "spa": 55, "spd": 80, "spe": 65}, "stats": {"hp": 240, "atk": 251, "def": 204, "spa": 132, "spd": 172, "spe": 148}, "types": ["Bug", "Steel"]}}]}