{"id": "gen9randombattle-2641464082", "format": "[Gen 9] Random Battle", "players": ["N2itive1", "Pfendy"], "log": "|j|\u2606N2itive1\n|j|\u2606Pfendy\n|t:|1782788792\n|gametype|singles\n|player|p1|N2itive1|unknown|1656\n|player|p2|Pfendy|birdkeeper|1608\n|gen|9\n|tier|[Gen 9] Random Battle\n|rated|\n|rule|Species Clause: Limit one of each Pok\u00e9mon\n|rule|HP Percentage Mod: HP is shown in percentages\n|rule|Sleep Clause Mod: Limit one foe put to sleep\n|rule|Illusion Level Mod: Illusion disguises the Pok\u00e9mon's true level\n|\n|t:|1782788792\n|teamsize|p1|6\n|teamsize|p2|6\n|start\n|switch|p1a: Toucannon|Toucannon, L88, F|284/284\n|switch|p2a: Dondozo|Dondozo, L78, M|362/362\n|turn|1\n|\n|t:|1782788801\n|switch|p2a: Whiscash|Whiscash, L88, M|337/337\n|move|p1a: Toucannon|Bullet Seed|p2a: Whiscash\n|-supereffective|p2a: Whiscash\n|-damage|p2a: Whiscash|229/337\n|-supereffective|p2a: Whiscash\n|-crit|p2a: Whiscash\n|-damage|p2a: Whiscash|81/337\n|-supereffective|p2a: Whiscash\n|-damage|p2a: Whiscash|0 fnt\n|faint|p2a: Whiscash\n|-hitcount|p2: Whiscash|3\n|\n|upkeep\n|\n|t:|1782788809\n|switch|p2a: Scyther|Scyther, L82, M|249/249\n|turn|2\n|\n|t:|1782788815\n|-singleturn|p1a: Toucannon|move: Beak Blast\n|move|p2a: Scyther|Dual Wingbeat|p1a: Toucannon\n|-damage|p1a: Toucannon|212/284\n|-status|p2a: Scyther|brn\n|-damage|p1a: Toucannon|179/284\n|-hitcount|p1a: Toucannon|2\n|move|p1a: Toucannon|Beak Blast|p2a: Scyther\n|-supereffective|p2a: Scyther\n|-damage|p2a: Scyther|0 fnt\n|faint|p2a: Scyther\n|\n|upkeep\n|\n|t:|1782788822\n|switch|p2a: Kingambit|Kingambit, L74, M|270/270\n|-activate|p2a: Kingambit|ability: Supreme Overlord\n|-start|p2a: Kingambit|fallen2|[silent]\n|turn|3\n|\n|t:|1782788843\n|switch|p1a: Hitmonlee|Hitmonlee, L85, M|223/223\n|move|p2a: Kingambit|Swords Dance|p2a: Kingambit\n|-boost|p2a: Kingambit|atk|2\n|\n|upkeep\n|turn|4\n|\n|t:|1782788852\n|-terastallize|p2a: Kingambit|Dark\n|move|p1a: Hitmonlee|Mach Punch|p2a: Kingambit\n|-supereffective|p2a: Kingambit\n|-damage|p2a: Kingambit|142/270\n|move|p2a: Kingambit|Sucker Punch||[still]\n|-fail|p2a: Kingambit\n|\n|-heal|p2a: Kingambit|158/270|[from] item: Leftovers\n|upkeep\n|turn|5\n|inactive|Battle timer is ON: inactive players will automatically lose when time's up. (requested by Pfendy)\n|\n|t:|1782788872\n|switch|p1a: Mandibuzz|Mandibuzz, L85, F|326/326\n|move|p2a: Kingambit|Sucker Punch||[still]\n|-fail|p2a: Kingambit\n|\n|-heal|p2a: Kingambit|174/270|[from] item: Leftovers\n|upkeep\n|turn|6\n|\n|t:|1782788887\n|move|p1a: Mandibuzz|Roost||[still]\n|-fail|p1a: Mandibuzz|heal\n|move|p2a: Kingambit|Iron Head|p1a: Mandibuzz\n|-damage|p1a: Mandibuzz|136/326\n|\n|-heal|p2a: Kingambit|190/270|[from] item: Leftovers\n|upkeep\n|turn|7\n|\n|t:|1782788898\n|move|p1a: Mandibuzz|Toxic|p2a: Kingambit\n|-status|p2a: Kingambit|tox\n|move|p2a: Kingambit|Iron Head|p1a: Mandibuzz\n|-damage|p1a: Mandibuzz|0 fnt\n|faint|p1a: Mandibuzz\n|\n|-heal|p2a: Kingambit|206/270 tox|[from] item: Leftovers\n|-damage|p2a: Kingambit|190/270 tox|[from] psn\n|upkeep\n|\n|t:|1782788920\n|switch|p1a: Hitmonlee|Hitmonlee, L85, M|223/223\n|turn|8\n|\n|t:|1782788926\n|-end|p2a: Kingambit|fallen2|[silent]\n|switch|p2a: Dondozo|Dondozo, L78, M|362/362\n|move|p1a: Hitmonlee|High Jump Kick|p2a: Dondozo\n|-damage|p2a: Dondozo|77/362\n|\n|-heal|p2a: Dondozo|99/362|[from] item: Leftovers\n|upkeep\n|turn|9\n|\n|t:|1782788932\n|move|p1a: Hitmonlee|High Jump Kick|p2a: Dondozo\n|-damage|p2a: Dondozo|0 fnt\n|faint|p2a: Dondozo\n|\n|upkeep\n|\n|t:|1782788939\n|switch|p2a: Passimian|Passimian, L83, F|302/302\n|turn|10\n|\n|t:|1782788944\n|move|p1a: Hitmonlee|High Jump Kick|p2a: Passimian\n|-damage|p2a: Passimian|25/302\n|move|p2a: Passimian|Close Combat|p1a: Hitmonlee\n|-damage|p1a: Hitmonlee|0 fnt\n|-unboost|p2a: Passimian|def|1\n|-unboost|p2a: Passimian|spd|1\n|faint|p1a: Hitmonlee\n|\n|upkeep\n|\n|t:|1782788970\n|switch|p1a: Azelf|Azelf, L82|257/257\n|turn|11\n|\n|t:|1782788976\n|switch|p2a: Oinkologne|Oinkologne-F, L92, F|361/361\n|move|p1a: Azelf|Psychic|p2a: Oinkologne\n|-damage|p2a: Oinkologne|231/361\n|-damage|p1a: Azelf|232/257|[from] item: Life Orb\n|\n|-heal|p2a: Oinkologne|253/361|[from] item: Leftovers\n|upkeep\n|turn|12\n|\n|t:|1782788992\n|switch|p1a: Toucannon|Toucannon, L88, F|179/284\n|move|p2a: Oinkologne|Body Slam|p1a: Toucannon\n|-damage|p1a: Toucannon|79/284\n|\n|-heal|p2a: Oinkologne|275/361|[from] item: Leftovers\n|upkeep\n|turn|13\n|\n|t:|1782789001\n|move|p2a: Oinkologne|Curse|p2a: Oinkologne\n|-unboost|p2a: Oinkologne|spe|1\n|-boost|p2a: Oinkologne|atk|1\n|-boost|p2a: Oinkologne|def|1\n|move|p1a: Toucannon|Roost|p1a: Toucannon\n|-heal|p1a: Toucannon|221/284\n|-singleturn|p1a: Toucannon|move: Roost\n|\n|-heal|p2a: Oinkologne|297/361|[from] item: Leftovers\n|upkeep\n|turn|14\n|\n|t:|1782789019\n|-singleturn|p1a: Toucannon|move: Beak Blast\n|move|p2a: Oinkologne|Body Slam|p1a: Toucannon\n|-damage|p1a: Toucannon|59/284\n|-status|p2a: Oinkologne|brn\n|move|p1a: Toucannon|Beak Blast|p2a: Oinkologne\n|-damage|p2a: Oinkologne|198/361 brn\n|\n|-heal|p2a: Oinkologne|220/361 brn|[from] item: Leftovers\n|-damage|p2a: Oinkologne|198/361 brn|[from] brn\n|upkeep\n|turn|15\n|\n|t:|1782789028\n|move|p1a: Toucannon|Roost|p1a: Toucannon\n|-heal|p1a: Toucannon|201/284\n|-singleturn|p1a: Toucannon|move: Roost\n|move|p2a: Oinkologne|Curse|p2a: Oinkologne\n|-unboost|p2a: Oinkologne|spe|1\n|-boost|p2a: Oinkologne|atk|1\n|-boost|p2a: Oinkologne|def|1\n|\n|-heal|p2a: Oinkologne|220/361 brn|[from] item: Leftovers\n|-damage|p2a: Oinkologne|198/361 brn|[from] brn\n|upkeep\n|turn|16\n|\n|t:|1782789042\n|move|p1a: Toucannon|Boomburst|p2a: Oinkologne\n|-damage|p2a: Oinkologne|68/361 brn\n|move|p2a: Oinkologne|Rest|p2a: Oinkologne\n|-status|p2a: Oinkologne|slp|[from] move: Rest\n|-heal|p2a: Oinkologne|361/361 slp|[silent]\n|\n|upkeep\n|turn|17\n|\n|t:|1782789059\n|switch|p1a: Archaludon|Archaludon, L78, F|268/268\n|cant|p2a: Oinkologne|slp\n|move|p2a: Oinkologne|Sleep Talk|p2a: Oinkologne\n|move|p2a: Oinkologne|Body Slam|p1a: Archaludon|[from] move: Sleep Talk\n|-resisted|p1a: Archaludon\n|-damage|p1a: Archaludon|186/268\n|-status|p1a: Archaludon|par\n|-ability|p1a: Archaludon|Stamina|boost\n|-boost|p1a: Archaludon|def|1\n|\n|-heal|p1a: Archaludon|202/268 par|[from] item: Leftovers\n|upkeep\n|turn|18\n|\n|t:|1782789071\n|move|p1a: Archaludon|Body Press|p2a: Oinkologne\n|-supereffective|p2a: Oinkologne\n|-damage|p2a: Oinkologne|257/361 slp\n|cant|p2a: Oinkologne|slp\n|move|p2a: Oinkologne|Sleep Talk|p2a: Oinkologne\n|move|p2a: Oinkologne|Rest||[from] move: Sleep Talk|[still]\n|-fail|p2a: Oinkologne\n|\n|-heal|p1a: Archaludon|218/268 par|[from] item: Leftovers\n|-heal|p2a: Oinkologne|279/361 slp|[from] item: Leftovers\n|upkeep\n|turn|19\n|\n|t:|1782789078\n|cant|p1a: Archaludon|par\n|-curestatus|p2a: Oinkologne|slp|[msg]\n|move|p2a: Oinkologne|Curse|p2a: Oinkologne\n|-unboost|p2a: Oinkologne|spe|1\n|-boost|p2a: Oinkologne|atk|1\n|-boost|p2a: Oinkologne|def|1\n|\n|-heal|p1a: Archaludon|234/268 par|[from] item: Leftovers\n|-heal|p2a: Oinkologne|301/361|[from] item: Leftovers\n|upkeep\n|turn|20\n|\n|t:|1782789084\n|move|p1a: Archaludon|Draco Meteor|p2a: Oinkologne|[miss]\n|-miss|p1a: Archaludon|p2a: Oinkologne\n|move|p2a: Oinkologne|Curse|p2a: Oinkologne\n|-unboost|p2a: Oinkologne|spe|1\n|-boost|p2a: Oinkologne|atk|1\n|-boost|p2a: Oinkologne|def|1\n|\n|-heal|p1a: Archaludon|250/268 par|[from] item: Leftovers\n|-heal|p2a: Oinkologne|323/361|[from] item: Leftovers\n|upkeep\n|turn|21\n|\n|t:|1782789088\n|move|p1a: Archaludon|Stealth Rock|p2a: Oinkologne\n|-sidestart|p2: Pfendy|move: Stealth Rock\n|move|p2a: Oinkologne|Curse|p2a: Oinkologne\n|-unboost|p2a: Oinkologne|spe|1\n|-boost|p2a: Oinkologne|atk|1\n|-boost|p2a: Oinkologne|def|1\n|\n|-heal|p1a: Archaludon|266/268 par|[from] item: Leftovers\n|-heal|p2a: Oinkologne|345/361|[from] item: Leftovers\n|upkeep\n|turn|22\n|\n|t:|1782789092\n|move|p1a: Archaludon|Draco Meteor|p2a: Oinkologne\n|-damage|p2a: Oinkologne|201/361\n|-unboost|p1a: Archaludon|spa|2\n|move|p2a: Oinkologne|Curse|p2a: Oinkologne\n|-unboost|p2a: Oinkologne|spe|1\n|-boost|p2a: Oinkologne|atk|1\n|-boost|p2a: Oinkologne|def|1\n|\n|-heal|p1a: Archaludon|268/268 par|[from] item: Leftovers\n|-heal|p2a: Oinkologne|223/361|[from] item: Leftovers\n|upkeep\n|turn|23\n|\n|t:|1782789104\n|switch|p1a: Milotic|Milotic, L83, M|293/293\n|move|p2a: Oinkologne|Body Slam|p1a: Milotic\n|-damage|p1a: Milotic|0 fnt\n|faint|p1a: Milotic\n|\n|-heal|p2a: Oinkologne|245/361|[from] item: Leftovers\n|upkeep\n|\n|t:|1782789114\n|switch|p1a: Toucannon|Toucannon, L88, F|201/284\n|turn|24\n|\n|t:|1782789124\n|-singleturn|p1a: Toucannon|move: Beak Blast\n|move|p2a: Oinkologne|Rest|p2a: Oinkologne\n|-status|p2a: Oinkologne|slp|[from] move: Rest\n|-heal|p2a: Oinkologne|361/361 slp|[silent]\n|move|p1a: Toucannon|Beak Blast|p2a: Oinkologne\n|-damage|p2a: Oinkologne|325/361 slp\n|\n|-heal|p2a: Oinkologne|347/361 slp|[from] item: Leftovers\n|upkeep\n|turn|25\n|\n|t:|1782789137\n|switch|p1a: Azelf|Azelf, L82|232/257\n|cant|p2a: Oinkologne|slp\n|move|p2a: Oinkologne|Sleep Talk|p2a: Oinkologne\n|move|p2a: Oinkologne|Curse|p2a: Oinkologne|[from] move: Sleep Talk\n|\n|-heal|p2a: Oinkologne|361/361 slp|[from] item: Leftovers\n|upkeep\n|turn|26\n|\n|t:|1782789144\n|move|p1a: Azelf|Nasty Plot|p1a: Azelf\n|-boost|p1a: Azelf|spa|2\n|cant|p2a: Oinkologne|slp\n|move|p2a: Oinkologne|Sleep Talk|p2a: Oinkologne\n|move|p2a: Oinkologne|Body Slam|p1a: Azelf|[from] move: Sleep Talk\n|-damage|p1a: Azelf|0 fnt\n|faint|p1a: Azelf\n|\n|upkeep\n|\n|t:|1782789146\n|switch|p1a: Toucannon|Toucannon, L88, F|201/284\n|turn|27\n|\n|t:|1782789155\n|-singleturn|p1a: Toucannon|move: Beak Blast\n|-curestatus|p2a: Oinkologne|slp|[msg]\n|move|p2a: Oinkologne|Body Slam|p1a: Toucannon\n|-damage|p1a: Toucannon|0 fnt\n|-status|p2a: Oinkologne|brn\n|faint|p1a: Toucannon\n|\n|-damage|p2a: Oinkologne|339/361 brn|[from] brn\n|upkeep\n|\n|t:|1782789157\n|switch|p1a: Archaludon|Archaludon, L78, F|268/268 par\n|turn|28\n|\n|t:|1782789172\n|move|p1a: Archaludon|Flash Cannon|p2a: Oinkologne\n|-damage|p2a: Oinkologne|257/361 brn\n|move|p2a: Oinkologne|Rest|p2a: Oinkologne\n|-status|p2a: Oinkologne|slp|[from] move: Rest\n|-heal|p2a: Oinkologne|361/361 slp|[silent]\n|\n|upkeep\n|turn|29\n|\n|t:|1782789177\n|move|p1a: Archaludon|Flash Cannon|p2a: Oinkologne\n|-damage|p2a: Oinkologne|276/361 slp\n|cant|p2a: Oinkologne|slp\n|move|p2a: Oinkologne|Sleep Talk|p2a: Oinkologne\n|move|p2a: Oinkologne|Rest||[from] move: Sleep Talk|[still]\n|-fail|p2a: Oinkologne\n|\n|-heal|p2a: Oinkologne|298/361 slp|[from] item: Leftovers\n|upkeep\n|turn|30\n|\n|t:|1782789183\n|move|p1a: Archaludon|Flash Cannon|p2a: Oinkologne\n|-damage|p2a: Oinkologne|211/361 slp\n|-unboost|p2a: Oinkologne|spd|1\n|cant|p2a: Oinkologne|slp\n|move|p2a: Oinkologne|Sleep Talk|p2a: Oinkologne\n|move|p2a: Oinkologne|Rest||[from] move: Sleep Talk|[still]\n|-fail|p2a: Oinkologne\n|\n|-heal|p2a: Oinkologne|233/361 slp|[from] item: Leftovers\n|upkeep\n|turn|31\n|\n|t:|1782789198\n|cant|p1a: Archaludon|par\n|-curestatus|p2a: Oinkologne|slp|[msg]\n|move|p2a: Oinkologne|Body Slam|p1a: Archaludon\n|-resisted|p1a: Archaludon\n|-damage|p1a: Archaludon|100/268 par\n|-ability|p1a: Archaludon|Stamina|boost\n|-boost|p1a: Archaludon|def|1\n|\n|-heal|p1a: Archaludon|116/268 par|[from] item: Leftovers\n|-heal|p2a: Oinkologne|255/361|[from] item: Leftovers\n|upkeep\n|turn|32\n|\n|t:|1782789207\n|move|p1a: Archaludon|Flash Cannon|p2a: Oinkologne\n|-damage|p2a: Oinkologne|135/361\n|move|p2a: Oinkologne|Body Slam|p1a: Archaludon\n|-resisted|p1a: Archaludon\n|-damage|p1a: Archaludon|17/268 par\n|-ability|p1a: Archaludon|Stamina|boost\n|-boost|p1a: Archaludon|def|1\n|\n|-heal|p1a: Archaludon|33/268 par|[from] item: Leftovers\n|-heal|p2a: Oinkologne|157/361|[from] item: Leftovers\n|upkeep\n|turn|33\n|c|\u2606Pfendy|gg\n|\n|t:|1782789216\n|move|p1a: Archaludon|Draco Meteor|p2a: Oinkologne\n|-damage|p2a: Oinkologne|0 fnt\n|-unboost|p1a: Archaludon|spa|2\n|faint|p2a: Oinkologne\n|\n|-heal|p1a: Archaludon|49/268 par|[from] item: Leftovers\n|upkeep\n|\n|t:|1782789220\n|switch|p2a: Passimian|Passimian, L83, F|25/302\n|-damage|p2a: Passimian|7/302|[from] Stealth Rock\n|turn|34\n|\n|t:|1782789223\n|move|p2a: Passimian|Close Combat|p1a: Archaludon\n|-supereffective|p1a: Archaludon\n|-damage|p1a: Archaludon|0 fnt\n|-unboost|p2a: Passimian|def|1\n|-unboost|p2a: Passimian|spd|1\n|faint|p1a: Archaludon\n|\n|win|Pfendy\n|raw|N2itive1's rating: 1656 &rarr; <strong>1633</strong><br />(-23 for losing)\n|raw|Pfendy's rating: 1608 &rarr; <strong>1631</strong><br />(+23 for winning)\n|l|\u2606N2itive1\n|player|p1|\n", "inputlog": ">version f8ac14003a5f27e1bdc8d8c59608a773c1cb96e5\n>start {\"formatid\":\"gen9randombattle\",\"seed\":\"sodium,67762ff2dd07a783972586e2e7217129\",\"rated\":\"Rated battle\"}\n>player p1 {\"name\":\"N2itive1\",\"avatar\":\"unknown\",\"rating\":1656,\"seed\":\"sodium,17acff896a4fa22ff0663d53a5273e74\"}\n>player p2 {\"name\":\"Pfendy\",\"avatar\":\"birdkeeper\",\"rating\":1608,\"seed\":\"sodium,449d63bd2b376542155f74a8b0370fbf\"}\n>p1 move bulletseed\n>p2 switch 2\n>p2 switch 4\n>p1 move beakblast\n>p2 move dualwingbeat\n>p2 switch 5\n>p1 switch 5\n>p2 move swordsdance\n>p1 move machpunch\n>p2 move suckerpunch terastallize\n>p1 switch 6\n>p2 move suckerpunch\n>p1 move roost\n>p2 move ironhead\n>p1 move toxic\n>p2 move ironhead\n>p1 switch 6\n>p1 move highjumpkick\n>p2 switch 2\n>p1 move highjumpkick\n>p2 move wavecrash\n>p2 switch 3\n>p1 move highjumpkick\n>p2 move closecombat\n>p1 switch 2\n>p1 move psychic\n>p2 switch 6\n>p1 switch 5\n>p2 move bodyslam\n>p1 move roost\n>p2 move curse\n>p1 move beakblast\n>p2 move bodyslam\n>p1 move roost\n>p2 move curse\n>p1 move boomburst\n>p2 move rest\n>p1 switch 4\n>p2 move sleeptalk\n>p1 move bodypress\n>p2 move sleeptalk\n>p1 move bodypress\n>p2 move curse\n>p1 move dracometeor\n>p2 move curse\n>p1 move stealthrock\n>p2 move curse\n>p1 move dracometeor\n>p2 move curse\n>p1 switch 3\n>p2 move bodyslam\n>p1 switch 4\n>p1 move beakblast\n>p2 move rest\n>p1 switch 5\n>p2 move sleeptalk\n>p1 move nastyplot\n>p2 move sleeptalk\n>p1 switch 5\n>p1 move beakblast\n>p2 move bodyslam\n>p1 switch 3\n>p1 move flashcannon\n>p2 move rest\n>p1 move flashcannon\n>p2 move sleeptalk\n>p1 move flashcannon\n>p2 move sleeptalk\n>p1 move flashcannon\n>p2 move bodyslam\n>p1 move flashcannon\n>p2 move bodyslam\n>chat \u2606Pfendy|gg\n>p1 move dracometeor\n>p2 move bodyslam\n>p2 switch 6\n>p1 move bodypress\n>p2 move closecombat", "uploadtime": 1782789233, "views": 12, "formatid": "gen9randombattle", "rating": 1631, "private": 0, "password": null, "player_dets": [{"name": "N2itive1", "avatar": "unknown", "rating": 1656, "seed": "sodium,17acff896a4fa22ff0663d53a5273e74"}, {"name": "Pfendy", "avatar": "birdkeeper", "rating": 1608, "seed": "sodium,449d63bd2b376542155f74a8b0370fbf"}], "teams_full": [{"Toucannon": {"name": "Toucannon", "species": "Toucannon", "speciesId": "toucannon", "gender": "F", "shiny": false, "level": 88, "moves": ["roost", "beakblast", "bulletseed", "boomburst"], "ability": "Skill Link", "evs": {"hp": 85, "atk": 85, "def": 85, "spa": 85, "spd": 85, "spe": 85}, "ivs": {"hp": 31, "atk": 31, "def": 31, "spa": 31, "spd": 31, "spe": 31}, "item": "Heavy-Duty Boots", "teraType": "Steel", "role": "Bulky Support", "bvs": {"hp": 80, "atk": 120, "def": 75, "spa": 75, "spd": 75, "spe": 60}, "stats": {"hp": 284, "atk": 261, "def": 182, "spa": 182, "spd": 182, "spe": 156}, "types": ["Normal", "Flying"]}, "Azelf": {"name": "Azelf", "species": "Azelf", "speciesId": "azelf", "gender": "N", "shiny": false, "level": 82, "moves": ["nastyplot", "dazzlinggleam", "fireblast", "psychic"], "ability": "Levitate", "evs": {"hp": 85, "atk": 0, "def": 85, "spa": 85, "spd": 85, "spe": 85}, "ivs": {"hp": 31, "atk": 0, "def": 31, "spa": 31, "spd": 31, "spe": 31}, "item": "Life Orb", "teraType": "Psychic", "role": "Fast Attacker", "bvs": {"hp": 75, "atk": 125, "def": 70, "spa": 125, "spd": 70, "spe": 115}, "stats": {"hp": 257, "atk": 210, "def": 162, "spa": 252, "spd": 162, "spe": 236}, "types": ["Psychic"]}, "Milotic": {"name": "Milotic", "species": "Milotic", "speciesId": "milotic", "gender": "M", "shiny": false, "level": 83, "moves": ["haze", "icebeam", "recover", "scald"], "ability": "Competitive", "evs": {"hp": 85, "atk": 0, "def": 85, "spa": 85, "spd": 85, "spe": 85}, "ivs": {"hp": 31, "atk": 0, "def": 31, "spa": 31, "spd": 31, "spe": 31}, "item": "Leftovers", "teraType": "Dragon", "role": "Bulky Attacker", "bvs": {"hp": 95, "atk": 60, "def": 79, "spa": 100, "spd": 125, "spe": 81}, "stats": {"hp": 293, "atk": 104, "def": 179, "spa": 214, "spd": 255, "spe": 182}, "types": ["Water"]}, "Archaludon": {"name": "Archaludon", "species": "Archaludon", "speciesId": "archaludon", "gender": "F", "shiny": false, "level": 78, "moves": ["dracometeor", "stealthrock", "flashcannon", "bodypress"], "ability": "Stamina", "evs": {"hp": 85, "atk": 0, "def": 85, "spa": 85, "spd": 85, "spe": 85}, "ivs": {"hp": 31, "atk": 0, "def": 31, "spa": 31, "spd": 31, "spe": 31}, "item": "Leftovers", "teraType": "Fighting", "role": "Bulky Attacker", "bvs": {"hp": 90, "atk": 105, "def": 130, "spa": 125, "spd": 65, "spe": 85}, "stats": {"hp": 268, "atk": 168, "def": 248, "spa": 240, "spd": 146, "spe": 178}, "types": ["Steel", "Dragon"]}, "Hitmonlee": {"name": "Hitmonlee", "species": "Hitmonlee", "speciesId": "hitmonlee", "gender": "M", "shiny": false, "level": 85, "moves": ["machpunch", "highjumpkick", "stoneedge", "knockoff"], "ability": "Reckless", "evs": {"hp": 81, "atk": 85, "def": 85, "spa": 85, "spd": 85, "spe": 85}, "ivs": {"hp": 31, "atk": 31, "def": 31, "spa": 31, "spd": 31, "spe": 31}, "item": "Choice Band", "teraType": "Fighting", "role": "Fast Attacker", "bvs": {"hp": 50, "atk": 120, "def": 53, "spa": 35, "spd": 110, "spe": 87}, "stats": {"hp": 223, "atk": 253, "def": 139, "spa": 108, "spd": 236, "spe": 197}, "types": ["Fighting"]}, "Mandibuzz": {"name": "Mandibuzz", "species": "Mandibuzz", "speciesId": "mandibuzz", "gender": "F", "shiny": false, "level": 85, "moves": ["toxic", "roost", "foulplay", "defog"], "ability": "Overcoat", "evs": {"hp": 85, "atk": 0, "def": 85, "spa": 85, "spd": 85, "spe": 85}, "ivs": {"hp": 31, "atk": 0, "def": 31, "spa": 31, "spd": 31, "spe": 31}, "item": "Heavy-Duty Boots", "teraType": "Steel", "role": "Bulky Support", "bvs": {"hp": 110, "atk": 65, "def": 105, "spa": 55, "spd": 95, "spe": 80}, "stats": {"hp": 326, "atk": 115, "def": 227, "spa": 142, "spd": 210, "spe": 185}, "types": ["Dark", "Flying"]}}, {"Dondozo": {"name": "Dondozo", "species": "Dondozo", "speciesId": "dondozo", "gender": "M", "shiny": false, "level": 78, "moves": ["sleeptalk", "wavecrash", "curse", "rest"], "ability": "Unaware", "evs": {"hp": 85, "atk": 85, "def": 85, "spa": 85, "spd": 85, "spe": 85}, "ivs": {"hp": 31, "atk": 31, "def": 31, "spa": 31, "spd": 31, "spe": 31}, "item": "Leftovers", "teraType": "Dragon", "role": "Bulky Setup", "bvs": {"hp": 150, "atk": 100, "def": 115, "spa": 65, "spd": 65, "spe": 35}, "stats": {"hp": 362, "atk": 201, "def": 224, "spa": 146, "spd": 146, "spe": 100}, "types": ["Water"]}, "Whiscash": {"name": "Whiscash", "species": "Whiscash", "speciesId": "whiscash", "gender": "M", "shiny": false, "level": 88, "moves": ["stoneedge", "earthquake", "dragondance", "liquidation"], "ability": "Oblivious", "evs": {"hp": 85, "atk": 85, "def": 85, "spa": 85, "spd": 85, "spe": 85}, "ivs": {"hp": 31, "atk": 31, "def": 31, "spa": 31, "spd": 31, "spe": 31}, "item": "Life Orb", "teraType": "Ground", "role": "Setup Sweeper", "bvs": {"hp": 110, "atk": 78, "def": 73, "spa": 76, "spd": 71, "spe": 60}, "stats": {"hp": 337, "atk": 188, "def": 179, "spa": 184, "spd": 175, "spe": 156}, "types": ["Water", "Ground"]}, "Passimian": {"name": "Passimian", "species": "Passimian", "speciesId": "passimian", "gender": "F", "shiny": false, "level": 83, "moves": ["closecombat", "knockoff", "earthquake", "gunkshot"], "ability": "Defiant", "evs": {"hp": 85, "atk": 85, "def": 85, "spa": 85, "spd": 85, "spe": 85}, "ivs": {"hp": 31, "atk": 31, "def": 31, "spa": 31, "spd": 31, "spe": 31}, "item": "Choice Band", "teraType": "Poison", "role": "Fast Attacker", "bvs": {"hp": 100, "atk": 120, "def": 90, "spa": 40, "spd": 60, "spe": 80}, "stats": {"hp": 302, "atk": 247, "def": 197, "spa": 114, "spd": 147, "spe": 180}, "types": ["Fighting"]}, "Scyther": {"name": "Scyther", "species": "Scyther", "speciesId": "scyther", "gender": "M", "shiny": false, "level": 82, "moves": ["dualwingbeat", "bugbite", "swordsdance", "closecombat"], "ability": "Technician", "evs": {"hp": 85, "atk": 85, "def": 85, "spa": 85, "spd": 85, "spe": 85}, "ivs": {"hp": 31, "atk": 31, "def": 31, "spa": 31, "spd": 31, "spe": 31}, "item": "Heavy-Duty Boots", "teraType": "Fighting", "role": "Setup Sweeper", "bvs": {"hp": 70, "atk": 110, "def": 80, "spa": 55, "spd": 80, "spe": 105}, "stats": {"hp": 249, "atk": 228, "def": 178, "spa": 137, "spd": 178, "spe": 219}, "types": ["Bug", "Flying"]}, "Kingambit": {"name": "Kingambit", "species": "Kingambit", "speciesId": "kingambit", "gender": "M", "shiny": false, "level": 74, "moves": ["ironhead", "suckerpunch", "kowtowcleave", "swordsdance"], "ability": "Supreme Overlord", "evs": {"hp": 85, "atk": 85, "def": 85, "spa": 85, "spd": 85, "spe": 85}, "ivs": {"hp": 31, "atk": 31, "def": 31, "spa": 31, "spd": 31, "spe": 31}, "item": "Leftovers", "teraType": "Dark", "role": "Bulky Attacker", "bvs": {"hp": 100, "atk": 135, "def": 120, "spa": 60, "spd": 85, "spe": 50}, "stats": {"hp": 270, "atk": 243, "def": 221, "spa": 132, "spd": 169, "spe": 117}, "types": ["Dark", "Steel"]}, "Oinkologne": {"name": "Oinkologne", "species": "Oinkologne-F", "speciesId": "oinkolognef", "gender": "F", "shiny": false, "level": 92, "moves": ["curse", "rest", "sleeptalk", "bodyslam"], "ability": "Thick Fat", "evs": {"hp": 85, "atk": 85, "def": 85, "spa": 85, "spd": 85, "spe": 85}, "ivs": {"hp": 31, "atk": 31, "def": 31, "spa": 31, "spd": 31, "spe": 31}, "item": "Leftovers", "teraType": "Fairy", "role": "Bulky Support", "bvs": {"hp": 115, "atk": 90, "def": 70, "spa": 59, "spd": 90, "spe": 65}, "stats": {"hp": 361, "atk": 218, "def": 181, "spa": 161, "spd": 218, "spe": 172}, "types": ["Normal"]}}]}