{"id": "gen9randombattle-2641555179", "format": "[Gen 9] Random Battle", "players": ["randbatsluvr", "rpd2024"], "log": "|j|\u2606randbatsluvr\n|j|\u2606rpd2024\n|t:|1782807040\n|gametype|singles\n|player|p1|randbatsluvr|169|1199\n|player|p2|rpd2024|170|1171\n|gen|9\n|tier|[Gen 9] Random Battle\n|rated|\n|rule|Species Clause: Limit one of each Pok\u00e9mon\n|rule|HP Percentage Mod: HP is shown in percentages\n|rule|Sleep Clause Mod: Limit one foe put to sleep\n|rule|Illusion Level Mod: Illusion disguises the Pok\u00e9mon's true level\n|\n|t:|1782807040\n|teamsize|p1|6\n|teamsize|p2|6\n|start\n|switch|p1a: Lanturn|Lanturn, L89, M|367/367\n|switch|p2a: Reshiram|Reshiram, L76|277/277\n|-ability|p2a: Reshiram|Turboblaze\n|turn|1\n|j| zunclezeff\n|inactive|Battle timer is ON: inactive players will automatically lose when time's up. (requested by randbatsluvr)\n|\n|t:|1782807055\n|switch|p2a: Ogerpon|Ogerpon-Hearthflame, L74, F|239/239\n|-ability|p2a: Ogerpon|Mold Breaker\n|move|p1a: Lanturn|Thunder Wave|p2a: Ogerpon\n|-status|p2a: Ogerpon|par\n|\n|upkeep\n|turn|2\n|\n|t:|1782807077\n|switch|p1a: Iron Jugulis|Iron Jugulis, L77|271/271\n|move|p2a: Ogerpon|Power Whip|p1a: Iron Jugulis|[miss]\n|-miss|p2a: Ogerpon|p1a: Iron Jugulis\n|\n|upkeep\n|turn|3\n|\n|t:|1782807092\n|switch|p2a: Diancie|Diancie, L82|216/216\n|move|p1a: Iron Jugulis|Hurricane|p2a: Diancie\n|-resisted|p2a: Diancie\n|-damage|p2a: Diancie|175/216\n|-start|p2a: Diancie|confusion\n|\n|-heal|p2a: Diancie|188/216|[from] item: Leftovers\n|upkeep\n|turn|4\n|\n|t:|1782807107\n|-end|p1a: Iron Jugulis|Quark Drive|[silent]\n|switch|p1a: Lucario|Lucario, L84, F|255/255\n|-activate|p2a: Diancie|confusion\n|move|p2a: Diancie|Diamond Storm|p1a: Lucario\n|-resisted|p1a: Lucario\n|-damage|p1a: Lucario|225/255\n|\n|-heal|p2a: Diancie|201/216|[from] item: Leftovers\n|upkeep\n|turn|5\n|\n|t:|1782807120\n|switch|p2a: Chimecho|Chimecho, L93, F|290/290\n|move|p1a: Lucario|Flash Cannon|p2a: Chimecho\n|-damage|p2a: Chimecho|180/290\n|-damage|p1a: Lucario|200/255|[from] item: Life Orb\n|\n|-heal|p2a: Chimecho|198/290|[from] item: Leftovers\n|upkeep\n|turn|6\n|\n|t:|1782807134\n|move|p1a: Lucario|Flash Cannon|p2a: Chimecho\n|-damage|p2a: Chimecho|77/290\n|-damage|p1a: Lucario|175/255|[from] item: Life Orb\n|move|p2a: Chimecho|Recover|p2a: Chimecho\n|-heal|p2a: Chimecho|222/290\n|\n|-heal|p2a: Chimecho|240/290|[from] item: Leftovers\n|upkeep\n|turn|7\n|\n|t:|1782807144\n|move|p1a: Lucario|Flash Cannon|p2a: Chimecho\n|-damage|p2a: Chimecho|130/290\n|-damage|p1a: Lucario|150/255|[from] item: Life Orb\n|move|p2a: Chimecho|Cosmic Power|p2a: Chimecho\n|-boost|p2a: Chimecho|def|1\n|-boost|p2a: Chimecho|spd|1\n|\n|-heal|p2a: Chimecho|148/290|[from] item: Leftovers\n|upkeep\n|turn|8\n|c| zunclezeff|either of yall know what cheems is\n|\n|t:|1782807154\n|move|p1a: Lucario|Flash Cannon|p2a: Chimecho\n|-damage|p2a: Chimecho|70/290\n|-damage|p1a: Lucario|125/255|[from] item: Life Orb\n|move|p2a: Chimecho|Recover|p2a: Chimecho\n|-heal|p2a: Chimecho|215/290\n|\n|-heal|p2a: Chimecho|233/290|[from] item: Leftovers\n|upkeep\n|turn|9\n|\n|t:|1782807163\n|move|p1a: Lucario|Flash Cannon|p2a: Chimecho\n|-damage|p2a: Chimecho|158/290\n|-damage|p1a: Lucario|100/255|[from] item: Life Orb\n|move|p2a: Chimecho|Dazzling Gleam|p1a: Lucario\n|-damage|p1a: Lucario|12/255\n|\n|-heal|p2a: Chimecho|176/290|[from] item: Leftovers\n|upkeep\n|turn|10\n|\n|t:|1782807173\n|switch|p1a: Azelf|Azelf, L82|257/257\n|move|p2a: Chimecho|Recover|p2a: Chimecho\n|-heal|p2a: Chimecho|290/290\n|\n|upkeep\n|turn|11\n|\n|t:|1782807182\n|move|p1a: Azelf|U-turn|p2a: Chimecho\n|-supereffective|p2a: Chimecho\n|-damage|p2a: Chimecho|214/290\n|\n|t:|1782807182\n|switch|p1a: Yanmega|Yanmega, L82, M|275/275|[from] U-turn\n|move|p2a: Chimecho|Cosmic Power|p2a: Chimecho\n|-boost|p2a: Chimecho|def|1\n|-boost|p2a: Chimecho|spd|1\n|\n|-heal|p2a: Chimecho|232/290|[from] item: Leftovers\n|upkeep\n|turn|12\n|\n|t:|1782807194\n|move|p1a: Yanmega|Protect|p1a: Yanmega\n|-singleturn|p1a: Yanmega|Protect\n|move|p2a: Chimecho|Cosmic Power|p2a: Chimecho\n|-boost|p2a: Chimecho|def|1\n|-boost|p2a: Chimecho|spd|1\n|\n|-heal|p2a: Chimecho|250/290|[from] item: Leftovers\n|-ability|p1a: Yanmega|Speed Boost|boost\n|-boost|p1a: Yanmega|spe|1\n|upkeep\n|turn|13\n|c| zunclezeff|hes a crazy little dog haha\n|\n|t:|1782807205\n|move|p1a: Yanmega|Bug Buzz|p2a: Chimecho\n|-supereffective|p2a: Chimecho\n|-damage|p2a: Chimecho|170/290\n|move|p2a: Chimecho|Cosmic Power|p2a: Chimecho\n|-boost|p2a: Chimecho|def|1\n|-boost|p2a: Chimecho|spd|1\n|\n|-heal|p2a: Chimecho|188/290|[from] item: Leftovers\n|-ability|p1a: Yanmega|Speed Boost|boost\n|-boost|p1a: Yanmega|spe|1\n|upkeep\n|turn|14\n|\n|t:|1782807216\n|move|p1a: Yanmega|Protect|p1a: Yanmega\n|-singleturn|p1a: Yanmega|Protect\n|move|p2a: Chimecho|Recover|p2a: Chimecho\n|-heal|p2a: Chimecho|290/290\n|\n|-ability|p1a: Yanmega|Speed Boost|boost\n|-boost|p1a: Yanmega|spe|1\n|upkeep\n|turn|15\n|\n|t:|1782807224\n|switch|p1a: Azelf|Azelf, L82|257/257\n|move|p2a: Chimecho|Cosmic Power|p2a: Chimecho\n|-boost|p2a: Chimecho|def|1\n|-boost|p2a: Chimecho|spd|1\n|\n|upkeep\n|turn|16\n|\n|t:|1782807232\n|move|p1a: Azelf|U-turn|p2a: Chimecho\n|-supereffective|p2a: Chimecho\n|-damage|p2a: Chimecho|260/290\n|\n|t:|1782807233\n|switch|p1a: Iron Jugulis|Iron Jugulis, L77|271/271|[from] U-turn\n|move|p2a: Chimecho|Stored Power|p1a: Iron Jugulis\n|-immune|p1a: Iron Jugulis\n|\n|-heal|p2a: Chimecho|278/290|[from] item: Leftovers\n|upkeep\n|turn|17\n|\n|t:|1782807243\n|move|p1a: Iron Jugulis|Dark Pulse|p2a: Chimecho\n|-supereffective|p2a: Chimecho\n|-damage|p2a: Chimecho|236/290\n|move|p2a: Chimecho|Dazzling Gleam|p1a: Iron Jugulis\n|-supereffective|p1a: Iron Jugulis\n|-damage|p1a: Iron Jugulis|101/271\n|\n|-heal|p2a: Chimecho|254/290|[from] item: Leftovers\n|upkeep\n|turn|18\n|\n|t:|1782807252\n|-end|p1a: Iron Jugulis|Quark Drive|[silent]\n|switch|p1a: Azelf|Azelf, L82|257/257\n|move|p2a: Chimecho|Dazzling Gleam|p1a: Azelf\n|-damage|p1a: Azelf|176/257\n|\n|-heal|p2a: Chimecho|272/290|[from] item: Leftovers\n|upkeep\n|turn|19\n|c| zunclezeff|ayo my buddy ian says he hopes you two have a wonderful evening\n|\n|t:|1782807259\n|move|p1a: Azelf|U-turn|p2a: Chimecho\n|-supereffective|p2a: Chimecho\n|-damage|p2a: Chimecho|242/290\n|\n|t:|1782807264\n|switch|p1a: Lanturn|Lanturn, L89, M|367/367|[from] U-turn\n|move|p2a: Chimecho|Dazzling Gleam|p1a: Lanturn\n|-damage|p1a: Lanturn|300/367\n|\n|-heal|p2a: Chimecho|260/290|[from] item: Leftovers\n|-heal|p1a: Lanturn|322/367|[from] item: Leftovers\n|upkeep\n|turn|20\n|c| zunclezeff|revive charlie kirk btw\n|\n|t:|1782807273\n|move|p2a: Chimecho|Stored Power|p1a: Lanturn\n|-damage|p1a: Lanturn|28/367\n|move|p1a: Lanturn|Thunder Wave|p2a: Chimecho\n|-status|p2a: Chimecho|par\n|\n|-heal|p1a: Lanturn|50/367|[from] item: Leftovers\n|-heal|p2a: Chimecho|278/290 par|[from] item: Leftovers\n|upkeep\n|turn|21\n|\n|t:|1782807282\n|move|p1a: Lanturn|Thunderbolt|p2a: Chimecho\n|-damage|p2a: Chimecho|253/290 par\n|move|p2a: Chimecho|Stored Power|p1a: Lanturn\n|-damage|p1a: Lanturn|0 fnt\n|faint|p1a: Lanturn\n|\n|-heal|p2a: Chimecho|271/290 par|[from] item: Leftovers\n|upkeep\n|\n|t:|1782807282\n|switch|p1a: Lumineon|Lumineon, L93, F|279/279\n|turn|22\n|\n|t:|1782807293\n|move|p1a: Lumineon|Encore|p2a: Chimecho\n|-start|p2a: Chimecho|Encore\n|move|p2a: Chimecho|Stored Power|p1a: Lumineon\n|-damage|p1a: Lumineon|24/279\n|\n|-heal|p2a: Chimecho|289/290 par|[from] item: Leftovers\n|upkeep\n|turn|23\n|\n|t:|1782807301\n|move|p1a: Lumineon|Encore||[still]\n|-fail|p1a: Lumineon\n|cant|p2a: Chimecho|par\n|\n|-heal|p2a: Chimecho|290/290 par|[from] item: Leftovers\n|upkeep\n|turn|24\n|\n|t:|1782807308\n|move|p1a: Lumineon|Encore||[still]\n|-fail|p1a: Lumineon\n|move|p2a: Chimecho|Stored Power|p1a: Lumineon\n|-damage|p1a: Lumineon|0 fnt\n|faint|p1a: Lumineon\n|\n|-end|p2a: Chimecho|Encore\n|upkeep\n|\n|t:|1782807309\n|switch|p1a: Azelf|Azelf, L82|176/257\n|turn|25\n|\n|t:|1782807320\n|move|p1a: Azelf|U-turn|p2a: Chimecho\n|-supereffective|p2a: Chimecho\n|-damage|p2a: Chimecho|258/290 par\n|\n|t:|1782807320\n|switch|p1a: Lucario|Lucario, L84, F|12/255|[from] U-turn\n|move|p2a: Chimecho|Stored Power|p1a: Lucario\n|-damage|p1a: Lucario|0 fnt\n|faint|p1a: Lucario\n|\n|-heal|p2a: Chimecho|276/290 par|[from] item: Leftovers\n|upkeep\n|\n|t:|1782807321\n|switch|p1a: Azelf|Azelf, L82|176/257\n|turn|26\n|\n|t:|1782807334\n|move|p1a: Azelf|U-turn|p2a: Chimecho\n|-supereffective|p2a: Chimecho\n|-damage|p2a: Chimecho|242/290 par\n|\n|t:|1782807335\n|switch|p1a: Iron Jugulis|Iron Jugulis, L77|101/271|[from] U-turn\n|move|p2a: Chimecho|Stored Power|p1a: Iron Jugulis\n|-immune|p1a: Iron Jugulis\n|\n|-heal|p2a: Chimecho|260/290 par|[from] item: Leftovers\n|upkeep\n|turn|27\n|\n|t:|1782807346\n|-terastallize|p1a: Iron Jugulis|Ground\n|move|p1a: Iron Jugulis|Dark Pulse|p2a: Chimecho\n|-supereffective|p2a: Chimecho\n|-damage|p2a: Chimecho|216/290 par\n|move|p2a: Chimecho|Stored Power|p1a: Iron Jugulis\n|-damage|p1a: Iron Jugulis|0 fnt\n|faint|p1a: Iron Jugulis\n|-end|p1a: Iron Jugulis|Quark Drive|[silent]\n|\n|-heal|p2a: Chimecho|234/290 par|[from] item: Leftovers\n|upkeep\n|\n|t:|1782807346\n|switch|p1a: Azelf|Azelf, L82|176/257\n|turn|28\n|\n|t:|1782807359\n|move|p1a: Azelf|U-turn|p2a: Chimecho\n|-supereffective|p2a: Chimecho\n|-damage|p2a: Chimecho|202/290 par\n|\n|t:|1782807359\n|switch|p1a: Yanmega|Yanmega, L82, M|275/275|[from] U-turn\n|move|p2a: Chimecho|Stored Power|p1a: Yanmega\n|-damage|p1a: Yanmega|0 fnt\n|faint|p1a: Yanmega\n|\n|-heal|p2a: Chimecho|220/290 par|[from] item: Leftovers\n|upkeep\n|\n|t:|1782807361\n|switch|p1a: Azelf|Azelf, L82|176/257\n|turn|29\n|\n|t:|1782807373\n|move|p1a: Azelf|U-turn|p2a: Chimecho\n|-supereffective|p2a: Chimecho\n|-damage|p2a: Chimecho|190/290 par\n|move|p2a: Chimecho|Stored Power|p1a: Azelf\n|-resisted|p1a: Azelf\n|-crit|p1a: Azelf\n|-damage|p1a: Azelf|0 fnt\n|faint|p1a: Azelf\n|\n|win|rpd2024\n", "inputlog": ">version f8ac14003a5f27e1bdc8d8c59608a773c1cb96e5\n>start {\"formatid\":\"gen9randombattle\",\"seed\":\"sodium,71e14683234012099a83ac7ae1efe398\",\"rated\":\"Rated battle\"}\n>player p1 {\"name\":\"randbatsluvr\",\"avatar\":\"169\",\"rating\":1199,\"seed\":\"sodium,24e5c0a6674dd4762fdc669a90238f32\"}\n>player p2 {\"name\":\"rpd2024\",\"avatar\":\"170\",\"rating\":1171,\"seed\":\"sodium,58fa09dcc385e9a7401f62d59d1c03e9\"}\n>p1 move thunderwave\n>p2 switch 2\n>p1 switch 4\n>p2 move powerwhip\n>p1 move hurricane\n>p2 switch 6\n>p1 switch 5\n>p2 move diamondstorm\n>p1 move flashcannon\n>p2 switch 5\n>p1 move flashcannon\n>p2 move recover\n>p1 move flashcannon\n>p2 move cosmicpower\n>chat  zunclezeff|either of yall know what cheems is\n>p1 move flashcannon\n>p2 move recover\n>p1 move flashcannon\n>p2 move dazzlinggleam\n>p1 switch 6\n>p2 move recover\n>p1 move uturn\n>p2 move cosmicpower\n>p1 switch 2\n>p1 move protect\n>p2 move cosmicpower\n>chat  zunclezeff|hes a crazy little dog haha\n>p1 move bugbuzz\n>p2 move cosmicpower\n>p1 move protect\n>p2 move recover\n>p1 switch 2\n>p2 move cosmicpower\n>p1 move uturn\n>p2 move storedpower\n>p1 switch 5\n>p1 move darkpulse\n>p2 move dazzlinggleam\n>p1 switch 5\n>p2 move dazzlinggleam\n>chat  zunclezeff|ayo my buddy ian says he hopes you two have a wonderful evening\n>p1 move uturn\n>p2 move dazzlinggleam\n>p1 switch 4\n>chat  zunclezeff|revive charlie kirk btw\n>p1 move thunderwave\n>p2 move storedpower\n>p1 move thunderbolt\n>p2 move storedpower\n>p1 switch 3\n>p1 move encore\n>p2 move storedpower\n>p1 move encore\n>p2 move storedpower\n>p1 move encore\n>p2 move storedpower\n>p1 switch 4\n>p1 move uturn\n>p2 move storedpower\n>p1 switch 6\n>p1 switch 6\n>p1 move uturn\n>p2 move storedpower\n>p1 switch 5\n>p1 move darkpulse terastallize\n>p2 move storedpower\n>p1 switch 5\n>p1 move uturn\n>p2 move storedpower\n>p1 switch 2\n>p1 switch 2\n>chat  zunclezeff|lumineon got fucking owned, oh my god you guys suck at this game haha just foolin around didnt mean to stir up too many bad emotions i was just joshin i didnt mean to offend anyone with my dark  humor just kidding fuck you\n>p1 move uturn\n>p2 move storedpower", "uploadtime": 1782807363, "views": 5, "formatid": "gen9randombattle", "rating": null, "private": 0, "password": null, "player_dets": [{"name": "randbatsluvr", "avatar": "169", "rating": 1199, "seed": "sodium,24e5c0a6674dd4762fdc669a90238f32"}, {"name": "rpd2024", "avatar": "170", "rating": 1171, "seed": "sodium,58fa09dcc385e9a7401f62d59d1c03e9"}], "teams_full": [{"Lanturn": {"name": "Lanturn", "species": "Lanturn", "speciesId": "lanturn", "gender": "M", "shiny": false, "level": 89, "moves": ["icebeam", "thunderwave", "scald", "thunderbolt"], "ability": "Volt Absorb", "evs": {"hp": 85, "atk": 0, "def": 85, "spa": 85, "spd": 85, "spe": 85}, "ivs": {"hp": 31, "atk": 0, "def": 31, "spa": 31, "spd": 31, "spe": 31}, "item": "Leftovers", "teraType": "Flying", "role": "Bulky Attacker", "bvs": {"hp": 125, "atk": 58, "def": 58, "spa": 76, "spd": 76, "spe": 67}, "stats": {"hp": 367, "atk": 108, "def": 154, "spa": 186, "spd": 186, "spe": 170}, "types": ["Water", "Electric"]}, "Yanmega": {"name": "Yanmega", "species": "Yanmega", "speciesId": "yanmega", "gender": "M", "shiny": false, "level": 82, "moves": ["bugbuzz", "protect", "terablast", "airslash"], "ability": "Speed Boost", "evs": {"hp": 85, "atk": 0, "def": 85, "spa": 85, "spd": 85, "spe": 85}, "ivs": {"hp": 31, "atk": 0, "def": 31, "spa": 31, "spd": 31, "spe": 31}, "item": "Heavy-Duty Boots", "teraType": "Ground", "role": "Tera Blast user", "bvs": {"hp": 86, "atk": 76, "def": 86, "spa": 116, "spd": 56, "spe": 95}, "stats": {"hp": 275, "atk": 129, "def": 188, "spa": 237, "spd": 139, "spe": 203}, "types": ["Bug", "Flying"]}, "Lumineon": {"name": "Lumineon", "species": "Lumineon", "speciesId": "lumineon", "gender": "F", "shiny": false, "level": 93, "moves": ["hydropump", "icebeam", "encore", "alluringvoice"], "ability": "Storm Drain", "evs": {"hp": 85, "atk": 0, "def": 85, "spa": 85, "spd": 85, "spe": 85}, "ivs": {"hp": 31, "atk": 0, "def": 31, "spa": 31, "spd": 31, "spe": 31}, "item": "Life Orb", "teraType": "Water", "role": "Fast Attacker", "bvs": {"hp": 69, "atk": 69, "def": 76, "spa": 69, "spd": 86, "spe": 91}, "stats": {"hp": 279, "atk": 133, "def": 194, "spa": 181, "spd": 213, "spe": 222}, "types": ["Water"]}, "Iron Jugulis": {"name": "Iron Jugulis", "species": "Iron Jugulis", "speciesId": "ironjugulis", "gender": "N", "shiny": false, "level": 77, "moves": ["darkpulse", "hurricane", "meteorbeam", "earthpower"], "ability": "Quark Drive", "evs": {"hp": 85, "atk": 0, "def": 85, "spa": 85, "spd": 85, "spe": 85}, "ivs": {"hp": 31, "atk": 0, "def": 31, "spa": 31, "spd": 31, "spe": 31}, "item": "Power Herb", "teraType": "Ground", "role": "Setup Sweeper", "bvs": {"hp": 94, "atk": 80, "def": 86, "spa": 122, "spd": 80, "spe": 108}, "stats": {"hp": 271, "atk": 128, "def": 177, "spa": 232, "spd": 168, "spe": 211}, "types": ["Dark", "Flying"]}, "Lucario": {"name": "Lucario", "species": "Lucario", "speciesId": "lucario", "gender": "F", "shiny": false, "level": 84, "moves": ["aurasphere", "nastyplot", "flashcannon", "vacuumwave"], "ability": "Inner Focus", "evs": {"hp": 85, "atk": 0, "def": 85, "spa": 85, "spd": 85, "spe": 85}, "ivs": {"hp": 31, "atk": 0, "def": 31, "spa": 31, "spd": 31, "spe": 31}, "item": "Life Orb", "teraType": "Fighting", "role": "Setup Sweeper", "bvs": {"hp": 70, "atk": 110, "def": 70, "spa": 115, "spd": 70, "spe": 90}, "stats": {"hp": 255, "atk": 189, "def": 166, "spa": 241, "spd": 166, "spe": 199}, "types": ["Fighting", "Steel"]}, "Azelf": {"name": "Azelf", "species": "Azelf", "speciesId": "azelf", "gender": "N", "shiny": false, "level": 82, "moves": ["fireblast", "uturn", "dazzlinggleam", "psychic"], "ability": "Levitate", "evs": {"hp": 85, "atk": 85, "def": 85, "spa": 85, "spd": 85, "spe": 85}, "ivs": {"hp": 31, "atk": 31, "def": 31, "spa": 31, "spd": 31, "spe": 31}, "item": "Choice Specs", "teraType": "Psychic", "role": "Fast Attacker", "bvs": {"hp": 75, "atk": 125, "def": 70, "spa": 125, "spd": 70, "spe": 115}, "stats": {"hp": 257, "atk": 252, "def": 162, "spa": 252, "spd": 162, "spe": 236}, "types": ["Psychic"]}}, {"Reshiram": {"name": "Reshiram", "species": "Reshiram", "speciesId": "reshiram", "gender": "N", "shiny": false, "level": 76, "moves": ["earthpower", "blueflare", "dracometeor", "willowisp"], "ability": "Turboblaze", "evs": {"hp": 85, "atk": 0, "def": 85, "spa": 85, "spd": 85, "spe": 85}, "ivs": {"hp": 31, "atk": 0, "def": 31, "spa": 31, "spd": 31, "spe": 31}, "item": "Heavy-Duty Boots", "teraType": "Fire", "role": "Fast Attacker", "bvs": {"hp": 100, "atk": 120, "def": 100, "spa": 150, "spd": 120, "spe": 90}, "stats": {"hp": 277, "atk": 187, "def": 196, "spa": 272, "spd": 226, "spe": 181}, "types": ["Dragon", "Fire"]}, "Ogerpon": {"name": "Ogerpon", "species": "Ogerpon-Hearthflame", "speciesId": "ogerponhearthflame", "gender": "F", "shiny": false, "level": 74, "moves": ["powerwhip", "swordsdance", "stompingtantrum", "ivycudgel"], "ability": "Mold Breaker", "evs": {"hp": 77, "atk": 85, "def": 85, "spa": 85, "spd": 85, "spe": 85}, "ivs": {"hp": 31, "atk": 31, "def": 31, "spa": 31, "spd": 31, "spe": 31}, "item": "Hearthflame Mask", "teraType": "Fire", "role": "Setup Sweeper", "bvs": {"hp": 80, "atk": 120, "def": 84, "spa": 60, "spd": 96, "spe": 110}, "stats": {"hp": 239, "atk": 221, "def": 167, "spa": 132, "spd": 185, "spe": 206}, "types": ["Grass", "Fire"]}, "Archaludon": {"name": "Archaludon", "species": "Archaludon", "speciesId": "archaludon", "gender": "F", "shiny": false, "level": 78, "moves": ["outrage", "ironhead", "swordsdance", "earthquake"], "ability": "Stamina", "evs": {"hp": 85, "atk": 85, "def": 85, "spa": 85, "spd": 85, "spe": 85}, "ivs": {"hp": 31, "atk": 31, "def": 31, "spa": 31, "spd": 31, "spe": 31}, "item": "Lum Berry", "teraType": "Ground", "role": "Bulky Setup", "bvs": {"hp": 90, "atk": 105, "def": 130, "spa": 125, "spd": 65, "spe": 85}, "stats": {"hp": 268, "atk": 209, "def": 248, "spa": 240, "spd": 146, "spe": 178}, "types": ["Steel", "Dragon"]}, "Ariados": {"name": "Ariados", "species": "Ariados", "speciesId": "ariados", "gender": "M", "shiny": false, "level": 95, "moves": ["megahorn", "poisonjab", "stickyweb", "suckerpunch"], "ability": "Swarm", "evs": {"hp": 85, "atk": 85, "def": 85, "spa": 85, "spd": 85, "spe": 85}, "ivs": {"hp": 31, "atk": 31, "def": 31, "spa": 31, "spd": 31, "spe": 31}, "item": "Heavy-Duty Boots", "teraType": "Ghost", "role": "Fast Support", "bvs": {"hp": 70, "atk": 90, "def": 70, "spa": 60, "spd": 70, "spe": 40}, "stats": {"hp": 287, "atk": 225, "def": 187, "spa": 168, "spd": 187, "spe": 130}, "types": ["Bug", "Poison"]}, "Chimecho": {"name": "Chimecho", "species": "Chimecho", "speciesId": "chimecho", "gender": "F", "shiny": false, "level": 93, "moves": ["storedpower", "recover", "cosmicpower", "dazzlinggleam"], "ability": "Levitate", "evs": {"hp": 85, "atk": 0, "def": 85, "spa": 85, "spd": 85, "spe": 85}, "ivs": {"hp": 31, "atk": 0, "def": 31, "spa": 31, "spd": 31, "spe": 31}, "item": "Leftovers", "teraType": "Steel", "role": "Bulky Attacker", "bvs": {"hp": 75, "atk": 50, "def": 80, "spa": 95, "spd": 90, "spe": 65}, "stats": {"hp": 290, "atk": 98, "def": 202, "spa": 230, "spd": 220, "spe": 174}, "types": ["Psychic"]}, "Diancie": {"name": "Diancie", "species": "Diancie", "speciesId": "diancie", "gender": "N", "shiny": false, "level": 82, "moves": ["earthpower", "drainingkiss", "diamondstorm", "calmmind"], "ability": "Clear Body", "evs": {"hp": 85, "atk": 85, "def": 85, "spa": 85, "spd": 85, "spe": 85}, "ivs": {"hp": 31, "atk": 31, "def": 31, "spa": 31, "spd": 31, "spe": 31}, "item": "Leftovers", "teraType": "Fairy", "role": "Bulky Setup", "bvs": {"hp": 50, "atk": 100, "def": 150, "spa": 100, "spd": 150, "spe": 50}, "stats": {"hp": 216, "atk": 211, "def": 293, "spa": 211, "spd": 293, "spe": 129}, "types": ["Rock", "Fairy"]}}]}