{"id": "gen9randombattle-2641548362", "format": "[Gen 9] Random Battle", "players": ["ohohiwantmore", "My Life is Dance \u2764"], "log": "|j|\u2606ohohiwantmore\n|j|\u2606My Life is Dance \u2764\n|t:|1782805565\n|gametype|singles\n|player|p1|ohohiwantmore|169|2258\n|player|p2|My Life is Dance \u2764|tierno|2258\n|gen|9\n|tier|[Gen 9] Random Battle\n|rated|\n|rule|Species Clause: Limit one of each Pok\u00e9mon\n|rule|HP Percentage Mod: HP is shown in percentages\n|rule|Sleep Clause Mod: Limit one foe put to sleep\n|rule|Illusion Level Mod: Illusion disguises the Pok\u00e9mon's true level\n|\n|t:|1782805565\n|teamsize|p1|6\n|teamsize|p2|6\n|start\n|switch|p1a: Tatsugiri|Tatsugiri, L87, F|260/260\n|switch|p2a: Slowking|Slowking-Galar, L85, M|300/300\n|turn|1\n|inactive|Battle timer is ON: inactive players will automatically lose when time's up. (requested by ohohiwantmore)\n|\n|t:|1782805571\n|switch|p1a: Muk|Muk-Alola, L82, F|306/306\n|move|p2a: Slowking|Future Sight|p1a: Muk\n|-start|p2a: Slowking|move: Future Sight\n|\n|upkeep\n|turn|2\n|\n|t:|1782805580\n|switch|p2a: Slither Wing|Slither Wing, L81|270/270\n|-enditem|p2a: Slither Wing|Booster Energy\n|-activate|p2a: Slither Wing|ability: Protosynthesis|[fromitem]\n|-start|p2a: Slither Wing|protosynthesisatk\n|move|p1a: Muk|Gunk Shot|p2a: Slither Wing\n|-damage|p2a: Slither Wing|120/270\n|-status|p2a: Slither Wing|psn\n|\n|-damage|p2a: Slither Wing|87/270 psn|[from] psn\n|upkeep\n|turn|3\n|\n|t:|1782805594\n|move|p2a: Slither Wing|Close Combat|p1a: Muk\n|-damage|p1a: Muk|62/306\n|-unboost|p2a: Slither Wing|def|1\n|-unboost|p2a: Slither Wing|spd|1\n|move|p1a: Muk|Gunk Shot|p2a: Slither Wing\n|-damage|p2a: Slither Wing|0 fnt\n|faint|p2a: Slither Wing\n|-end|p2a: Slither Wing|Protosynthesis|[silent]\n|\n|-end|p1a: Muk|move: Future Sight\n|-immune|p1a: Muk\n|upkeep\n|\n|t:|1782805617\n|switch|p2a: Cyclizar|Cyclizar, L83, F|252/252\n|turn|4\n|\n|t:|1782805626\n|move|p2a: Cyclizar|Draco Meteor|p1a: Muk\n|-damage|p1a: Muk|0 fnt\n|-unboost|p2a: Cyclizar|spa|2\n|faint|p1a: Muk\n|\n|upkeep\n|\n|t:|1782805636\n|switch|p1a: Leavanny|Leavanny, L86, M|269/269\n|turn|5\n|\n|t:|1782805646\n|move|p2a: Cyclizar|Shed Tail|p2a: Cyclizar\n|-start|p2a: Cyclizar|Substitute|[from] move: Shed Tail\n|-damage|p2a: Cyclizar|126/252\n|\n|t:|1782805647\n|switch|p2a: Baxcalibur|Baxcalibur, L75, M|295/295|[from] Shed Tail\n|move|p1a: Leavanny|Knock Off|p2a: Baxcalibur\n|-end|p2a: Baxcalibur|Substitute\n|\n|upkeep\n|turn|6\n|\n|t:|1782805658\n|switch|p1a: Coalossal|Coalossal, L89, F|341/341\n|move|p2a: Baxcalibur|Scale Shot|p1a: Coalossal\n|-damage|p1a: Coalossal|319/341\n|-damage|p1a: Coalossal|298/341\n|-damage|p1a: Coalossal|276/341\n|-damage|p1a: Coalossal|254/341\n|-damage|p1a: Coalossal|233/341\n|-hitcount|p1a: Coalossal|5\n|-unboost|p2a: Baxcalibur|def|1\n|-boost|p2a: Baxcalibur|spe|1\n|\n|upkeep\n|turn|7\n|\n|t:|1782805665\n|move|p2a: Baxcalibur|Earthquake|p1a: Coalossal\n|-supereffective|p1a: Coalossal\n|-damage|p1a: Coalossal|0 fnt\n|faint|p1a: Coalossal\n|\n|upkeep\n|\n|t:|1782805669\n|switch|p1a: Hydrapple|Hydrapple, L83, M|312/312\n|turn|8\n|\n|t:|1782805674\n|switch|p2a: Slowking|Slowking-Galar, L85, M|300/300\n|-terastallize|p1a: Hydrapple|Steel\n|move|p1a: Hydrapple|Fickle Beam|p2a: Slowking\n|-damage|p2a: Slowking|249/300\n|\n|upkeep\n|turn|9\n|\n|t:|1782805687\n|switch|p1a: Leavanny|Leavanny, L86, M|269/269\n|move|p2a: Slowking|Future Sight|p1a: Leavanny\n|-start|p2a: Slowking|move: Future Sight\n|\n|upkeep\n|turn|10\n|\n|t:|1782805695\n|switch|p2a: Baxcalibur|Baxcalibur, L75, M|295/295\n|move|p1a: Leavanny|Knock Off|p2a: Baxcalibur\n|-damage|p2a: Baxcalibur|214/295\n|-enditem|p2a: Baxcalibur|Loaded Dice|[from] move: Knock Off|[of] p1a: Leavanny\n|\n|upkeep\n|turn|11\n|\n|t:|1782805705\n|move|p1a: Leavanny|Sticky Web|p2a: Baxcalibur\n|-sidestart|p2: My Life is Dance \u2764|move: Sticky Web\n|move|p2a: Baxcalibur|Scale Shot|p1a: Leavanny\n|-damage|p1a: Leavanny|235/269\n|-damage|p1a: Leavanny|199/269\n|-crit|p1a: Leavanny\n|-damage|p1a: Leavanny|154/269\n|-damage|p1a: Leavanny|120/269\n|-damage|p1a: Leavanny|87/269\n|-hitcount|p1a: Leavanny|5\n|-unboost|p2a: Baxcalibur|def|1\n|-boost|p2a: Baxcalibur|spe|1\n|\n|-end|p1a: Leavanny|move: Future Sight\n|-damage|p1a: Leavanny|0 fnt\n|faint|p1a: Leavanny\n|upkeep\n|j| blasths\n|\n|t:|1782805709\n|switch|p1a: Hydrapple|Hydrapple, L83, M, tera:Steel|312/312\n|turn|12\n|\n|t:|1782805728\n|move|p2a: Baxcalibur|Earthquake|p1a: Hydrapple\n|-supereffective|p1a: Hydrapple\n|-damage|p1a: Hydrapple|186/312\n|move|p1a: Hydrapple|Nasty Plot|p1a: Hydrapple\n|-boost|p1a: Hydrapple|spa|2\n|\n|-heal|p1a: Hydrapple|205/312|[from] item: Leftovers\n|upkeep\n|turn|13\n|\n|t:|1782805732\n|move|p2a: Baxcalibur|Earthquake|p1a: Hydrapple\n|-supereffective|p1a: Hydrapple\n|-damage|p1a: Hydrapple|79/312\n|move|p1a: Hydrapple|Fickle Beam|p2a: Baxcalibur\n|-supereffective|p2a: Baxcalibur\n|-damage|p2a: Baxcalibur|0 fnt\n|faint|p2a: Baxcalibur\n|\n|-heal|p1a: Hydrapple|98/312|[from] item: Leftovers\n|upkeep\n|inactive|My Life is Dance \u2764 has 120 seconds left.\n|\n|t:|1782805764\n|switch|p2a: Deoxys|Deoxys, L74|196/196\n|-activate|p2a: Deoxys|move: Sticky Web\n|-unboost|p2a: Deoxys|spe|1\n|-ability|p2a: Deoxys|Pressure\n|turn|14\n|inactive|My Life is Dance \u2764 has 120 seconds left.\n|\n|t:|1782805790\n|switch|p1a: Tatsugiri|Tatsugiri, L87, F|260/260\n|move|p2a: Deoxys|Superpower|p1a: Tatsugiri\n|-crit|p1a: Tatsugiri\n|-damage|p1a: Tatsugiri|25/260\n|-unboost|p2a: Deoxys|atk|1\n|-unboost|p2a: Deoxys|def|1\n|-damage|p2a: Deoxys|177/196|[from] item: Life Orb\n|\n|upkeep\n|turn|15\n|\n|t:|1782805799\n|move|p2a: Deoxys|Extreme Speed|p1a: Tatsugiri\n|-damage|p1a: Tatsugiri|0 fnt\n|faint|p1a: Tatsugiri\n|-damage|p2a: Deoxys|158/196|[from] item: Life Orb\n|\n|upkeep\n|\n|t:|1782805802\n|switch|p1a: Spectrier|Spectrier, L75|274/274\n|turn|16\n|\n|t:|1782805809\n|switch|p1a: Hydrapple|Hydrapple, L83, M, tera:Steel|202/312\n|switch|p2a: Cyclizar|Cyclizar, L83, F|210/252\n|\n|-heal|p1a: Hydrapple|221/312|[from] item: Leftovers\n|upkeep\n|turn|17\n|\n|t:|1782805817\n|move|p2a: Cyclizar|Rapid Spin|p1a: Hydrapple\n|-resisted|p1a: Hydrapple\n|-damage|p1a: Hydrapple|199/312\n|-boost|p2a: Cyclizar|spe|1\n|-sideend|p2: My Life is Dance \u2764|Sticky Web|[from] move: Rapid Spin|[of] p2a: Cyclizar\n|move|p1a: Hydrapple|Fickle Beam|p2a: Cyclizar\n|-supereffective|p2a: Cyclizar\n|-damage|p2a: Cyclizar|0 fnt\n|faint|p2a: Cyclizar\n|\n|-heal|p1a: Hydrapple|218/312|[from] item: Leftovers\n|upkeep\n|\n|t:|1782805833\n|switch|p2a: Floatzel|Floatzel, L86, F|286/286\n|turn|18\n|\n|t:|1782805841\n|-terastallize|p2a: Floatzel|Steel\n|move|p2a: Floatzel|Bulk Up|p2a: Floatzel\n|-boost|p2a: Floatzel|atk|1\n|-boost|p2a: Floatzel|def|1\n|move|p1a: Hydrapple|Giga Drain|p2a: Floatzel\n|-resisted|p2a: Floatzel\n|-damage|p2a: Floatzel|214/286\n|-heal|p1a: Hydrapple|254/312|[from] drain|[of] p2a: Floatzel\n|\n|-heal|p2a: Floatzel|231/286|[from] item: Leftovers\n|-heal|p1a: Hydrapple|273/312|[from] item: Leftovers\n|upkeep\n|turn|19\n|\n|t:|1782805850\n|move|p2a: Floatzel|Wave Crash|p1a: Hydrapple\n|-damage|p1a: Hydrapple|86/312\n|-damage|p2a: Floatzel|169/286|[from] Recoil\n|move|p1a: Hydrapple|Fickle Beam|p2a: Floatzel\n|-resisted|p2a: Floatzel\n|-damage|p2a: Floatzel|98/286\n|\n|-heal|p2a: Floatzel|115/286|[from] item: Leftovers\n|-heal|p1a: Hydrapple|105/312|[from] item: Leftovers\n|upkeep\n|turn|20\n|\n|t:|1782805865\n|switch|p1a: Spectrier|Spectrier, L75|274/274\n|move|p2a: Floatzel|Wave Crash|p1a: Spectrier\n|-damage|p1a: Spectrier|0 fnt\n|faint|p1a: Spectrier\n|-damage|p2a: Floatzel|25/286|[from] Recoil\n|\n|-heal|p2a: Floatzel|42/286|[from] item: Leftovers\n|upkeep\n|\n|t:|1782805867\n|switch|p1a: Hydrapple|Hydrapple, L83, M, tera:Steel|209/312\n|turn|21\n|\n|t:|1782805880\n|move|p2a: Floatzel|Taunt|p1a: Hydrapple\n|-start|p1a: Hydrapple|move: Taunt\n|cant|p1a: Hydrapple|move: Taunt|Recover\n|\n|-heal|p2a: Floatzel|59/286|[from] item: Leftovers\n|-heal|p1a: Hydrapple|228/312|[from] item: Leftovers\n|upkeep\n|turn|22\n|\n|t:|1782805884\n|move|p2a: Floatzel|Wave Crash|p1a: Hydrapple\n|-damage|p1a: Hydrapple|62/312\n|-damage|p2a: Floatzel|4/286|[from] Recoil\n|move|p1a: Hydrapple|Giga Drain|p2a: Floatzel\n|-resisted|p2a: Floatzel\n|-damage|p2a: Floatzel|0 fnt\n|-heal|p1a: Hydrapple|64/312|[from] drain|[of] p2a: Floatzel\n|faint|p2a: Floatzel\n|\n|-heal|p1a: Hydrapple|83/312|[from] item: Leftovers\n|upkeep\n|\n|t:|1782805886\n|switch|p2a: Deoxys|Deoxys, L74|158/196\n|-ability|p2a: Deoxys|Pressure\n|turn|23\n|\n|t:|1782805889\n|move|p2a: Deoxys|Superpower|p1a: Hydrapple\n|-supereffective|p1a: Hydrapple\n|-damage|p1a: Hydrapple|0 fnt\n|-unboost|p2a: Deoxys|atk|1\n|-unboost|p2a: Deoxys|def|1\n|faint|p1a: Hydrapple\n|-damage|p2a: Deoxys|139/196|[from] item: Life Orb\n|\n|win|My Life is Dance \u2764\n", "inputlog": ">version f8ac14003a5f27e1bdc8d8c59608a773c1cb96e5\n>start {\"formatid\":\"gen9randombattle\",\"seed\":\"sodium,f09b2f1e0de2921dc7de207efd1a1778\",\"rated\":\"Rated battle\"}\n>player p1 {\"name\":\"ohohiwantmore\",\"avatar\":\"169\",\"rating\":2258,\"seed\":\"sodium,bda8c253803a0e780ee76808f446d159\"}\n>player p2 {\"name\":\"My Life is Dance \u2764\",\"avatar\":\"tierno\",\"rating\":2258,\"seed\":\"sodium,c67d8d53bbe4a3a990dfcd7f1a575ac5\"}\n>p1 switch 6\n>p2 move futuresight\n>p1 move gunkshot\n>p2 switch 6\n>p1 move gunkshot\n>p2 move closecombat\n>p2 switch 3\n>p1 move drainpunch\n>p2 move dracometeor\n>p1 switch 5\n>p1 move knockoff\n>p2 move shedtail\n>p2 switch 4\n>p1 switch 4\n>p2 move scaleshot\n>p1 move stoneedge\n>p2 move earthquake\n>p1 switch 3\n>p1 move ficklebeam terastallize\n>p2 switch 6\n>p1 switch 4\n>p2 move futuresight\n>p1 move knockoff\n>p2 switch 6\n>p1 move stickyweb\n>p2 move scaleshot\n>p1 switch 4\n>p1 move nastyplot\n>p2 move earthquake\n>p1 move ficklebeam\n>p2 move earthquake\n>p2 switch 2\n>p1 switch 6\n>p2 move superpower\n>p1 move nastyplot\n>p2 move extremespeed\n>p1 switch 2\n>p1 switch 6\n>p2 switch 4\n>p1 move ficklebeam\n>p2 move rapidspin\n>p2 switch 5\n>p1 move gigadrain\n>p2 move bulkup terastallize\n>p1 move ficklebeam\n>p2 move wavecrash\n>p1 switch 6\n>p2 move wavecrash\n>p1 switch 6\n>p1 move recover\n>p2 move taunt\n>p1 move gigadrain\n>p2 move wavecrash\n>p2 switch 4\n>p1 move gigadrain\n>p2 move superpower", "uploadtime": 1782805567, "views": 4, "formatid": "gen9randombattle", "rating": null, "private": 0, "password": null, "player_dets": [{"name": "ohohiwantmore", "avatar": "169", "rating": 2258, "seed": "sodium,bda8c253803a0e780ee76808f446d159"}, {"name": "My Life is Dance \u2764", "avatar": "tierno", "rating": 2258, "seed": "sodium,c67d8d53bbe4a3a990dfcd7f1a575ac5"}], "teams_full": [{"Tatsugiri": {"name": "Tatsugiri", "species": "Tatsugiri", "speciesId": "tatsugiri", "gender": "F", "shiny": false, "level": 87, "moves": ["dracometeor", "rapidspin", "nastyplot", "surf"], "ability": "Storm Drain", "evs": {"hp": 85, "atk": 85, "def": 85, "spa": 85, "spd": 85, "spe": 85}, "ivs": {"hp": 31, "atk": 31, "def": 31, "spa": 31, "spd": 31, "spe": 31}, "item": "Heavy-Duty Boots", "teraType": "Steel", "role": "Fast Support", "bvs": {"hp": 68, "atk": 50, "def": 60, "spa": 120, "spd": 95, "spe": 82}, "stats": {"hp": 260, "atk": 137, "def": 154, "spa": 259, "spd": 215, "spe": 192}, "types": ["Dragon", "Water"]}, "Spectrier": {"name": "Spectrier", "species": "Spectrier", "speciesId": "spectrier", "gender": "N", "shiny": false, "level": 75, "moves": ["willowisp", "nastyplot", "shadowball", "terablast"], "ability": "Grim Neigh", "evs": {"hp": 85, "atk": 0, "def": 85, "spa": 85, "spd": 85, "spe": 85}, "ivs": {"hp": 31, "atk": 0, "def": 31, "spa": 31, "spd": 31, "spe": 31}, "item": "Life Orb", "teraType": "Fighting", "role": "Tera Blast user", "bvs": {"hp": 100, "atk": 65, "def": 60, "spa": 145, "spd": 80, "spe": 130}, "stats": {"hp": 274, "atk": 102, "def": 134, "spa": 261, "spd": 164, "spe": 239}, "types": ["Ghost"]}, "Hydrapple": {"name": "Hydrapple", "species": "Hydrapple", "speciesId": "hydrapple", "gender": "M", "shiny": false, "level": 83, "moves": ["ficklebeam", "nastyplot", "gigadrain", "recover"], "ability": "Regenerator", "evs": {"hp": 85, "atk": 0, "def": 85, "spa": 85, "spd": 85, "spe": 85}, "ivs": {"hp": 31, "atk": 0, "def": 31, "spa": 31, "spd": 31, "spe": 31}, "item": "Leftovers", "teraType": "Steel", "role": "Fast Bulky Setup", "bvs": {"hp": 106, "atk": 80, "def": 110, "spa": 120, "spd": 80, "spe": 44}, "stats": {"hp": 312, "atk": 137, "def": 230, "spa": 247, "spd": 180, "spe": 121}, "types": ["Grass", "Dragon"]}, "Coalossal": {"name": "Coalossal", "species": "Coalossal", "speciesId": "coalossal", "gender": "F", "shiny": false, "level": 89, "moves": ["stealthrock", "overheat", "spikes", "stoneedge"], "ability": "Flame Body", "evs": {"hp": 85, "atk": 85, "def": 85, "spa": 85, "spd": 85, "spe": 85}, "ivs": {"hp": 31, "atk": 31, "def": 31, "spa": 31, "spd": 31, "spe": 31}, "item": "Heavy-Duty Boots", "teraType": "Ghost", "role": "Bulky Support", "bvs": {"hp": 110, "atk": 80, "def": 120, "spa": 80, "spd": 90, "spe": 30}, "stats": {"hp": 341, "atk": 193, "def": 264, "spa": 193, "spd": 211, "spe": 104}, "types": ["Rock", "Fire"]}, "Leavanny": {"name": "Leavanny", "species": "Leavanny", "speciesId": "leavanny", "gender": "M", "shiny": false, "level": 86, "moves": ["stickyweb", "knockoff", "bulletseed", "tripleaxel"], "ability": "Chlorophyll", "evs": {"hp": 85, "atk": 85, "def": 85, "spa": 85, "spd": 85, "spe": 85}, "ivs": {"hp": 31, "atk": 31, "def": 31, "spa": 31, "spd": 31, "spe": 31}, "item": "Loaded Dice", "teraType": "Rock", "role": "Fast Attacker", "bvs": {"hp": 75, "atk": 103, "def": 80, "spa": 70, "spd": 80, "spe": 92}, "stats": {"hp": 269, "atk": 226, "def": 187, "spa": 170, "spd": 187, "spe": 207}, "types": ["Bug", "Grass"]}, "Muk": {"name": "Muk", "species": "Muk-Alola", "speciesId": "mukalola", "gender": "F", "shiny": false, "level": 82, "moves": ["knockoff", "icepunch", "gunkshot", "drainpunch"], "ability": "Poison Touch", "evs": {"hp": 85, "atk": 85, "def": 85, "spa": 85, "spd": 85, "spe": 85}, "ivs": {"hp": 31, "atk": 31, "def": 31, "spa": 31, "spd": 31, "spe": 31}, "item": "Assault Vest", "teraType": "Fighting", "role": "AV Pivot", "bvs": {"hp": 105, "atk": 105, "def": 75, "spa": 65, "spd": 100, "spe": 50}, "stats": {"hp": 306, "atk": 219, "def": 170, "spa": 154, "spd": 211, "spe": 129}, "types": ["Poison", "Dark"]}}, {"Slowking": {"name": "Slowking", "species": "Slowking-Galar", "speciesId": "slowkinggalar", "gender": "M", "shiny": false, "level": 85, "moves": ["surf", "futuresight", "sludgebomb", "psychicnoise"], "ability": "Regenerator", "evs": {"hp": 85, "atk": 0, "def": 85, "spa": 85, "spd": 85, "spe": 85}, "ivs": {"hp": 31, "atk": 0, "def": 31, "spa": 31, "spd": 31, "spe": 31}, "item": "Assault Vest", "teraType": "Fairy", "role": "AV Pivot", "bvs": {"hp": 95, "atk": 65, "def": 80, "spa": 110, "spd": 110, "spe": 30}, "stats": {"hp": 300, "atk": 115, "def": 185, "spa": 236, "spd": 236, "spe": 100}, "types": ["Poison", "Psychic"]}, "Deoxys": {"name": "Deoxys", "species": "Deoxys", "speciesId": "deoxys", "gender": "N", "shiny": false, "level": 74, "moves": ["superpower", "extremespeed", "knockoff", "psychoboost"], "ability": "Pressure", "evs": {"hp": 85, "atk": 85, "def": 85, "spa": 85, "spd": 85, "spe": 85}, "ivs": {"hp": 31, "atk": 31, "def": 31, "spa": 31, "spd": 31, "spe": 31}, "item": "Life Orb", "teraType": "Psychic", "role": "Fast Attacker", "bvs": {"hp": 50, "atk": 150, "def": 50, "spa": 150, "spd": 50, "spe": 150}, "stats": {"hp": 196, "atk": 265, "def": 117, "spa": 265, "spd": 117, "spe": 265}, "types": ["Psychic"]}, "Cyclizar": {"name": "Cyclizar", "species": "Cyclizar", "speciesId": "cyclizar", "gender": "F", "shiny": false, "level": 83, "moves": ["shedtail", "knockoff", "dracometeor", "rapidspin"], "ability": "Regenerator", "evs": {"hp": 85, "atk": 85, "def": 85, "spa": 85, "spd": 85, "spe": 85}, "ivs": {"hp": 31, "atk": 31, "def": 31, "spa": 31, "spd": 31, "spe": 31}, "item": "Heavy-Duty Boots", "teraType": "Fairy", "role": "Fast Support", "bvs": {"hp": 70, "atk": 95, "def": 65, "spa": 85, "spd": 65, "spe": 121}, "stats": {"hp": 252, "atk": 205, "def": 156, "spa": 189, "spd": 156, "spe": 249}, "types": ["Dragon", "Normal"]}, "Baxcalibur": {"name": "Baxcalibur", "species": "Baxcalibur", "speciesId": "baxcalibur", "gender": "M", "shiny": false, "level": 75, "moves": ["earthquake", "scaleshot", "swordsdance", "iciclespear"], "ability": "Thermal Exchange", "evs": {"hp": 81, "atk": 85, "def": 85, "spa": 85, "spd": 85, "spe": 85}, "ivs": {"hp": 31, "atk": 31, "def": 31, "spa": 31, "spd": 31, "spe": 31}, "item": "Loaded Dice", "teraType": "Ground", "role": "Bulky Setup", "bvs": {"hp": 115, "atk": 145, "def": 92, "spa": 75, "spd": 86, "spe": 87}, "stats": {"hp": 295, "atk": 261, "def": 182, "spa": 156, "spd": 173, "spe": 174}, "types": ["Dragon", "Ice"]}, "Floatzel": {"name": "Floatzel", "species": "Floatzel", "speciesId": "floatzel", "gender": "F", "shiny": false, "level": 86, "moves": ["taunt", "icespinner", "wavecrash", "bulkup"], "ability": "Water Veil", "evs": {"hp": 85, "atk": 85, "def": 85, "spa": 85, "spd": 85, "spe": 85}, "ivs": {"hp": 31, "atk": 31, "def": 31, "spa": 31, "spd": 31, "spe": 31}, "item": "Leftovers", "teraType": "Steel", "role": "Bulky Setup", "bvs": {"hp": 85, "atk": 105, "def": 55, "spa": 85, "spd": 50, "spe": 115}, "stats": {"hp": 286, "atk": 230, "def": 144, "spa": 195, "spd": 135, "spe": 247}, "types": ["Water"]}, "Slither Wing": {"name": "Slither Wing", "species": "Slither Wing", "speciesId": "slitherwing", "gender": "N", "shiny": false, "level": 81, "moves": ["closecombat", "earthquake", "acrobatics", "bulkup"], "ability": "Protosynthesis", "evs": {"hp": 85, "atk": 85, "def": 85, "spa": 85, "spd": 85, "spe": 85}, "ivs": {"hp": 31, "atk": 31, "def": 31, "spa": 31, "spd": 31, "spe": 31}, "item": "Booster Energy", "teraType": "Flying", "role": "Fast Bulky Setup", "bvs": {"hp": 85, "atk": 135, "def": 79, "spa": 85, "spd": 105, "spe": 81}, "stats": {"hp": 270, "atk": 265, "def": 175, "spa": 184, "spd": 217, "spe": 178}, "types": ["Bug", "Fighting"]}}]}