{"id": "gen9randombattle-2641473681", "format": "[Gen 9] Random Battle", "players": ["ggffcvvfffvgbnh", "beare_01"], "log": "|j|\u2606ggffcvvfffvgbnh\n|j|\u2606beare_01\n|t:|1782790362\n|gametype|singles\n|player|p1|ggffcvvfffvgbnh|101|1152\n|player|p2|beare_01|clown|1192\n|gen|9\n|tier|[Gen 9] Random Battle\n|rated|\n|rule|Species Clause: Limit one of each Pok\u00e9mon\n|rule|HP Percentage Mod: HP is shown in percentages\n|rule|Sleep Clause Mod: Limit one foe put to sleep\n|rule|Illusion Level Mod: Illusion disguises the Pok\u00e9mon's true level\n|\n|t:|1782790362\n|teamsize|p1|6\n|teamsize|p2|6\n|start\n|switch|p1a: Cloyster|Cloyster, L80, F|211/211\n|switch|p2a: Ursaring|Ursaring, L84, M|288/288\n|turn|1\n|\n|t:|1782790376\n|move|p1a: Cloyster|Shell Smash|p1a: Cloyster\n|-unboost|p1a: Cloyster|def|1\n|-unboost|p1a: Cloyster|spd|1\n|-boost|p1a: Cloyster|atk|2\n|-boost|p1a: Cloyster|spa|2\n|-boost|p1a: Cloyster|spe|2\n|-enditem|p1a: Cloyster|White Herb\n|-clearnegativeboost|p1a: Cloyster|[silent]\n|move|p2a: Ursaring|Body Slam|p1a: Cloyster\n|-damage|p1a: Cloyster|145/211\n|-status|p1a: Cloyster|par\n|\n|upkeep\n|turn|2\n|\n|t:|1782790390\n|move|p1a: Cloyster|Icicle Spear|p2a: Ursaring\n|-damage|p2a: Ursaring|254/288\n|-damage|p2a: Ursaring|215/288\n|-damage|p2a: Ursaring|181/288\n|-damage|p2a: Ursaring|145/288\n|-damage|p2a: Ursaring|108/288\n|-hitcount|p2a: Ursaring|5\n|move|p2a: Ursaring|Body Slam|p1a: Cloyster\n|-damage|p1a: Cloyster|75/211 par\n|\n|upkeep\n|turn|3\n|\n|t:|1782790406\n|switch|p2a: Lumineon|Lumineon, L93, M|279/279\n|move|p1a: Cloyster|Icicle Spear|p2a: Lumineon\n|-resisted|p2a: Lumineon\n|-damage|p2a: Lumineon|255/279\n|-resisted|p2a: Lumineon\n|-damage|p2a: Lumineon|229/279\n|-resisted|p2a: Lumineon\n|-damage|p2a: Lumineon|205/279\n|-resisted|p2a: Lumineon\n|-damage|p2a: Lumineon|182/279\n|-resisted|p2a: Lumineon\n|-damage|p2a: Lumineon|160/279\n|-hitcount|p2a: Lumineon|5\n|\n|upkeep\n|turn|4\n|\n|t:|1782790429\n|move|p2a: Lumineon|Alluring Voice|p1a: Cloyster\n|-damage|p1a: Cloyster|0 fnt\n|faint|p1a: Cloyster\n|-damage|p2a: Lumineon|133/279|[from] item: Life Orb\n|\n|upkeep\n|\n|t:|1782790437\n|switch|p1a: Veluza|Veluza, L85, M|292/292\n|turn|5\n|\n|t:|1782790444\n|move|p2a: Lumineon|Alluring Voice|p1a: Veluza\n|-damage|p1a: Veluza|204/292\n|-damage|p2a: Lumineon|106/279|[from] item: Life Orb\n|move|p1a: Veluza|Fillet Away|p1a: Veluza\n|-boost|p1a: Veluza|atk|2\n|-boost|p1a: Veluza|spa|2\n|-boost|p1a: Veluza|spe|2\n|-damage|p1a: Veluza|58/292\n|-enditem|p1a: Veluza|Sitrus Berry|[eat]\n|-heal|p1a: Veluza|131/292|[from] item: Sitrus Berry\n|\n|upkeep\n|turn|6\n|\n|t:|1782790458\n|move|p1a: Veluza|Psycho Cut|p2a: Lumineon\n|-damage|p2a: Lumineon|0 fnt\n|faint|p2a: Lumineon\n|\n|upkeep\n|\n|t:|1782790493\n|switch|p2a: Deoxys|Deoxys-Speed, L82|216/216\n|-ability|p2a: Deoxys|Pressure\n|turn|7\n|\n|t:|1782790503\n|-terastallize|p1a: Veluza|Dark\n|move|p2a: Deoxys|Knock Off|p1a: Veluza\n|-resisted|p1a: Veluza\n|-damage|p1a: Veluza|100/292\n|-damage|p2a: Deoxys|195/216|[from] item: Life Orb\n|move|p1a: Veluza|Night Slash|p2a: Deoxys\n|-supereffective|p2a: Deoxys\n|-damage|p2a: Deoxys|0 fnt\n|faint|p2a: Deoxys\n|\n|upkeep\n|\n|t:|1782790516\n|switch|p2a: Okidogi|Okidogi, L77, M|262/262\n|turn|8\n|\n|t:|1782790522\n|move|p1a: Veluza|Psycho Cut|p2a: Okidogi\n|-supereffective|p2a: Okidogi\n|-damage|p2a: Okidogi|0 fnt\n|faint|p2a: Okidogi\n|\n|upkeep\n|-message|beare_01 forfeited.\n|\n|win|ggffcvvfffvgbnh\n|raw|ggffcvvfffvgbnh's rating: 1152 &rarr; <strong>1180</strong><br />(+28 for winning)\n|raw|beare_01's rating: 1192 &rarr; <strong>1164</strong><br />(-28 for losing)\n|l|\u2606beare_01\n|player|p2|\n", "inputlog": ">version f8ac14003a5f27e1bdc8d8c59608a773c1cb96e5\n>start {\"formatid\":\"gen9randombattle\",\"seed\":\"sodium,b9d7e501667effc1a4e9eba3329e3efc\",\"rated\":\"Rated battle\"}\n>player p1 {\"name\":\"ggffcvvfffvgbnh\",\"avatar\":\"101\",\"rating\":1152,\"seed\":\"sodium,5c2af03b3faf9779995a48cb06add01b\"}\n>player p2 {\"name\":\"beare_01\",\"avatar\":\"clown\",\"rating\":1192,\"seed\":\"sodium,d4ce5f9df386d69d7e2ed5636f3e36e3\"}\n>p1 move shellsmash\n>p2 move bodyslam\n>p1 move iciclespear\n>p2 move bodyslam\n>p1 move iciclespear\n>p2 switch 6\n>p1 move rockblast\n>p2 move alluringvoice\n>p1 switch 3\n>p1 move filletaway\n>p2 move alluringvoice\n>p1 move psychocut\n>p2 move encore\n>p2 switch 4\n>p1 move nightslash terastallize\n>p2 move knockoff\n>p2 switch 2\n>p1 move psychocut\n>p2 move drainpunch\n>forcelose p2", "uploadtime": 1782790534, "views": 2, "formatid": "gen9randombattle", "rating": 1164, "private": 0, "password": null, "player_dets": [{"name": "ggffcvvfffvgbnh", "avatar": "101", "rating": 1152, "seed": "sodium,5c2af03b3faf9779995a48cb06add01b"}, {"name": "beare_01", "avatar": "clown", "rating": 1192, "seed": "sodium,d4ce5f9df386d69d7e2ed5636f3e36e3"}], "teams_full": [{"Cloyster": {"name": "Cloyster", "species": "Cloyster", "speciesId": "cloyster", "gender": "F", "shiny": false, "level": 80, "moves": ["hydropump", "shellsmash", "rockblast", "iciclespear"], "ability": "Skill Link", "evs": {"hp": 85, "atk": 85, "def": 85, "spa": 85, "spd": 85, "spe": 85}, "ivs": {"hp": 31, "atk": 31, "def": 31, "spa": 31, "spd": 31, "spe": 31}, "item": "White Herb", "teraType": "Rock", "role": "Setup Sweeper", "bvs": {"hp": 50, "atk": 95, "def": 180, "spa": 85, "spd": 45, "spe": 70}, "stats": {"hp": 211, "atk": 198, "def": 334, "spa": 182, "spd": 118, "spe": 158}, "types": ["Water", "Ice"]}, "Sandslash": {"name": "Sandslash", "species": "Sandslash-Alola", "speciesId": "sandslashalola", "gender": "F", "shiny": false, "level": 88, "moves": ["swordsdance", "tripleaxel", "earthquake", "iceshard"], "ability": "Slush Rush", "evs": {"hp": 85, "atk": 85, "def": 85, "spa": 85, "spd": 85, "spe": 85}, "ivs": {"hp": 31, "atk": 31, "def": 31, "spa": 31, "spd": 31, "spe": 31}, "item": "Life Orb", "teraType": "Ground", "role": "Setup Sweeper", "bvs": {"hp": 75, "atk": 100, "def": 120, "spa": 25, "spd": 65, "spe": 65}, "stats": {"hp": 275, "atk": 226, "def": 261, "spa": 94, "spd": 165, "spe": 165}, "types": ["Ice", "Steel"]}, "Veluza": {"name": "Veluza", "species": "Veluza", "speciesId": "veluza", "gender": "M", "shiny": false, "level": 85, "moves": ["nightslash", "filletaway", "psychocut", "aquacutter"], "ability": "Sharpness", "evs": {"hp": 85, "atk": 85, "def": 85, "spa": 85, "spd": 85, "spe": 85}, "ivs": {"hp": 31, "atk": 31, "def": 31, "spa": 31, "spd": 31, "spe": 31}, "item": "Sitrus Berry", "teraType": "Dark", "role": "Setup Sweeper", "bvs": {"hp": 90, "atk": 102, "def": 73, "spa": 78, "spd": 65, "spe": 70}, "stats": {"hp": 292, "atk": 222, "def": 173, "spa": 181, "spd": 159, "spe": 168}, "types": ["Water", "Psychic"]}, "Typhlosion": {"name": "Typhlosion", "species": "Typhlosion-Hisui", "speciesId": "typhlosionhisui", "gender": "F", "shiny": false, "level": 83, "moves": ["shadowball", "willowisp", "calmmind", "fireblast"], "ability": "Blaze", "evs": {"hp": 85, "atk": 0, "def": 85, "spa": 85, "spd": 85, "spe": 85}, "ivs": {"hp": 31, "atk": 0, "def": 31, "spa": 31, "spd": 31, "spe": 31}, "item": "Heavy-Duty Boots", "teraType": "Fire", "role": "Fast Bulky Setup", "bvs": {"hp": 73, "atk": 84, "def": 78, "spa": 119, "spd": 85, "spe": 95}, "stats": {"hp": 257, "atk": 144, "def": 177, "spa": 245, "spd": 189, "spe": 205}, "types": ["Fire", "Ghost"]}, "Arceus": {"name": "Arceus", "species": "Arceus-Bug", "speciesId": "arceusbug", "gender": "N", "shiny": false, "level": 73, "moves": ["judgment", "recover", "calmmind", "fireblast"], "ability": "Multitype", "evs": {"hp": 81, "atk": 0, "def": 85, "spa": 85, "spd": 85, "spe": 85}, "ivs": {"hp": 31, "atk": 0, "def": 31, "spa": 31, "spd": 31, "spe": 31}, "item": "Insect Plate", "teraType": "Fire", "role": "Bulky Setup", "bvs": {"hp": 120, "atk": 120, "def": 120, "spa": 120, "spd": 120, "spe": 120}, "stats": {"hp": 295, "atk": 180, "def": 218, "spa": 218, "spd": 218, "spe": 218}, "types": ["Bug"]}, "Medicham": {"name": "Medicham", "species": "Medicham", "speciesId": "medicham", "gender": "M", "shiny": false, "level": 86, "moves": ["zenheadbutt", "icepunch", "closecombat", "bulletpunch"], "ability": "Pure Power", "evs": {"hp": 85, "atk": 85, "def": 85, "spa": 85, "spd": 85, "spe": 85}, "ivs": {"hp": 31, "atk": 31, "def": 31, "spa": 31, "spd": 31, "spe": 31}, "item": "Choice Band", "teraType": "Fighting", "role": "Fast Attacker", "bvs": {"hp": 60, "atk": 60, "def": 75, "spa": 60, "spd": 75, "spe": 80}, "stats": {"hp": 243, "atk": 152, "def": 178, "spa": 152, "spd": 178, "spe": 187}, "types": ["Fighting", "Psychic"]}}, {"Ursaring": {"name": "Ursaring", "species": "Ursaring", "speciesId": "ursaring", "gender": "M", "shiny": false, "level": 84, "moves": ["earthquake", "sleeptalk", "rest", "bodyslam"], "ability": "Guts", "evs": {"hp": 85, "atk": 85, "def": 85, "spa": 85, "spd": 85, "spe": 85}, "ivs": {"hp": 31, "atk": 31, "def": 31, "spa": 31, "spd": 31, "spe": 31}, "item": "Eviolite", "teraType": "Ground", "role": "Bulky Attacker", "bvs": {"hp": 90, "atk": 130, "def": 75, "spa": 75, "spd": 75, "spe": 55}, "stats": {"hp": 288, "atk": 267, "def": 174, "spa": 174, "spd": 174, "spe": 141}, "types": ["Normal"]}, "Okidogi": {"name": "Okidogi", "species": "Okidogi", "speciesId": "okidogi", "gender": "M", "shiny": false, "level": 77, "moves": ["drainpunch", "bulkup", "gunkshot", "knockoff"], "ability": "Toxic Chain", "evs": {"hp": 85, "atk": 85, "def": 85, "spa": 85, "spd": 85, "spe": 85}, "ivs": {"hp": 31, "atk": 31, "def": 31, "spa": 31, "spd": 31, "spe": 31}, "item": "Leftovers", "teraType": "Dark", "role": "Bulky Setup", "bvs": {"hp": 88, "atk": 128, "def": 115, "spa": 58, "spd": 86, "spe": 80}, "stats": {"hp": 262, "atk": 242, "def": 222, "spa": 134, "spd": 177, "spe": 168}, "types": ["Poison", "Fighting"]}, "Ursaluna": {"name": "Ursaluna", "species": "Ursaluna-Bloodmoon", "speciesId": "ursalunabloodmoon", "gender": "M", "shiny": false, "level": 79, "moves": ["calmmind", "bloodmoon", "moonlight", "vacuumwave"], "ability": "Mind's Eye", "evs": {"hp": 85, "atk": 0, "def": 85, "spa": 85, "spd": 85, "spe": 85}, "ivs": {"hp": 31, "atk": 0, "def": 31, "spa": 31, "spd": 31, "spe": 31}, "item": "Leftovers", "teraType": "Ghost", "role": "Bulky Setup", "bvs": {"hp": 113, "atk": 70, "def": 120, "spa": 135, "spd": 65, "spe": 52}, "stats": {"hp": 308, "atk": 115, "def": 235, "spa": 259, "spd": 148, "spe": 128}, "types": ["Ground", "Normal"]}, "Deoxys": {"name": "Deoxys", "species": "Deoxys-Speed", "speciesId": "deoxysspeed", "gender": "N", "shiny": false, "level": 82, "moves": ["knockoff", "psychoboost", "superpower", "spikes"], "ability": "Pressure", "evs": {"hp": 85, "atk": 85, "def": 85, "spa": 85, "spd": 85, "spe": 85}, "ivs": {"hp": 31, "atk": 31, "def": 31, "spa": 31, "spd": 31, "spe": 31}, "item": "Life Orb", "teraType": "Ghost", "role": "Fast Support", "bvs": {"hp": 50, "atk": 95, "def": 90, "spa": 95, "spd": 90, "spe": 180}, "stats": {"hp": 216, "atk": 203, "def": 195, "spa": 203, "spd": 195, "spe": 342}, "types": ["Psychic"]}, "Polteageist": {"name": "Polteageist", "species": "Polteageist", "speciesId": "polteageist", "gender": "N", "shiny": false, "level": 78, "moves": ["storedpower", "terablast", "shellsmash", "shadowball"], "ability": "Cursed Body", "evs": {"hp": 85, "atk": 0, "def": 85, "spa": 85, "spd": 85, "spe": 85}, "ivs": {"hp": 31, "atk": 0, "def": 31, "spa": 31, "spd": 31, "spe": 31}, "item": "White Herb", "teraType": "Fighting", "role": "Tera Blast user", "bvs": {"hp": 60, "atk": 65, "def": 65, "spa": 134, "spd": 114, "spe": 70}, "stats": {"hp": 222, "atk": 106, "def": 146, "spa": 254, "spd": 223, "spe": 154}, "types": ["Ghost"]}, "Lumineon": {"name": "Lumineon", "species": "Lumineon", "speciesId": "lumineon", "gender": "M", "shiny": false, "level": 93, "moves": ["hydropump", "icebeam", "encore", "alluringvoice"], "ability": "Storm Drain", "evs": {"hp": 85, "atk": 0, "def": 85, "spa": 85, "spd": 85, "spe": 85}, "ivs": {"hp": 31, "atk": 0, "def": 31, "spa": 31, "spd": 31, "spe": 31}, "item": "Life Orb", "teraType": "Water", "role": "Fast Attacker", "bvs": {"hp": 69, "atk": 69, "def": 76, "spa": 69, "spd": 86, "spe": 91}, "stats": {"hp": 279, "atk": 133, "def": 194, "spa": 181, "spd": 213, "spe": 222}, "types": ["Water"]}}]}