{"id": "gen9randombattle-2641411604", "format": "[Gen 9] Random Battle", "players": ["SXD2002", "nest125"], "log": "|j|\u203dSXD2002\n|j|\u203dnest125\n|html|<table width=\"100%\"><tr><td align=\"left\">SXD2002</td><td align=\"right\">nest125</tr><tr><td align=\"left\"><i class=\"fa fa-circle\"></i> <i class=\"fa fa-circle-o\"></i> </td><td align=\"right\"><i class=\"fa fa-circle-o\"></i> <i class=\"fa fa-circle-o\"></i> </tr></table>\n|uhtml|bestof|<h2><strong>Game 2</strong> of <a href=\"/game-bestof3-gen9randombattle-2641408877\">a best-of-3</a></h2>\n|t:|1782780778\n|gametype|singles\n|player|p1|SXD2002|169|\n|player|p2|nest125|1|\n|gen|9\n|tier|[Gen 9] Random Battle\n|rule|Species Clause: Limit one of each Pok\u00e9mon\n|rule|HP Percentage Mod: HP is shown in percentages\n|rule|Sleep Clause Mod: Limit one foe put to sleep\n|rule|Illusion Level Mod: Illusion disguises the Pok\u00e9mon's true level\n|raw|<div class=\"infobox\"><details class=\"readmore\" open><summary><strong>1 custom rule:</strong></summary> Best of = 3</details></div>\n|\n|t:|1782780778\n|teamsize|p1|6\n|teamsize|p2|6\n|start\n|switch|p1a: Vaporeon|Vaporeon, L86, M|364/364\n|switch|p2a: Banette|Banette, L93, M|270/270\n|turn|1\n|\n|t:|1782780836\n|move|p2a: Banette|Gunk Shot|p1a: Vaporeon\n|-damage|p1a: Vaporeon|160/364\n|-status|p1a: Vaporeon|psn\n|-damage|p2a: Banette|243/270|[from] item: Life Orb\n|move|p1a: Vaporeon|Scald|p2a: Banette\n|-damage|p2a: Banette|131/270\n|-status|p2a: Banette|brn\n|\n|-heal|p1a: Vaporeon|182/364 psn|[from] item: Leftovers\n|-damage|p1a: Vaporeon|137/364 psn|[from] psn\n|-damage|p2a: Banette|115/270 brn|[from] brn\n|upkeep\n|turn|2\n|\n|t:|1782780884\n|switch|p2a: Volcanion|Volcanion, L79|256/256\n|move|p1a: Vaporeon|Wish|p1a: Vaporeon\n|\n|-heal|p1a: Vaporeon|159/364 psn|[from] item: Leftovers\n|-damage|p1a: Vaporeon|114/364 psn|[from] psn\n|upkeep\n|turn|3\n|\n|t:|1782780908\n|move|p1a: Vaporeon|Protect|p1a: Vaporeon\n|-singleturn|p1a: Vaporeon|Protect\n|move|p2a: Volcanion|Sludge Bomb|p1a: Vaporeon\n|-activate|p1a: Vaporeon|move: Protect\n|\n|-heal|p1a: Vaporeon|296/364 psn|[from] move: Wish|[wisher] Vaporeon\n|-heal|p1a: Vaporeon|318/364 psn|[from] item: Leftovers\n|-damage|p1a: Vaporeon|273/364 psn|[from] psn\n|upkeep\n|turn|4\n|\n|t:|1782780918\n|switch|p1a: Pincurchin|Pincurchin, M|258/258\n|-fieldstart|move: Electric Terrain|[from] ability: Electric Surge|[of] p1a: Pincurchin\n|move|p2a: Volcanion|Sludge Bomb|p1a: Pincurchin\n|-damage|p1a: Pincurchin|194/258\n|-status|p1a: Pincurchin|psn\n|\n|-heal|p1a: Pincurchin|210/258 psn|[from] item: Leftovers\n|-damage|p1a: Pincurchin|178/258 psn|[from] psn\n|upkeep\n|turn|5\n|inactive|Battle timer is ON: inactive players will automatically lose when time's up. (requested by SXD2002)\n|\n|t:|1782780934\n|switch|p2a: Probopass|Probopass, L91, M|257/257\n|move|p1a: Pincurchin|Toxic Spikes|p2a: Probopass\n|-sidestart|p2: nest125|move: Toxic Spikes\n|\n|-heal|p1a: Pincurchin|194/258 psn|[from] item: Leftovers\n|-damage|p1a: Pincurchin|162/258 psn|[from] psn\n|upkeep\n|turn|6\n|\n|t:|1782780945\n|move|p2a: Probopass|Iron Defense|p2a: Probopass\n|-boost|p2a: Probopass|def|2\n|move|p1a: Pincurchin|Scald|p2a: Probopass\n|-supereffective|p2a: Probopass\n|-damage|p2a: Probopass|157/257\n|\n|-heal|p2a: Probopass|173/257|[from] item: Leftovers\n|-heal|p1a: Pincurchin|178/258 psn|[from] item: Leftovers\n|-damage|p1a: Pincurchin|146/258 psn|[from] psn\n|upkeep\n|turn|7\n|\n|t:|1782780955\n|move|p2a: Probopass|Body Press|p1a: Pincurchin\n|-damage|p1a: Pincurchin|0 fnt\n|faint|p1a: Pincurchin\n|\n|-heal|p2a: Probopass|189/257|[from] item: Leftovers\n|upkeep\n|\n|t:|1782780959\n|switch|p1a: Vaporeon|Vaporeon, L86, M|273/364 psn\n|turn|8\n|\n|t:|1782780964\n|move|p1a: Vaporeon|Scald|p2a: Probopass\n|-supereffective|p2a: Probopass\n|-damage|p2a: Probopass|57/257\n|move|p2a: Probopass|Body Press|p1a: Vaporeon\n|-damage|p1a: Vaporeon|32/364 psn\n|\n|-heal|p1a: Vaporeon|54/364 psn|[from] item: Leftovers\n|-heal|p2a: Probopass|73/257|[from] item: Leftovers\n|-damage|p1a: Vaporeon|9/364 psn|[from] psn\n|-fieldend|move: Electric Terrain\n|upkeep\n|turn|9\n|\n|t:|1782780977\n|move|p1a: Vaporeon|Wish|p1a: Vaporeon\n|move|p2a: Probopass|Body Press|p1a: Vaporeon\n|-damage|p1a: Vaporeon|0 fnt\n|faint|p1a: Vaporeon\n|\n|-heal|p2a: Probopass|89/257|[from] item: Leftovers\n|upkeep\n|\n|t:|1782780986\n|switch|p1a: Iron Boulder|Iron Boulder, L77|265/265\n|-enditem|p1a: Iron Boulder|Booster Energy\n|-activate|p1a: Iron Boulder|ability: Quark Drive|[fromitem]\n|-start|p1a: Iron Boulder|quarkdrivespe\n|turn|10\n|\n|t:|1782780993\n|switch|p2a: Banette|Banette, L93, M|115/270 brn\n|move|p1a: Iron Boulder|Swords Dance|p1a: Iron Boulder\n|-boost|p1a: Iron Boulder|atk|2\n|\n|-damage|p2a: Banette|99/270 brn|[from] brn\n|upkeep\n|turn|11\n|\n|t:|1782781002\n|move|p2a: Banette|Shadow Sneak|p1a: Iron Boulder\n|-supereffective|p1a: Iron Boulder\n|-damage|p1a: Iron Boulder|182/265\n|-damage|p2a: Banette|72/270 brn|[from] item: Life Orb\n|move|p1a: Iron Boulder|Mighty Cleave|p2a: Banette\n|-damage|p2a: Banette|0 fnt\n|faint|p2a: Banette\n|\n|upkeep\n|\n|t:|1782781010\n|switch|p2a: Probopass|Probopass, L91, M|89/257\n|turn|12\n|\n|t:|1782781014\n|move|p1a: Iron Boulder|Close Combat|p2a: Probopass\n|-supereffective|p2a: Probopass\n|-damage|p2a: Probopass|0 fnt\n|-unboost|p1a: Iron Boulder|def|1\n|-unboost|p1a: Iron Boulder|spd|1\n|faint|p2a: Probopass\n|\n|upkeep\n|\n|t:|1782781029\n|switch|p2a: Ambipom|Ambipom, L84, M|263/263\n|-status|p2a: Ambipom|psn\n|turn|13\n|\n|t:|1782781040\n|move|p1a: Iron Boulder|Close Combat|p2a: Ambipom\n|-supereffective|p2a: Ambipom\n|-damage|p2a: Ambipom|0 fnt\n|-unboost|p1a: Iron Boulder|def|1\n|-unboost|p1a: Iron Boulder|spd|1\n|faint|p2a: Ambipom\n|\n|upkeep\n|\n|t:|1782781048\n|switch|p2a: Minior|Minior, L79|224/224\n|-formechange|p2a: Minior|Minior-Meteor||[from] ability: Shields Down\n|turn|14\n|\n|t:|1782781065\n|-terastallize|p1a: Iron Boulder|Fighting\n|move|p1a: Iron Boulder|Mighty Cleave|p2a: Minior\n|-supereffective|p2a: Minior\n|-damage|p2a: Minior|0 fnt\n|faint|p2a: Minior\n|\n|upkeep\n|\n|t:|1782781073\n|switch|p2a: Volcanion|Volcanion, L79|256/256\n|turn|15\n|\n|t:|1782781078\n|move|p1a: Iron Boulder|Close Combat|p2a: Volcanion\n|-damage|p2a: Volcanion|30/256\n|-unboost|p1a: Iron Boulder|def|1\n|-unboost|p1a: Iron Boulder|spd|1\n|move|p2a: Volcanion|Haze|p2a: Volcanion\n|-clearallboost\n|\n|upkeep\n|turn|16\n|\n|t:|1782781086\n|move|p1a: Iron Boulder|Mighty Cleave|p2a: Volcanion\n|-supereffective|p2a: Volcanion\n|-damage|p2a: Volcanion|0 fnt\n|faint|p2a: Volcanion\n|\n|upkeep\n|\n|t:|1782781091\n|switch|p2a: Primarina|Primarina, L83, F|268/268\n|-status|p2a: Primarina|psn\n|turn|17\n|\n|t:|1782781097\n|move|p1a: Iron Boulder|Zen Headbutt|p2a: Primarina\n|-crit|p2a: Primarina\n|-damage|p2a: Primarina|126/268 psn\n|cant|p2a: Primarina|flinch\n|\n|-heal|p2a: Primarina|142/268 psn|[from] item: Leftovers\n|-damage|p2a: Primarina|109/268 psn|[from] psn\n|upkeep\n|turn|18\n|\n|t:|1782781104\n|move|p1a: Iron Boulder|Mighty Cleave|p2a: Primarina\n|-damage|p2a: Primarina|0 fnt\n|faint|p2a: Primarina\n|\n|win|SXD2002\n", "inputlog": ">version f8ac14003a5f27e1bdc8d8c59608a773c1cb96e5\n>start {\"formatid\":\"gen9randombattle@@@Best of = 3\",\"seed\":\"sodium,30735c24107b41d078bda245b8f8d28c\"}\n>player p1 {\"name\":\"SXD2002\",\"avatar\":\"169\",\"rating\":0,\"seed\":\"sodium,36dbf23d6f6b309c6f1ed2470bb61290\"}\n>player p2 {\"name\":\"nest125\",\"avatar\":\"1\",\"rating\":0,\"seed\":\"sodium,43448ac18f58ef0b5c14d79989c96527\"}\n>p1 move scald\n>p2 move gunkshot\n>p1 move wish\n>p2 switch 5\n>p1 move protect\n>p2 move sludgebomb\n>p1 switch 3\n>p2 move sludgebomb\n>p1 move toxicspikes\n>p2 switch 2\n>p1 move scald\n>p2 move irondefense\n>p1 move toxicspikes\n>p2 move bodypress\n>p1 switch 3\n>p1 move scald\n>p2 move bodypress\n>p1 move wish\n>p2 move bodypress\n>p1 switch 4\n>p1 move swordsdance\n>p2 switch 5\n>p1 move mightycleave\n>p2 move shadowsneak\n>p2 switch 5\n>p1 move closecombat\n>p2 move thunderwave\n>p2 switch 3\n>p1 move closecombat\n>p2 move knockoff\n>p2 switch 4\n>p1 move mightycleave terastallize\n>p2 move shellsmash\n>p2 switch 2\n>p1 move closecombat\n>p2 move haze\n>p1 move mightycleave\n>p2 move sludgebomb\n>p2 switch 6\n>p1 move zenheadbutt\n>p2 move sparklingaria\n>p1 move mightycleave\n>p2 move sparklingaria", "uploadtime": 1782781106, "views": 2, "formatid": "gen9randombattle", "rating": null, "private": 0, "password": null, "player_dets": [{"name": "SXD2002", "avatar": "169", "rating": 0, "seed": "sodium,36dbf23d6f6b309c6f1ed2470bb61290"}, {"name": "nest125", "avatar": "1", "rating": 0, "seed": "sodium,43448ac18f58ef0b5c14d79989c96527"}], "teams_full": [{"Vaporeon": {"name": "Vaporeon", "species": "Vaporeon", "speciesId": "vaporeon", "gender": "M", "shiny": false, "level": 86, "moves": ["protect", "scald", "icebeam", "wish"], "ability": "Water Absorb", "evs": {"hp": 85, "atk": 0, "def": 85, "spa": 85, "spd": 85, "spe": 85}, "ivs": {"hp": 31, "atk": 0, "def": 31, "spa": 31, "spd": 31, "spe": 31}, "item": "Leftovers", "teraType": "Ground", "role": "Bulky Support", "bvs": {"hp": 130, "atk": 65, "def": 60, "spa": 110, "spd": 95, "spe": 65}, "stats": {"hp": 364, "atk": 116, "def": 152, "spa": 238, "spd": 213, "spe": 161}, "types": ["Water"]}, "Lapras": {"name": "Lapras", "species": "Lapras", "speciesId": "lapras", "gender": "F", "shiny": false, "level": 87, "moves": ["waterfall", "iciclespear", "earthquake", "dragondance"], "ability": "Water Absorb", "evs": {"hp": 81, "atk": 85, "def": 85, "spa": 85, "spd": 85, "spe": 85}, "ivs": {"hp": 31, "atk": 31, "def": 31, "spa": 31, "spd": 31, "spe": 31}, "item": "Loaded Dice", "teraType": "Ground", "role": "Setup Sweeper", "bvs": {"hp": 130, "atk": 85, "def": 80, "spa": 85, "spd": 95, "spe": 60}, "stats": {"hp": 367, "atk": 198, "def": 189, "spa": 198, "spd": 215, "spe": 154}, "types": ["Water", "Ice"]}, "Pincurchin": {"name": "Pincurchin", "species": "Pincurchin", "speciesId": "pincurchin", "gender": "M", "shiny": false, "level": 100, "moves": ["toxicspikes", "scald", "recover", "discharge"], "ability": "Electric Surge", "evs": {"hp": 85, "atk": 0, "def": 85, "spa": 85, "spd": 85, "spe": 85}, "ivs": {"hp": 31, "atk": 0, "def": 31, "spa": 31, "spd": 31, "spe": 31}, "item": "Leftovers", "teraType": "Water", "role": "Bulky Attacker", "bvs": {"hp": 48, "atk": 101, "def": 95, "spa": 91, "spd": 85, "spe": 15}, "stats": {"hp": 258, "atk": 207, "def": 247, "spa": 239, "spd": 227, "spe": 87}, "types": ["Electric"]}, "Iron Boulder": {"name": "Iron Boulder", "species": "Iron Boulder", "speciesId": "ironboulder", "gender": "N", "shiny": false, "level": 77, "moves": ["swordsdance", "zenheadbutt", "closecombat", "mightycleave"], "ability": "Quark Drive", "evs": {"hp": 85, "atk": 85, "def": 85, "spa": 85, "spd": 85, "spe": 85}, "ivs": {"hp": 31, "atk": 31, "def": 31, "spa": 31, "spd": 31, "spe": 31}, "item": "Booster Energy", "teraType": "Fighting", "role": "Fast Bulky Setup", "bvs": {"hp": 90, "atk": 120, "def": 80, "spa": 68, "spd": 108, "spe": 124}, "stats": {"hp": 265, "atk": 229, "def": 168, "spa": 149, "spd": 211, "spe": 236}, "types": ["Rock", "Psychic"]}, "Deoxys": {"name": "Deoxys", "species": "Deoxys", "speciesId": "deoxys", "gender": "N", "shiny": false, "level": 74, "moves": ["icebeam", "knockoff", "psychoboost", "superpower"], "ability": "Pressure", "evs": {"hp": 85, "atk": 85, "def": 85, "spa": 85, "spd": 85, "spe": 85}, "ivs": {"hp": 31, "atk": 31, "def": 31, "spa": 31, "spd": 31, "spe": 31}, "item": "Life Orb", "teraType": "Dark", "role": "Wallbreaker", "bvs": {"hp": 50, "atk": 150, "def": 50, "spa": 150, "spd": 50, "spe": 150}, "stats": {"hp": 196, "atk": 265, "def": 117, "spa": 265, "spd": 117, "spe": 265}, "types": ["Psychic"]}, "Porygon2": {"name": "Porygon2", "species": "Porygon2", "speciesId": "porygon2", "gender": "N", "shiny": false, "level": 81, "moves": ["terablast", "shadowball", "thunderwave", "recover"], "ability": "Download", "evs": {"hp": 85, "atk": 85, "def": 85, "spa": 85, "spd": 85, "spe": 85}, "ivs": {"hp": 31, "atk": 31, "def": 31, "spa": 31, "spd": 31, "spe": 31}, "item": "Eviolite", "teraType": "Fairy", "role": "Tera Blast user", "bvs": {"hp": 85, "atk": 80, "def": 90, "spa": 105, "spd": 95, "spe": 60}, "stats": {"hp": 270, "atk": 176, "def": 192, "spa": 217, "spd": 201, "spe": 144}, "types": ["Normal"]}}, {"Banette": {"name": "Banette", "species": "Banette", "speciesId": "banette", "gender": "M", "shiny": false, "level": 93, "moves": ["poltergeist", "shadowsneak", "gunkshot", "swordsdance"], "ability": "Insomnia", "evs": {"hp": 85, "atk": 85, "def": 85, "spa": 85, "spd": 85, "spe": 85}, "ivs": {"hp": 31, "atk": 31, "def": 31, "spa": 31, "spd": 31, "spe": 31}, "item": "Life Orb", "teraType": "Poison", "role": "Wallbreaker", "bvs": {"hp": 64, "atk": 115, "def": 65, "spa": 83, "spd": 63, "spe": 65}, "stats": {"hp": 270, "atk": 267, "def": 174, "spa": 207, "spd": 170, "spe": 174}, "types": ["Ghost"]}, "Probopass": {"name": "Probopass", "species": "Probopass", "speciesId": "probopass", "gender": "M", "shiny": false, "level": 91, "moves": ["bodypress", "thunderwave", "powergem", "irondefense"], "ability": "Magnet Pull", "evs": {"hp": 85, "atk": 0, "def": 85, "spa": 85, "spd": 85, "spe": 85}, "ivs": {"hp": 31, "atk": 0, "def": 31, "spa": 31, "spd": 31, "spe": 31}, "item": "Leftovers", "teraType": "Fighting", "role": "Bulky Setup", "bvs": {"hp": 60, "atk": 55, "def": 145, "spa": 75, "spd": 150, "spe": 40}, "stats": {"hp": 257, "atk": 105, "def": 316, "spa": 188, "spd": 325, "spe": 125}, "types": ["Rock", "Steel"]}, "Ambipom": {"name": "Ambipom", "species": "Ambipom", "speciesId": "ambipom", "gender": "M", "shiny": false, "level": 84, "moves": ["knockoff", "tripleaxel", "doubleedge", "uturn"], "ability": "Technician", "evs": {"hp": 85, "atk": 85, "def": 85, "spa": 85, "spd": 85, "spe": 85}, "ivs": {"hp": 31, "atk": 31, "def": 31, "spa": 31, "spd": 31, "spe": 31}, "item": "Choice Band", "teraType": "Ice", "role": "Fast Attacker", "bvs": {"hp": 75, "atk": 100, "def": 66, "spa": 60, "spd": 66, "spe": 115}, "stats": {"hp": 263, "atk": 216, "def": 159, "spa": 149, "spd": 159, "spe": 241}, "types": ["Normal"]}, "Minior": {"name": "Minior", "species": "Minior", "speciesId": "minior", "gender": "N", "shiny": false, "level": 79, "moves": ["powergem", "acrobatics", "earthquake", "shellsmash"], "ability": "Shields Down", "evs": {"hp": 85, "atk": 85, "def": 85, "spa": 85, "spd": 85, "spe": 85}, "ivs": {"hp": 31, "atk": 31, "def": 31, "spa": 31, "spd": 31, "spe": 31}, "item": "White Herb", "teraType": "Flying", "role": "Setup Sweeper", "bvs": {"hp": 60, "atk": 100, "def": 60, "spa": 100, "spd": 60, "spe": 120}, "stats": {"hp": 224, "atk": 204, "def": 140, "spa": 204, "spd": 140, "spe": 235}, "types": ["Rock", "Flying"]}, "Volcanion": {"name": "Volcanion", "species": "Volcanion", "speciesId": "volcanion", "gender": "N", "shiny": false, "level": 79, "moves": ["sludgebomb", "flamethrower", "steameruption", "haze"], "ability": "Water Absorb", "evs": {"hp": 85, "atk": 0, "def": 85, "spa": 85, "spd": 85, "spe": 85}, "ivs": {"hp": 31, "atk": 0, "def": 31, "spa": 31, "spd": 31, "spe": 31}, "item": "Heavy-Duty Boots", "teraType": "Water", "role": "Bulky Attacker", "bvs": {"hp": 80, "atk": 110, "def": 120, "spa": 130, "spd": 90, "spe": 70}, "stats": {"hp": 256, "atk": 178, "def": 235, "spa": 251, "spd": 188, "spe": 156}, "types": ["Fire", "Water"]}, "Primarina": {"name": "Primarina", "species": "Primarina", "speciesId": "primarina", "gender": "F", "shiny": false, "level": 83, "moves": ["sparklingaria", "calmmind", "psychic", "drainingkiss"], "ability": "Torrent", "evs": {"hp": 85, "atk": 0, "def": 85, "spa": 85, "spd": 85, "spe": 85}, "ivs": {"hp": 31, "atk": 0, "def": 31, "spa": 31, "spd": 31, "spe": 31}, "item": "Leftovers", "teraType": "Fairy", "role": "Bulky Attacker", "bvs": {"hp": 80, "atk": 74, "def": 74, "spa": 126, "spd": 116, "spe": 60}, "stats": {"hp": 268, "atk": 127, "def": 171, "spa": 257, "spd": 240, "spe": 147}, "types": ["Water", "Fairy"]}}]}