{"id": "gen9randombattle-2641607098", "format": "[Gen 9] Random Battle", "players": ["sjzl2", "Helsa06"], "log": "|j|\u2606sjzl2\n|j|\u2606Helsa06\n|t:|1782817686\n|gametype|singles\n|player|p1|sjzl2|caitlin|1931\n|player|p2|Helsa06|lass|1975\n|gen|9\n|tier|[Gen 9] Random Battle\n|rated|\n|rule|Species Clause: Limit one of each Pok\u00e9mon\n|rule|HP Percentage Mod: HP is shown in percentages\n|rule|Sleep Clause Mod: Limit one foe put to sleep\n|rule|Illusion Level Mod: Illusion disguises the Pok\u00e9mon's true level\n|\n|t:|1782817686\n|teamsize|p1|6\n|teamsize|p2|6\n|start\n|switch|p1a: Palafin|Palafin, L77, M|281/281\n|switch|p2a: Ariados|Ariados, L95, F|287/287\n|turn|1\n|inactive|Battle timer is ON: inactive players will automatically lose when time's up. (requested by Helsa06)\n|\n|t:|1782817700\n|detailschange|p1a: Palafin|Palafin-Hero, L77, M\n|switch|p1a: Ursaring|Ursaring, L84, F|288/288\n|move|p2a: Ariados|Sticky Web|p1a: Ursaring\n|-sidestart|p1: sjzl2|move: Sticky Web\n|\n|-status|p1a: Ursaring|tox|[from] item: Toxic Orb\n|upkeep\n|turn|2\n|\n|t:|1782817704\n|move|p1a: Ursaring|Facade|p2a: Ariados\n|-damage|p2a: Ariados|85/287\n|move|p2a: Ariados|Megahorn|p1a: Ursaring\n|-damage|p1a: Ursaring|42/288 tox\n|\n|-damage|p1a: Ursaring|24/288 tox|[from] psn\n|upkeep\n|turn|3\n|\n|t:|1782817707\n|move|p2a: Ariados|Sucker Punch|p1a: Ursaring\n|-damage|p1a: Ursaring|0 fnt\n|faint|p1a: Ursaring\n|\n|upkeep\n|\n|t:|1782817711\n|switch|p1a: Iron Moth|Iron Moth, L78|253/253\n|turn|4\n|\n|t:|1782817716\n|switch|p2a: Grumpig|Grumpig, L92, M|297/297\n|move|p1a: Iron Moth|Fiery Dance|p2a: Grumpig\n|-damage|p2a: Grumpig|255/297\n|-boost|p1a: Iron Moth|spa|1\n|\n|-heal|p2a: Grumpig|273/297|[from] item: Leftovers\n|upkeep\n|turn|5\n|\n|t:|1782817729\n|move|p1a: Iron Moth|Sludge Wave|p2a: Grumpig\n|-damage|p2a: Grumpig|140/297\n|move|p2a: Grumpig|Psyshock|p1a: Iron Moth\n|-supereffective|p1a: Iron Moth\n|-damage|p1a: Iron Moth|5/253\n|\n|-heal|p2a: Grumpig|158/297|[from] item: Leftovers\n|upkeep\n|turn|6\n|\n|t:|1782817736\n|move|p1a: Iron Moth|Sludge Wave|p2a: Grumpig\n|-damage|p2a: Grumpig|32/297\n|move|p2a: Grumpig|Dazzling Gleam|p1a: Iron Moth\n|-resisted|p1a: Iron Moth\n|-damage|p1a: Iron Moth|0 fnt\n|faint|p1a: Iron Moth\n|-end|p1a: Iron Moth|Quark Drive|[silent]\n|\n|-heal|p2a: Grumpig|50/297|[from] item: Leftovers\n|upkeep\n|\n|t:|1782817739\n|switch|p1a: Palafin|Palafin-Hero, L77, M|281/281\n|-activate|p1a: Palafin|move: Sticky Web\n|-unboost|p1a: Palafin|spe|1\n|-activate|p1a: Palafin|ability: Zero to Hero\n|turn|7\n|\n|t:|1782817744\n|move|p2a: Grumpig|Psyshock|p1a: Palafin\n|-damage|p1a: Palafin|187/281\n|move|p1a: Palafin|Bulk Up|p1a: Palafin\n|-boost|p1a: Palafin|atk|1\n|-boost|p1a: Palafin|def|1\n|\n|-heal|p2a: Grumpig|68/297|[from] item: Leftovers\n|-heal|p1a: Palafin|204/281|[from] item: Leftovers\n|upkeep\n|turn|8\n|\n|t:|1782817747\n|move|p1a: Palafin|Jet Punch|p2a: Grumpig\n|-damage|p2a: Grumpig|0 fnt\n|faint|p2a: Grumpig\n|\n|-heal|p1a: Palafin|221/281|[from] item: Leftovers\n|upkeep\n|\n|t:|1782817751\n|switch|p2a: Urshifu|Urshifu, L74, M|270/270\n|turn|9\n|\n|t:|1782817755\n|move|p2a: Urshifu|Wicked Blow|p1a: Palafin\n|-crit|p1a: Palafin\n|-damage|p1a: Palafin|65/281\n|-damage|p2a: Urshifu|243/270|[from] item: Life Orb\n|move|p1a: Palafin|Drain Punch|p2a: Urshifu\n|-supereffective|p2a: Urshifu\n|-damage|p2a: Urshifu|41/270\n|-heal|p1a: Palafin|166/281|[from] drain|[of] p2a: Urshifu\n|\n|-heal|p1a: Palafin|183/281|[from] item: Leftovers\n|upkeep\n|turn|10\n|\n|t:|1782817759\n|move|p1a: Palafin|Jet Punch|p2a: Urshifu\n|-damage|p2a: Urshifu|0 fnt\n|faint|p2a: Urshifu\n|\n|-heal|p1a: Palafin|200/281|[from] item: Leftovers\n|upkeep\n|\n|t:|1782817764\n|switch|p2a: Garganacl|Garganacl, L80, M|291/291\n|turn|11\n|\n|t:|1782817781\n|switch|p1a: Koraidon|Koraidon, L64|235/235\n|-activate|p1a: Koraidon|move: Sticky Web\n|-unboost|p1a: Koraidon|spe|1\n|-weather|SunnyDay|[from] ability: Orichalcum Pulse|[of] p1a: Koraidon\n|-activate|p1a: Koraidon|Orichalcum Pulse|[source]\n|-terastallize|p2a: Garganacl|Ghost\n|move|p2a: Garganacl|Iron Defense|p2a: Garganacl\n|-boost|p2a: Garganacl|def|2\n|\n|-weather|SunnyDay|[upkeep]\n|upkeep\n|turn|12\n|\n|t:|1782817790\n|switch|p1a: Skeledirge|Skeledirge, L79, M|294/294\n|move|p2a: Garganacl|Salt Cure|p1a: Skeledirge\n|-supereffective|p1a: Skeledirge\n|-damage|p1a: Skeledirge|216/294\n|-start|p1a: Skeledirge|Salt Cure\n|\n|-weather|SunnyDay|[upkeep]\n|-damage|p1a: Skeledirge|180/294|[from] Salt Cure\n|upkeep\n|turn|13\n|\n|t:|1782817800\n|move|p1a: Skeledirge|Flame Charge|p2a: Garganacl\n|-damage|p2a: Garganacl|245/291\n|-boost|p1a: Skeledirge|spe|1\n|move|p2a: Garganacl|Salt Cure|p1a: Skeledirge\n|-supereffective|p1a: Skeledirge\n|-damage|p1a: Skeledirge|106/294\n|\n|-weather|SunnyDay|[upkeep]\n|-heal|p2a: Garganacl|263/291|[from] item: Leftovers\n|-damage|p1a: Skeledirge|70/294|[from] Salt Cure\n|upkeep\n|turn|14\n|\n|t:|1782817802\n|move|p1a: Skeledirge|Shadow Ball|p2a: Garganacl\n|-supereffective|p2a: Garganacl\n|-damage|p2a: Garganacl|179/291\n|move|p2a: Garganacl|Salt Cure|p1a: Skeledirge\n|-supereffective|p1a: Skeledirge\n|-damage|p1a: Skeledirge|0 fnt\n|faint|p1a: Skeledirge\n|\n|-weather|SunnyDay|[upkeep]\n|-heal|p2a: Garganacl|197/291|[from] item: Leftovers\n|upkeep\n|\n|t:|1782817806\n|switch|p1a: Gholdengo|Gholdengo, L77|261/261\n|-activate|p1a: Gholdengo|move: Sticky Web\n|-unboost|p1a: Gholdengo|spe|1\n|turn|15\n|\n|t:|1782817815\n|move|p1a: Gholdengo|Trick|p2a: Garganacl\n|-activate|p1a: Gholdengo|move: Trick|[of] p2a: Garganacl\n|-item|p2a: Garganacl|Choice Scarf|[from] move: Trick\n|-item|p1a: Gholdengo|Leftovers|[from] move: Trick\n|move|p2a: Garganacl|Recover|p2a: Garganacl\n|-heal|p2a: Garganacl|291/291\n|\n|-weather|none\n|upkeep\n|turn|16\n|\n|t:|1782817820\n|switch|p2a: Ariados|Ariados, L95, F|85/287\n|move|p1a: Gholdengo|Shadow Ball|p2a: Ariados\n|-damage|p2a: Ariados|0 fnt\n|faint|p2a: Ariados\n|\n|upkeep\n|\n|t:|1782817822\n|switch|p2a: Dugtrio|Dugtrio, L84, F|196/196\n|turn|17\n|\n|t:|1782817832\n|-terastallize|p1a: Gholdengo|Fighting\n|move|p2a: Dugtrio|Earthquake|p1a: Gholdengo\n|-damage|p1a: Gholdengo|112/261\n|-damage|p2a: Dugtrio|177/196|[from] item: Life Orb\n|move|p1a: Gholdengo|Make It Rain|p2a: Dugtrio\n|-damage|p2a: Dugtrio|17/196\n|-unboost|p1a: Gholdengo|spa|1\n|\n|-heal|p1a: Gholdengo|128/261|[from] item: Leftovers\n|upkeep\n|turn|18\n|\n|t:|1782817839\n|move|p2a: Dugtrio|Earthquake|p1a: Gholdengo\n|-damage|p1a: Gholdengo|0 fnt\n|faint|p1a: Gholdengo\n|-damage|p2a: Dugtrio|0 fnt|[from] item: Life Orb\n|faint|p2a: Dugtrio\n|\n|upkeep\n|\n|t:|1782817844\n|switch|p2a: Garganacl|Garganacl, L80, M, tera:Ghost|291/291\n|switch|p1a: Koraidon|Koraidon, L64|235/235\n|-activate|p1a: Koraidon|move: Sticky Web\n|-unboost|p1a: Koraidon|spe|1\n|-weather|SunnyDay|[from] ability: Orichalcum Pulse|[of] p1a: Koraidon\n|-activate|p1a: Koraidon|Orichalcum Pulse|[source]\n|turn|19\n|\n|t:|1782817849\n|move|p2a: Garganacl|Salt Cure|p1a: Koraidon\n|-resisted|p1a: Koraidon\n|-damage|p1a: Koraidon|215/235\n|-start|p1a: Koraidon|Salt Cure\n|move|p1a: Koraidon|Swords Dance|p1a: Koraidon\n|-boost|p1a: Koraidon|atk|2\n|\n|-weather|SunnyDay|[upkeep]\n|-damage|p1a: Koraidon|186/235|[from] Salt Cure\n|upkeep\n|turn|20\n|\n|t:|1782817855\n|move|p2a: Garganacl|Salt Cure|p1a: Koraidon\n|-resisted|p1a: Koraidon\n|-damage|p1a: Koraidon|163/235\n|move|p1a: Koraidon|Scale Shot|p2a: Garganacl\n|-damage|p2a: Garganacl|252/291\n|-damage|p2a: Garganacl|207/291\n|-damage|p2a: Garganacl|167/291\n|-damage|p2a: Garganacl|125/291\n|-hitcount|p2a: Garganacl|4\n|-unboost|p1a: Koraidon|def|1\n|-boost|p1a: Koraidon|spe|1\n|\n|-weather|SunnyDay|[upkeep]\n|-damage|p1a: Koraidon|134/235|[from] Salt Cure\n|upkeep\n|turn|21\n|\n|t:|1782817860\n|move|p1a: Koraidon|Scale Shot|p2a: Garganacl\n|-damage|p2a: Garganacl|83/291\n|-damage|p2a: Garganacl|44/291\n|-damage|p2a: Garganacl|1/291\n|-damage|p2a: Garganacl|0 fnt\n|faint|p2a: Garganacl\n|-hitcount|p2: Garganacl|4\n|-unboost|p1a: Koraidon|def|1\n|-boost|p1a: Koraidon|spe|1\n|\n|-weather|SunnyDay|[upkeep]\n|-damage|p1a: Koraidon|105/235|[from] Salt Cure\n|upkeep\n|\n|t:|1782817861\n|switch|p2a: Cresselia|Cresselia, L80, F|323/323\n|turn|22\n|\n|t:|1782817865\n|move|p1a: Koraidon|Flare Blitz|p2a: Cresselia\n|-damage|p2a: Cresselia|79/323\n|-damage|p1a: Koraidon|24/235|[from] Recoil\n|move|p2a: Cresselia|Moonblast|p1a: Koraidon\n|-supereffective|p1a: Koraidon\n|-damage|p1a: Koraidon|0 fnt\n|faint|p1a: Koraidon\n|\n|-weather|SunnyDay|[upkeep]\n|-heal|p2a: Cresselia|99/323|[from] item: Leftovers\n|upkeep\n|\n|t:|1782817868\n|switch|p1a: Palafin|Palafin-Hero, L77, M|200/281\n|-activate|p1a: Palafin|move: Sticky Web\n|-unboost|p1a: Palafin|spe|1\n|turn|23\n|\n|t:|1782817872\n|move|p2a: Cresselia|Moonlight|p2a: Cresselia\n|-heal|p2a: Cresselia|314/323\n|move|p1a: Palafin|Bulk Up|p1a: Palafin\n|-boost|p1a: Palafin|atk|1\n|-boost|p1a: Palafin|def|1\n|\n|-weather|none\n|-heal|p2a: Cresselia|323/323|[from] item: Leftovers\n|-heal|p1a: Palafin|217/281|[from] item: Leftovers\n|upkeep\n|turn|24\n|\n|t:|1782817875\n|move|p2a: Cresselia|Calm Mind|p2a: Cresselia\n|-boost|p2a: Cresselia|spa|1\n|-boost|p2a: Cresselia|spd|1\n|move|p1a: Palafin|Bulk Up|p1a: Palafin\n|-boost|p1a: Palafin|atk|1\n|-boost|p1a: Palafin|def|1\n|\n|-heal|p1a: Palafin|234/281|[from] item: Leftovers\n|upkeep\n|turn|25\n|\n|t:|1782817883\n|move|p2a: Cresselia|Moonblast|p1a: Palafin\n|-damage|p1a: Palafin|151/281\n|-unboost|p1a: Palafin|spa|1\n|move|p1a: Palafin|Bulk Up|p1a: Palafin\n|-boost|p1a: Palafin|atk|1\n|-boost|p1a: Palafin|def|1\n|\n|-heal|p1a: Palafin|168/281|[from] item: Leftovers\n|upkeep\n|turn|26\n|\n|t:|1782817886\n|move|p2a: Cresselia|Moonblast|p1a: Palafin\n|-damage|p1a: Palafin|82/281\n|move|p1a: Palafin|Wave Crash|p2a: Cresselia\n|-damage|p2a: Cresselia|0 fnt\n|faint|p2a: Cresselia\n|-damage|p1a: Palafin|0 fnt|[from] Recoil\n|faint|p1a: Palafin\n|\n|win|sjzl2\n", "inputlog": ">version f8ac14003a5f27e1bdc8d8c59608a773c1cb96e5\n>start {\"formatid\":\"gen9randombattle\",\"seed\":\"sodium,9adebb8d8599dc8fc4068d4836d16d50\",\"rated\":\"Rated battle\"}\n>player p1 {\"name\":\"sjzl2\",\"avatar\":\"caitlin\",\"rating\":1931,\"seed\":\"sodium,fe6025cdbf77df3452c26234fd26ac3d\"}\n>player p2 {\"name\":\"Helsa06\",\"avatar\":\"lass\",\"rating\":1975,\"seed\":\"sodium,4f5f11c476a5948bfff35a2be1d4c8e3\"}\n>p1 switch 4\n>p2 move stickyweb\n>p1 move facade\n>p2 move megahorn\n>p1 move facade\n>p2 move suckerpunch\n>p1 switch 2\n>p1 move fierydance\n>p2 switch 5\n>p1 move sludgewave\n>p2 move psyshock\n>p1 move sludgewave\n>p2 move dazzlinggleam\n>p1 switch 4\n>p1 move bulkup\n>p2 move psyshock\n>p1 move jetpunch\n>p2 move dazzlinggleam\n>p2 switch 4\n>p1 move drainpunch\n>p2 move wickedblow\n>p1 move jetpunch\n>p2 move wickedblow\n>p2 switch 6\n>p1 switch 5\n>p2 move irondefense terastallize\n>p1 switch 3\n>p2 move saltcure\n>p1 move flamecharge\n>p2 move saltcure\n>p1 move shadowball\n>p2 move saltcure\n>p1 switch 6\n>p1 move trick\n>p2 move recover\n>p1 move shadowball\n>p2 switch 5\n>p2 switch 3\n>p1 move makeitrain terastallize\n>p2 move earthquake\n>p1 move makeitrain\n>p2 move earthquake\n>p1 switch 3\n>p2 switch 5\n>p1 move swordsdance\n>p2 move saltcure\n>p1 move scaleshot\n>p2 move saltcure\n>p1 move scaleshot\n>p2 move saltcure\n>p2 switch 2\n>p1 move flareblitz\n>p2 move moonblast\n>p1 switch 5\n>p1 move bulkup\n>p2 move moonlight\n>p1 move bulkup\n>p2 move calmmind\n>p1 move bulkup\n>p2 move moonblast\n>p1 move wavecrash\n>p2 move moonblast", "uploadtime": 1782817688, "views": 3, "formatid": "gen9randombattle", "rating": null, "private": 0, "password": null, "player_dets": [{"name": "sjzl2", "avatar": "caitlin", "rating": 1931, "seed": "sodium,fe6025cdbf77df3452c26234fd26ac3d"}, {"name": "Helsa06", "avatar": "lass", "rating": 1975, "seed": "sodium,4f5f11c476a5948bfff35a2be1d4c8e3"}], "teams_full": [{"Palafin": {"name": "Palafin", "species": "Palafin", "speciesId": "palafin", "gender": "M", "shiny": false, "level": 77, "moves": ["drainpunch", "bulkup", "jetpunch", "wavecrash"], "ability": "Zero to Hero", "evs": {"hp": 85, "atk": 85, "def": 85, "spa": 85, "spd": 85, "spe": 85}, "ivs": {"hp": 31, "atk": 31, "def": 31, "spa": 31, "spd": 31, "spe": 31}, "item": "Leftovers", "teraType": "Steel", "role": "Bulky Setup", "bvs": {"hp": 100, "atk": 70, "def": 72, "spa": 53, "spd": 62, "spe": 100}, "stats": {"hp": 281, "atk": 152, "def": 155, "spa": 126, "spd": 140, "spe": 199}, "types": ["Water"]}, "Iron Moth": {"name": "Iron Moth", "species": "Iron Moth", "speciesId": "ironmoth", "gender": "N", "shiny": false, "level": 78, "moves": ["morningsun", "energyball", "fierydance", "sludgewave"], "ability": "Quark Drive", "evs": {"hp": 85, "atk": 0, "def": 85, "spa": 85, "spd": 85, "spe": 85}, "ivs": {"hp": 31, "atk": 0, "def": 31, "spa": 31, "spd": 31, "spe": 31}, "item": "Heavy-Duty Boots", "teraType": "Grass", "role": "Fast Attacker", "bvs": {"hp": 80, "atk": 70, "def": 60, "spa": 140, "spd": 110, "spe": 110}, "stats": {"hp": 253, "atk": 114, "def": 139, "spa": 263, "spd": 217, "spe": 217}, "types": ["Fire", "Poison"]}, "Skeledirge": {"name": "Skeledirge", "species": "Skeledirge", "speciesId": "skeledirge", "gender": "M", "shiny": false, "level": 79, "moves": ["flamecharge", "shadowball", "torchsong", "slackoff"], "ability": "Unaware", "evs": {"hp": 85, "atk": 85, "def": 85, "spa": 85, "spd": 85, "spe": 85}, "ivs": {"hp": 31, "atk": 31, "def": 31, "spa": 31, "spd": 31, "spe": 31}, "item": "Heavy-Duty Boots", "teraType": "Fairy", "role": "Bulky Attacker", "bvs": {"hp": 104, "atk": 75, "def": 100, "spa": 110, "spd": 75, "spe": 66}, "stats": {"hp": 294, "atk": 164, "def": 204, "spa": 219, "spd": 164, "spe": 150}, "types": ["Fire", "Ghost"]}, "Ursaring": {"name": "Ursaring", "species": "Ursaring", "speciesId": "ursaring", "gender": "F", "shiny": false, "level": 84, "moves": ["facade", "closecombat", "swordsdance", "crunch"], "ability": "Quick Feet", "evs": {"hp": 85, "atk": 85, "def": 85, "spa": 85, "spd": 85, "spe": 85}, "ivs": {"hp": 31, "atk": 31, "def": 31, "spa": 31, "spd": 31, "spe": 31}, "item": "Toxic Orb", "teraType": "Normal", "role": "Setup Sweeper", "bvs": {"hp": 90, "atk": 130, "def": 75, "spa": 75, "spd": 75, "spe": 55}, "stats": {"hp": 288, "atk": 267, "def": 174, "spa": 174, "spd": 174, "spe": 141}, "types": ["Normal"]}, "Koraidon": {"name": "Koraidon", "species": "Koraidon", "speciesId": "koraidon", "gender": "N", "shiny": false, "level": 64, "moves": ["collisioncourse", "swordsdance", "scaleshot", "flareblitz"], "ability": "Orichalcum Pulse", "evs": {"hp": 85, "atk": 85, "def": 85, "spa": 85, "spd": 85, "spe": 85}, "ivs": {"hp": 31, "atk": 31, "def": 31, "spa": 31, "spd": 31, "spe": 31}, "item": "Loaded Dice", "teraType": "Fire", "role": "Setup Sweeper", "bvs": {"hp": 100, "atk": 135, "def": 115, "spa": 85, "spd": 100, "spe": 135}, "stats": {"hp": 235, "atk": 211, "def": 185, "spa": 147, "spd": 166, "spe": 211}, "types": ["Fighting", "Dragon"]}, "Gholdengo": {"name": "Gholdengo", "species": "Gholdengo", "speciesId": "gholdengo", "gender": "N", "shiny": false, "level": 77, "moves": ["focusblast", "shadowball", "makeitrain", "trick"], "ability": "Good as Gold", "evs": {"hp": 85, "atk": 0, "def": 85, "spa": 85, "spd": 85, "spe": 85}, "ivs": {"hp": 31, "atk": 0, "def": 31, "spa": 31, "spd": 31, "spe": 31}, "item": "Choice Scarf", "teraType": "Fighting", "role": "Bulky Attacker", "bvs": {"hp": 87, "atk": 60, "def": 95, "spa": 133, "spd": 91, "spe": 84}, "stats": {"hp": 261, "atk": 97, "def": 191, "spa": 249, "spd": 185, "spe": 174}, "types": ["Steel", "Ghost"]}}, {"Ariados": {"name": "Ariados", "species": "Ariados", "speciesId": "ariados", "gender": "F", "shiny": false, "level": 95, "moves": ["stickyweb", "poisonjab", "megahorn", "suckerpunch"], "ability": "Swarm", "evs": {"hp": 85, "atk": 85, "def": 85, "spa": 85, "spd": 85, "spe": 85}, "ivs": {"hp": 31, "atk": 31, "def": 31, "spa": 31, "spd": 31, "spe": 31}, "item": "Focus Sash", "teraType": "Ghost", "role": "Fast Support", "bvs": {"hp": 70, "atk": 90, "def": 70, "spa": 60, "spd": 70, "spe": 40}, "stats": {"hp": 287, "atk": 225, "def": 187, "spa": 168, "spd": 187, "spe": 130}, "types": ["Bug", "Poison"]}, "Cresselia": {"name": "Cresselia", "species": "Cresselia", "speciesId": "cresselia", "gender": "F", "shiny": false, "level": 80, "moves": ["calmmind", "moonblast", "psyshock", "moonlight"], "ability": "Levitate", "evs": {"hp": 85, "atk": 0, "def": 85, "spa": 85, "spd": 85, "spe": 85}, "ivs": {"hp": 31, "atk": 0, "def": 31, "spa": 31, "spd": 31, "spe": 31}, "item": "Leftovers", "teraType": "Poison", "role": "Bulky Setup", "bvs": {"hp": 120, "atk": 70, "def": 110, "spa": 75, "spd": 120, "spe": 85}, "stats": {"hp": 323, "atk": 117, "def": 222, "spa": 166, "spd": 238, "spe": 182}, "types": ["Psychic"]}, "Dugtrio": {"name": "Dugtrio", "species": "Dugtrio", "speciesId": "dugtrio", "gender": "F", "shiny": false, "level": 84, "moves": ["suckerpunch", "swordsdance", "stoneedge", "earthquake"], "ability": "Arena Trap", "evs": {"hp": 85, "atk": 85, "def": 85, "spa": 85, "spd": 85, "spe": 85}, "ivs": {"hp": 31, "atk": 31, "def": 31, "spa": 31, "spd": 31, "spe": 31}, "item": "Life Orb", "teraType": "Fairy", "role": "Fast Support", "bvs": {"hp": 35, "atk": 100, "def": 50, "spa": 50, "spd": 70, "spe": 120}, "stats": {"hp": 196, "atk": 216, "def": 132, "spa": 132, "spd": 166, "spe": 250}, "types": ["Ground"]}, "Urshifu": {"name": "Urshifu", "species": "Urshifu", "speciesId": "urshifu", "gender": "M", "shiny": false, "level": 74, "moves": ["swordsdance", "wickedblow", "closecombat", "poisonjab"], "ability": "Unseen Fist", "evs": {"hp": 85, "atk": 85, "def": 85, "spa": 85, "spd": 85, "spe": 85}, "ivs": {"hp": 31, "atk": 31, "def": 31, "spa": 31, "spd": 31, "spe": 31}, "item": "Life Orb", "teraType": "Fighting", "role": "Fast Attacker", "bvs": {"hp": 100, "atk": 130, "def": 100, "spa": 63, "spd": 60, "spe": 97}, "stats": {"hp": 270, "atk": 235, "def": 191, "spa": 136, "spd": 132, "spe": 187}, "types": ["Fighting", "Dark"]}, "Grumpig": {"name": "Grumpig", "species": "Grumpig", "speciesId": "grumpig", "gender": "M", "shiny": false, "level": 92, "moves": ["nastyplot", "psyshock", "shadowball", "dazzlinggleam"], "ability": "Thick Fat", "evs": {"hp": 85, "atk": 0, "def": 85, "spa": 85, "spd": 85, "spe": 85}, "ivs": {"hp": 31, "atk": 0, "def": 31, "spa": 31, "spd": 31, "spe": 31}, "item": "Leftovers", "teraType": "Fairy", "role": "Bulky Setup", "bvs": {"hp": 80, "atk": 45, "def": 65, "spa": 90, "spd": 110, "spe": 80}, "stats": {"hp": 297, "atk": 87, "def": 172, "spa": 218, "spd": 255, "spe": 200}, "types": ["Psychic"]}, "Garganacl": {"name": "Garganacl", "species": "Garganacl", "speciesId": "garganacl", "gender": "M", "shiny": false, "level": 80, "moves": ["saltcure", "irondefense", "bodypress", "recover"], "ability": "Purifying Salt", "evs": {"hp": 85, "atk": 85, "def": 85, "spa": 85, "spd": 85, "spe": 85}, "ivs": {"hp": 31, "atk": 31, "def": 31, "spa": 31, "spd": 31, "spe": 31}, "item": "Leftovers", "teraType": "Ghost", "role": "Bulky Setup", "bvs": {"hp": 100, "atk": 100, "def": 130, "spa": 45, "spd": 90, "spe": 35}, "stats": {"hp": 291, "atk": 206, "def": 254, "spa": 118, "spd": 190, "spe": 102}, "types": ["Rock"]}}]}