{"id": "gen9randombattle-2641582766", "format": "[Gen 9] Random Battle", "players": ["garpward", "5th Vision"], "log": "|j|\u2606garpward\n|j|\u26065th Vision\n|t:|1782812834\n|gametype|singles\n|player|p1|garpward|shadowtriad|1692\n|player|p2|5th Vision|iris|1620\n|gen|9\n|tier|[Gen 9] Random Battle\n|rated|\n|rule|Species Clause: Limit one of each Pok\u00e9mon\n|rule|HP Percentage Mod: HP is shown in percentages\n|rule|Sleep Clause Mod: Limit one foe put to sleep\n|rule|Illusion Level Mod: Illusion disguises the Pok\u00e9mon's true level\n|\n|t:|1782812834\n|teamsize|p1|6\n|teamsize|p2|6\n|start\n|switch|p1a: Pachirisu|Pachirisu, L96, F|271/271\n|switch|p2a: Misdreavus|Misdreavus, L90, F|254/254\n|turn|1\n|inactive|Battle timer is ON: inactive players will automatically lose when time's up. (requested by garpward)\n|inactive|5th Vision has 120 seconds left.\n|\n|t:|1782812870\n|switch|p2a: Clodsire|Clodsire, L81, M|343/343\n|move|p1a: Pachirisu|Nuzzle|p2a: Clodsire\n|-immune|p2a: Clodsire\n|\n|upkeep\n|turn|2\n|\n|t:|1782812897\n|move|p1a: Pachirisu|U-turn|p2a: Clodsire\n|-resisted|p2a: Clodsire\n|-damage|p2a: Clodsire|317/343\n|\n|t:|1782812903\n|switch|p1a: Farigiraf|Farigiraf, L90, F|362/362|[from] U-turn\n|move|p2a: Clodsire|Gunk Shot|p1a: Farigiraf\n|-damage|p1a: Farigiraf|245/362\n|-status|p1a: Farigiraf|psn\n|\n|-heal|p1a: Farigiraf|267/362 psn|[from] item: Leftovers\n|-heal|p2a: Clodsire|338/343|[from] item: Leftovers\n|-damage|p1a: Farigiraf|222/362 psn|[from] psn\n|upkeep\n|turn|3\n|inactive|5th Vision has 120 seconds left.\n|\n|t:|1782812926\n|switch|p2a: Orthworm|Orthworm, L88, M|266/266\n|move|p1a: Farigiraf|Psychic Noise|p2a: Orthworm\n|-resisted|p2a: Orthworm\n|-damage|p2a: Orthworm|203/266\n|-start|p2a: Orthworm|move: Heal Block\n|\n|-heal|p1a: Farigiraf|244/362 psn|[from] item: Leftovers\n|-damage|p1a: Farigiraf|199/362 psn|[from] psn\n|upkeep\n|turn|4\n|inactive|5th Vision has 120 seconds left.\n|\n|t:|1782812949\n|switch|p1a: Trevenant|Trevenant, L89, M|296/296\n|move|p2a: Orthworm|Stealth Rock|p1a: Trevenant\n|-sidestart|p1: garpward|move: Stealth Rock\n|\n|-end|p2a: Orthworm|move: Heal Block\n|upkeep\n|turn|5\n|inactive|5th Vision has 120 seconds left.\n|\n|t:|1782812973\n|switch|p2a: Gyarados|Gyarados, L79, M|280/280\n|move|p1a: Trevenant|Will-O-Wisp|p2a: Gyarados\n|-status|p2a: Gyarados|brn\n|\n|-damage|p2a: Gyarados|263/280 brn|[from] brn\n|upkeep\n|turn|6\n|inactive|5th Vision has 90 seconds left.\n|\n|t:|1782813018\n|move|p2a: Gyarados|Dragon Dance|p2a: Gyarados\n|-boost|p2a: Gyarados|atk|1\n|-boost|p2a: Gyarados|spe|1\n|move|p1a: Trevenant|Poltergeist|p2a: Gyarados\n|-activate|p2a: Gyarados|move: Poltergeist|Heavy-Duty Boots\n|-damage|p2a: Gyarados|29/280 brn\n|-damage|p1a: Trevenant|267/296|[from] item: Life Orb\n|\n|-damage|p2a: Gyarados|12/280 brn|[from] brn\n|upkeep\n|turn|7\n|\n|t:|1782813030\n|switch|p1a: Farigiraf|Farigiraf, L90, F|199/362 psn\n|-damage|p1a: Farigiraf|154/362 psn|[from] Stealth Rock\n|move|p2a: Gyarados|Waterfall|p1a: Farigiraf\n|-damage|p1a: Farigiraf|84/362 psn\n|\n|-heal|p1a: Farigiraf|106/362 psn|[from] item: Leftovers\n|-damage|p1a: Farigiraf|61/362 psn|[from] psn\n|-damage|p2a: Gyarados|0 fnt|[from] brn\n|faint|p2a: Gyarados\n|upkeep\n|inactive|5th Vision has 60 seconds left.\n|\n|t:|1782813076\n|switch|p2a: Orthworm|Orthworm, L88, M|203/266\n|turn|8\n|\n|t:|1782813081\n|move|p2a: Orthworm|Spikes|p1a: Farigiraf\n|-sidestart|p1: garpward|Spikes\n|move|p1a: Farigiraf|Body Slam|p2a: Orthworm\n|-resisted|p2a: Orthworm\n|-damage|p2a: Orthworm|170/266\n|\n|-heal|p2a: Orthworm|186/266|[from] item: Leftovers\n|-heal|p1a: Farigiraf|83/362 psn|[from] item: Leftovers\n|-damage|p1a: Farigiraf|38/362 psn|[from] psn\n|upkeep\n|turn|9\n|\n|t:|1782813091\n|move|p2a: Orthworm|Spikes|p1a: Farigiraf\n|-sidestart|p1: garpward|Spikes\n|move|p1a: Farigiraf|Wish|p1a: Farigiraf\n|\n|-heal|p2a: Orthworm|202/266|[from] item: Leftovers\n|-heal|p1a: Farigiraf|60/362 psn|[from] item: Leftovers\n|-damage|p1a: Farigiraf|15/362 psn|[from] psn\n|upkeep\n|turn|10\n|\n|t:|1782813107\n|move|p2a: Orthworm|Heavy Slam|p1a: Farigiraf\n|-damage|p1a: Farigiraf|0 fnt\n|faint|p1a: Farigiraf\n|\n|-heal|p2a: Orthworm|218/266|[from] item: Leftovers\n|upkeep\n|\n|t:|1782813121\n|switch|p1a: Trevenant|Trevenant, L89, M|267/296\n|-damage|p1a: Trevenant|230/296|[from] Stealth Rock\n|-damage|p1a: Trevenant|181/296|[from] Spikes\n|turn|11\n|\n|t:|1782813129\n|move|p2a: Orthworm|Heavy Slam|p1a: Trevenant\n|-damage|p1a: Trevenant|67/296\n|move|p1a: Trevenant|Drain Punch|p2a: Orthworm\n|-supereffective|p2a: Orthworm\n|-damage|p2a: Orthworm|114/266\n|-heal|p1a: Trevenant|119/296|[from] drain|[of] p2a: Orthworm\n|-damage|p1a: Trevenant|90/296|[from] item: Life Orb\n|\n|-heal|p2a: Orthworm|130/266|[from] item: Leftovers\n|upkeep\n|turn|12\n|inactive|5th Vision has 60 seconds left.\n|\n|t:|1782813139\n|move|p2a: Orthworm|Heavy Slam|p1a: Trevenant\n|-damage|p1a: Trevenant|0 fnt\n|faint|p1a: Trevenant\n|\n|-heal|p2a: Orthworm|146/266|[from] item: Leftovers\n|upkeep\n|\n|t:|1782813149\n|switch|p1a: Gallade|Gallade, L80, M|240/240\n|-damage|p1a: Gallade|225/240|[from] Stealth Rock\n|-damage|p1a: Gallade|185/240|[from] Spikes\n|turn|13\n|inactive|5th Vision has 60 seconds left.\n|\n|t:|1782813175\n|move|p1a: Gallade|Night Slash|p2a: Orthworm\n|-damage|p2a: Orthworm|68/266\n|move|p2a: Orthworm|Heavy Slam|p1a: Gallade\n|-damage|p1a: Gallade|22/240\n|\n|-heal|p2a: Orthworm|84/266|[from] item: Leftovers\n|upkeep\n|turn|14\n|\n|t:|1782813187\n|move|p1a: Gallade|Night Slash|p2a: Orthworm\n|-damage|p2a: Orthworm|1/266\n|move|p2a: Orthworm|Heavy Slam|p1a: Gallade\n|-damage|p1a: Gallade|0 fnt\n|faint|p1a: Gallade\n|\n|-heal|p2a: Orthworm|17/266|[from] item: Leftovers\n|upkeep\n|\n|t:|1782813192\n|switch|p1a: Pachirisu|Pachirisu, L96, F|271/271\n|-damage|p1a: Pachirisu|238/271|[from] Stealth Rock\n|-damage|p1a: Pachirisu|193/271|[from] Spikes\n|turn|15\n|\n|t:|1782813203\n|move|p1a: Pachirisu|Thunderbolt|p2a: Orthworm\n|-damage|p2a: Orthworm|0 fnt\n|faint|p2a: Orthworm\n|\n|upkeep\n|\n|t:|1782813214\n|switch|p2a: Clodsire|Clodsire, L81, M|338/343\n|turn|16\n|\n|t:|1782813229\n|move|p1a: Pachirisu|Super Fang|p2a: Clodsire\n|-damage|p2a: Clodsire|169/343\n|move|p2a: Clodsire|Curse|p2a: Clodsire\n|-unboost|p2a: Clodsire|spe|1\n|-boost|p2a: Clodsire|atk|1\n|-boost|p2a: Clodsire|def|1\n|\n|-heal|p2a: Clodsire|190/343|[from] item: Leftovers\n|upkeep\n|turn|17\n|\n|t:|1782813235\n|move|p1a: Pachirisu|Super Fang|p2a: Clodsire\n|-damage|p2a: Clodsire|95/343\n|move|p2a: Clodsire|Recover|p2a: Clodsire\n|-heal|p2a: Clodsire|267/343\n|\n|-heal|p2a: Clodsire|288/343|[from] item: Leftovers\n|upkeep\n|turn|18\n|\n|t:|1782813239\n|move|p1a: Pachirisu|Super Fang|p2a: Clodsire\n|-damage|p2a: Clodsire|144/343\n|move|p2a: Clodsire|Curse|p2a: Clodsire\n|-unboost|p2a: Clodsire|spe|1\n|-boost|p2a: Clodsire|atk|1\n|-boost|p2a: Clodsire|def|1\n|\n|-heal|p2a: Clodsire|165/343|[from] item: Leftovers\n|upkeep\n|turn|19\n|\n|t:|1782813244\n|move|p1a: Pachirisu|Super Fang|p2a: Clodsire\n|-damage|p2a: Clodsire|83/343\n|move|p2a: Clodsire|Recover|p2a: Clodsire\n|-heal|p2a: Clodsire|255/343\n|\n|-heal|p2a: Clodsire|276/343|[from] item: Leftovers\n|upkeep\n|turn|20\n|\n|t:|1782813250\n|move|p1a: Pachirisu|Super Fang|p2a: Clodsire|[miss]\n|-miss|p1a: Pachirisu|p2a: Clodsire\n|move|p2a: Clodsire|Recover|p2a: Clodsire\n|-heal|p2a: Clodsire|343/343\n|\n|upkeep\n|turn|21\n|\n|t:|1782813254\n|move|p1a: Pachirisu|Super Fang|p2a: Clodsire\n|-damage|p2a: Clodsire|172/343\n|move|p2a: Clodsire|Earthquake|p1a: Pachirisu\n|-supereffective|p1a: Pachirisu\n|-damage|p1a: Pachirisu|0 fnt\n|faint|p1a: Pachirisu\n|\n|-heal|p2a: Clodsire|193/343|[from] item: Leftovers\n|upkeep\n|\n|t:|1782813259\n|switch|p1a: Lilligant|Lilligant-Hisui, L79, F|240/240\n|-damage|p1a: Lilligant|225/240|[from] Stealth Rock\n|-damage|p1a: Lilligant|185/240|[from] Spikes\n|turn|22\n|inactive|5th Vision has 90 seconds left.\n|\n|t:|1782813268\n|move|p1a: Lilligant|Ice Spinner|p2a: Clodsire|[miss]\n|-miss|p1a: Lilligant|p2a: Clodsire\n|move|p2a: Clodsire|Gunk Shot|p1a: Lilligant\n|-supereffective|p1a: Lilligant\n|-damage|p1a: Lilligant|0 fnt\n|faint|p1a: Lilligant\n|\n|-heal|p2a: Clodsire|214/343|[from] item: Leftovers\n|upkeep\n|-message|garpward forfeited.\n|\n|win|5th Vision\n|raw|garpward's rating: 1692 &rarr; <strong>1668</strong><br />(-24 for losing)\n|raw|5th Vision's rating: 1620 &rarr; <strong>1644</strong><br />(+24 for winning)\n|l|\u2606garpward\n|player|p1|\n", "inputlog": ">version f8ac14003a5f27e1bdc8d8c59608a773c1cb96e5\n>start {\"formatid\":\"gen9randombattle\",\"seed\":\"sodium,b5b5877aad3c4c68ee343fe8af200e57\",\"rated\":\"Rated battle\"}\n>player p1 {\"name\":\"garpward\",\"avatar\":\"shadowtriad\",\"rating\":1692,\"seed\":\"sodium,ef5ffa236c40f2b2a72c434593112d57\"}\n>player p2 {\"name\":\"5th Vision\",\"avatar\":\"iris\",\"rating\":1620,\"seed\":\"sodium,a09d309ae7482855159debd10d289cba\"}\n>p1 move nuzzle\n>p2 switch 3\n>p1 move uturn\n>p2 move gunkshot\n>p1 switch 6\n>p1 move psychicnoise\n>p2 switch 4\n>p1 switch 4\n>p2 move stealthrock\n>p1 move willowisp\n>p2 switch 6\n>p1 move poltergeist\n>p2 move dragondance\n>p1 switch 4\n>p2 move waterfall\n>p2 switch 6\n>p1 move bodyslam\n>p2 move spikes\n>p1 move wish\n>p2 move spikes\n>p1 move psychicnoise\n>p2 move heavyslam\n>p1 switch 4\n>p1 move drainpunch\n>p2 move heavyslam\n>p1 move drainpunch\n>p2 move heavyslam\n>p1 switch 3\n>p1 move nightslash\n>p2 move heavyslam\n>p1 move nightslash\n>p2 move heavyslam\n>p1 switch 6\n>p1 move thunderbolt\n>p2 move heavyslam\n>p2 switch 4\n>p1 move superfang\n>p2 move curse\n>p1 move superfang\n>p2 move recover\n>p1 move superfang\n>p2 move curse\n>p1 move superfang\n>p2 move recover\n>p1 move superfang\n>p2 move recover\n>p1 move superfang\n>p2 move earthquake\n>p1 switch 5\n>p1 move icespinner\n>p2 move gunkshot\n>forcelose p1", "uploadtime": 1782813276, "views": 2, "formatid": "gen9randombattle", "rating": 1644, "private": 0, "password": null, "player_dets": [{"name": "garpward", "avatar": "shadowtriad", "rating": 1692, "seed": "sodium,ef5ffa236c40f2b2a72c434593112d57"}, {"name": "5th Vision", "avatar": "iris", "rating": 1620, "seed": "sodium,a09d309ae7482855159debd10d289cba"}], "teams_full": [{"Pachirisu": {"name": "Pachirisu", "species": "Pachirisu", "speciesId": "pachirisu", "gender": "F", "shiny": false, "level": 96, "moves": ["nuzzle", "superfang", "uturn", "thunderbolt"], "ability": "Volt Absorb", "evs": {"hp": 85, "atk": 85, "def": 85, "spa": 85, "spd": 85, "spe": 85}, "ivs": {"hp": 31, "atk": 31, "def": 31, "spa": 31, "spd": 31, "spe": 31}, "item": "Assault Vest", "teraType": "Flying", "role": "AV Pivot", "bvs": {"hp": 60, "atk": 45, "def": 70, "spa": 45, "spd": 90, "spe": 95}, "stats": {"hp": 271, "atk": 141, "def": 189, "spa": 141, "spd": 227, "spe": 237}, "types": ["Electric"]}, "Tyranitar": {"name": "Tyranitar", "species": "Tyranitar", "speciesId": "tyranitar", "gender": "M", "shiny": false, "level": 78, "moves": ["stoneedge", "knockoff", "icepunch", "dragondance"], "ability": "Sand Stream", "evs": {"hp": 85, "atk": 85, "def": 85, "spa": 85, "spd": 85, "spe": 85}, "ivs": {"hp": 31, "atk": 31, "def": 31, "spa": 31, "spd": 31, "spe": 31}, "item": "Weakness Policy", "teraType": "Ghost", "role": "Bulky Setup", "bvs": {"hp": 100, "atk": 134, "def": 110, "spa": 95, "spd": 100, "spe": 61}, "stats": {"hp": 284, "atk": 254, "def": 217, "spa": 193, "spd": 201, "spe": 140}, "types": ["Rock", "Dark"]}, "Gallade": {"name": "Gallade", "species": "Gallade", "speciesId": "gallade", "gender": "M", "shiny": false, "level": 80, "moves": ["psychocut", "sacredsword", "leafblade", "nightslash"], "ability": "Sharpness", "evs": {"hp": 85, "atk": 85, "def": 85, "spa": 85, "spd": 85, "spe": 85}, "ivs": {"hp": 31, "atk": 31, "def": 31, "spa": 31, "spd": 31, "spe": 31}, "item": "Choice Band", "teraType": "Fighting", "role": "Fast Attacker", "bvs": {"hp": 68, "atk": 125, "def": 65, "spa": 65, "spd": 115, "spe": 80}, "stats": {"hp": 240, "atk": 246, "def": 150, "spa": 150, "spd": 230, "spe": 174}, "types": ["Psychic", "Fighting"]}, "Trevenant": {"name": "Trevenant", "species": "Trevenant", "speciesId": "trevenant", "gender": "M", "shiny": false, "level": 89, "moves": ["woodhammer", "poltergeist", "drainpunch", "willowisp"], "ability": "Natural Cure", "evs": {"hp": 85, "atk": 85, "def": 85, "spa": 85, "spd": 85, "spe": 85}, "ivs": {"hp": 31, "atk": 31, "def": 31, "spa": 31, "spd": 31, "spe": 31}, "item": "Life Orb", "teraType": "Fighting", "role": "Wallbreaker", "bvs": {"hp": 85, "atk": 110, "def": 76, "spa": 65, "spd": 82, "spe": 56}, "stats": {"hp": 296, "atk": 247, "def": 186, "spa": 166, "spd": 197, "spe": 150}, "types": ["Ghost", "Grass"]}, "Lilligant": {"name": "Lilligant", "species": "Lilligant-Hisui", "speciesId": "lilliganthisui", "gender": "F", "shiny": false, "level": 79, "moves": ["closecombat", "icespinner", "victorydance", "leafblade"], "ability": "Hustle", "evs": {"hp": 85, "atk": 85, "def": 85, "spa": 85, "spd": 85, "spe": 85}, "ivs": {"hp": 31, "atk": 31, "def": 31, "spa": 31, "spd": 31, "spe": 31}, "item": "Life Orb", "teraType": "Steel", "role": "Setup Sweeper", "bvs": {"hp": 70, "atk": 105, "def": 75, "spa": 50, "spd": 75, "spe": 105}, "stats": {"hp": 240, "atk": 211, "def": 164, "spa": 125, "spd": 164, "spe": 211}, "types": ["Grass", "Fighting"]}, "Farigiraf": {"name": "Farigiraf", "species": "Farigiraf", "speciesId": "farigiraf", "gender": "F", "shiny": false, "level": 90, "moves": ["psychicnoise", "wish", "protect", "bodyslam"], "ability": "Sap Sipper", "evs": {"hp": 85, "atk": 85, "def": 85, "spa": 85, "spd": 85, "spe": 85}, "ivs": {"hp": 31, "atk": 31, "def": 31, "spa": 31, "spd": 31, "spe": 31}, "item": "Leftovers", "teraType": "Fairy", "role": "Bulky Support", "bvs": {"hp": 120, "atk": 90, "def": 70, "spa": 110, "spd": 70, "spe": 60}, "stats": {"hp": 362, "atk": 213, "def": 177, "spa": 249, "spd": 177, "spe": 159}, "types": ["Normal", "Psychic"]}}, {"Misdreavus": {"name": "Misdreavus", "species": "Misdreavus", "speciesId": "misdreavus", "gender": "F", "shiny": false, "level": 90, "moves": ["shadowball", "calmmind", "willowisp", "drainingkiss"], "ability": "Levitate", "evs": {"hp": 85, "atk": 0, "def": 85, "spa": 85, "spd": 85, "spe": 85}, "ivs": {"hp": 31, "atk": 0, "def": 31, "spa": 31, "spd": 31, "spe": 31}, "item": "Eviolite", "teraType": "Fairy", "role": "Bulky Setup", "bvs": {"hp": 60, "atk": 60, "def": 60, "spa": 85, "spd": 85, "spe": 85}, "stats": {"hp": 254, "atk": 113, "def": 159, "spa": 204, "spd": 204, "spe": 204}, "types": ["Ghost"]}, "Baxcalibur": {"name": "Baxcalibur", "species": "Baxcalibur", "speciesId": "baxcalibur", "gender": "M", "shiny": false, "level": 75, "moves": ["glaiverush", "iciclecrash", "iceshard", "earthquake"], "ability": "Thermal Exchange", "evs": {"hp": 81, "atk": 85, "def": 85, "spa": 85, "spd": 85, "spe": 85}, "ivs": {"hp": 31, "atk": 31, "def": 31, "spa": 31, "spd": 31, "spe": 31}, "item": "Choice Band", "teraType": "Dragon", "role": "Fast Attacker", "bvs": {"hp": 115, "atk": 145, "def": 92, "spa": 75, "spd": 86, "spe": 87}, "stats": {"hp": 295, "atk": 261, "def": 182, "spa": 156, "spd": 173, "spe": 174}, "types": ["Dragon", "Ice"]}, "Clodsire": {"name": "Clodsire", "species": "Clodsire", "speciesId": "clodsire", "gender": "M", "shiny": false, "level": 81, "moves": ["earthquake", "recover", "gunkshot", "curse"], "ability": "Water Absorb", "evs": {"hp": 85, "atk": 85, "def": 85, "spa": 85, "spd": 85, "spe": 85}, "ivs": {"hp": 31, "atk": 31, "def": 31, "spa": 31, "spd": 31, "spe": 31}, "item": "Leftovers", "teraType": "Steel", "role": "Bulky Attacker", "bvs": {"hp": 130, "atk": 75, "def": 60, "spa": 45, "spd": 100, "spe": 20}, "stats": {"hp": 343, "atk": 168, "def": 144, "spa": 120, "spd": 209, "spe": 79}, "types": ["Poison", "Ground"]}, "Orthworm": {"name": "Orthworm", "species": "Orthworm", "speciesId": "orthworm", "gender": "M", "shiny": false, "level": 88, "moves": ["spikes", "bodypress", "stealthrock", "heavyslam"], "ability": "Earth Eater", "evs": {"hp": 85, "atk": 85, "def": 85, "spa": 85, "spd": 85, "spe": 85}, "ivs": {"hp": 31, "atk": 31, "def": 31, "spa": 31, "spd": 31, "spe": 31}, "item": "Leftovers", "teraType": "Electric", "role": "Bulky Attacker", "bvs": {"hp": 70, "atk": 85, "def": 145, "spa": 60, "spd": 55, "spe": 65}, "stats": {"hp": 266, "atk": 200, "def": 305, "spa": 156, "spd": 147, "spe": 165}, "types": ["Steel"]}, "Dudunsparce": {"name": "Dudunsparce", "species": "Dudunsparce-Three-Segment", "speciesId": "dudunsparce", "gender": "M", "shiny": false, "level": 83, "moves": ["earthquake", "headbutt", "glare", "roost"], "ability": "Serene Grace", "evs": {"hp": 85, "atk": 85, "def": 85, "spa": 85, "spd": 85, "spe": 85}, "ivs": {"hp": 31, "atk": 31, "def": 31, "spa": 31, "spd": 31, "spe": 31}, "item": "Leftovers", "teraType": "Ground", "role": "Bulky Support", "bvs": {"hp": 125, "atk": 100, "def": 80, "spa": 85, "spd": 75, "spe": 55}, "stats": {"hp": 343, "atk": 214, "def": 180, "spa": 189, "spd": 172, "spe": 139}, "types": ["Normal"]}, "Gyarados": {"name": "Gyarados", "species": "Gyarados", "speciesId": "gyarados", "gender": "M", "shiny": false, "level": 79, "moves": ["terablast", "waterfall", "dragondance", "earthquake"], "ability": "Moxie", "evs": {"hp": 85, "atk": 85, "def": 85, "spa": 85, "spd": 85, "spe": 85}, "ivs": {"hp": 31, "atk": 31, "def": 31, "spa": 31, "spd": 31, "spe": 31}, "item": "Heavy-Duty Boots", "teraType": "Flying", "role": "Tera Blast user", "bvs": {"hp": 95, "atk": 125, "def": 79, "spa": 60, "spd": 100, "spe": 81}, "stats": {"hp": 280, "atk": 243, "def": 170, "spa": 140, "spd": 204, "spe": 174}, "types": ["Water", "Flying"]}}]}