{"id": "gen9randombattle-2641502431", "format": "[Gen 9] Random Battle", "players": ["nukeradiation77", "buunie"], "log": "|j|\u203dnukeradiation77\n|j|\u2606buunie\n|t:|1782795777\n|gametype|singles\n|player|p1|nukeradiation77|ingo-hisui|1837\n|player|p2|buunie|brawly|1934\n|gen|9\n|tier|[Gen 9] Random Battle\n|rated|\n|rule|Species Clause: Limit one of each Pok\u00e9mon\n|rule|HP Percentage Mod: HP is shown in percentages\n|rule|Sleep Clause Mod: Limit one foe put to sleep\n|rule|Illusion Level Mod: Illusion disguises the Pok\u00e9mon's true level\n|\n|t:|1782795777\n|teamsize|p1|6\n|teamsize|p2|6\n|start\n|switch|p1a: Oricorio|Oricorio-Sensu, L85, F|266/266\n|switch|p2a: Rotom|Rotom, L88|231/231\n|turn|1\n|inactive|Battle timer is ON: inactive players will automatically lose when time's up. (requested by buunie)\n|inactive|nukeradiation77 also wants the timer to be on.\n|\n|t:|1782795790\n|switch|p1a: Lanturn|Lanturn, L89, M|367/367\n|move|p2a: Rotom|Thunderbolt|p1a: Lanturn\n|-immune|p1a: Lanturn|[from] ability: Volt Absorb\n|\n|upkeep\n|turn|2\n|\n|t:|1782795798\n|switch|p2a: Cacturne|Cacturne, L92, F|278/278\n|move|p1a: Lanturn|Scald|p2a: Cacturne\n|-immune|p2a: Cacturne|[from] ability: Water Absorb\n|\n|upkeep\n|turn|3\n|inactive|nukeradiation77 has 120 seconds left.\n|\n|t:|1782795839\n|switch|p1a: Braviary|Braviary, L85, M|309/309\n|move|p2a: Cacturne|Leaf Storm|p1a: Braviary|[miss]\n|-miss|p2a: Cacturne|p1a: Braviary\n|\n|upkeep\n|turn|4\n|inactive|nukeradiation77 has 120 seconds left.\n|\n|t:|1782795857\n|switch|p1a: Lanturn|Lanturn, L89, M|367/367\n|switch|p2a: Rotom|Rotom, L88|231/231\n|\n|upkeep\n|turn|5\n|\n|t:|1782795878\n|move|p2a: Rotom|Shadow Ball|p1a: Lanturn\n|-damage|p1a: Lanturn|249/367\n|-damage|p2a: Rotom|208/231|[from] item: Life Orb\n|move|p1a: Lanturn|Ice Beam|p2a: Rotom\n|-damage|p2a: Rotom|147/231\n|\n|-heal|p1a: Lanturn|271/367|[from] item: Leftovers\n|upkeep\n|turn|6\n|inactive|buunie has 120 seconds left.\n|\n|t:|1782795902\n|switch|p2a: Cacturne|Cacturne, L92, F|278/278\n|move|p1a: Lanturn|Ice Beam|p2a: Cacturne\n|-supereffective|p2a: Cacturne\n|-damage|p2a: Cacturne|146/278\n|\n|-heal|p1a: Lanturn|293/367|[from] item: Leftovers\n|upkeep\n|turn|7\n|\n|t:|1782795909\n|switch|p1a: Braviary|Braviary, L85, M|309/309\n|move|p2a: Cacturne|Knock Off|p1a: Braviary\n|-damage|p1a: Braviary|113/309\n|-enditem|p1a: Braviary|Heavy-Duty Boots|[from] move: Knock Off|[of] p2a: Cacturne\n|-damage|p2a: Cacturne|119/278|[from] item: Life Orb\n|\n|upkeep\n|turn|8\n|\n|t:|1782795913\n|move|p2a: Cacturne|Sucker Punch||[still]\n|-fail|p2a: Cacturne\n|move|p1a: Braviary|Roost|p1a: Braviary\n|-heal|p1a: Braviary|268/309\n|-singleturn|p1a: Braviary|move: Roost\n|\n|upkeep\n|turn|9\n|\n|t:|1782795918\n|switch|p2a: Rotom|Rotom, L88|147/231\n|move|p1a: Braviary|Brave Bird|p2a: Rotom\n|-resisted|p2a: Rotom\n|-damage|p2a: Rotom|69/231\n|-damage|p1a: Braviary|242/309|[from] Recoil\n|\n|upkeep\n|turn|10\n|\n|t:|1782795924\n|switch|p1a: Lanturn|Lanturn, L89, M|293/367\n|move|p2a: Rotom|Will-O-Wisp|p1a: Lanturn\n|-status|p1a: Lanturn|brn\n|\n|-heal|p1a: Lanturn|315/367 brn|[from] item: Leftovers\n|-damage|p1a: Lanturn|293/367 brn|[from] brn\n|upkeep\n|turn|11\n|\n|t:|1782795929\n|move|p2a: Rotom|Shadow Ball|p1a: Lanturn\n|-damage|p1a: Lanturn|160/367 brn\n|-damage|p2a: Rotom|46/231|[from] item: Life Orb\n|move|p1a: Lanturn|Ice Beam|p2a: Rotom\n|-damage|p2a: Rotom|0 fnt\n|faint|p2a: Rotom\n|\n|-heal|p1a: Lanturn|182/367 brn|[from] item: Leftovers\n|-damage|p1a: Lanturn|160/367 brn|[from] brn\n|upkeep\n|\n|t:|1782795941\n|switch|p2a: Cacturne|Cacturne, L92, F|119/278\n|turn|12\n|\n|t:|1782795952\n|move|p1a: Lanturn|Ice Beam|p2a: Cacturne\n|-supereffective|p2a: Cacturne\n|-damage|p2a: Cacturne|0 fnt\n|faint|p2a: Cacturne\n|\n|-heal|p1a: Lanturn|182/367 brn|[from] item: Leftovers\n|-damage|p1a: Lanturn|160/367 brn|[from] brn\n|upkeep\n|-message|buunie forfeited.\n|\n|win|nukeradiation77\n|raw|nukeradiation77's rating: 1837 &rarr; <strong>1862</strong><br />(+25 for winning)\n|raw|buunie's rating: 1934 &rarr; <strong>1909</strong><br />(-25 for losing)\n|l|\u2606buunie\n|player|p2|\n", "inputlog": ">version f8ac14003a5f27e1bdc8d8c59608a773c1cb96e5\n>start {\"formatid\":\"gen9randombattle\",\"seed\":\"sodium,00789651770372ac61da682c50dd5051\",\"rated\":\"Rated battle\"}\n>player p1 {\"name\":\"nukeradiation77\",\"avatar\":\"ingo-hisui\",\"rating\":1837,\"seed\":\"sodium,4791aaa2875fda9f42cebc98f018eeec\"}\n>player p2 {\"name\":\"buunie\",\"avatar\":\"brawly\",\"rating\":1934,\"seed\":\"sodium,25685285ddd5d4646116f4bb52d725b8\"}\n>p1 switch 2\n>p2 move thunderbolt\n>p1 move scald\n>p2 switch 6\n>p1 switch 6\n>p2 move leafstorm\n>p1 switch 6\n>p2 switch 6\n>p1 move icebeam\n>p2 move shadowball\n>p1 move icebeam\n>p2 switch 6\n>p1 switch 6\n>p2 move knockoff\n>p1 move roost\n>p2 move suckerpunch\n>p1 move bravebird\n>p2 switch 6\n>p1 switch 6\n>p2 move willowisp\n>p1 move icebeam\n>p2 move shadowball\n>p2 switch 6\n>p1 move icebeam\n>p2 move knockoff\n>forcelose p2", "uploadtime": 1782795966, "views": 5, "formatid": "gen9randombattle", "rating": 1862, "private": 0, "password": null, "player_dets": [{"name": "nukeradiation77", "avatar": "ingo-hisui", "rating": 1837, "seed": "sodium,4791aaa2875fda9f42cebc98f018eeec"}, {"name": "buunie", "avatar": "brawly", "rating": 1934, "seed": "sodium,25685285ddd5d4646116f4bb52d725b8"}], "teams_full": [{"Oricorio": {"name": "Oricorio", "species": "Oricorio-Sensu", "speciesId": "oricoriosensu", "gender": "F", "shiny": false, "level": 85, "moves": ["revelationdance", "hurricane", "roost", "quiverdance"], "ability": "Dancer", "evs": {"hp": 85, "atk": 0, "def": 85, "spa": 85, "spd": 85, "spe": 85}, "ivs": {"hp": 31, "atk": 0, "def": 31, "spa": 31, "spd": 31, "spe": 31}, "item": "Heavy-Duty Boots", "teraType": "Fighting", "role": "Setup Sweeper", "bvs": {"hp": 75, "atk": 70, "def": 70, "spa": 98, "spd": 70, "spe": 93}, "stats": {"hp": 266, "atk": 124, "def": 168, "spa": 215, "spd": 168, "spe": 207}, "types": ["Ghost", "Flying"]}, "Lanturn": {"name": "Lanturn", "species": "Lanturn", "speciesId": "lanturn", "gender": "M", "shiny": false, "level": 89, "moves": ["thunderwave", "icebeam", "thunderbolt", "scald"], "ability": "Volt Absorb", "evs": {"hp": 85, "atk": 0, "def": 85, "spa": 85, "spd": 85, "spe": 85}, "ivs": {"hp": 31, "atk": 0, "def": 31, "spa": 31, "spd": 31, "spe": 31}, "item": "Leftovers", "teraType": "Flying", "role": "Bulky Attacker", "bvs": {"hp": 125, "atk": 58, "def": 58, "spa": 76, "spd": 76, "spe": 67}, "stats": {"hp": 367, "atk": 108, "def": 154, "spa": 186, "spd": 186, "spe": 170}, "types": ["Water", "Electric"]}, "Azumarill": {"name": "Azumarill", "species": "Azumarill", "speciesId": "azumarill", "gender": "F", "shiny": false, "level": 82, "moves": ["liquidation", "aquajet", "playrough", "icespinner"], "ability": "Huge Power", "evs": {"hp": 85, "atk": 85, "def": 85, "spa": 85, "spd": 85, "spe": 85}, "ivs": {"hp": 31, "atk": 31, "def": 31, "spa": 31, "spd": 31, "spe": 31}, "item": "Choice Band", "teraType": "Water", "role": "Bulky Attacker", "bvs": {"hp": 100, "atk": 50, "def": 80, "spa": 60, "spd": 80, "spe": 50}, "stats": {"hp": 298, "atk": 129, "def": 178, "spa": 146, "spd": 178, "spe": 129}, "types": ["Water", "Fairy"]}, "Ninetales": {"name": "Ninetales", "species": "Ninetales-Alola", "speciesId": "ninetalesalola", "gender": "F", "shiny": false, "level": 78, "moves": ["auroraveil", "moonblast", "encore", "blizzard"], "ability": "Snow Warning", "evs": {"hp": 85, "atk": 0, "def": 85, "spa": 85, "spd": 85, "spe": 85}, "ivs": {"hp": 31, "atk": 0, "def": 31, "spa": 31, "spd": 31, "spe": 31}, "item": "Light Clay", "teraType": "Water", "role": "Fast Support", "bvs": {"hp": 73, "atk": 67, "def": 75, "spa": 81, "spd": 100, "spe": 109}, "stats": {"hp": 242, "atk": 109, "def": 162, "spa": 171, "spd": 201, "spe": 215}, "types": ["Ice", "Fairy"]}, "Pawmot": {"name": "Pawmot", "species": "Pawmot", "speciesId": "pawmot", "gender": "M", "shiny": false, "level": 80, "moves": ["closecombat", "icepunch", "revivalblessing", "doubleshock"], "ability": "Iron Fist", "evs": {"hp": 85, "atk": 85, "def": 85, "spa": 85, "spd": 85, "spe": 85}, "ivs": {"hp": 31, "atk": 31, "def": 31, "spa": 31, "spd": 31, "spe": 31}, "item": "Life Orb", "teraType": "Electric", "role": "Wallbreaker", "bvs": {"hp": 70, "atk": 115, "def": 70, "spa": 70, "spd": 60, "spe": 105}, "stats": {"hp": 243, "atk": 230, "def": 158, "spa": 158, "spd": 142, "spe": 214}, "types": ["Electric", "Fighting"]}, "Braviary": {"name": "Braviary", "species": "Braviary", "speciesId": "braviary", "gender": "M", "shiny": false, "level": 85, "moves": ["closecombat", "bravebird", "bulkup", "roost"], "ability": "Defiant", "evs": {"hp": 85, "atk": 85, "def": 85, "spa": 85, "spd": 85, "spe": 85}, "ivs": {"hp": 31, "atk": 31, "def": 31, "spa": 31, "spd": 31, "spe": 31}, "item": "Heavy-Duty Boots", "teraType": "Steel", "role": "Fast Bulky Setup", "bvs": {"hp": 100, "atk": 123, "def": 75, "spa": 57, "spd": 75, "spe": 80}, "stats": {"hp": 309, "atk": 258, "def": 176, "spa": 146, "spd": 176, "spe": 185}, "types": ["Normal", "Flying"]}}, {"Rotom": {"name": "Rotom", "species": "Rotom", "speciesId": "rotom", "gender": "N", "shiny": false, "level": 88, "moves": ["shadowball", "willowisp", "voltswitch", "thunderbolt"], "ability": "Levitate", "evs": {"hp": 85, "atk": 0, "def": 85, "spa": 85, "spd": 85, "spe": 85}, "ivs": {"hp": 31, "atk": 0, "def": 31, "spa": 31, "spd": 31, "spe": 31}, "item": "Life Orb", "teraType": "Electric", "role": "Fast Attacker", "bvs": {"hp": 50, "atk": 50, "def": 77, "spa": 95, "spd": 77, "spe": 91}, "stats": {"hp": 231, "atk": 93, "def": 186, "spa": 217, "spd": 186, "spe": 210}, "types": ["Electric", "Ghost"]}, "Alomomola": {"name": "Alomomola", "species": "Alomomola", "speciesId": "alomomola", "gender": "M", "shiny": false, "level": 87, "moves": ["scald", "protect", "wish", "flipturn"], "ability": "Regenerator", "evs": {"hp": 85, "atk": 85, "def": 85, "spa": 85, "spd": 85, "spe": 85}, "ivs": {"hp": 31, "atk": 31, "def": 31, "spa": 31, "spd": 31, "spe": 31}, "item": "Rocky Helmet", "teraType": "Poison", "role": "Bulky Support", "bvs": {"hp": 165, "atk": 75, "def": 80, "spa": 40, "spd": 45, "spe": 65}, "stats": {"hp": 429, "atk": 180, "def": 189, "spa": 119, "spd": 128, "spe": 163}, "types": ["Water"]}, "Spidops": {"name": "Spidops", "species": "Spidops", "speciesId": "spidops", "gender": "F", "shiny": false, "level": 96, "moves": ["toxicspikes", "knockoff", "stickyweb", "circlethrow"], "ability": "Stakeout", "evs": {"hp": 85, "atk": 85, "def": 85, "spa": 85, "spd": 85, "spe": 85}, "ivs": {"hp": 31, "atk": 31, "def": 31, "spa": 31, "spd": 31, "spe": 31}, "item": "Heavy-Duty Boots", "teraType": "Ghost", "role": "Bulky Support", "bvs": {"hp": 60, "atk": 79, "def": 92, "spa": 52, "spd": 86, "spe": 35}, "stats": {"hp": 271, "atk": 206, "def": 231, "spa": 154, "spd": 220, "spe": 122}, "types": ["Bug"]}, "Basculin": {"name": "Basculin", "species": "Basculin", "speciesId": "basculin", "gender": "F", "shiny": false, "level": 86, "moves": ["wavecrash", "flipturn", "doubleedge", "aquajet"], "ability": "Adaptability", "evs": {"hp": 85, "atk": 85, "def": 85, "spa": 85, "spd": 85, "spe": 85}, "ivs": {"hp": 31, "atk": 31, "def": 31, "spa": 31, "spd": 31, "spe": 31}, "item": "Choice Band", "teraType": "Water", "role": "Wallbreaker", "bvs": {"hp": 70, "atk": 92, "def": 65, "spa": 80, "spd": 55, "spe": 98}, "stats": {"hp": 261, "atk": 207, "def": 161, "spa": 187, "spd": 144, "spe": 218}, "types": ["Water"]}, "Copperajah": {"name": "Copperajah", "species": "Copperajah", "speciesId": "copperajah", "gender": "M", "shiny": false, "level": 86, "moves": ["heavyslam", "heatcrash", "superpower", "supercellslam"], "ability": "Heavy Metal", "evs": {"hp": 81, "atk": 85, "def": 85, "spa": 85, "spd": 85, "spe": 85}, "ivs": {"hp": 31, "atk": 31, "def": 31, "spa": 31, "spd": 31, "spe": 31}, "item": "Choice Band", "teraType": "Fire", "role": "Bulky Attacker", "bvs": {"hp": 122, "atk": 130, "def": 69, "spa": 80, "spd": 69, "spe": 30}, "stats": {"hp": 349, "atk": 273, "def": 168, "spa": 187, "spd": 168, "spe": 101}, "types": ["Steel"]}, "Cacturne": {"name": "Cacturne", "species": "Cacturne", "speciesId": "cacturne", "gender": "F", "shiny": false, "level": 92, "moves": ["spikes", "suckerpunch", "leafstorm", "knockoff"], "ability": "Water Absorb", "evs": {"hp": 85, "atk": 85, "def": 85, "spa": 85, "spd": 85, "spe": 85}, "ivs": {"hp": 31, "atk": 31, "def": 31, "spa": 31, "spd": 31, "spe": 31}, "item": "Life Orb", "teraType": "Grass", "role": "Wallbreaker", "bvs": {"hp": 70, "atk": 115, "def": 60, "spa": 115, "spd": 60, "spe": 55}, "stats": {"hp": 278, "atk": 264, "def": 163, "spa": 264, "spd": 163, "spe": 154}, "types": ["Grass", "Dark"]}}]}