{"id": "gen9randombattle-2641404953", "format": "[Gen 9] Random Battle", "players": ["TRedden", "lechuga_aguada"], "log": "|j|\u2606TRedden\n|j|\u2606lechuga_aguada\n|t:|1782779791\n|gametype|singles\n|player|p1|TRedden|blue|1622\n|player|p2|lechuga_aguada|bugcatcher-gen4dp|1681\n|gen|9\n|tier|[Gen 9] Random Battle\n|rated|\n|rule|Species Clause: Limit one of each Pok\u00e9mon\n|rule|HP Percentage Mod: HP is shown in percentages\n|rule|Sleep Clause Mod: Limit one foe put to sleep\n|rule|Illusion Level Mod: Illusion disguises the Pok\u00e9mon's true level\n|\n|t:|1782779791\n|teamsize|p1|6\n|teamsize|p2|6\n|start\n|switch|p1a: Kommo-o|Kommo-o, L78, F|245/245\n|switch|p2a: Squawkabilly|Squawkabilly, L85, F|278/278\n|turn|1\n|\n|t:|1782779809\n|switch|p1a: Gyarados|Gyarados, L79, M|280/280\n|-ability|p1a: Gyarados|Intimidate|boost\n|-unboost|p2a: Squawkabilly|atk|1\n|move|p2a: Squawkabilly|Brave Bird|p1a: Gyarados\n|-damage|p1a: Gyarados|175/280\n|-damage|p2a: Squawkabilly|243/278|[from] Recoil\n|\n|-status|p2a: Squawkabilly|brn|[from] item: Flame Orb\n|upkeep\n|turn|2\n|\n|t:|1782779818\n|move|p2a: Squawkabilly|Facade|p1a: Gyarados\n|-damage|p1a: Gyarados|0 fnt\n|faint|p1a: Gyarados\n|\n|-damage|p2a: Squawkabilly|226/278 brn|[from] brn\n|upkeep\n|\n|t:|1782779825\n|switch|p1a: Ampharos|Ampharos, L88, M|302/302\n|turn|3\n|\n|t:|1782779834\n|move|p2a: Squawkabilly|U-turn|p1a: Ampharos\n|-damage|p1a: Ampharos|249/302\n|\n|t:|1782779840\n|switch|p2a: Ursaring|Ursaring, L84, M|288/288|[from] U-turn\n|move|p1a: Ampharos|Agility|p1a: Ampharos\n|-boost|p1a: Ampharos|spe|2\n|\n|upkeep\n|turn|4\n|\n|t:|1782779845\n|move|p1a: Ampharos|Focus Blast|p2a: Ursaring\n|-supereffective|p2a: Ursaring\n|-damage|p2a: Ursaring|93/288\n|-damage|p1a: Ampharos|219/302|[from] item: Life Orb\n|move|p2a: Ursaring|Body Slam|p1a: Ampharos\n|-damage|p1a: Ampharos|101/302\n|\n|upkeep\n|turn|5\n|\n|t:|1782779858\n|move|p1a: Ampharos|Thunderbolt|p2a: Ursaring\n|-damage|p2a: Ursaring|0 fnt\n|faint|p2a: Ursaring\n|-damage|p1a: Ampharos|71/302|[from] item: Life Orb\n|\n|upkeep\n|\n|t:|1782779893\n|switch|p2a: Incineroar|Incineroar, L82, M|290/290\n|-ability|p2a: Incineroar|Intimidate|boost\n|-unboost|p1a: Ampharos|atk|1\n|turn|6\n|\n|t:|1782779897\n|move|p1a: Ampharos|Focus Blast|p2a: Incineroar|[miss]\n|-miss|p1a: Ampharos|p2a: Incineroar\n|move|p2a: Incineroar|Trailblaze|p1a: Ampharos\n|-damage|p1a: Ampharos|35/302\n|-boost|p2a: Incineroar|spe|1\n|\n|upkeep\n|turn|7\n|\n|t:|1782779926\n|switch|p2a: Mandibuzz|Mandibuzz, L85, F|326/326\n|move|p1a: Ampharos|Focus Blast|p2a: Mandibuzz\n|-damage|p2a: Mandibuzz|191/326\n|-damage|p1a: Ampharos|5/302|[from] item: Life Orb\n|\n|upkeep\n|turn|8\n|\n|t:|1782779931\n|switch|p2a: Incineroar|Incineroar, L82, M|290/290\n|-ability|p2a: Incineroar|Intimidate|boost\n|-unboost|p1a: Ampharos|atk|1\n|move|p1a: Ampharos|Thunderbolt|p2a: Incineroar\n|-crit|p2a: Incineroar\n|-damage|p2a: Incineroar|70/290\n|-damage|p1a: Ampharos|0 fnt|[from] item: Life Orb\n|faint|p1a: Ampharos\n|\n|upkeep\n|\n|t:|1782779943\n|switch|p1a: Kommo-o|Kommo-o, L78, F|245/245\n|turn|9\n|\n|t:|1782779984\n|switch|p2a: Sceptile|Sceptile, L87, F|264/264\n|move|p1a: Kommo-o|Clangorous Soul|p1a: Kommo-o\n|-boost|p1a: Kommo-o|atk|1\n|-boost|p1a: Kommo-o|def|1\n|-boost|p1a: Kommo-o|spa|1\n|-boost|p1a: Kommo-o|spd|1\n|-boost|p1a: Kommo-o|spe|1\n|-damage|p1a: Kommo-o|165/245\n|-enditem|p1a: Kommo-o|Throat Spray\n|-boost|p1a: Kommo-o|spa|1|[from] item: Throat Spray\n|\n|upkeep\n|turn|10\n|\n|t:|1782779991\n|move|p1a: Kommo-o|Iron Head|p2a: Sceptile\n|-damage|p2a: Sceptile|157/264\n|move|p2a: Sceptile|Leech Seed|p1a: Kommo-o|[miss]\n|-miss|p2a: Sceptile|p1a: Kommo-o\n|\n|-heal|p2a: Sceptile|173/264|[from] item: Leftovers\n|upkeep\n|turn|11\n|\n|t:|1782780001\n|move|p1a: Kommo-o|Iron Head|p2a: Sceptile\n|-damage|p2a: Sceptile|66/264\n|move|p2a: Sceptile|Leech Seed|p1a: Kommo-o|[miss]\n|-miss|p2a: Sceptile|p1a: Kommo-o\n|\n|-heal|p2a: Sceptile|82/264|[from] item: Leftovers\n|upkeep\n|turn|12\n|\n|t:|1782780009\n|switch|p2a: Incineroar|Incineroar, L82, M|70/290\n|-ability|p2a: Incineroar|Intimidate|boost\n|-unboost|p1a: Kommo-o|atk|1\n|move|p1a: Kommo-o|Drain Punch|p2a: Incineroar\n|-supereffective|p2a: Incineroar\n|-damage|p2a: Incineroar|0 fnt\n|-heal|p1a: Kommo-o|200/245|[from] drain|[of] p2a: Incineroar\n|faint|p2a: Incineroar\n|\n|upkeep\n|\n|t:|1782780027\n|switch|p2a: Squawkabilly|Squawkabilly, L85, F|226/278 brn\n|turn|13\n|\n|t:|1782780032\n|-terastallize|p1a: Kommo-o|Steel\n|move|p1a: Kommo-o|Clangorous Soul|p1a: Kommo-o\n|-boost|p1a: Kommo-o|atk|1\n|-boost|p1a: Kommo-o|def|1\n|-boost|p1a: Kommo-o|spa|1\n|-boost|p1a: Kommo-o|spd|1\n|-boost|p1a: Kommo-o|spe|1\n|-damage|p1a: Kommo-o|120/245\n|move|p2a: Squawkabilly|Brave Bird|p1a: Kommo-o\n|-resisted|p1a: Kommo-o\n|-damage|p1a: Kommo-o|78/245\n|-damage|p2a: Squawkabilly|212/278 brn|[from] Recoil\n|\n|-damage|p2a: Squawkabilly|195/278 brn|[from] brn\n|upkeep\n|turn|14\n|\n|t:|1782780055\n|move|p1a: Kommo-o|Drain Punch|p2a: Squawkabilly\n|-damage|p2a: Squawkabilly|20/278 brn\n|-heal|p1a: Kommo-o|166/245|[from] drain|[of] p2a: Squawkabilly\n|move|p2a: Squawkabilly|Facade|p1a: Kommo-o\n|-resisted|p1a: Kommo-o\n|-damage|p1a: Kommo-o|121/245\n|\n|-damage|p2a: Squawkabilly|3/278 brn|[from] brn\n|upkeep\n|turn|15\n|\n|t:|1782780064\n|move|p2a: Squawkabilly|Quick Attack|p1a: Kommo-o\n|-resisted|p1a: Kommo-o\n|-crit|p1a: Kommo-o\n|-damage|p1a: Kommo-o|82/245\n|move|p1a: Kommo-o|Drain Punch|p2a: Squawkabilly\n|-damage|p2a: Squawkabilly|0 fnt\n|-heal|p1a: Kommo-o|84/245|[from] drain|[of] p2a: Squawkabilly\n|faint|p2a: Squawkabilly\n|\n|upkeep\n|\n|t:|1782780071\n|switch|p2a: Mandibuzz|Mandibuzz, L85, F|191/326\n|turn|16\n|\n|t:|1782780074\n|move|p1a: Kommo-o|Drain Punch|p2a: Mandibuzz\n|-damage|p2a: Mandibuzz|92/326\n|-heal|p1a: Kommo-o|134/245|[from] drain|[of] p2a: Mandibuzz\n|move|p2a: Mandibuzz|Knock Off|p1a: Kommo-o\n|-damage|p1a: Kommo-o|112/245\n|\n|upkeep\n|turn|17\n|-message|lechuga_aguada forfeited.\n|\n|win|TRedden\n|raw|TRedden's rating: 1622 &rarr; <strong>1645</strong><br />(+23 for winning)\n|raw|lechuga_aguada's rating: 1681 &rarr; <strong>1658</strong><br />(-23 for losing)\n|l|\u2606lechuga_aguada\n|player|p2|\n", "inputlog": ">version f8ac14003a5f27e1bdc8d8c59608a773c1cb96e5\n>start {\"formatid\":\"gen9randombattle\",\"seed\":\"sodium,0d52aa7803c30869702c515d9a0e7898\",\"rated\":\"Rated battle\"}\n>player p1 {\"name\":\"TRedden\",\"avatar\":\"blue\",\"rating\":1622,\"seed\":\"sodium,6deda78ecb4b5adf4c43f1f019389316\"}\n>player p2 {\"name\":\"lechuga_aguada\",\"avatar\":\"bugcatcher-gen4dp\",\"rating\":1681,\"seed\":\"sodium,0ce38bca1e2a4eeacebfaee470256555\"}\n>p1 switch 2\n>p2 move bravebird\n>p1 move waterfall\n>p2 move facade\n>p1 switch 4\n>p1 move agility\n>p2 move uturn\n>p2 switch 6\n>p1 move focusblast\n>p2 move bodyslam\n>p1 move thunderbolt\n>p2 move earthquake\n>p2 switch 3\n>p1 move focusblast\n>p2 move trailblaze\n>p1 move focusblast\n>p2 switch 2\n>p1 move thunderbolt\n>p2 switch 2\n>p1 switch 2\n>p1 move clangoroussoul\n>p2 switch 4\n>p1 move ironhead\n>p2 move leechseed\n>p1 move ironhead\n>p2 move leechseed\n>p1 move drainpunch\n>p2 switch 4\n>p2 switch 6\n>p1 move clangoroussoul terastallize\n>p2 move bravebird\n>p1 move drainpunch\n>p2 move facade\n>p1 move drainpunch\n>p2 move quickattack\n>p2 switch 2\n>p1 move drainpunch\n>p2 move knockoff\n>forcelose p2", "uploadtime": 1782780080, "views": 6, "formatid": "gen9randombattle", "rating": 1645, "private": 0, "password": null, "player_dets": [{"name": "TRedden", "avatar": "blue", "rating": 1622, "seed": "sodium,6deda78ecb4b5adf4c43f1f019389316"}, {"name": "lechuga_aguada", "avatar": "bugcatcher-gen4dp", "rating": 1681, "seed": "sodium,0ce38bca1e2a4eeacebfaee470256555"}], "teams_full": [{"Kommo-o": {"name": "Kommo-o", "species": "Kommo-o", "speciesId": "kommoo", "gender": "F", "shiny": false, "level": 78, "moves": ["ironhead", "clangoroussoul", "drainpunch", "clangingscales"], "ability": "Soundproof", "evs": {"hp": 85, "atk": 85, "def": 85, "spa": 85, "spd": 85, "spe": 85}, "ivs": {"hp": 31, "atk": 31, "def": 31, "spa": 31, "spd": 31, "spe": 31}, "item": "Throat Spray", "teraType": "Steel", "role": "Fast Bulky Setup", "bvs": {"hp": 75, "atk": 110, "def": 125, "spa": 100, "spd": 105, "spe": 85}, "stats": {"hp": 245, "atk": 217, "def": 240, "spa": 201, "spd": 209, "spe": 178}, "types": ["Dragon", "Fighting"]}, "Gyarados": {"name": "Gyarados", "species": "Gyarados", "speciesId": "gyarados", "gender": "M", "shiny": false, "level": 79, "moves": ["dragondance", "terablast", "earthquake", "waterfall"], "ability": "Intimidate", "evs": {"hp": 85, "atk": 85, "def": 85, "spa": 85, "spd": 85, "spe": 85}, "ivs": {"hp": 31, "atk": 31, "def": 31, "spa": 31, "spd": 31, "spe": 31}, "item": "Heavy-Duty Boots", "teraType": "Flying", "role": "Tera Blast user", "bvs": {"hp": 95, "atk": 125, "def": 79, "spa": 60, "spd": 100, "spe": 81}, "stats": {"hp": 280, "atk": 243, "def": 170, "spa": 140, "spd": 204, "spe": 174}, "types": ["Water", "Flying"]}, "Scyther": {"name": "Scyther", "species": "Scyther", "speciesId": "scyther", "gender": "M", "shiny": false, "level": 82, "moves": ["bugbite", "closecombat", "dualwingbeat", "swordsdance"], "ability": "Technician", "evs": {"hp": 85, "atk": 85, "def": 85, "spa": 85, "spd": 85, "spe": 85}, "ivs": {"hp": 31, "atk": 31, "def": 31, "spa": 31, "spd": 31, "spe": 31}, "item": "Heavy-Duty Boots", "teraType": "Fighting", "role": "Setup Sweeper", "bvs": {"hp": 70, "atk": 110, "def": 80, "spa": 55, "spd": 80, "spe": 105}, "stats": {"hp": 249, "atk": 228, "def": 178, "spa": 137, "spd": 178, "spe": 219}, "types": ["Bug", "Flying"]}, "Ampharos": {"name": "Ampharos", "species": "Ampharos", "speciesId": "ampharos", "gender": "M", "shiny": false, "level": 88, "moves": ["thunderbolt", "focusblast", "dazzlinggleam", "agility"], "ability": "Static", "evs": {"hp": 85, "atk": 0, "def": 85, "spa": 85, "spd": 85, "spe": 85}, "ivs": {"hp": 31, "atk": 0, "def": 31, "spa": 31, "spd": 31, "spe": 31}, "item": "Life Orb", "teraType": "Fairy", "role": "Wallbreaker", "bvs": {"hp": 90, "atk": 75, "def": 85, "spa": 115, "spd": 90, "spe": 55}, "stats": {"hp": 302, "atk": 137, "def": 200, "spa": 253, "spd": 209, "spe": 147}, "types": ["Electric"]}, "Lanturn": {"name": "Lanturn", "species": "Lanturn", "speciesId": "lanturn", "gender": "F", "shiny": false, "level": 89, "moves": ["scald", "voltswitch", "thunderbolt", "thunderwave"], "ability": "Volt Absorb", "evs": {"hp": 85, "atk": 0, "def": 85, "spa": 85, "spd": 85, "spe": 85}, "ivs": {"hp": 31, "atk": 0, "def": 31, "spa": 31, "spd": 31, "spe": 31}, "item": "Heavy-Duty Boots", "teraType": "Flying", "role": "Fast Support", "bvs": {"hp": 125, "atk": 58, "def": 58, "spa": 76, "spd": 76, "spe": 67}, "stats": {"hp": 367, "atk": 108, "def": 154, "spa": 186, "spd": 186, "spe": 170}, "types": ["Water", "Electric"]}, "Girafarig": {"name": "Girafarig", "species": "Girafarig", "speciesId": "girafarig", "gender": "F", "shiny": false, "level": 89, "moves": ["hypervoice", "psyshock", "thunderbolt", "nastyplot"], "ability": "Sap Sipper", "evs": {"hp": 85, "atk": 0, "def": 85, "spa": 85, "spd": 85, "spe": 85}, "ivs": {"hp": 31, "atk": 0, "def": 31, "spa": 31, "spd": 31, "spe": 31}, "item": "Eviolite", "teraType": "Normal", "role": "Fast Bulky Setup", "bvs": {"hp": 70, "atk": 80, "def": 65, "spa": 90, "spd": 65, "spe": 85}, "stats": {"hp": 269, "atk": 147, "def": 166, "spa": 211, "spd": 166, "spe": 202}, "types": ["Normal", "Psychic"]}}, {"Squawkabilly": {"name": "Squawkabilly", "species": "Squawkabilly", "speciesId": "squawkabilly", "gender": "F", "shiny": false, "level": 85, "moves": ["quickattack", "uturn", "facade", "bravebird"], "ability": "Guts", "evs": {"hp": 85, "atk": 85, "def": 85, "spa": 85, "spd": 85, "spe": 85}, "ivs": {"hp": 31, "atk": 31, "def": 31, "spa": 31, "spd": 31, "spe": 31}, "item": "Flame Orb", "teraType": "Normal", "role": "Wallbreaker", "bvs": {"hp": 82, "atk": 96, "def": 51, "spa": 45, "spd": 51, "spe": 92}, "stats": {"hp": 278, "atk": 212, "def": 135, "spa": 125, "spd": 135, "spe": 205}, "types": ["Normal", "Flying"]}, "Mandibuzz": {"name": "Mandibuzz", "species": "Mandibuzz", "speciesId": "mandibuzz", "gender": "F", "shiny": false, "level": 85, "moves": ["roost", "bravebird", "defog", "knockoff"], "ability": "Overcoat", "evs": {"hp": 85, "atk": 85, "def": 85, "spa": 85, "spd": 85, "spe": 85}, "ivs": {"hp": 31, "atk": 31, "def": 31, "spa": 31, "spd": 31, "spe": 31}, "item": "Heavy-Duty Boots", "teraType": "Steel", "role": "Bulky Attacker", "bvs": {"hp": 110, "atk": 65, "def": 105, "spa": 55, "spd": 95, "spe": 80}, "stats": {"hp": 326, "atk": 159, "def": 227, "spa": 142, "spd": 210, "spe": 185}, "types": ["Dark", "Flying"]}, "Incineroar": {"name": "Incineroar", "species": "Incineroar", "speciesId": "incineroar", "gender": "M", "shiny": false, "level": 82, "moves": ["trailblaze", "flareblitz", "swordsdance", "knockoff"], "ability": "Intimidate", "evs": {"hp": 85, "atk": 85, "def": 85, "spa": 85, "spd": 85, "spe": 85}, "ivs": {"hp": 31, "atk": 31, "def": 31, "spa": 31, "spd": 31, "spe": 31}, "item": "Heavy-Duty Boots", "teraType": "Grass", "role": "Setup Sweeper", "bvs": {"hp": 95, "atk": 115, "def": 90, "spa": 80, "spd": 90, "spe": 60}, "stats": {"hp": 290, "atk": 236, "def": 195, "spa": 178, "spd": 195, "spe": 146}, "types": ["Fire", "Dark"]}, "Sceptile": {"name": "Sceptile", "species": "Sceptile", "speciesId": "sceptile", "gender": "F", "shiny": false, "level": 87, "moves": ["leechseed", "gigadrain", "focusblast", "substitute"], "ability": "Overgrow", "evs": {"hp": 85, "atk": 0, "def": 85, "spa": 85, "spd": 85, "spe": 85}, "ivs": {"hp": 31, "atk": 0, "def": 31, "spa": 31, "spd": 31, "spe": 31}, "item": "Leftovers", "teraType": "Steel", "role": "Fast Support", "bvs": {"hp": 70, "atk": 85, "def": 65, "spa": 105, "spd": 85, "spe": 120}, "stats": {"hp": 264, "atk": 152, "def": 163, "spa": 232, "spd": 198, "spe": 259}, "types": ["Grass"]}, "Quaquaval": {"name": "Quaquaval", "species": "Quaquaval", "speciesId": "quaquaval", "gender": "M", "shiny": false, "level": 79, "moves": ["roost", "closecombat", "swordsdance", "aquastep"], "ability": "Moxie", "evs": {"hp": 85, "atk": 85, "def": 85, "spa": 85, "spd": 85, "spe": 85}, "ivs": {"hp": 31, "atk": 31, "def": 31, "spa": 31, "spd": 31, "spe": 31}, "item": "Leftovers", "teraType": "Steel", "role": "Bulky Attacker", "bvs": {"hp": 85, "atk": 120, "def": 80, "spa": 85, "spd": 75, "spe": 85}, "stats": {"hp": 264, "atk": 235, "def": 172, "spa": 180, "spd": 164, "spe": 180}, "types": ["Water", "Fighting"]}, "Ursaring": {"name": "Ursaring", "species": "Ursaring", "speciesId": "ursaring", "gender": "M", "shiny": false, "level": 84, "moves": ["rest", "bodyslam", "sleeptalk", "earthquake"], "ability": "Guts", "evs": {"hp": 85, "atk": 85, "def": 85, "spa": 85, "spd": 85, "spe": 85}, "ivs": {"hp": 31, "atk": 31, "def": 31, "spa": 31, "spd": 31, "spe": 31}, "item": "Eviolite", "teraType": "Ground", "role": "Bulky Attacker", "bvs": {"hp": 90, "atk": 130, "def": 75, "spa": 75, "spd": 75, "spe": 55}, "stats": {"hp": 288, "atk": 267, "def": 174, "spa": 174, "spd": 174, "spe": 141}, "types": ["Normal"]}}]}