{"id": "gen9randombattle-2641545462", "format": "[Gen 9] Random Battle", "players": ["it dies today", "skycumsfalling"], "log": "|j|\u2606it dies today\n|j|\u2606skycumsfalling\n|t:|1782804954\n|gametype|singles\n|player|p1|it dies today|cynthia|\n|player|p2|skycumsfalling|bellelba|\n|gen|9\n|tier|[Gen 9] Random Battle\n|rule|Species Clause: Limit one of each Pok\u00e9mon\n|rule|HP Percentage Mod: HP is shown in percentages\n|rule|Sleep Clause Mod: Limit one foe put to sleep\n|rule|Illusion Level Mod: Illusion disguises the Pok\u00e9mon's true level\n|\n|t:|1782804954\n|teamsize|p1|6\n|teamsize|p2|6\n|start\n|switch|p1a: Shiftry|Shiftry, L89, F|305/305\n|switch|p2a: Rotom|Rotom-Fan, L86|226/226\n|turn|1\n|\n|t:|1782804987\n|switch|p1a: Corviknight|Corviknight, L80, M|288/288\n|-ability|p1a: Corviknight|Pressure\n|move|p2a: Rotom|Air Slash|p1a: Corviknight\n|-resisted|p1a: Corviknight\n|-damage|p1a: Corviknight|238/288\n|\n|upkeep\n|turn|2\n|\n|t:|1782804998\n|move|p2a: Rotom|Thunderbolt|p1a: Corviknight\n|-supereffective|p1a: Corviknight\n|-damage|p1a: Corviknight|16/288\n|move|p1a: Corviknight|Brave Bird|p2a: Rotom\n|-resisted|p2a: Rotom\n|-damage|p2a: Rotom|184/226\n|-damage|p1a: Corviknight|2/288|[from] Recoil\n|\n|upkeep\n|turn|3\n|\n|t:|1782805007\n|move|p2a: Rotom|Thunderbolt|p1a: Corviknight\n|-supereffective|p1a: Corviknight\n|-damage|p1a: Corviknight|0 fnt\n|faint|p1a: Corviknight\n|\n|upkeep\n|\n|t:|1782805022\n|switch|p1a: Spectrier|Spectrier, L75|274/274\n|turn|4\n|\n|t:|1782805045\n|switch|p2a: Delibird|Delibird, F|252/252\n|move|p1a: Spectrier|Shadow Ball|p2a: Delibird\n|-damage|p2a: Delibird|123/252\n|\n|upkeep\n|turn|5\n|\n|t:|1782805173\n|switch|p1a: Shiftry|Shiftry, L89, F|305/305\n|-terastallize|p2a: Delibird|Ghost\n|move|p2a: Delibird|Brave Bird|p1a: Shiftry\n|-supereffective|p1a: Shiftry\n|-damage|p1a: Shiftry|3/305\n|-damage|p2a: Delibird|23/252|[from] Recoil\n|\n|upkeep\n|turn|6\n|\n|t:|1782805186\n|move|p1a: Shiftry|Sucker Punch|p2a: Delibird\n|-supereffective|p2a: Delibird\n|-damage|p2a: Delibird|0 fnt\n|faint|p2a: Delibird\n|-damage|p1a: Shiftry|0 fnt|[from] item: Life Orb\n|faint|p1a: Shiftry\n|\n|upkeep\n|\n|t:|1782805211\n|switch|p2a: Rotom|Rotom-Fan, L86|184/226\n|switch|p1a: Urshifu|Urshifu, L74, F|270/270\n|turn|7\n|\n|t:|1782805231\n|move|p2a: Rotom|Air Slash|p1a: Urshifu\n|-supereffective|p1a: Urshifu\n|-damage|p1a: Urshifu|0 fnt\n|faint|p1a: Urshifu\n|\n|upkeep\n|\n|t:|1782805253\n|switch|p1a: Spectrier|Spectrier, L75|274/274\n|turn|8\n|\n|t:|1782805301\n|-terastallize|p1a: Spectrier|Fairy\n|move|p1a: Spectrier|Draining Kiss|p2a: Rotom\n|-damage|p2a: Rotom|123/226\n|move|p2a: Rotom|Thunder Wave|p1a: Spectrier\n|-status|p1a: Spectrier|par\n|\n|upkeep\n|turn|9\n|\n|t:|1782805362\n|move|p2a: Rotom|Air Slash|p1a: Spectrier\n|-damage|p1a: Spectrier|160/274 par\n|cant|p1a: Spectrier|par\n|\n|-heal|p1a: Spectrier|177/274 par|[from] item: Leftovers\n|upkeep\n|turn|10\n|\n|t:|1782805373\n|move|p2a: Rotom|Thunderbolt|p1a: Spectrier\n|-damage|p1a: Spectrier|45/274 par\n|move|p1a: Spectrier|Shadow Ball|p2a: Rotom\n|-damage|p2a: Rotom|47/226\n|\n|-heal|p1a: Spectrier|62/274 par|[from] item: Leftovers\n|upkeep\n|turn|11\n|\n|t:|1782805387\n|move|p2a: Rotom|Thunderbolt|p1a: Spectrier\n|-damage|p1a: Spectrier|0 fnt\n|faint|p1a: Spectrier\n|\n|upkeep\n|\n|t:|1782805396\n|switch|p1a: Electrode|Electrode, L92|260/260\n|turn|12\n|\n|t:|1782805466\n|switch|p2a: Rillaboom|Rillaboom, L79, F|288/288\n|-fieldstart|move: Grassy Terrain|[from] ability: Grassy Surge|[of] p2a: Rillaboom\n|move|p1a: Electrode|Tera Blast|p2a: Rillaboom\n|-damage|p2a: Rillaboom|194/288\n|-damage|p1a: Electrode|234/260|[from] item: Life Orb\n|\n|-heal|p1a: Electrode|250/260|[from] Grassy Terrain\n|-heal|p2a: Rillaboom|212/288|[from] Grassy Terrain\n|upkeep\n|turn|13\n|\n|t:|1782805497\n|move|p1a: Electrode|Volt Switch|p2a: Rillaboom\n|-resisted|p2a: Rillaboom\n|-damage|p2a: Rillaboom|152/288\n|-damage|p1a: Electrode|224/260|[from] item: Life Orb\n|\n|t:|1782805506\n|switch|p1a: Dedenne|Dedenne, L88, F|261/261|[from] Volt Switch\n|move|p2a: Rillaboom|High Horsepower|p1a: Dedenne\n|-supereffective|p1a: Dedenne\n|-damage|p1a: Dedenne|0 fnt\n|faint|p1a: Dedenne\n|\n|-heal|p2a: Rillaboom|170/288|[from] Grassy Terrain\n|upkeep\n|\n|t:|1782805512\n|switch|p1a: Electrode|Electrode, L92|224/260\n|turn|14\n|\n|t:|1782805519\n|switch|p2a: Eternatus|Eternatus, L69|308/308\n|-ability|p2a: Eternatus|Pressure\n|move|p1a: Electrode|Tera Blast|p2a: Eternatus\n|-damage|p2a: Eternatus|214/308\n|-damage|p1a: Electrode|198/260|[from] item: Life Orb\n|\n|-heal|p1a: Electrode|214/260|[from] Grassy Terrain\n|-heal|p2a: Eternatus|233/308|[from] Grassy Terrain\n|upkeep\n|turn|15\n|\n|t:|1782805582\n|move|p1a: Electrode|Thunderbolt|p2a: Eternatus\n|-resisted|p2a: Eternatus\n|-crit|p2a: Eternatus\n|-damage|p2a: Eternatus|125/308\n|-status|p2a: Eternatus|par\n|-damage|p1a: Electrode|188/260|[from] item: Life Orb\n|cant|p2a: Eternatus|par\n|\n|-heal|p1a: Electrode|204/260|[from] Grassy Terrain\n|-heal|p2a: Eternatus|144/308 par|[from] Grassy Terrain\n|upkeep\n|turn|16\n|\n|t:|1782805595\n|switch|p2a: Rillaboom|Rillaboom, L79, F|170/288\n|move|p1a: Electrode|Thunderbolt|p2a: Rillaboom\n|-resisted|p2a: Rillaboom\n|-damage|p2a: Rillaboom|84/288\n|-damage|p1a: Electrode|178/260|[from] item: Life Orb\n|\n|-heal|p1a: Electrode|194/260|[from] Grassy Terrain\n|-heal|p2a: Rillaboom|102/288|[from] Grassy Terrain\n|-fieldend|move: Grassy Terrain\n|upkeep\n|turn|17\n|\n|t:|1782805606\n|move|p1a: Electrode|Tera Blast|p2a: Rillaboom\n|-damage|p2a: Rillaboom|15/288\n|-damage|p1a: Electrode|168/260|[from] item: Life Orb\n|move|p2a: Rillaboom|High Horsepower|p1a: Electrode\n|-supereffective|p1a: Electrode\n|-damage|p1a: Electrode|0 fnt\n|-damage|p2a: Rillaboom|0 fnt|[from] ability: Aftermath|[of] p1a: Electrode\n|faint|p1a: Electrode\n|faint|p2a: Rillaboom\n|\n|win|skycumsfalling\n", "inputlog": ">version f8ac14003a5f27e1bdc8d8c59608a773c1cb96e5\n>start {\"formatid\":\"gen9randombattle\",\"seed\":\"sodium,7cbba989c0abbab732d461548f29d6fb\"}\n>player p1 {\"name\":\"it dies today\",\"avatar\":\"cynthia\",\"rating\":0,\"seed\":\"sodium,0bb6df20cd2ac7eceb6fd227e324a29d\"}\n>player p2 {\"name\":\"skycumsfalling\",\"avatar\":\"bellelba\",\"rating\":0,\"seed\":\"sodium,6a5c62932d577a8cbeb23086a7cc10f5\"}\n>p1 switch 4\n>p2 move airslash\n>p1 move bravebird\n>p2 move thunderbolt\n>p1 move uturn\n>p2 move thunderbolt\n>p1 switch 6\n>p1 move shadowball\n>p2 switch 6\n>p1 switch 4\n>p2 move bravebird terastallize\n>p1 move suckerpunch\n>p2 move bravebird\n>p1 switch 3\n>p2 switch 6\n>p1 move wickedblow\n>p2 move airslash\n>p1 switch 4\n>p1 move drainingkiss terastallize\n>p2 move thunderwave\n>p1 move shadowball\n>p2 move airslash\n>p1 move shadowball\n>p2 move thunderbolt\n>p1 move shadowball\n>p2 move thunderbolt\n>p1 switch 2\n>p1 move terablast\n>p2 switch 3\n>p1 move voltswitch\n>p2 move highhorsepower\n>p1 switch 5\n>p1 switch 5\n>p1 move terablast\n>p2 switch 4\n>p1 move thunderbolt\n>p2 move dynamaxcannon\n>p1 move thunderbolt\n>p2 switch 4\n>p1 move terablast\n>p2 move highhorsepower", "uploadtime": 1782805607, "views": 4, "formatid": "gen9randombattle", "rating": null, "private": 0, "password": null, "player_dets": [{"name": "it dies today", "avatar": "cynthia", "rating": 0, "seed": "sodium,0bb6df20cd2ac7eceb6fd227e324a29d"}, {"name": "skycumsfalling", "avatar": "bellelba", "rating": 0, "seed": "sodium,6a5c62932d577a8cbeb23086a7cc10f5"}], "teams_full": [{"Shiftry": {"name": "Shiftry", "species": "Shiftry", "speciesId": "shiftry", "gender": "F", "shiny": false, "level": 89, "moves": ["leafblade", "swordsdance", "suckerpunch", "knockoff"], "ability": "Wind Rider", "evs": {"hp": 85, "atk": 85, "def": 85, "spa": 85, "spd": 85, "spe": 85}, "ivs": {"hp": 31, "atk": 31, "def": 31, "spa": 31, "spd": 31, "spe": 31}, "item": "Life Orb", "teraType": "Dark", "role": "Fast Bulky Setup", "bvs": {"hp": 90, "atk": 100, "def": 60, "spa": 90, "spd": 60, "spe": 80}, "stats": {"hp": 305, "atk": 229, "def": 158, "spa": 211, "spd": 158, "spe": 193}, "types": ["Grass", "Dark"]}, "Electrode": {"name": "Electrode", "species": "Electrode", "speciesId": "electrode", "gender": "N", "shiny": false, "level": 92, "moves": ["voltswitch", "thunderbolt", "taunt", "terablast"], "ability": "Aftermath", "evs": {"hp": 85, "atk": 0, "def": 85, "spa": 85, "spd": 85, "spe": 85}, "ivs": {"hp": 31, "atk": 0, "def": 31, "spa": 31, "spd": 31, "spe": 31}, "item": "Life Orb", "teraType": "Ice", "role": "Tera Blast user", "bvs": {"hp": 60, "atk": 50, "def": 70, "spa": 80, "spd": 80, "spe": 150}, "stats": {"hp": 260, "atk": 97, "def": 181, "spa": 200, "spd": 200, "spe": 328}, "types": ["Electric"]}, "Urshifu": {"name": "Urshifu", "species": "Urshifu", "speciesId": "urshifu", "gender": "F", "shiny": false, "level": 74, "moves": ["wickedblow", "swordsdance", "closecombat", "suckerpunch"], "ability": "Unseen Fist", "evs": {"hp": 85, "atk": 85, "def": 85, "spa": 85, "spd": 85, "spe": 85}, "ivs": {"hp": 31, "atk": 31, "def": 31, "spa": 31, "spd": 31, "spe": 31}, "item": "Life Orb", "teraType": "Dark", "role": "Fast Attacker", "bvs": {"hp": 100, "atk": 130, "def": 100, "spa": 63, "spd": 60, "spe": 97}, "stats": {"hp": 270, "atk": 235, "def": 191, "spa": 136, "spd": 132, "spe": 187}, "types": ["Fighting", "Dark"]}, "Corviknight": {"name": "Corviknight", "species": "Corviknight", "speciesId": "corviknight", "gender": "M", "shiny": false, "level": 80, "moves": ["roost", "bravebird", "uturn", "defog"], "ability": "Pressure", "evs": {"hp": 85, "atk": 85, "def": 85, "spa": 85, "spd": 85, "spe": 85}, "ivs": {"hp": 31, "atk": 31, "def": 31, "spa": 31, "spd": 31, "spe": 31}, "item": "Rocky Helmet", "teraType": "Dragon", "role": "Bulky Support", "bvs": {"hp": 98, "atk": 87, "def": 105, "spa": 53, "spd": 85, "spe": 67}, "stats": {"hp": 288, "atk": 185, "def": 214, "spa": 131, "spd": 182, "spe": 153}, "types": ["Flying", "Steel"]}, "Dedenne": {"name": "Dedenne", "species": "Dedenne", "speciesId": "dedenne", "gender": "F", "shiny": false, "level": 88, "moves": ["thunderbolt", "uturn", "nuzzle", "dazzlinggleam"], "ability": "Cheek Pouch", "evs": {"hp": 85, "atk": 85, "def": 85, "spa": 85, "spd": 85, "spe": 85}, "ivs": {"hp": 31, "atk": 31, "def": 31, "spa": 31, "spd": 31, "spe": 31}, "item": "Sitrus Berry", "teraType": "Flying", "role": "Fast Support", "bvs": {"hp": 67, "atk": 58, "def": 57, "spa": 81, "spd": 67, "spe": 101}, "stats": {"hp": 261, "atk": 152, "def": 151, "spa": 193, "spd": 168, "spe": 228}, "types": ["Electric", "Fairy"]}, "Spectrier": {"name": "Spectrier", "species": "Spectrier", "speciesId": "spectrier", "gender": "N", "shiny": false, "level": 75, "moves": ["nastyplot", "substitute", "drainingkiss", "shadowball"], "ability": "Grim Neigh", "evs": {"hp": 85, "atk": 0, "def": 85, "spa": 85, "spd": 85, "spe": 85}, "ivs": {"hp": 31, "atk": 0, "def": 31, "spa": 31, "spd": 31, "spe": 31}, "item": "Leftovers", "teraType": "Fairy", "role": "Setup Sweeper", "bvs": {"hp": 100, "atk": 65, "def": 60, "spa": 145, "spd": 80, "spe": 130}, "stats": {"hp": 274, "atk": 102, "def": 134, "spa": 261, "spd": 164, "spe": 239}, "types": ["Ghost"]}}, {"Rotom": {"name": "Rotom", "species": "Rotom-Fan", "speciesId": "rotomfan", "gender": "N", "shiny": false, "level": 86, "moves": ["thunderbolt", "nastyplot", "airslash", "thunderwave"], "ability": "Levitate", "evs": {"hp": 85, "atk": 0, "def": 85, "spa": 85, "spd": 85, "spe": 85}, "ivs": {"hp": 31, "atk": 0, "def": 31, "spa": 31, "spd": 31, "spe": 31}, "item": "Heavy-Duty Boots", "teraType": "Steel", "role": "Bulky Attacker", "bvs": {"hp": 50, "atk": 65, "def": 107, "spa": 105, "spd": 107, "spe": 86}, "stats": {"hp": 226, "atk": 116, "def": 233, "spa": 230, "spd": 233, "spe": 197}, "types": ["Electric", "Flying"]}, "Slowbro": {"name": "Slowbro", "species": "Slowbro-Galar", "speciesId": "slowbrogalar", "gender": "M", "shiny": false, "level": 87, "moves": ["shellsidearm", "psychic", "slackoff", "fireblast"], "ability": "Regenerator", "evs": {"hp": 85, "atk": 85, "def": 85, "spa": 85, "spd": 85, "spe": 85}, "ivs": {"hp": 31, "atk": 31, "def": 31, "spa": 31, "spd": 31, "spe": 31}, "item": "Rocky Helmet", "teraType": "Poison", "role": "Bulky Attacker", "bvs": {"hp": 95, "atk": 100, "def": 95, "spa": 100, "spd": 70, "spe": 30}, "stats": {"hp": 307, "atk": 224, "def": 215, "spa": 224, "spd": 172, "spe": 102}, "types": ["Poison", "Psychic"]}, "Rillaboom": {"name": "Rillaboom", "species": "Rillaboom", "speciesId": "rillaboom", "gender": "F", "shiny": false, "level": 79, "moves": ["grassyglide", "woodhammer", "highhorsepower", "uturn"], "ability": "Grassy Surge", "evs": {"hp": 85, "atk": 85, "def": 85, "spa": 85, "spd": 85, "spe": 85}, "ivs": {"hp": 31, "atk": 31, "def": 31, "spa": 31, "spd": 31, "spe": 31}, "item": "Choice Band", "teraType": "Grass", "role": "Fast Attacker", "bvs": {"hp": 100, "atk": 125, "def": 90, "spa": 60, "spd": 70, "spe": 85}, "stats": {"hp": 288, "atk": 243, "def": 188, "spa": 140, "spd": 156, "spe": 180}, "types": ["Grass"]}, "Eternatus": {"name": "Eternatus", "species": "Eternatus", "speciesId": "eternatus", "gender": "N", "shiny": false, "level": 69, "moves": ["recover", "sludgebomb", "fireblast", "dynamaxcannon"], "ability": "Pressure", "evs": {"hp": 85, "atk": 0, "def": 85, "spa": 85, "spd": 85, "spe": 85}, "ivs": {"hp": 31, "atk": 0, "def": 31, "spa": 31, "spd": 31, "spe": 31}, "item": "Rocky Helmet", "teraType": "Fire", "role": "Bulky Attacker", "bvs": {"hp": 140, "atk": 85, "def": 95, "spa": 145, "spd": 95, "spe": 130}, "stats": {"hp": 308, "atk": 122, "def": 171, "spa": 240, "spd": 171, "spe": 220}, "types": ["Poison", "Dragon"]}, "Hatterene": {"name": "Hatterene", "species": "Hatterene", "speciesId": "hatterene", "gender": "F", "shiny": false, "level": 85, "moves": ["psychic", "mysticalfire", "drainingkiss", "nuzzle"], "ability": "Magic Bounce", "evs": {"hp": 85, "atk": 85, "def": 85, "spa": 85, "spd": 85, "spe": 85}, "ivs": {"hp": 31, "atk": 31, "def": 31, "spa": 31, "spd": 31, "spe": 31}, "item": "Assault Vest", "teraType": "Fairy", "role": "AV Pivot", "bvs": {"hp": 57, "atk": 90, "def": 95, "spa": 136, "spd": 103, "spe": 29}, "stats": {"hp": 236, "atk": 202, "def": 210, "spa": 280, "spd": 224, "spe": 98}, "types": ["Psychic", "Fairy"]}, "Delibird": {"name": "Delibird", "species": "Delibird", "speciesId": "delibird", "gender": "F", "shiny": false, "level": 100, "moves": ["rapidspin", "freezedry", "bravebird", "spikes"], "ability": "Vital Spirit", "evs": {"hp": 85, "atk": 85, "def": 85, "spa": 85, "spd": 85, "spe": 85}, "ivs": {"hp": 31, "atk": 31, "def": 31, "spa": 31, "spd": 31, "spe": 31}, "item": "Heavy-Duty Boots", "teraType": "Ghost", "role": "Fast Support", "bvs": {"hp": 45, "atk": 55, "def": 45, "spa": 65, "spd": 45, "spe": 75}, "stats": {"hp": 252, "atk": 167, "def": 147, "spa": 187, "spd": 147, "spe": 207}, "types": ["Ice", "Flying"]}}]}