{"id": "gen9randombattle-2641064802", "format": "[Gen 9] Random Battle", "players": ["I Am The Shaman", "Ctannn"], "log": "|badge|p2|bronze|gen9ou|100-9\n|uhtml|medal-msg|<div class=\"broadcast-blue\">Curious what those medals under the avatar are? PS now has Ladder Seasons! For more information, check out the <a href=\"https://www.smogon.com/forums/threads/3740067/\">thread on Smogon.</a></div>\n|j|\u2606I Am The Shaman\n|j|\u2606Ctannn\n|t:|1782735077\n|gametype|singles\n|player|p1|I Am The Shaman|169|2056\n|player|p2|Ctannn|102|2135\n|gen|9\n|tier|[Gen 9] Random Battle\n|rated|\n|rule|Species Clause: Limit one of each Pok\u00e9mon\n|rule|HP Percentage Mod: HP is shown in percentages\n|rule|Sleep Clause Mod: Limit one foe put to sleep\n|rule|Illusion Level Mod: Illusion disguises the Pok\u00e9mon's true level\n|\n|t:|1782735077\n|teamsize|p1|6\n|teamsize|p2|6\n|start\n|switch|p1a: Lokix|Lokix, L82, M|251/251\n|switch|p2a: Furret|Furret, L94, M|312/312\n|-item|p1a: Lokix|Silver Powder|[from] ability: Frisk|[of] p2a: Furret\n|turn|1\n|inactive|Battle timer is ON: inactive players will automatically lose when time's up. (requested by I Am The Shaman)\n|\n|t:|1782735102\n|move|p2a: Furret|Tidy Up|p2a: Furret\n|-boost|p2a: Furret|atk|1\n|-boost|p2a: Furret|spe|1\n|move|p1a: Lokix|Knock Off|p2a: Furret\n|-damage|p2a: Furret|206/312\n|-enditem|p2a: Furret|Life Orb|[from] move: Knock Off|[of] p1a: Lokix\n|\n|upkeep\n|turn|2\n|\n|t:|1782735116\n|switch|p1a: Magcargo|Magcargo, L95, M|268/268\n|move|p2a: Furret|Double-Edge|p1a: Magcargo\n|-resisted|p1a: Magcargo\n|-damage|p1a: Magcargo|196/268\n|-damage|p2a: Furret|182/312|[from] Recoil\n|\n|upkeep\n|turn|3\n|\n|t:|1782735124\n|move|p2a: Furret|Brick Break|p1a: Magcargo\n|-supereffective|p1a: Magcargo\n|-damage|p1a: Magcargo|74/268\n|move|p1a: Magcargo|Lava Plume|p2a: Furret\n|-damage|p2a: Furret|47/312\n|-status|p2a: Furret|brn\n|\n|-damage|p2a: Furret|28/312 brn|[from] brn\n|upkeep\n|turn|4\n|\n|t:|1782735134\n|move|p2a: Furret|Brick Break|p1a: Magcargo\n|-supereffective|p1a: Magcargo\n|-damage|p1a: Magcargo|19/268\n|move|p1a: Magcargo|Recover|p1a: Magcargo\n|-heal|p1a: Magcargo|153/268\n|\n|-damage|p2a: Furret|9/312 brn|[from] brn\n|upkeep\n|turn|5\n|\n|t:|1782735158\n|switch|p2a: Eelektross|Eelektross, L87, M|290/290\n|move|p1a: Magcargo|Recover|p1a: Magcargo\n|-heal|p1a: Magcargo|268/268\n|\n|upkeep\n|turn|6\n|\n|t:|1782735171\n|move|p2a: Eelektross|U-turn|p1a: Magcargo\n|-resisted|p1a: Magcargo\n|-damage|p1a: Magcargo|246/268\n|\n|t:|1782735178\n|switch|p2a: Porygon2|Porygon2, L81|270/270|[from] U-turn\n|-ability|p2a: Porygon2|Download|boost\n|-boost|p2a: Porygon2|spa|1\n|move|p1a: Magcargo|Lava Plume|p2a: Porygon2\n|-damage|p2a: Porygon2|206/270\n|\n|upkeep\n|turn|7\n|\n|t:|1782735191\n|move|p2a: Porygon2|Discharge|p1a: Magcargo\n|-damage|p1a: Magcargo|162/268\n|move|p1a: Magcargo|Lava Plume|p2a: Porygon2\n|-damage|p2a: Porygon2|134/270\n|\n|upkeep\n|turn|8\n|\n|t:|1782735195\n|move|p2a: Porygon2|Discharge|p1a: Magcargo\n|-damage|p1a: Magcargo|83/268\n|move|p1a: Magcargo|Recover|p1a: Magcargo\n|-heal|p1a: Magcargo|217/268\n|\n|upkeep\n|turn|9\n|\n|t:|1782735197\n|move|p2a: Porygon2|Discharge|p1a: Magcargo\n|-damage|p1a: Magcargo|133/268\n|move|p1a: Magcargo|Lava Plume|p2a: Porygon2\n|-damage|p2a: Porygon2|61/270\n|\n|upkeep\n|turn|10\n|\n|t:|1782735201\n|move|p2a: Porygon2|Discharge|p1a: Magcargo\n|-damage|p1a: Magcargo|53/268\n|move|p1a: Magcargo|Recover|p1a: Magcargo\n|-heal|p1a: Magcargo|187/268\n|\n|upkeep\n|turn|11\n|\n|t:|1782735203\n|move|p2a: Porygon2|Recover|p2a: Porygon2\n|-heal|p2a: Porygon2|196/270\n|move|p1a: Magcargo|Lava Plume|p2a: Porygon2\n|-damage|p2a: Porygon2|124/270\n|-status|p2a: Porygon2|brn\n|\n|-damage|p2a: Porygon2|108/270 brn|[from] brn\n|upkeep\n|turn|12\n|\n|t:|1782735212\n|move|p2a: Porygon2|Recover|p2a: Porygon2\n|-heal|p2a: Porygon2|243/270 brn\n|move|p1a: Magcargo|Lava Plume|p2a: Porygon2\n|-damage|p2a: Porygon2|177/270 brn\n|\n|-damage|p2a: Porygon2|161/270 brn|[from] brn\n|upkeep\n|turn|13\n|\n|t:|1782735215\n|move|p2a: Porygon2|Discharge|p1a: Magcargo\n|-damage|p1a: Magcargo|104/268\n|move|p1a: Magcargo|Recover|p1a: Magcargo\n|-heal|p1a: Magcargo|238/268\n|\n|-damage|p2a: Porygon2|145/270 brn|[from] brn\n|upkeep\n|turn|14\n|\n|t:|1782735222\n|move|p2a: Porygon2|Recover|p2a: Porygon2\n|-heal|p2a: Porygon2|270/270 brn\n|move|p1a: Magcargo|Power Gem|p2a: Porygon2\n|-damage|p2a: Porygon2|197/270 brn\n|\n|-damage|p2a: Porygon2|181/270 brn|[from] brn\n|upkeep\n|turn|15\n|\n|t:|1782735225\n|move|p2a: Porygon2|Discharge|p1a: Magcargo\n|-crit|p1a: Magcargo\n|-damage|p1a: Magcargo|127/268\n|move|p1a: Magcargo|Power Gem|p2a: Porygon2\n|-damage|p2a: Porygon2|109/270 brn\n|\n|-damage|p2a: Porygon2|93/270 brn|[from] brn\n|upkeep\n|turn|16\n|\n|t:|1782735229\n|switch|p1a: Lokix|Lokix, L82, M|251/251\n|move|p2a: Porygon2|Recover|p2a: Porygon2\n|-heal|p2a: Porygon2|228/270 brn\n|\n|-damage|p2a: Porygon2|212/270 brn|[from] brn\n|upkeep\n|turn|17\n|\n|t:|1782735235\n|move|p1a: Lokix|U-turn|p2a: Porygon2\n|-damage|p2a: Porygon2|151/270 brn\n|\n|t:|1782735237\n|switch|p1a: Magcargo|Magcargo, L95, M|127/268|[from] U-turn\n|move|p2a: Porygon2|Tri Attack|p1a: Magcargo\n|-resisted|p1a: Magcargo\n|-damage|p1a: Magcargo|67/268\n|\n|-damage|p2a: Porygon2|135/270 brn|[from] brn\n|upkeep\n|turn|18\n|\n|t:|1782735242\n|move|p2a: Porygon2|Recover|p2a: Porygon2\n|-heal|p2a: Porygon2|270/270 brn\n|move|p1a: Magcargo|Recover|p1a: Magcargo\n|-heal|p1a: Magcargo|201/268\n|\n|-damage|p2a: Porygon2|254/270 brn|[from] brn\n|upkeep\n|turn|19\n|\n|t:|1782735249\n|move|p2a: Porygon2|Discharge|p1a: Magcargo\n|-damage|p1a: Magcargo|128/268\n|move|p1a: Magcargo|Power Gem|p2a: Porygon2\n|-damage|p2a: Porygon2|187/270 brn\n|\n|-damage|p2a: Porygon2|171/270 brn|[from] brn\n|upkeep\n|turn|20\n|\n|t:|1782735254\n|move|p2a: Porygon2|Discharge|p1a: Magcargo\n|-damage|p1a: Magcargo|51/268\n|-status|p1a: Magcargo|par\n|move|p1a: Magcargo|Recover|p1a: Magcargo\n|-heal|p1a: Magcargo|185/268 par\n|\n|-damage|p2a: Porygon2|155/270 brn|[from] brn\n|upkeep\n|turn|21\n|\n|t:|1782735257\n|move|p2a: Porygon2|Recover|p2a: Porygon2\n|-heal|p2a: Porygon2|270/270 brn\n|move|p1a: Magcargo|Power Gem|p2a: Porygon2\n|-damage|p2a: Porygon2|206/270 brn\n|\n|-damage|p2a: Porygon2|190/270 brn|[from] brn\n|upkeep\n|turn|22\n|\n|t:|1782735263\n|move|p2a: Porygon2|Discharge|p1a: Magcargo\n|-damage|p1a: Magcargo|101/268 par\n|move|p1a: Magcargo|Recover|p1a: Magcargo\n|-heal|p1a: Magcargo|235/268 par\n|\n|-damage|p2a: Porygon2|174/270 brn|[from] brn\n|upkeep\n|turn|23\n|\n|t:|1782735269\n|move|p2a: Porygon2|Discharge|p1a: Magcargo\n|-damage|p1a: Magcargo|151/268 par\n|cant|p1a: Magcargo|par\n|\n|-damage|p2a: Porygon2|158/270 brn|[from] brn\n|upkeep\n|turn|24\n|\n|t:|1782735275\n|switch|p1a: Mienshao|Mienshao, L83, M|244/244\n|move|p2a: Porygon2|Discharge|p1a: Mienshao\n|-damage|p1a: Mienshao|124/244\n|\n|-damage|p2a: Porygon2|142/270 brn|[from] brn\n|upkeep\n|turn|25\n|\n|t:|1782735280\n|switch|p2a: Furret|Furret, L94, M|9/312 brn\n|-item|p1a: Mienshao|Life Orb|[from] ability: Frisk|[of] p2a: Furret\n|move|p1a: Mienshao|Close Combat|p2a: Furret\n|-supereffective|p2a: Furret\n|-damage|p2a: Furret|0 fnt\n|-unboost|p1a: Mienshao|def|1\n|-unboost|p1a: Mienshao|spd|1\n|faint|p2a: Furret\n|-damage|p1a: Mienshao|100/244|[from] item: Life Orb\n|\n|upkeep\n|\n|t:|1782735304\n|switch|p2a: Rabsca|Rabsca, L91, F|284/284\n|turn|26\n|\n|t:|1782735311\n|switch|p1a: Magcargo|Magcargo, L95, M|151/268 par\n|move|p2a: Rabsca|Bug Buzz|p1a: Magcargo\n|-resisted|p1a: Magcargo\n|-damage|p1a: Magcargo|95/268 par\n|\n|upkeep\n|turn|27\n|\n|t:|1782735329\n|move|p2a: Rabsca|Psychic|p1a: Magcargo\n|-damage|p1a: Magcargo|0 fnt\n|faint|p1a: Magcargo\n|\n|upkeep\n|\n|t:|1782735340\n|switch|p1a: Lokix|Lokix, L82, M|251/251\n|turn|28\n|\n|t:|1782735347\n|move|p1a: Lokix|U-turn|p2a: Rabsca\n|-supereffective|p2a: Rabsca\n|-damage|p2a: Rabsca|104/284\n|\n|t:|1782735349\n|switch|p1a: Mienshao|Mienshao, L83, M|181/244|[from] U-turn\n|move|p2a: Rabsca|Bug Buzz|p1a: Mienshao\n|-resisted|p1a: Mienshao\n|-damage|p1a: Mienshao|97/244\n|\n|upkeep\n|turn|29\n|\n|t:|1782735361\n|-terastallize|p2a: Rabsca|Steel\n|move|p1a: Mienshao|Knock Off|p2a: Rabsca\n|-damage|p2a: Rabsca|9/284\n|-enditem|p2a: Rabsca|Heavy-Duty Boots|[from] move: Knock Off|[of] p1a: Mienshao\n|-damage|p1a: Mienshao|73/244|[from] item: Life Orb\n|move|p2a: Rabsca|Psychic|p1a: Mienshao\n|-supereffective|p1a: Mienshao\n|-damage|p1a: Mienshao|0 fnt\n|faint|p1a: Mienshao\n|\n|upkeep\n|\n|t:|1782735380\n|switch|p1a: Lokix|Lokix, L82, M|251/251\n|turn|30\n|\n|t:|1782735393\n|switch|p2a: Porygon2|Porygon2, L81|142/270 brn\n|-ability|p2a: Porygon2|Download|boost\n|-boost|p2a: Porygon2|spa|1\n|move|p1a: Lokix|Knock Off|p2a: Porygon2\n|-damage|p2a: Porygon2|73/270 brn\n|-enditem|p2a: Porygon2|Eviolite|[from] move: Knock Off|[of] p1a: Lokix\n|\n|-damage|p2a: Porygon2|57/270 brn|[from] brn\n|upkeep\n|turn|31\n|\n|t:|1782735405\n|move|p1a: Lokix|Knock Off|p2a: Porygon2\n|-damage|p2a: Porygon2|0 fnt\n|faint|p2a: Porygon2\n|\n|upkeep\n|\n|t:|1782735408\n|switch|p2a: Eelektross|Eelektross, L87, M|290/290\n|turn|32\n|\n|t:|1782735413\n|move|p1a: Lokix|Knock Off|p2a: Eelektross\n|-damage|p2a: Eelektross|179/290\n|-enditem|p2a: Eelektross|Assault Vest|[from] move: Knock Off|[of] p1a: Lokix\n|move|p2a: Eelektross|Discharge|p1a: Lokix\n|-damage|p1a: Lokix|107/251\n|-status|p1a: Lokix|par\n|\n|upkeep\n|turn|33\n|\n|t:|1782735421\n|cant|p1a: Lokix|par\n|move|p2a: Eelektross|Discharge|p1a: Lokix\n|-crit|p1a: Lokix\n|-damage|p1a: Lokix|0 fnt\n|faint|p1a: Lokix\n|\n|upkeep\n|\n|t:|1782735429\n|switch|p1a: Espathra|Espathra, L80, F|283/283\n|turn|34\n|\n|t:|1782735438\n|move|p1a: Espathra|Protect|p1a: Espathra\n|-singleturn|p1a: Espathra|Protect\n|move|p2a: Eelektross|Dragon Tail|p1a: Espathra\n|-activate|p1a: Espathra|move: Protect\n|\n|-ability|p1a: Espathra|Speed Boost|boost\n|-boost|p1a: Espathra|spe|1\n|upkeep\n|turn|35\n|\n|t:|1782735443\n|-terastallize|p1a: Espathra|Fairy\n|move|p1a: Espathra|Calm Mind|p1a: Espathra\n|-boost|p1a: Espathra|spa|1\n|-boost|p1a: Espathra|spd|1\n|move|p2a: Eelektross|Dragon Tail|p1a: Espathra\n|-immune|p1a: Espathra\n|\n|-ability|p1a: Espathra|Speed Boost|boost\n|-boost|p1a: Espathra|spe|1\n|upkeep\n|turn|36\n|\n|t:|1782735453\n|move|p1a: Espathra|Protect|p1a: Espathra\n|-singleturn|p1a: Espathra|Protect\n|move|p2a: Eelektross|Discharge|p1a: Espathra\n|-activate|p1a: Espathra|move: Protect\n|\n|-ability|p1a: Espathra|Speed Boost|boost\n|-boost|p1a: Espathra|spe|1\n|upkeep\n|turn|37\n|\n|t:|1782735458\n|move|p1a: Espathra|Calm Mind|p1a: Espathra\n|-boost|p1a: Espathra|spa|1\n|-boost|p1a: Espathra|spd|1\n|move|p2a: Eelektross|Discharge|p1a: Espathra\n|-damage|p1a: Espathra|217/283\n|-status|p1a: Espathra|par\n|\n|-heal|p1a: Espathra|234/283 par|[from] item: Leftovers\n|-ability|p1a: Espathra|Speed Boost|boost\n|-boost|p1a: Espathra|spe|1\n|upkeep\n|turn|38\n|\n|t:|1782735461\n|switch|p2a: Torterra|Torterra, L78, M|276/276\n|move|p1a: Espathra|Stored Power|p2a: Torterra\n|-damage|p2a: Torterra|0 fnt\n|faint|p2a: Torterra\n|\n|-heal|p1a: Espathra|251/283 par|[from] item: Leftovers\n|-ability|p1a: Espathra|Speed Boost|boost\n|-boost|p1a: Espathra|spe|1\n|upkeep\n|\n|t:|1782735464\n|switch|p2a: Alcremie|Alcremie-Salted-Cream, L90, F|263/263\n|turn|39\n|\n|t:|1782735468\n|move|p1a: Espathra|Stored Power|p2a: Alcremie\n|-damage|p2a: Alcremie|0 fnt\n|faint|p2a: Alcremie\n|\n|-heal|p1a: Espathra|268/283 par|[from] item: Leftovers\n|-ability|p1a: Espathra|Speed Boost|boost\n|-boost|p1a: Espathra|spe|1\n|upkeep\n|-message|Ctannn forfeited.\n|\n|win|I Am The Shaman\n", "inputlog": ">version 3f8ef8cf60cebd2b18892af2794d10415e14a302\n>start {\"formatid\":\"gen9randombattle\",\"seed\":\"sodium,03f4e21ec9525949e57a533517cb69da\",\"rated\":\"Rated battle\"}\n>player p1 {\"name\":\"I Am The Shaman\",\"avatar\":\"169\",\"rating\":2056,\"seed\":\"sodium,80cdb819d475509f7674b1787026310c\"}\n>player p2 {\"name\":\"Ctannn\",\"avatar\":\"102\",\"rating\":2135,\"seed\":\"sodium,ad07e949744d5f596365404b08dc1854\"}\n>p1 move knockoff\n>p2 move tidyup\n>p1 switch 4\n>p2 move doubleedge\n>p1 move lavaplume\n>p2 move brickbreak\n>p1 move recover\n>p2 move brickbreak\n>p1 move recover\n>p2 switch 2\n>p1 move lavaplume\n>p2 move uturn\n>p2 switch 4\n>p1 move lavaplume\n>p2 move discharge\n>p1 move recover\n>p2 move discharge\n>p1 move lavaplume\n>p2 move discharge\n>p1 move recover\n>p2 move discharge\n>p1 move lavaplume\n>p2 move recover\n>p1 move lavaplume\n>p2 move recover\n>p1 move recover\n>p2 move discharge\n>p1 move powergem\n>p2 move recover\n>p1 move powergem\n>p2 move discharge\n>p1 switch 4\n>p2 move recover\n>p1 move uturn\n>p2 move triattack\n>p1 switch 4\n>p1 move recover\n>p2 move recover\n>p1 move powergem\n>p2 move discharge\n>p1 move recover\n>p2 move discharge\n>p1 move powergem\n>p2 move recover\n>p1 move recover\n>p2 move discharge\n>p1 move powergem\n>p2 move discharge\n>p1 switch 5\n>p2 move discharge\n>p1 move closecombat\n>p2 switch 2\n>p2 switch 3\n>p1 switch 5\n>p2 move bugbuzz\n>p1 move powergem\n>p2 move psychic\n>p1 switch 4\n>p1 move uturn\n>p2 move bugbuzz\n>p1 switch 5\n>p1 move knockoff\n>p2 move psychic terastallize\n>p1 switch 5\n>p1 move knockoff\n>p2 switch 2\n>p1 move knockoff\n>p2 move triattack\n>p2 switch 4\n>p1 move knockoff\n>p2 move discharge\n>p1 move suckerpunch\n>p2 move discharge\n>p1 switch 2\n>p1 move protect\n>p2 move dragontail\n>p1 move calmmind terastallize\n>p2 move dragontail\n>p1 move protect\n>p2 move discharge\n>p1 move calmmind\n>p2 move discharge\n>p1 move storedpower\n>p2 switch 6\n>p2 switch 5\n>p1 move storedpower\n>p2 move calmmind\n>forcelose p2", "uploadtime": 1782735079, "views": 8, "formatid": "gen9randombattle", "rating": null, "private": 0, "password": null, "player_dets": [{"name": "I Am The Shaman", "avatar": "169", "rating": 2056, "seed": "sodium,80cdb819d475509f7674b1787026310c"}, {"name": "Ctannn", "avatar": "102", "rating": 2135, "seed": "sodium,ad07e949744d5f596365404b08dc1854"}], "teams_full": [{"Lokix": {"name": "Lokix", "species": "Lokix", "speciesId": "lokix", "gender": "M", "shiny": false, "level": 82, "moves": ["uturn", "firstimpression", "knockoff", "suckerpunch"], "ability": "Tinted Lens", "evs": {"hp": 85, "atk": 85, "def": 85, "spa": 85, "spd": 85, "spe": 85}, "ivs": {"hp": 31, "atk": 31, "def": 31, "spa": 31, "spd": 31, "spe": 31}, "item": "Silver Powder", "teraType": "Bug", "role": "Fast Attacker", "bvs": {"hp": 71, "atk": 102, "def": 78, "spa": 52, "spd": 55, "spe": 92}, "stats": {"hp": 251, "atk": 214, "def": 175, "spa": 132, "spd": 137, "spe": 198}, "types": ["Bug", "Dark"]}, "Espathra": {"name": "Espathra", "species": "Espathra", "speciesId": "espathra", "gender": "F", "shiny": false, "level": 80, "moves": ["storedpower", "calmmind", "protect", "dazzlinggleam"], "ability": "Speed Boost", "evs": {"hp": 85, "atk": 0, "def": 85, "spa": 85, "spd": 85, "spe": 85}, "ivs": {"hp": 31, "atk": 0, "def": 31, "spa": 31, "spd": 31, "spe": 31}, "item": "Leftovers", "teraType": "Fairy", "role": "Fast Bulky Setup", "bvs": {"hp": 95, "atk": 60, "def": 60, "spa": 101, "spd": 60, "spe": 105}, "stats": {"hp": 283, "atk": 101, "def": 142, "spa": 208, "spd": 142, "spe": 214}, "types": ["Psychic"]}, "Barraskewda": {"name": "Barraskewda", "species": "Barraskewda", "speciesId": "barraskewda", "gender": "F", "shiny": false, "level": 81, "moves": ["closecombat", "waterfall", "poisonjab", "flipturn"], "ability": "Swift Swim", "evs": {"hp": 85, "atk": 85, "def": 85, "spa": 85, "spd": 85, "spe": 85}, "ivs": {"hp": 31, "atk": 31, "def": 31, "spa": 31, "spd": 31, "spe": 31}, "item": "Choice Band", "teraType": "Water", "role": "Wallbreaker", "bvs": {"hp": 61, "atk": 123, "def": 60, "spa": 60, "spd": 50, "spe": 136}, "stats": {"hp": 231, "atk": 246, "def": 144, "spa": 144, "spd": 128, "spe": 267}, "types": ["Water"]}, "Magcargo": {"name": "Magcargo", "species": "Magcargo", "speciesId": "magcargo", "gender": "M", "shiny": false, "level": 95, "moves": ["recover", "lavaplume", "powergem", "yawn"], "ability": "Flame Body", "evs": {"hp": 85, "atk": 0, "def": 85, "spa": 85, "spd": 85, "spe": 85}, "ivs": {"hp": 31, "atk": 0, "def": 31, "spa": 31, "spd": 31, "spe": 31}, "item": "Heavy-Duty Boots", "teraType": "Dragon", "role": "Bulky Support", "bvs": {"hp": 60, "atk": 50, "def": 120, "spa": 90, "spd": 80, "spe": 30}, "stats": {"hp": 268, "atk": 100, "def": 282, "spa": 225, "spd": 206, "spe": 111}, "types": ["Fire", "Rock"]}, "Mienshao": {"name": "Mienshao", "species": "Mienshao", "speciesId": "mienshao", "gender": "M", "shiny": false, "level": 83, "moves": ["knockoff", "poisonjab", "closecombat", "swordsdance"], "ability": "Regenerator", "evs": {"hp": 85, "atk": 85, "def": 85, "spa": 85, "spd": 85, "spe": 85}, "ivs": {"hp": 31, "atk": 31, "def": 31, "spa": 31, "spd": 31, "spe": 31}, "item": "Life Orb", "teraType": "Dark", "role": "Setup Sweeper", "bvs": {"hp": 65, "atk": 125, "def": 60, "spa": 95, "spd": 60, "spe": 105}, "stats": {"hp": 244, "atk": 255, "def": 147, "spa": 205, "spd": 147, "spe": 222}, "types": ["Fighting"]}, "Milotic": {"name": "Milotic", "species": "Milotic", "speciesId": "milotic", "gender": "M", "shiny": false, "level": 83, "moves": ["scald", "icebeam", "recover", "dragontail"], "ability": "Competitive", "evs": {"hp": 85, "atk": 85, "def": 85, "spa": 85, "spd": 85, "spe": 85}, "ivs": {"hp": 31, "atk": 31, "def": 31, "spa": 31, "spd": 31, "spe": 31}, "item": "Leftovers", "teraType": "Dragon", "role": "Bulky Attacker", "bvs": {"hp": 95, "atk": 60, "def": 79, "spa": 100, "spd": 125, "spe": 81}, "stats": {"hp": 293, "atk": 147, "def": 179, "spa": 214, "spd": 255, "spe": 182}, "types": ["Water"]}}, {"Furret": {"name": "Furret", "species": "Furret", "speciesId": "furret", "gender": "M", "shiny": false, "level": 94, "moves": ["doubleedge", "brickbreak", "knockoff", "tidyup"], "ability": "Frisk", "evs": {"hp": 85, "atk": 85, "def": 85, "spa": 85, "spd": 85, "spe": 85}, "ivs": {"hp": 31, "atk": 31, "def": 31, "spa": 31, "spd": 31, "spe": 31}, "item": "Life Orb", "teraType": "Ghost", "role": "Setup Sweeper", "bvs": {"hp": 85, "atk": 76, "def": 64, "spa": 45, "spd": 55, "spe": 90}, "stats": {"hp": 312, "atk": 196, "def": 174, "spa": 138, "spd": 157, "spe": 223}, "types": ["Normal"]}, "Eelektross": {"name": "Eelektross", "species": "Eelektross", "speciesId": "eelektross", "gender": "M", "shiny": false, "level": 87, "moves": ["dragontail", "gigadrain", "uturn", "discharge"], "ability": "Levitate", "evs": {"hp": 85, "atk": 85, "def": 85, "spa": 85, "spd": 85, "spe": 85}, "ivs": {"hp": 31, "atk": 31, "def": 31, "spa": 31, "spd": 31, "spe": 31}, "item": "Assault Vest", "teraType": "Steel", "role": "AV Pivot", "bvs": {"hp": 85, "atk": 115, "def": 80, "spa": 105, "spd": 80, "spe": 50}, "stats": {"hp": 290, "atk": 250, "def": 189, "spa": 232, "spd": 189, "spe": 137}, "types": ["Electric"]}, "Rabsca": {"name": "Rabsca", "species": "Rabsca", "speciesId": "rabsca", "gender": "F", "shiny": false, "level": 91, "moves": ["revivalblessing", "bugbuzz", "psychic", "recover"], "ability": "Synchronize", "evs": {"hp": 85, "atk": 0, "def": 85, "spa": 85, "spd": 85, "spe": 85}, "ivs": {"hp": 31, "atk": 0, "def": 31, "spa": 31, "spd": 31, "spe": 31}, "item": "Heavy-Duty Boots", "teraType": "Steel", "role": "Wallbreaker", "bvs": {"hp": 75, "atk": 50, "def": 85, "spa": 115, "spd": 100, "spe": 45}, "stats": {"hp": 284, "atk": 96, "def": 207, "spa": 261, "spd": 234, "spe": 134}, "types": ["Bug", "Psychic"]}, "Porygon2": {"name": "Porygon2", "species": "Porygon2", "speciesId": "porygon2", "gender": "N", "shiny": false, "level": 81, "moves": ["icebeam", "discharge", "recover", "triattack"], "ability": "Download", "evs": {"hp": 85, "atk": 0, "def": 85, "spa": 85, "spd": 85, "spe": 85}, "ivs": {"hp": 31, "atk": 0, "def": 31, "spa": 31, "spd": 31, "spe": 31}, "item": "Eviolite", "teraType": "Ghost", "role": "Bulky Support", "bvs": {"hp": 85, "atk": 80, "def": 90, "spa": 105, "spd": 95, "spe": 60}, "stats": {"hp": 270, "atk": 134, "def": 192, "spa": 217, "spd": 201, "spe": 144}, "types": ["Normal"]}, "Alcremie": {"name": "Alcremie", "species": "Alcremie-Salted-Cream", "speciesId": "alcremie", "gender": "F", "shiny": false, "level": 90, "moves": ["recover", "calmmind", "alluringvoice", "terablast"], "ability": "Aroma Veil", "evs": {"hp": 85, "atk": 0, "def": 85, "spa": 85, "spd": 85, "spe": 85}, "ivs": {"hp": 31, "atk": 0, "def": 31, "spa": 31, "spd": 31, "spe": 31}, "item": "Leftovers", "teraType": "Ground", "role": "Tera Blast user", "bvs": {"hp": 65, "atk": 60, "def": 75, "spa": 110, "spd": 121, "spe": 64}, "stats": {"hp": 263, "atk": 113, "def": 186, "spa": 249, "spd": 269, "spe": 167}, "types": ["Fairy"]}, "Torterra": {"name": "Torterra", "species": "Torterra", "speciesId": "torterra", "gender": "M", "shiny": false, "level": 78, "moves": ["headlongrush", "bulletseed", "rockblast", "shellsmash"], "ability": "Overgrow", "evs": {"hp": 85, "atk": 85, "def": 85, "spa": 85, "spd": 85, "spe": 85}, "ivs": {"hp": 31, "atk": 31, "def": 31, "spa": 31, "spd": 31, "spe": 31}, "item": "Loaded Dice", "teraType": "Rock", "role": "Setup Sweeper", "bvs": {"hp": 95, "atk": 109, "def": 105, "spa": 75, "spd": 85, "spe": 56}, "stats": {"hp": 276, "atk": 215, "def": 209, "spa": 162, "spd": 178, "spe": 132}, "types": ["Grass", "Ground"]}}]}