{"id": "gen9randombattle-2641467889", "format": "[Gen 9] Random Battle", "players": ["Obaidelphox", "Pitt2022"], "log": "|j|\u2606Obaidelphox\n|j|\u2606Pitt2022\n|t:|1782789424\n|gametype|singles\n|player|p1|Obaidelphox|266|1938\n|player|p2|Pitt2022|gentleman-gen4|1965\n|gen|9\n|tier|[Gen 9] Random Battle\n|rated|\n|rule|Species Clause: Limit one of each Pok\u00e9mon\n|rule|HP Percentage Mod: HP is shown in percentages\n|rule|Sleep Clause Mod: Limit one foe put to sleep\n|rule|Illusion Level Mod: Illusion disguises the Pok\u00e9mon's true level\n|\n|t:|1782789424\n|teamsize|p1|6\n|teamsize|p2|6\n|start\n|switch|p1a: Gyarados|Gyarados, L79, F|280/280\n|switch|p2a: Ogerpon|Ogerpon-Cornerstone, L76, F|247/247\n|turn|1\n|inactive|Battle timer is ON: inactive players will automatically lose when time's up. (requested by Pitt2022)\n|\n|t:|1782789460\n|switch|p1a: Bellibolt|Bellibolt, L84, F|320/320\n|move|p2a: Ogerpon|Ivy Cudgel|p1a: Bellibolt|[anim] Ivy Cudgel Rock\n|-damage|p1a: Bellibolt|202/320\n|-start|p1a: Bellibolt|Charge|Ivy Cudgel|[from] ability: Electromorphosis\n|\n|-heal|p1a: Bellibolt|222/320|[from] item: Leftovers\n|upkeep\n|turn|2\n|\n|t:|1782789477\n|move|p2a: Ogerpon|Ivy Cudgel|p1a: Bellibolt|[anim] Ivy Cudgel Rock\n|-damage|p1a: Bellibolt|110/320\n|-start|p1a: Bellibolt|Charge|Ivy Cudgel|[from] ability: Electromorphosis\n|move|p1a: Bellibolt|Toxic|p2a: Ogerpon|[miss]\n|-miss|p1a: Bellibolt|p2a: Ogerpon\n|\n|-heal|p1a: Bellibolt|130/320|[from] item: Leftovers\n|upkeep\n|turn|3\n|inactive|Obaidelphox has 120 seconds left.\n|inactive|Obaidelphox has 90 seconds left.\n|\n|t:|1782789559\n|move|p2a: Ogerpon|Ivy Cudgel|p1a: Bellibolt|[anim] Ivy Cudgel Rock\n|-damage|p1a: Bellibolt|1/320\n|-start|p1a: Bellibolt|Charge|Ivy Cudgel|[from] ability: Electromorphosis\n|move|p1a: Bellibolt|Slack Off|p1a: Bellibolt\n|-heal|p1a: Bellibolt|161/320\n|\n|-heal|p1a: Bellibolt|181/320|[from] item: Leftovers\n|upkeep\n|turn|4\n|\n|t:|1782789574\n|move|p2a: Ogerpon|Ivy Cudgel|p1a: Bellibolt|[anim] Ivy Cudgel Rock\n|-damage|p1a: Bellibolt|52/320\n|-start|p1a: Bellibolt|Charge|Ivy Cudgel|[from] ability: Electromorphosis\n|move|p1a: Bellibolt|Slack Off|p1a: Bellibolt\n|-heal|p1a: Bellibolt|212/320\n|\n|-heal|p1a: Bellibolt|232/320|[from] item: Leftovers\n|upkeep\n|turn|5\n|\n|t:|1782789585\n|move|p2a: Ogerpon|Ivy Cudgel|p1a: Bellibolt|[anim] Ivy Cudgel Rock\n|-damage|p1a: Bellibolt|103/320\n|-start|p1a: Bellibolt|Charge|Ivy Cudgel|[from] ability: Electromorphosis\n|move|p1a: Bellibolt|Slack Off|p1a: Bellibolt\n|-heal|p1a: Bellibolt|263/320\n|\n|-heal|p1a: Bellibolt|283/320|[from] item: Leftovers\n|upkeep\n|turn|6\n|\n|t:|1782789599\n|switch|p2a: Victreebel|Victreebel, L90, F|290/290\n|move|p1a: Bellibolt|Toxic|p2a: Victreebel\n|-immune|p2a: Victreebel\n|\n|-heal|p1a: Bellibolt|303/320|[from] item: Leftovers\n|upkeep\n|turn|7\n|inactive|Obaidelphox has 90 seconds left.\n|inactive|Obaidelphox has 60 seconds left.\n|\n|t:|1782789642\n|switch|p1a: Bombirdier|Bombirdier, L85, F|258/258\n|move|p2a: Victreebel|Swords Dance|p2a: Victreebel\n|-boost|p2a: Victreebel|atk|2\n|\n|upkeep\n|turn|8\n|\n|t:|1782789667\n|move|p1a: Bombirdier|Brave Bird|p2a: Victreebel\n|-supereffective|p2a: Victreebel\n|-damage|p2a: Victreebel|0 fnt\n|faint|p2a: Victreebel\n|-damage|p1a: Bombirdier|162/258|[from] Recoil\n|\n|upkeep\n|\n|t:|1782789673\n|switch|p2a: Ogerpon|Ogerpon-Cornerstone, L76, F|247/247\n|turn|9\n|\n|t:|1782789683\n|switch|p1a: Bellibolt|Bellibolt, L84, F|303/320\n|move|p2a: Ogerpon|Ivy Cudgel|p1a: Bellibolt|[anim] Ivy Cudgel Rock\n|-crit|p1a: Bellibolt\n|-damage|p1a: Bellibolt|132/320\n|-start|p1a: Bellibolt|Charge|Ivy Cudgel|[from] ability: Electromorphosis\n|\n|-heal|p1a: Bellibolt|152/320|[from] item: Leftovers\n|upkeep\n|turn|10\n|\n|t:|1782789692\n|move|p2a: Ogerpon|Power Whip|p1a: Bellibolt|[miss]\n|-miss|p2a: Ogerpon|p1a: Bellibolt\n|move|p1a: Bellibolt|Toxic|p2a: Ogerpon\n|-status|p2a: Ogerpon|tox\n|\n|-heal|p1a: Bellibolt|172/320|[from] item: Leftovers\n|-damage|p2a: Ogerpon|232/247 tox|[from] psn\n|upkeep\n|turn|11\n|\n|t:|1782789719\n|switch|p1a: Mabosstiff|Mabosstiff, L86, F|278/278\n|move|p2a: Ogerpon|Ivy Cudgel|p1a: Mabosstiff|[anim] Ivy Cudgel Rock\n|-damage|p1a: Mabosstiff|161/278\n|\n|-damage|p2a: Ogerpon|202/247 tox|[from] psn\n|upkeep\n|turn|12\n|\n|t:|1782789728\n|move|p1a: Mabosstiff|Crunch|p2a: Ogerpon\n|-damage|p2a: Ogerpon|84/247 tox\n|-unboost|p2a: Ogerpon|def|1\n|move|p2a: Ogerpon|Superpower|p1a: Mabosstiff\n|-supereffective|p1a: Mabosstiff\n|-damage|p1a: Mabosstiff|0 fnt\n|-unboost|p2a: Ogerpon|atk|1\n|-unboost|p2a: Ogerpon|def|1\n|faint|p1a: Mabosstiff\n|\n|-damage|p2a: Ogerpon|39/247 tox|[from] psn\n|upkeep\n|\n|t:|1782789738\n|switch|p1a: Smeargle|Smeargle, L95, M|258/258\n|turn|13\n|\n|t:|1782789743\n|switch|p2a: Cryogonal|Cryogonal, L89|287/287\n|move|p1a: Smeargle|Sticky Web|p2a: Cryogonal\n|-sidestart|p2: Pitt2022|move: Sticky Web\n|\n|upkeep\n|turn|14\n|\n|t:|1782789762\n|-terastallize|p1a: Smeargle|Ghost\n|move|p2a: Cryogonal|Ice Beam|p1a: Smeargle\n|-damage|p1a: Smeargle|114/258\n|-status|p1a: Smeargle|frz\n|-curestatus|p1a: Smeargle|frz|[msg]\n|move|p1a: Smeargle|Spore|p2a: Cryogonal\n|-status|p2a: Cryogonal|slp|[from] move: Spore\n|\n|upkeep\n|turn|15\n|\n|t:|1782789772\n|switch|p1a: Bombirdier|Bombirdier, L85, F|162/258\n|cant|p2a: Cryogonal|slp\n|\n|upkeep\n|turn|16\n|\n|t:|1782789777\n|cant|p2a: Cryogonal|slp\n|move|p1a: Bombirdier|Stone Edge|p2a: Cryogonal\n|-supereffective|p2a: Cryogonal\n|-damage|p2a: Cryogonal|0 fnt\n|faint|p2a: Cryogonal\n|\n|upkeep\n|\n|t:|1782789794\n|switch|p2a: Ogerpon|Ogerpon-Cornerstone, L76, F|39/247 tox\n|-activate|p2a: Ogerpon|move: Sticky Web\n|-unboost|p2a: Ogerpon|spe|1\n|turn|17\n|c|\u2606Pitt2022|every single rng against me\n|inactive|Obaidelphox has 90 seconds left.\n|-message|Pitt2022 forfeited.\n|\n|win|Obaidelphox\n", "inputlog": ">version f8ac14003a5f27e1bdc8d8c59608a773c1cb96e5\n>start {\"formatid\":\"gen9randombattle\",\"seed\":\"sodium,9eea5e46a171e216b409261b55269a2b\",\"rated\":\"Rated battle\"}\n>player p1 {\"name\":\"Obaidelphox\",\"avatar\":\"266\",\"rating\":1938,\"seed\":\"sodium,de856d5975a723fdb0487d26f7e9cf30\"}\n>player p2 {\"name\":\"Pitt2022\",\"avatar\":\"gentleman-gen4\",\"rating\":1965,\"seed\":\"sodium,233218a9d9f9be84692bdd88c7451ee3\"}\n>p1 switch 3\n>p2 move ivycudgel\n>p1 move toxic\n>p2 move ivycudgel\n>p1 move slackoff\n>p2 move ivycudgel\n>p1 move slackoff\n>p2 move ivycudgel\n>p1 move slackoff\n>p2 move ivycudgel\n>p1 move toxic\n>p2 switch 4\n>p1 switch 5\n>p2 move swordsdance\n>p1 move bravebird\n>p2 move poisonjab\n>p2 switch 4\n>p1 switch 5\n>p2 move ivycudgel\n>p1 move toxic\n>p2 move powerwhip\n>p1 switch 4\n>p2 move ivycudgel\n>p1 move crunch\n>p2 move superpower\n>p1 switch 2\n>p1 move stickyweb\n>p2 switch 2\n>p1 move spore terastallize\n>p2 move icebeam\n>p1 switch 5\n>p2 move icebeam\n>p1 move stoneedge\n>p2 move icebeam\n>p2 switch 2\n>chat \u2606Pitt2022|every single rng against me\n>forcelose p2", "uploadtime": 1782789426, "views": 3, "formatid": "gen9randombattle", "rating": null, "private": 0, "password": null, "player_dets": [{"name": "Obaidelphox", "avatar": "266", "rating": 1938, "seed": "sodium,de856d5975a723fdb0487d26f7e9cf30"}, {"name": "Pitt2022", "avatar": "gentleman-gen4", "rating": 1965, "seed": "sodium,233218a9d9f9be84692bdd88c7451ee3"}], "teams_full": [{"Gyarados": {"name": "Gyarados", "species": "Gyarados", "speciesId": "gyarados", "gender": "F", "shiny": false, "level": 79, "moves": ["earthquake", "terablast", "dragondance", "waterfall"], "ability": "Moxie", "evs": {"hp": 85, "atk": 85, "def": 85, "spa": 85, "spd": 85, "spe": 85}, "ivs": {"hp": 31, "atk": 31, "def": 31, "spa": 31, "spd": 31, "spe": 31}, "item": "Heavy-Duty Boots", "teraType": "Flying", "role": "Tera Blast user", "bvs": {"hp": 95, "atk": 125, "def": 79, "spa": 60, "spd": 100, "spe": 81}, "stats": {"hp": 280, "atk": 243, "def": 170, "spa": 140, "spd": 204, "spe": 174}, "types": ["Water", "Flying"]}, "Smeargle": {"name": "Smeargle", "species": "Smeargle", "speciesId": "smeargle", "gender": "M", "shiny": false, "level": 95, "moves": ["spore", "ceaselessedge", "stealthrock", "stickyweb"], "ability": "Own Tempo", "evs": {"hp": 85, "atk": 85, "def": 85, "spa": 85, "spd": 85, "spe": 85}, "ivs": {"hp": 31, "atk": 31, "def": 31, "spa": 31, "spd": 31, "spe": 31}, "item": "Focus Sash", "teraType": "Ghost", "role": "Fast Support", "bvs": {"hp": 55, "atk": 20, "def": 35, "spa": 20, "spd": 45, "spe": 75}, "stats": {"hp": 258, "atk": 92, "def": 120, "spa": 92, "spd": 139, "spe": 196}, "types": ["Normal"]}, "Bellibolt": {"name": "Bellibolt", "species": "Bellibolt", "speciesId": "bellibolt", "gender": "F", "shiny": false, "level": 84, "moves": ["thunderbolt", "slackoff", "toxic", "muddywater"], "ability": "Electromorphosis", "evs": {"hp": 85, "atk": 0, "def": 85, "spa": 85, "spd": 85, "spe": 85}, "ivs": {"hp": 31, "atk": 0, "def": 31, "spa": 31, "spd": 31, "spe": 31}, "item": "Leftovers", "teraType": "Water", "role": "Bulky Attacker", "bvs": {"hp": 109, "atk": 64, "def": 91, "spa": 103, "spd": 83, "spe": 45}, "stats": {"hp": 320, "atk": 112, "def": 201, "spa": 221, "spd": 188, "spe": 124}, "types": ["Electric"]}, "Mabosstiff": {"name": "Mabosstiff", "species": "Mabosstiff", "speciesId": "mabosstiff", "gender": "F", "shiny": false, "level": 86, "moves": ["wildcharge", "playrough", "psychicfangs", "crunch"], "ability": "Stakeout", "evs": {"hp": 85, "atk": 85, "def": 85, "spa": 85, "spd": 85, "spe": 85}, "ivs": {"hp": 31, "atk": 31, "def": 31, "spa": 31, "spd": 31, "spe": 31}, "item": "Choice Scarf", "teraType": "Fairy", "role": "Bulky Attacker", "bvs": {"hp": 80, "atk": 120, "def": 90, "spa": 60, "spd": 70, "spe": 85}, "stats": {"hp": 278, "atk": 256, "def": 204, "spa": 152, "spd": 170, "spe": 195}, "types": ["Dark"]}, "Bombirdier": {"name": "Bombirdier", "species": "Bombirdier", "speciesId": "bombirdier", "gender": "F", "shiny": false, "level": 85, "moves": ["stoneedge", "suckerpunch", "bravebird", "knockoff"], "ability": "Rocky Payload", "evs": {"hp": 85, "atk": 85, "def": 85, "spa": 85, "spd": 85, "spe": 85}, "ivs": {"hp": 31, "atk": 31, "def": 31, "spa": 31, "spd": 31, "spe": 31}, "item": "Choice Band", "teraType": "Rock", "role": "Fast Attacker", "bvs": {"hp": 70, "atk": 103, "def": 85, "spa": 60, "spd": 85, "spe": 82}, "stats": {"hp": 258, "atk": 224, "def": 193, "spa": 151, "spd": 193, "spe": 188}, "types": ["Flying", "Dark"]}, "Garchomp": {"name": "Garchomp", "species": "Garchomp", "speciesId": "garchomp", "gender": "F", "shiny": false, "level": 74, "moves": ["dragontail", "outrage", "spikes", "earthquake"], "ability": "Rough Skin", "evs": {"hp": 85, "atk": 85, "def": 85, "spa": 85, "spd": 85, "spe": 85}, "ivs": {"hp": 31, "atk": 31, "def": 31, "spa": 31, "spd": 31, "spe": 31}, "item": "Rocky Helmet", "teraType": "Ground", "role": "Fast Support", "bvs": {"hp": 108, "atk": 130, "def": 95, "spa": 80, "spd": 85, "spe": 102}, "stats": {"hp": 282, "atk": 235, "def": 184, "spa": 161, "spd": 169, "spe": 194}, "types": ["Dragon", "Ground"]}}, {"Ogerpon": {"name": "Ogerpon", "species": "Ogerpon-Cornerstone", "speciesId": "ogerponcornerstone", "gender": "F", "shiny": false, "level": 76, "moves": ["ivycudgel", "superpower", "powerwhip", "synthesis"], "ability": "Sturdy", "evs": {"hp": 85, "atk": 85, "def": 85, "spa": 85, "spd": 85, "spe": 85}, "ivs": {"hp": 31, "atk": 31, "def": 31, "spa": 31, "spd": 31, "spe": 31}, "item": "Cornerstone Mask", "teraType": "Rock", "role": "Bulky Attacker", "bvs": {"hp": 80, "atk": 120, "def": 84, "spa": 60, "spd": 96, "spe": 110}, "stats": {"hp": 247, "atk": 226, "def": 172, "spa": 135, "spd": 190, "spe": 211}, "types": ["Grass", "Rock"]}, "Cryogonal": {"name": "Cryogonal", "species": "Cryogonal", "speciesId": "cryogonal", "gender": "N", "shiny": false, "level": 89, "moves": ["recover", "terablast", "rapidspin", "icebeam"], "ability": "Levitate", "evs": {"hp": 85, "atk": 85, "def": 85, "spa": 85, "spd": 85, "spe": 85}, "ivs": {"hp": 31, "atk": 31, "def": 31, "spa": 31, "spd": 31, "spe": 31}, "item": "Heavy-Duty Boots", "teraType": "Electric", "role": "Tera Blast user", "bvs": {"hp": 80, "atk": 50, "def": 50, "spa": 95, "spd": 135, "spe": 105}, "stats": {"hp": 287, "atk": 140, "def": 140, "spa": 220, "spd": 291, "spe": 238}, "types": ["Ice"]}, "Regidrago": {"name": "Regidrago", "species": "Regidrago", "speciesId": "regidrago", "gender": "N", "shiny": false, "level": 77, "moves": ["dragonenergy", "earthquake", "outrage", "dracometeor"], "ability": "Dragon's Maw", "evs": {"hp": 85, "atk": 85, "def": 85, "spa": 85, "spd": 85, "spe": 85}, "ivs": {"hp": 31, "atk": 31, "def": 31, "spa": 31, "spd": 31, "spe": 31}, "item": "Choice Scarf", "teraType": "Dragon", "role": "Fast Attacker", "bvs": {"hp": 200, "atk": 100, "def": 50, "spa": 100, "spd": 50, "spe": 80}, "stats": {"hp": 435, "atk": 199, "def": 122, "spa": 199, "spd": 122, "spe": 168}, "types": ["Dragon"]}, "Victreebel": {"name": "Victreebel", "species": "Victreebel", "speciesId": "victreebel", "gender": "F", "shiny": false, "level": 90, "moves": ["suckerpunch", "swordsdance", "powerwhip", "poisonjab"], "ability": "Chlorophyll", "evs": {"hp": 85, "atk": 85, "def": 85, "spa": 85, "spd": 85, "spe": 85}, "ivs": {"hp": 31, "atk": 31, "def": 31, "spa": 31, "spd": 31, "spe": 31}, "item": "Life Orb", "teraType": "Grass", "role": "Setup Sweeper", "bvs": {"hp": 80, "atk": 105, "def": 65, "spa": 100, "spd": 70, "spe": 70}, "stats": {"hp": 290, "atk": 240, "def": 168, "spa": 231, "spd": 177, "spe": 177}, "types": ["Grass", "Poison"]}, "Lumineon": {"name": "Lumineon", "species": "Lumineon", "speciesId": "lumineon", "gender": "M", "shiny": false, "level": 93, "moves": ["uturn", "encore", "icebeam", "hydropump"], "ability": "Storm Drain", "evs": {"hp": 85, "atk": 85, "def": 85, "spa": 85, "spd": 85, "spe": 85}, "ivs": {"hp": 31, "atk": 31, "def": 31, "spa": 31, "spd": 31, "spe": 31}, "item": "Heavy-Duty Boots", "teraType": "Fire", "role": "Fast Support", "bvs": {"hp": 69, "atk": 69, "def": 76, "spa": 69, "spd": 86, "spe": 91}, "stats": {"hp": 279, "atk": 181, "def": 194, "spa": 181, "spd": 213, "spe": 222}, "types": ["Water"]}, "Scrafty": {"name": "Scrafty", "species": "Scrafty", "speciesId": "scrafty", "gender": "M", "shiny": false, "level": 83, "moves": ["drainpunch", "knockoff", "dragondance", "poisonjab"], "ability": "Intimidate", "evs": {"hp": 85, "atk": 85, "def": 85, "spa": 85, "spd": 85, "spe": 85}, "ivs": {"hp": 31, "atk": 31, "def": 31, "spa": 31, "spd": 31, "spe": 31}, "item": "Leftovers", "teraType": "Poison", "role": "Bulky Attacker", "bvs": {"hp": 65, "atk": 90, "def": 115, "spa": 45, "spd": 115, "spe": 58}, "stats": {"hp": 244, "atk": 197, "def": 239, "spa": 122, "spd": 239, "spe": 144}, "types": ["Dark", "Fighting"]}}]}