{"id": "gen9randombattle-2641445577", "format": "[Gen 9] Random Battle", "players": ["Pkmn Sleep Pro", "notmetbh102"], "log": "|j|\u2606Pkmn Sleep Pro\n|j|\u2606notmetbh102\n|t:|1782785904\n|gametype|singles\n|player|p1|Pkmn Sleep Pro|102|2275\n|player|p2|notmetbh102|2|2258\n|gen|9\n|tier|[Gen 9] Random Battle\n|rated|\n|rule|Species Clause: Limit one of each Pok\u00e9mon\n|rule|HP Percentage Mod: HP is shown in percentages\n|rule|Sleep Clause Mod: Limit one foe put to sleep\n|rule|Illusion Level Mod: Illusion disguises the Pok\u00e9mon's true level\n|\n|t:|1782785904\n|teamsize|p1|6\n|teamsize|p2|6\n|start\n|switch|p1a: Dunsparce|Dunsparce, L86, F|312/312\n|switch|p2a: Mamoswine|Mamoswine, L81, M|311/311\n|turn|1\n|inactive|Battle timer is ON: inactive players will automatically lose when time's up. (requested by notmetbh102)\n|c|\u2606notmetbh102|hf\n|\n|t:|1782785914\n|switch|p1a: Whiscash|Whiscash, L88, F|337/337\n|move|p2a: Mamoswine|Icicle Crash|p1a: Whiscash|[miss]\n|-miss|p2a: Mamoswine|p1a: Whiscash\n|\n|upkeep\n|turn|2\n|\n|t:|1782785917\n|move|p2a: Mamoswine|Icicle Crash|p1a: Whiscash|[miss]\n|-miss|p2a: Mamoswine|p1a: Whiscash\n|move|p1a: Whiscash|Stealth Rock|p2a: Mamoswine\n|-sidestart|p2: notmetbh102|move: Stealth Rock\n|\n|upkeep\n|turn|3\n|\n|t:|1782785922\n|move|p2a: Mamoswine|Icicle Crash|p1a: Whiscash\n|-damage|p1a: Whiscash|177/337\n|move|p1a: Whiscash|Hydro Pump|p2a: Mamoswine\n|-supereffective|p2a: Mamoswine\n|-damage|p2a: Mamoswine|35/311\n|\n|-heal|p1a: Whiscash|198/337|[from] item: Leftovers\n|upkeep\n|turn|4\n|\n|t:|1782785930\n|switch|p1a: Coalossal|Coalossal, L89, F|341/341\n|move|p2a: Mamoswine|Icicle Crash|p1a: Coalossal\n|-resisted|p1a: Coalossal\n|-damage|p1a: Coalossal|278/341\n|\n|upkeep\n|turn|5\n|\n|t:|1782785936\n|move|p2a: Mamoswine|Icicle Crash|p1a: Coalossal\n|-resisted|p1a: Coalossal\n|-damage|p1a: Coalossal|221/341\n|move|p1a: Coalossal|Spikes|p2a: Mamoswine\n|-sidestart|p2: notmetbh102|Spikes\n|\n|upkeep\n|turn|6\n|\n|t:|1782785939\n|move|p2a: Mamoswine|Icicle Crash|p1a: Coalossal\n|-resisted|p1a: Coalossal\n|-damage|p1a: Coalossal|160/341\n|cant|p1a: Coalossal|flinch\n|\n|upkeep\n|turn|7\n|\n|t:|1782785951\n|move|p2a: Mamoswine|Icicle Crash|p1a: Coalossal\n|-resisted|p1a: Coalossal\n|-damage|p1a: Coalossal|105/341\n|move|p1a: Coalossal|Spikes|p2a: Mamoswine\n|-sidestart|p2: notmetbh102|Spikes\n|\n|upkeep\n|turn|8\n|\n|t:|1782785955\n|move|p2a: Mamoswine|Icicle Crash|p1a: Coalossal\n|-resisted|p1a: Coalossal\n|-damage|p1a: Coalossal|48/341\n|move|p1a: Coalossal|Flamethrower|p2a: Mamoswine\n|-supereffective|p2a: Mamoswine\n|-damage|p2a: Mamoswine|0 fnt\n|faint|p2a: Mamoswine\n|\n|upkeep\n|\n|t:|1782785956\n|switch|p2a: Terrakion|Terrakion, L79|273/273\n|-damage|p2a: Terrakion|256/273|[from] Stealth Rock\n|-damage|p2a: Terrakion|211/273|[from] Spikes\n|turn|9\n|\n|t:|1782785977\n|move|p2a: Terrakion|Stone Edge|p1a: Coalossal\n|-supereffective|p1a: Coalossal\n|-damage|p1a: Coalossal|0 fnt\n|faint|p1a: Coalossal\n|\n|upkeep\n|\n|t:|1782785981\n|switch|p1a: Solgaleo|Solgaleo, L74|325/325\n|turn|10\n|\n|t:|1782785984\n|switch|p2a: Exeggutor|Exeggutor, L89, F|312/312\n|-damage|p2a: Exeggutor|273/312|[from] Stealth Rock\n|-damage|p2a: Exeggutor|221/312|[from] Spikes\n|move|p1a: Solgaleo|Teleport|p1a: Solgaleo\n|\n|t:|1782785991\n|switch|p1a: Electivire|Electivire, L84, M|263/263|[from] Teleport\n|\n|upkeep\n|turn|11\n|\n|t:|1782785997\n|move|p1a: Electivire|Ice Punch|p2a: Exeggutor\n|-supereffective|p2a: Exeggutor\n|-damage|p2a: Exeggutor|68/312\n|-enditem|p2a: Exeggutor|Sitrus Berry|[eat]\n|-heal|p2a: Exeggutor|146/312|[from] item: Sitrus Berry\n|-damage|p1a: Electivire|237/263|[from] item: Life Orb\n|move|p2a: Exeggutor|Psychic Noise|p1a: Electivire\n|-damage|p1a: Electivire|128/263\n|-start|p1a: Electivire|move: Heal Block\n|\n|upkeep\n|turn|12\n|\n|t:|1782786003\n|move|p1a: Electivire|Ice Punch|p2a: Exeggutor\n|-supereffective|p2a: Exeggutor\n|-damage|p2a: Exeggutor|0 fnt\n|faint|p2a: Exeggutor\n|-damage|p1a: Electivire|102/263|[from] item: Life Orb\n|\n|-end|p1a: Electivire|move: Heal Block\n|upkeep\n|\n|t:|1782786003\n|switch|p2a: Terrakion|Terrakion, L79|211/273\n|-damage|p2a: Terrakion|194/273|[from] Stealth Rock\n|-damage|p2a: Terrakion|149/273|[from] Spikes\n|turn|13\n|\n|t:|1782786014\n|move|p2a: Terrakion|Earthquake|p1a: Electivire\n|-supereffective|p1a: Electivire\n|-damage|p1a: Electivire|0 fnt\n|faint|p1a: Electivire\n|\n|upkeep\n|\n|t:|1782786017\n|switch|p1a: Sawsbuck|Sawsbuck-Summer, L88, F|284/284\n|turn|14\n|\n|t:|1782786020\n|move|p1a: Sawsbuck|Swords Dance|p1a: Sawsbuck\n|-boost|p1a: Sawsbuck|atk|2\n|move|p2a: Terrakion|Earthquake|p1a: Sawsbuck\n|-resisted|p1a: Sawsbuck\n|-damage|p1a: Sawsbuck|223/284\n|\n|upkeep\n|turn|15\n|\n|t:|1782786029\n|switch|p2a: Arceus|Arceus-Bug, L73|295/295\n|-damage|p2a: Arceus|222/295|[from] Stealth Rock\n|-damage|p2a: Arceus|173/295|[from] Spikes\n|move|p1a: Sawsbuck|Swords Dance|p1a: Sawsbuck\n|-boost|p1a: Sawsbuck|atk|2\n|\n|upkeep\n|turn|16\n|\n|t:|1782786033\n|move|p2a: Arceus|Judgment|p1a: Sawsbuck\n|-supereffective|p1a: Sawsbuck\n|-damage|p1a: Sawsbuck|0 fnt\n|faint|p1a: Sawsbuck\n|\n|upkeep\n|\n|t:|1782786050\n|switch|p1a: Dunsparce|Dunsparce, L86, F|312/312\n|turn|17\n|\n|t:|1782786054\n|move|p2a: Arceus|Calm Mind|p2a: Arceus\n|-boost|p2a: Arceus|spa|1\n|-boost|p2a: Arceus|spd|1\n|move|p1a: Dunsparce|Body Slam|p2a: Arceus\n|-damage|p2a: Arceus|103/295\n|-status|p2a: Arceus|par\n|\n|upkeep\n|turn|18\n|\n|t:|1782786057\n|move|p1a: Dunsparce|Coil|p1a: Dunsparce\n|-boost|p1a: Dunsparce|atk|1\n|-boost|p1a: Dunsparce|def|1\n|-boost|p1a: Dunsparce|accuracy|1\n|cant|p2a: Arceus|par\n|\n|upkeep\n|turn|19\n|\n|t:|1782786064\n|move|p1a: Dunsparce|Coil|p1a: Dunsparce\n|-boost|p1a: Dunsparce|atk|1\n|-boost|p1a: Dunsparce|def|1\n|-boost|p1a: Dunsparce|accuracy|1\n|move|p2a: Arceus|Calm Mind|p2a: Arceus\n|-boost|p2a: Arceus|spa|1\n|-boost|p2a: Arceus|spd|1\n|\n|upkeep\n|turn|20\n|\n|t:|1782786067\n|move|p1a: Dunsparce|Body Slam|p2a: Arceus\n|-damage|p2a: Arceus|0 fnt\n|faint|p2a: Arceus\n|\n|upkeep\n|\n|t:|1782786068\n|switch|p2a: Sneasler|Sneasler, L74, M|240/240\n|-damage|p2a: Sneasler|225/240|[from] Stealth Rock\n|-damage|p2a: Sneasler|185/240|[from] Spikes\n|turn|21\n|\n|t:|1782786074\n|-terastallize|p1a: Dunsparce|Ghost\n|move|p2a: Sneasler|Swords Dance|p2a: Sneasler\n|-boost|p2a: Sneasler|atk|2\n|move|p1a: Dunsparce|Body Slam|p2a: Sneasler\n|-damage|p2a: Sneasler|0 fnt\n|faint|p2a: Sneasler\n|\n|upkeep\n|\n|t:|1782786075\n|switch|p2a: Krookodile|Krookodile, L79, M|280/280\n|-damage|p2a: Krookodile|263/280|[from] Stealth Rock\n|-damage|p2a: Krookodile|217/280|[from] Spikes\n|-ability|p2a: Krookodile|Intimidate|boost\n|-unboost|p1a: Dunsparce|atk|1\n|turn|22\n|\n|t:|1782786078\n|move|p2a: Krookodile|Knock Off|p1a: Dunsparce\n|-supereffective|p1a: Dunsparce\n|-damage|p1a: Dunsparce|178/312\n|-enditem|p1a: Dunsparce|Eviolite|[from] move: Knock Off|[of] p2a: Krookodile\n|move|p1a: Dunsparce|Body Slam|p2a: Krookodile\n|-damage|p2a: Krookodile|93/280\n|-status|p2a: Krookodile|par\n|\n|upkeep\n|turn|23\n|\n|t:|1782786081\n|switch|p2a: Terrakion|Terrakion, L79|149/273\n|-damage|p2a: Terrakion|132/273|[from] Stealth Rock\n|-damage|p2a: Terrakion|87/273|[from] Spikes\n|move|p1a: Dunsparce|Roost|p1a: Dunsparce\n|-heal|p1a: Dunsparce|312/312\n|\n|upkeep\n|turn|24\n|\n|t:|1782786085\n|move|p2a: Terrakion|Stone Edge|p1a: Dunsparce\n|-damage|p1a: Dunsparce|212/312\n|move|p1a: Dunsparce|Earthquake|p2a: Terrakion\n|-supereffective|p2a: Terrakion\n|-damage|p2a: Terrakion|0 fnt\n|faint|p2a: Terrakion\n|\n|upkeep\n|\n|t:|1782786086\n|switch|p2a: Krookodile|Krookodile, L79, M|93/280 par\n|-damage|p2a: Krookodile|76/280 par|[from] Stealth Rock\n|-damage|p2a: Krookodile|30/280 par|[from] Spikes\n|-ability|p2a: Krookodile|Intimidate|boost\n|-unboost|p1a: Dunsparce|atk|1\n|turn|25\n|\n|t:|1782786089\n|-terastallize|p2a: Krookodile|Poison\n|move|p1a: Dunsparce|Body Slam|p2a: Krookodile\n|-damage|p2a: Krookodile|0 fnt\n|faint|p2a: Krookodile\n|\n|win|Pkmn Sleep Pro\n|raw|Pkmn Sleep Pro's rating: 2275 &rarr; <strong>2294</strong><br />(+19 for winning)\n|raw|notmetbh102's rating: 2258 &rarr; <strong>2239</strong><br />(-19 for losing)\n|c|\u2606notmetbh102|gg\n", "inputlog": ">version f8ac14003a5f27e1bdc8d8c59608a773c1cb96e5\n>start {\"formatid\":\"gen9randombattle\",\"seed\":\"sodium,c649f228d3fb1954bf596b8b4dee32bd\",\"rated\":\"Rated battle\"}\n>player p1 {\"name\":\"Pkmn Sleep Pro\",\"avatar\":\"102\",\"rating\":2275,\"seed\":\"sodium,fa709b1b75777bf545e57b26cda06c08\"}\n>player p2 {\"name\":\"notmetbh102\",\"avatar\":\"2\",\"rating\":2258,\"seed\":\"sodium,e9702ad3a3c1ae0a04b305aae3099462\"}\n>chat \u2606notmetbh102|hf\n>p1 switch 6\n>p2 move iciclecrash\n>p1 move stealthrock\n>p2 move iciclecrash\n>p1 move hydropump\n>p2 move iciclecrash\n>p1 switch 2\n>p2 move iciclecrash\n>p1 move spikes\n>p2 move iciclecrash\n>p1 move spikes\n>p2 move iciclecrash\n>p1 move spikes\n>p2 move iciclecrash\n>p1 move flamethrower\n>p2 move iciclecrash\n>p2 switch 4\n>p1 move flamethrower\n>p2 move stoneedge\n>p1 switch 5\n>p1 move teleport\n>p2 switch 6\n>p1 switch 3\n>p1 move icepunch\n>p2 move psychicnoise\n>p1 move icepunch\n>p2 move leechseed\n>p2 switch 6\n>p1 move earthquake\n>p2 move earthquake\n>p1 switch 4\n>p1 move swordsdance\n>p2 move earthquake\n>p1 move swordsdance\n>p2 switch 5\n>p1 move headbutt\n>p2 move judgment\n>p1 switch 6\n>p1 move bodyslam\n>p2 move calmmind\n>p1 move coil\n>p2 move judgment\n>p1 move coil\n>p2 move calmmind\n>p1 move bodyslam\n>p2 move recover\n>p2 switch 2\n>p1 move bodyslam terastallize\n>p2 move swordsdance\n>p2 switch 3\n>p1 move bodyslam\n>p2 move knockoff\n>p1 move roost\n>p2 switch 5\n>p1 move earthquake\n>p2 move stoneedge\n>p2 switch 5\n>p1 move bodyslam\n>p2 move gunkshot terastallize", "uploadtime": 1782785907, "views": 9, "formatid": "gen9randombattle", "rating": 2239, "private": 0, "password": null, "player_dets": [{"name": "Pkmn Sleep Pro", "avatar": "102", "rating": 2275, "seed": "sodium,fa709b1b75777bf545e57b26cda06c08"}, {"name": "notmetbh102", "avatar": "2", "rating": 2258, "seed": "sodium,e9702ad3a3c1ae0a04b305aae3099462"}], "teams_full": [{"Dunsparce": {"name": "Dunsparce", "species": "Dunsparce", "speciesId": "dunsparce", "gender": "F", "shiny": false, "level": 86, "moves": ["roost", "coil", "bodyslam", "earthquake"], "ability": "Serene Grace", "evs": {"hp": 85, "atk": 85, "def": 85, "spa": 85, "spd": 85, "spe": 85}, "ivs": {"hp": 31, "atk": 31, "def": 31, "spa": 31, "spd": 31, "spe": 31}, "item": "Eviolite", "teraType": "Ghost", "role": "Bulky Setup", "bvs": {"hp": 100, "atk": 70, "def": 70, "spa": 65, "spd": 65, "spe": 45}, "stats": {"hp": 312, "atk": 170, "def": 170, "spa": 161, "spd": 161, "spe": 127}, "types": ["Normal"]}, "Coalossal": {"name": "Coalossal", "species": "Coalossal", "speciesId": "coalossal", "gender": "F", "shiny": false, "level": 89, "moves": ["rapidspin", "flamethrower", "spikes", "stoneedge"], "ability": "Flame Body", "evs": {"hp": 85, "atk": 85, "def": 85, "spa": 85, "spd": 85, "spe": 85}, "ivs": {"hp": 31, "atk": 31, "def": 31, "spa": 31, "spd": 31, "spe": 31}, "item": "Heavy-Duty Boots", "teraType": "Ghost", "role": "Bulky Support", "bvs": {"hp": 110, "atk": 80, "def": 120, "spa": 80, "spd": 90, "spe": 30}, "stats": {"hp": 341, "atk": 193, "def": 264, "spa": 193, "spd": 211, "spe": 104}, "types": ["Rock", "Fire"]}, "Electivire": {"name": "Electivire", "species": "Electivire", "speciesId": "electivire", "gender": "M", "shiny": false, "level": 84, "moves": ["supercellslam", "earthquake", "voltswitch", "icepunch"], "ability": "Motor Drive", "evs": {"hp": 85, "atk": 85, "def": 85, "spa": 85, "spd": 85, "spe": 85}, "ivs": {"hp": 31, "atk": 31, "def": 31, "spa": 31, "spd": 31, "spe": 31}, "item": "Life Orb", "teraType": "Ground", "role": "Fast Attacker", "bvs": {"hp": 75, "atk": 123, "def": 67, "spa": 95, "spd": 85, "spe": 95}, "stats": {"hp": 263, "atk": 255, "def": 161, "spa": 208, "spd": 191, "spe": 208}, "types": ["Electric"]}, "Sawsbuck": {"name": "Sawsbuck", "species": "Sawsbuck-Summer", "speciesId": "sawsbuck", "gender": "F", "shiny": false, "level": 88, "moves": ["swordsdance", "headbutt", "highhorsepower", "hornleech"], "ability": "Serene Grace", "evs": {"hp": 85, "atk": 85, "def": 85, "spa": 85, "spd": 85, "spe": 85}, "ivs": {"hp": 31, "atk": 31, "def": 31, "spa": 31, "spd": 31, "spe": 31}, "item": "Life Orb", "teraType": "Normal", "role": "Fast Attacker", "bvs": {"hp": 80, "atk": 100, "def": 70, "spa": 60, "spd": 70, "spe": 95}, "stats": {"hp": 284, "atk": 226, "def": 173, "spa": 156, "spd": 173, "spe": 217}, "types": ["Normal", "Grass"]}, "Solgaleo": {"name": "Solgaleo", "species": "Solgaleo", "speciesId": "solgaleo", "gender": "N", "shiny": false, "level": 74, "moves": ["sunsteelstrike", "teleport", "morningsun", "psychicfangs"], "ability": "Full Metal Body", "evs": {"hp": 85, "atk": 85, "def": 85, "spa": 85, "spd": 85, "spe": 85}, "ivs": {"hp": 31, "atk": 31, "def": 31, "spa": 31, "spd": 31, "spe": 31}, "item": "Rocky Helmet", "teraType": "Water", "role": "Bulky Attacker", "bvs": {"hp": 137, "atk": 137, "def": 107, "spa": 113, "spd": 89, "spe": 97}, "stats": {"hp": 325, "atk": 246, "def": 201, "spa": 210, "spd": 175, "spe": 187}, "types": ["Psychic", "Steel"]}, "Whiscash": {"name": "Whiscash", "species": "Whiscash", "speciesId": "whiscash", "gender": "F", "shiny": false, "level": 88, "moves": ["icebeam", "stealthrock", "earthquake", "hydropump"], "ability": "Oblivious", "evs": {"hp": 85, "atk": 85, "def": 85, "spa": 85, "spd": 85, "spe": 85}, "ivs": {"hp": 31, "atk": 31, "def": 31, "spa": 31, "spd": 31, "spe": 31}, "item": "Leftovers", "teraType": "Steel", "role": "Bulky Support", "bvs": {"hp": 110, "atk": 78, "def": 73, "spa": 76, "spd": 71, "spe": 60}, "stats": {"hp": 337, "atk": 188, "def": 179, "spa": 184, "spd": 175, "spe": 156}, "types": ["Water", "Ground"]}}, {"Mamoswine": {"name": "Mamoswine", "species": "Mamoswine", "speciesId": "mamoswine", "gender": "M", "shiny": false, "level": 81, "moves": ["earthquake", "iciclecrash", "iceshard", "knockoff"], "ability": "Thick Fat", "evs": {"hp": 85, "atk": 85, "def": 85, "spa": 85, "spd": 85, "spe": 85}, "ivs": {"hp": 31, "atk": 31, "def": 31, "spa": 31, "spd": 31, "spe": 31}, "item": "Choice Band", "teraType": "Ice", "role": "Wallbreaker", "bvs": {"hp": 110, "atk": 130, "def": 80, "spa": 70, "spd": 60, "spe": 80}, "stats": {"hp": 311, "atk": 257, "def": 176, "spa": 160, "spd": 144, "spe": 176}, "types": ["Ice", "Ground"]}, "Sneasler": {"name": "Sneasler", "species": "Sneasler", "speciesId": "sneasler", "gender": "M", "shiny": false, "level": 74, "moves": ["gunkshot", "swordsdance", "acrobatics", "closecombat"], "ability": "Unburden", "evs": {"hp": 85, "atk": 85, "def": 85, "spa": 85, "spd": 85, "spe": 85}, "ivs": {"hp": 31, "atk": 31, "def": 31, "spa": 31, "spd": 31, "spe": 31}, "item": "White Herb", "teraType": "Flying", "role": "Setup Sweeper", "bvs": {"hp": 80, "atk": 130, "def": 60, "spa": 40, "spd": 80, "spe": 120}, "stats": {"hp": 240, "atk": 235, "def": 132, "spa": 102, "spd": 161, "spe": 221}, "types": ["Fighting", "Poison"]}, "Krookodile": {"name": "Krookodile", "species": "Krookodile", "speciesId": "krookodile", "gender": "M", "shiny": false, "level": 79, "moves": ["gunkshot", "knockoff", "earthquake", "stoneedge"], "ability": "Intimidate", "evs": {"hp": 85, "atk": 85, "def": 85, "spa": 85, "spd": 85, "spe": 85}, "ivs": {"hp": 31, "atk": 31, "def": 31, "spa": 31, "spd": 31, "spe": 31}, "item": "Choice Band", "teraType": "Poison", "role": "Fast Attacker", "bvs": {"hp": 95, "atk": 117, "def": 80, "spa": 65, "spd": 70, "spe": 92}, "stats": {"hp": 280, "atk": 230, "def": 172, "spa": 148, "spd": 156, "spe": 191}, "types": ["Ground", "Dark"]}, "Terrakion": {"name": "Terrakion", "species": "Terrakion", "speciesId": "terrakion", "gender": "N", "shiny": false, "level": 79, "moves": ["stoneedge", "earthquake", "quickattack", "closecombat"], "ability": "Justified", "evs": {"hp": 85, "atk": 85, "def": 85, "spa": 85, "spd": 85, "spe": 85}, "ivs": {"hp": 31, "atk": 31, "def": 31, "spa": 31, "spd": 31, "spe": 31}, "item": "Choice Band", "teraType": "Fighting", "role": "Wallbreaker", "bvs": {"hp": 91, "atk": 129, "def": 90, "spa": 72, "spd": 90, "spe": 108}, "stats": {"hp": 273, "atk": 249, "def": 188, "spa": 159, "spd": 188, "spe": 216}, "types": ["Rock", "Fighting"]}, "Arceus": {"name": "Arceus", "species": "Arceus-Bug", "speciesId": "arceusbug", "gender": "N", "shiny": false, "level": 73, "moves": ["fireblast", "recover", "calmmind", "judgment"], "ability": "Multitype", "evs": {"hp": 81, "atk": 0, "def": 85, "spa": 85, "spd": 85, "spe": 85}, "ivs": {"hp": 31, "atk": 0, "def": 31, "spa": 31, "spd": 31, "spe": 31}, "item": "Insect Plate", "teraType": "Fire", "role": "Bulky Setup", "bvs": {"hp": 120, "atk": 120, "def": 120, "spa": 120, "spd": 120, "spe": 120}, "stats": {"hp": 295, "atk": 180, "def": 218, "spa": 218, "spd": 218, "spe": 218}, "types": ["Bug"]}, "Exeggutor": {"name": "Exeggutor", "species": "Exeggutor", "speciesId": "exeggutor", "gender": "F", "shiny": false, "level": 89, "moves": ["substitute", "leechseed", "psychicnoise", "protect"], "ability": "Harvest", "evs": {"hp": 77, "atk": 0, "def": 85, "spa": 85, "spd": 85, "spe": 85}, "ivs": {"hp": 31, "atk": 0, "def": 31, "spa": 31, "spd": 31, "spe": 31}, "item": "Sitrus Berry", "teraType": "Steel", "role": "Bulky Attacker", "bvs": {"hp": 95, "atk": 95, "def": 85, "spa": 125, "spd": 75, "spe": 55}, "stats": {"hp": 312, "atk": 174, "def": 202, "spa": 273, "spd": 184, "spe": 149}, "types": ["Grass", "Psychic"]}}]}