{"id": "gen9randombattle-2641096231", "format": "[Gen 9] Random Battle", "players": ["FTAOCHAPHET", "ChadInteleonUser"], "log": "|j|\u2606FTAOCHAPHET\n|j|\u2606ChadInteleonUser\n|t:|1782739847\n|gametype|singles\n|player|p1|FTAOCHAPHET|102|2217\n|player|p2|ChadInteleonUser|wallace|2185\n|gen|9\n|tier|[Gen 9] Random Battle\n|rated|\n|rule|Species Clause: Limit one of each Pok\u00e9mon\n|rule|HP Percentage Mod: HP is shown in percentages\n|rule|Sleep Clause Mod: Limit one foe put to sleep\n|rule|Illusion Level Mod: Illusion disguises the Pok\u00e9mon's true level\n|\n|t:|1782739847\n|teamsize|p1|6\n|teamsize|p2|6\n|start\n|switch|p1a: Vivillon|Vivillon-Tundra, L83, F|268/268\n|switch|p2a: Staraptor|Staraptor, L79, M|263/263\n|turn|1\n|inactive|Battle timer is ON: inactive players will automatically lose when time's up. (requested by ChadInteleonUser)\n|\n|t:|1782739861\n|switch|p1a: Pachirisu|Pachirisu, L96, F|271/271\n|move|p2a: Staraptor|Brave Bird|p1a: Pachirisu\n|-resisted|p1a: Pachirisu\n|-damage|p1a: Pachirisu|142/271\n|-damage|p2a: Staraptor|220/263|[from] Recoil\n|\n|upkeep\n|turn|2\n|\n|t:|1782739869\n|switch|p2a: Palossand|Palossand, L89, F|296/296\n|move|p1a: Pachirisu|U-turn|p2a: Palossand\n|-resisted|p2a: Palossand\n|-damage|p2a: Palossand|282/296\n|\n|t:|1782739876\n|switch|p1a: Vivillon|Vivillon-Tundra, L83, F|268/268|[from] U-turn\n|\n|-heal|p2a: Palossand|296/296|[from] item: Leftovers\n|upkeep\n|turn|3\n|\n|t:|1782739903\n|move|p1a: Vivillon|Quiver Dance|p1a: Vivillon\n|-boost|p1a: Vivillon|spa|1\n|-boost|p1a: Vivillon|spd|1\n|-boost|p1a: Vivillon|spe|1\n|move|p2a: Palossand|Stealth Rock|p1a: Vivillon\n|-sidestart|p1: FTAOCHAPHET|move: Stealth Rock\n|\n|upkeep\n|turn|4\n|\n|t:|1782739912\n|switch|p2a: Fezandipiti|Fezandipiti, L82, M|278/278\n|move|p1a: Vivillon|Hurricane|p2a: Fezandipiti\n|-damage|p2a: Fezandipiti|151/278\n|\n|-heal|p2a: Fezandipiti|168/278|[from] item: Leftovers\n|upkeep\n|turn|5\n|\n|t:|1782739917\n|move|p1a: Vivillon|Sleep Powder|p2a: Fezandipiti\n|-status|p2a: Fezandipiti|slp|[from] move: Sleep Powder\n|cant|p2a: Fezandipiti|slp\n|\n|-heal|p2a: Fezandipiti|185/278 slp|[from] item: Leftovers\n|upkeep\n|turn|6\n|\n|t:|1782739927\n|switch|p2a: Avalugg|Avalugg-Hisui, L90, M|317/317\n|move|p1a: Vivillon|Quiver Dance|p1a: Vivillon\n|-boost|p1a: Vivillon|spa|1\n|-boost|p1a: Vivillon|spd|1\n|-boost|p1a: Vivillon|spe|1\n|\n|upkeep\n|turn|7\n|\n|t:|1782739935\n|-terastallize|p1a: Vivillon|Steel\n|move|p1a: Vivillon|Bug Buzz|p2a: Avalugg\n|-damage|p2a: Avalugg|19/317\n|move|p2a: Avalugg|Avalanche|p1a: Vivillon\n|-resisted|p1a: Vivillon\n|-damage|p1a: Vivillon|123/268\n|\n|upkeep\n|turn|8\n|\n|t:|1782739942\n|move|p1a: Vivillon|Bug Buzz|p2a: Avalugg\n|-damage|p2a: Avalugg|0 fnt\n|faint|p2a: Avalugg\n|\n|upkeep\n|\n|t:|1782739947\n|switch|p2a: Ursaluna|Ursaluna-Bloodmoon, L79, M|308/308\n|turn|9\n|\n|t:|1782739950\n|move|p1a: Vivillon|Hurricane|p2a: Ursaluna\n|-damage|p2a: Ursaluna|7/308\n|-start|p2a: Ursaluna|confusion\n|-activate|p2a: Ursaluna|confusion\n|move|p2a: Ursaluna|Earth Power|p1a: Vivillon\n|-supereffective|p1a: Vivillon\n|-crit|p1a: Vivillon\n|-damage|p1a: Vivillon|0 fnt\n|faint|p1a: Vivillon\n|\n|-heal|p2a: Ursaluna|26/308|[from] item: Leftovers\n|upkeep\n|\n|t:|1782739959\n|switch|p1a: Uxie|Uxie, L83|260/260\n|-damage|p1a: Uxie|228/260|[from] Stealth Rock\n|turn|10\n|\n|t:|1782739964\n|switch|p2a: Palossand|Palossand, L89, F|296/296\n|move|p1a: Uxie|Psychic Noise|p2a: Palossand\n|-damage|p2a: Palossand|229/296\n|-start|p2a: Palossand|move: Heal Block\n|\n|-heal|p1a: Uxie|244/260|[from] item: Leftovers\n|upkeep\n|turn|11\n|\n|t:|1782739968\n|move|p1a: Uxie|Psychic Noise|p2a: Palossand\n|-damage|p2a: Palossand|157/296\n|move|p2a: Palossand|Shadow Ball|p1a: Uxie\n|-supereffective|p1a: Uxie\n|-damage|p1a: Uxie|110/260\n|\n|-heal|p1a: Uxie|126/260|[from] item: Leftovers\n|-end|p2a: Palossand|move: Heal Block\n|upkeep\n|turn|12\n|\n|t:|1782739972\n|move|p1a: Uxie|Psychic Noise|p2a: Palossand\n|-damage|p2a: Palossand|87/296\n|-start|p2a: Palossand|move: Heal Block\n|move|p2a: Palossand|Shadow Ball|p1a: Uxie\n|-supereffective|p1a: Uxie\n|-damage|p1a: Uxie|0 fnt\n|faint|p1a: Uxie\n|\n|upkeep\n|\n|t:|1782739981\n|switch|p1a: Rabsca|Rabsca, L91, F|284/284\n|turn|13\n|\n|t:|1782739986\n|move|p1a: Rabsca|Psychic|p2a: Palossand\n|-damage|p2a: Palossand|0 fnt\n|faint|p2a: Palossand\n|\n|upkeep\n|\n|t:|1782739988\n|switch|p2a: Staraptor|Staraptor, L79, M|220/263\n|turn|14\n|\n|t:|1782739993\n|switch|p1a: Pachirisu|Pachirisu, L96, F|142/271\n|move|p2a: Staraptor|Brave Bird|p1a: Pachirisu\n|-resisted|p1a: Pachirisu\n|-damage|p1a: Pachirisu|11/271\n|-damage|p2a: Staraptor|177/263|[from] Recoil\n|\n|upkeep\n|turn|15\n|\n|t:|1782739997\n|switch|p2a: Fezandipiti|Fezandipiti, L82, M|185/278 slp\n|move|p1a: Pachirisu|Discharge|p2a: Fezandipiti\n|-damage|p2a: Fezandipiti|133/278 slp\n|\n|-heal|p2a: Fezandipiti|150/278 slp|[from] item: Leftovers\n|upkeep\n|turn|16\n|\n|t:|1782740000\n|move|p1a: Pachirisu|U-turn|p2a: Fezandipiti\n|-resisted|p2a: Fezandipiti\n|-damage|p2a: Fezandipiti|140/278 slp\n|\n|t:|1782740002\n|switch|p1a: Rabsca|Rabsca, L91, F|284/284|[from] U-turn\n|-curestatus|p2a: Fezandipiti|slp|[msg]\n|move|p2a: Fezandipiti|Roost|p2a: Fezandipiti\n|-heal|p2a: Fezandipiti|278/278\n|-singleturn|p2a: Fezandipiti|move: Roost\n|\n|upkeep\n|turn|17\n|\n|t:|1782740008\n|switch|p2a: Staraptor|Staraptor, L79, M|177/263\n|move|p1a: Rabsca|Revival Blessing|p1a: Rabsca\n|\n|t:|1782740012\n|-heal|p1: Vivillon|134/268|[from] move: Revival Blessing\n|\n|upkeep\n|turn|18\n|\n|t:|1782740016\n|switch|p1a: Sableye|Sableye, L88, M|231/231\n|-damage|p1a: Sableye|203/231|[from] Stealth Rock\n|move|p2a: Staraptor|Brave Bird|p1a: Sableye\n|-crit|p1a: Sableye\n|-damage|p1a: Sableye|0 fnt\n|faint|p1a: Sableye\n|-damage|p2a: Staraptor|110/263|[from] Recoil\n|\n|upkeep\n|\n|t:|1782740018\n|switch|p1a: Pachirisu|Pachirisu, L96, F|11/271\n|turn|19\n|\n|t:|1782740022\n|switch|p2a: Fezandipiti|Fezandipiti, L82, M|278/278\n|move|p1a: Pachirisu|Discharge|p2a: Fezandipiti\n|-damage|p2a: Fezandipiti|232/278\n|\n|-heal|p2a: Fezandipiti|249/278|[from] item: Leftovers\n|upkeep\n|turn|20\n|\n|t:|1782740027\n|move|p1a: Pachirisu|Discharge|p2a: Fezandipiti\n|-damage|p2a: Fezandipiti|203/278\n|-status|p2a: Fezandipiti|par\n|move|p2a: Fezandipiti|Moonblast|p1a: Pachirisu\n|-damage|p1a: Pachirisu|0 fnt\n|faint|p1a: Pachirisu\n|\n|-heal|p2a: Fezandipiti|220/278 par|[from] item: Leftovers\n|upkeep\n|\n|t:|1782740031\n|switch|p1a: Vivillon|Vivillon-Tundra, L83, F|134/268\n|turn|21\n|\n|t:|1782740034\n|move|p1a: Vivillon|Quiver Dance|p1a: Vivillon\n|-boost|p1a: Vivillon|spa|1\n|-boost|p1a: Vivillon|spd|1\n|-boost|p1a: Vivillon|spe|1\n|move|p2a: Fezandipiti|Gunk Shot|p1a: Vivillon|[miss]\n|-miss|p2a: Fezandipiti|p1a: Vivillon\n|\n|-heal|p2a: Fezandipiti|237/278 par|[from] item: Leftovers\n|upkeep\n|turn|22\n|\n|t:|1782740039\n|move|p1a: Vivillon|Hurricane|p2a: Fezandipiti\n|-damage|p2a: Fezandipiti|108/278 par\n|move|p2a: Fezandipiti|Gunk Shot|p1a: Vivillon\n|-damage|p1a: Vivillon|0 fnt\n|faint|p1a: Vivillon\n|\n|-heal|p2a: Fezandipiti|125/278 par|[from] item: Leftovers\n|upkeep\n|\n|t:|1782740043\n|switch|p1a: Arcanine|Arcanine-Hisui, L79, M|279/279\n|-damage|p1a: Arcanine|210/279|[from] Stealth Rock\n|turn|23\n|c|\u2606ChadInteleonUser|gg\n|\n|t:|1782740050\n|switch|p2a: Ursaluna|Ursaluna-Bloodmoon, L79, M|26/308\n|move|p1a: Arcanine|Flare Blitz|p2a: Ursaluna\n|-damage|p2a: Ursaluna|0 fnt\n|faint|p2a: Ursaluna\n|\n|upkeep\n|\n|t:|1782740054\n|switch|p2a: Staraptor|Staraptor, L79, M|110/263\n|turn|24\n|\n|t:|1782740057\n|switch|p1a: Rabsca|Rabsca, L91, F|284/284\n|move|p2a: Staraptor|Close Combat|p1a: Rabsca\n|-resisted|p1a: Rabsca\n|-damage|p1a: Rabsca|251/284\n|-unboost|p2a: Staraptor|def|1\n|-unboost|p2a: Staraptor|spd|1\n|\n|upkeep\n|turn|25\n|\n|t:|1782740062\n|switch|p2a: Fezandipiti|Fezandipiti, L82, M|125/278 par\n|move|p1a: Rabsca|Psychic|p2a: Fezandipiti\n|-supereffective|p2a: Fezandipiti\n|-damage|p2a: Fezandipiti|0 fnt\n|faint|p2a: Fezandipiti\n|\n|upkeep\n|\n|t:|1782740065\n|switch|p2a: Staraptor|Staraptor, L79, M|110/263\n|turn|26\n|\n|t:|1782740071\n|switch|p1a: Arcanine|Arcanine-Hisui, L79, M|210/279\n|-damage|p1a: Arcanine|141/279|[from] Stealth Rock\n|move|p2a: Staraptor|U-turn|p1a: Arcanine\n|-resisted|p1a: Arcanine\n|-damage|p1a: Arcanine|100/279\n|\n|t:|1782740074\n|switch|p2a: Chimecho|Chimecho, L93, F|290/290|[from] U-turn\n|\n|upkeep\n|turn|27\n|\n|t:|1782740078\n|move|p1a: Arcanine|Head Smash|p2a: Chimecho\n|-damage|p2a: Chimecho|56/290\n|move|p2a: Chimecho|Psyshock|p1a: Arcanine\n|-damage|p1a: Arcanine|0 fnt\n|faint|p1a: Arcanine\n|\n|-heal|p2a: Chimecho|74/290|[from] item: Leftovers\n|upkeep\n|\n|t:|1782740080\n|switch|p1a: Rabsca|Rabsca, L91, F|251/284\n|turn|28\n|-message|FTAOCHAPHET forfeited.\n|\n|win|ChadInteleonUser\n", "inputlog": ">version f8ac14003a5f27e1bdc8d8c59608a773c1cb96e5\n>start {\"formatid\":\"gen9randombattle\",\"seed\":\"sodium,9c146b2b550e9fc191f34f2b21910223\",\"rated\":\"Rated battle\"}\n>player p1 {\"name\":\"FTAOCHAPHET\",\"avatar\":\"102\",\"rating\":2217,\"seed\":\"sodium,42872e3c0b734d4d1cf6e8a4cbbf135a\"}\n>player p2 {\"name\":\"ChadInteleonUser\",\"avatar\":\"wallace\",\"rating\":2185,\"seed\":\"sodium,d33a8b54766dfed83364ae767dae9cc9\"}\n>p1 switch 2\n>p2 move bravebird\n>p1 move uturn\n>p2 switch 4\n>p1 switch 2\n>p1 move quiverdance\n>p2 move stealthrock\n>p1 move hurricane\n>p2 switch 6\n>p1 move sleeppowder\n>p2 move beatup\n>p1 move quiverdance\n>p2 switch 5\n>p1 move bugbuzz terastallize\n>p2 move avalanche\n>p1 move bugbuzz\n>p2 move recover\n>p2 switch 3\n>p1 move hurricane\n>p2 move earthpower\n>p1 switch 6\n>p1 move psychicnoise\n>p2 switch 6\n>p1 move psychicnoise\n>p2 move shadowball\n>p1 move psychicnoise\n>p2 move shadowball\n>p1 switch 3\n>p1 move psychic\n>p2 move shadowball\n>p2 switch 4\n>p1 switch 2\n>p2 move bravebird\n>p1 move discharge\n>p2 switch 5\n>p1 move uturn\n>p2 move roost\n>p1 switch 2\n>p1 move revivalblessing\n>p2 switch 5\n>p1 switch 6\n>p1 switch 5\n>p2 move bravebird\n>p1 switch 2\n>p1 move discharge\n>p2 switch 5\n>p1 move discharge\n>p2 move moonblast\n>p1 switch 6\n>p1 move quiverdance\n>p2 move gunkshot\n>p1 move hurricane\n>p2 move gunkshot\n>p1 switch 4\n>chat \u2606ChadInteleonUser|gg\n>p1 move flareblitz\n>p2 switch 6\n>p2 switch 5\n>p1 switch 5\n>p2 move closecombat\n>p1 move psychic\n>p2 switch 6\n>p2 switch 6\n>p1 switch 5\n>p2 move uturn\n>p2 switch 2\n>p1 move headsmash\n>p2 move psyshock\n>p1 switch 5\n>forcelose p1", "uploadtime": 1782739849, "views": 5, "formatid": "gen9randombattle", "rating": null, "private": 0, "password": null, "player_dets": [{"name": "FTAOCHAPHET", "avatar": "102", "rating": 2217, "seed": "sodium,42872e3c0b734d4d1cf6e8a4cbbf135a"}, {"name": "ChadInteleonUser", "avatar": "wallace", "rating": 2185, "seed": "sodium,d33a8b54766dfed83364ae767dae9cc9"}], "teams_full": [{"Vivillon": {"name": "Vivillon", "species": "Vivillon-Tundra", "speciesId": "vivillon", "gender": "F", "shiny": false, "level": 83, "moves": ["quiverdance", "hurricane", "sleeppowder", "bugbuzz"], "ability": "Compound Eyes", "evs": {"hp": 85, "atk": 0, "def": 85, "spa": 85, "spd": 85, "spe": 85}, "ivs": {"hp": 31, "atk": 0, "def": 31, "spa": 31, "spd": 31, "spe": 31}, "item": "Heavy-Duty Boots", "teraType": "Steel", "role": "Fast Bulky Setup", "bvs": {"hp": 80, "atk": 52, "def": 50, "spa": 90, "spd": 50, "spe": 89}, "stats": {"hp": 268, "atk": 91, "def": 131, "spa": 197, "spd": 131, "spe": 195}, "types": ["Bug", "Flying"]}, "Pachirisu": {"name": "Pachirisu", "species": "Pachirisu", "speciesId": "pachirisu", "gender": "F", "shiny": false, "level": 96, "moves": ["superfang", "encore", "uturn", "discharge"], "ability": "Volt Absorb", "evs": {"hp": 85, "atk": 85, "def": 85, "spa": 85, "spd": 85, "spe": 85}, "ivs": {"hp": 31, "atk": 31, "def": 31, "spa": 31, "spd": 31, "spe": 31}, "item": "Heavy-Duty Boots", "teraType": "Flying", "role": "Fast Support", "bvs": {"hp": 60, "atk": 45, "def": 70, "spa": 45, "spd": 90, "spe": 95}, "stats": {"hp": 271, "atk": 141, "def": 189, "spa": 141, "spd": 227, "spe": 237}, "types": ["Electric"]}, "Rabsca": {"name": "Rabsca", "species": "Rabsca", "speciesId": "rabsca", "gender": "F", "shiny": false, "level": 91, "moves": ["bugbuzz", "revivalblessing", "recover", "psychic"], "ability": "Synchronize", "evs": {"hp": 85, "atk": 0, "def": 85, "spa": 85, "spd": 85, "spe": 85}, "ivs": {"hp": 31, "atk": 0, "def": 31, "spa": 31, "spd": 31, "spe": 31}, "item": "Heavy-Duty Boots", "teraType": "Steel", "role": "Wallbreaker", "bvs": {"hp": 75, "atk": 50, "def": 85, "spa": 115, "spd": 100, "spe": 45}, "stats": {"hp": 284, "atk": 96, "def": 207, "spa": 261, "spd": 234, "spe": 134}, "types": ["Bug", "Psychic"]}, "Arcanine": {"name": "Arcanine", "species": "Arcanine-Hisui", "speciesId": "arcaninehisui", "gender": "M", "shiny": false, "level": 79, "moves": ["extremespeed", "flareblitz", "closecombat", "headsmash"], "ability": "Rock Head", "evs": {"hp": 81, "atk": 85, "def": 85, "spa": 85, "spd": 85, "spe": 85}, "ivs": {"hp": 31, "atk": 31, "def": 31, "spa": 31, "spd": 31, "spe": 31}, "item": "Choice Band", "teraType": "Normal", "role": "Fast Attacker", "bvs": {"hp": 95, "atk": 115, "def": 80, "spa": 95, "spd": 80, "spe": 90}, "stats": {"hp": 279, "atk": 227, "def": 172, "spa": 196, "spd": 172, "spe": 188}, "types": ["Fire", "Rock"]}, "Sableye": {"name": "Sableye", "species": "Sableye", "speciesId": "sableye", "gender": "M", "shiny": false, "level": 88, "moves": ["knockoff", "encore", "willowisp", "recover"], "ability": "Prankster", "evs": {"hp": 85, "atk": 85, "def": 85, "spa": 85, "spd": 85, "spe": 85}, "ivs": {"hp": 31, "atk": 31, "def": 31, "spa": 31, "spd": 31, "spe": 31}, "item": "Leftovers", "teraType": "Steel", "role": "Bulky Support", "bvs": {"hp": 50, "atk": 75, "def": 75, "spa": 65, "spd": 65, "spe": 50}, "stats": {"hp": 231, "atk": 182, "def": 182, "spa": 165, "spd": 165, "spe": 138}, "types": ["Dark", "Ghost"]}, "Uxie": {"name": "Uxie", "species": "Uxie", "speciesId": "uxie", "gender": "N", "shiny": false, "level": 83, "moves": ["uturn", "encore", "thunderwave", "psychicnoise"], "ability": "Levitate", "evs": {"hp": 85, "atk": 85, "def": 85, "spa": 85, "spd": 85, "spe": 85}, "ivs": {"hp": 31, "atk": 31, "def": 31, "spa": 31, "spd": 31, "spe": 31}, "item": "Leftovers", "teraType": "Dark", "role": "Bulky Support", "bvs": {"hp": 75, "atk": 75, "def": 130, "spa": 75, "spd": 130, "spe": 95}, "stats": {"hp": 260, "atk": 172, "def": 263, "spa": 172, "spd": 263, "spe": 205}, "types": ["Psychic"]}}, {"Staraptor": {"name": "Staraptor", "species": "Staraptor", "speciesId": "staraptor", "gender": "M", "shiny": false, "level": 79, "moves": ["uturn", "closecombat", "doubleedge", "bravebird"], "ability": "Reckless", "evs": {"hp": 81, "atk": 85, "def": 85, "spa": 85, "spd": 85, "spe": 85}, "ivs": {"hp": 31, "atk": 31, "def": 31, "spa": 31, "spd": 31, "spe": 31}, "item": "Choice Band", "teraType": "Fighting", "role": "Fast Attacker", "bvs": {"hp": 85, "atk": 120, "def": 70, "spa": 50, "spd": 60, "spe": 100}, "stats": {"hp": 263, "atk": 235, "def": 156, "spa": 125, "spd": 140, "spe": 204}, "types": ["Normal", "Flying"]}, "Chimecho": {"name": "Chimecho", "species": "Chimecho", "speciesId": "chimecho", "gender": "F", "shiny": false, "level": 93, "moves": ["recover", "calmmind", "psyshock", "dazzlinggleam"], "ability": "Levitate", "evs": {"hp": 85, "atk": 0, "def": 85, "spa": 85, "spd": 85, "spe": 85}, "ivs": {"hp": 31, "atk": 0, "def": 31, "spa": 31, "spd": 31, "spe": 31}, "item": "Leftovers", "teraType": "Poison", "role": "Bulky Setup", "bvs": {"hp": 75, "atk": 50, "def": 80, "spa": 95, "spd": 90, "spe": 65}, "stats": {"hp": 290, "atk": 98, "def": 202, "spa": 230, "spd": 220, "spe": 174}, "types": ["Psychic"]}, "Ursaluna": {"name": "Ursaluna", "species": "Ursaluna-Bloodmoon", "speciesId": "ursalunabloodmoon", "gender": "M", "shiny": false, "level": 79, "moves": ["bloodmoon", "calmmind", "moonlight", "earthpower"], "ability": "Mind's Eye", "evs": {"hp": 85, "atk": 0, "def": 85, "spa": 85, "spd": 85, "spe": 85}, "ivs": {"hp": 31, "atk": 0, "def": 31, "spa": 31, "spd": 31, "spe": 31}, "item": "Leftovers", "teraType": "Poison", "role": "Bulky Attacker", "bvs": {"hp": 113, "atk": 70, "def": 120, "spa": 135, "spd": 65, "spe": 52}, "stats": {"hp": 308, "atk": 115, "def": 235, "spa": 259, "spd": 148, "spe": 128}, "types": ["Ground", "Normal"]}, "Palossand": {"name": "Palossand", "species": "Palossand", "speciesId": "palossand", "gender": "F", "shiny": false, "level": 89, "moves": ["shoreup", "shadowball", "stealthrock", "earthpower"], "ability": "Water Compaction", "evs": {"hp": 85, "atk": 0, "def": 85, "spa": 85, "spd": 85, "spe": 85}, "ivs": {"hp": 31, "atk": 0, "def": 31, "spa": 31, "spd": 31, "spe": 31}, "item": "Leftovers", "teraType": "Poison", "role": "Bulky Support", "bvs": {"hp": 85, "atk": 75, "def": 110, "spa": 100, "spd": 75, "spe": 35}, "stats": {"hp": 296, "atk": 138, "def": 247, "spa": 229, "spd": 184, "spe": 113}, "types": ["Ghost", "Ground"]}, "Avalugg": {"name": "Avalugg", "species": "Avalugg-Hisui", "speciesId": "avalugghisui", "gender": "M", "shiny": false, "level": 90, "moves": ["avalanche", "stoneedge", "recover", "rapidspin"], "ability": "Sturdy", "evs": {"hp": 85, "atk": 85, "def": 85, "spa": 85, "spd": 85, "spe": 85}, "ivs": {"hp": 31, "atk": 31, "def": 31, "spa": 31, "spd": 31, "spe": 31}, "item": "Heavy-Duty Boots", "teraType": "Poison", "role": "Bulky Attacker", "bvs": {"hp": 95, "atk": 127, "def": 184, "spa": 34, "spd": 36, "spe": 38}, "stats": {"hp": 317, "atk": 280, "def": 383, "spa": 113, "spd": 116, "spe": 120}, "types": ["Ice", "Rock"]}, "Fezandipiti": {"name": "Fezandipiti", "species": "Fezandipiti", "speciesId": "fezandipiti", "gender": "M", "shiny": false, "level": 82, "moves": ["roost", "moonblast", "gunkshot", "beatup"], "ability": "Toxic Chain", "evs": {"hp": 85, "atk": 85, "def": 85, "spa": 85, "spd": 85, "spe": 85}, "ivs": {"hp": 31, "atk": 31, "def": 31, "spa": 31, "spd": 31, "spe": 31}, "item": "Leftovers", "teraType": "Water", "role": "Bulky Attacker", "bvs": {"hp": 88, "atk": 91, "def": 82, "spa": 70, "spd": 125, "spe": 99}, "stats": {"hp": 278, "atk": 196, "def": 182, "spa": 162, "spd": 252, "spe": 210}, "types": ["Poison", "Fairy"]}}]}