{"id": "gen9randombattle-2641572575", "format": "[Gen 9] Random Battle", "players": ["gholdengoballs", "kheladi7"], "log": "|j|\u203dgholdengoballs\n|j|\u2606kheladi7\n|t:|1782810723\n|gametype|singles\n|player|p1|gholdengoballs|169|2210\n|player|p2|kheladi7|barry|2176\n|gen|9\n|tier|[Gen 9] Random Battle\n|rated|\n|rule|Species Clause: Limit one of each Pok\u00e9mon\n|rule|HP Percentage Mod: HP is shown in percentages\n|rule|Sleep Clause Mod: Limit one foe put to sleep\n|rule|Illusion Level Mod: Illusion disguises the Pok\u00e9mon's true level\n|\n|t:|1782810723\n|teamsize|p1|6\n|teamsize|p2|6\n|start\n|switch|p1a: Toxicroak|Toxicroak, L84, F|277/277\n|switch|p2a: Mew|Mew, L82|298/298\n|turn|1\n|inactive|Battle timer is ON: inactive players will automatically lose when time's up. (requested by gholdengoballs)\n|\n|t:|1782810737\n|switch|p1a: Umbreon|Umbreon, L84, M|297/297\n|move|p2a: Mew|Stealth Rock|p1a: Umbreon\n|-sidestart|p1: gholdengoballs|move: Stealth Rock\n|\n|upkeep\n|turn|2\n|\n|t:|1782810759\n|switch|p2a: Munkidori|Munkidori, L79, M|269/269\n|move|p1a: Umbreon|Foul Play|p2a: Munkidori\n|-supereffective|p2a: Munkidori\n|-damage|p2a: Munkidori|65/269\n|\n|upkeep\n|turn|3\n|\n|t:|1782810768\n|move|p2a: Munkidori|U-turn|p1a: Umbreon\n|-supereffective|p1a: Umbreon\n|-damage|p1a: Umbreon|229/297\n|-status|p1a: Umbreon|tox|[from] ability: Toxic Chain|[of] p2a: Munkidori\n|-activate|p1a: Umbreon|ability: Synchronize\n|-immune|p2a: Munkidori\n|\n|t:|1782810788\n|switch|p2a: Tsareena|Tsareena, L87, F|267/267|[from] U-turn\n|move|p1a: Umbreon|Foul Play|p2a: Tsareena\n|-damage|p2a: Tsareena|152/267\n|\n|-heal|p1a: Umbreon|247/297 tox|[from] item: Leftovers\n|-damage|p1a: Umbreon|229/297 tox|[from] psn\n|upkeep\n|turn|4\n|\n|t:|1782810799\n|move|p1a: Umbreon|Protect|p1a: Umbreon\n|-singleturn|p1a: Umbreon|Protect\n|move|p2a: Tsareena|High Jump Kick|p1a: Umbreon\n|-activate|p1a: Umbreon|move: Protect\n|-damage|p2a: Tsareena|19/267|[from] highjumpkick\n|\n|-heal|p1a: Umbreon|247/297 tox|[from] item: Leftovers\n|-damage|p1a: Umbreon|211/297 tox|[from] psn\n|upkeep\n|turn|5\n|\n|t:|1782810812\n|switch|p1a: Toxicroak|Toxicroak, L84, F|277/277\n|-damage|p1a: Toxicroak|260/277|[from] Stealth Rock\n|move|p2a: Tsareena|Synthesis|p2a: Tsareena\n|-heal|p2a: Tsareena|152/267\n|\n|upkeep\n|turn|6\n|\n|t:|1782810822\n|move|p1a: Toxicroak|Gunk Shot|p2a: Tsareena\n|-supereffective|p2a: Tsareena\n|-damage|p2a: Tsareena|0 fnt\n|faint|p2a: Tsareena\n|\n|upkeep\n|\n|t:|1782810831\n|switch|p2a: Scovillain|Scovillain, L91, F|266/266\n|turn|7\n|\n|t:|1782810839\n|-terastallize|p2a: Scovillain|Ground\n|move|p1a: Toxicroak|Gunk Shot|p2a: Scovillain\n|-resisted|p2a: Scovillain\n|-damage|p2a: Scovillain|146/266\n|move|p2a: Scovillain|Sunny Day|p2a: Scovillain\n|-weather|SunnyDay\n|\n|-weather|SunnyDay|[upkeep]\n|-damage|p1a: Toxicroak|226/277|[from] ability: Dry Skin|[of] p1a: Toxicroak\n|upkeep\n|turn|8\n|\n|t:|1782810856\n|move|p2a: Scovillain|Stomping Tantrum|p1a: Toxicroak\n|-supereffective|p1a: Toxicroak\n|-damage|p1a: Toxicroak|0 fnt\n|faint|p1a: Toxicroak\n|\n|-weather|SunnyDay|[upkeep]\n|upkeep\n|c|\u2606kheladi7|gholdengoballs? lol\n|inactive|gholdengoballs has 120 seconds left.\n|\n|t:|1782810882\n|switch|p1a: Umbreon|Umbreon, L84, M|211/297 tox\n|-damage|p1a: Umbreon|174/297 tox|[from] Stealth Rock\n|turn|9\n|\n|t:|1782810887\n|move|p1a: Umbreon|Protect|p1a: Umbreon\n|-singleturn|p1a: Umbreon|Protect\n|move|p2a: Scovillain|Fire Blast|p1a: Umbreon\n|-activate|p1a: Umbreon|move: Protect\n|\n|-weather|SunnyDay|[upkeep]\n|-heal|p1a: Umbreon|192/297 tox|[from] item: Leftovers\n|-damage|p1a: Umbreon|174/297 tox|[from] psn\n|upkeep\n|turn|10\n|\n|t:|1782810895\n|move|p2a: Scovillain|Fire Blast|p1a: Umbreon|[miss]\n|-miss|p2a: Scovillain|p1a: Umbreon\n|move|p1a: Umbreon|Wish|p1a: Umbreon\n|\n|-weather|SunnyDay|[upkeep]\n|-heal|p1a: Umbreon|192/297 tox|[from] item: Leftovers\n|-damage|p1a: Umbreon|156/297 tox|[from] psn\n|upkeep\n|turn|11\n|\n|t:|1782810905\n|switch|p2a: Mew|Mew, L82|298/298\n|switch|p1a: Dragonite|Dragonite, L74, M|257/257\n|\n|-weather|none\n|upkeep\n|turn|12\n|\n|t:|1782810913\n|move|p2a: Mew|Toxic Spikes|p1a: Dragonite\n|-sidestart|p1: gholdengoballs|move: Toxic Spikes\n|move|p1a: Dragonite|Dragon Dance|p1a: Dragonite\n|-boost|p1a: Dragonite|atk|1\n|-boost|p1a: Dragonite|spe|1\n|\n|upkeep\n|turn|13\n|\n|t:|1782810918\n|move|p1a: Dragonite|Outrage|p2a: Mew\n|-damage|p2a: Mew|123/298\n|move|p2a: Mew|Encore|p1a: Dragonite\n|-start|p1a: Dragonite|Encore\n|\n|-heal|p2a: Mew|141/298|[from] item: Leftovers\n|upkeep\n|turn|14\n|\n|t:|1782810925\n|move|p1a: Dragonite|Outrage|p2a: Mew|[from] lockedmove\n|-damage|p2a: Mew|0 fnt\n|faint|p2a: Mew\n|\n|upkeep\n|c|\u2606kheladi7|oups\n|\n|t:|1782810930\n|switch|p2a: Porygon-Z|Porygon-Z, L83|277/277\n|turn|15\n|\n|t:|1782810938\n|move|p1a: Dragonite|Outrage|p2a: Porygon-Z|[from] lockedmove\n|-crit|p2a: Porygon-Z\n|-damage|p2a: Porygon-Z|0 fnt\n|faint|p2a: Porygon-Z\n|-start|p1a: Dragonite|confusion|[fatigue]\n|\n|upkeep\n|c|\u2606kheladi7|ouffff\n|c|\u2606kheladi7|aaaaaaaaaaaaah\n|\n|t:|1782810946\n|switch|p2a: Miraidon|Miraidon, L65|238/238\n|-fieldstart|move: Electric Terrain|[from] ability: Hadron Engine|[of] p2a: Miraidon\n|turn|16\n|\n|t:|1782810955\n|-activate|p1a: Dragonite|confusion\n|move|p1a: Dragonite|Outrage|p2a: Miraidon\n|-supereffective|p2a: Miraidon\n|-damage|p2a: Miraidon|0 fnt\n|faint|p2a: Miraidon\n|\n|-end|p1a: Dragonite|Encore\n|upkeep\n|c|\u2606kheladi7|omg\n|c|\u2606kheladi7|fuck\n|\n|t:|1782810963\n|switch|p2a: Munkidori|Munkidori, L79, M|65/269\n|turn|17\n|\n|t:|1782810968\n|-activate|p1a: Dragonite|confusion\n|-damage|p1a: Dragonite|207/257|[from] confusion\n|move|p2a: Munkidori|Sludge Wave|p1a: Dragonite\n|-damage|p1a: Dragonite|42/257\n|\n|upkeep\n|turn|18\n|c|\u2606kheladi7|fuckfuckfuck\n|\n|t:|1782810974\n|-end|p1a: Dragonite|confusion\n|move|p1a: Dragonite|Earthquake|p2a: Munkidori\n|-supereffective|p2a: Munkidori\n|-damage|p2a: Munkidori|0 fnt\n|faint|p2a: Munkidori\n|\n|upkeep\n|c|\u2606kheladi7|oooooh\n|\n|t:|1782810980\n|switch|p2a: Scovillain|Scovillain, L91, F, tera:Ground|146/266\n|turn|19\n|\n|t:|1782810982\n|move|p1a: Dragonite|Outrage|p2a: Scovillain\n|-damage|p2a: Scovillain|0 fnt\n|faint|p2a: Scovillain\n|\n|win|gholdengoballs\n", "inputlog": ">version f8ac14003a5f27e1bdc8d8c59608a773c1cb96e5\n>start {\"formatid\":\"gen9randombattle\",\"seed\":\"sodium,0af03effed8076919469add0faad5ab8\",\"rated\":\"Rated battle\"}\n>player p1 {\"name\":\"gholdengoballs\",\"avatar\":\"169\",\"rating\":2210,\"seed\":\"sodium,868e1b0dfec3f130ec71328377fa8f35\"}\n>player p2 {\"name\":\"kheladi7\",\"avatar\":\"barry\",\"rating\":2176,\"seed\":\"sodium,5feb623a67889e3cc19d2f1391f2a9e9\"}\n>p1 switch 2\n>p2 move stealthrock\n>p1 move foulplay\n>p2 switch 6\n>p1 move foulplay\n>p2 move uturn\n>p2 switch 4\n>p1 move protect\n>p2 move highjumpkick\n>p1 switch 2\n>p2 move synthesis\n>p1 move gunkshot\n>p2 move synthesis\n>p2 switch 2\n>p1 move gunkshot\n>p2 move sunnyday terastallize\n>p1 move gunkshot\n>p2 move stompingtantrum\n>chat \u2606kheladi7|gholdengoballs? lol\n>p1 switch 2\n>p1 move protect\n>p2 move fireblast\n>p1 move wish\n>p2 move fireblast\n>p1 switch 6\n>p2 switch 6\n>p1 move dragondance\n>p2 move toxicspikes\n>p1 move outrage\n>p2 move encore\n>p1 move outrage\n>p2 move psychic\n>chat \u2606kheladi7|oups\n>p2 switch 5\n>p1 move outrage\n>p2 move terablast\n>chat \u2606kheladi7|ouffff\n>chat \u2606kheladi7|aaaaaaaaaaaaah\n>p2 switch 3\n>p1 move outrage\n>p2 move dracometeor\n>chat \u2606kheladi7|omg\n>chat \u2606kheladi7|fuck\n>p2 switch 4\n>p1 move outrage\n>p2 move sludgewave\n>chat \u2606kheladi7|fuckfuckfuck\n>p1 move earthquake\n>p2 move sludgewave\n>chat \u2606kheladi7|oooooh\n>p2 switch 6\n>p1 move outrage\n>p2 move sunnyday", "uploadtime": 1782810726, "views": 7, "formatid": "gen9randombattle", "rating": null, "private": 0, "password": null, "player_dets": [{"name": "gholdengoballs", "avatar": "169", "rating": 2210, "seed": "sodium,868e1b0dfec3f130ec71328377fa8f35"}, {"name": "kheladi7", "avatar": "barry", "rating": 2176, "seed": "sodium,5feb623a67889e3cc19d2f1391f2a9e9"}], "teams_full": [{"Toxicroak": {"name": "Toxicroak", "species": "Toxicroak", "speciesId": "toxicroak", "gender": "F", "shiny": false, "level": 84, "moves": ["knockoff", "closecombat", "gunkshot", "suckerpunch"], "ability": "Dry Skin", "evs": {"hp": 85, "atk": 85, "def": 85, "spa": 85, "spd": 85, "spe": 85}, "ivs": {"hp": 31, "atk": 31, "def": 31, "spa": 31, "spd": 31, "spe": 31}, "item": "Choice Band", "teraType": "Dark", "role": "Fast Attacker", "bvs": {"hp": 83, "atk": 106, "def": 65, "spa": 86, "spd": 65, "spe": 85}, "stats": {"hp": 277, "atk": 226, "def": 157, "spa": 193, "spd": 157, "spe": 191}, "types": ["Poison", "Fighting"]}, "Umbreon": {"name": "Umbreon", "species": "Umbreon", "speciesId": "umbreon", "gender": "M", "shiny": false, "level": 84, "moves": ["protect", "foulplay", "toxic", "wish"], "ability": "Synchronize", "evs": {"hp": 85, "atk": 0, "def": 85, "spa": 85, "spd": 85, "spe": 85}, "ivs": {"hp": 31, "atk": 0, "def": 31, "spa": 31, "spd": 31, "spe": 31}, "item": "Leftovers", "teraType": "Poison", "role": "Bulky Support", "bvs": {"hp": 95, "atk": 65, "def": 110, "spa": 60, "spd": 130, "spe": 65}, "stats": {"hp": 297, "atk": 114, "def": 233, "spa": 149, "spd": 267, "spe": 157}, "types": ["Dark"]}, "Amoonguss": {"name": "Amoonguss", "species": "Amoonguss", "speciesId": "amoonguss", "gender": "F", "shiny": false, "level": 82, "moves": ["stompingtantrum", "spore", "gigadrain", "sludgebomb"], "ability": "Regenerator", "evs": {"hp": 85, "atk": 85, "def": 85, "spa": 85, "spd": 85, "spe": 85}, "ivs": {"hp": 31, "atk": 31, "def": 31, "spa": 31, "spd": 31, "spe": 31}, "item": "Leftovers", "teraType": "Water", "role": "Bulky Attacker", "bvs": {"hp": 114, "atk": 85, "def": 70, "spa": 85, "spd": 80, "spe": 30}, "stats": {"hp": 321, "atk": 187, "def": 162, "spa": 187, "spd": 178, "spe": 96}, "types": ["Grass", "Poison"]}, "Lurantis": {"name": "Lurantis", "species": "Lurantis", "speciesId": "lurantis", "gender": "M", "shiny": false, "level": 87, "moves": ["superpower", "leafstorm", "knockoff", "leechlife"], "ability": "Contrary", "evs": {"hp": 85, "atk": 85, "def": 85, "spa": 85, "spd": 85, "spe": 85}, "ivs": {"hp": 31, "atk": 31, "def": 31, "spa": 31, "spd": 31, "spe": 31}, "item": "Assault Vest", "teraType": "Water", "role": "AV Pivot", "bvs": {"hp": 70, "atk": 105, "def": 90, "spa": 80, "spd": 90, "spe": 45}, "stats": {"hp": 264, "atk": 232, "def": 206, "spa": 189, "spd": 206, "spe": 128}, "types": ["Grass"]}, "Bellibolt": {"name": "Bellibolt", "species": "Bellibolt", "speciesId": "bellibolt", "gender": "F", "shiny": false, "level": 84, "moves": ["slackoff", "voltswitch", "thunderbolt", "muddywater"], "ability": "Electromorphosis", "evs": {"hp": 85, "atk": 0, "def": 85, "spa": 85, "spd": 85, "spe": 85}, "ivs": {"hp": 31, "atk": 0, "def": 31, "spa": 31, "spd": 31, "spe": 31}, "item": "Leftovers", "teraType": "Water", "role": "Bulky Attacker", "bvs": {"hp": 109, "atk": 64, "def": 91, "spa": 103, "spd": 83, "spe": 45}, "stats": {"hp": 320, "atk": 112, "def": 201, "spa": 221, "spd": 188, "spe": 124}, "types": ["Electric"]}, "Dragonite": {"name": "Dragonite", "species": "Dragonite", "speciesId": "dragonite", "gender": "M", "shiny": false, "level": 74, "moves": ["earthquake", "outrage", "terablast", "dragondance"], "ability": "Multiscale", "evs": {"hp": 85, "atk": 85, "def": 85, "spa": 85, "spd": 85, "spe": 85}, "ivs": {"hp": 31, "atk": 31, "def": 31, "spa": 31, "spd": 31, "spe": 31}, "item": "Heavy-Duty Boots", "teraType": "Flying", "role": "Tera Blast user", "bvs": {"hp": 91, "atk": 134, "def": 95, "spa": 100, "spd": 100, "spe": 80}, "stats": {"hp": 257, "atk": 241, "def": 184, "spa": 191, "spd": 191, "spe": 161}, "types": ["Dragon", "Flying"]}}, {"Mew": {"name": "Mew", "species": "Mew", "speciesId": "mew", "gender": "N", "shiny": false, "level": 82, "moves": ["encore", "toxicspikes", "stealthrock", "psychic"], "ability": "Synchronize", "evs": {"hp": 85, "atk": 0, "def": 85, "spa": 85, "spd": 85, "spe": 85}, "ivs": {"hp": 31, "atk": 0, "def": 31, "spa": 31, "spd": 31, "spe": 31}, "item": "Leftovers", "teraType": "Dark", "role": "Bulky Support", "bvs": {"hp": 100, "atk": 100, "def": 100, "spa": 100, "spd": 100, "spe": 100}, "stats": {"hp": 298, "atk": 169, "def": 211, "spa": 211, "spd": 211, "spe": 211}, "types": ["Psychic"]}, "Scovillain": {"name": "Scovillain", "species": "Scovillain", "speciesId": "scovillain", "gender": "F", "shiny": false, "level": 91, "moves": ["energyball", "fireblast", "stompingtantrum", "sunnyday"], "ability": "Chlorophyll", "evs": {"hp": 85, "atk": 85, "def": 85, "spa": 85, "spd": 85, "spe": 85}, "ivs": {"hp": 31, "atk": 31, "def": 31, "spa": 31, "spd": 31, "spe": 31}, "item": "Heavy-Duty Boots", "teraType": "Ground", "role": "Wallbreaker", "bvs": {"hp": 65, "atk": 108, "def": 65, "spa": 108, "spd": 65, "spe": 75}, "stats": {"hp": 266, "atk": 248, "def": 170, "spa": 248, "spd": 170, "spe": 188}, "types": ["Grass", "Fire"]}, "Miraidon": {"name": "Miraidon", "species": "Miraidon", "speciesId": "miraidon", "gender": "N", "shiny": false, "level": 65, "moves": ["calmmind", "electrodrift", "dracometeor", "dragonpulse"], "ability": "Hadron Engine", "evs": {"hp": 85, "atk": 0, "def": 85, "spa": 85, "spd": 85, "spe": 85}, "ivs": {"hp": 31, "atk": 0, "def": 31, "spa": 31, "spd": 31, "spe": 31}, "item": "Life Orb", "teraType": "Electric", "role": "Setup Sweeper", "bvs": {"hp": 100, "atk": 85, "def": 100, "spa": 135, "spd": 115, "spe": 135}, "stats": {"hp": 238, "atk": 115, "def": 168, "spa": 214, "spd": 188, "spe": 214}, "types": ["Electric", "Dragon"]}, "Tsareena": {"name": "Tsareena", "species": "Tsareena", "speciesId": "tsareena", "gender": "F", "shiny": false, "level": 87, "moves": ["rapidspin", "highjumpkick", "powerwhip", "synthesis"], "ability": "Queenly Majesty", "evs": {"hp": 85, "atk": 85, "def": 85, "spa": 85, "spd": 85, "spe": 85}, "ivs": {"hp": 31, "atk": 31, "def": 31, "spa": 31, "spd": 31, "spe": 31}, "item": "Heavy-Duty Boots", "teraType": "Steel", "role": "Fast Support", "bvs": {"hp": 72, "atk": 120, "def": 98, "spa": 50, "spd": 98, "spe": 72}, "stats": {"hp": 267, "atk": 259, "def": 220, "spa": 137, "spd": 220, "spe": 175}, "types": ["Grass"]}, "Porygon-Z": {"name": "Porygon-Z", "species": "Porygon-Z", "speciesId": "porygonz", "gender": "N", "shiny": false, "level": 83, "moves": ["nastyplot", "terablast", "shadowball", "agility"], "ability": "Adaptability", "evs": {"hp": 85, "atk": 0, "def": 85, "spa": 85, "spd": 85, "spe": 85}, "ivs": {"hp": 31, "atk": 0, "def": 31, "spa": 31, "spd": 31, "spe": 31}, "item": "Life Orb", "teraType": "Fighting", "role": "Tera Blast user", "bvs": {"hp": 85, "atk": 80, "def": 70, "spa": 135, "spd": 75, "spe": 90}, "stats": {"hp": 277, "atk": 137, "def": 164, "spa": 272, "spd": 172, "spe": 197}, "types": ["Normal"]}, "Munkidori": {"name": "Munkidori", "species": "Munkidori", "speciesId": "munkidori", "gender": "M", "shiny": false, "level": 79, "moves": ["focusblast", "uturn", "psyshock", "sludgewave"], "ability": "Toxic Chain", "evs": {"hp": 85, "atk": 85, "def": 85, "spa": 85, "spd": 85, "spe": 85}, "ivs": {"hp": 31, "atk": 31, "def": 31, "spa": 31, "spd": 31, "spe": 31}, "item": "Choice Specs", "teraType": "Fighting", "role": "Fast Attacker", "bvs": {"hp": 88, "atk": 75, "def": 66, "spa": 130, "spd": 90, "spe": 106}, "stats": {"hp": 269, "atk": 164, "def": 150, "spa": 251, "spd": 188, "spe": 213}, "types": ["Poison", "Psychic"]}}]}