{"id": "gen9randombattle-2641682411", "format": "[Gen 9] Random Battle", "players": ["ChettoxX", "FIGBOI"], "log": "|j|\u2606ChettoxX\n|j|\u2606FIGBOI\n|t:|1782829255\n|gametype|singles\n|player|p1|ChettoxX|steven|1271\n|player|p2|FIGBOI|steven|1213\n|gen|9\n|tier|[Gen 9] Random Battle\n|rated|\n|rule|Species Clause: Limit one of each Pok\u00e9mon\n|rule|HP Percentage Mod: HP is shown in percentages\n|rule|Sleep Clause Mod: Limit one foe put to sleep\n|rule|Illusion Level Mod: Illusion disguises the Pok\u00e9mon's true level\n|\n|t:|1782829255\n|teamsize|p1|6\n|teamsize|p2|6\n|start\n|switch|p1a: Primarina|Primarina, L83, F|268/268\n|switch|p2a: Porygon-Z|Porygon-Z, L83|277/277\n|turn|1\n|\n|t:|1782829269\n|move|p2a: Porygon-Z|Trick|p1a: Primarina\n|-activate|p2a: Porygon-Z|move: Trick|[of] p1a: Primarina\n|-item|p1a: Primarina|Choice Scarf|[from] move: Trick\n|-item|p2a: Porygon-Z|Leftovers|[from] move: Trick\n|move|p1a: Primarina|Calm Mind|p1a: Primarina\n|-boost|p1a: Primarina|spa|1\n|-boost|p1a: Primarina|spd|1\n|\n|upkeep\n|turn|2\n|\n|t:|1782829286\n|switch|p1a: Lucario|Lucario, L84, M|255/255\n|switch|p2a: Deoxys|Deoxys-Defense, L84|221/221\n|-ability|p2a: Deoxys|Pressure\n|\n|upkeep\n|turn|3\n|\n|t:|1782829299\n|switch|p1a: Dusknoir|Dusknoir, L89, F|225/225\n|-item|p2a: Deoxys|Leftovers|[from] ability: Frisk|[of] p1a: Dusknoir\n|move|p2a: Deoxys|Cosmic Power|p2a: Deoxys\n|-boost|p2a: Deoxys|def|1\n|-boost|p2a: Deoxys|spd|1\n|\n|upkeep\n|turn|4\n|\n|t:|1782829314\n|switch|p2a: Swalot|Swalot, L90, F|326/326\n|move|p1a: Dusknoir|Poltergeist|p2a: Swalot\n|-activate|p2a: Swalot|move: Poltergeist|Leftovers\n|-damage|p2a: Swalot|169/326\n|-damage|p1a: Dusknoir|203/225|[from] item: Life Orb\n|\n|-heal|p2a: Swalot|189/326|[from] item: Leftovers\n|upkeep\n|turn|5\n|\n|t:|1782829325\n|move|p2a: Swalot|Knock Off|p1a: Dusknoir\n|-supereffective|p1a: Dusknoir\n|-damage|p1a: Dusknoir|123/225\n|-enditem|p1a: Dusknoir|Life Orb|[from] move: Knock Off|[of] p2a: Swalot\n|move|p1a: Dusknoir|Poltergeist|p2a: Swalot\n|-activate|p2a: Swalot|move: Poltergeist|Leftovers\n|-damage|p2a: Swalot|54/326\n|\n|-heal|p2a: Swalot|74/326|[from] item: Leftovers\n|upkeep\n|turn|6\n|\n|t:|1782829338\n|move|p2a: Swalot|Sludge Bomb|p1a: Dusknoir\n|-resisted|p1a: Dusknoir\n|-damage|p1a: Dusknoir|93/225\n|move|p1a: Dusknoir|Poltergeist|p2a: Swalot\n|-activate|p2a: Swalot|move: Poltergeist|Leftovers\n|-damage|p2a: Swalot|0 fnt\n|faint|p2a: Swalot\n|\n|upkeep\n|\n|t:|1782829343\n|switch|p2a: Gengar|Gengar, L81, F|230/230\n|turn|7\n|\n|t:|1782829353\n|move|p1a: Dusknoir|Shadow Sneak|p2a: Gengar\n|-supereffective|p2a: Gengar\n|-damage|p2a: Gengar|98/230\n|move|p2a: Gengar|Shadow Ball|p1a: Dusknoir\n|-supereffective|p1a: Dusknoir\n|-damage|p1a: Dusknoir|0 fnt\n|faint|p1a: Dusknoir\n|-damage|p2a: Gengar|75/230|[from] item: Life Orb\n|\n|upkeep\n|\n|t:|1782829379\n|switch|p1a: Krookodile|Krookodile, L79, M|280/280\n|-ability|p1a: Krookodile|Intimidate|boost\n|-unboost|p2a: Gengar|atk|1\n|turn|8\n|\n|t:|1782829386\n|switch|p2a: Scrafty|Scrafty, L83, F|244/244\n|-ability|p2a: Scrafty|Intimidate|boost\n|-unboost|p1a: Krookodile|atk|1\n|move|p1a: Krookodile|Knock Off|p2a: Scrafty\n|-resisted|p2a: Scrafty\n|-damage|p2a: Scrafty|222/244\n|-enditem|p2a: Scrafty|Leftovers|[from] move: Knock Off|[of] p1a: Krookodile\n|\n|upkeep\n|turn|9\n|\n|t:|1782829394\n|switch|p1a: Primarina|Primarina, L83, F|268/268\n|move|p2a: Scrafty|Drain Punch|p1a: Primarina\n|-resisted|p1a: Primarina\n|-damage|p1a: Primarina|226/268\n|-heal|p2a: Scrafty|243/244|[from] drain|[of] p1a: Primarina\n|\n|upkeep\n|turn|10\n|\n|t:|1782829406\n|-terastallize|p2a: Scrafty|Poison\n|move|p1a: Primarina|Moonblast|p2a: Scrafty\n|-resisted|p2a: Scrafty\n|-damage|p2a: Scrafty|193/244\n|-unboost|p2a: Scrafty|spa|1\n|move|p2a: Scrafty|Dragon Dance|p2a: Scrafty\n|-boost|p2a: Scrafty|atk|1\n|-boost|p2a: Scrafty|spe|1\n|\n|upkeep\n|turn|11\n|\n|t:|1782829416\n|switch|p1a: Krookodile|Krookodile, L79, M|280/280\n|-ability|p1a: Krookodile|Intimidate|boost\n|-unboost|p2a: Scrafty|atk|1\n|move|p2a: Scrafty|Drain Punch|p1a: Krookodile\n|-supereffective|p1a: Krookodile\n|-damage|p1a: Krookodile|100/280\n|-heal|p2a: Scrafty|244/244|[from] drain|[of] p1a: Krookodile\n|\n|upkeep\n|turn|12\n|\n|t:|1782829426\n|move|p2a: Scrafty|Dragon Dance|p2a: Scrafty\n|-boost|p2a: Scrafty|atk|1\n|-boost|p2a: Scrafty|spe|1\n|move|p1a: Krookodile|Earthquake|p2a: Scrafty\n|-supereffective|p2a: Scrafty\n|-damage|p2a: Scrafty|0 fnt\n|faint|p2a: Scrafty\n|\n|upkeep\n|\n|t:|1782829434\n|switch|p2a: Porygon-Z|Porygon-Z, L83|277/277\n|turn|13\n|\n|t:|1782829438\n|move|p2a: Porygon-Z|Ice Beam|p1a: Krookodile\n|-supereffective|p1a: Krookodile\n|-damage|p1a: Krookodile|0 fnt\n|faint|p1a: Krookodile\n|\n|upkeep\n|\n|t:|1782829443\n|switch|p1a: Lucario|Lucario, L84, M|255/255\n|turn|14\n|\n|t:|1782829456\n|move|p1a: Lucario|Focus Blast|p2a: Porygon-Z\n|-supereffective|p2a: Porygon-Z\n|-damage|p2a: Porygon-Z|0 fnt\n|faint|p2a: Porygon-Z\n|-damage|p1a: Lucario|230/255|[from] item: Life Orb\n|\n|upkeep\n|\n|t:|1782829458\n|switch|p2a: Gengar|Gengar, L81, F|75/230\n|turn|15\n|\n|t:|1782829466\n|move|p2a: Gengar|Sludge Wave|p1a: Lucario\n|-immune|p1a: Lucario\n|move|p1a: Lucario|Flash Cannon|p2a: Gengar\n|-damage|p2a: Gengar|0 fnt\n|faint|p2a: Gengar\n|-damage|p1a: Lucario|205/255|[from] item: Life Orb\n|\n|upkeep\n|\n|t:|1782829469\n|switch|p2a: Deoxys|Deoxys-Defense, L84|221/221\n|-ability|p2a: Deoxys|Pressure\n|turn|16\n|\n|t:|1782829496\n|switch|p1a: Palossand|Palossand, L89, M|296/296\n|move|p2a: Deoxys|Cosmic Power|p2a: Deoxys\n|-boost|p2a: Deoxys|def|1\n|-boost|p2a: Deoxys|spd|1\n|\n|upkeep\n|turn|17\n|\n|t:|1782829504\n|move|p2a: Deoxys|Cosmic Power|p2a: Deoxys\n|-boost|p2a: Deoxys|def|1\n|-boost|p2a: Deoxys|spd|1\n|move|p1a: Palossand|Shadow Ball|p2a: Deoxys\n|-supereffective|p2a: Deoxys\n|-damage|p2a: Deoxys|161/221\n|\n|-heal|p2a: Deoxys|174/221|[from] item: Leftovers\n|upkeep\n|turn|18\n|\n|t:|1782829512\n|move|p2a: Deoxys|Cosmic Power|p2a: Deoxys\n|-boost|p2a: Deoxys|def|1\n|-boost|p2a: Deoxys|spd|1\n|move|p1a: Palossand|Shadow Ball|p2a: Deoxys\n|-supereffective|p2a: Deoxys\n|-damage|p2a: Deoxys|120/221\n|\n|-heal|p2a: Deoxys|133/221|[from] item: Leftovers\n|upkeep\n|turn|19\n|\n|t:|1782829520\n|move|p2a: Deoxys|Cosmic Power|p2a: Deoxys\n|-boost|p2a: Deoxys|def|1\n|-boost|p2a: Deoxys|spd|1\n|move|p1a: Palossand|Shadow Ball|p2a: Deoxys\n|-supereffective|p2a: Deoxys\n|-damage|p2a: Deoxys|89/221\n|\n|-heal|p2a: Deoxys|102/221|[from] item: Leftovers\n|upkeep\n|turn|20\n|\n|t:|1782829532\n|move|p2a: Deoxys|Recover|p2a: Deoxys\n|-heal|p2a: Deoxys|213/221\n|move|p1a: Palossand|Shadow Ball|p2a: Deoxys\n|-supereffective|p2a: Deoxys\n|-damage|p2a: Deoxys|171/221\n|\n|-heal|p2a: Deoxys|184/221|[from] item: Leftovers\n|upkeep\n|turn|21\n|\n|t:|1782829539\n|move|p2a: Deoxys|Stored Power|p1a: Palossand\n|-damage|p1a: Palossand|146/296\n|move|p1a: Palossand|Shadow Ball|p2a: Deoxys\n|-supereffective|p2a: Deoxys\n|-damage|p2a: Deoxys|140/221\n|\n|-heal|p2a: Deoxys|153/221|[from] item: Leftovers\n|-heal|p1a: Palossand|164/296|[from] item: Leftovers\n|upkeep\n|turn|22\n|\n|t:|1782829547\n|move|p2a: Deoxys|Stored Power|p1a: Palossand\n|-damage|p1a: Palossand|19/296\n|move|p1a: Palossand|Shadow Ball|p2a: Deoxys\n|-supereffective|p2a: Deoxys\n|-damage|p2a: Deoxys|109/221\n|-unboost|p2a: Deoxys|spd|1\n|\n|-heal|p2a: Deoxys|122/221|[from] item: Leftovers\n|-heal|p1a: Palossand|37/296|[from] item: Leftovers\n|upkeep\n|turn|23\n|\n|t:|1782829556\n|move|p2a: Deoxys|Stored Power|p1a: Palossand\n|-damage|p1a: Palossand|0 fnt\n|faint|p1a: Palossand\n|\n|-heal|p2a: Deoxys|135/221|[from] item: Leftovers\n|upkeep\n|\n|t:|1782829567\n|switch|p1a: Lucario|Lucario, L84, M|205/255\n|turn|24\n|\n|t:|1782829571\n|move|p1a: Lucario|Flash Cannon|p2a: Deoxys\n|-damage|p2a: Deoxys|100/221\n|-damage|p1a: Lucario|180/255|[from] item: Life Orb\n|move|p2a: Deoxys|Cosmic Power|p2a: Deoxys\n|-boost|p2a: Deoxys|def|1\n|-boost|p2a: Deoxys|spd|1\n|\n|-heal|p2a: Deoxys|113/221|[from] item: Leftovers\n|upkeep\n|turn|25\n|\n|t:|1782829579\n|move|p2a: Deoxys|Recover|p2a: Deoxys\n|-heal|p2a: Deoxys|221/221\n|move|p1a: Lucario|Nasty Plot|p1a: Lucario\n|-boost|p1a: Lucario|spa|2\n|\n|upkeep\n|turn|26\n|\n|t:|1782829585\n|move|p2a: Deoxys|Stored Power|p1a: Lucario\n|-damage|p1a: Lucario|0 fnt\n|faint|p1a: Lucario\n|\n|upkeep\n|\n|t:|1782829590\n|switch|p1a: Primarina|Primarina, L83, F|226/268\n|turn|27\n|\n|t:|1782829594\n|move|p1a: Primarina|Calm Mind|p1a: Primarina\n|-boost|p1a: Primarina|spa|1\n|-boost|p1a: Primarina|spd|1\n|move|p2a: Deoxys|Cosmic Power|p2a: Deoxys\n|-boost|p2a: Deoxys|def|1\n|-boost|p2a: Deoxys|spd|1\n|\n|upkeep\n|turn|28\n|\n|t:|1782829600\n|move|p1a: Primarina|Calm Mind|p1a: Primarina\n|-boost|p1a: Primarina|spa|1\n|-boost|p1a: Primarina|spd|1\n|move|p2a: Deoxys|Stored Power|p1a: Primarina\n|-damage|p1a: Primarina|136/268\n|\n|upkeep\n|turn|29\n|\n|t:|1782829607\n|switch|p1a: Volcanion|Volcanion, L79|255/255\n|move|p2a: Deoxys|Night Shade|p1a: Volcanion\n|-damage|p1a: Volcanion|171/255\n|\n|upkeep\n|turn|30\n|inactive|Battle timer is ON: inactive players will automatically lose when time's up. (requested by FIGBOI)\n|\n|t:|1782829629\n|move|p2a: Deoxys|Stored Power|p1a: Volcanion\n|-damage|p1a: Volcanion|36/255\n|move|p1a: Volcanion|Steam Eruption|p2a: Deoxys\n|-damage|p2a: Deoxys|197/221\n|-status|p2a: Deoxys|brn\n|\n|-heal|p2a: Deoxys|210/221 brn|[from] item: Leftovers\n|-damage|p2a: Deoxys|197/221 brn|[from] brn\n|upkeep\n|turn|31\n|\n|t:|1782829638\n|move|p2a: Deoxys|Stored Power|p1a: Volcanion\n|-damage|p1a: Volcanion|0 fnt\n|faint|p1a: Volcanion\n|\n|-heal|p2a: Deoxys|210/221 brn|[from] item: Leftovers\n|-damage|p2a: Deoxys|197/221 brn|[from] brn\n|upkeep\n|\n|t:|1782829644\n|switch|p1a: Primarina|Primarina, L83, F|136/268\n|turn|32\n|\n|t:|1782829649\n|move|p1a: Primarina|Draining Kiss|p2a: Deoxys\n|-damage|p2a: Deoxys|184/221 brn\n|-heal|p1a: Primarina|146/268|[from] drain|[of] p2a: Deoxys\n|move|p2a: Deoxys|Cosmic Power|p2a: Deoxys\n|-boost|p2a: Deoxys|def|0\n|-boost|p2a: Deoxys|spd|1\n|\n|-heal|p2a: Deoxys|197/221 brn|[from] item: Leftovers\n|-damage|p2a: Deoxys|184/221 brn|[from] brn\n|upkeep\n|turn|33\n|\n|t:|1782829658\n|move|p1a: Primarina|Draining Kiss|p2a: Deoxys\n|-damage|p2a: Deoxys|174/221 brn\n|-heal|p1a: Primarina|154/268|[from] drain|[of] p2a: Deoxys\n|move|p2a: Deoxys|Night Shade|p1a: Primarina\n|-damage|p1a: Primarina|70/268\n|\n|-heal|p2a: Deoxys|187/221 brn|[from] item: Leftovers\n|-damage|p2a: Deoxys|174/221 brn|[from] brn\n|upkeep\n|turn|34\n|\n|t:|1782829667\n|move|p1a: Primarina|Draining Kiss|p2a: Deoxys\n|-damage|p2a: Deoxys|162/221 brn\n|-heal|p1a: Primarina|79/268|[from] drain|[of] p2a: Deoxys\n|move|p2a: Deoxys|Stored Power|p1a: Primarina\n|-damage|p1a: Primarina|0 fnt\n|faint|p1a: Primarina\n|\n|win|FIGBOI\n|raw|ChettoxX's rating: 1271 &rarr; <strong>1242</strong><br />(-29 for losing)\n|raw|FIGBOI's rating: 1213 &rarr; <strong>1242</strong><br />(+29 for winning)\n|c|\u2606FIGBOI|Gg\n|l|\u2606ChettoxX\n|player|p1|\n", "inputlog": ">version f8ac14003a5f27e1bdc8d8c59608a773c1cb96e5\n>start {\"formatid\":\"gen9randombattle\",\"seed\":\"sodium,43eb0045a7607816b7356e7659655b7f\",\"rated\":\"Rated battle\"}\n>player p1 {\"name\":\"ChettoxX\",\"avatar\":\"steven\",\"rating\":1271,\"seed\":\"sodium,aaf669e540dd4e110635bfa8ddbe9016\"}\n>player p2 {\"name\":\"FIGBOI\",\"avatar\":\"steven\",\"rating\":1213,\"seed\":\"sodium,f31d0381e18d82ee6f915e72a2f73c87\"}\n>p1 move calmmind\n>p2 move trick\n>p1 switch 5\n>p2 switch 2\n>p1 switch 2\n>p2 move cosmicpower\n>p1 move poltergeist\n>p2 switch 4\n>p1 move poltergeist\n>p2 move knockoff\n>p1 move poltergeist\n>p2 move sludgebomb\n>p2 switch 5\n>p1 move shadowsneak\n>p2 move shadowball\n>p1 switch 6\n>p1 move knockoff\n>p2 switch 3\n>p1 switch 5\n>p2 move drainpunch\n>p1 move moonblast\n>p2 move dragondance terastallize\n>p1 switch 5\n>p2 move drainpunch\n>p1 move earthquake\n>p2 move dragondance\n>p2 switch 2\n>p1 move earthquake\n>p2 move icebeam\n>p1 switch 2\n>p1 move focusblast\n>p2 move shadowball\n>p2 switch 3\n>p1 move flashcannon\n>p2 move sludgewave\n>p2 switch 4\n>p1 switch 3\n>p2 move cosmicpower\n>p1 move shadowball\n>p2 move cosmicpower\n>p1 move shadowball\n>p2 move cosmicpower\n>p1 move shadowball\n>p2 move cosmicpower\n>p1 move shadowball\n>p2 move recover\n>p1 move shadowball\n>p2 move storedpower\n>p1 move shadowball\n>p2 move storedpower\n>p1 move shadowball\n>p2 move storedpower\n>p1 switch 3\n>p1 move flashcannon\n>p2 move cosmicpower\n>p1 move nastyplot\n>p2 move recover\n>p1 move nastyplot\n>p2 move storedpower\n>p1 switch 5\n>p1 move calmmind\n>p2 move cosmicpower\n>p1 move calmmind\n>p2 move storedpower\n>p1 switch 4\n>p2 move nightshade\n>p1 move steameruption\n>p2 move storedpower\n>p1 move steameruption\n>p2 move storedpower\n>p1 switch 4\n>p1 move drainingkiss\n>p2 move cosmicpower\n>p1 move drainingkiss\n>p2 move nightshade\n>p1 move drainingkiss\n>p2 move storedpower", "uploadtime": 1782829682, "views": 3, "formatid": "gen9randombattle", "rating": 1242, "private": 0, "password": null, "player_dets": [{"name": "ChettoxX", "avatar": "steven", "rating": 1271, "seed": "sodium,aaf669e540dd4e110635bfa8ddbe9016"}, {"name": "FIGBOI", "avatar": "steven", "rating": 1213, "seed": "sodium,f31d0381e18d82ee6f915e72a2f73c87"}], "teams_full": [{"Primarina": {"name": "Primarina", "species": "Primarina", "speciesId": "primarina", "gender": "F", "shiny": false, "level": 83, "moves": ["drainingkiss", "calmmind", "psychicnoise", "moonblast"], "ability": "Liquid Voice", "evs": {"hp": 85, "atk": 0, "def": 85, "spa": 85, "spd": 85, "spe": 85}, "ivs": {"hp": 31, "atk": 0, "def": 31, "spa": 31, "spd": 31, "spe": 31}, "item": "Leftovers", "teraType": "Poison", "role": "Bulky Setup", "bvs": {"hp": 80, "atk": 74, "def": 74, "spa": 126, "spd": 116, "spe": 60}, "stats": {"hp": 268, "atk": 127, "def": 171, "spa": 257, "spd": 240, "spe": 147}, "types": ["Water", "Fairy"]}, "Dusknoir": {"name": "Dusknoir", "species": "Dusknoir", "speciesId": "dusknoir", "gender": "F", "shiny": false, "level": 89, "moves": ["shadowsneak", "poltergeist", "earthquake", "painsplit"], "ability": "Frisk", "evs": {"hp": 85, "atk": 85, "def": 85, "spa": 85, "spd": 85, "spe": 85}, "ivs": {"hp": 31, "atk": 31, "def": 31, "spa": 31, "spd": 31, "spe": 31}, "item": "Life Orb", "teraType": "Ground", "role": "Wallbreaker", "bvs": {"hp": 45, "atk": 100, "def": 135, "spa": 65, "spd": 135, "spe": 45}, "stats": {"hp": 225, "atk": 229, "def": 291, "spa": 166, "spd": 291, "spe": 131}, "types": ["Ghost"]}, "Palossand": {"name": "Palossand", "species": "Palossand", "speciesId": "palossand", "gender": "M", "shiny": false, "level": 89, "moves": ["sludgebomb", "earthpower", "shadowball", "shoreup"], "ability": "Water Compaction", "evs": {"hp": 85, "atk": 0, "def": 85, "spa": 85, "spd": 85, "spe": 85}, "ivs": {"hp": 31, "atk": 0, "def": 31, "spa": 31, "spd": 31, "spe": 31}, "item": "Leftovers", "teraType": "Poison", "role": "Bulky Support", "bvs": {"hp": 85, "atk": 75, "def": 110, "spa": 100, "spd": 75, "spe": 35}, "stats": {"hp": 296, "atk": 138, "def": 247, "spa": 229, "spd": 184, "spe": 113}, "types": ["Ghost", "Ground"]}, "Volcanion": {"name": "Volcanion", "species": "Volcanion", "speciesId": "volcanion", "gender": "N", "shiny": false, "level": 79, "moves": ["flamethrower", "steameruption", "flamecharge", "sludgebomb"], "ability": "Water Absorb", "evs": {"hp": 81, "atk": 85, "def": 85, "spa": 85, "spd": 85, "spe": 85}, "ivs": {"hp": 31, "atk": 31, "def": 31, "spa": 31, "spd": 31, "spe": 31}, "item": "Assault Vest", "teraType": "Water", "role": "Bulky Attacker", "bvs": {"hp": 80, "atk": 110, "def": 120, "spa": 130, "spd": 90, "spe": 70}, "stats": {"hp": 255, "atk": 219, "def": 235, "spa": 251, "spd": 188, "spe": 156}, "types": ["Fire", "Water"]}, "Lucario": {"name": "Lucario", "species": "Lucario", "speciesId": "lucario", "gender": "M", "shiny": false, "level": 84, "moves": ["vacuumwave", "flashcannon", "focusblast", "nastyplot"], "ability": "Inner Focus", "evs": {"hp": 85, "atk": 0, "def": 85, "spa": 85, "spd": 85, "spe": 85}, "ivs": {"hp": 31, "atk": 0, "def": 31, "spa": 31, "spd": 31, "spe": 31}, "item": "Life Orb", "teraType": "Fighting", "role": "Setup Sweeper", "bvs": {"hp": 70, "atk": 110, "def": 70, "spa": 115, "spd": 70, "spe": 90}, "stats": {"hp": 255, "atk": 189, "def": 166, "spa": 241, "spd": 166, "spe": 199}, "types": ["Fighting", "Steel"]}, "Krookodile": {"name": "Krookodile", "species": "Krookodile", "speciesId": "krookodile", "gender": "M", "shiny": false, "level": 79, "moves": ["knockoff", "earthquake", "stoneedge", "gunkshot"], "ability": "Intimidate", "evs": {"hp": 85, "atk": 85, "def": 85, "spa": 85, "spd": 85, "spe": 85}, "ivs": {"hp": 31, "atk": 31, "def": 31, "spa": 31, "spd": 31, "spe": 31}, "item": "Choice Band", "teraType": "Ground", "role": "Fast Attacker", "bvs": {"hp": 95, "atk": 117, "def": 80, "spa": 65, "spd": 70, "spe": 92}, "stats": {"hp": 280, "atk": 230, "def": 172, "spa": 148, "spd": 156, "spe": 191}, "types": ["Ground", "Dark"]}}, {"Porygon-Z": {"name": "Porygon-Z", "species": "Porygon-Z", "speciesId": "porygonz", "gender": "N", "shiny": false, "level": 83, "moves": ["triattack", "icebeam", "trick", "shadowball"], "ability": "Adaptability", "evs": {"hp": 85, "atk": 0, "def": 85, "spa": 85, "spd": 85, "spe": 85}, "ivs": {"hp": 31, "atk": 0, "def": 31, "spa": 31, "spd": 31, "spe": 31}, "item": "Choice Scarf", "teraType": "Ghost", "role": "Fast Attacker", "bvs": {"hp": 85, "atk": 80, "def": 70, "spa": 135, "spd": 75, "spe": 90}, "stats": {"hp": 277, "atk": 137, "def": 164, "spa": 272, "spd": 172, "spe": 197}, "types": ["Normal"]}, "Deoxys": {"name": "Deoxys", "species": "Deoxys-Defense", "speciesId": "deoxysdefense", "gender": "N", "shiny": false, "level": 84, "moves": ["cosmicpower", "nightshade", "storedpower", "recover"], "ability": "Pressure", "evs": {"hp": 85, "atk": 0, "def": 85, "spa": 85, "spd": 85, "spe": 85}, "ivs": {"hp": 31, "atk": 0, "def": 31, "spa": 31, "spd": 31, "spe": 31}, "item": "Leftovers", "teraType": "Steel", "role": "Bulky Setup", "bvs": {"hp": 50, "atk": 70, "def": 160, "spa": 70, "spd": 160, "spe": 90}, "stats": {"hp": 221, "atk": 122, "def": 317, "spa": 166, "spd": 317, "spe": 199}, "types": ["Psychic"]}, "Scrafty": {"name": "Scrafty", "species": "Scrafty", "speciesId": "scrafty", "gender": "F", "shiny": false, "level": 83, "moves": ["knockoff", "drainpunch", "dragondance", "poisonjab"], "ability": "Intimidate", "evs": {"hp": 85, "atk": 85, "def": 85, "spa": 85, "spd": 85, "spe": 85}, "ivs": {"hp": 31, "atk": 31, "def": 31, "spa": 31, "spd": 31, "spe": 31}, "item": "Leftovers", "teraType": "Poison", "role": "Bulky Attacker", "bvs": {"hp": 65, "atk": 90, "def": 115, "spa": 45, "spd": 115, "spe": 58}, "stats": {"hp": 244, "atk": 197, "def": 239, "spa": 122, "spd": 239, "spe": 144}, "types": ["Dark", "Fighting"]}, "Swalot": {"name": "Swalot", "species": "Swalot", "speciesId": "swalot", "gender": "F", "shiny": false, "level": 90, "moves": ["encore", "sludgebomb", "knockoff", "icebeam"], "ability": "Liquid Ooze", "evs": {"hp": 85, "atk": 85, "def": 85, "spa": 85, "spd": 85, "spe": 85}, "ivs": {"hp": 31, "atk": 31, "def": 31, "spa": 31, "spd": 31, "spe": 31}, "item": "Leftovers", "teraType": "Dark", "role": "Bulky Attacker", "bvs": {"hp": 100, "atk": 73, "def": 83, "spa": 73, "spd": 83, "spe": 55}, "stats": {"hp": 326, "atk": 183, "def": 201, "spa": 183, "spd": 201, "spe": 150}, "types": ["Poison"]}, "Gengar": {"name": "Gengar", "species": "Gengar", "speciesId": "gengar", "gender": "F", "shiny": false, "level": 81, "moves": ["sludgewave", "shadowball", "toxicspikes", "encore"], "ability": "Cursed Body", "evs": {"hp": 85, "atk": 0, "def": 85, "spa": 85, "spd": 85, "spe": 85}, "ivs": {"hp": 31, "atk": 0, "def": 31, "spa": 31, "spd": 31, "spe": 31}, "item": "Life Orb", "teraType": "Dark", "role": "Fast Attacker", "bvs": {"hp": 60, "atk": 65, "def": 60, "spa": 130, "spd": 75, "spe": 110}, "stats": {"hp": 230, "atk": 110, "def": 144, "spa": 257, "spd": 168, "spe": 225}, "types": ["Ghost", "Poison"]}, "Jirachi": {"name": "Jirachi", "species": "Jirachi", "speciesId": "jirachi", "gender": "N", "shiny": false, "level": 80, "moves": ["bodyslam", "drainpunch", "ironhead", "uturn"], "ability": "Serene Grace", "evs": {"hp": 85, "atk": 85, "def": 85, "spa": 85, "spd": 85, "spe": 85}, "ivs": {"hp": 31, "atk": 31, "def": 31, "spa": 31, "spd": 31, "spe": 31}, "item": "Assault Vest", "teraType": "Fighting", "role": "Bulky Attacker", "bvs": {"hp": 100, "atk": 100, "def": 100, "spa": 100, "spd": 100, "spe": 100}, "stats": {"hp": 291, "atk": 206, "def": 206, "spa": 206, "spd": 206, "spe": 206}, "types": ["Steel", "Psychic"]}}]}