{"id": "gen9randombattle-2641425570", "format": "[Gen 9] Random Battle", "players": ["ohohiwantmore", "TSM-Virgil"], "log": "|badge|p1|bronze|gen9randombattle|100-9\n|html|<div class=\"broadcast-red\"><strong>This battle is required to be public due to one or more player having a season medal.</strong><br />During the public phase, you can discuss the state of the ladder <a href=\"/seasondiscussion\">in a special chatroom.</a></div>\n|uhtml|medal-msg|<div class=\"broadcast-blue\">Curious what those medals under the avatar are? PS now has Ladder Seasons! For more information, check out the <a href=\"https://www.smogon.com/forums/threads/3740067/\">thread on Smogon.</a></div>\n|j|\u2606ohohiwantmore\n|j|\u2606TSM-Virgil\n|t:|1782782888\n|gametype|singles\n|player|p1|ohohiwantmore|266|2338\n|player|p2|TSM-Virgil|acetrainer|2217\n|gen|9\n|tier|[Gen 9] Random Battle\n|rated|\n|rule|Species Clause: Limit one of each Pok\u00e9mon\n|rule|HP Percentage Mod: HP is shown in percentages\n|rule|Sleep Clause Mod: Limit one foe put to sleep\n|rule|Illusion Level Mod: Illusion disguises the Pok\u00e9mon's true level\n|\n|t:|1782782888\n|teamsize|p1|6\n|teamsize|p2|6\n|start\n|switch|p1a: Iron Bundle|Iron Bundle, L78|215/215\n|switch|p2a: Iron Hands|Iron Hands, L79|373/373\n|turn|1\n|inactive|Battle timer is ON: inactive players will automatically lose when time's up. (requested by TSM-Virgil)\n|inactive|ohohiwantmore also wants the timer to be on.\n|\n|t:|1782782906\n|-end|p1a: Iron Bundle|Quark Drive|[silent]\n|switch|p1a: Camerupt|Camerupt, L91, F|275/275\n|move|p2a: Iron Hands|Fake Out|p1a: Camerupt\n|-damage|p1a: Camerupt|240/275\n|\n|-heal|p1a: Camerupt|257/275|[from] item: Leftovers\n|upkeep\n|turn|2\n|inactive|TSM-Virgil has 120 seconds left.\n|\n|t:|1782782955\n|-end|p2a: Iron Hands|Quark Drive|[silent]\n|switch|p2a: Slowbro|Slowbro, L85, M|300/300\n|move|p1a: Camerupt|Stealth Rock|p2a: Slowbro\n|-sidestart|p2: TSM-Virgil|move: Stealth Rock\n|\n|-heal|p1a: Camerupt|274/275|[from] item: Leftovers\n|upkeep\n|turn|3\n|\n|t:|1782782963\n|switch|p1a: Mightyena|Mightyena, L96, M|290/290\n|-ability|p1a: Mightyena|Intimidate|boost\n|-unboost|p2a: Slowbro|atk|1\n|move|p2a: Slowbro|Psychic Noise|p1a: Mightyena\n|-immune|p1a: Mightyena\n|\n|upkeep\n|turn|4\n|\n|t:|1782782971\n|switch|p2a: Iron Hands|Iron Hands, L79|373/373\n|-damage|p2a: Iron Hands|350/373|[from] Stealth Rock\n|move|p1a: Mightyena|Poison Fang|p2a: Iron Hands\n|-damage|p2a: Iron Hands|310/373\n|-status|p2a: Iron Hands|tox\n|\n|-damage|p2a: Iron Hands|287/373 tox|[from] psn\n|upkeep\n|turn|5\n|inactive|TSM-Virgil has 120 seconds left.\n|\n|t:|1782783002\n|switch|p1a: Camerupt|Camerupt, L91, F|274/275\n|move|p2a: Iron Hands|Close Combat|p1a: Camerupt\n|-damage|p1a: Camerupt|112/275\n|-unboost|p2a: Iron Hands|def|1\n|-unboost|p2a: Iron Hands|spd|1\n|\n|-heal|p1a: Camerupt|129/275|[from] item: Leftovers\n|-damage|p2a: Iron Hands|241/373 tox|[from] psn\n|upkeep\n|turn|6\n|\n|t:|1782783014\n|move|p1a: Camerupt|Earthquake|p2a: Iron Hands\n|-supereffective|p2a: Iron Hands\n|-crit|p2a: Iron Hands\n|-damage|p2a: Iron Hands|0 fnt\n|faint|p2a: Iron Hands\n|-end|p2a: Iron Hands|Quark Drive|[silent]\n|\n|-heal|p1a: Camerupt|146/275|[from] item: Leftovers\n|upkeep\n|c|\u2606TSM-Virgil|Punished\n|\n|t:|1782783026\n|switch|p2a: Slowbro|Slowbro, L85, M|300/300\n|-damage|p2a: Slowbro|263/300|[from] Stealth Rock\n|turn|7\n|\n|t:|1782783031\n|switch|p1a: Victreebel|Victreebel, L90, F|290/290\n|move|p2a: Slowbro|Scald|p1a: Victreebel\n|-resisted|p1a: Victreebel\n|-damage|p1a: Victreebel|242/290\n|\n|upkeep\n|turn|8\n|inactive|TSM-Virgil has 90 seconds left.\n|\n|t:|1782783064\n|move|p1a: Victreebel|Sleep Powder|p2a: Slowbro\n|-status|p2a: Slowbro|slp|[from] move: Sleep Powder\n|cant|p2a: Slowbro|slp\n|\n|upkeep\n|turn|9\n|\n|t:|1782783070\n|switch|p2a: Kyurem|Kyurem-White, L73|303/303\n|-damage|p2a: Kyurem|228/303|[from] Stealth Rock\n|-ability|p2a: Kyurem|Turboblaze\n|move|p1a: Victreebel|Power Whip|p2a: Kyurem\n|-resisted|p2a: Kyurem\n|-damage|p2a: Kyurem|115/303\n|-damage|p1a: Victreebel|213/290|[from] item: Life Orb\n|\n|upkeep\n|turn|10\n|inactive|TSM-Virgil has 90 seconds left.\n|\n|t:|1782783113\n|switch|p1a: Camerupt|Camerupt, L91, F|146/275\n|move|p2a: Kyurem|Freeze-Dry|p1a: Camerupt\n|-damage|p1a: Camerupt|10/275\n|\n|-heal|p1a: Camerupt|27/275|[from] item: Leftovers\n|upkeep\n|turn|11\n|\n|t:|1782783127\n|move|p2a: Kyurem|Freeze-Dry|p1a: Camerupt\n|-damage|p1a: Camerupt|0 fnt\n|faint|p1a: Camerupt\n|\n|upkeep\n|\n|t:|1782783131\n|switch|p1a: Iron Bundle|Iron Bundle, L78|215/215\n|turn|12\n|inactive|TSM-Virgil has 90 seconds left.\n|\n|t:|1782783138\n|move|p1a: Iron Bundle|Ice Beam|p2a: Kyurem\n|-damage|p2a: Kyurem|7/303\n|move|p2a: Kyurem|Freeze-Dry|p1a: Iron Bundle\n|-damage|p1a: Iron Bundle|35/215\n|\n|upkeep\n|turn|13\n|\n|t:|1782783146\n|move|p1a: Iron Bundle|Ice Beam|p2a: Kyurem\n|-damage|p2a: Kyurem|0 fnt\n|faint|p2a: Kyurem\n|\n|upkeep\n|\n|t:|1782783148\n|switch|p2a: Raikou|Raikou, L81|278/278\n|-damage|p2a: Raikou|244/278|[from] Stealth Rock\n|-ability|p2a: Raikou|Pressure\n|turn|14\n|\n|t:|1782783155\n|move|p1a: Iron Bundle|Hydro Pump|p2a: Raikou\n|-damage|p2a: Raikou|118/278\n|move|p2a: Raikou|Thunderbolt|p1a: Iron Bundle\n|-supereffective|p1a: Iron Bundle\n|-damage|p1a: Iron Bundle|0 fnt\n|faint|p1a: Iron Bundle\n|-end|p1a: Iron Bundle|Quark Drive|[silent]\n|\n|-heal|p2a: Raikou|135/278|[from] item: Leftovers\n|upkeep\n|\n|t:|1782783162\n|switch|p1a: Victreebel|Victreebel, L90, F|213/290\n|turn|15\n|inactive|TSM-Virgil has 120 seconds left.\n|\n|t:|1782783168\n|move|p2a: Raikou|Substitute|p2a: Raikou\n|-start|p2a: Raikou|Substitute\n|-damage|p2a: Raikou|66/278\n|move|p1a: Victreebel|Power Whip|p2a: Raikou\n|-end|p2a: Raikou|Substitute\n|-damage|p1a: Victreebel|184/290|[from] item: Life Orb\n|\n|-heal|p2a: Raikou|83/278|[from] item: Leftovers\n|upkeep\n|turn|16\n|\n|t:|1782783173\n|move|p2a: Raikou|Substitute|p2a: Raikou\n|-start|p2a: Raikou|Substitute\n|-damage|p2a: Raikou|14/278\n|move|p1a: Victreebel|Sludge Wave|p2a: Raikou\n|-end|p2a: Raikou|Substitute\n|-damage|p1a: Victreebel|155/290|[from] item: Life Orb\n|\n|-heal|p2a: Raikou|31/278|[from] item: Leftovers\n|upkeep\n|turn|17\n|\n|t:|1782783177\n|move|p2a: Raikou|Scald|p1a: Victreebel\n|-resisted|p1a: Victreebel\n|-damage|p1a: Victreebel|119/290\n|move|p1a: Victreebel|Strength Sap|p2a: Raikou\n|-unboost|p2a: Raikou|atk|1\n|-heal|p1a: Victreebel|261/290\n|\n|-heal|p2a: Raikou|48/278|[from] item: Leftovers\n|upkeep\n|turn|18\n|\n|t:|1782783183\n|move|p2a: Raikou|Scald|p1a: Victreebel\n|-resisted|p1a: Victreebel\n|-damage|p1a: Victreebel|230/290\n|move|p1a: Victreebel|Sludge Wave|p2a: Raikou\n|-damage|p2a: Raikou|0 fnt\n|faint|p2a: Raikou\n|-damage|p1a: Victreebel|201/290|[from] item: Life Orb\n|\n|upkeep\n|\n|t:|1782783195\n|switch|p2a: Groudon|Groudon, L72|263/263\n|-damage|p2a: Groudon|247/263|[from] Stealth Rock\n|-weather|SunnyDay|[from] ability: Drought|[of] p2a: Groudon\n|turn|19\n|\n|t:|1782783201\n|switch|p1a: Cramorant|Cramorant, L86, F|261/261\n|-terastallize|p2a: Groudon|Fire\n|move|p2a: Groudon|Heat Crash|p1a: Cramorant\n|-resisted|p1a: Cramorant\n|-damage|p1a: Cramorant|125/261\n|\n|-weather|SunnyDay|[upkeep]\n|-heal|p2a: Groudon|263/263|[from] item: Leftovers\n|upkeep\n|turn|20\n|\n|t:|1782783218\n|switch|p1a: Mightyena|Mightyena, L96, M|290/290\n|-ability|p1a: Mightyena|Intimidate|boost\n|-unboost|p2a: Groudon|atk|1\n|move|p2a: Groudon|Heat Crash|p1a: Mightyena\n|-damage|p1a: Mightyena|163/290\n|\n|-weather|SunnyDay|[upkeep]\n|upkeep\n|turn|21\n|\n|t:|1782783227\n|move|p1a: Mightyena|Super Fang|p2a: Groudon\n|-damage|p2a: Groudon|132/263\n|move|p2a: Groudon|Swords Dance|p2a: Groudon\n|-boost|p2a: Groudon|atk|2\n|\n|-weather|SunnyDay|[upkeep]\n|-heal|p2a: Groudon|148/263|[from] item: Leftovers\n|upkeep\n|turn|22\n|\n|t:|1782783233\n|move|p1a: Mightyena|Crunch|p2a: Groudon\n|-damage|p2a: Groudon|66/263\n|move|p2a: Groudon|Heat Crash|p1a: Mightyena\n|-damage|p1a: Mightyena|0 fnt\n|faint|p1a: Mightyena\n|\n|-weather|SunnyDay|[upkeep]\n|-heal|p2a: Groudon|82/263|[from] item: Leftovers\n|upkeep\n|\n|t:|1782783238\n|switch|p1a: Cramorant|Cramorant, L86, F|125/261\n|turn|23\n|\n|t:|1782783243\n|move|p1a: Cramorant|Surf|p2a: Groudon\n|-formechange|p1a: Cramorant|Cramorant-Gorging|\n|-supereffective|p2a: Groudon\n|-damage|p2a: Groudon|0 fnt\n|faint|p2a: Groudon\n|\n|-weather|none\n|upkeep\n|\n|t:|1782783248\n|switch|p2a: Slowbro|Slowbro, L85, M|300/300 slp\n|-damage|p2a: Slowbro|263/300 slp|[from] Stealth Rock\n|turn|24\n|\n|t:|1782783251\n|move|p1a: Cramorant|Brave Bird|p2a: Slowbro\n|-damage|p2a: Slowbro|166/300 slp\n|-damage|p1a: Cramorant|93/261|[from] Recoil\n|-curestatus|p2a: Slowbro|slp|[msg]\n|move|p2a: Slowbro|Psychic Noise|p1a: Cramorant\n|-damage|p1a: Cramorant|14/261\n|-start|p1a: Cramorant|move: Heal Block\n|-damage|p2a: Slowbro|91/300|[from] ability: Gulp Missile|[of] p1a: Cramorant\n|-status|p2a: Slowbro|par\n|-formechange|p1a: Cramorant|Cramorant|\n|\n|upkeep\n|turn|25\n|\n|t:|1782783261\n|switch|p2a: Terrakion|Terrakion, L79|273/273\n|-damage|p2a: Terrakion|256/273|[from] Stealth Rock\n|move|p1a: Cramorant|Brave Bird|p2a: Terrakion\n|-damage|p2a: Terrakion|136/273\n|-damage|p1a: Cramorant|0 fnt|[from] Recoil\n|faint|p1a: Cramorant\n|\n|upkeep\n|\n|t:|1782783266\n|switch|p1a: Victreebel|Victreebel, L90, F|201/290\n|turn|26\n|\n|t:|1782783274\n|move|p2a: Terrakion|Stone Edge|p1a: Victreebel\n|-damage|p1a: Victreebel|14/290\n|move|p1a: Victreebel|Power Whip|p2a: Terrakion|[miss]\n|-miss|p1a: Victreebel|p2a: Terrakion\n|\n|upkeep\n|turn|27\n|\n|t:|1782783281\n|move|p2a: Terrakion|Stone Edge|p1a: Victreebel\n|-damage|p1a: Victreebel|0 fnt\n|faint|p1a: Victreebel\n|\n|upkeep\n|\n|t:|1782783283\n|switch|p1a: Tyranitar|Tyranitar, L78, M|284/284\n|-weather|Sandstorm|[from] ability: Sand Stream|[of] p1a: Tyranitar\n|turn|28\n|\n|t:|1782783290\n|switch|p2a: Slowbro|Slowbro, L85, M|191/300 par\n|-damage|p2a: Slowbro|154/300 par|[from] Stealth Rock\n|move|p1a: Tyranitar|Dragon Dance|p1a: Tyranitar\n|-boost|p1a: Tyranitar|atk|1\n|-boost|p1a: Tyranitar|spe|1\n|\n|-weather|Sandstorm|[upkeep]\n|-damage|p2a: Slowbro|136/300 par|[from] Sandstorm\n|upkeep\n|turn|29\n|\n|t:|1782783295\n|move|p1a: Tyranitar|Knock Off|p2a: Slowbro\n|-supereffective|p2a: Slowbro\n|-damage|p2a: Slowbro|0 fnt\n|-enditem|p2a: Slowbro|Assault Vest|[from] move: Knock Off|[of] p1a: Tyranitar\n|faint|p2a: Slowbro\n|\n|-weather|Sandstorm|[upkeep]\n|upkeep\n|\n|t:|1782783297\n|switch|p2a: Terrakion|Terrakion, L79|136/273\n|-damage|p2a: Terrakion|119/273|[from] Stealth Rock\n|turn|30\n|\n|t:|1782783306\n|-terastallize|p1a: Tyranitar|Ghost\n|move|p2a: Terrakion|Stone Edge|p1a: Tyranitar\n|-damage|p1a: Tyranitar|133/284\n|move|p1a: Tyranitar|Earthquake|p2a: Terrakion\n|-supereffective|p2a: Terrakion\n|-damage|p2a: Terrakion|0 fnt\n|faint|p2a: Terrakion\n|\n|win|ohohiwantmore\n", "inputlog": ">version f8ac14003a5f27e1bdc8d8c59608a773c1cb96e5\n>start {\"formatid\":\"gen9randombattle\",\"seed\":\"sodium,902af201d7f1ce77715612ad59d0369a\",\"rated\":\"Rated battle\"}\n>player p1 {\"name\":\"ohohiwantmore\",\"avatar\":\"266\",\"rating\":2338,\"seed\":\"sodium,1d017ca31ace9d241e79f3b712658c6a\"}\n>player p2 {\"name\":\"TSM-Virgil\",\"avatar\":\"acetrainer\",\"rating\":2217,\"seed\":\"sodium,9ce7c0acb8a27cd5d595ffac84d2dbbb\"}\n>p1 switch 4\n>p2 move fakeout\n>p1 move stealthrock\n>p2 switch 4\n>p1 switch 5\n>p2 move psychicnoise\n>p1 move poisonfang\n>p2 switch 4\n>p1 switch 5\n>p2 move closecombat\n>p1 move earthquake\n>p2 move closecombat\n>chat \u2606TSM-Virgil|Punished\n>p2 switch 4\n>p1 switch 3\n>p2 move scald\n>p1 move sleeppowder\n>p2 move psychicnoise\n>p1 move powerwhip\n>p2 switch 3\n>p1 switch 3\n>p2 move freezedry\n>p1 move roar\n>p2 move freezedry\n>p1 switch 4\n>p1 move icebeam\n>p2 move freezedry\n>p1 move icebeam\n>p2 move freezedry\n>p2 switch 2\n>p1 move hydropump\n>p2 move thunderbolt\n>p1 switch 3\n>p1 move powerwhip\n>p2 move substitute\n>p1 move sludgewave\n>p2 move substitute\n>p1 move strengthsap\n>p2 move scald\n>p1 move sludgewave\n>p2 move scald\n>p2 switch 5\n>p1 switch 6\n>p2 move heatcrash terastallize\n>p1 switch 5\n>p2 move heatcrash\n>p1 move superfang\n>p2 move swordsdance\n>p1 move crunch\n>p2 move heatcrash\n>p1 switch 5\n>p1 move surf\n>p2 move heatcrash\n>p2 switch 3\n>p1 move bravebird\n>p2 move psychicnoise\n>p1 move bravebird\n>p2 switch 6\n>p1 switch 6\n>p1 move powerwhip\n>p2 move stoneedge\n>p1 move powerwhip\n>p2 move stoneedge\n>p1 switch 2\n>p1 move dragondance\n>p2 switch 6\n>p1 move knockoff\n>p2 move scald\n>p2 switch 6\n>p1 move earthquake terastallize\n>p2 move stoneedge", "uploadtime": 1782782890, "views": 4, "formatid": "gen9randombattle", "rating": null, "private": 0, "password": null, "player_dets": [{"name": "ohohiwantmore", "avatar": "266", "rating": 2338, "seed": "sodium,1d017ca31ace9d241e79f3b712658c6a"}, {"name": "TSM-Virgil", "avatar": "acetrainer", "rating": 2217, "seed": "sodium,9ce7c0acb8a27cd5d595ffac84d2dbbb"}], "teams_full": [{"Iron Bundle": {"name": "Iron Bundle", "species": "Iron Bundle", "speciesId": "ironbundle", "gender": "N", "shiny": false, "level": 78, "moves": ["icebeam", "freezedry", "hydropump", "encore"], "ability": "Quark Drive", "evs": {"hp": 85, "atk": 0, "def": 85, "spa": 85, "spd": 85, "spe": 85}, "ivs": {"hp": 31, "atk": 0, "def": 31, "spa": 31, "spd": 31, "spe": 31}, "item": "Heavy-Duty Boots", "teraType": "Ice", "role": "Fast Attacker", "bvs": {"hp": 56, "atk": 80, "def": 114, "spa": 124, "spd": 60, "spe": 136}, "stats": {"hp": 215, "atk": 129, "def": 223, "spa": 239, "spd": 139, "spe": 257}, "types": ["Ice", "Water"]}, "Tyranitar": {"name": "Tyranitar", "species": "Tyranitar", "speciesId": "tyranitar", "gender": "M", "shiny": false, "level": 78, "moves": ["stoneedge", "earthquake", "dragondance", "knockoff"], "ability": "Sand Stream", "evs": {"hp": 85, "atk": 85, "def": 85, "spa": 85, "spd": 85, "spe": 85}, "ivs": {"hp": 31, "atk": 31, "def": 31, "spa": 31, "spd": 31, "spe": 31}, "item": "Weakness Policy", "teraType": "Ghost", "role": "Bulky Setup", "bvs": {"hp": 100, "atk": 134, "def": 110, "spa": 95, "spd": 100, "spe": 61}, "stats": {"hp": 284, "atk": 254, "def": 217, "spa": 193, "spd": 201, "spe": 140}, "types": ["Rock", "Dark"]}, "Victreebel": {"name": "Victreebel", "species": "Victreebel", "speciesId": "victreebel", "gender": "F", "shiny": false, "level": 90, "moves": ["powerwhip", "sleeppowder", "sludgewave", "strengthsap"], "ability": "Chlorophyll", "evs": {"hp": 85, "atk": 85, "def": 85, "spa": 85, "spd": 85, "spe": 85}, "ivs": {"hp": 31, "atk": 31, "def": 31, "spa": 31, "spd": 31, "spe": 31}, "item": "Life Orb", "teraType": "Steel", "role": "Wallbreaker", "bvs": {"hp": 80, "atk": 105, "def": 65, "spa": 100, "spd": 70, "spe": 70}, "stats": {"hp": 290, "atk": 240, "def": 168, "spa": 231, "spd": 177, "spe": 177}, "types": ["Grass", "Poison"]}, "Camerupt": {"name": "Camerupt", "species": "Camerupt", "speciesId": "camerupt", "gender": "F", "shiny": false, "level": 91, "moves": ["roar", "overheat", "stealthrock", "earthquake"], "ability": "Solid Rock", "evs": {"hp": 85, "atk": 85, "def": 85, "spa": 85, "spd": 85, "spe": 85}, "ivs": {"hp": 31, "atk": 31, "def": 31, "spa": 31, "spd": 31, "spe": 31}, "item": "Leftovers", "teraType": "Grass", "role": "Bulky Support", "bvs": {"hp": 70, "atk": 100, "def": 70, "spa": 105, "spd": 75, "spe": 40}, "stats": {"hp": 275, "atk": 234, "def": 179, "spa": 243, "spd": 188, "spe": 125}, "types": ["Fire", "Ground"]}, "Mightyena": {"name": "Mightyena", "species": "Mightyena", "speciesId": "mightyena", "gender": "M", "shiny": false, "level": 96, "moves": ["superfang", "crunch", "suckerpunch", "poisonfang"], "ability": "Intimidate", "evs": {"hp": 85, "atk": 85, "def": 85, "spa": 85, "spd": 85, "spe": 85}, "ivs": {"hp": 31, "atk": 31, "def": 31, "spa": 31, "spd": 31, "spe": 31}, "item": "Assault Vest", "teraType": "Poison", "role": "AV Pivot", "bvs": {"hp": 70, "atk": 90, "def": 70, "spa": 60, "spd": 60, "spe": 70}, "stats": {"hp": 290, "atk": 227, "def": 189, "spa": 170, "spd": 170, "spe": 189}, "types": ["Dark"]}, "Cramorant": {"name": "Cramorant", "species": "Cramorant", "speciesId": "cramorant", "gender": "F", "shiny": false, "level": 86, "moves": ["bravebird", "roost", "defog", "surf"], "ability": "Gulp Missile", "evs": {"hp": 85, "atk": 85, "def": 85, "spa": 85, "spd": 85, "spe": 85}, "ivs": {"hp": 31, "atk": 31, "def": 31, "spa": 31, "spd": 31, "spe": 31}, "item": "Heavy-Duty Boots", "teraType": "Ground", "role": "Bulky Support", "bvs": {"hp": 70, "atk": 85, "def": 55, "spa": 85, "spd": 95, "spe": 85}, "stats": {"hp": 261, "atk": 195, "def": 144, "spa": 195, "spd": 213, "spe": 195}, "types": ["Flying", "Water"]}}, {"Iron Hands": {"name": "Iron Hands", "species": "Iron Hands", "speciesId": "ironhands", "gender": "N", "shiny": false, "level": 79, "moves": ["fakeout", "closecombat", "wildcharge", "voltswitch"], "ability": "Quark Drive", "evs": {"hp": 85, "atk": 85, "def": 85, "spa": 85, "spd": 85, "spe": 85}, "ivs": {"hp": 31, "atk": 31, "def": 31, "spa": 31, "spd": 31, "spe": 31}, "item": "Assault Vest", "teraType": "Electric", "role": "AV Pivot", "bvs": {"hp": 154, "atk": 140, "def": 108, "spa": 50, "spd": 68, "spe": 50}, "stats": {"hp": 373, "atk": 267, "def": 216, "spa": 125, "spd": 153, "spe": 125}, "types": ["Fighting", "Electric"]}, "Raikou": {"name": "Raikou", "species": "Raikou", "speciesId": "raikou", "gender": "N", "shiny": false, "level": 81, "moves": ["substitute", "scald", "calmmind", "thunderbolt"], "ability": "Pressure", "evs": {"hp": 85, "atk": 0, "def": 85, "spa": 85, "spd": 85, "spe": 85}, "ivs": {"hp": 31, "atk": 0, "def": 31, "spa": 31, "spd": 31, "spe": 31}, "item": "Leftovers", "teraType": "Water", "role": "Bulky Setup", "bvs": {"hp": 90, "atk": 85, "def": 75, "spa": 115, "spd": 100, "spe": 115}, "stats": {"hp": 278, "atk": 142, "def": 168, "spa": 233, "spd": 209, "spe": 233}, "types": ["Electric"]}, "Kyurem": {"name": "Kyurem", "species": "Kyurem-White", "speciesId": "kyuremwhite", "gender": "N", "shiny": false, "level": 73, "moves": ["freezedry", "fusionflare", "dracometeor", "earthpower"], "ability": "Turboblaze", "evs": {"hp": 85, "atk": 0, "def": 85, "spa": 85, "spd": 85, "spe": 85}, "ivs": {"hp": 31, "atk": 0, "def": 31, "spa": 31, "spd": 31, "spe": 31}, "item": "Choice Specs", "teraType": "Fire", "role": "Fast Attacker", "bvs": {"hp": 125, "atk": 120, "def": 90, "spa": 170, "spd": 100, "spe": 95}, "stats": {"hp": 303, "atk": 180, "def": 174, "spa": 291, "spd": 188, "spe": 181}, "types": ["Dragon", "Ice"]}, "Slowbro": {"name": "Slowbro", "species": "Slowbro", "speciesId": "slowbro", "gender": "M", "shiny": false, "level": 85, "moves": ["bodypress", "icebeam", "scald", "psychicnoise"], "ability": "Regenerator", "evs": {"hp": 85, "atk": 0, "def": 85, "spa": 85, "spd": 85, "spe": 85}, "ivs": {"hp": 31, "atk": 0, "def": 31, "spa": 31, "spd": 31, "spe": 31}, "item": "Assault Vest", "teraType": "Fairy", "role": "AV Pivot", "bvs": {"hp": 95, "atk": 75, "def": 110, "spa": 100, "spd": 80, "spe": 30}, "stats": {"hp": 300, "atk": 132, "def": 236, "spa": 219, "spd": 185, "spe": 100}, "types": ["Water", "Psychic"]}, "Groudon": {"name": "Groudon", "species": "Groudon", "speciesId": "groudon", "gender": "N", "shiny": false, "level": 72, "moves": ["stoneedge", "swordsdance", "precipiceblades", "heatcrash"], "ability": "Drought", "evs": {"hp": 85, "atk": 85, "def": 85, "spa": 85, "spd": 85, "spe": 85}, "ivs": {"hp": 31, "atk": 31, "def": 31, "spa": 31, "spd": 31, "spe": 31}, "item": "Leftovers", "teraType": "Fire", "role": "Bulky Setup", "bvs": {"hp": 100, "atk": 150, "def": 140, "spa": 100, "spd": 90, "spe": 90}, "stats": {"hp": 263, "atk": 258, "def": 244, "spa": 186, "spd": 172, "spe": 172}, "types": ["Ground"]}, "Terrakion": {"name": "Terrakion", "species": "Terrakion", "speciesId": "terrakion", "gender": "N", "shiny": false, "level": 79, "moves": ["stoneedge", "quickattack", "earthquake", "closecombat"], "ability": "Justified", "evs": {"hp": 85, "atk": 85, "def": 85, "spa": 85, "spd": 85, "spe": 85}, "ivs": {"hp": 31, "atk": 31, "def": 31, "spa": 31, "spd": 31, "spe": 31}, "item": "Choice Band", "teraType": "Ground", "role": "Wallbreaker", "bvs": {"hp": 91, "atk": 129, "def": 90, "spa": 72, "spd": 90, "spe": 108}, "stats": {"hp": 273, "atk": 249, "def": 188, "spa": 159, "spd": 188, "spe": 216}, "types": ["Rock", "Fighting"]}}]}