{"id": "gen9randombattle-2641065002", "format": "[Gen 9] Random Battle", "players": ["thedeadflagblues", "My Life is Dance \u2764"], "log": "|badge|p2|bronze|gen9randombattle|100-9\n|html|<div class=\"broadcast-red\"><strong>This battle is required to be public due to one or more player having a season medal.</strong><br />During the public phase, you can discuss the state of the ladder <a href=\"/seasondiscussion\">in a special chatroom.</a></div>\n|uhtml|medal-msg|<div class=\"broadcast-blue\">Curious what those medals under the avatar are? PS now has Ladder Seasons! For more information, check out the <a href=\"https://www.smogon.com/forums/threads/3740067/\">thread on Smogon.</a></div>\n|raw|<div class=\"broadcast-blue\"><strong>This battle is required to be public due to a player having a name starting with 'medal'.</div>\n|j|\u2606thedeadflagblues\n|j|\u2606My Life is Dance \u2764\n|t:|1782735112\n|gametype|singles\n|player|p1|thedeadflagblues|266|2255\n|player|p2|My Life is Dance \u2764|tierno|2258\n|gen|9\n|tier|[Gen 9] Random Battle\n|rated|\n|rule|Species Clause: Limit one of each Pok\u00e9mon\n|rule|HP Percentage Mod: HP is shown in percentages\n|rule|Sleep Clause Mod: Limit one foe put to sleep\n|rule|Illusion Level Mod: Illusion disguises the Pok\u00e9mon's true level\n|\n|t:|1782735112\n|teamsize|p1|6\n|teamsize|p2|6\n|start\n|switch|p1a: Hitmonlee|Hitmonlee, L85, M|224/224\n|switch|p2a: Hitmontop|Hitmontop, L88, M|231/231\n|turn|1\n|inactive|Battle timer is ON: inactive players will automatically lose when time's up. (requested by thedeadflagblues)\n|\n|t:|1782735132\n|switch|p2a: Pecharunt|Pecharunt, L77|262/262\n|move|p1a: Hitmonlee|Swords Dance|p1a: Hitmonlee\n|-boost|p1a: Hitmonlee|atk|2\n|\n|upkeep\n|turn|2\n|\n|t:|1782735145\n|move|p1a: Hitmonlee|Knock Off|p2a: Pecharunt\n|-supereffective|p2a: Pecharunt\n|-damage|p2a: Pecharunt|48/262\n|-enditem|p2a: Pecharunt|Leftovers|[from] move: Knock Off|[of] p1a: Hitmonlee\n|move|p2a: Pecharunt|Malignant Chain|p1a: Hitmonlee\n|-damage|p1a: Hitmonlee|152/224\n|-status|p1a: Hitmonlee|tox\n|-start|p1a: Hitmonlee|confusion|[from] ability: Poison Puppeteer|[of] p2a: Pecharunt\n|\n|-damage|p1a: Hitmonlee|138/224 tox|[from] psn\n|upkeep\n|turn|3\n|\n|t:|1782735154\n|-activate|p1a: Hitmonlee|confusion\n|move|p1a: Hitmonlee|Knock Off|p2a: Pecharunt\n|-supereffective|p2a: Pecharunt\n|-damage|p2a: Pecharunt|0 fnt\n|faint|p2a: Pecharunt\n|\n|-damage|p1a: Hitmonlee|110/224 tox|[from] psn\n|upkeep\n|\n|t:|1782735160\n|switch|p2a: Electivire|Electivire, L84, M|263/263\n|turn|4\n|\n|t:|1782735171\n|move|p2a: Electivire|Earthquake|p1a: Hitmonlee\n|-damage|p1a: Hitmonlee|0 fnt\n|faint|p1a: Hitmonlee\n|-damage|p2a: Electivire|237/263|[from] item: Life Orb\n|\n|upkeep\n|\n|t:|1782735176\n|switch|p1a: Pyroar|Pyroar, L88, F|295/295\n|-ability|p1a: Pyroar|Unnerve\n|turn|5\n|\n|t:|1782735182\n|switch|p2a: Sandaconda|Sandaconda, L84, F|258/258\n|move|p1a: Pyroar|Will-O-Wisp|p2a: Sandaconda\n|-status|p2a: Sandaconda|brn\n|\n|-damage|p2a: Sandaconda|242/258 brn|[from] brn\n|upkeep\n|turn|6\n|\n|t:|1782735190\n|switch|p1a: Vespiquen|Vespiquen, L99, F|299/299\n|-ability|p1a: Vespiquen|Pressure\n|move|p2a: Sandaconda|Scale Shot|p1a: Vespiquen\n|-damage|p1a: Vespiquen|292/299\n|-damage|p1a: Vespiquen|284/299\n|-damage|p1a: Vespiquen|276/299\n|-damage|p1a: Vespiquen|269/299\n|-hitcount|p1a: Vespiquen|4\n|-unboost|p2a: Sandaconda|def|1\n|-boost|p2a: Sandaconda|spe|1\n|\n|-damage|p2a: Sandaconda|226/258 brn|[from] brn\n|upkeep\n|turn|7\n|j| Matuidi14\n|\n|t:|1782735198\n|move|p2a: Sandaconda|Coil|p2a: Sandaconda\n|-boost|p2a: Sandaconda|atk|1\n|-boost|p2a: Sandaconda|def|1\n|-boost|p2a: Sandaconda|accuracy|1\n|move|p1a: Vespiquen|Spikes|p2a: Sandaconda\n|-sidestart|p2: My Life is Dance \u2764|Spikes\n|\n|-damage|p2a: Sandaconda|210/258 brn|[from] brn\n|upkeep\n|turn|8\n|\n|t:|1782735206\n|move|p2a: Sandaconda|Coil|p2a: Sandaconda\n|-boost|p2a: Sandaconda|atk|1\n|-boost|p2a: Sandaconda|def|1\n|-boost|p2a: Sandaconda|accuracy|1\n|move|p1a: Vespiquen|Air Slash|p2a: Sandaconda\n|-damage|p2a: Sandaconda|95/258 brn\n|\n|-damage|p2a: Sandaconda|79/258 brn|[from] brn\n|upkeep\n|turn|9\n|\n|t:|1782735221\n|move|p2a: Sandaconda|Rock Blast|p1a: Vespiquen\n|-supereffective|p1a: Vespiquen\n|-damage|p1a: Vespiquen|215/299\n|-supereffective|p1a: Vespiquen\n|-damage|p1a: Vespiquen|155/299\n|-supereffective|p1a: Vespiquen\n|-damage|p1a: Vespiquen|93/299\n|-supereffective|p1a: Vespiquen\n|-damage|p1a: Vespiquen|31/299\n|-supereffective|p1a: Vespiquen\n|-damage|p1a: Vespiquen|0 fnt\n|faint|p1a: Vespiquen\n|-hitcount|p1: Vespiquen|5\n|\n|-activate|p2a: Sandaconda|ability: Shed Skin\n|-curestatus|p2a: Sandaconda|brn|[msg]\n|upkeep\n|\n|t:|1782735233\n|switch|p1a: Lunala|Lunala, L70|308/308\n|turn|10\n|\n|t:|1782735239\n|-terastallize|p2a: Sandaconda|Dragon\n|move|p2a: Sandaconda|Scale Shot|p1a: Lunala\n|-damage|p1a: Lunala|274/308\n|-damage|p1a: Lunala|210/308\n|-damage|p1a: Lunala|141/308\n|-damage|p1a: Lunala|75/308\n|-hitcount|p1a: Lunala|4\n|-unboost|p2a: Sandaconda|def|1\n|-boost|p2a: Sandaconda|spe|1\n|move|p1a: Lunala|Moongeist Beam|p2a: Sandaconda\n|-damage|p2a: Sandaconda|0 fnt\n|faint|p2a: Sandaconda\n|\n|-heal|p1a: Lunala|94/308|[from] item: Leftovers\n|upkeep\n|inactive|My Life is Dance \u2764 has 120 seconds left.\n|\n|t:|1782735280\n|switch|p2a: Electivire|Electivire, L84, M|237/263\n|-damage|p2a: Electivire|205/263|[from] Spikes\n|turn|11\n|\n|t:|1782735290\n|move|p2a: Electivire|Earthquake|p1a: Lunala\n|-damage|p1a: Lunala|0 fnt\n|faint|p1a: Lunala\n|-damage|p2a: Electivire|179/263|[from] item: Life Orb\n|\n|upkeep\n|\n|t:|1782735293\n|switch|p1a: Pyroar|Pyroar, L88, F|295/295\n|-ability|p1a: Pyroar|Unnerve\n|turn|12\n|\n|t:|1782735298\n|move|p1a: Pyroar|Will-O-Wisp|p2a: Electivire\n|-status|p2a: Electivire|brn\n|move|p2a: Electivire|Earthquake|p1a: Pyroar\n|-supereffective|p1a: Pyroar\n|-damage|p1a: Pyroar|166/295\n|-damage|p2a: Electivire|153/263 brn|[from] item: Life Orb\n|\n|-damage|p2a: Electivire|137/263 brn|[from] brn\n|upkeep\n|turn|13\n|\n|t:|1782735301\n|move|p1a: Pyroar|Hyper Voice|p2a: Electivire\n|-damage|p2a: Electivire|8/263 brn\n|move|p2a: Electivire|Earthquake|p1a: Pyroar\n|-supereffective|p1a: Pyroar\n|-damage|p1a: Pyroar|52/295\n|-damage|p2a: Electivire|0 fnt|[from] item: Life Orb\n|faint|p2a: Electivire\n|\n|upkeep\n|\n|t:|1782735305\n|switch|p2a: Granbull|Granbull, L88, F|302/302\n|-damage|p2a: Granbull|265/302|[from] Spikes\n|-ability|p2a: Granbull|Intimidate|boost\n|-unboost|p1a: Pyroar|atk|1\n|turn|14\n|\n|t:|1782735312\n|move|p1a: Pyroar|Will-O-Wisp|p2a: Granbull\n|-status|p2a: Granbull|brn\n|move|p2a: Granbull|Earthquake|p1a: Pyroar\n|-supereffective|p1a: Pyroar\n|-damage|p1a: Pyroar|0 fnt\n|faint|p1a: Pyroar\n|\n|-heal|p2a: Granbull|283/302 brn|[from] item: Leftovers\n|-damage|p2a: Granbull|265/302 brn|[from] brn\n|upkeep\n|\n|t:|1782735326\n|switch|p1a: Cinccino|Cinccino, L83, F|260/260\n|turn|15\n|\n|t:|1782735331\n|move|p1a: Cinccino|Tail Slap|p2a: Granbull\n|-damage|p2a: Granbull|219/302 brn\n|-damage|p2a: Granbull|177/302 brn\n|-damage|p2a: Granbull|131/302 brn\n|-damage|p2a: Granbull|89/302 brn\n|-damage|p2a: Granbull|47/302 brn\n|-hitcount|p2a: Granbull|5\n|move|p2a: Granbull|Thunder Wave|p1a: Cinccino\n|-status|p1a: Cinccino|par\n|\n|-heal|p2a: Granbull|65/302 brn|[from] item: Leftovers\n|-damage|p2a: Granbull|47/302 brn|[from] brn\n|upkeep\n|turn|16\n|\n|t:|1782735335\n|move|p1a: Cinccino|Tail Slap|p2a: Granbull\n|-damage|p2a: Granbull|8/302 brn\n|-damage|p2a: Granbull|0 fnt\n|faint|p2a: Granbull\n|-hitcount|p2: Granbull|2\n|\n|upkeep\n|\n|t:|1782735339\n|switch|p2a: Hitmontop|Hitmontop, L88, M|231/231\n|-damage|p2a: Hitmontop|203/231|[from] Spikes\n|turn|17\n|\n|t:|1782735345\n|switch|p1a: Dedenne|Dedenne, L88, M|261/261\n|move|p2a: Hitmontop|Bulk Up|p2a: Hitmontop\n|-boost|p2a: Hitmontop|atk|1\n|-boost|p2a: Hitmontop|def|1\n|\n|-heal|p2a: Hitmontop|217/231|[from] item: Leftovers\n|upkeep\n|turn|18\n|\n|t:|1782735357\n|move|p1a: Dedenne|Dazzling Gleam|p2a: Hitmontop\n|-supereffective|p2a: Hitmontop\n|-damage|p2a: Hitmontop|79/231\n|move|p2a: Hitmontop|Rapid Spin|p1a: Dedenne\n|-damage|p1a: Dedenne|150/261\n|-boost|p2a: Hitmontop|spe|1\n|-sideend|p2: My Life is Dance \u2764|Spikes|[from] move: Rapid Spin|[of] p2a: Hitmontop\n|\n|-heal|p2a: Hitmontop|93/231|[from] item: Leftovers\n|upkeep\n|turn|19\n|\n|t:|1782735369\n|move|p2a: Hitmontop|Triple Axel|p1a: Dedenne\n|-damage|p1a: Dedenne|109/261\n|-enditem|p1a: Dedenne|Sitrus Berry|[eat]\n|-heal|p1a: Dedenne|174/261|[from] item: Sitrus Berry\n|-heal|p1a: Dedenne|261/261|[from] ability: Cheek Pouch\n|-crit|p1a: Dedenne\n|-damage|p1a: Dedenne|138/261\n|-damage|p1a: Dedenne|0 fnt\n|faint|p1a: Dedenne\n|-hitcount|p1: Dedenne|3\n|\n|-heal|p2a: Hitmontop|107/231|[from] item: Leftovers\n|upkeep\n|\n|t:|1782735371\n|switch|p1a: Cinccino|Cinccino, L83, F|260/260 par\n|turn|20\n|\n|t:|1782735382\n|move|p2a: Hitmontop|Close Combat|p1a: Cinccino\n|-supereffective|p1a: Cinccino\n|-damage|p1a: Cinccino|0 fnt\n|-unboost|p2a: Hitmontop|def|1\n|-unboost|p2a: Hitmontop|spd|1\n|faint|p1a: Cinccino\n|\n|win|My Life is Dance \u2764\n", "inputlog": ">version 3f8ef8cf60cebd2b18892af2794d10415e14a302\n>start {\"formatid\":\"gen9randombattle\",\"seed\":\"sodium,0f0220a082db4a8eb1fde8fd2abc6669\",\"rated\":\"Rated battle\"}\n>player p1 {\"name\":\"thedeadflagblues\",\"avatar\":\"266\",\"rating\":2255,\"seed\":\"sodium,2d500bbb924d313f47069987cdd015d2\"}\n>player p2 {\"name\":\"My Life is Dance \u2764\",\"avatar\":\"tierno\",\"rating\":2258,\"seed\":\"sodium,83bde0b4c97d9e2a4ce39fb714a87532\"}\n>p1 move swordsdance\n>p2 switch 6\n>p1 move knockoff\n>p2 move malignantchain\n>p1 move knockoff\n>p2 move recover\n>p2 switch 3\n>p1 move closecombat\n>p2 move earthquake\n>p1 switch 4\n>p1 move willowisp\n>p2 switch 2\n>p1 switch 3\n>p2 move scaleshot\n>p1 move spikes\n>p2 move coil\n>p1 move airslash\n>p2 move coil\n>p1 move airslash\n>p2 move rockblast\n>p1 switch 5\n>p1 move moongeistbeam\n>p2 move scaleshot terastallize\n>p2 switch 2\n>p1 move moongeistbeam\n>p2 move earthquake\n>p1 switch 3\n>p1 move willowisp\n>p2 move earthquake\n>p1 move hypervoice\n>p2 move earthquake\n>p2 switch 4\n>p1 move willowisp\n>p2 move earthquake\n>p1 switch 6\n>p1 move tailslap\n>p2 move thunderwave\n>p1 move tailslap\n>p2 move roar\n>p2 switch 6\n>p1 switch 2\n>p2 move bulkup\n>p1 move dazzlinggleam\n>p2 move rapidspin\n>p1 move dazzlinggleam\n>p2 move tripleaxel\n>p1 switch 2\n>p1 move tailslap\n>p2 move closecombat", "uploadtime": 1782735114, "views": 4, "formatid": "gen9randombattle", "rating": null, "private": 0, "password": null, "player_dets": [{"name": "thedeadflagblues", "avatar": "266", "rating": 2255, "seed": "sodium,2d500bbb924d313f47069987cdd015d2"}, {"name": "My Life is Dance \u2764", "avatar": "tierno", "rating": 2258, "seed": "sodium,83bde0b4c97d9e2a4ce39fb714a87532"}], "teams_full": [{"Hitmonlee": {"name": "Hitmonlee", "species": "Hitmonlee", "speciesId": "hitmonlee", "gender": "M", "shiny": false, "level": 85, "moves": ["knockoff", "closecombat", "swordsdance", "poisonjab"], "ability": "Unburden", "evs": {"hp": 85, "atk": 85, "def": 85, "spa": 85, "spd": 85, "spe": 85}, "ivs": {"hp": 31, "atk": 31, "def": 31, "spa": 31, "spd": 31, "spe": 31}, "item": "White Herb", "teraType": "Fighting", "role": "Setup Sweeper", "bvs": {"hp": 50, "atk": 120, "def": 53, "spa": 35, "spd": 110, "spe": 87}, "stats": {"hp": 224, "atk": 253, "def": 139, "spa": 108, "spd": 236, "spe": 197}, "types": ["Fighting"]}, "Dedenne": {"name": "Dedenne", "species": "Dedenne", "speciesId": "dedenne", "gender": "M", "shiny": false, "level": 88, "moves": ["nuzzle", "dazzlinggleam", "thunderbolt", "superfang"], "ability": "Cheek Pouch", "evs": {"hp": 85, "atk": 85, "def": 85, "spa": 85, "spd": 85, "spe": 85}, "ivs": {"hp": 31, "atk": 31, "def": 31, "spa": 31, "spd": 31, "spe": 31}, "item": "Sitrus Berry", "teraType": "Flying", "role": "Fast Support", "bvs": {"hp": 67, "atk": 58, "def": 57, "spa": 81, "spd": 67, "spe": 101}, "stats": {"hp": 261, "atk": 152, "def": 151, "spa": 193, "spd": 168, "spe": 228}, "types": ["Electric", "Fairy"]}, "Vespiquen": {"name": "Vespiquen", "species": "Vespiquen", "speciesId": "vespiquen", "gender": "F", "shiny": false, "level": 99, "moves": ["spikes", "airslash", "roost", "toxic"], "ability": "Pressure", "evs": {"hp": 85, "atk": 0, "def": 85, "spa": 85, "spd": 85, "spe": 85}, "ivs": {"hp": 31, "atk": 0, "def": 31, "spa": 31, "spd": 31, "spe": 31}, "item": "Heavy-Duty Boots", "teraType": "Steel", "role": "Bulky Support", "bvs": {"hp": 70, "atk": 80, "def": 102, "spa": 80, "spd": 102, "spe": 40}, "stats": {"hp": 299, "atk": 163, "def": 258, "spa": 214, "spd": 258, "spe": 135}, "types": ["Bug", "Flying"]}, "Pyroar": {"name": "Pyroar", "species": "Pyroar", "speciesId": "pyroar", "gender": "F", "shiny": false, "level": 88, "moves": ["hypervoice", "darkpulse", "willowisp", "fireblast"], "ability": "Unnerve", "evs": {"hp": 85, "atk": 0, "def": 85, "spa": 85, "spd": 85, "spe": 85}, "ivs": {"hp": 31, "atk": 0, "def": 31, "spa": 31, "spd": 31, "spe": 31}, "item": "Heavy-Duty Boots", "teraType": "Fire", "role": "Fast Attacker", "bvs": {"hp": 86, "atk": 68, "def": 72, "spa": 109, "spd": 66, "spe": 106}, "stats": {"hp": 295, "atk": 124, "def": 177, "spa": 242, "spd": 166, "spe": 237}, "types": ["Fire", "Normal"]}, "Lunala": {"name": "Lunala", "species": "Lunala", "speciesId": "lunala", "gender": "N", "shiny": false, "level": 70, "moves": ["moongeistbeam", "moonlight", "calmmind", "psyshock"], "ability": "Shadow Shield", "evs": {"hp": 85, "atk": 0, "def": 85, "spa": 85, "spd": 85, "spe": 85}, "ivs": {"hp": 31, "atk": 0, "def": 31, "spa": 31, "spd": 31, "spe": 31}, "item": "Leftovers", "teraType": "Fairy", "role": "Fast Bulky Setup", "bvs": {"hp": 137, "atk": 113, "def": 89, "spa": 137, "spd": 107, "spe": 97}, "stats": {"hp": 308, "atk": 163, "def": 166, "spa": 233, "spd": 191, "spe": 177}, "types": ["Psychic", "Ghost"]}, "Cinccino": {"name": "Cinccino", "species": "Cinccino", "speciesId": "cinccino", "gender": "F", "shiny": false, "level": 83, "moves": ["bulletseed", "tailslap", "tripleaxel", "uturn"], "ability": "Technician", "evs": {"hp": 85, "atk": 85, "def": 85, "spa": 85, "spd": 85, "spe": 85}, "ivs": {"hp": 31, "atk": 31, "def": 31, "spa": 31, "spd": 31, "spe": 31}, "item": "Loaded Dice", "teraType": "Grass", "role": "Fast Attacker", "bvs": {"hp": 75, "atk": 95, "def": 60, "spa": 65, "spd": 60, "spe": 115}, "stats": {"hp": 260, "atk": 205, "def": 147, "spa": 156, "spd": 147, "spe": 239}, "types": ["Normal"]}}, {"Hitmontop": {"name": "Hitmontop", "species": "Hitmontop", "speciesId": "hitmontop", "gender": "M", "shiny": false, "level": 88, "moves": ["rapidspin", "tripleaxel", "bulkup", "closecombat"], "ability": "Technician", "evs": {"hp": 85, "atk": 85, "def": 85, "spa": 85, "spd": 85, "spe": 85}, "ivs": {"hp": 31, "atk": 31, "def": 31, "spa": 31, "spd": 31, "spe": 31}, "item": "Leftovers", "teraType": "Ice", "role": "Bulky Setup", "bvs": {"hp": 50, "atk": 95, "def": 95, "spa": 35, "spd": 110, "spe": 70}, "stats": {"hp": 231, "atk": 217, "def": 217, "spa": 112, "spd": 244, "spe": 173}, "types": ["Fighting"]}, "Sandaconda": {"name": "Sandaconda", "species": "Sandaconda", "speciesId": "sandaconda", "gender": "F", "shiny": false, "level": 84, "moves": ["earthquake", "coil", "scaleshot", "rockblast"], "ability": "Shed Skin", "evs": {"hp": 85, "atk": 85, "def": 85, "spa": 85, "spd": 85, "spe": 85}, "ivs": {"hp": 31, "atk": 31, "def": 31, "spa": 31, "spd": 31, "spe": 31}, "item": "Loaded Dice", "teraType": "Dragon", "role": "Fast Bulky Setup", "bvs": {"hp": 72, "atk": 107, "def": 125, "spa": 65, "spd": 70, "spe": 71}, "stats": {"hp": 258, "atk": 228, "def": 258, "spa": 157, "spd": 166, "spe": 167}, "types": ["Ground"]}, "Electivire": {"name": "Electivire", "species": "Electivire", "speciesId": "electivire", "gender": "M", "shiny": false, "level": 84, "moves": ["earthquake", "supercellslam", "bulkup", "icepunch"], "ability": "Motor Drive", "evs": {"hp": 85, "atk": 85, "def": 85, "spa": 85, "spd": 85, "spe": 85}, "ivs": {"hp": 31, "atk": 31, "def": 31, "spa": 31, "spd": 31, "spe": 31}, "item": "Life Orb", "teraType": "Flying", "role": "Setup Sweeper", "bvs": {"hp": 75, "atk": 123, "def": 67, "spa": 95, "spd": 85, "spe": 95}, "stats": {"hp": 263, "atk": 255, "def": 161, "spa": 208, "spd": 191, "spe": 208}, "types": ["Electric"]}, "Granbull": {"name": "Granbull", "species": "Granbull", "speciesId": "granbull", "gender": "F", "shiny": false, "level": 88, "moves": ["playrough", "thunderwave", "earthquake", "roar"], "ability": "Intimidate", "evs": {"hp": 85, "atk": 85, "def": 85, "spa": 85, "spd": 85, "spe": 85}, "ivs": {"hp": 31, "atk": 31, "def": 31, "spa": 31, "spd": 31, "spe": 31}, "item": "Leftovers", "teraType": "Ground", "role": "Bulky Support", "bvs": {"hp": 90, "atk": 120, "def": 75, "spa": 60, "spd": 60, "spe": 45}, "stats": {"hp": 302, "atk": 261, "def": 182, "spa": 156, "spd": 156, "spe": 129}, "types": ["Fairy"]}, "Roaring Moon": {"name": "Roaring Moon", "species": "Roaring Moon", "speciesId": "roaringmoon", "gender": "N", "shiny": false, "level": 72, "moves": ["dragondance", "ironhead", "outrage", "knockoff"], "ability": "Protosynthesis", "evs": {"hp": 85, "atk": 85, "def": 85, "spa": 85, "spd": 85, "spe": 85}, "ivs": {"hp": 31, "atk": 31, "def": 31, "spa": 31, "spd": 31, "spe": 31}, "item": "Booster Energy", "teraType": "Steel", "role": "Fast Bulky Setup", "bvs": {"hp": 105, "atk": 139, "def": 71, "spa": 55, "spd": 101, "spe": 119}, "stats": {"hp": 270, "atk": 242, "def": 144, "spa": 121, "spd": 187, "spe": 213}, "types": ["Dragon", "Dark"]}, "Pecharunt": {"name": "Pecharunt", "species": "Pecharunt", "speciesId": "pecharunt", "gender": "N", "shiny": false, "level": 77, "moves": ["malignantchain", "recover", "nastyplot", "shadowball"], "ability": "Poison Puppeteer", "evs": {"hp": 85, "atk": 0, "def": 85, "spa": 85, "spd": 85, "spe": 85}, "ivs": {"hp": 31, "atk": 0, "def": 31, "spa": 31, "spd": 31, "spe": 31}, "item": "Leftovers", "teraType": "Dark", "role": "Bulky Attacker", "bvs": {"hp": 88, "atk": 88, "def": 160, "spa": 88, "spd": 88, "spe": 88}, "stats": {"hp": 262, "atk": 140, "def": 291, "spa": 180, "spd": 180, "spe": 180}, "types": ["Poison", "Ghost"]}}]}