{"id": "gen9randombattle-2641422134", "format": "[Gen 9] Random Battle", "players": ["where they go", "ohohiwantmore"], "log": "|badge|p1|bronze|gen9randombattle|100-9\n|html|<div class=\"broadcast-red\"><strong>This battle is required to be public due to one or more player having a season medal.</strong><br />During the public phase, you can discuss the state of the ladder <a href=\"/seasondiscussion\">in a special chatroom.</a></div>\n|uhtml|medal-msg|<div class=\"broadcast-blue\">Curious what those medals under the avatar are? PS now has Ladder Seasons! For more information, check out the <a href=\"https://www.smogon.com/forums/threads/3740067/\">thread on Smogon.</a></div>\n|badge|p2|bronze|gen9randombattle|100-9\n|uhtml|medal-msg|<div class=\"broadcast-blue\">Curious what those medals under the avatar are? PS now has Ladder Seasons! For more information, check out the <a href=\"https://www.smogon.com/forums/threads/3740067/\">thread on Smogon.</a></div>\n|raw|<div class=\"broadcast-blue\"><strong>This battle is required to be public due to a player having a name starting with 'medal'.</div>\n|j|\u2606where they go\n|j|\u2606ohohiwantmore\n|t:|1782782378\n|gametype|singles\n|player|p1|where they go|unknown|2344\n|player|p2|ohohiwantmore|266|2316\n|gen|9\n|tier|[Gen 9] Random Battle\n|rated|\n|rule|Species Clause: Limit one of each Pok\u00e9mon\n|rule|HP Percentage Mod: HP is shown in percentages\n|rule|Sleep Clause Mod: Limit one foe put to sleep\n|rule|Illusion Level Mod: Illusion disguises the Pok\u00e9mon's true level\n|\n|t:|1782782378\n|teamsize|p1|6\n|teamsize|p2|6\n|start\n|switch|p1a: Flutter Mane|Flutter Mane, L74|203/203\n|switch|p2a: Charizard|Charizard, L85, F|271/271\n|turn|1\n|inactive|Battle timer is ON: inactive players will automatically lose when time's up. (requested by ohohiwantmore)\n|\n|t:|1782782399\n|move|p1a: Flutter Mane|Thunderbolt|p2a: Charizard\n|-supereffective|p2a: Charizard\n|-damage|p2a: Charizard|71/271\n|move|p2a: Charizard|Flare Blitz|p1a: Flutter Mane\n|-damage|p1a: Flutter Mane|0 fnt\n|faint|p1a: Flutter Mane\n|-end|p1a: Flutter Mane|Protosynthesis|[silent]\n|-damage|p2a: Charizard|4/271|[from] Recoil\n|\n|upkeep\n|\n|t:|1782782409\n|switch|p1a: Tatsugiri|Tatsugiri, L87, M|260/260\n|turn|2\n|\n|t:|1782782421\n|move|p2a: Charizard|Outrage|p1a: Tatsugiri\n|-supereffective|p1a: Tatsugiri\n|-damage|p1a: Tatsugiri|72/260\n|move|p1a: Tatsugiri|Rapid Spin|p2a: Charizard\n|-damage|p2a: Charizard|0 fnt\n|-boost|p1a: Tatsugiri|spe|1\n|faint|p2a: Charizard\n|\n|upkeep\n|\n|t:|1782782431\n|switch|p2a: Hoopa|Hoopa-Unbound, L80|259/259\n|turn|3\n|\n|t:|1782782440\n|move|p1a: Tatsugiri|Draco Meteor|p2a: Hoopa\n|-damage|p2a: Hoopa|120/259\n|-unboost|p1a: Tatsugiri|spa|2\n|move|p2a: Hoopa|Trick|p1a: Tatsugiri\n|-activate|p2a: Hoopa|move: Trick|[of] p1a: Tatsugiri\n|-item|p1a: Tatsugiri|Choice Band|[from] move: Trick\n|-item|p2a: Hoopa|Heavy-Duty Boots|[from] move: Trick\n|\n|upkeep\n|turn|4\n|\n|t:|1782782458\n|switch|p2a: Iron Valiant|Iron Valiant, L78|244/244\n|move|p1a: Tatsugiri|Draco Meteor|p2a: Iron Valiant\n|-immune|p2a: Iron Valiant\n|\n|upkeep\n|turn|5\n|\n|t:|1782782465\n|switch|p1a: Toxicroak|Toxicroak, L84, M|277/277\n|move|p2a: Iron Valiant|Calm Mind|p2a: Iron Valiant\n|-boost|p2a: Iron Valiant|spa|1\n|-boost|p2a: Iron Valiant|spd|1\n|\n|upkeep\n|turn|6\n|\n|t:|1782782472\n|move|p2a: Iron Valiant|Psychic|p1a: Toxicroak\n|-supereffective|p1a: Toxicroak\n|-damage|p1a: Toxicroak|0 fnt\n|faint|p1a: Toxicroak\n|-damage|p2a: Iron Valiant|220/244|[from] item: Life Orb\n|\n|upkeep\n|\n|t:|1782782500\n|switch|p1a: Sudowoodo|Sudowoodo, L94, F|284/284\n|turn|7\n|\n|t:|1782782506\n|move|p2a: Iron Valiant|Moonblast|p1a: Sudowoodo\n|-damage|p1a: Sudowoodo|45/284\n|-damage|p2a: Iron Valiant|196/244|[from] item: Life Orb\n|move|p1a: Sudowoodo|Wood Hammer|p2a: Iron Valiant\n|-damage|p2a: Iron Valiant|29/244\n|\n|upkeep\n|turn|8\n|\n|t:|1782782516\n|move|p2a: Iron Valiant|Moonblast|p1a: Sudowoodo\n|-damage|p1a: Sudowoodo|0 fnt\n|faint|p1a: Sudowoodo\n|-damage|p2a: Iron Valiant|5/244|[from] item: Life Orb\n|\n|upkeep\n|\n|t:|1782782520\n|switch|p1a: Tatsugiri|Tatsugiri, L87, M|72/260\n|turn|9\n|\n|t:|1782782523\n|move|p2a: Iron Valiant|Moonblast|p1a: Tatsugiri\n|-supereffective|p1a: Tatsugiri\n|-damage|p1a: Tatsugiri|0 fnt\n|faint|p1a: Tatsugiri\n|-damage|p2a: Iron Valiant|0 fnt|[from] item: Life Orb\n|faint|p2a: Iron Valiant\n|-end|p2a: Iron Valiant|Quark Drive|[silent]\n|\n|upkeep\n|l|\u2606ohohiwantmore\n|inactive|ohohiwantmore disconnected and has a minute to reconnect!\n|player|p2|\n|j|\u2606ohohiwantmore\n|inactive|ohohiwantmore reconnected and has 125 seconds left.\n|player|p2|ohohiwantmore|266|\n|\n|t:|1782782553\n|switch|p2a: Hoopa|Hoopa-Unbound, L80|120/259\n|switch|p1a: Kyogre|Kyogre, L71|259/259\n|-weather|RainDance|[from] ability: Drizzle|[of] p1a: Kyogre\n|turn|10\n|\n|t:|1782782571\n|move|p2a: Hoopa|Hyperspace Fury|p1a: Kyogre\n|-damage|p1a: Kyogre|88/259\n|-unboost|p2a: Hoopa|def|1\n|move|p1a: Kyogre|Origin Pulse|p2a: Hoopa\n|-damage|p2a: Hoopa|0 fnt\n|faint|p2a: Hoopa\n|\n|-weather|RainDance|[upkeep]\n|-heal|p1a: Kyogre|104/259|[from] item: Leftovers\n|upkeep\n|\n|t:|1782782576\n|switch|p2a: Lycanroc|Lycanroc-Midnight, L89, M|296/296\n|turn|11\n|\n|t:|1782782582\n|move|p2a: Lycanroc|Stone Edge|p1a: Kyogre\n|-damage|p1a: Kyogre|0 fnt\n|faint|p1a: Kyogre\n|-damage|p2a: Lycanroc|267/296|[from] item: Life Orb\n|\n|-weather|RainDance|[upkeep]\n|upkeep\n|\n|t:|1782782585\n|switch|p1a: Glimmora|Glimmora, L75, M|248/248\n|turn|12\n|\n|t:|1782782602\n|-terastallize|p1a: Glimmora|Grass\n|move|p2a: Lycanroc|Swords Dance|p2a: Lycanroc\n|-boost|p2a: Lycanroc|atk|2\n|move|p1a: Glimmora|Energy Ball|p2a: Lycanroc\n|-supereffective|p2a: Lycanroc\n|-crit|p2a: Lycanroc\n|-damage|p2a: Lycanroc|0 fnt\n|faint|p2a: Lycanroc\n|\n|-weather|RainDance|[upkeep]\n|upkeep\n|\n|t:|1782782606\n|switch|p2a: Regigigas|Regigigas, L84|322/322\n|-start|p2a: Regigigas|ability: Slow Start\n|turn|13\n|\n|t:|1782782612\n|move|p1a: Glimmora|Meteor Beam||[still]\n|-prepare|p1a: Glimmora|Meteor Beam\n|-boost|p1a: Glimmora|spa|1\n|-enditem|p1a: Glimmora|Power Herb\n|-anim|p1a: Glimmora|Meteor Beam|p2a: Regigigas\n|-damage|p2a: Regigigas|165/322\n|move|p2a: Regigigas|Substitute|p2a: Regigigas\n|-start|p2a: Regigigas|Substitute\n|-damage|p2a: Regigigas|85/322\n|\n|-weather|RainDance|[upkeep]\n|-heal|p2a: Regigigas|105/322|[from] item: Leftovers\n|upkeep\n|turn|14\n|\n|t:|1782782622\n|move|p1a: Glimmora|Meteor Beam||[still]\n|-prepare|p1a: Glimmora|Meteor Beam\n|-boost|p1a: Glimmora|spa|1\n|move|p2a: Regigigas|Body Slam|p1a: Glimmora\n|-damage|p1a: Glimmora|176/248\n|-status|p1a: Glimmora|par\n|-activate|p1a: Glimmora|ability: Toxic Debris\n|-sidestart|p2: ohohiwantmore|move: Toxic Spikes\n|\n|-weather|none\n|-heal|p2a: Regigigas|125/322|[from] item: Leftovers\n|upkeep\n|turn|15\n|\n|t:|1782782629\n|move|p2a: Regigigas|Protect|p2a: Regigigas\n|-singleturn|p2a: Regigigas|Protect\n|cant|p1a: Glimmora|par\n|\n|-heal|p2a: Regigigas|145/322|[from] item: Leftovers\n|upkeep\n|turn|16\n|\n|t:|1782782634\n|move|p2a: Regigigas|Substitute|p2a: Regigigas\n|-fail|p2a: Regigigas|move: Substitute\n|move|p1a: Glimmora|Energy Ball|p2a: Regigigas\n|-end|p2a: Regigigas|Substitute\n|\n|-heal|p2a: Regigigas|165/322|[from] item: Leftovers\n|upkeep\n|turn|17\n|\n|t:|1782782641\n|move|p2a: Regigigas|Protect|p2a: Regigigas\n|-singleturn|p2a: Regigigas|Protect\n|move|p1a: Glimmora|Sludge Wave|p2a: Regigigas\n|-activate|p2a: Regigigas|move: Protect\n|\n|-heal|p2a: Regigigas|185/322|[from] item: Leftovers\n|-end|p2a: Regigigas|Slow Start\n|upkeep\n|turn|18\n|\n|t:|1782782644\n|move|p2a: Regigigas|Body Slam|p1a: Glimmora\n|-damage|p1a: Glimmora|20/248 par\n|-activate|p1a: Glimmora|ability: Toxic Debris\n|-sidestart|p2: ohohiwantmore|move: Toxic Spikes\n|move|p1a: Glimmora|Sludge Wave|p2a: Regigigas\n|-damage|p2a: Regigigas|10/322\n|\n|-heal|p2a: Regigigas|30/322|[from] item: Leftovers\n|upkeep\n|turn|19\n|\n|t:|1782782650\n|move|p2a: Regigigas|Body Slam|p1a: Glimmora\n|-damage|p1a: Glimmora|0 fnt\n|faint|p1a: Glimmora\n|\n|win|ohohiwantmore\n", "inputlog": ">version f8ac14003a5f27e1bdc8d8c59608a773c1cb96e5\n>start {\"formatid\":\"gen9randombattle\",\"seed\":\"sodium,d94640961daf74152ba74677149218db\",\"rated\":\"Rated battle\"}\n>player p1 {\"name\":\"where they go\",\"avatar\":\"unknown\",\"rating\":2344,\"seed\":\"sodium,2467ab1d627e659b8b7fc0928518da7d\"}\n>player p2 {\"name\":\"ohohiwantmore\",\"avatar\":\"266\",\"rating\":2316,\"seed\":\"sodium,0f91500c427c9c5917ec3a95e7b1cc0c\"}\n>p1 move thunderbolt\n>p2 move flareblitz\n>p1 switch 5\n>p1 move rapidspin\n>p2 move outrage\n>p2 switch 2\n>p1 move dracometeor\n>p2 move trick\n>p1 move dracometeor\n>p2 switch 4\n>p1 switch 4\n>p2 move calmmind\n>p1 move gunkshot\n>p2 move psychic\n>p1 switch 2\n>p1 move woodhammer\n>p2 move moonblast\n>p1 move woodhammer\n>p2 move moonblast\n>p1 switch 4\n>p1 move rapidspin\n>p2 move moonblast\n>p1 switch 6\n>p2 switch 4\n>p1 move originpulse\n>p2 move hyperspacefury\n>p2 switch 6\n>p1 move originpulse\n>p2 move stoneedge\n>p1 switch 3\n>p1 move energyball terastallize\n>p2 move swordsdance\n>p2 switch 3\n>p1 move meteorbeam\n>p2 move substitute\n>p1 move meteorbeam\n>p2 move bodyslam\n>p1 move meteorbeam\n>p2 move protect\n>p1 move energyball\n>p2 move substitute\n>p1 move sludgewave\n>p2 move protect\n>p1 move sludgewave\n>p2 move bodyslam\n>p1 move sludgewave\n>p2 move bodyslam", "uploadtime": 1782782379, "views": 8, "formatid": "gen9randombattle", "rating": null, "private": 0, "password": null, "player_dets": [{"name": "where they go", "avatar": "unknown", "rating": 2344, "seed": "sodium,2467ab1d627e659b8b7fc0928518da7d"}, {"name": "ohohiwantmore", "avatar": "266", "rating": 2316, "seed": "sodium,0f91500c427c9c5917ec3a95e7b1cc0c"}], "teams_full": [{"Flutter Mane": {"name": "Flutter Mane", "species": "Flutter Mane", "speciesId": "fluttermane", "gender": "N", "shiny": false, "level": 74, "moves": ["thunderbolt", "psyshock", "shadowball", "moonblast"], "ability": "Protosynthesis", "evs": {"hp": 85, "atk": 0, "def": 85, "spa": 85, "spd": 85, "spe": 85}, "ivs": {"hp": 31, "atk": 0, "def": 31, "spa": 31, "spd": 31, "spe": 31}, "item": "Choice Specs", "teraType": "Fairy", "role": "Wallbreaker", "bvs": {"hp": 55, "atk": 55, "def": 55, "spa": 135, "spd": 135, "spe": 135}, "stats": {"hp": 203, "atk": 86, "def": 124, "spa": 243, "spd": 243, "spe": 243}, "types": ["Ghost", "Fairy"]}, "Sudowoodo": {"name": "Sudowoodo", "species": "Sudowoodo", "speciesId": "sudowoodo", "gender": "F", "shiny": false, "level": 94, "moves": ["suckerpunch", "woodhammer", "headsmash", "earthquake"], "ability": "Rock Head", "evs": {"hp": 85, "atk": 85, "def": 85, "spa": 85, "spd": 85, "spe": 85}, "ivs": {"hp": 31, "atk": 31, "def": 31, "spa": 31, "spd": 31, "spe": 31}, "item": "Choice Band", "teraType": "Grass", "role": "Bulky Attacker", "bvs": {"hp": 70, "atk": 100, "def": 115, "spa": 30, "spd": 65, "spe": 30}, "stats": {"hp": 284, "atk": 241, "def": 270, "spa": 110, "spd": 176, "spe": 110}, "types": ["Rock"]}, "Glimmora": {"name": "Glimmora", "species": "Glimmora", "speciesId": "glimmora", "gender": "M", "shiny": false, "level": 75, "moves": ["earthpower", "sludgewave", "energyball", "meteorbeam"], "ability": "Toxic Debris", "evs": {"hp": 85, "atk": 0, "def": 85, "spa": 85, "spd": 85, "spe": 85}, "ivs": {"hp": 31, "atk": 0, "def": 31, "spa": 31, "spd": 31, "spe": 31}, "item": "Power Herb", "teraType": "Grass", "role": "Setup Sweeper", "bvs": {"hp": 83, "atk": 55, "def": 90, "spa": 130, "spd": 81, "spe": 86}, "stats": {"hp": 248, "atk": 87, "def": 179, "spa": 239, "spd": 165, "spe": 173}, "types": ["Rock", "Poison"]}, "Toxicroak": {"name": "Toxicroak", "species": "Toxicroak", "speciesId": "toxicroak", "gender": "M", "shiny": false, "level": 84, "moves": ["gunkshot", "earthquake", "swordsdance", "closecombat"], "ability": "Dry Skin", "evs": {"hp": 85, "atk": 85, "def": 85, "spa": 85, "spd": 85, "spe": 85}, "ivs": {"hp": 31, "atk": 31, "def": 31, "spa": 31, "spd": 31, "spe": 31}, "item": "Life Orb", "teraType": "Dark", "role": "Setup Sweeper", "bvs": {"hp": 83, "atk": 106, "def": 65, "spa": 86, "spd": 65, "spe": 85}, "stats": {"hp": 277, "atk": 226, "def": 157, "spa": 193, "spd": 157, "spe": 191}, "types": ["Poison", "Fighting"]}, "Tatsugiri": {"name": "Tatsugiri", "species": "Tatsugiri", "speciesId": "tatsugiri", "gender": "M", "shiny": false, "level": 87, "moves": ["nastyplot", "rapidspin", "hydropump", "dracometeor"], "ability": "Storm Drain", "evs": {"hp": 85, "atk": 85, "def": 85, "spa": 85, "spd": 85, "spe": 85}, "ivs": {"hp": 31, "atk": 31, "def": 31, "spa": 31, "spd": 31, "spe": 31}, "item": "Heavy-Duty Boots", "teraType": "Water", "role": "Fast Support", "bvs": {"hp": 68, "atk": 50, "def": 60, "spa": 120, "spd": 95, "spe": 82}, "stats": {"hp": 260, "atk": 137, "def": 154, "spa": 259, "spd": 215, "spe": 192}, "types": ["Dragon", "Water"]}, "Kyogre": {"name": "Kyogre", "species": "Kyogre", "speciesId": "kyogre", "gender": "N", "shiny": false, "level": 71, "moves": ["icebeam", "thunder", "originpulse", "calmmind"], "ability": "Drizzle", "evs": {"hp": 85, "atk": 0, "def": 85, "spa": 85, "spd": 85, "spe": 85}, "ivs": {"hp": 31, "atk": 0, "def": 31, "spa": 31, "spd": 31, "spe": 31}, "item": "Leftovers", "teraType": "Dragon", "role": "Bulky Setup", "bvs": {"hp": 100, "atk": 100, "def": 90, "spa": 150, "spd": 140, "spe": 90}, "stats": {"hp": 259, "atk": 147, "def": 169, "spa": 254, "spd": 240, "spe": 169}, "types": ["Water"]}}, {"Charizard": {"name": "Charizard", "species": "Charizard", "speciesId": "charizard", "gender": "F", "shiny": false, "level": 85, "moves": ["flareblitz", "swordsdance", "earthquake", "outrage"], "ability": "Blaze", "evs": {"hp": 85, "atk": 85, "def": 85, "spa": 85, "spd": 85, "spe": 85}, "ivs": {"hp": 31, "atk": 31, "def": 31, "spa": 31, "spd": 31, "spe": 31}, "item": "Heavy-Duty Boots", "teraType": "Dragon", "role": "Setup Sweeper", "bvs": {"hp": 78, "atk": 84, "def": 78, "spa": 109, "spd": 85, "spe": 100}, "stats": {"hp": 271, "atk": 192, "def": 181, "spa": 234, "spd": 193, "spe": 219}, "types": ["Fire", "Flying"]}, "Hoopa": {"name": "Hoopa", "species": "Hoopa-Unbound", "speciesId": "hoopaunbound", "gender": "N", "shiny": false, "level": 80, "moves": ["hyperspacefury", "gunkshot", "trick", "zenheadbutt"], "ability": "Magician", "evs": {"hp": 85, "atk": 85, "def": 85, "spa": 85, "spd": 85, "spe": 85}, "ivs": {"hp": 31, "atk": 31, "def": 31, "spa": 31, "spd": 31, "spe": 31}, "item": "Choice Band", "teraType": "Poison", "role": "Wallbreaker", "bvs": {"hp": 80, "atk": 160, "def": 60, "spa": 170, "spd": 130, "spe": 80}, "stats": {"hp": 259, "atk": 302, "def": 142, "spa": 318, "spd": 254, "spe": 174}, "types": ["Psychic", "Dark"]}, "Regigigas": {"name": "Regigigas", "species": "Regigigas", "speciesId": "regigigas", "gender": "N", "shiny": false, "level": 84, "moves": ["protect", "bodyslam", "substitute", "knockoff"], "ability": "Slow Start", "evs": {"hp": 85, "atk": 85, "def": 85, "spa": 85, "spd": 85, "spe": 85}, "ivs": {"hp": 31, "atk": 31, "def": 31, "spa": 31, "spd": 31, "spe": 31}, "item": "Leftovers", "teraType": "Poison", "role": "Bulky Attacker", "bvs": {"hp": 110, "atk": 160, "def": 110, "spa": 80, "spd": 110, "spe": 100}, "stats": {"hp": 322, "atk": 317, "def": 233, "spa": 183, "spd": 233, "spe": 216}, "types": ["Normal"]}, "Iron Valiant": {"name": "Iron Valiant", "species": "Iron Valiant", "speciesId": "ironvaliant", "gender": "N", "shiny": false, "level": 78, "moves": ["moonblast", "closecombat", "calmmind", "psychic"], "ability": "Quark Drive", "evs": {"hp": 85, "atk": 85, "def": 85, "spa": 85, "spd": 85, "spe": 85}, "ivs": {"hp": 31, "atk": 31, "def": 31, "spa": 31, "spd": 31, "spe": 31}, "item": "Life Orb", "teraType": "Fighting", "role": "Fast Attacker", "bvs": {"hp": 74, "atk": 130, "def": 90, "spa": 120, "spd": 60, "spe": 116}, "stats": {"hp": 244, "atk": 248, "def": 185, "spa": 232, "spd": 139, "spe": 226}, "types": ["Fairy", "Fighting"]}, "Weezing": {"name": "Weezing", "species": "Weezing", "speciesId": "weezing", "gender": "F", "shiny": false, "level": 88, "moves": ["fireblast", "painsplit", "toxicspikes", "gunkshot"], "ability": "Levitate", "evs": {"hp": 85, "atk": 85, "def": 85, "spa": 85, "spd": 85, "spe": 85}, "ivs": {"hp": 31, "atk": 31, "def": 31, "spa": 31, "spd": 31, "spe": 31}, "item": "Leftovers", "teraType": "Steel", "role": "Bulky Attacker", "bvs": {"hp": 65, "atk": 90, "def": 120, "spa": 85, "spd": 70, "spe": 60}, "stats": {"hp": 258, "atk": 209, "def": 261, "spa": 200, "spd": 173, "spe": 156}, "types": ["Poison"]}, "Lycanroc": {"name": "Lycanroc", "species": "Lycanroc-Midnight", "speciesId": "lycanrocmidnight", "gender": "M", "shiny": false, "level": 89, "moves": ["playrough", "closecombat", "swordsdance", "stoneedge"], "ability": "No Guard", "evs": {"hp": 85, "atk": 85, "def": 85, "spa": 85, "spd": 85, "spe": 85}, "ivs": {"hp": 31, "atk": 31, "def": 31, "spa": 31, "spd": 31, "spe": 31}, "item": "Life Orb", "teraType": "Fighting", "role": "Fast Attacker", "bvs": {"hp": 85, "atk": 115, "def": 75, "spa": 55, "spd": 75, "spe": 82}, "stats": {"hp": 296, "atk": 255, "def": 184, "spa": 149, "spd": 184, "spe": 197}, "types": ["Rock"]}}]}