{"id": "gen9randombattle-2641080517", "format": "[Gen 9] Random Battle", "players": ["Gaaraks", "Yomy"], "log": "|j|\u2606Gaaraks\n|j|\u2606Yomy\n|t:|1782737577\n|gametype|singles\n|player|p1|Gaaraks|266|2091\n|player|p2|Yomy|ingo|2176\n|gen|9\n|tier|[Gen 9] Random Battle\n|rated|\n|rule|Species Clause: Limit one of each Pok\u00e9mon\n|rule|HP Percentage Mod: HP is shown in percentages\n|rule|Sleep Clause Mod: Limit one foe put to sleep\n|rule|Illusion Level Mod: Illusion disguises the Pok\u00e9mon's true level\n|\n|t:|1782737577\n|teamsize|p1|6\n|teamsize|p2|6\n|start\n|switch|p1a: Regigigas|Regigigas, L84|322/322\n|switch|p2a: Ambipom|Ambipom, L84, M|263/263\n|-start|p1a: Regigigas|ability: Slow Start\n|turn|1\n|\n|t:|1782737581\n|move|p2a: Ambipom|Fake Out|p1a: Regigigas\n|-damage|p1a: Regigigas|261/322\n|cant|p1a: Regigigas|flinch\n|\n|-heal|p1a: Regigigas|281/322|[from] item: Leftovers\n|upkeep\n|turn|2\n|\n|t:|1782737586\n|switch|p2a: Conkeldurr|Conkeldurr, L80, M|299/299\n|move|p1a: Regigigas|Protect||[still]\n|-fail|p1a: Regigigas\n|\n|-heal|p1a: Regigigas|301/322|[from] item: Leftovers\n|-status|p2a: Conkeldurr|brn|[from] item: Flame Orb\n|upkeep\n|turn|3\n|j| Reiszen\n|\n|t:|1782737600\n|-terastallize|p1a: Regigigas|Poison\n|move|p2a: Conkeldurr|Close Combat|p1a: Regigigas\n|-resisted|p1a: Regigigas\n|-damage|p1a: Regigigas|194/322\n|-unboost|p2a: Conkeldurr|def|1\n|-unboost|p2a: Conkeldurr|spd|1\n|move|p1a: Regigigas|Substitute|p1a: Regigigas\n|-start|p1a: Regigigas|Substitute\n|-damage|p1a: Regigigas|114/322\n|\n|-heal|p1a: Regigigas|134/322|[from] item: Leftovers\n|-damage|p2a: Conkeldurr|281/299 brn|[from] brn\n|upkeep\n|turn|4\n|\n|t:|1782737605\n|move|p1a: Regigigas|Protect|p1a: Regigigas\n|-singleturn|p1a: Regigigas|Protect\n|move|p2a: Conkeldurr|Facade|p1a: Regigigas\n|-activate|p1a: Regigigas|move: Protect\n|\n|-heal|p1a: Regigigas|154/322|[from] item: Leftovers\n|-damage|p2a: Conkeldurr|263/299 brn|[from] brn\n|upkeep\n|turn|5\n|inactive|Battle timer is ON: inactive players will automatically lose when time's up. (requested by Gaaraks)\n|inactive|Yomy has 120 seconds left.\n|\n|t:|1782737657\n|move|p2a: Conkeldurr|Facade|p1a: Regigigas\n|-end|p1a: Regigigas|Substitute\n|move|p1a: Regigigas|Substitute|p1a: Regigigas\n|-start|p1a: Regigigas|Substitute\n|-damage|p1a: Regigigas|74/322\n|\n|-heal|p1a: Regigigas|94/322|[from] item: Leftovers\n|-damage|p2a: Conkeldurr|245/299 brn|[from] brn\n|-end|p1a: Regigigas|Slow Start\n|upkeep\n|turn|6\n|\n|t:|1782737664\n|switch|p2a: Articuno|Articuno, L86|295/295\n|-ability|p2a: Articuno|Pressure\n|move|p1a: Regigigas|Protect||[still]\n|-fail|p1a: Regigigas\n|\n|-heal|p1a: Regigigas|114/322|[from] item: Leftovers\n|upkeep\n|turn|7\n|\n|t:|1782737669\n|move|p1a: Regigigas|Body Slam|p2a: Articuno\n|-damage|p2a: Articuno|180/295\n|move|p2a: Articuno|Brave Bird|p1a: Regigigas\n|-end|p1a: Regigigas|Substitute\n|-damage|p2a: Articuno|154/295|[from] Recoil|[of] p1a: Regigigas\n|\n|-heal|p1a: Regigigas|134/322|[from] item: Leftovers\n|upkeep\n|turn|8\n|\n|t:|1782737676\n|move|p1a: Regigigas|Body Slam|p2a: Articuno\n|-damage|p2a: Articuno|31/295\n|move|p2a: Articuno|U-turn|p1a: Regigigas\n|-resisted|p1a: Regigigas\n|-damage|p1a: Regigigas|116/322\n|\n|t:|1782737685\n|switch|p2a: Ambipom|Ambipom, L84, M|263/263|[from] U-turn\n|\n|-heal|p1a: Regigigas|136/322|[from] item: Leftovers\n|upkeep\n|turn|9\n|\n|t:|1782737691\n|move|p1a: Regigigas|Protect|p1a: Regigigas\n|-singleturn|p1a: Regigigas|Protect\n|move|p2a: Ambipom|Fake Out|p1a: Regigigas\n|-activate|p1a: Regigigas|move: Protect\n|\n|-heal|p1a: Regigigas|156/322|[from] item: Leftovers\n|upkeep\n|turn|10\n|\n|t:|1782737701\n|move|p2a: Ambipom|U-turn|p1a: Regigigas\n|-resisted|p1a: Regigigas\n|-damage|p1a: Regigigas|136/322\n|\n|t:|1782737704\n|switch|p2a: Ceruledge|Ceruledge, L78, F|245/245|[from] U-turn\n|move|p1a: Regigigas|Body Slam|p2a: Ceruledge\n|-immune|p2a: Ceruledge\n|\n|-heal|p1a: Regigigas|156/322|[from] item: Leftovers\n|upkeep\n|turn|11\n|\n|t:|1782737709\n|move|p1a: Regigigas|Knock Off|p2a: Ceruledge\n|-supereffective|p2a: Ceruledge\n|-damage|p2a: Ceruledge|0 fnt\n|-enditem|p2a: Ceruledge|Heavy-Duty Boots|[from] move: Knock Off|[of] p1a: Regigigas\n|faint|p2a: Ceruledge\n|\n|-heal|p1a: Regigigas|176/322|[from] item: Leftovers\n|upkeep\n|\n|t:|1782737716\n|switch|p2a: Ambipom|Ambipom, L84, M|263/263\n|turn|12\n|l| Reiszen\n|\n|t:|1782737721\n|-terastallize|p2a: Ambipom|Normal\n|move|p1a: Regigigas|Protect|p1a: Regigigas\n|-singleturn|p1a: Regigigas|Protect\n|move|p2a: Ambipom|Fake Out|p1a: Regigigas\n|-activate|p1a: Regigigas|move: Protect\n|\n|-heal|p1a: Regigigas|196/322|[from] item: Leftovers\n|upkeep\n|turn|13\n|\n|t:|1782737726\n|move|p2a: Ambipom|Double-Edge|p1a: Regigigas\n|-damage|p1a: Regigigas|30/322\n|-damage|p2a: Ambipom|208/263|[from] Recoil\n|move|p1a: Regigigas|Body Slam|p2a: Ambipom\n|-damage|p2a: Ambipom|28/263\n|\n|-heal|p1a: Regigigas|50/322|[from] item: Leftovers\n|upkeep\n|turn|14\n|\n|t:|1782737736\n|move|p1a: Regigigas|Protect|p1a: Regigigas\n|-singleturn|p1a: Regigigas|Protect\n|move|p2a: Ambipom|Double-Edge|p1a: Regigigas\n|-activate|p1a: Regigigas|move: Protect\n|\n|-heal|p1a: Regigigas|70/322|[from] item: Leftovers\n|upkeep\n|turn|15\n|\n|t:|1782737742\n|move|p2a: Ambipom|Double-Edge|p1a: Regigigas\n|-damage|p1a: Regigigas|0 fnt\n|faint|p1a: Regigigas\n|-end|p1a: Regigigas|Slow Start|[silent]\n|-damage|p2a: Ambipom|5/263|[from] Recoil\n|\n|upkeep\n|\n|t:|1782737744\n|switch|p1a: Lycanroc|Lycanroc, L86, F|269/269\n|turn|16\n|\n|t:|1782737751\n|move|p1a: Lycanroc|Psychic Fangs|p2a: Ambipom\n|-damage|p2a: Ambipom|0 fnt\n|faint|p2a: Ambipom\n|-damage|p1a: Lycanroc|243/269|[from] item: Life Orb\n|\n|upkeep\n|\n|t:|1782737753\n|switch|p2a: Iron Jugulis|Iron Jugulis, L77|271/271\n|turn|17\n|\n|t:|1782737757\n|move|p1a: Lycanroc|Stone Edge|p2a: Iron Jugulis\n|-supereffective|p2a: Iron Jugulis\n|-damage|p2a: Iron Jugulis|0 fnt\n|faint|p2a: Iron Jugulis\n|-end|p2a: Iron Jugulis|Quark Drive|[silent]\n|-damage|p1a: Lycanroc|217/269|[from] item: Life Orb\n|\n|upkeep\n|\n|t:|1782737760\n|switch|p2a: Conkeldurr|Conkeldurr, L80, M|245/299 brn\n|turn|18\n|\n|t:|1782737763\n|switch|p1a: Primarina|Primarina, L83, M|268/268\n|move|p2a: Conkeldurr|Close Combat|p1a: Primarina\n|-resisted|p1a: Primarina\n|-damage|p1a: Primarina|136/268\n|-unboost|p2a: Conkeldurr|def|1\n|-unboost|p2a: Conkeldurr|spd|1\n|\n|-damage|p2a: Conkeldurr|227/299 brn|[from] brn\n|upkeep\n|turn|19\n|-message|Yomy forfeited.\n|\n|win|Gaaraks\n", "inputlog": ">version 3f8ef8cf60cebd2b18892af2794d10415e14a302\n>start {\"formatid\":\"gen9randombattle\",\"seed\":\"sodium,0a9cd22005dd56bfda6cc75b76cb2391\",\"rated\":\"Rated battle\"}\n>player p1 {\"name\":\"Gaaraks\",\"avatar\":\"266\",\"rating\":2091,\"seed\":\"sodium,8fce15754ef7f3894c383c1e4a66c42d\"}\n>player p2 {\"name\":\"Yomy\",\"avatar\":\"ingo\",\"rating\":2176,\"seed\":\"sodium,1200c9e05a86ee89f28df0d1deb007a2\"}\n>p1 move bodyslam\n>p2 move fakeout\n>p1 move protect\n>p2 switch 3\n>p1 move substitute terastallize\n>p2 move closecombat\n>p1 move protect\n>p2 move facade\n>p1 move substitute\n>p2 move facade\n>p1 move protect\n>p2 switch 4\n>p1 move bodyslam\n>p2 move bravebird\n>p1 move bodyslam\n>p2 move uturn\n>p2 switch 3\n>p1 move protect\n>p2 move fakeout\n>p1 move bodyslam\n>p2 move uturn\n>p2 switch 6\n>p1 move knockoff\n>p2 move swordsdance\n>p2 switch 6\n>p1 move protect\n>p2 move fakeout terastallize\n>p1 move bodyslam\n>p2 move doubleedge\n>p1 move protect\n>p2 move doubleedge\n>p1 move bodyslam\n>p2 move doubleedge\n>p1 switch 5\n>p1 move psychicfangs\n>p2 move knockoff\n>p2 switch 5\n>p1 move stoneedge\n>p2 move darkpulse\n>p2 switch 4\n>p1 switch 6\n>p2 move closecombat\n>forcelose p2", "uploadtime": 1782737579, "views": 5, "formatid": "gen9randombattle", "rating": null, "private": 0, "password": null, "player_dets": [{"name": "Gaaraks", "avatar": "266", "rating": 2091, "seed": "sodium,8fce15754ef7f3894c383c1e4a66c42d"}, {"name": "Yomy", "avatar": "ingo", "rating": 2176, "seed": "sodium,1200c9e05a86ee89f28df0d1deb007a2"}], "teams_full": [{"Regigigas": {"name": "Regigigas", "species": "Regigigas", "speciesId": "regigigas", "gender": "N", "shiny": false, "level": 84, "moves": ["protect", "bodyslam", "knockoff", "substitute"], "ability": "Slow Start", "evs": {"hp": 85, "atk": 85, "def": 85, "spa": 85, "spd": 85, "spe": 85}, "ivs": {"hp": 31, "atk": 31, "def": 31, "spa": 31, "spd": 31, "spe": 31}, "item": "Leftovers", "teraType": "Poison", "role": "Bulky Attacker", "bvs": {"hp": 110, "atk": 160, "def": 110, "spa": 80, "spd": 110, "spe": 100}, "stats": {"hp": 322, "atk": 317, "def": 233, "spa": 183, "spd": 233, "spe": 216}, "types": ["Normal"]}, "Torterra": {"name": "Torterra", "species": "Torterra", "speciesId": "torterra", "gender": "M", "shiny": false, "level": 78, "moves": ["shellsmash", "headlongrush", "bulletseed", "rockblast"], "ability": "Overgrow", "evs": {"hp": 85, "atk": 85, "def": 85, "spa": 85, "spd": 85, "spe": 85}, "ivs": {"hp": 31, "atk": 31, "def": 31, "spa": 31, "spd": 31, "spe": 31}, "item": "Loaded Dice", "teraType": "Ground", "role": "Setup Sweeper", "bvs": {"hp": 95, "atk": 109, "def": 105, "spa": 75, "spd": 85, "spe": 56}, "stats": {"hp": 276, "atk": 215, "def": 209, "spa": 162, "spd": 178, "spe": 132}, "types": ["Grass", "Ground"]}, "Iron Boulder": {"name": "Iron Boulder", "species": "Iron Boulder", "speciesId": "ironboulder", "gender": "N", "shiny": false, "level": 77, "moves": ["mightycleave", "swordsdance", "zenheadbutt", "closecombat"], "ability": "Quark Drive", "evs": {"hp": 85, "atk": 85, "def": 85, "spa": 85, "spd": 85, "spe": 85}, "ivs": {"hp": 31, "atk": 31, "def": 31, "spa": 31, "spd": 31, "spe": 31}, "item": "Booster Energy", "teraType": "Fighting", "role": "Fast Bulky Setup", "bvs": {"hp": 90, "atk": 120, "def": 80, "spa": 68, "spd": 108, "spe": 124}, "stats": {"hp": 265, "atk": 229, "def": 168, "spa": 149, "spd": 211, "spe": 236}, "types": ["Rock", "Psychic"]}, "Iron Valiant": {"name": "Iron Valiant", "species": "Iron Valiant", "speciesId": "ironvaliant", "gender": "N", "shiny": false, "level": 78, "moves": ["knockoff", "encore", "closecombat", "moonblast"], "ability": "Quark Drive", "evs": {"hp": 85, "atk": 85, "def": 85, "spa": 85, "spd": 85, "spe": 85}, "ivs": {"hp": 31, "atk": 31, "def": 31, "spa": 31, "spd": 31, "spe": 31}, "item": "Life Orb", "teraType": "Fairy", "role": "Wallbreaker", "bvs": {"hp": 74, "atk": 130, "def": 90, "spa": 120, "spd": 60, "spe": 116}, "stats": {"hp": 244, "atk": 248, "def": 185, "spa": 232, "spd": 139, "spe": 226}, "types": ["Fairy", "Fighting"]}, "Lycanroc": {"name": "Lycanroc", "species": "Lycanroc", "speciesId": "lycanroc", "gender": "F", "shiny": false, "level": 86, "moves": ["stoneedge", "closecombat", "taunt", "psychicfangs"], "ability": "Sand Rush", "evs": {"hp": 85, "atk": 85, "def": 85, "spa": 85, "spd": 85, "spe": 85}, "ivs": {"hp": 31, "atk": 31, "def": 31, "spa": 31, "spd": 31, "spe": 31}, "item": "Life Orb", "teraType": "Fighting", "role": "Fast Attacker", "bvs": {"hp": 75, "atk": 115, "def": 65, "spa": 55, "spd": 65, "spe": 112}, "stats": {"hp": 269, "atk": 247, "def": 161, "spa": 144, "spd": 161, "spe": 242}, "types": ["Rock"]}, "Primarina": {"name": "Primarina", "species": "Primarina", "speciesId": "primarina", "gender": "M", "shiny": false, "level": 83, "moves": ["hydropump", "psychic", "moonblast", "flipturn"], "ability": "Torrent", "evs": {"hp": 85, "atk": 85, "def": 85, "spa": 85, "spd": 85, "spe": 85}, "ivs": {"hp": 31, "atk": 31, "def": 31, "spa": 31, "spd": 31, "spe": 31}, "item": "Choice Specs", "teraType": "Water", "role": "Wallbreaker", "bvs": {"hp": 80, "atk": 74, "def": 74, "spa": 126, "spd": 116, "spe": 60}, "stats": {"hp": 268, "atk": 171, "def": 171, "spa": 257, "spd": 240, "spe": 147}, "types": ["Water", "Fairy"]}}, {"Ambipom": {"name": "Ambipom", "species": "Ambipom", "speciesId": "ambipom", "gender": "M", "shiny": false, "level": 84, "moves": ["doubleedge", "knockoff", "fakeout", "uturn"], "ability": "Technician", "evs": {"hp": 85, "atk": 85, "def": 85, "spa": 85, "spd": 85, "spe": 85}, "ivs": {"hp": 31, "atk": 31, "def": 31, "spa": 31, "spd": 31, "spe": 31}, "item": "Silk Scarf", "teraType": "Normal", "role": "Wallbreaker", "bvs": {"hp": 75, "atk": 100, "def": 66, "spa": 60, "spd": 66, "spe": 115}, "stats": {"hp": 263, "atk": 216, "def": 159, "spa": 149, "spd": 159, "spe": 241}, "types": ["Normal"]}, "Iron Leaves": {"name": "Iron Leaves", "species": "Iron Leaves", "speciesId": "ironleaves", "gender": "N", "shiny": false, "level": 80, "moves": ["psyblade", "closecombat", "leafblade", "megahorn"], "ability": "Quark Drive", "evs": {"hp": 85, "atk": 85, "def": 85, "spa": 85, "spd": 85, "spe": 85}, "ivs": {"hp": 31, "atk": 31, "def": 31, "spa": 31, "spd": 31, "spe": 31}, "item": "Choice Band", "teraType": "Fighting", "role": "Wallbreaker", "bvs": {"hp": 90, "atk": 130, "def": 88, "spa": 70, "spd": 108, "spe": 104}, "stats": {"hp": 275, "atk": 254, "def": 187, "spa": 158, "spd": 219, "spe": 213}, "types": ["Grass", "Psychic"]}, "Conkeldurr": {"name": "Conkeldurr", "species": "Conkeldurr", "speciesId": "conkeldurr", "gender": "M", "shiny": false, "level": 80, "moves": ["knockoff", "machpunch", "closecombat", "facade"], "ability": "Guts", "evs": {"hp": 85, "atk": 85, "def": 85, "spa": 85, "spd": 85, "spe": 85}, "ivs": {"hp": 31, "atk": 31, "def": 31, "spa": 31, "spd": 31, "spe": 31}, "item": "Flame Orb", "teraType": "Normal", "role": "Wallbreaker", "bvs": {"hp": 105, "atk": 140, "def": 95, "spa": 55, "spd": 65, "spe": 45}, "stats": {"hp": 299, "atk": 270, "def": 198, "spa": 134, "spd": 150, "spe": 118}, "types": ["Fighting"]}, "Articuno": {"name": "Articuno", "species": "Articuno", "speciesId": "articuno", "gender": "N", "shiny": false, "level": 86, "moves": ["roost", "uturn", "bravebird", "freezedry"], "ability": "Pressure", "evs": {"hp": 85, "atk": 85, "def": 85, "spa": 85, "spd": 85, "spe": 85}, "ivs": {"hp": 31, "atk": 31, "def": 31, "spa": 31, "spd": 31, "spe": 31}, "item": "Heavy-Duty Boots", "teraType": "Ground", "role": "Bulky Support", "bvs": {"hp": 90, "atk": 85, "def": 100, "spa": 95, "spd": 125, "spe": 85}, "stats": {"hp": 295, "atk": 195, "def": 221, "spa": 213, "spd": 264, "spe": 195}, "types": ["Ice", "Flying"]}, "Iron Jugulis": {"name": "Iron Jugulis", "species": "Iron Jugulis", "speciesId": "ironjugulis", "gender": "N", "shiny": false, "level": 77, "moves": ["fireblast", "darkpulse", "earthpower", "hurricane"], "ability": "Quark Drive", "evs": {"hp": 85, "atk": 0, "def": 85, "spa": 85, "spd": 85, "spe": 85}, "ivs": {"hp": 31, "atk": 0, "def": 31, "spa": 31, "spd": 31, "spe": 31}, "item": "Choice Specs", "teraType": "Ground", "role": "Wallbreaker", "bvs": {"hp": 94, "atk": 80, "def": 86, "spa": 122, "spd": 80, "spe": 108}, "stats": {"hp": 271, "atk": 128, "def": 177, "spa": 232, "spd": 168, "spe": 211}, "types": ["Dark", "Flying"]}, "Ceruledge": {"name": "Ceruledge", "species": "Ceruledge", "speciesId": "ceruledge", "gender": "F", "shiny": false, "level": 78, "moves": ["swordsdance", "shadowsneak", "bitterblade", "poltergeist"], "ability": "Weak Armor", "evs": {"hp": 85, "atk": 85, "def": 85, "spa": 85, "spd": 85, "spe": 85}, "ivs": {"hp": 31, "atk": 31, "def": 31, "spa": 31, "spd": 31, "spe": 31}, "item": "Heavy-Duty Boots", "teraType": "Fire", "role": "Setup Sweeper", "bvs": {"hp": 75, "atk": 125, "def": 80, "spa": 60, "spd": 100, "spe": 85}, "stats": {"hp": 245, "atk": 240, "def": 170, "spa": 139, "spd": 201, "spe": 178}, "types": ["Fire", "Ghost"]}}]}