{"id": "gen9randombattle-2641676354", "format": "[Gen 9] Random Battle", "players": ["kiitolinja", "penguinpower62"], "log": "|j|\u2606kiitolinja\n|j|\u2606penguinpower62\n|t:|1782828483\n|gametype|singles\n|player|p1|kiitolinja|drayden|1947\n|player|p2|penguinpower62|265|2014\n|gen|9\n|tier|[Gen 9] Random Battle\n|rated|\n|rule|Species Clause: Limit one of each Pok\u00e9mon\n|rule|HP Percentage Mod: HP is shown in percentages\n|rule|Sleep Clause Mod: Limit one foe put to sleep\n|rule|Illusion Level Mod: Illusion disguises the Pok\u00e9mon's true level\n|\n|t:|1782828483\n|teamsize|p1|6\n|teamsize|p2|6\n|start\n|switch|p1a: Iron Crown|Iron Crown, L78|268/268\n|switch|p2a: Forretress|Forretress, L84, M|263/263\n|turn|1\n|inactive|Battle timer is ON: inactive players will automatically lose when time's up. (requested by penguinpower62)\n|inactive|kiitolinja also wants the timer to be on.\n|\n|t:|1782828504\n|move|p1a: Iron Crown|Calm Mind|p1a: Iron Crown\n|-boost|p1a: Iron Crown|spa|1\n|-boost|p1a: Iron Crown|spd|1\n|move|p2a: Forretress|Stealth Rock|p1a: Iron Crown\n|-sidestart|p1: kiitolinja|move: Stealth Rock\n|\n|upkeep\n|turn|2\n|\n|t:|1782828512\n|switch|p2a: Ho-Oh|Ho-Oh, L71|268/268\n|move|p1a: Iron Crown|Tachyon Cutter|p2a: Ho-Oh\n|-resisted|p2a: Ho-Oh\n|-damage|p2a: Ho-Oh|238/268\n|-resisted|p2a: Ho-Oh\n|-damage|p2a: Ho-Oh|207/268\n|-hitcount|p2a: Ho-Oh|2\n|\n|upkeep\n|turn|3\n|\n|t:|1782828521\n|move|p1a: Iron Crown|Psyshock|p2a: Ho-Oh\n|-damage|p2a: Ho-Oh|54/268\n|move|p2a: Ho-Oh|Sacred Fire|p1a: Iron Crown\n|-supereffective|p1a: Iron Crown\n|-damage|p1a: Iron Crown|88/268\n|\n|-heal|p1a: Iron Crown|104/268|[from] item: Leftovers\n|upkeep\n|turn|4\n|\n|t:|1782828529\n|switch|p2a: Forretress|Forretress, L84, M|263/263\n|move|p1a: Iron Crown|Tachyon Cutter|p2a: Forretress\n|-resisted|p2a: Forretress\n|-damage|p2a: Forretress|209/263\n|-resisted|p2a: Forretress\n|-damage|p2a: Forretress|153/263\n|-hitcount|p2a: Forretress|2\n|\n|-heal|p1a: Iron Crown|120/268|[from] item: Leftovers\n|-heal|p2a: Forretress|169/263|[from] item: Leftovers\n|upkeep\n|turn|5\n|\n|t:|1782828533\n|move|p1a: Iron Crown|Tachyon Cutter|p2a: Forretress\n|-resisted|p2a: Forretress\n|-damage|p2a: Forretress|118/263\n|-resisted|p2a: Forretress\n|-damage|p2a: Forretress|65/263\n|-hitcount|p2a: Forretress|2\n|move|p2a: Forretress|Body Press|p1a: Iron Crown\n|-damage|p1a: Iron Crown|50/268\n|\n|-heal|p1a: Iron Crown|66/268|[from] item: Leftovers\n|-heal|p2a: Forretress|81/263|[from] item: Leftovers\n|upkeep\n|turn|6\n|\n|t:|1782828541\n|move|p1a: Iron Crown|Tachyon Cutter|p2a: Forretress\n|-resisted|p2a: Forretress\n|-damage|p2a: Forretress|29/263\n|-resisted|p2a: Forretress\n|-damage|p2a: Forretress|0 fnt\n|faint|p2a: Forretress\n|-hitcount|p2: Forretress|2\n|\n|-heal|p1a: Iron Crown|82/268|[from] item: Leftovers\n|upkeep\n|\n|t:|1782828542\n|switch|p2a: Weavile|Weavile, L79, M|239/239\n|turn|7\n|\n|t:|1782828551\n|move|p2a: Weavile|Knock Off|p1a: Iron Crown\n|-supereffective|p1a: Iron Crown\n|-damage|p1a: Iron Crown|0 fnt\n|-enditem|p1a: Iron Crown|Leftovers|[from] move: Knock Off|[of] p2a: Weavile\n|faint|p1a: Iron Crown\n|-end|p1a: Iron Crown|Quark Drive|[silent]\n|\n|upkeep\n|\n|t:|1782828555\n|switch|p1a: Hariyama|Hariyama, L87, F|392/392\n|-damage|p1a: Hariyama|368/392|[from] Stealth Rock\n|turn|8\n|\n|t:|1782828563\n|switch|p2a: Ho-Oh|Ho-Oh, L71|143/268\n|move|p1a: Hariyama|Fake Out|p2a: Ho-Oh\n|-damage|p2a: Ho-Oh|98/268\n|\n|-status|p1a: Hariyama|brn|[from] item: Flame Orb\n|upkeep\n|turn|9\n|\n|t:|1782828576\n|switch|p1a: Greedent|Greedent, L86, F|347/347\n|-damage|p1a: Greedent|304/347|[from] Stealth Rock\n|move|p2a: Ho-Oh|Recover|p2a: Ho-Oh\n|-heal|p2a: Ho-Oh|232/268\n|\n|upkeep\n|turn|10\n|\n|t:|1782828581\n|move|p2a: Ho-Oh|Sacred Fire|p1a: Greedent\n|-damage|p1a: Greedent|211/347\n|-status|p1a: Greedent|brn\n|move|p1a: Greedent|Swords Dance|p1a: Greedent\n|-boost|p1a: Greedent|atk|2\n|\n|-damage|p1a: Greedent|190/347 brn|[from] brn\n|upkeep\n|turn|11\n|\n|t:|1782828593\n|switch|p2a: Rhyperior|Rhyperior, L82, F|323/323\n|move|p1a: Greedent|Knock Off|p2a: Rhyperior\n|-damage|p2a: Rhyperior|270/323\n|-enditem|p2a: Rhyperior|Weakness Policy|[from] move: Knock Off|[of] p1a: Greedent\n|\n|-damage|p1a: Greedent|169/347 brn|[from] brn\n|upkeep\n|-enditem|p1a: Greedent|Sitrus Berry|[eat]\n|-heal|p1a: Greedent|255/347 brn|[from] item: Sitrus Berry\n|-heal|p1a: Greedent|347/347 brn|[from] ability: Cheek Pouch\n|turn|12\n|\n|t:|1782828601\n|move|p2a: Rhyperior|Earthquake|p1a: Greedent\n|-damage|p1a: Greedent|212/347 brn\n|move|p1a: Greedent|Earthquake|p2a: Rhyperior\n|-supereffective|p2a: Rhyperior\n|-damage|p2a: Rhyperior|185/323\n|\n|-damage|p1a: Greedent|191/347 brn|[from] brn\n|upkeep\n|turn|13\n|\n|t:|1782828610\n|move|p2a: Rhyperior|Earthquake|p1a: Greedent\n|-damage|p1a: Greedent|70/347 brn\n|move|p1a: Greedent|Earthquake|p2a: Rhyperior\n|-supereffective|p2a: Rhyperior\n|-damage|p2a: Rhyperior|102/323\n|\n|-damage|p1a: Greedent|49/347 brn|[from] brn\n|upkeep\n|turn|14\n|\n|t:|1782828615\n|move|p2a: Rhyperior|Earthquake|p1a: Greedent\n|-damage|p1a: Greedent|0 fnt\n|faint|p1a: Greedent\n|\n|upkeep\n|\n|t:|1782828626\n|switch|p1a: Meganium|Meganium, L90, F|290/290\n|-damage|p1a: Meganium|254/290|[from] Stealth Rock\n|turn|15\n|\n|t:|1782828634\n|switch|p2a: Venomoth|Venomoth, L84, F|255/255\n|move|p1a: Meganium|Energy Ball|p2a: Venomoth\n|-resisted|p2a: Venomoth\n|-damage|p2a: Venomoth|229/255\n|\n|-heal|p1a: Meganium|272/290|[from] item: Leftovers\n|upkeep\n|turn|16\n|\n|t:|1782828643\n|move|p2a: Venomoth|Sludge Wave|p1a: Meganium\n|-supereffective|p1a: Meganium\n|-damage|p1a: Meganium|96/290\n|move|p1a: Meganium|Leech Seed|p2a: Venomoth\n|-start|p2a: Venomoth|move: Leech Seed\n|\n|-heal|p1a: Meganium|114/290|[from] item: Leftovers\n|-damage|p2a: Venomoth|198/255|[from] Leech Seed|[of] p1a: Meganium\n|-heal|p1a: Meganium|145/290|[silent]\n|upkeep\n|turn|17\n|\n|t:|1782828664\n|move|p2a: Venomoth|Sludge Wave|p1a: Meganium\n|-supereffective|p1a: Meganium\n|-damage|p1a: Meganium|0 fnt\n|faint|p1a: Meganium\n|\n|upkeep\n|\n|t:|1782828669\n|switch|p1a: Hariyama|Hariyama, L87, F|368/392 brn\n|-damage|p1a: Hariyama|344/392 brn|[from] Stealth Rock\n|turn|18\n|\n|t:|1782828680\n|switch|p2a: Rhyperior|Rhyperior, L82, F|102/323\n|move|p1a: Hariyama|Facade|p2a: Rhyperior\n|-resisted|p2a: Rhyperior\n|-damage|p2a: Rhyperior|29/323\n|\n|-damage|p1a: Hariyama|320/392 brn|[from] brn\n|upkeep\n|turn|19\n|\n|t:|1782828691\n|switch|p2a: Ho-Oh|Ho-Oh, L71|268/268\n|move|p1a: Hariyama|Facade|p2a: Ho-Oh\n|-damage|p2a: Ho-Oh|68/268\n|\n|-damage|p1a: Hariyama|296/392 brn|[from] brn\n|upkeep\n|turn|20\n|\n|t:|1782828698\n|move|p2a: Ho-Oh|Brave Bird|p1a: Hariyama\n|-supereffective|p1a: Hariyama\n|-damage|p1a: Hariyama|18/392 brn\n|-damage|p2a: Ho-Oh|0 fnt|[from] Recoil\n|faint|p2a: Ho-Oh\n|move|p1a: Hariyama|Facade|p2: Ho-Oh|[notarget]\n|-fail|p1a: Hariyama\n|\n|-damage|p1a: Hariyama|0 fnt|[from] brn\n|faint|p1a: Hariyama\n|upkeep\n|\n|t:|1782828706\n|switch|p2a: Weavile|Weavile, L79, M|239/239\n|switch|p1a: Basculin|Basculin, L86, F|261/261\n|-damage|p1a: Basculin|229/261|[from] Stealth Rock\n|turn|21\n|\n|t:|1782828722\n|move|p2a: Weavile|Knock Off|p1a: Basculin\n|-damage|p1a: Basculin|22/261\n|-enditem|p1a: Basculin|Choice Band|[from] move: Knock Off|[of] p2a: Weavile\n|move|p1a: Basculin|Wave Crash|p2a: Weavile\n|-damage|p2a: Weavile|21/239\n|-damage|p1a: Basculin|0 fnt|[from] Recoil\n|faint|p1a: Basculin\n|\n|upkeep\n|\n|t:|1782828725\n|switch|p1a: Sceptile|Sceptile, L87, M|264/264\n|-damage|p1a: Sceptile|231/264|[from] Stealth Rock\n|turn|22\n|\n|t:|1782828736\n|move|p1a: Sceptile|Earthquake|p2a: Weavile\n|-damage|p2a: Weavile|0 fnt\n|faint|p2a: Weavile\n|-damage|p1a: Sceptile|205/264|[from] item: Life Orb\n|\n|upkeep\n|\n|t:|1782828740\n|switch|p2a: Palkia|Palkia, L75|259/259\n|-ability|p2a: Palkia|Pressure\n|turn|23\n|\n|t:|1782828753\n|-terastallize|p2a: Palkia|Dragon\n|move|p1a: Sceptile|Swords Dance|p1a: Sceptile\n|-boost|p1a: Sceptile|atk|2\n|move|p2a: Palkia|Spacial Rend|p1a: Sceptile\n|-damage|p1a: Sceptile|0 fnt\n|faint|p1a: Sceptile\n|\n|win|penguinpower62\n", "inputlog": ">version f8ac14003a5f27e1bdc8d8c59608a773c1cb96e5\n>start {\"formatid\":\"gen9randombattle\",\"seed\":\"sodium,ebc3d696904652ec48958d8a95db1e11\",\"rated\":\"Rated battle\"}\n>player p1 {\"name\":\"kiitolinja\",\"avatar\":\"drayden\",\"rating\":1947,\"seed\":\"sodium,0c85a2ae20e1a0141b2c072201db6c22\"}\n>player p2 {\"name\":\"penguinpower62\",\"avatar\":\"265\",\"rating\":2014,\"seed\":\"sodium,e23214c3643699e84837e0e95d56453f\"}\n>p1 move calmmind\n>p2 move stealthrock\n>p1 move tachyoncutter\n>p2 switch 2\n>p1 move psyshock\n>p2 move sacredfire\n>p1 move tachyoncutter\n>p2 switch 2\n>p1 move tachyoncutter\n>p2 move bodypress\n>p1 move tachyoncutter\n>p2 move bodypress\n>p2 switch 5\n>p1 move tachyoncutter\n>p2 move knockoff\n>p1 switch 4\n>p1 move fakeout\n>p2 switch 2\n>p1 switch 2\n>p2 move recover\n>p1 move swordsdance\n>p2 move sacredfire\n>p1 move knockoff\n>p2 switch 3\n>p1 move earthquake\n>p2 move earthquake\n>p1 move earthquake\n>p2 move earthquake\n>p1 move earthquake\n>p2 move earthquake\n>p1 switch 5\n>p1 move energyball\n>p2 switch 4\n>p1 move leechseed\n>p2 move sludgewave\n>p1 move synthesis\n>p2 move sludgewave\n>p1 switch 2\n>p1 move facade\n>p2 switch 4\n>p1 move facade\n>p2 switch 3\n>p1 move facade\n>p2 move bravebird\n>p1 switch 3\n>p2 switch 2\n>p1 move wavecrash\n>p2 move knockoff\n>p1 switch 6\n>p1 move earthquake\n>p2 move knockoff\n>p2 switch 6\n>p1 move swordsdance\n>p2 move spacialrend terastallize", "uploadtime": 1782828486, "views": 3, "formatid": "gen9randombattle", "rating": null, "private": 0, "password": null, "player_dets": [{"name": "kiitolinja", "avatar": "drayden", "rating": 1947, "seed": "sodium,0c85a2ae20e1a0141b2c072201db6c22"}, {"name": "penguinpower62", "avatar": "265", "rating": 2014, "seed": "sodium,e23214c3643699e84837e0e95d56453f"}], "teams_full": [{"Iron Crown": {"name": "Iron Crown", "species": "Iron Crown", "speciesId": "ironcrown", "gender": "N", "shiny": false, "level": 78, "moves": ["focusblast", "psyshock", "tachyoncutter", "calmmind"], "ability": "Quark Drive", "evs": {"hp": 85, "atk": 0, "def": 85, "spa": 85, "spd": 85, "spe": 85}, "ivs": {"hp": 31, "atk": 0, "def": 31, "spa": 31, "spd": 31, "spe": 31}, "item": "Leftovers", "teraType": "Steel", "role": "Bulky Setup", "bvs": {"hp": 90, "atk": 72, "def": 100, "spa": 122, "spd": 108, "spe": 98}, "stats": {"hp": 268, "atk": 117, "def": 201, "spa": 235, "spd": 214, "spe": 198}, "types": ["Steel", "Psychic"]}, "Greedent": {"name": "Greedent", "species": "Greedent", "speciesId": "greedent", "gender": "F", "shiny": false, "level": 86, "moves": ["swordsdance", "earthquake", "doubleedge", "knockoff"], "ability": "Cheek Pouch", "evs": {"hp": 85, "atk": 85, "def": 85, "spa": 85, "spd": 85, "spe": 85}, "ivs": {"hp": 31, "atk": 31, "def": 31, "spa": 31, "spd": 31, "spe": 31}, "item": "Sitrus Berry", "teraType": "Ground", "role": "Bulky Setup", "bvs": {"hp": 120, "atk": 95, "def": 95, "spa": 55, "spd": 75, "spe": 20}, "stats": {"hp": 347, "atk": 213, "def": 213, "spa": 144, "spd": 178, "spe": 84}, "types": ["Normal"]}, "Basculin": {"name": "Basculin", "species": "Basculin", "speciesId": "basculin", "gender": "F", "shiny": false, "level": 86, "moves": ["flipturn", "aquajet", "wavecrash", "doubleedge"], "ability": "Adaptability", "evs": {"hp": 85, "atk": 85, "def": 85, "spa": 85, "spd": 85, "spe": 85}, "ivs": {"hp": 31, "atk": 31, "def": 31, "spa": 31, "spd": 31, "spe": 31}, "item": "Choice Band", "teraType": "Water", "role": "Wallbreaker", "bvs": {"hp": 70, "atk": 92, "def": 65, "spa": 80, "spd": 55, "spe": 98}, "stats": {"hp": 261, "atk": 207, "def": 161, "spa": 187, "spd": 144, "spe": 218}, "types": ["Water"]}, "Hariyama": {"name": "Hariyama", "species": "Hariyama", "speciesId": "hariyama", "gender": "F", "shiny": false, "level": 87, "moves": ["facade", "fakeout", "closecombat", "knockoff"], "ability": "Guts", "evs": {"hp": 85, "atk": 85, "def": 85, "spa": 85, "spd": 85, "spe": 85}, "ivs": {"hp": 31, "atk": 31, "def": 31, "spa": 31, "spd": 31, "spe": 31}, "item": "Flame Orb", "teraType": "Normal", "role": "Wallbreaker", "bvs": {"hp": 144, "atk": 120, "def": 60, "spa": 40, "spd": 60, "spe": 50}, "stats": {"hp": 392, "atk": 259, "def": 154, "spa": 119, "spd": 154, "spe": 137}, "types": ["Fighting"]}, "Meganium": {"name": "Meganium", "species": "Meganium", "speciesId": "meganium", "gender": "F", "shiny": false, "level": 90, "moves": ["synthesis", "knockoff", "energyball", "leechseed"], "ability": "Overgrow", "evs": {"hp": 85, "atk": 85, "def": 85, "spa": 85, "spd": 85, "spe": 85}, "ivs": {"hp": 31, "atk": 31, "def": 31, "spa": 31, "spd": 31, "spe": 31}, "item": "Leftovers", "teraType": "Poison", "role": "Bulky Attacker", "bvs": {"hp": 80, "atk": 82, "def": 100, "spa": 83, "spd": 100, "spe": 80}, "stats": {"hp": 290, "atk": 199, "def": 231, "spa": 201, "spd": 231, "spe": 195}, "types": ["Grass"]}, "Sceptile": {"name": "Sceptile", "species": "Sceptile", "speciesId": "sceptile", "gender": "M", "shiny": false, "level": 87, "moves": ["earthquake", "swordsdance", "rockslide", "leafblade"], "ability": "Overgrow", "evs": {"hp": 85, "atk": 85, "def": 85, "spa": 85, "spd": 85, "spe": 85}, "ivs": {"hp": 31, "atk": 31, "def": 31, "spa": 31, "spd": 31, "spe": 31}, "item": "Life Orb", "teraType": "Rock", "role": "Setup Sweeper", "bvs": {"hp": 70, "atk": 85, "def": 65, "spa": 105, "spd": 85, "spe": 120}, "stats": {"hp": 264, "atk": 198, "def": 163, "spa": 232, "spd": 198, "spe": 259}, "types": ["Grass"]}}, {"Forretress": {"name": "Forretress", "species": "Forretress", "speciesId": "forretress", "gender": "M", "shiny": false, "level": 84, "moves": ["stealthrock", "bodypress", "rapidspin", "ironhead"], "ability": "Sturdy", "evs": {"hp": 85, "atk": 85, "def": 85, "spa": 85, "spd": 85, "spe": 85}, "ivs": {"hp": 31, "atk": 31, "def": 31, "spa": 31, "spd": 31, "spe": 31}, "item": "Leftovers", "teraType": "Water", "role": "Bulky Attacker", "bvs": {"hp": 75, "atk": 90, "def": 140, "spa": 60, "spd": 60, "spe": 40}, "stats": {"hp": 263, "atk": 199, "def": 283, "spa": 149, "spd": 149, "spe": 115}, "types": ["Bug", "Steel"]}, "Ho-Oh": {"name": "Ho-Oh", "species": "Ho-Oh", "speciesId": "hooh", "gender": "N", "shiny": false, "level": 71, "moves": ["recover", "bravebird", "earthquake", "sacredfire"], "ability": "Regenerator", "evs": {"hp": 85, "atk": 85, "def": 85, "spa": 85, "spd": 85, "spe": 85}, "ivs": {"hp": 31, "atk": 31, "def": 31, "spa": 31, "spd": 31, "spe": 31}, "item": "Heavy-Duty Boots", "teraType": "Steel", "role": "Bulky Attacker", "bvs": {"hp": 106, "atk": 130, "def": 90, "spa": 110, "spd": 154, "spe": 90}, "stats": {"hp": 268, "atk": 226, "def": 169, "spa": 198, "spd": 260, "spe": 169}, "types": ["Fire", "Flying"]}, "Rhyperior": {"name": "Rhyperior", "species": "Rhyperior", "speciesId": "rhyperior", "gender": "F", "shiny": false, "level": 82, "moves": ["earthquake", "megahorn", "rockpolish", "stoneedge"], "ability": "Solid Rock", "evs": {"hp": 85, "atk": 85, "def": 85, "spa": 85, "spd": 85, "spe": 85}, "ivs": {"hp": 31, "atk": 31, "def": 31, "spa": 31, "spd": 31, "spe": 31}, "item": "Weakness Policy", "teraType": "Bug", "role": "Bulky Setup", "bvs": {"hp": 115, "atk": 140, "def": 130, "spa": 55, "spd": 55, "spe": 40}, "stats": {"hp": 323, "atk": 277, "def": 260, "spa": 137, "spd": 137, "spe": 113}, "types": ["Ground", "Rock"]}, "Venomoth": {"name": "Venomoth", "species": "Venomoth", "speciesId": "venomoth", "gender": "F", "shiny": false, "level": 84, "moves": ["bugbuzz", "quiverdance", "sludgewave", "sleeppowder"], "ability": "Tinted Lens", "evs": {"hp": 85, "atk": 0, "def": 85, "spa": 85, "spd": 85, "spe": 85}, "ivs": {"hp": 31, "atk": 0, "def": 31, "spa": 31, "spd": 31, "spe": 31}, "item": "Heavy-Duty Boots", "teraType": "Water", "role": "Setup Sweeper", "bvs": {"hp": 70, "atk": 65, "def": 60, "spa": 90, "spd": 75, "spe": 90}, "stats": {"hp": 255, "atk": 114, "def": 149, "spa": 199, "spd": 174, "spe": 199}, "types": ["Bug", "Poison"]}, "Weavile": {"name": "Weavile", "species": "Weavile", "speciesId": "weavile", "gender": "M", "shiny": false, "level": 79, "moves": ["tripleaxel", "iceshard", "lowkick", "knockoff"], "ability": "Pickpocket", "evs": {"hp": 81, "atk": 85, "def": 85, "spa": 85, "spd": 85, "spe": 85}, "ivs": {"hp": 31, "atk": 31, "def": 31, "spa": 31, "spd": 31, "spe": 31}, "item": "Choice Band", "teraType": "Dark", "role": "Fast Attacker", "bvs": {"hp": 70, "atk": 120, "def": 65, "spa": 45, "spd": 85, "spe": 125}, "stats": {"hp": 239, "atk": 235, "def": 148, "spa": 117, "spd": 180, "spe": 243}, "types": ["Dark", "Ice"]}, "Palkia": {"name": "Palkia", "species": "Palkia", "speciesId": "palkia", "gender": "N", "shiny": false, "level": 75, "moves": ["fireblast", "hydropump", "spacialrend", "dracometeor"], "ability": "Pressure", "evs": {"hp": 85, "atk": 0, "def": 85, "spa": 85, "spd": 85, "spe": 85}, "ivs": {"hp": 31, "atk": 0, "def": 31, "spa": 31, "spd": 31, "spe": 31}, "item": "Choice Specs", "teraType": "Dragon", "role": "Fast Attacker", "bvs": {"hp": 90, "atk": 120, "def": 100, "spa": 150, "spd": 120, "spe": 100}, "stats": {"hp": 259, "atk": 185, "def": 194, "spa": 269, "spd": 224, "spe": 194}, "types": ["Water", "Dragon"]}}]}