{"id": "gen9randombattle-2641639324", "format": "[Gen 9] Random Battle", "players": ["fick runk", "MichaelderBeste2"], "log": "|badge|p2|silver|gen9randombattle|30-9\n|html|<div class=\"broadcast-red\"><strong>This battle is required to be public due to one or more player having a season medal.</strong><br />During the public phase, you can discuss the state of the ladder <a href=\"/seasondiscussion\">in a special chatroom.</a></div>\n|uhtml|medal-msg|<div class=\"broadcast-blue\">Curious what those medals under the avatar are? PS now has Ladder Seasons! For more information, check out the <a href=\"https://www.smogon.com/forums/threads/3740067/\">thread on Smogon.</a></div>\n|j|\u2606fick runk\n|j|\u2606MichaelderBeste2\n|t:|1782823211\n|gametype|singles\n|player|p1|fick runk|parasollady|2209\n|player|p2|MichaelderBeste2|#wcop2026germany|2495\n|gen|9\n|tier|[Gen 9] Random Battle\n|rated|\n|rule|Species Clause: Limit one of each Pok\u00e9mon\n|rule|HP Percentage Mod: HP is shown in percentages\n|rule|Sleep Clause Mod: Limit one foe put to sleep\n|rule|Illusion Level Mod: Illusion disguises the Pok\u00e9mon's true level\n|\n|t:|1782823211\n|teamsize|p1|6\n|teamsize|p2|6\n|start\n|switch|p1a: Bombirdier|Bombirdier, L85, M|258/258\n|switch|p2a: Cinderace|Cinderace, L77, M|249/249\n|turn|1\n|inactive|Battle timer is ON: inactive players will automatically lose when time's up. (requested by fick runk)\n|\n|t:|1782823239\n|move|p2a: Cinderace|U-turn|p1a: Bombirdier\n|-start|p2a: Cinderace|typechange|Bug|[from] ability: Libero\n|-damage|p1a: Bombirdier|152/258\n|\n|t:|1782823241\n|switch|p2a: Stonjourner|Stonjourner, L91, F|330/330|[from] U-turn\n|move|p1a: Bombirdier|Brave Bird|p2a: Stonjourner\n|-resisted|p2a: Stonjourner\n|-damage|p2a: Stonjourner|261/330\n|-damage|p1a: Bombirdier|129/258|[from] Recoil\n|\n|upkeep\n|turn|2\n|\n|t:|1782823260\n|switch|p1a: Quaquaval|Quaquaval, L79, F|264/264\n|move|p2a: Stonjourner|Stealth Rock|p1a: Quaquaval\n|-sidestart|p1: fick runk|move: Stealth Rock\n|\n|upkeep\n|turn|3\n|j| HalloFriend\n|\n|t:|1782823273\n|switch|p2a: Ninetales|Ninetales-Alola, L78, F|242/242\n|-weather|Snowscape|[from] ability: Snow Warning|[of] p2a: Ninetales\n|move|p1a: Quaquaval|Knock Off|p2a: Ninetales\n|-resisted|p2a: Ninetales\n|-damage|p2a: Ninetales|200/242\n|-enditem|p2a: Ninetales|Light Clay|[from] move: Knock Off|[of] p1a: Quaquaval\n|\n|-weather|Snowscape|[upkeep]\n|upkeep\n|turn|4\n|c| HalloFriend|use a good move rather than a bad one\n|\n|t:|1782823297\n|switch|p1a: Stonjourner|Stonjourner, L91, M|330/330\n|-damage|p1a: Stonjourner|289/330|[from] Stealth Rock\n|move|p2a: Ninetales|Aurora Veil|p2a: Ninetales\n|-sidestart|p2: MichaelderBeste2|move: Aurora Veil\n|\n|-weather|Snowscape|[upkeep]\n|upkeep\n|turn|5\n|\n|t:|1782823307\n|move|p2a: Ninetales|Blizzard|p1a: Stonjourner\n|-damage|p1a: Stonjourner|106/330\n|move|p1a: Stonjourner|Stealth Rock|p2a: Ninetales\n|-sidestart|p2: MichaelderBeste2|move: Stealth Rock\n|\n|-weather|Snowscape|[upkeep]\n|upkeep\n|turn|6\n|c| HalloFriend|I would have done something different\n|\n|t:|1782823323\n|move|p2a: Ninetales|Blizzard|p1a: Stonjourner\n|-damage|p1a: Stonjourner|0 fnt\n|faint|p1a: Stonjourner\n|\n|-weather|Snowscape|[upkeep]\n|upkeep\n|inactive|fick runk has 120 seconds left.\n|\n|t:|1782823369\n|switch|p1a: Bombirdier|Bombirdier, L85, M|129/258\n|-damage|p1a: Bombirdier|65/258|[from] Stealth Rock\n|turn|7\n|c| HalloFriend|yall think I should download a pokemon platinum randomizer and play it?\n|\n|t:|1782823380\n|switch|p1a: Quaquaval|Quaquaval, L79, F|264/264\n|-damage|p1a: Quaquaval|248/264|[from] Stealth Rock\n|move|p2a: Ninetales|Blizzard|p1a: Quaquaval\n|-resisted|p1a: Quaquaval\n|-damage|p1a: Quaquaval|200/264\n|\n|-weather|none\n|upkeep\n|turn|8\n|\n|t:|1782823405\n|-terastallize|p1a: Quaquaval|Water\n|move|p2a: Ninetales|Moonblast|p1a: Quaquaval\n|-damage|p1a: Quaquaval|100/264\n|move|p1a: Quaquaval|Aqua Step|p2a: Ninetales\n|-damage|p2a: Ninetales|91/242\n|-boost|p1a: Quaquaval|spe|1\n|\n|-sideend|p2: MichaelderBeste2|move: Aurora Veil\n|upkeep\n|turn|9\n|c| HalloFriend|that was a good move\n|inactive|MichaelderBeste2 has 120 seconds left.\n|c| HalloFriend|I would have done the same\n|\n|t:|1782823430\n|move|p1a: Quaquaval|Aqua Step|p2a: Ninetales\n|-damage|p2a: Ninetales|0 fnt\n|-boost|p1a: Quaquaval|spe|1\n|faint|p2a: Ninetales\n|-ability|p1a: Quaquaval|Moxie|boost\n|-boost|p1a: Quaquaval|atk|1\n|\n|upkeep\n|\n|t:|1782823440\n|switch|p2a: Palossand|Palossand, L89, M|296/296\n|-damage|p2a: Palossand|278/296|[from] Stealth Rock\n|turn|10\n|inactive|fick runk has 120 seconds left.\n|\n|t:|1782823449\n|-terastallize|p2a: Palossand|Poison\n|move|p1a: Quaquaval|Aqua Step|p2a: Palossand\n|-damage|p2a: Palossand|82/296\n|-boost|p1a: Quaquaval|spe|1\n|-ability|p2a: Palossand|Water Compaction|boost\n|-boost|p2a: Palossand|def|2\n|move|p2a: Palossand|Shore Up|p2a: Palossand\n|-heal|p2a: Palossand|230/296\n|\n|-heal|p2a: Palossand|248/296|[from] item: Leftovers\n|upkeep\n|turn|11\n|inactive|MichaelderBeste2 has 120 seconds left.\n|c| HalloFriend|rough\n|\n|t:|1782823463\n|switch|p1a: Bombirdier|Bombirdier, L85, M|65/258\n|-damage|p1a: Bombirdier|1/258|[from] Stealth Rock\n|move|p2a: Palossand|Earth Power|p1a: Bombirdier\n|-immune|p1a: Bombirdier\n|\n|-heal|p2a: Palossand|266/296|[from] item: Leftovers\n|upkeep\n|turn|12\n|inactive|MichaelderBeste2 has 120 seconds left.\n|\n|t:|1782823471\n|move|p1a: Bombirdier|Knock Off|p2a: Palossand\n|-damage|p2a: Palossand|202/296\n|-enditem|p2a: Palossand|Leftovers|[from] move: Knock Off|[of] p1a: Bombirdier\n|move|p2a: Palossand|Shadow Ball|p1a: Bombirdier\n|-resisted|p1a: Bombirdier\n|-damage|p1a: Bombirdier|0 fnt\n|faint|p1a: Bombirdier\n|\n|upkeep\n|c| HalloFriend|use a better move instead of the one you did\n|\n|t:|1782823484\n|switch|p1a: Gyarados|Gyarados, L79, M|280/280\n|turn|13\n|\n|t:|1782823488\n|move|p1a: Gyarados|Dragon Dance|p1a: Gyarados\n|-boost|p1a: Gyarados|atk|1\n|-boost|p1a: Gyarados|spe|1\n|move|p2a: Palossand|Sludge Bomb|p1a: Gyarados\n|-damage|p1a: Gyarados|183/280\n|\n|upkeep\n|turn|14\n|\n|t:|1782823490\n|move|p1a: Gyarados|Dragon Dance|p1a: Gyarados\n|-boost|p1a: Gyarados|atk|1\n|-boost|p1a: Gyarados|spe|1\n|move|p2a: Palossand|Sludge Bomb|p1a: Gyarados\n|-damage|p1a: Gyarados|75/280\n|\n|upkeep\n|turn|15\n|\n|t:|1782823500\n|move|p1a: Gyarados|Earthquake|p2a: Palossand\n|-supereffective|p2a: Palossand\n|-damage|p2a: Palossand|70/296\n|move|p2a: Palossand|Shore Up|p2a: Palossand\n|-heal|p2a: Palossand|218/296\n|\n|upkeep\n|turn|16\n|\n|t:|1782823503\n|move|p1a: Gyarados|Earthquake|p2a: Palossand\n|-supereffective|p2a: Palossand\n|-damage|p2a: Palossand|96/296\n|move|p2a: Palossand|Shore Up|p2a: Palossand\n|-heal|p2a: Palossand|244/296\n|\n|upkeep\n|turn|17\n|\n|t:|1782823505\n|move|p1a: Gyarados|Earthquake|p2a: Palossand\n|-supereffective|p2a: Palossand\n|-damage|p2a: Palossand|128/296\n|move|p2a: Palossand|Sludge Bomb|p1a: Gyarados\n|-damage|p1a: Gyarados|0 fnt\n|faint|p1a: Gyarados\n|\n|upkeep\n|c| HalloFriend|you're supposed to crit\n|\n|t:|1782823517\n|switch|p1a: Eiscue|Eiscue, L88, M|274/274\n|-damage|p1a: Eiscue|206/274|[from] Stealth Rock\n|turn|18\n|\n|t:|1782823527\n|move|p1a: Eiscue|Belly Drum|p1a: Eiscue\n|-damage|p1a: Eiscue|69/274\n|-setboost|p1a: Eiscue|atk|6|[from] move: Belly Drum\n|-enditem|p1a: Eiscue|Sitrus Berry|[eat]\n|-heal|p1a: Eiscue|137/274|[from] item: Sitrus Berry\n|move|p2a: Palossand|Sludge Bomb|p1a: Eiscue\n|-damage|p1a: Eiscue|40/274\n|\n|upkeep\n|turn|19\n|c| HalloFriend|man thats a rough loss\n|\n|t:|1782823546\n|move|p1a: Eiscue|Ice Spinner|p2a: Palossand\n|-damage|p2a: Palossand|7/296\n|move|p2a: Palossand|Shore Up|p2a: Palossand\n|-heal|p2a: Palossand|155/296\n|\n|upkeep\n|turn|20\n|\n|t:|1782823549\n|move|p1a: Eiscue|Ice Spinner|p2a: Palossand\n|-damage|p2a: Palossand|16/296\n|move|p2a: Palossand|Shore Up|p2a: Palossand\n|-heal|p2a: Palossand|164/296\n|\n|upkeep\n|turn|21\n|c| HalloFriend|hate to see it\n|\n|t:|1782823554\n|move|p1a: Eiscue|Ice Spinner|p2a: Palossand\n|-damage|p2a: Palossand|35/296\n|move|p2a: Palossand|Shore Up|p2a: Palossand\n|-heal|p2a: Palossand|183/296\n|\n|upkeep\n|turn|22\n|\n|t:|1782823558\n|move|p1a: Eiscue|Ice Spinner|p2a: Palossand\n|-damage|p2a: Palossand|59/296\n|move|p2a: Palossand|Shore Up|p2a: Palossand\n|-heal|p2a: Palossand|207/296\n|\n|upkeep\n|turn|23\n|\n|t:|1782823561\n|move|p1a: Eiscue|Ice Spinner|p2a: Palossand\n|-damage|p2a: Palossand|72/296\n|move|p2a: Palossand|Shore Up|p2a: Palossand\n|-heal|p2a: Palossand|220/296\n|\n|upkeep\n|turn|24\n|c| HalloFriend|crit him\n|\n|t:|1782823563\n|move|p1a: Eiscue|Ice Spinner|p2a: Palossand\n|-damage|p2a: Palossand|96/296\n|move|p2a: Palossand|Sludge Bomb|p1a: Eiscue\n|-damage|p1a: Eiscue|0 fnt\n|faint|p1a: Eiscue\n|\n|upkeep\n|\n|t:|1782823574\n|switch|p1a: Shiftry|Shiftry, L89, F|305/305\n|-damage|p1a: Shiftry|267/305|[from] Stealth Rock\n|turn|25\n|c| HalloFriend|yeah I would have crit him instead of losing\n|\n|t:|1782823587\n|move|p1a: Shiftry|Swords Dance|p1a: Shiftry\n|-boost|p1a: Shiftry|atk|2\n|move|p2a: Palossand|Sludge Bomb|p1a: Shiftry\n|-supereffective|p1a: Shiftry\n|-damage|p1a: Shiftry|9/305\n|\n|upkeep\n|turn|26\n|-message|fick runk forfeited.\n|\n|win|MichaelderBeste2\n", "inputlog": ">version f8ac14003a5f27e1bdc8d8c59608a773c1cb96e5\n>start {\"formatid\":\"gen9randombattle\",\"seed\":\"sodium,09126fc2738862486929885cb783409b\",\"rated\":\"Rated battle\"}\n>player p1 {\"name\":\"fick runk\",\"avatar\":\"parasollady\",\"rating\":2209,\"seed\":\"sodium,25cb9f7a46891bbf2896a2150d6efc6f\"}\n>player p2 {\"name\":\"MichaelderBeste2\",\"avatar\":\"#wcop2026germany\",\"rating\":2495,\"seed\":\"sodium,78360b61d7f222a612c225bcf9c8ed85\"}\n>p1 move bravebird\n>p2 move uturn\n>p2 switch 3\n>p1 switch 6\n>p2 move stealthrock\n>p1 move knockoff\n>p2 switch 2\n>chat  HalloFriend|use a good move rather than a bad one\n>p1 switch 2\n>p2 move auroraveil\n>p1 move stealthrock\n>p2 move blizzard\n>chat  HalloFriend|I would have done something different\n>p1 move stoneedge\n>p2 move blizzard\n>p1 switch 6\n>chat  HalloFriend|yall think I should download a pokemon platinum randomizer and play it?\n>p1 switch 2\n>p2 move blizzard\n>p1 move aquastep terastallize\n>p2 move moonblast\n>chat  HalloFriend|that was a good move\n>chat  HalloFriend|I would have done the same\n>p1 move aquastep\n>p2 move moonblast\n>p2 switch 6\n>p1 move aquastep\n>p2 move shoreup terastallize\n>chat  HalloFriend|rough\n>p1 switch 2\n>p2 move earthpower\n>p1 move knockoff\n>p2 move shadowball\n>chat  HalloFriend|use a better move instead of the one you did\n>p1 switch 5\n>p1 move dragondance\n>p2 move sludgebomb\n>p1 move dragondance\n>p2 move sludgebomb\n>p1 move earthquake\n>p2 move shoreup\n>p1 move earthquake\n>p2 move shoreup\n>p1 move earthquake\n>p2 move sludgebomb\n>chat  HalloFriend|you're supposed to crit\n>p1 switch 4\n>p1 move bellydrum\n>p2 move sludgebomb\n>chat  HalloFriend|man thats a rough loss\n>p1 move icespinner\n>p2 move shoreup\n>p1 move icespinner\n>p2 move shoreup\n>chat  HalloFriend|hate to see it\n>p1 move icespinner\n>p2 move shoreup\n>p1 move icespinner\n>p2 move shoreup\n>p1 move icespinner\n>p2 move shoreup\n>chat  HalloFriend|crit him\n>p1 move icespinner\n>p2 move sludgebomb\n>p1 switch 3\n>chat  HalloFriend|yeah I would have crit him instead of losing\n>p1 move swordsdance\n>p2 move sludgebomb\n>forcelose p1", "uploadtime": 1782823213, "views": 5, "formatid": "gen9randombattle", "rating": null, "private": 0, "password": null, "player_dets": [{"name": "fick runk", "avatar": "parasollady", "rating": 2209, "seed": "sodium,25cb9f7a46891bbf2896a2150d6efc6f"}, {"name": "MichaelderBeste2", "avatar": "#wcop2026germany", "rating": 2495, "seed": "sodium,78360b61d7f222a612c225bcf9c8ed85"}], "teams_full": [{"Bombirdier": {"name": "Bombirdier", "species": "Bombirdier", "speciesId": "bombirdier", "gender": "M", "shiny": false, "level": 85, "moves": ["suckerpunch", "bravebird", "stoneedge", "knockoff"], "ability": "Rocky Payload", "evs": {"hp": 85, "atk": 85, "def": 85, "spa": 85, "spd": 85, "spe": 85}, "ivs": {"hp": 31, "atk": 31, "def": 31, "spa": 31, "spd": 31, "spe": 31}, "item": "Choice Band", "teraType": "Rock", "role": "Fast Attacker", "bvs": {"hp": 70, "atk": 103, "def": 85, "spa": 60, "spd": 85, "spe": 82}, "stats": {"hp": 258, "atk": 224, "def": 193, "spa": 151, "spd": 193, "spe": 188}, "types": ["Flying", "Dark"]}, "Stonjourner": {"name": "Stonjourner", "species": "Stonjourner", "speciesId": "stonjourner", "gender": "M", "shiny": false, "level": 91, "moves": ["earthquake", "stoneedge", "heatcrash", "stealthrock"], "ability": "Power Spot", "evs": {"hp": 85, "atk": 85, "def": 85, "spa": 85, "spd": 85, "spe": 85}, "ivs": {"hp": 31, "atk": 31, "def": 31, "spa": 31, "spd": 31, "spe": 31}, "item": "Life Orb", "teraType": "Ground", "role": "Fast Attacker", "bvs": {"hp": 100, "atk": 125, "def": 135, "spa": 20, "spd": 20, "spe": 70}, "stats": {"hp": 330, "atk": 279, "def": 298, "spa": 88, "spd": 88, "spe": 179}, "types": ["Rock"]}, "Shiftry": {"name": "Shiftry", "species": "Shiftry", "speciesId": "shiftry", "gender": "F", "shiny": false, "level": 89, "moves": ["suckerpunch", "leafblade", "knockoff", "swordsdance"], "ability": "Wind Rider", "evs": {"hp": 85, "atk": 85, "def": 85, "spa": 85, "spd": 85, "spe": 85}, "ivs": {"hp": 31, "atk": 31, "def": 31, "spa": 31, "spd": 31, "spe": 31}, "item": "Life Orb", "teraType": "Poison", "role": "Fast Bulky Setup", "bvs": {"hp": 90, "atk": 100, "def": 60, "spa": 90, "spd": 60, "spe": 80}, "stats": {"hp": 305, "atk": 229, "def": 158, "spa": 211, "spd": 158, "spe": 193}, "types": ["Grass", "Dark"]}, "Eiscue": {"name": "Eiscue", "species": "Eiscue", "speciesId": "eiscue", "gender": "M", "shiny": false, "level": 88, "moves": ["bellydrum", "liquidation", "icespinner", "terablast"], "ability": "Ice Face", "evs": {"hp": 81, "atk": 85, "def": 85, "spa": 85, "spd": 85, "spe": 85}, "ivs": {"hp": 31, "atk": 31, "def": 31, "spa": 31, "spd": 31, "spe": 31}, "item": "Sitrus Berry", "teraType": "Electric", "role": "Tera Blast user", "bvs": {"hp": 75, "atk": 80, "def": 110, "spa": 65, "spd": 90, "spe": 50}, "stats": {"hp": 274, "atk": 191, "def": 244, "spa": 165, "spd": 209, "spe": 138}, "types": ["Ice"]}, "Gyarados": {"name": "Gyarados", "species": "Gyarados", "speciesId": "gyarados", "gender": "M", "shiny": false, "level": 79, "moves": ["dragondance", "earthquake", "waterfall", "temperflare"], "ability": "Moxie", "evs": {"hp": 85, "atk": 85, "def": 85, "spa": 85, "spd": 85, "spe": 85}, "ivs": {"hp": 31, "atk": 31, "def": 31, "spa": 31, "spd": 31, "spe": 31}, "item": "Heavy-Duty Boots", "teraType": "Ground", "role": "Setup Sweeper", "bvs": {"hp": 95, "atk": 125, "def": 79, "spa": 60, "spd": 100, "spe": 81}, "stats": {"hp": 280, "atk": 243, "def": 170, "spa": 140, "spd": 204, "spe": 174}, "types": ["Water", "Flying"]}, "Quaquaval": {"name": "Quaquaval", "species": "Quaquaval", "speciesId": "quaquaval", "gender": "F", "shiny": false, "level": 79, "moves": ["tripleaxel", "closecombat", "aquastep", "knockoff"], "ability": "Moxie", "evs": {"hp": 85, "atk": 85, "def": 85, "spa": 85, "spd": 85, "spe": 85}, "ivs": {"hp": 31, "atk": 31, "def": 31, "spa": 31, "spd": 31, "spe": 31}, "item": "Choice Band", "teraType": "Water", "role": "Wallbreaker", "bvs": {"hp": 85, "atk": 120, "def": 80, "spa": 85, "spd": 75, "spe": 85}, "stats": {"hp": 264, "atk": 235, "def": 172, "spa": 180, "spd": 164, "spe": 180}, "types": ["Water", "Fighting"]}}, {"Cinderace": {"name": "Cinderace", "species": "Cinderace", "speciesId": "cinderace", "gender": "M", "shiny": false, "level": 77, "moves": ["highjumpkick", "gunkshot", "uturn", "pyroball"], "ability": "Libero", "evs": {"hp": 81, "atk": 85, "def": 85, "spa": 85, "spd": 85, "spe": 85}, "ivs": {"hp": 31, "atk": 31, "def": 31, "spa": 31, "spd": 31, "spe": 31}, "item": "Choice Band", "teraType": "Fire", "role": "Wallbreaker", "bvs": {"hp": 80, "atk": 116, "def": 75, "spa": 65, "spd": 75, "spe": 119}, "stats": {"hp": 249, "atk": 223, "def": 160, "spa": 145, "spd": 160, "spe": 228}, "types": ["Fire"]}, "Ninetales": {"name": "Ninetales", "species": "Ninetales-Alola", "speciesId": "ninetalesalola", "gender": "F", "shiny": false, "level": 78, "moves": ["freezedry", "blizzard", "moonblast", "auroraveil"], "ability": "Snow Warning", "evs": {"hp": 85, "atk": 0, "def": 85, "spa": 85, "spd": 85, "spe": 85}, "ivs": {"hp": 31, "atk": 0, "def": 31, "spa": 31, "spd": 31, "spe": 31}, "item": "Light Clay", "teraType": "Water", "role": "Fast Attacker", "bvs": {"hp": 73, "atk": 67, "def": 75, "spa": 81, "spd": 100, "spe": 109}, "stats": {"hp": 242, "atk": 109, "def": 162, "spa": 171, "spd": 201, "spe": 215}, "types": ["Ice", "Fairy"]}, "Stonjourner": {"name": "Stonjourner", "species": "Stonjourner", "speciesId": "stonjourner", "gender": "F", "shiny": false, "level": 91, "moves": ["earthquake", "heatcrash", "stoneedge", "stealthrock"], "ability": "Power Spot", "evs": {"hp": 85, "atk": 85, "def": 85, "spa": 85, "spd": 85, "spe": 85}, "ivs": {"hp": 31, "atk": 31, "def": 31, "spa": 31, "spd": 31, "spe": 31}, "item": "Life Orb", "teraType": "Ground", "role": "Fast Attacker", "bvs": {"hp": 100, "atk": 125, "def": 135, "spa": 20, "spd": 20, "spe": 70}, "stats": {"hp": 330, "atk": 279, "def": 298, "spa": 88, "spd": 88, "spe": 179}, "types": ["Rock"]}, "Flygon": {"name": "Flygon", "species": "Flygon", "speciesId": "flygon", "gender": "F", "shiny": false, "level": 82, "moves": ["outrage", "stoneedge", "earthquake", "dragondance"], "ability": "Levitate", "evs": {"hp": 85, "atk": 85, "def": 85, "spa": 85, "spd": 85, "spe": 85}, "ivs": {"hp": 31, "atk": 31, "def": 31, "spa": 31, "spd": 31, "spe": 31}, "item": "Lum Berry", "teraType": "Ground", "role": "Fast Attacker", "bvs": {"hp": 80, "atk": 100, "def": 80, "spa": 80, "spd": 80, "spe": 100}, "stats": {"hp": 265, "atk": 211, "def": 178, "spa": 178, "spd": 178, "spe": 211}, "types": ["Ground", "Dragon"]}, "Drednaw": {"name": "Drednaw", "species": "Drednaw", "speciesId": "drednaw", "gender": "F", "shiny": false, "level": 81, "moves": ["liquidation", "shellsmash", "stoneedge", "crunch"], "ability": "Strong Jaw", "evs": {"hp": 85, "atk": 85, "def": 85, "spa": 85, "spd": 85, "spe": 85}, "ivs": {"hp": 31, "atk": 31, "def": 31, "spa": 31, "spd": 31, "spe": 31}, "item": "White Herb", "teraType": "Dark", "role": "Setup Sweeper", "bvs": {"hp": 90, "atk": 115, "def": 90, "spa": 48, "spd": 68, "spe": 74}, "stats": {"hp": 278, "atk": 233, "def": 192, "spa": 124, "spd": 157, "spe": 167}, "types": ["Water", "Rock"]}, "Palossand": {"name": "Palossand", "species": "Palossand", "speciesId": "palossand", "gender": "M", "shiny": false, "level": 89, "moves": ["sludgebomb", "shadowball", "shoreup", "earthpower"], "ability": "Water Compaction", "evs": {"hp": 85, "atk": 0, "def": 85, "spa": 85, "spd": 85, "spe": 85}, "ivs": {"hp": 31, "atk": 0, "def": 31, "spa": 31, "spd": 31, "spe": 31}, "item": "Leftovers", "teraType": "Poison", "role": "Bulky Support", "bvs": {"hp": 85, "atk": 75, "def": 110, "spa": 100, "spd": 75, "spe": 35}, "stats": {"hp": 296, "atk": 138, "def": 247, "spa": 229, "spd": 184, "spe": 113}, "types": ["Ghost", "Ground"]}}]}