{"id": "gen9randombattle-2641233979", "format": "[Gen 9] Random Battle", "players": ["zaire67", "djsibf"], "log": "|j|\u2606zaire67\n|j|\u2606djsibf\n|t:|1782757027\n|gametype|singles\n|player|p1|zaire67|pokekid|1032\n|player|p2|djsibf|169|1000\n|gen|9\n|tier|[Gen 9] Random Battle\n|rated|\n|rule|Species Clause: Limit one of each Pok\u00e9mon\n|rule|HP Percentage Mod: HP is shown in percentages\n|rule|Sleep Clause Mod: Limit one foe put to sleep\n|rule|Illusion Level Mod: Illusion disguises the Pok\u00e9mon's true level\n|\n|t:|1782757027\n|teamsize|p1|6\n|teamsize|p2|6\n|start\n|switch|p1a: Whimsicott|Whimsicott, L84, F|238/238\n|switch|p2a: Rotom|Rotom-Wash, L82|216/216\n|turn|1\n|\n|t:|1782757047\n|move|p1a: Whimsicott|Giga Drain|p2a: Rotom\n|-supereffective|p2a: Rotom\n|-damage|p2a: Rotom|108/216\n|move|p2a: Rotom|Discharge|p1a: Whimsicott\n|-resisted|p1a: Whimsicott\n|-damage|p1a: Whimsicott|188/238\n|\n|-heal|p1a: Whimsicott|202/238|[from] item: Leftovers\n|-heal|p2a: Rotom|121/216|[from] item: Leftovers\n|upkeep\n|turn|2\n|\n|t:|1782757055\n|switch|p2a: Clodsire|Clodsire, L81, M|343/343\n|move|p1a: Whimsicott|Giga Drain|p2a: Clodsire\n|-damage|p2a: Clodsire|283/343\n|-heal|p1a: Whimsicott|232/238|[from] drain|[of] p2a: Clodsire\n|\n|-heal|p1a: Whimsicott|238/238|[from] item: Leftovers\n|-heal|p2a: Clodsire|304/343|[from] item: Leftovers\n|upkeep\n|turn|3\n|\n|t:|1782757073\n|switch|p1a: Ursaring|Ursaring, L84, F|288/288\n|move|p2a: Clodsire|Poison Jab|p1a: Ursaring\n|-damage|p1a: Ursaring|237/288\n|\n|-heal|p2a: Clodsire|325/343|[from] item: Leftovers\n|upkeep\n|turn|4\n|\n|t:|1782757097\n|switch|p2a: Krookodile|Krookodile, L79, M|280/280\n|-ability|p2a: Krookodile|Intimidate|boost\n|-unboost|p1a: Ursaring|atk|1\n|move|p1a: Ursaring|Throat Chop|p2a: Krookodile\n|-resisted|p2a: Krookodile\n|-damage|p2a: Krookodile|252/280\n|-start|p2a: Krookodile|Throat Chop|[silent]\n|\n|-heal|p2a: Krookodile|269/280|[from] item: Leftovers\n|upkeep\n|turn|5\n|\n|t:|1782757114\n|switch|p1a: Whimsicott|Whimsicott, L84, F|238/238\n|move|p2a: Krookodile|Knock Off|p1a: Whimsicott\n|-resisted|p1a: Whimsicott\n|-damage|p1a: Whimsicott|188/238\n|-enditem|p1a: Whimsicott|Leftovers|[from] move: Knock Off|[of] p2a: Krookodile\n|\n|-heal|p2a: Krookodile|280/280|[from] item: Leftovers\n|-end|p2a: Krookodile|Throat Chop|[silent]\n|upkeep\n|turn|6\n|\n|t:|1782757124\n|switch|p2a: Clodsire|Clodsire, L81, M|325/343\n|move|p1a: Whimsicott|Moonblast|p2a: Clodsire\n|-resisted|p2a: Clodsire\n|-damage|p2a: Clodsire|286/343\n|-unboost|p2a: Clodsire|spa|1\n|\n|-heal|p2a: Clodsire|307/343|[from] item: Leftovers\n|upkeep\n|turn|7\n|\n|t:|1782757170\n|switch|p1a: Ursaring|Ursaring, L84, F|237/288\n|move|p2a: Clodsire|Poison Jab|p1a: Ursaring\n|-damage|p1a: Ursaring|185/288\n|-status|p1a: Ursaring|psn\n|\n|-heal|p2a: Clodsire|328/343|[from] item: Leftovers\n|-damage|p1a: Ursaring|149/288 psn|[from] psn\n|upkeep\n|turn|8\n|\n|t:|1782757183\n|switch|p2a: Krookodile|Krookodile, L79, M|280/280\n|-ability|p2a: Krookodile|Intimidate|boost\n|-unboost|p1a: Ursaring|atk|1\n|move|p1a: Ursaring|Rest|p1a: Ursaring\n|-status|p1a: Ursaring|slp|[from] move: Rest\n|-heal|p1a: Ursaring|288/288 slp|[silent]\n|\n|upkeep\n|turn|9\n|\n|t:|1782757193\n|switch|p1a: Whimsicott|Whimsicott, L84, F|188/238\n|move|p2a: Krookodile|Gunk Shot|p1a: Whimsicott\n|-supereffective|p1a: Whimsicott\n|-damage|p1a: Whimsicott|0 fnt\n|faint|p1a: Whimsicott\n|\n|upkeep\n|\n|t:|1782757201\n|switch|p1a: Ho-Oh|Ho-Oh, L71|268/268\n|turn|10\n|\n|t:|1782757212\n|switch|p2a: Rotom|Rotom-Wash, L82|121/216\n|move|p1a: Ho-Oh|Brave Bird|p2a: Rotom\n|-resisted|p2a: Rotom\n|-damage|p2a: Rotom|73/216\n|-damage|p1a: Ho-Oh|252/268|[from] Recoil\n|\n|-heal|p2a: Rotom|86/216|[from] item: Leftovers\n|upkeep\n|turn|11\n|\n|t:|1782757227\n|switch|p1a: Ursaring|Ursaring, L84, F|288/288 slp\n|move|p2a: Rotom|Pain Split|p1a: Ursaring\n|-sethp|p1a: Ursaring|187/288 slp|[from] move: Pain Split|[silent]\n|-sethp|p2a: Rotom|187/216|[from] move: Pain Split\n|\n|-heal|p2a: Rotom|200/216|[from] item: Leftovers\n|upkeep\n|turn|12\n|\n|t:|1782757242\n|move|p2a: Rotom|Hydro Pump|p1a: Ursaring\n|-damage|p1a: Ursaring|103/288 slp\n|cant|p1a: Ursaring|slp\n|\n|-heal|p2a: Rotom|213/216|[from] item: Leftovers\n|upkeep\n|turn|13\n|\n|t:|1782757250\n|move|p2a: Rotom|Hydro Pump|p1a: Ursaring\n|-damage|p1a: Ursaring|15/288 slp\n|cant|p1a: Ursaring|slp\n|\n|-heal|p2a: Rotom|216/216|[from] item: Leftovers\n|upkeep\n|turn|14\n|\n|t:|1782757258\n|move|p2a: Rotom|Discharge|p1a: Ursaring\n|-damage|p1a: Ursaring|0 fnt\n|faint|p1a: Ursaring\n|\n|upkeep\n|\n|t:|1782757280\n|switch|p1a: Klawf|Klawf, L90, M|272/272\n|turn|15\n|\n|t:|1782757290\n|move|p2a: Rotom|Discharge|p1a: Klawf\n|-damage|p1a: Klawf|160/272\n|-status|p1a: Klawf|par\n|move|p1a: Klawf|High Horsepower|p2a: Rotom\n|-immune|p2a: Rotom|[from] ability: Levitate\n|\n|upkeep\n|turn|16\n|l|\u2606zaire67\n|player|p1|\n|inactive|Battle timer is ON: inactive players will automatically lose when time's up. (requested by djsibf)\n|inactive|zaire67 has 30 seconds to reconnect!\n|inactive|zaire67 has 20 seconds to reconnect!\n|inactive|zaire67 has 15 seconds to reconnect!\n|inactive|zaire67 has 10 seconds to reconnect!\n|inactive|zaire67 has 5 seconds to reconnect!\n|-message|zaire67 lost due to inactivity.\n|\n|win|djsibf\n|raw|zaire67's rating: 1032 &rarr; <strong>1016</strong><br />(-16 for losing)\n|raw|djsibf's rating: 1000 &rarr; <strong>1044</strong><br />(+44 for winning)\n", "inputlog": ">version f8ac14003a5f27e1bdc8d8c59608a773c1cb96e5\n>start {\"formatid\":\"gen9randombattle\",\"seed\":\"sodium,03f9395166f281054ce0e1ff7b9800e9\",\"rated\":\"Rated battle\"}\n>player p1 {\"name\":\"zaire67\",\"avatar\":\"pokekid\",\"rating\":1032,\"seed\":\"sodium,88a75c64fa1dc28709d48d0a2914cdd4\"}\n>player p2 {\"name\":\"djsibf\",\"avatar\":\"169\",\"rating\":1000,\"seed\":\"sodium,75bfdbf19916de12d770890da8fea3be\"}\n>p1 move gigadrain\n>p2 move discharge\n>p1 move gigadrain\n>p2 switch 3\n>p1 switch 6\n>p2 move poisonjab\n>p1 move throatchop\n>p2 switch 2\n>p1 switch 6\n>p2 move knockoff\n>p1 move moonblast\n>p2 switch 2\n>p1 switch 6\n>p2 move poisonjab\n>p1 move rest\n>p2 switch 2\n>p1 switch 6\n>p2 move gunkshot\n>p1 switch 5\n>p1 move bravebird\n>p2 switch 3\n>p1 switch 6\n>p2 move painsplit\n>p1 move rest\n>p2 move hydropump\n>p1 move rest\n>p2 move hydropump\n>p1 move bodyslam\n>p2 move discharge\n>p1 switch 2\n>p1 move highhorsepower\n>p2 move discharge\n>forcelose p1", "uploadtime": 1782757404, "views": 5, "formatid": "gen9randombattle", "rating": 1016, "private": 0, "password": null, "player_dets": [{"name": "zaire67", "avatar": "pokekid", "rating": 1032, "seed": "sodium,88a75c64fa1dc28709d48d0a2914cdd4"}, {"name": "djsibf", "avatar": "169", "rating": 1000, "seed": "sodium,75bfdbf19916de12d770890da8fea3be"}], "teams_full": [{"Whimsicott": {"name": "Whimsicott", "species": "Whimsicott", "speciesId": "whimsicott", "gender": "F", "shiny": false, "level": 84, "moves": ["encore", "moonblast", "stunspore", "gigadrain"], "ability": "Prankster", "evs": {"hp": 85, "atk": 0, "def": 85, "spa": 85, "spd": 85, "spe": 85}, "ivs": {"hp": 31, "atk": 0, "def": 31, "spa": 31, "spd": 31, "spe": 31}, "item": "Leftovers", "teraType": "Poison", "role": "Fast Support", "bvs": {"hp": 60, "atk": 67, "def": 85, "spa": 77, "spd": 75, "spe": 116}, "stats": {"hp": 238, "atk": 117, "def": 191, "spa": 178, "spd": 174, "spe": 243}, "types": ["Grass", "Fairy"]}, "Klawf": {"name": "Klawf", "species": "Klawf", "speciesId": "klawf", "gender": "M", "shiny": false, "level": 90, "moves": ["stoneedge", "highhorsepower", "swordsdance", "knockoff"], "ability": "Anger Shell", "evs": {"hp": 85, "atk": 85, "def": 85, "spa": 85, "spd": 85, "spe": 85}, "ivs": {"hp": 31, "atk": 31, "def": 31, "spa": 31, "spd": 31, "spe": 31}, "item": "Scope Lens", "teraType": "Ground", "role": "Setup Sweeper", "bvs": {"hp": 70, "atk": 100, "def": 115, "spa": 35, "spd": 55, "spe": 75}, "stats": {"hp": 272, "atk": 231, "def": 258, "spa": 114, "spd": 150, "spe": 186}, "types": ["Rock"]}, "Iron Crown": {"name": "Iron Crown", "species": "Iron Crown", "speciesId": "ironcrown", "gender": "N", "shiny": false, "level": 78, "moves": ["tachyoncutter", "psyshock", "focusblast", "calmmind"], "ability": "Quark Drive", "evs": {"hp": 85, "atk": 0, "def": 85, "spa": 85, "spd": 85, "spe": 85}, "ivs": {"hp": 31, "atk": 0, "def": 31, "spa": 31, "spd": 31, "spe": 31}, "item": "Leftovers", "teraType": "Steel", "role": "Bulky Setup", "bvs": {"hp": 90, "atk": 72, "def": 100, "spa": 122, "spd": 108, "spe": 98}, "stats": {"hp": 268, "atk": 117, "def": 201, "spa": 235, "spd": 214, "spe": 198}, "types": ["Steel", "Psychic"]}, "Noctowl": {"name": "Noctowl", "species": "Noctowl", "speciesId": "noctowl", "gender": "F", "shiny": false, "level": 95, "moves": ["roost", "defog", "hurricane", "hypervoice"], "ability": "Tinted Lens", "evs": {"hp": 85, "atk": 0, "def": 85, "spa": 85, "spd": 85, "spe": 85}, "ivs": {"hp": 31, "atk": 0, "def": 31, "spa": 31, "spd": 31, "spe": 31}, "item": "Heavy-Duty Boots", "teraType": "Ground", "role": "Bulky Attacker", "bvs": {"hp": 100, "atk": 50, "def": 50, "spa": 86, "spd": 96, "spe": 70}, "stats": {"hp": 344, "atk": 100, "def": 149, "spa": 217, "spd": 236, "spe": 187}, "types": ["Normal", "Flying"]}, "Ho-Oh": {"name": "Ho-Oh", "species": "Ho-Oh", "speciesId": "hooh", "gender": "N", "shiny": false, "level": 71, "moves": ["bravebird", "recover", "earthquake", "sacredfire"], "ability": "Regenerator", "evs": {"hp": 85, "atk": 85, "def": 85, "spa": 85, "spd": 85, "spe": 85}, "ivs": {"hp": 31, "atk": 31, "def": 31, "spa": 31, "spd": 31, "spe": 31}, "item": "Heavy-Duty Boots", "teraType": "Ground", "role": "Bulky Attacker", "bvs": {"hp": 106, "atk": 130, "def": 90, "spa": 110, "spd": 154, "spe": 90}, "stats": {"hp": 268, "atk": 226, "def": 169, "spa": 198, "spd": 260, "spe": 169}, "types": ["Fire", "Flying"]}, "Ursaring": {"name": "Ursaring", "species": "Ursaring", "speciesId": "ursaring", "gender": "F", "shiny": false, "level": 84, "moves": ["throatchop", "sleeptalk", "rest", "bodyslam"], "ability": "Guts", "evs": {"hp": 85, "atk": 85, "def": 85, "spa": 85, "spd": 85, "spe": 85}, "ivs": {"hp": 31, "atk": 31, "def": 31, "spa": 31, "spd": 31, "spe": 31}, "item": "Eviolite", "teraType": "Ghost", "role": "Bulky Attacker", "bvs": {"hp": 90, "atk": 130, "def": 75, "spa": 75, "spd": 75, "spe": 55}, "stats": {"hp": 288, "atk": 267, "def": 174, "spa": 174, "spd": 174, "spe": 141}, "types": ["Normal"]}}, {"Rotom": {"name": "Rotom", "species": "Rotom-Wash", "speciesId": "rotomwash", "gender": "N", "shiny": false, "level": 82, "moves": ["voltswitch", "painsplit", "discharge", "hydropump"], "ability": "Levitate", "evs": {"hp": 85, "atk": 0, "def": 85, "spa": 85, "spd": 85, "spe": 85}, "ivs": {"hp": 31, "atk": 0, "def": 31, "spa": 31, "spd": 31, "spe": 31}, "item": "Leftovers", "teraType": "Steel", "role": "Bulky Support", "bvs": {"hp": 50, "atk": 65, "def": 107, "spa": 105, "spd": 107, "spe": 86}, "stats": {"hp": 216, "atk": 111, "def": 223, "spa": 219, "spd": 223, "spe": 188}, "types": ["Electric", "Water"]}, "Krookodile": {"name": "Krookodile", "species": "Krookodile", "speciesId": "krookodile", "gender": "M", "shiny": false, "level": 79, "moves": ["knockoff", "bulkup", "gunkshot", "earthquake"], "ability": "Intimidate", "evs": {"hp": 85, "atk": 85, "def": 85, "spa": 85, "spd": 85, "spe": 85}, "ivs": {"hp": 31, "atk": 31, "def": 31, "spa": 31, "spd": 31, "spe": 31}, "item": "Leftovers", "teraType": "Poison", "role": "Bulky Setup", "bvs": {"hp": 95, "atk": 117, "def": 80, "spa": 65, "spd": 70, "spe": 92}, "stats": {"hp": 280, "atk": 230, "def": 172, "spa": 148, "spd": 156, "spe": 191}, "types": ["Ground", "Dark"]}, "Clodsire": {"name": "Clodsire", "species": "Clodsire", "speciesId": "clodsire", "gender": "M", "shiny": false, "level": 81, "moves": ["poisonjab", "earthquake", "recover", "curse"], "ability": "Unaware", "evs": {"hp": 85, "atk": 85, "def": 85, "spa": 85, "spd": 85, "spe": 85}, "ivs": {"hp": 31, "atk": 31, "def": 31, "spa": 31, "spd": 31, "spe": 31}, "item": "Leftovers", "teraType": "Steel", "role": "Bulky Attacker", "bvs": {"hp": 130, "atk": 75, "def": 60, "spa": 45, "spd": 100, "spe": 20}, "stats": {"hp": 343, "atk": 168, "def": 144, "spa": 120, "spd": 209, "spe": 79}, "types": ["Poison", "Ground"]}, "Articuno": {"name": "Articuno", "species": "Articuno-Galar", "speciesId": "articunogalar", "gender": "N", "shiny": false, "level": 84, "moves": ["calmmind", "recover", "hurricane", "freezingglare"], "ability": "Competitive", "evs": {"hp": 85, "atk": 0, "def": 85, "spa": 85, "spd": 85, "spe": 85}, "ivs": {"hp": 31, "atk": 0, "def": 31, "spa": 31, "spd": 31, "spe": 31}, "item": "Heavy-Duty Boots", "teraType": "Steel", "role": "Fast Bulky Setup", "bvs": {"hp": 90, "atk": 85, "def": 85, "spa": 125, "spd": 100, "spe": 95}, "stats": {"hp": 288, "atk": 147, "def": 191, "spa": 258, "spd": 216, "spe": 208}, "types": ["Psychic", "Flying"]}, "Jolteon": {"name": "Jolteon", "species": "Jolteon", "speciesId": "jolteon", "gender": "M", "shiny": false, "level": 84, "moves": ["thunderbolt", "shadowball", "voltswitch", "alluringvoice"], "ability": "Volt Absorb", "evs": {"hp": 85, "atk": 0, "def": 85, "spa": 85, "spd": 85, "spe": 85}, "ivs": {"hp": 31, "atk": 0, "def": 31, "spa": 31, "spd": 31, "spe": 31}, "item": "Choice Specs", "teraType": "Electric", "role": "Fast Attacker", "bvs": {"hp": 65, "atk": 65, "def": 60, "spa": 110, "spd": 95, "spe": 130}, "stats": {"hp": 246, "atk": 114, "def": 149, "spa": 233, "spd": 208, "spe": 267}, "types": ["Electric"]}, "Avalugg": {"name": "Avalugg", "species": "Avalugg", "speciesId": "avalugg", "gender": "F", "shiny": false, "level": 88, "moves": ["bodypress", "avalanche", "rapidspin", "recover"], "ability": "Sturdy", "evs": {"hp": 85, "atk": 85, "def": 85, "spa": 85, "spd": 85, "spe": 85}, "ivs": {"hp": 31, "atk": 31, "def": 31, "spa": 31, "spd": 31, "spe": 31}, "item": "Heavy-Duty Boots", "teraType": "Fighting", "role": "Bulky Support", "bvs": {"hp": 95, "atk": 117, "def": 184, "spa": 44, "spd": 46, "spe": 28}, "stats": {"hp": 310, "atk": 256, "def": 374, "spa": 128, "spd": 131, "spe": 100}, "types": ["Ice"]}}]}