{"id": "gen9randombattle-2641736735", "format": "[Gen 9] Random Battle", "players": ["makkereel", "ser cringeworth"], "log": "|j|\u2606makkereel\n|j|\u2606ser cringeworth\n|t:|1782835860\n|gametype|singles\n|player|p1|makkereel|170|2146\n|player|p2|ser cringeworth|jessiejames-gen1|2171\n|gen|9\n|tier|[Gen 9] Random Battle\n|rated|\n|rule|Species Clause: Limit one of each Pok\u00e9mon\n|rule|HP Percentage Mod: HP is shown in percentages\n|rule|Sleep Clause Mod: Limit one foe put to sleep\n|rule|Illusion Level Mod: Illusion disguises the Pok\u00e9mon's true level\n|\n|t:|1782835860\n|teamsize|p1|6\n|teamsize|p2|6\n|start\n|switch|p1a: Granbull|Granbull, L88, F|302/302\n|switch|p2a: Ting-Lu|Ting-Lu, L78|370/370\n|-ability|p1a: Granbull|Intimidate|boost\n|-unboost|p2a: Ting-Lu|atk|1\n|-ability|p2a: Ting-Lu|Vessel of Ruin\n|turn|1\n|inactive|Battle timer is ON: inactive players will automatically lose when time's up. (requested by ser cringeworth)\n|\n|t:|1782835874\n|move|p1a: Granbull|Play Rough|p2a: Ting-Lu\n|-supereffective|p2a: Ting-Lu\n|-damage|p2a: Ting-Lu|154/370\n|move|p2a: Ting-Lu|Spikes|p1a: Granbull\n|-sidestart|p1: makkereel|Spikes\n|\n|-heal|p2a: Ting-Lu|177/370|[from] item: Leftovers\n|upkeep\n|turn|2\n|\n|t:|1782835894\n|switch|p2a: Sandy Shocks|Sandy Shocks, L80|267/267\n|move|p1a: Granbull|Play Rough|p2a: Sandy Shocks\n|-damage|p2a: Sandy Shocks|149/267\n|\n|-heal|p2a: Sandy Shocks|165/267|[from] item: Leftovers\n|upkeep\n|turn|3\n|\n|t:|1782835900\n|move|p2a: Sandy Shocks|Stealth Rock|p1a: Granbull\n|-sidestart|p1: makkereel|move: Stealth Rock\n|move|p1a: Granbull|Earthquake|p2a: Sandy Shocks\n|-supereffective|p2a: Sandy Shocks\n|-damage|p2a: Sandy Shocks|0 fnt\n|faint|p2a: Sandy Shocks\n|-end|p2a: Sandy Shocks|Protosynthesis|[silent]\n|\n|upkeep\n|\n|t:|1782835915\n|switch|p2a: Shaymin|Shaymin-Sky, L73|266/266\n|turn|4\n|\n|t:|1782835920\n|move|p2a: Shaymin|Seed Flare|p1a: Granbull\n|-damage|p1a: Granbull|82/302\n|-unboost|p1a: Granbull|spd|2\n|move|p1a: Granbull|Thunder Wave|p2a: Shaymin\n|-status|p2a: Shaymin|par\n|\n|-heal|p1a: Granbull|100/302|[from] item: Leftovers\n|upkeep\n|turn|5\n|\n|t:|1782835928\n|switch|p1a: Dipplin|Dipplin, L88, F|284/284\n|-damage|p1a: Dipplin|249/284|[from] Spikes\n|-damage|p1a: Dipplin|214/284|[from] Stealth Rock\n|cant|p2a: Shaymin|par\n|\n|upkeep\n|turn|6\n|\n|t:|1782835942\n|switch|p1a: Granbull|Granbull, L88, F|100/302\n|-damage|p1a: Granbull|63/302|[from] Spikes\n|-damage|p1a: Granbull|26/302|[from] Stealth Rock\n|-ability|p1a: Granbull|Intimidate|boost\n|-unboost|p2a: Shaymin|atk|1\n|switch|p2a: Blaziken|Blaziken, L76, M|247/247\n|\n|-heal|p1a: Granbull|44/302|[from] item: Leftovers\n|upkeep\n|turn|7\n|\n|t:|1782835952\n|move|p2a: Blaziken|Protect|p2a: Blaziken\n|-singleturn|p2a: Blaziken|Protect\n|move|p1a: Granbull|Roar|p2a: Blaziken\n|drag|p2a: Shaymin|Shaymin-Sky, L73|266/266 par\n|\n|-heal|p1a: Granbull|62/302|[from] item: Leftovers\n|upkeep\n|turn|8\n|\n|t:|1782835964\n|move|p1a: Granbull|Play Rough|p2a: Shaymin\n|-crit|p2a: Shaymin\n|-damage|p2a: Shaymin|22/266 par\n|move|p2a: Shaymin|Seed Flare|p1a: Granbull\n|-damage|p1a: Granbull|0 fnt\n|faint|p1a: Granbull\n|\n|upkeep\n|c|\u2606makkereel|granbull going stupido\n|c|\u2606ser cringeworth|as am i\n|inactive|makkereel has 120 seconds left.\n|c|\u2606makkereel|in a good way?\n|c|\u2606ser cringeworth|i dont think so lol\n|\n|t:|1782836004\n|switch|p1a: Manaphy|Manaphy, L78|284/284\n|-damage|p1a: Manaphy|249/284|[from] Spikes\n|-damage|p1a: Manaphy|214/284|[from] Stealth Rock\n|turn|9\n|\n|t:|1782836009\n|move|p1a: Manaphy|Ice Beam|p2a: Shaymin\n|-supereffective|p2a: Shaymin\n|-damage|p2a: Shaymin|0 fnt\n|faint|p2a: Shaymin\n|\n|-heal|p1a: Manaphy|231/284|[from] item: Leftovers\n|upkeep\n|\n|t:|1782836033\n|switch|p2a: Keldeo|Keldeo-Resolute, L79|273/273\n|turn|10\n|inactive|makkereel has 120 seconds left.\n|\n|t:|1782836050\n|move|p2a: Keldeo|Calm Mind|p2a: Keldeo\n|-boost|p2a: Keldeo|spa|1\n|-boost|p2a: Keldeo|spd|1\n|move|p1a: Manaphy|Energy Ball|p2a: Keldeo\n|-supereffective|p2a: Keldeo\n|-damage|p2a: Keldeo|189/273\n|\n|-heal|p1a: Manaphy|248/284|[from] item: Leftovers\n|upkeep\n|turn|11\n|\n|t:|1782836061\n|move|p2a: Keldeo|Calm Mind|p2a: Keldeo\n|-boost|p2a: Keldeo|spa|1\n|-boost|p2a: Keldeo|spd|1\n|move|p1a: Manaphy|Energy Ball|p2a: Keldeo\n|-supereffective|p2a: Keldeo\n|-crit|p2a: Keldeo\n|-damage|p2a: Keldeo|9/273\n|\n|-heal|p1a: Manaphy|265/284|[from] item: Leftovers\n|upkeep\n|turn|12\n|\n|t:|1782836071\n|move|p2a: Keldeo|Secret Sword|p1a: Manaphy\n|-crit|p1a: Manaphy\n|-damage|p1a: Manaphy|0 fnt\n|faint|p1a: Manaphy\n|-damage|p2a: Keldeo|0 fnt|[from] item: Life Orb\n|faint|p2a: Keldeo\n|\n|upkeep\n|inactive|makkereel has 120 seconds left.\n|\n|t:|1782836090\n|switch|p2a: Komala|Komala, L88, F|258/258\n|switch|p1a: Dipplin|Dipplin, L88, F|214/284\n|-ability|p2a: Komala|Comatose\n|-damage|p1a: Dipplin|179/284|[from] Spikes\n|-damage|p1a: Dipplin|144/284|[from] Stealth Rock\n|turn|13\n|\n|t:|1782836097\n|move|p2a: Komala|Body Slam|p1a: Dipplin\n|-damage|p1a: Dipplin|78/284\n|move|p1a: Dipplin|Recover|p1a: Dipplin\n|-heal|p1a: Dipplin|220/284\n|\n|upkeep\n|turn|14\n|\n|t:|1782836101\n|move|p2a: Komala|Body Slam|p1a: Dipplin\n|-damage|p1a: Dipplin|162/284\n|move|p1a: Dipplin|Giga Drain|p2a: Komala\n|-damage|p2a: Komala|204/258\n|-heal|p1a: Dipplin|189/284|[from] drain|[of] p2a: Komala\n|\n|upkeep\n|turn|15\n|\n|t:|1782836107\n|move|p2a: Komala|Body Slam|p1a: Dipplin\n|-crit|p1a: Dipplin\n|-damage|p1a: Dipplin|93/284\n|-status|p1a: Dipplin|par\n|move|p1a: Dipplin|Giga Drain|p2a: Komala\n|-damage|p2a: Komala|146/258\n|-heal|p1a: Dipplin|122/284 par|[from] drain|[of] p2a: Komala\n|\n|upkeep\n|turn|16\n|\n|t:|1782836114\n|move|p2a: Komala|Knock Off|p1a: Dipplin\n|-damage|p1a: Dipplin|74/284 par\n|-activate|p1a: Dipplin|ability: Sticky Hold\n|move|p1a: Dipplin|Recover|p1a: Dipplin\n|-heal|p1a: Dipplin|216/284 par\n|\n|upkeep\n|turn|17\n|\n|t:|1782836118\n|move|p2a: Komala|Body Slam|p1a: Dipplin\n|-damage|p1a: Dipplin|156/284 par\n|move|p1a: Dipplin|Dragon Pulse|p2a: Komala\n|-damage|p2a: Komala|91/258\n|\n|upkeep\n|turn|18\n|\n|t:|1782836127\n|move|p2a: Komala|Body Slam|p1a: Dipplin\n|-damage|p1a: Dipplin|95/284 par\n|move|p1a: Dipplin|Dragon Pulse|p2a: Komala\n|-crit|p2a: Komala\n|-damage|p2a: Komala|7/258\n|\n|upkeep\n|turn|19\n|\n|t:|1782836136\n|move|p2a: Komala|Rapid Spin|p1a: Dipplin\n|-damage|p1a: Dipplin|61/284 par\n|-boost|p2a: Komala|spe|1\n|move|p1a: Dipplin|Recover|p1a: Dipplin\n|-heal|p1a: Dipplin|203/284 par\n|\n|upkeep\n|turn|20\n|\n|t:|1782836142\n|move|p2a: Komala|Body Slam|p1a: Dipplin\n|-damage|p1a: Dipplin|139/284 par\n|move|p1a: Dipplin|Recover|p1a: Dipplin\n|-heal|p1a: Dipplin|281/284 par\n|\n|upkeep\n|turn|21\n|\n|t:|1782836147\n|cant|p1a: Dipplin|par\n|move|p2a: Komala|Body Slam|p1a: Dipplin\n|-damage|p1a: Dipplin|218/284 par\n|\n|upkeep\n|turn|22\n|\n|t:|1782836153\n|move|p2a: Komala|Body Slam|p1a: Dipplin\n|-damage|p1a: Dipplin|154/284 par\n|move|p1a: Dipplin|Recover|p1a: Dipplin\n|-heal|p1a: Dipplin|284/284 par\n|\n|upkeep\n|turn|23\n|\n|t:|1782836156\n|move|p1a: Dipplin|Sucker Punch|p2a: Komala\n|-damage|p2a: Komala|0 fnt\n|faint|p2a: Komala\n|\n|upkeep\n|\n|t:|1782836164\n|switch|p2a: Blaziken|Blaziken, L76, M|247/247\n|turn|24\n|\n|t:|1782836178\n|move|p2a: Blaziken|Swords Dance|p2a: Blaziken\n|-boost|p2a: Blaziken|atk|2\n|move|p1a: Dipplin|Dragon Pulse|p2a: Blaziken\n|-damage|p2a: Blaziken|127/247\n|\n|-ability|p2a: Blaziken|Speed Boost|boost\n|-boost|p2a: Blaziken|spe|1\n|upkeep\n|turn|25\n|\n|t:|1782836187\n|move|p2a: Blaziken|Swords Dance|p2a: Blaziken\n|-boost|p2a: Blaziken|atk|2\n|cant|p1a: Dipplin|par\n|\n|-ability|p2a: Blaziken|Speed Boost|boost\n|-boost|p2a: Blaziken|spe|1\n|upkeep\n|turn|26\n|\n|t:|1782836193\n|-terastallize|p2a: Blaziken|Fighting\n|move|p2a: Blaziken|Close Combat|p1a: Dipplin\n|-damage|p1a: Dipplin|0 fnt\n|-unboost|p2a: Blaziken|def|1\n|-unboost|p2a: Blaziken|spd|1\n|faint|p1a: Dipplin\n|-damage|p2a: Blaziken|103/247|[from] item: Life Orb\n|\n|-ability|p2a: Blaziken|Speed Boost|boost\n|-boost|p2a: Blaziken|spe|1\n|upkeep\n|\n|t:|1782836206\n|switch|p1a: Snorlax|Snorlax, L82, F|397/397\n|-damage|p1a: Snorlax|348/397|[from] Spikes\n|-damage|p1a: Snorlax|299/397|[from] Stealth Rock\n|turn|27\n|\n|t:|1782836217\n|move|p2a: Blaziken|Close Combat|p1a: Snorlax\n|-supereffective|p1a: Snorlax\n|-damage|p1a: Snorlax|0 fnt\n|-unboost|p2a: Blaziken|def|1\n|-unboost|p2a: Blaziken|spd|1\n|faint|p1a: Snorlax\n|-damage|p2a: Blaziken|79/247|[from] item: Life Orb\n|\n|-ability|p2a: Blaziken|Speed Boost|boost\n|-boost|p2a: Blaziken|spe|1\n|upkeep\n|\n|t:|1782836224\n|switch|p1a: Lokix|Lokix, L82, F|251/251\n|-damage|p1a: Lokix|220/251|[from] Spikes\n|-damage|p1a: Lokix|158/251|[from] Stealth Rock\n|turn|28\n|\n|t:|1782836238\n|move|p2a: Blaziken|Protect|p2a: Blaziken\n|-singleturn|p2a: Blaziken|Protect\n|move|p1a: Lokix|Sucker Punch||[still]\n|-fail|p1a: Lokix\n|\n|-ability|p2a: Blaziken|Speed Boost|boost\n|-boost|p2a: Blaziken|spe|1\n|upkeep\n|turn|29\n|\n|t:|1782836246\n|move|p1a: Lokix|Sucker Punch||[still]\n|-fail|p1a: Lokix\n|move|p2a: Blaziken|Swords Dance|p2a: Blaziken\n|-boost|p2a: Blaziken|atk|2\n|\n|-ability|p2a: Blaziken|Speed Boost|boost\n|-boost|p2a: Blaziken|spe|1\n|upkeep\n|turn|30\n|\n|t:|1782836250\n|move|p1a: Lokix|Sucker Punch||[still]\n|-fail|p1a: Lokix\n|move|p2a: Blaziken|Swords Dance|p2a: Blaziken\n|-boost|p2a: Blaziken|atk|0\n|\n|upkeep\n|turn|31\n|\n|t:|1782836253\n|move|p2a: Blaziken|Protect|p2a: Blaziken\n|-singleturn|p2a: Blaziken|Protect\n|move|p1a: Lokix|Sucker Punch||[still]\n|-fail|p1a: Lokix\n|\n|upkeep\n|turn|32\n|\n|t:|1782836259\n|move|p1a: Lokix|Sucker Punch||[still]\n|-fail|p1a: Lokix\n|move|p2a: Blaziken|Swords Dance|p2a: Blaziken\n|-boost|p2a: Blaziken|atk|0\n|\n|upkeep\n|turn|33\n|\n|t:|1782836263\n|move|p2a: Blaziken|Protect|p2a: Blaziken\n|-singleturn|p2a: Blaziken|Protect\n|move|p1a: Lokix|Sucker Punch||[still]\n|-fail|p1a: Lokix\n|\n|upkeep\n|turn|34\n|\n|t:|1782836267\n|move|p2a: Blaziken|Swords Dance|p2a: Blaziken\n|-boost|p2a: Blaziken|atk|0\n|move|p1a: Lokix|Leech Life|p2a: Blaziken\n|-resisted|p2a: Blaziken\n|-damage|p2a: Blaziken|0 fnt\n|-heal|p1a: Lokix|198/251|[from] drain|[of] p2a: Blaziken\n|faint|p2a: Blaziken\n|-damage|p1a: Lokix|173/251|[from] item: Life Orb\n|\n|upkeep\n|c|\u2606ser cringeworth|gg\n|c|\u2606makkereel|gg\n|-message|ser cringeworth forfeited.\n|\n|win|makkereel\n|raw|makkereel's rating: 2146 &rarr; <strong>2167</strong><br />(+21 for winning)\n|raw|ser cringeworth's rating: 2171 &rarr; <strong>2150</strong><br />(-21 for losing)\n", "inputlog": ">version f8ac14003a5f27e1bdc8d8c59608a773c1cb96e5\n>start {\"formatid\":\"gen9randombattle\",\"seed\":\"sodium,a29de00e87e44834138d83a75f0c9d06\",\"rated\":\"Rated battle\"}\n>player p1 {\"name\":\"makkereel\",\"avatar\":\"170\",\"rating\":2146,\"seed\":\"sodium,1288262240c9cbe95d6231c4136cff6e\"}\n>player p2 {\"name\":\"ser cringeworth\",\"avatar\":\"jessiejames-gen1\",\"rating\":2171,\"seed\":\"sodium,3c1d18821ed6c053c25bf720ad3ed745\"}\n>p1 move playrough\n>p2 move spikes\n>p1 move playrough\n>p2 switch 2\n>p1 move earthquake\n>p2 move stealthrock\n>p2 switch 5\n>p1 move thunderwave\n>p2 move seedflare\n>p1 switch 6\n>p2 move seedflare\n>p1 switch 6\n>p2 switch 3\n>p1 move roar\n>p2 move protect\n>p1 move playrough\n>p2 move seedflare\n>chat \u2606makkereel|granbull going stupido\n>chat \u2606ser cringeworth|as am i\n>chat \u2606makkereel|in a good way?\n>chat \u2606ser cringeworth|i dont think so lol\n>p1 switch 4\n>p1 move icebeam\n>p2 move seedflare\n>p2 switch 6\n>p1 move energyball\n>p2 move calmmind\n>p1 move energyball\n>p2 move calmmind\n>p1 move energyball\n>p2 move secretsword\n>p1 switch 6\n>p2 switch 4\n>p1 move recover\n>p2 move bodyslam\n>p1 move gigadrain\n>p2 move bodyslam\n>p1 move gigadrain\n>p2 move bodyslam\n>p1 move recover\n>p2 move knockoff\n>p1 move dragonpulse\n>p2 move bodyslam\n>p1 move dragonpulse\n>p2 move bodyslam\n>p1 move recover\n>p2 move rapidspin\n>p1 move recover\n>p2 move bodyslam\n>p1 move suckerpunch\n>p2 move bodyslam\n>p1 move recover\n>p2 move bodyslam\n>p1 move suckerpunch\n>p2 move bodyslam\n>p2 switch 3\n>p1 move dragonpulse\n>p2 move swordsdance\n>p1 move dragonpulse\n>p2 move swordsdance\n>p1 move dragonpulse\n>p2 move closecombat terastallize\n>p1 switch 2\n>p1 move bodyslam\n>p2 move closecombat\n>p1 switch 3\n>p1 move suckerpunch\n>p2 move protect\n>p1 move suckerpunch\n>p2 move swordsdance\n>p1 move suckerpunch\n>p2 move swordsdance\n>p1 move suckerpunch\n>p2 move protect\n>p1 move suckerpunch\n>p2 move swordsdance\n>p1 move suckerpunch\n>p2 move protect\n>p1 move leechlife\n>p2 move swordsdance\n>chat \u2606ser cringeworth|gg\n>chat \u2606makkereel|gg\n>forcelose p2", "uploadtime": 1782835862, "views": 6, "formatid": "gen9randombattle", "rating": 2150, "private": 0, "password": null, "player_dets": [{"name": "makkereel", "avatar": "170", "rating": 2146, "seed": "sodium,1288262240c9cbe95d6231c4136cff6e"}, {"name": "ser cringeworth", "avatar": "jessiejames-gen1", "rating": 2171, "seed": "sodium,3c1d18821ed6c053c25bf720ad3ed745"}], "teams_full": [{"Granbull": {"name": "Granbull", "species": "Granbull", "speciesId": "granbull", "gender": "F", "shiny": false, "level": 88, "moves": ["playrough", "roar", "thunderwave", "earthquake"], "ability": "Intimidate", "evs": {"hp": 85, "atk": 85, "def": 85, "spa": 85, "spd": 85, "spe": 85}, "ivs": {"hp": 31, "atk": 31, "def": 31, "spa": 31, "spd": 31, "spe": 31}, "item": "Leftovers", "teraType": "Ground", "role": "Bulky Support", "bvs": {"hp": 90, "atk": 120, "def": 75, "spa": 60, "spd": 60, "spe": 45}, "stats": {"hp": 302, "atk": 261, "def": 182, "spa": 156, "spd": 156, "spe": 129}, "types": ["Fairy"]}, "Snorlax": {"name": "Snorlax", "species": "Snorlax", "speciesId": "snorlax", "gender": "F", "shiny": false, "level": 82, "moves": ["curse", "bodyslam", "rest", "sleeptalk"], "ability": "Thick Fat", "evs": {"hp": 85, "atk": 85, "def": 85, "spa": 85, "spd": 85, "spe": 85}, "ivs": {"hp": 31, "atk": 31, "def": 31, "spa": 31, "spd": 31, "spe": 31}, "item": "Leftovers", "teraType": "Poison", "role": "Bulky Attacker", "bvs": {"hp": 160, "atk": 110, "def": 65, "spa": 65, "spd": 110, "spe": 30}, "stats": {"hp": 397, "atk": 228, "def": 154, "spa": 154, "spd": 228, "spe": 96}, "types": ["Normal"]}, "Lokix": {"name": "Lokix", "species": "Lokix", "speciesId": "lokix", "gender": "F", "shiny": false, "level": 82, "moves": ["suckerpunch", "leechlife", "knockoff", "swordsdance"], "ability": "Tinted Lens", "evs": {"hp": 85, "atk": 85, "def": 85, "spa": 85, "spd": 85, "spe": 85}, "ivs": {"hp": 31, "atk": 31, "def": 31, "spa": 31, "spd": 31, "spe": 31}, "item": "Life Orb", "teraType": "Dark", "role": "Setup Sweeper", "bvs": {"hp": 71, "atk": 102, "def": 78, "spa": 52, "spd": 55, "spe": 92}, "stats": {"hp": 251, "atk": 214, "def": 175, "spa": 132, "spd": 137, "spe": 198}, "types": ["Bug", "Dark"]}, "Manaphy": {"name": "Manaphy", "species": "Manaphy", "speciesId": "manaphy", "gender": "N", "shiny": false, "level": 78, "moves": ["tailglow", "icebeam", "energyball", "hydropump"], "ability": "Hydration", "evs": {"hp": 85, "atk": 0, "def": 85, "spa": 85, "spd": 85, "spe": 85}, "ivs": {"hp": 31, "atk": 0, "def": 31, "spa": 31, "spd": 31, "spe": 31}, "item": "Leftovers", "teraType": "Water", "role": "Bulky Setup", "bvs": {"hp": 100, "atk": 100, "def": 100, "spa": 100, "spd": 100, "spe": 100}, "stats": {"hp": 284, "atk": 161, "def": 201, "spa": 201, "spd": 201, "spe": 201}, "types": ["Water"]}, "Indeedee": {"name": "Indeedee", "species": "Indeedee", "speciesId": "indeedee", "gender": "M", "shiny": false, "level": 84, "moves": ["healingwish", "hypervoice", "expandingforce", "dazzlinggleam"], "ability": "Psychic Surge", "evs": {"hp": 85, "atk": 0, "def": 85, "spa": 85, "spd": 85, "spe": 85}, "ivs": {"hp": 31, "atk": 0, "def": 31, "spa": 31, "spd": 31, "spe": 31}, "item": "Choice Scarf", "teraType": "Psychic", "role": "Fast Attacker", "bvs": {"hp": 60, "atk": 65, "def": 55, "spa": 105, "spd": 95, "spe": 95}, "stats": {"hp": 238, "atk": 114, "def": 141, "spa": 225, "spd": 208, "spe": 208}, "types": ["Psychic", "Normal"]}, "Dipplin": {"name": "Dipplin", "species": "Dipplin", "speciesId": "dipplin", "gender": "F", "shiny": false, "level": 88, "moves": ["suckerpunch", "dragonpulse", "recover", "gigadrain"], "ability": "Sticky Hold", "evs": {"hp": 85, "atk": 85, "def": 85, "spa": 85, "spd": 85, "spe": 85}, "ivs": {"hp": 31, "atk": 31, "def": 31, "spa": 31, "spd": 31, "spe": 31}, "item": "Eviolite", "teraType": "Steel", "role": "Bulky Attacker", "bvs": {"hp": 80, "atk": 80, "def": 110, "spa": 95, "spd": 80, "spe": 40}, "stats": {"hp": 284, "atk": 191, "def": 244, "spa": 217, "spd": 191, "spe": 121}, "types": ["Grass", "Dragon"]}}, {"Ting-Lu": {"name": "Ting-Lu", "species": "Ting-Lu", "speciesId": "tinglu", "gender": "N", "shiny": false, "level": 78, "moves": ["whirlwind", "throatchop", "spikes", "earthquake"], "ability": "Vessel of Ruin", "evs": {"hp": 85, "atk": 85, "def": 85, "spa": 85, "spd": 85, "spe": 85}, "ivs": {"hp": 31, "atk": 31, "def": 31, "spa": 31, "spd": 31, "spe": 31}, "item": "Leftovers", "teraType": "Ghost", "role": "Bulky Support", "bvs": {"hp": 155, "atk": 110, "def": 125, "spa": 55, "spd": 80, "spe": 45}, "stats": {"hp": 370, "atk": 217, "def": 240, "spa": 131, "spd": 170, "spe": 115}, "types": ["Dark", "Ground"]}, "Sandy Shocks": {"name": "Sandy Shocks", "species": "Sandy Shocks", "speciesId": "sandyshocks", "gender": "N", "shiny": false, "level": 80, "moves": ["earthpower", "thunderbolt", "stealthrock", "thunderwave"], "ability": "Protosynthesis", "evs": {"hp": 85, "atk": 0, "def": 85, "spa": 85, "spd": 85, "spe": 85}, "ivs": {"hp": 31, "atk": 0, "def": 31, "spa": 31, "spd": 31, "spe": 31}, "item": "Leftovers", "teraType": "Electric", "role": "Fast Support", "bvs": {"hp": 85, "atk": 81, "def": 97, "spa": 121, "spd": 85, "spe": 101}, "stats": {"hp": 267, "atk": 134, "def": 201, "spa": 240, "spd": 182, "spe": 208}, "types": ["Electric", "Ground"]}, "Blaziken": {"name": "Blaziken", "species": "Blaziken", "speciesId": "blaziken", "gender": "M", "shiny": false, "level": 76, "moves": ["swordsdance", "closecombat", "protect", "flareblitz"], "ability": "Speed Boost", "evs": {"hp": 85, "atk": 85, "def": 85, "spa": 85, "spd": 85, "spe": 85}, "ivs": {"hp": 31, "atk": 31, "def": 31, "spa": 31, "spd": 31, "spe": 31}, "item": "Life Orb", "teraType": "Fighting", "role": "Setup Sweeper", "bvs": {"hp": 80, "atk": 120, "def": 70, "spa": 110, "spd": 70, "spe": 80}, "stats": {"hp": 247, "atk": 226, "def": 150, "spa": 211, "spd": 150, "spe": 166}, "types": ["Fire", "Fighting"]}, "Komala": {"name": "Komala", "species": "Komala", "speciesId": "komala", "gender": "F", "shiny": false, "level": 88, "moves": ["bodyslam", "rapidspin", "earthquake", "knockoff"], "ability": "Comatose", "evs": {"hp": 85, "atk": 85, "def": 85, "spa": 85, "spd": 85, "spe": 85}, "ivs": {"hp": 31, "atk": 31, "def": 31, "spa": 31, "spd": 31, "spe": 31}, "item": "Assault Vest", "teraType": "Ghost", "role": "Bulky Support", "bvs": {"hp": 65, "atk": 115, "def": 65, "spa": 75, "spd": 95, "spe": 65}, "stats": {"hp": 258, "atk": 253, "def": 165, "spa": 182, "spd": 217, "spe": 165}, "types": ["Normal"]}, "Shaymin": {"name": "Shaymin", "species": "Shaymin-Sky", "speciesId": "shayminsky", "gender": "N", "shiny": false, "level": 73, "moves": ["dazzlinggleam", "earthpower", "seedflare", "airslash"], "ability": "Serene Grace", "evs": {"hp": 85, "atk": 0, "def": 85, "spa": 85, "spd": 85, "spe": 85}, "ivs": {"hp": 31, "atk": 0, "def": 31, "spa": 31, "spd": 31, "spe": 31}, "item": "Choice Specs", "teraType": "Ground", "role": "Fast Attacker", "bvs": {"hp": 100, "atk": 103, "def": 75, "spa": 120, "spd": 75, "spe": 127}, "stats": {"hp": 266, "atk": 155, "def": 152, "spa": 218, "spd": 152, "spe": 228}, "types": ["Grass", "Flying"]}, "Keldeo": {"name": "Keldeo", "species": "Keldeo-Resolute", "speciesId": "keldeoresolute", "gender": "N", "shiny": false, "level": 79, "moves": ["airslash", "calmmind", "hydropump", "secretsword"], "ability": "Justified", "evs": {"hp": 85, "atk": 0, "def": 85, "spa": 85, "spd": 85, "spe": 85}, "ivs": {"hp": 31, "atk": 0, "def": 31, "spa": 31, "spd": 31, "spe": 31}, "item": "Life Orb", "teraType": "Water", "role": "Fast Attacker", "bvs": {"hp": 91, "atk": 72, "def": 90, "spa": 129, "spd": 90, "spe": 108}, "stats": {"hp": 273, "atk": 118, "def": 188, "spa": 249, "spd": 188, "spe": 216}, "types": ["Water", "Fighting"]}}]}