{"id": "gen9randombattle-2641647522", "format": "[Gen 9] Random Battle", "players": ["jope1005", "Pouca_Qualidade"], "log": "|j|\u2606jope1005\n|j|\u2606Pouca_Qualidade\n|t:|1782824477\n|gametype|singles\n|player|p1|jope1005|265|1101\n|player|p2|Pouca_Qualidade|102|1105\n|gen|9\n|tier|[Gen 9] Random Battle\n|rated|\n|rule|Species Clause: Limit one of each Pok\u00e9mon\n|rule|HP Percentage Mod: HP is shown in percentages\n|rule|Sleep Clause Mod: Limit one foe put to sleep\n|rule|Illusion Level Mod: Illusion disguises the Pok\u00e9mon's true level\n|\n|t:|1782824477\n|teamsize|p1|6\n|teamsize|p2|6\n|start\n|switch|p1a: Gastrodon|Gastrodon, L86, M|331/331\n|switch|p2a: Milotic|Milotic, L83, M|293/293\n|turn|1\n|\n|t:|1782824513\n|switch|p2a: Sableye|Sableye, L88, M|231/231\n|move|p1a: Gastrodon|Stealth Rock|p2a: Sableye\n|-sidestart|p2: Pouca_Qualidade|move: Stealth Rock\n|\n|upkeep\n|turn|2\n|inactive|Battle timer is ON: inactive players will automatically lose when time's up. (requested by Pouca_Qualidade)\n|\n|t:|1782824527\n|move|p2a: Sableye|Encore|p1a: Gastrodon\n|-start|p1a: Gastrodon|Encore\n|move|p1a: Gastrodon|Stealth Rock||[still]\n|-fail|p1a: Gastrodon\n|\n|upkeep\n|turn|3\n|\n|t:|1782824531\n|move|p2a: Sableye|Knock Off|p1a: Gastrodon\n|-damage|p1a: Gastrodon|225/331\n|-enditem|p1a: Gastrodon|Leftovers|[from] move: Knock Off|[of] p2a: Sableye\n|move|p1a: Gastrodon|Stealth Rock||[still]\n|-fail|p1a: Gastrodon\n|\n|upkeep\n|turn|4\n|\n|t:|1782824536\n|move|p2a: Sableye|Knock Off|p1a: Gastrodon\n|-damage|p1a: Gastrodon|152/331\n|move|p1a: Gastrodon|Stealth Rock||[still]\n|-fail|p1a: Gastrodon\n|\n|-end|p1a: Gastrodon|Encore\n|upkeep\n|turn|5\n|\n|t:|1782824549\n|switch|p1a: Raikou|Raikou, L81|278/278\n|-ability|p1a: Raikou|Pressure\n|move|p2a: Sableye|Encore||[still]\n|-fail|p2a: Sableye\n|\n|upkeep\n|turn|6\n|\n|t:|1782824561\n|move|p1a: Raikou|Calm Mind|p1a: Raikou\n|-boost|p1a: Raikou|spa|1\n|-boost|p1a: Raikou|spd|1\n|move|p2a: Sableye|Knock Off|p1a: Raikou\n|-damage|p1a: Raikou|170/278\n|-enditem|p1a: Raikou|Leftovers|[from] move: Knock Off|[of] p2a: Sableye\n|\n|upkeep\n|turn|7\n|j| joeypingping\n|\n|t:|1782824573\n|move|p2a: Sableye|Encore|p1a: Raikou\n|-start|p1a: Raikou|Encore\n|move|p1a: Raikou|Calm Mind|p1a: Raikou\n|-boost|p1a: Raikou|spa|1\n|-boost|p1a: Raikou|spd|1\n|\n|upkeep\n|turn|8\n|\n|t:|1782824579\n|switch|p1a: Chimecho|Chimecho, L93, M|290/290\n|move|p2a: Sableye|Knock Off|p1a: Chimecho\n|-supereffective|p1a: Chimecho\n|-damage|p1a: Chimecho|116/290\n|-enditem|p1a: Chimecho|Leftovers|[from] move: Knock Off|[of] p2a: Sableye\n|\n|upkeep\n|turn|9\n|\n|t:|1782824592\n|move|p1a: Chimecho|Thunder Wave|p2a: Sableye\n|-status|p2a: Sableye|par\n|move|p2a: Sableye|Knock Off|p1a: Chimecho\n|-supereffective|p1a: Chimecho\n|-damage|p1a: Chimecho|2/290\n|\n|upkeep\n|turn|10\n|\n|t:|1782824603\n|move|p1a: Chimecho|Recover|p1a: Chimecho\n|-heal|p1a: Chimecho|147/290\n|move|p2a: Sableye|Knock Off|p1a: Chimecho\n|-supereffective|p1a: Chimecho\n|-damage|p1a: Chimecho|15/290\n|\n|upkeep\n|turn|11\n|\n|t:|1782824612\n|move|p2a: Sableye|Thunder Wave|p1a: Chimecho\n|-status|p1a: Chimecho|par\n|cant|p1a: Chimecho|par\n|\n|upkeep\n|turn|12\n|c|\u2606jope1005|Tinha q ser br kkkkkkk\n|\n|t:|1782824626\n|move|p1a: Chimecho|Recover|p1a: Chimecho\n|-heal|p1a: Chimecho|160/290 par\n|cant|p2a: Sableye|par\n|\n|upkeep\n|turn|13\n|\n|t:|1782824633\n|move|p1a: Chimecho|Recover|p1a: Chimecho\n|-heal|p1a: Chimecho|290/290 par\n|cant|p2a: Sableye|par\n|\n|upkeep\n|turn|14\n|\n|t:|1782824642\n|switch|p1a: Glastrier|Glastrier, L86|312/312\n|move|p2a: Sableye|Knock Off|p1a: Glastrier\n|-damage|p1a: Glastrier|246/312\n|-enditem|p1a: Glastrier|Heavy-Duty Boots|[from] move: Knock Off|[of] p2a: Sableye\n|\n|upkeep\n|turn|15\n|\n|t:|1782824650\n|move|p2a: Sableye|Thunder Wave|p1a: Glastrier\n|-status|p1a: Glastrier|par\n|cant|p1a: Glastrier|par\n|\n|upkeep\n|turn|16\n|\n|t:|1782824657\n|move|p2a: Sableye|Knock Off|p1a: Glastrier\n|-damage|p1a: Glastrier|198/312 par\n|move|p1a: Glastrier|Swords Dance|p1a: Glastrier\n|-boost|p1a: Glastrier|atk|2\n|\n|upkeep\n|turn|17\n|\n|t:|1782824670\n|move|p2a: Sableye|Encore|p1a: Glastrier\n|-start|p1a: Glastrier|Encore\n|move|p1a: Glastrier|Swords Dance|p1a: Glastrier\n|-boost|p1a: Glastrier|atk|2\n|\n|upkeep\n|turn|18\n|\n|t:|1782824672\n|cant|p2a: Sableye|par\n|move|p1a: Glastrier|Swords Dance|p1a: Glastrier\n|-boost|p1a: Glastrier|atk|2\n|\n|upkeep\n|turn|19\n|\n|t:|1782824675\n|move|p2a: Sableye|Knock Off|p1a: Glastrier\n|-damage|p1a: Glastrier|152/312 par\n|move|p1a: Glastrier|Swords Dance|p1a: Glastrier\n|-boost|p1a: Glastrier|atk|0\n|\n|-end|p1a: Glastrier|Encore\n|upkeep\n|turn|20\n|\n|t:|1782824677\n|move|p2a: Sableye|Encore|p1a: Glastrier\n|-start|p1a: Glastrier|Encore\n|move|p1a: Glastrier|Swords Dance|p1a: Glastrier\n|-boost|p1a: Glastrier|atk|0\n|\n|upkeep\n|turn|21\n|-message|jope1005 forfeited.\n|\n|win|Pouca_Qualidade\n|raw|jope1005's rating: 1101 &rarr; <strong>1076</strong><br />(-25 for losing)\n|raw|Pouca_Qualidade's rating: 1105 &rarr; <strong>1130</strong><br />(+25 for winning)\n|l|\u2606jope1005\n|player|p1|\n", "inputlog": ">version f8ac14003a5f27e1bdc8d8c59608a773c1cb96e5\n>start {\"formatid\":\"gen9randombattle\",\"seed\":\"sodium,ca83caf32c0b8b0902885b0af38b81d7\",\"rated\":\"Rated battle\"}\n>player p1 {\"name\":\"jope1005\",\"avatar\":\"265\",\"rating\":1101,\"seed\":\"sodium,3898abb1fe11f539449e528696b96143\"}\n>player p2 {\"name\":\"Pouca_Qualidade\",\"avatar\":\"102\",\"rating\":1105,\"seed\":\"sodium,6cc405237d83aea10a4d2e6428941516\"}\n>p1 move stealthrock\n>p2 switch 6\n>p1 move earthquake\n>p2 move encore\n>p1 move stealthrock\n>p2 move knockoff\n>p1 move stealthrock\n>p2 move knockoff\n>p1 switch 3\n>p2 move encore\n>p1 move calmmind\n>p2 move knockoff\n>p1 move thunderbolt\n>p2 move encore\n>p1 switch 4\n>p2 move knockoff\n>p1 move thunderwave\n>p2 move knockoff\n>p1 move recover\n>p2 move knockoff\n>p1 move recover\n>p2 move thunderwave\n>chat \u2606jope1005|Tinha q ser br kkkkkkk\n>p1 move recover\n>p2 move knockoff\n>p1 move recover\n>p2 move knockoff\n>p1 switch 5\n>p2 move knockoff\n>p1 move swordsdance\n>p2 move thunderwave\n>p1 move swordsdance\n>p2 move knockoff\n>p1 move iciclecrash\n>p2 move encore\n>p1 move swordsdance\n>p2 move knockoff\n>p1 move swordsdance\n>p2 move knockoff\n>p1 move iciclecrash\n>p2 move encore\n>forcelose p1", "uploadtime": 1782824690, "views": 13, "formatid": "gen9randombattle", "rating": 1076, "private": 0, "password": null, "player_dets": [{"name": "jope1005", "avatar": "265", "rating": 1101, "seed": "sodium,3898abb1fe11f539449e528696b96143"}, {"name": "Pouca_Qualidade", "avatar": "102", "rating": 1105, "seed": "sodium,6cc405237d83aea10a4d2e6428941516"}], "teams_full": [{"Gastrodon": {"name": "Gastrodon", "species": "Gastrodon", "speciesId": "gastrodon", "gender": "M", "shiny": false, "level": 86, "moves": ["surf", "recover", "stealthrock", "earthquake"], "ability": "Storm Drain", "evs": {"hp": 85, "atk": 85, "def": 85, "spa": 85, "spd": 85, "spe": 85}, "ivs": {"hp": 31, "atk": 31, "def": 31, "spa": 31, "spd": 31, "spe": 31}, "item": "Leftovers", "teraType": "Poison", "role": "Bulky Support", "bvs": {"hp": 111, "atk": 83, "def": 68, "spa": 92, "spd": 82, "spe": 39}, "stats": {"hp": 331, "atk": 192, "def": 166, "spa": 207, "spd": 190, "spe": 116}, "types": ["Water", "Ground"]}, "Basculegion": {"name": "Basculegion", "species": "Basculegion", "speciesId": "basculegion", "gender": "M", "shiny": false, "level": 80, "moves": ["flipturn", "shadowball", "aquajet", "wavecrash"], "ability": "Adaptability", "evs": {"hp": 85, "atk": 85, "def": 85, "spa": 85, "spd": 85, "spe": 85}, "ivs": {"hp": 31, "atk": 31, "def": 31, "spa": 31, "spd": 31, "spe": 31}, "item": "Assault Vest", "teraType": "Water", "role": "AV Pivot", "bvs": {"hp": 120, "atk": 112, "def": 65, "spa": 80, "spd": 75, "spe": 78}, "stats": {"hp": 323, "atk": 225, "def": 150, "spa": 174, "spd": 166, "spe": 171}, "types": ["Water", "Ghost"]}, "Raikou": {"name": "Raikou", "species": "Raikou", "speciesId": "raikou", "gender": "N", "shiny": false, "level": 81, "moves": ["calmmind", "scald", "shadowball", "thunderbolt"], "ability": "Pressure", "evs": {"hp": 85, "atk": 0, "def": 85, "spa": 85, "spd": 85, "spe": 85}, "ivs": {"hp": 31, "atk": 0, "def": 31, "spa": 31, "spd": 31, "spe": 31}, "item": "Leftovers", "teraType": "Water", "role": "Bulky Attacker", "bvs": {"hp": 90, "atk": 85, "def": 75, "spa": 115, "spd": 100, "spe": 115}, "stats": {"hp": 278, "atk": 142, "def": 168, "spa": 233, "spd": 209, "spe": 233}, "types": ["Electric"]}, "Chimecho": {"name": "Chimecho", "species": "Chimecho", "speciesId": "chimecho", "gender": "M", "shiny": false, "level": 93, "moves": ["recover", "thunderwave", "psychicnoise", "encore"], "ability": "Levitate", "evs": {"hp": 85, "atk": 0, "def": 85, "spa": 85, "spd": 85, "spe": 85}, "ivs": {"hp": 31, "atk": 0, "def": 31, "spa": 31, "spd": 31, "spe": 31}, "item": "Leftovers", "teraType": "Poison", "role": "Bulky Support", "bvs": {"hp": 75, "atk": 50, "def": 80, "spa": 95, "spd": 90, "spe": 65}, "stats": {"hp": 290, "atk": 98, "def": 202, "spa": 230, "spd": 220, "spe": 174}, "types": ["Psychic"]}, "Glastrier": {"name": "Glastrier", "species": "Glastrier", "speciesId": "glastrier", "gender": "N", "shiny": false, "level": 86, "moves": ["iciclecrash", "highhorsepower", "swordsdance", "heavyslam"], "ability": "Chilling Neigh", "evs": {"hp": 85, "atk": 85, "def": 85, "spa": 85, "spd": 85, "spe": 85}, "ivs": {"hp": 31, "atk": 31, "def": 31, "spa": 31, "spd": 31, "spe": 31}, "item": "Heavy-Duty Boots", "teraType": "Steel", "role": "Bulky Attacker", "bvs": {"hp": 100, "atk": 145, "def": 130, "spa": 65, "spd": 110, "spe": 30}, "stats": {"hp": 312, "atk": 299, "def": 273, "spa": 161, "spd": 238, "spe": 101}, "types": ["Ice"]}, "Mewtwo": {"name": "Mewtwo", "species": "Mewtwo", "speciesId": "mewtwo", "gender": "N", "shiny": false, "level": 72, "moves": ["aurasphere", "nastyplot", "psystrike", "fireblast"], "ability": "Pressure", "evs": {"hp": 85, "atk": 0, "def": 85, "spa": 85, "spd": 85, "spe": 85}, "ivs": {"hp": 31, "atk": 0, "def": 31, "spa": 31, "spd": 31, "spe": 31}, "item": "Life Orb", "teraType": "Fire", "role": "Setup Sweeper", "bvs": {"hp": 106, "atk": 110, "def": 90, "spa": 154, "spd": 90, "spe": 130}, "stats": {"hp": 272, "atk": 163, "def": 172, "spa": 264, "spd": 172, "spe": 229}, "types": ["Psychic"]}}, {"Milotic": {"name": "Milotic", "species": "Milotic", "speciesId": "milotic", "gender": "M", "shiny": false, "level": 83, "moves": ["haze", "scald", "icebeam", "recover"], "ability": "Competitive", "evs": {"hp": 85, "atk": 0, "def": 85, "spa": 85, "spd": 85, "spe": 85}, "ivs": {"hp": 31, "atk": 0, "def": 31, "spa": 31, "spd": 31, "spe": 31}, "item": "Leftovers", "teraType": "Dragon", "role": "Bulky Attacker", "bvs": {"hp": 95, "atk": 60, "def": 79, "spa": 100, "spd": 125, "spe": 81}, "stats": {"hp": 293, "atk": 104, "def": 179, "spa": 214, "spd": 255, "spe": 182}, "types": ["Water"]}, "Koraidon": {"name": "Koraidon", "species": "Koraidon", "speciesId": "koraidon", "gender": "N", "shiny": false, "level": 64, "moves": ["outrage", "closecombat", "flareblitz", "uturn"], "ability": "Orichalcum Pulse", "evs": {"hp": 85, "atk": 85, "def": 85, "spa": 85, "spd": 85, "spe": 85}, "ivs": {"hp": 31, "atk": 31, "def": 31, "spa": 31, "spd": 31, "spe": 31}, "item": "Choice Band", "teraType": "Fire", "role": "Fast Attacker", "bvs": {"hp": 100, "atk": 135, "def": 115, "spa": 85, "spd": 100, "spe": 135}, "stats": {"hp": 235, "atk": 211, "def": 185, "spa": 147, "spd": 166, "spe": 211}, "types": ["Fighting", "Dragon"]}, "Kingdra": {"name": "Kingdra", "species": "Kingdra", "speciesId": "kingdra", "gender": "F", "shiny": false, "level": 84, "moves": ["hurricane", "dracometeor", "wavecrash", "raindance"], "ability": "Swift Swim", "evs": {"hp": 85, "atk": 85, "def": 85, "spa": 85, "spd": 85, "spe": 85}, "ivs": {"hp": 31, "atk": 31, "def": 31, "spa": 31, "spd": 31, "spe": 31}, "item": "Life Orb", "teraType": "Water", "role": "Fast Attacker", "bvs": {"hp": 75, "atk": 95, "def": 95, "spa": 95, "spd": 95, "spe": 85}, "stats": {"hp": 263, "atk": 208, "def": 208, "spa": 208, "spd": 208, "spe": 191}, "types": ["Water", "Dragon"]}, "Houndoom": {"name": "Houndoom", "species": "Houndoom", "speciesId": "houndoom", "gender": "M", "shiny": false, "level": 87, "moves": ["suckerpunch", "fireblast", "sludgebomb", "darkpulse"], "ability": "Flash Fire", "evs": {"hp": 85, "atk": 85, "def": 85, "spa": 85, "spd": 85, "spe": 85}, "ivs": {"hp": 31, "atk": 31, "def": 31, "spa": 31, "spd": 31, "spe": 31}, "item": "Heavy-Duty Boots", "teraType": "Fire", "role": "Fast Attacker", "bvs": {"hp": 75, "atk": 90, "def": 50, "spa": 110, "spd": 80, "spe": 95}, "stats": {"hp": 272, "atk": 206, "def": 137, "spa": 241, "spd": 189, "spe": 215}, "types": ["Dark", "Fire"]}, "Donphan": {"name": "Donphan", "species": "Donphan", "speciesId": "donphan", "gender": "F", "shiny": false, "level": 84, "moves": ["earthquake", "stealthrock", "rapidspin", "knockoff"], "ability": "Sturdy", "evs": {"hp": 85, "atk": 85, "def": 85, "spa": 85, "spd": 85, "spe": 85}, "ivs": {"hp": 31, "atk": 31, "def": 31, "spa": 31, "spd": 31, "spe": 31}, "item": "Leftovers", "teraType": "Dragon", "role": "Bulky Support", "bvs": {"hp": 90, "atk": 120, "def": 120, "spa": 60, "spd": 60, "spe": 50}, "stats": {"hp": 288, "atk": 250, "def": 250, "spa": 149, "spd": 149, "spe": 132}, "types": ["Ground"]}, "Sableye": {"name": "Sableye", "species": "Sableye", "speciesId": "sableye", "gender": "M", "shiny": false, "level": 88, "moves": ["encore", "knockoff", "recover", "thunderwave"], "ability": "Prankster", "evs": {"hp": 85, "atk": 85, "def": 85, "spa": 85, "spd": 85, "spe": 85}, "ivs": {"hp": 31, "atk": 31, "def": 31, "spa": 31, "spd": 31, "spe": 31}, "item": "Leftovers", "teraType": "Steel", "role": "Bulky Support", "bvs": {"hp": 50, "atk": 75, "def": 75, "spa": 65, "spd": 65, "spe": 50}, "stats": {"hp": 231, "atk": 182, "def": 182, "spa": 165, "spd": 165, "spe": 138}, "types": ["Dark", "Ghost"]}}]}