{"id": "gen9randombattle-2641182360", "format": "[Gen 9] Random Battle", "players": ["Axelace", "fp rando bats"], "log": "|badge|p1|bronze|gen9randombattle|100-9\n|html|<div class=\"broadcast-red\"><strong>This battle is required to be public due to one or more player having a season medal.</strong><br />During the public phase, you can discuss the state of the ladder <a href=\"/seasondiscussion\">in a special chatroom.</a></div>\n|uhtml|medal-msg|<div class=\"broadcast-blue\">Curious what those medals under the avatar are? PS now has Ladder Seasons! For more information, check out the <a href=\"https://www.smogon.com/forums/threads/3740067/\">thread on Smogon.</a></div>\n|raw|<div class=\"broadcast-blue\"><strong>This battle is required to be public due to a player having a name starting with 'medal'.</div>\n|j|\u2606Axelace\n|j|\u2606fp rando bats\n|t:|1782750624\n|gametype|singles\n|player|p1|Axelace|riley|2267\n|player|p2|fp rando bats|#ssclikartanas|2208\n|gen|9\n|tier|[Gen 9] Random Battle\n|rated|\n|rule|Species Clause: Limit one of each Pok\u00e9mon\n|rule|HP Percentage Mod: HP is shown in percentages\n|rule|Sleep Clause Mod: Limit one foe put to sleep\n|rule|Illusion Level Mod: Illusion disguises the Pok\u00e9mon's true level\n|\n|t:|1782750624\n|teamsize|p1|6\n|teamsize|p2|6\n|start\n|switch|p1a: Kyogre|Kyogre, L71|259/259\n|switch|p2a: Lycanroc|Lycanroc, L86, F|269/269\n|-weather|RainDance|[from] ability: Drizzle|[of] p1a: Kyogre\n|turn|1\n|inactive|Battle timer is ON: inactive players will automatically lose when time's up. (requested by fp rando bats)\n|inactive|fp rando bats has 120 seconds left.\n|\n|t:|1782750657\n|switch|p2a: Kommo-o|Kommo-o, L78, F|245/245\n|move|p1a: Kyogre|Water Spout|p2a: Kommo-o\n|-resisted|p2a: Kommo-o\n|-damage|p2a: Kommo-o|139/245\n|\n|-weather|RainDance|[upkeep]\n|upkeep\n|turn|2\n|\n|t:|1782750672\n|switch|p1a: Tauros|Tauros-Paldea-Aqua, L81, M|254/254\n|-ability|p1a: Tauros|Intimidate|boost\n|-unboost|p2a: Kommo-o|atk|1\n|move|p2a: Kommo-o|Scale Shot|p1a: Tauros\n|-damage|p1a: Tauros|238/254\n|-crit|p1a: Tauros\n|-damage|p1a: Tauros|199/254\n|-damage|p1a: Tauros|183/254\n|-damage|p1a: Tauros|168/254\n|-hitcount|p1a: Tauros|4\n|-unboost|p2a: Kommo-o|def|1\n|-boost|p2a: Kommo-o|spe|1\n|\n|-weather|RainDance|[upkeep]\n|upkeep\n|turn|3\n|\n|t:|1782750680\n|move|p2a: Kommo-o|Close Combat|p1a: Tauros\n|-damage|p1a: Tauros|96/254\n|-unboost|p2a: Kommo-o|def|1\n|-unboost|p2a: Kommo-o|spd|1\n|move|p1a: Tauros|Bulk Up|p1a: Tauros\n|-boost|p1a: Tauros|atk|1\n|-boost|p1a: Tauros|def|1\n|\n|-weather|RainDance|[upkeep]\n|upkeep\n|turn|4\n|\n|t:|1782750703\n|move|p2a: Kommo-o|Scale Shot|p1a: Tauros\n|-damage|p1a: Tauros|84/254\n|-damage|p1a: Tauros|72/254\n|-damage|p1a: Tauros|60/254\n|-damage|p1a: Tauros|50/254\n|-hitcount|p1a: Tauros|4\n|-unboost|p2a: Kommo-o|def|1\n|-boost|p2a: Kommo-o|spe|1\n|move|p1a: Tauros|Liquidation|p2a: Kommo-o\n|-resisted|p2a: Kommo-o\n|-damage|p2a: Kommo-o|0 fnt\n|faint|p2a: Kommo-o\n|-damage|p1a: Tauros|25/254|[from] item: Life Orb\n|\n|-weather|RainDance|[upkeep]\n|upkeep\n|\n|t:|1782750718\n|switch|p2a: Mew|Mew, L82|298/298\n|turn|5\n|\n|t:|1782750722\n|move|p1a: Tauros|Aqua Jet|p2a: Mew\n|-damage|p2a: Mew|172/298\n|-damage|p1a: Tauros|0 fnt|[from] item: Life Orb\n|faint|p1a: Tauros\n|move|p2a: Mew|Psychic|p1: Tauros|[notarget]\n|-fail|p2a: Mew\n|\n|-weather|none\n|-heal|p2a: Mew|190/298|[from] item: Leftovers\n|upkeep\n|\n|t:|1782750727\n|switch|p1a: Kyogre|Kyogre, L71|259/259\n|-weather|RainDance|[from] ability: Drizzle|[of] p1a: Kyogre\n|turn|6\n|\n|t:|1782750744\n|move|p1a: Kyogre|Water Spout|p2a: Mew\n|-damage|p2a: Mew|0 fnt\n|faint|p2a: Mew\n|\n|-weather|RainDance|[upkeep]\n|upkeep\n|\n|t:|1782750750\n|switch|p2a: Dusknoir|Dusknoir, L89, M|225/225\n|-item|p1a: Kyogre|Choice Scarf|[from] ability: Frisk|[of] p2a: Dusknoir\n|turn|7\n|\n|t:|1782750759\n|move|p1a: Kyogre|Water Spout|p2a: Dusknoir\n|-damage|p2a: Dusknoir|59/225\n|move|p2a: Dusknoir|Poltergeist|p1a: Kyogre\n|-activate|p1a: Kyogre|move: Poltergeist|Choice Scarf\n|-damage|p1a: Kyogre|103/259\n|\n|-weather|RainDance|[upkeep]\n|-heal|p2a: Dusknoir|73/225|[from] item: Leftovers\n|upkeep\n|turn|8\n|\n|t:|1782750770\n|move|p1a: Kyogre|Water Spout|p2a: Dusknoir\n|-damage|p2a: Dusknoir|6/225\n|move|p2a: Dusknoir|Will-O-Wisp|p1a: Kyogre|[miss]\n|-miss|p2a: Dusknoir|p1a: Kyogre\n|\n|-weather|RainDance|[upkeep]\n|-heal|p2a: Dusknoir|20/225|[from] item: Leftovers\n|upkeep\n|turn|9\n|\n|t:|1782750775\n|move|p2a: Dusknoir|Shadow Sneak|p1a: Kyogre\n|-damage|p1a: Kyogre|49/259\n|move|p1a: Kyogre|Water Spout|p2a: Dusknoir\n|-damage|p2a: Dusknoir|0 fnt\n|faint|p2a: Dusknoir\n|\n|-weather|RainDance|[upkeep]\n|upkeep\n|\n|t:|1782750780\n|switch|p2a: Volcarona|Volcarona, L77, F|257/257\n|turn|10\n|\n|t:|1782750795\n|switch|p1a: Magmortar|Magmortar, L88, F|275/275\n|move|p2a: Volcarona|Quiver Dance|p2a: Volcarona\n|-boost|p2a: Volcarona|spa|1\n|-boost|p2a: Volcarona|spd|1\n|-boost|p2a: Volcarona|spe|1\n|\n|-weather|none\n|upkeep\n|turn|11\n|\n|t:|1782750801\n|-terastallize|p2a: Volcarona|Ground\n|move|p2a: Volcarona|Tera Blast|p1a: Magmortar|[anim] Tera Blast Ground\n|-supereffective|p1a: Magmortar\n|-damage|p1a: Magmortar|41/275\n|move|p1a: Magmortar|Fire Blast|p2a: Volcarona\n|-damage|p2a: Volcarona|160/257\n|\n|upkeep\n|turn|12\n|\n|t:|1782750813\n|move|p2a: Volcarona|Tera Blast|p1a: Magmortar|[anim] Tera Blast Ground\n|-supereffective|p1a: Magmortar\n|-damage|p1a: Magmortar|0 fnt\n|faint|p1a: Magmortar\n|\n|upkeep\n|\n|t:|1782750816\n|switch|p1a: Scovillain|Scovillain, L91, F|266/266\n|turn|13\n|\n|t:|1782750819\n|move|p2a: Volcarona|Fire Blast|p1a: Scovillain\n|-damage|p1a: Scovillain|58/266\n|move|p1a: Scovillain|Leaf Storm|p2a: Volcarona\n|-supereffective|p2a: Volcarona\n|-damage|p2a: Volcarona|0 fnt\n|-unboost|p1a: Scovillain|spa|2\n|faint|p2a: Volcarona\n|\n|upkeep\n|\n|t:|1782750823\n|switch|p2a: Conkeldurr|Conkeldurr, L80, F|299/299\n|turn|14\n|\n|t:|1782750825\n|move|p1a: Scovillain|Leaf Storm|p2a: Conkeldurr\n|-damage|p2a: Conkeldurr|124/299\n|-unboost|p1a: Scovillain|spa|2\n|move|p2a: Conkeldurr|Knock Off|p1a: Scovillain\n|-damage|p1a: Scovillain|0 fnt\n|-enditem|p1a: Scovillain|Choice Specs|[from] move: Knock Off|[of] p2a: Conkeldurr\n|faint|p1a: Scovillain\n|\n|-status|p2a: Conkeldurr|brn|[from] item: Flame Orb\n|upkeep\n|\n|t:|1782750829\n|switch|p1a: Heracross|Heracross, L80, F|259/259\n|turn|15\n|\n|t:|1782750833\n|move|p1a: Heracross|Close Combat|p2a: Conkeldurr\n|-damage|p2a: Conkeldurr|0 fnt\n|-unboost|p1a: Heracross|def|1\n|-unboost|p1a: Heracross|spd|1\n|faint|p2a: Conkeldurr\n|-ability|p1a: Heracross|Moxie|boost\n|-boost|p1a: Heracross|atk|1\n|\n|upkeep\n|\n|t:|1782750836\n|switch|p2a: Lycanroc|Lycanroc, L86, F|269/269\n|turn|16\n|\n|t:|1782750839\n|move|p1a: Heracross|Close Combat|p2a: Lycanroc\n|-supereffective|p2a: Lycanroc\n|-damage|p2a: Lycanroc|0 fnt\n|-unboost|p1a: Heracross|def|1\n|-unboost|p1a: Heracross|spd|1\n|faint|p2a: Lycanroc\n|\n|win|Axelace\n|raw|Axelace's rating: 2267 &rarr; <strong>2284</strong><br />(+17 for winning)\n|raw|fp rando bats's rating: 2208 &rarr; <strong>2191</strong><br />(-17 for losing)\n", "inputlog": ">version f8ac14003a5f27e1bdc8d8c59608a773c1cb96e5\n>start {\"formatid\":\"gen9randombattle\",\"seed\":\"sodium,773e3369499076dca517fce536c75416\",\"rated\":\"Rated battle\"}\n>player p1 {\"name\":\"Axelace\",\"avatar\":\"riley\",\"rating\":2267,\"seed\":\"sodium,507cd4ffda95abe179274bc0e579e84c\"}\n>player p2 {\"name\":\"fp rando bats\",\"avatar\":\"#ssclikartanas\",\"rating\":2208,\"seed\":\"sodium,c2420850bec510dcb3925556cc56b189\"}\n>p1 move waterspout\n>p2 switch 4\n>p1 switch 3\n>p2 move scaleshot\n>p1 move bulkup\n>p2 move closecombat\n>p1 move liquidation\n>p2 move scaleshot\n>p2 switch 6\n>p1 move aquajet\n>p2 move psychic\n>p1 switch 3\n>p1 move waterspout\n>p2 move knockoff\n>p2 switch 3\n>p1 move waterspout\n>p2 move poltergeist\n>p1 move waterspout\n>p2 move willowisp\n>p1 move waterspout\n>p2 move shadowsneak\n>p2 switch 5\n>p1 switch 6\n>p2 move quiverdance\n>p1 move fireblast\n>p2 move terablast terastallize\n>p1 move fireblast\n>p2 move terablast\n>p1 switch 5\n>p1 move leafstorm\n>p2 move fireblast\n>p2 switch 2\n>p1 move leafstorm\n>p2 move knockoff\n>p1 switch 4\n>p1 move closecombat\n>p2 move facade\n>p2 switch 4\n>p1 move closecombat\n>p2 move stoneedge", "uploadtime": 1782750840, "views": 6, "formatid": "gen9randombattle", "rating": 2191, "private": 0, "password": null, "player_dets": [{"name": "Axelace", "avatar": "riley", "rating": 2267, "seed": "sodium,507cd4ffda95abe179274bc0e579e84c"}, {"name": "fp rando bats", "avatar": "#ssclikartanas", "rating": 2208, "seed": "sodium,c2420850bec510dcb3925556cc56b189"}], "teams_full": [{"Kyogre": {"name": "Kyogre", "species": "Kyogre", "speciesId": "kyogre", "gender": "N", "shiny": false, "level": 71, "moves": ["waterspout", "thunder", "icebeam", "originpulse"], "ability": "Drizzle", "evs": {"hp": 85, "atk": 0, "def": 85, "spa": 85, "spd": 85, "spe": 85}, "ivs": {"hp": 31, "atk": 0, "def": 31, "spa": 31, "spd": 31, "spe": 31}, "item": "Choice Scarf", "teraType": "Water", "role": "Fast Attacker", "bvs": {"hp": 100, "atk": 100, "def": 90, "spa": 150, "spd": 140, "spe": 90}, "stats": {"hp": 259, "atk": 147, "def": 169, "spa": 254, "spd": 240, "spe": 169}, "types": ["Water"]}, "Mewtwo": {"name": "Mewtwo", "species": "Mewtwo", "speciesId": "mewtwo", "gender": "N", "shiny": false, "level": 72, "moves": ["psystrike", "fireblast", "nastyplot", "darkpulse"], "ability": "Pressure", "evs": {"hp": 85, "atk": 0, "def": 85, "spa": 85, "spd": 85, "spe": 85}, "ivs": {"hp": 31, "atk": 0, "def": 31, "spa": 31, "spd": 31, "spe": 31}, "item": "Life Orb", "teraType": "Dark", "role": "Setup Sweeper", "bvs": {"hp": 106, "atk": 110, "def": 90, "spa": 154, "spd": 90, "spe": 130}, "stats": {"hp": 272, "atk": 163, "def": 172, "spa": 264, "spd": 172, "spe": 229}, "types": ["Psychic"]}, "Tauros": {"name": "Tauros", "species": "Tauros-Paldea-Aqua", "speciesId": "taurospaldeaaqua", "gender": "M", "shiny": false, "level": 81, "moves": ["bulkup", "aquajet", "liquidation", "closecombat"], "ability": "Intimidate", "evs": {"hp": 85, "atk": 85, "def": 85, "spa": 85, "spd": 85, "spe": 85}, "ivs": {"hp": 31, "atk": 31, "def": 31, "spa": 31, "spd": 31, "spe": 31}, "item": "Life Orb", "teraType": "Water", "role": "Setup Sweeper", "bvs": {"hp": 75, "atk": 110, "def": 105, "spa": 30, "spd": 70, "spe": 100}, "stats": {"hp": 254, "atk": 225, "def": 217, "spa": 95, "spd": 160, "spe": 209}, "types": ["Fighting", "Water"]}, "Heracross": {"name": "Heracross", "species": "Heracross", "speciesId": "heracross", "gender": "F", "shiny": false, "level": 80, "moves": ["megahorn", "knockoff", "closecombat", "earthquake"], "ability": "Moxie", "evs": {"hp": 85, "atk": 85, "def": 85, "spa": 85, "spd": 85, "spe": 85}, "ivs": {"hp": 31, "atk": 31, "def": 31, "spa": 31, "spd": 31, "spe": 31}, "item": "Choice Scarf", "teraType": "Bug", "role": "Fast Attacker", "bvs": {"hp": 80, "atk": 125, "def": 75, "spa": 40, "spd": 95, "spe": 85}, "stats": {"hp": 259, "atk": 246, "def": 166, "spa": 110, "spd": 198, "spe": 182}, "types": ["Bug", "Fighting"]}, "Scovillain": {"name": "Scovillain", "species": "Scovillain", "speciesId": "scovillain", "gender": "F", "shiny": false, "level": 91, "moves": ["overheat", "energyball", "leafstorm", "flamethrower"], "ability": "Chlorophyll", "evs": {"hp": 85, "atk": 0, "def": 85, "spa": 85, "spd": 85, "spe": 85}, "ivs": {"hp": 31, "atk": 0, "def": 31, "spa": 31, "spd": 31, "spe": 31}, "item": "Choice Specs", "teraType": "Grass", "role": "Fast Attacker", "bvs": {"hp": 65, "atk": 108, "def": 65, "spa": 108, "spd": 65, "spe": 75}, "stats": {"hp": 266, "atk": 201, "def": 170, "spa": 248, "spd": 170, "spe": 188}, "types": ["Grass", "Fire"]}, "Magmortar": {"name": "Magmortar", "species": "Magmortar", "speciesId": "magmortar", "gender": "F", "shiny": false, "level": 88, "moves": ["focusblast", "fireblast", "thunderbolt", "willowisp"], "ability": "Flame Body", "evs": {"hp": 85, "atk": 0, "def": 85, "spa": 85, "spd": 85, "spe": 85}, "ivs": {"hp": 31, "atk": 0, "def": 31, "spa": 31, "spd": 31, "spe": 31}, "item": "Heavy-Duty Boots", "teraType": "Fighting", "role": "Fast Attacker", "bvs": {"hp": 75, "atk": 95, "def": 67, "spa": 125, "spd": 95, "spe": 83}, "stats": {"hp": 275, "atk": 172, "def": 168, "spa": 270, "spd": 217, "spe": 196}, "types": ["Fire"]}}, {"Lycanroc": {"name": "Lycanroc", "species": "Lycanroc", "speciesId": "lycanroc", "gender": "F", "shiny": false, "level": 86, "moves": ["taunt", "stoneedge", "swordsdance", "closecombat"], "ability": "Sand Rush", "evs": {"hp": 85, "atk": 85, "def": 85, "spa": 85, "spd": 85, "spe": 85}, "ivs": {"hp": 31, "atk": 31, "def": 31, "spa": 31, "spd": 31, "spe": 31}, "item": "Life Orb", "teraType": "Fighting", "role": "Fast Attacker", "bvs": {"hp": 75, "atk": 115, "def": 65, "spa": 55, "spd": 65, "spe": 112}, "stats": {"hp": 269, "atk": 247, "def": 161, "spa": 144, "spd": 161, "spe": 242}, "types": ["Rock"]}, "Conkeldurr": {"name": "Conkeldurr", "species": "Conkeldurr", "speciesId": "conkeldurr", "gender": "F", "shiny": false, "level": 80, "moves": ["facade", "machpunch", "knockoff", "closecombat"], "ability": "Guts", "evs": {"hp": 85, "atk": 85, "def": 85, "spa": 85, "spd": 85, "spe": 85}, "ivs": {"hp": 31, "atk": 31, "def": 31, "spa": 31, "spd": 31, "spe": 31}, "item": "Flame Orb", "teraType": "Normal", "role": "Wallbreaker", "bvs": {"hp": 105, "atk": 140, "def": 95, "spa": 55, "spd": 65, "spe": 45}, "stats": {"hp": 299, "atk": 270, "def": 198, "spa": 134, "spd": 150, "spe": 118}, "types": ["Fighting"]}, "Dusknoir": {"name": "Dusknoir", "species": "Dusknoir", "speciesId": "dusknoir", "gender": "M", "shiny": false, "level": 89, "moves": ["earthquake", "shadowsneak", "willowisp", "poltergeist"], "ability": "Frisk", "evs": {"hp": 85, "atk": 85, "def": 85, "spa": 85, "spd": 85, "spe": 85}, "ivs": {"hp": 31, "atk": 31, "def": 31, "spa": 31, "spd": 31, "spe": 31}, "item": "Leftovers", "teraType": "Dark", "role": "Bulky Support", "bvs": {"hp": 45, "atk": 100, "def": 135, "spa": 65, "spd": 135, "spe": 45}, "stats": {"hp": 225, "atk": 229, "def": 291, "spa": 166, "spd": 291, "spe": 131}, "types": ["Ghost"]}, "Kommo-o": {"name": "Kommo-o", "species": "Kommo-o", "speciesId": "kommoo", "gender": "F", "shiny": false, "level": 78, "moves": ["closecombat", "swordsdance", "scaleshot", "ironhead"], "ability": "Soundproof", "evs": {"hp": 85, "atk": 85, "def": 85, "spa": 85, "spd": 85, "spe": 85}, "ivs": {"hp": 31, "atk": 31, "def": 31, "spa": 31, "spd": 31, "spe": 31}, "item": "Loaded Dice", "teraType": "Steel", "role": "Setup Sweeper", "bvs": {"hp": 75, "atk": 110, "def": 125, "spa": 100, "spd": 105, "spe": 85}, "stats": {"hp": 245, "atk": 217, "def": 240, "spa": 201, "spd": 209, "spe": 178}, "types": ["Dragon", "Fighting"]}, "Volcarona": {"name": "Volcarona", "species": "Volcarona", "speciesId": "volcarona", "gender": "F", "shiny": false, "level": 77, "moves": ["gigadrain", "fireblast", "terablast", "quiverdance"], "ability": "Flame Body", "evs": {"hp": 85, "atk": 0, "def": 85, "spa": 85, "spd": 85, "spe": 85}, "ivs": {"hp": 31, "atk": 0, "def": 31, "spa": 31, "spd": 31, "spe": 31}, "item": "Heavy-Duty Boots", "teraType": "Ground", "role": "Tera Blast user", "bvs": {"hp": 85, "atk": 60, "def": 65, "spa": 135, "spd": 105, "spe": 100}, "stats": {"hp": 257, "atk": 97, "def": 145, "spa": 252, "spd": 206, "spe": 199}, "types": ["Bug", "Fire"]}, "Mew": {"name": "Mew", "species": "Mew", "speciesId": "mew", "gender": "N", "shiny": false, "level": 82, "moves": ["psychic", "stealthrock", "knockoff", "uturn"], "ability": "Synchronize", "evs": {"hp": 85, "atk": 85, "def": 85, "spa": 85, "spd": 85, "spe": 85}, "ivs": {"hp": 31, "atk": 31, "def": 31, "spa": 31, "spd": 31, "spe": 31}, "item": "Leftovers", "teraType": "Dark", "role": "Bulky Support", "bvs": {"hp": 100, "atk": 100, "def": 100, "spa": 100, "spd": 100, "spe": 100}, "stats": {"hp": 298, "atk": 211, "def": 211, "spa": 211, "spd": 211, "spe": 211}, "types": ["Psychic"]}}]}