{"id": "gen9randombattle-2641740611", "format": "[Gen 9] Random Battle", "players": ["DododudeDM", "Arceus The Llama"], "log": "|j|\u2606DododudeDM\n|j|\u2606Arceus The Llama\n|t:|1782836326\n|gametype|singles\n|player|p1|DododudeDM|firebreather|1971\n|player|p2|Arceus The Llama|cynthia-gen4|2000\n|gen|9\n|tier|[Gen 9] Random Battle\n|rated|\n|rule|Species Clause: Limit one of each Pok\u00e9mon\n|rule|HP Percentage Mod: HP is shown in percentages\n|rule|Sleep Clause Mod: Limit one foe put to sleep\n|rule|Illusion Level Mod: Illusion disguises the Pok\u00e9mon's true level\n|\n|t:|1782836326\n|teamsize|p1|6\n|teamsize|p2|6\n|start\n|switch|p1a: Cryogonal|Cryogonal, L89|287/287\n|switch|p2a: Gholdengo|Gholdengo, L77|261/261\n|turn|1\n|inactive|Battle timer is ON: inactive players will automatically lose when time's up. (requested by Arceus The Llama)\n|inactive|DododudeDM has 120 seconds left.\n|\n|t:|1782836369\n|switch|p1a: Poliwrath|Poliwrath, L88, F|302/302\n|move|p2a: Gholdengo|Trick|p1a: Poliwrath\n|-activate|p2a: Gholdengo|move: Trick|[of] p1a: Poliwrath\n|-item|p1a: Poliwrath|Choice Scarf|[from] move: Trick\n|-item|p2a: Gholdengo|Leftovers|[from] move: Trick\n|\n|upkeep\n|turn|2\n|\n|t:|1782836380\n|switch|p2a: Arcanine|Arcanine, L84, M|288/288\n|-ability|p2a: Arcanine|Intimidate|boost\n|-unboost|p1a: Poliwrath|atk|1\n|move|p1a: Poliwrath|Liquidation|p2a: Arcanine\n|-supereffective|p2a: Arcanine\n|-damage|p2a: Arcanine|154/288\n|\n|upkeep\n|turn|3\n|\n|t:|1782836406\n|switch|p1a: Mismagius|Mismagius, L86, M|243/243\n|move|p2a: Arcanine|Will-O-Wisp|p1a: Mismagius\n|-status|p1a: Mismagius|brn\n|\n|-damage|p1a: Mismagius|228/243 brn|[from] brn\n|upkeep\n|turn|4\n|\n|t:|1782836418\n|switch|p1a: Poliwrath|Poliwrath, L88, F|302/302\n|move|p2a: Arcanine|Morning Sun|p2a: Arcanine\n|-heal|p2a: Arcanine|288/288\n|\n|upkeep\n|turn|5\n|\n|t:|1782836423\n|switch|p1a: Mismagius|Mismagius, L86, M|228/243 brn\n|move|p2a: Arcanine|Will-O-Wisp|p1a: Mismagius\n|-fail|p1a: Mismagius|brn\n|\n|-heal|p1a: Mismagius|243/243 brn|[from] item: Leftovers\n|-damage|p1a: Mismagius|228/243 brn|[from] brn\n|upkeep\n|turn|6\n|\n|t:|1782836428\n|move|p1a: Mismagius|Substitute|p1a: Mismagius\n|-start|p1a: Mismagius|Substitute\n|-damage|p1a: Mismagius|168/243 brn\n|move|p2a: Arcanine|Flare Blitz|p1a: Mismagius\n|-end|p1a: Mismagius|Substitute\n|-damage|p2a: Arcanine|268/288|[from] Recoil|[of] p1a: Mismagius\n|\n|-heal|p1a: Mismagius|183/243 brn|[from] item: Leftovers\n|-damage|p1a: Mismagius|168/243 brn|[from] brn\n|upkeep\n|turn|7\n|\n|t:|1782836438\n|switch|p1a: Iron Bundle|Iron Bundle, L78|215/215\n|move|p2a: Arcanine|Flare Blitz|p1a: Iron Bundle\n|-damage|p1a: Iron Bundle|86/215\n|-damage|p2a: Arcanine|225/288|[from] Recoil\n|\n|upkeep\n|turn|8\n|\n|t:|1782836446\n|switch|p2a: Jolteon|Jolteon, L84, M|246/246\n|move|p1a: Iron Bundle|Hydro Pump|p2a: Jolteon\n|-damage|p2a: Jolteon|123/246\n|\n|-heal|p2a: Jolteon|138/246|[from] item: Leftovers\n|upkeep\n|turn|9\n|\n|t:|1782836453\n|-end|p1a: Iron Bundle|Quark Drive|[silent]\n|switch|p1a: Cryogonal|Cryogonal, L89|287/287\n|move|p2a: Jolteon|Thunderbolt|p1a: Cryogonal\n|-damage|p1a: Cryogonal|220/287\n|\n|-heal|p2a: Jolteon|153/246|[from] item: Leftovers\n|upkeep\n|turn|10\n|\n|t:|1782836460\n|move|p2a: Jolteon|Calm Mind|p2a: Jolteon\n|-boost|p2a: Jolteon|spa|1\n|-boost|p2a: Jolteon|spd|1\n|move|p1a: Cryogonal|Freeze-Dry|p2a: Jolteon\n|-damage|p2a: Jolteon|96/246\n|\n|-heal|p2a: Jolteon|111/246|[from] item: Leftovers\n|upkeep\n|turn|11\n|\n|t:|1782836464\n|move|p2a: Jolteon|Thunderbolt|p1a: Cryogonal\n|-damage|p1a: Cryogonal|117/287\n|move|p1a: Cryogonal|Haze|p1a: Cryogonal\n|-clearallboost\n|\n|-heal|p2a: Jolteon|126/246|[from] item: Leftovers\n|upkeep\n|turn|12\n|\n|t:|1782836468\n|switch|p2a: Conkeldurr|Conkeldurr, L80, F|299/299\n|move|p1a: Cryogonal|Recover|p1a: Cryogonal\n|-heal|p1a: Cryogonal|261/287\n|\n|-status|p2a: Conkeldurr|brn|[from] item: Flame Orb\n|upkeep\n|turn|13\n|\n|t:|1782836490\n|switch|p1a: Iron Bundle|Iron Bundle, L78|86/215\n|move|p2a: Conkeldurr|Facade|p1a: Iron Bundle\n|-damage|p1a: Iron Bundle|0 fnt\n|faint|p1a: Iron Bundle\n|-end|p1a: Iron Bundle|Quark Drive|[silent]\n|\n|-damage|p2a: Conkeldurr|281/299 brn|[from] brn\n|upkeep\n|\n|t:|1782836500\n|switch|p1a: Honchkrow|Honchkrow, L86, F|312/312\n|turn|14\n|\n|t:|1782836506\n|switch|p2a: Arcanine|Arcanine, L84, M|225/288\n|-ability|p2a: Arcanine|Intimidate|boost\n|-unboost|p1a: Honchkrow|atk|1\n|move|p1a: Honchkrow|Brave Bird|p2a: Arcanine\n|-damage|p2a: Arcanine|107/288\n|-damage|p1a: Honchkrow|273/312|[from] Recoil\n|\n|upkeep\n|turn|15\n|\n|t:|1782836516\n|switch|p1a: Mismagius|Mismagius, L86, M|168/243 brn\n|move|p2a: Arcanine|Morning Sun|p2a: Arcanine\n|-heal|p2a: Arcanine|251/288\n|\n|-heal|p1a: Mismagius|183/243 brn|[from] item: Leftovers\n|-damage|p1a: Mismagius|168/243 brn|[from] brn\n|upkeep\n|turn|16\n|\n|t:|1782836520\n|move|p1a: Mismagius|Shadow Ball|p2a: Arcanine\n|-damage|p2a: Arcanine|146/288\n|-unboost|p2a: Arcanine|spd|1\n|move|p2a: Arcanine|Flare Blitz|p1a: Mismagius\n|-damage|p1a: Mismagius|0 fnt\n|faint|p1a: Mismagius\n|-damage|p2a: Arcanine|91/288|[from] Recoil\n|\n|upkeep\n|\n|t:|1782836527\n|switch|p1a: Poliwrath|Poliwrath, L88, F|302/302\n|turn|17\n|\n|t:|1782836530\n|switch|p2a: Conkeldurr|Conkeldurr, L80, F|281/299 brn\n|move|p1a: Poliwrath|Liquidation|p2a: Conkeldurr\n|-damage|p2a: Conkeldurr|181/299 brn\n|\n|-damage|p2a: Conkeldurr|163/299 brn|[from] brn\n|upkeep\n|turn|18\n|\n|t:|1782836539\n|move|p1a: Poliwrath|Liquidation|p2a: Conkeldurr\n|-damage|p2a: Conkeldurr|69/299 brn\n|move|p2a: Conkeldurr|Facade|p1a: Poliwrath\n|-damage|p1a: Poliwrath|123/302\n|\n|-damage|p2a: Conkeldurr|51/299 brn|[from] brn\n|upkeep\n|turn|19\n|\n|t:|1782836545\n|move|p2a: Conkeldurr|Mach Punch|p1a: Poliwrath\n|-damage|p1a: Poliwrath|51/302\n|move|p1a: Poliwrath|Liquidation|p2a: Conkeldurr\n|-damage|p2a: Conkeldurr|0 fnt\n|faint|p2a: Conkeldurr\n|\n|upkeep\n|\n|t:|1782836549\n|switch|p2a: Jolteon|Jolteon, L84, M|126/246\n|turn|20\n|\n|t:|1782836554\n|switch|p1a: Cryogonal|Cryogonal, L89|261/287\n|move|p2a: Jolteon|Thunderbolt|p1a: Cryogonal\n|-damage|p1a: Cryogonal|195/287\n|\n|-heal|p2a: Jolteon|141/246|[from] item: Leftovers\n|upkeep\n|turn|21\n|\n|t:|1782836559\n|switch|p2a: Arcanine|Arcanine, L84, M|91/288\n|-ability|p2a: Arcanine|Intimidate|boost\n|-unboost|p1a: Cryogonal|atk|1\n|move|p1a: Cryogonal|Freeze-Dry|p2a: Arcanine\n|-resisted|p2a: Arcanine\n|-damage|p2a: Arcanine|48/288\n|\n|upkeep\n|turn|22\n|\n|t:|1782836565\n|switch|p1a: Poliwrath|Poliwrath, L88, F|51/302\n|move|p2a: Arcanine|Morning Sun|p2a: Arcanine\n|-heal|p2a: Arcanine|192/288\n|\n|upkeep\n|turn|23\n|\n|t:|1782836574\n|-terastallize|p2a: Arcanine|Fighting\n|move|p1a: Poliwrath|Liquidation|p2a: Arcanine\n|-damage|p2a: Arcanine|81/288\n|move|p2a: Arcanine|Flare Blitz|p1a: Poliwrath\n|-resisted|p1a: Poliwrath\n|-damage|p1a: Poliwrath|0 fnt\n|faint|p1a: Poliwrath\n|-damage|p2a: Arcanine|64/288|[from] Recoil\n|\n|upkeep\n|\n|t:|1782836586\n|switch|p1a: Cryogonal|Cryogonal, L89|195/287\n|turn|24\n|\n|t:|1782836593\n|switch|p2a: Gholdengo|Gholdengo, L77|261/261\n|move|p1a: Cryogonal|Freeze-Dry|p2a: Gholdengo\n|-resisted|p2a: Gholdengo\n|-damage|p2a: Gholdengo|218/261\n|\n|-heal|p2a: Gholdengo|234/261|[from] item: Leftovers\n|upkeep\n|turn|25\n|\n|t:|1782836597\n|switch|p1a: Honchkrow|Honchkrow, L86, F|273/312\n|move|p2a: Gholdengo|Make It Rain|p1a: Honchkrow\n|-damage|p1a: Honchkrow|65/312\n|-unboost|p2a: Gholdengo|spa|1\n|\n|-heal|p2a: Gholdengo|250/261|[from] item: Leftovers\n|upkeep\n|turn|26\n|\n|t:|1782836605\n|move|p2a: Gholdengo|Make It Rain|p1a: Honchkrow\n|-damage|p1a: Honchkrow|0 fnt\n|-unboost|p2a: Gholdengo|spa|1\n|faint|p1a: Honchkrow\n|\n|-heal|p2a: Gholdengo|261/261|[from] item: Leftovers\n|upkeep\n|\n|t:|1782836608\n|switch|p1a: Smeargle|Smeargle, L95, M|258/258\n|turn|27\n|\n|t:|1782836612\n|switch|p2a: Arcanine|Arcanine, L84, M, tera:Fighting|64/288\n|-ability|p2a: Arcanine|Intimidate|boost\n|-unboost|p1a: Smeargle|atk|1\n|move|p1a: Smeargle|Shell Smash|p1a: Smeargle\n|-unboost|p1a: Smeargle|def|1\n|-unboost|p1a: Smeargle|spd|1\n|-boost|p1a: Smeargle|atk|2\n|-boost|p1a: Smeargle|spa|2\n|-boost|p1a: Smeargle|spe|2\n|\n|upkeep\n|turn|28\n|\n|t:|1782836621\n|switch|p2a: Jolteon|Jolteon, L84, M|141/246\n|move|p1a: Smeargle|Spore|p2a: Jolteon\n|-status|p2a: Jolteon|slp|[from] move: Spore\n|\n|-heal|p2a: Jolteon|156/246 slp|[from] item: Leftovers\n|upkeep\n|turn|29\n|\n|t:|1782836624\n|switch|p2a: Arcanine|Arcanine, L84, M, tera:Fighting|64/288\n|-ability|p2a: Arcanine|Intimidate|boost\n|-unboost|p1a: Smeargle|atk|1\n|move|p1a: Smeargle|Shell Smash|p1a: Smeargle\n|-unboost|p1a: Smeargle|def|1\n|-unboost|p1a: Smeargle|spd|1\n|-boost|p1a: Smeargle|atk|2\n|-boost|p1a: Smeargle|spa|2\n|-boost|p1a: Smeargle|spe|2\n|\n|upkeep\n|turn|30\n|\n|t:|1782836635\n|move|p1a: Smeargle|Power Trip|p2a: Arcanine\n|-resisted|p2a: Arcanine\n|-damage|p2a: Arcanine|0 fnt\n|faint|p2a: Arcanine\n|\n|upkeep\n|\n|t:|1782836637\n|switch|p2a: Mudsdale|Mudsdale, L83, F|302/302\n|turn|31\n|\n|t:|1782836644\n|switch|p1a: Cryogonal|Cryogonal, L89|195/287\n|move|p2a: Mudsdale|Heavy Slam|p1a: Cryogonal\n|-supereffective|p1a: Cryogonal\n|-damage|p1a: Cryogonal|0 fnt\n|faint|p1a: Cryogonal\n|\n|upkeep\n|\n|t:|1782836647\n|switch|p1a: Smeargle|Smeargle, L95, M|258/258\n|turn|32\n|c|\u2606Arceus The Llama|gg\n|\n|t:|1782836661\n|-terastallize|p1a: Smeargle|Ghost\n|move|p1a: Smeargle|Shell Smash|p1a: Smeargle\n|-unboost|p1a: Smeargle|def|1\n|-unboost|p1a: Smeargle|spd|1\n|-boost|p1a: Smeargle|atk|2\n|-boost|p1a: Smeargle|spa|2\n|-boost|p1a: Smeargle|spe|2\n|move|p2a: Mudsdale|Earthquake|p1a: Smeargle\n|-damage|p1a: Smeargle|0 fnt\n|faint|p1a: Smeargle\n|\n|win|Arceus The Llama\n|raw|DododudeDM's rating: 1971 &rarr; <strong>1953</strong><br />(-18 for losing)\n|raw|Arceus The Llama's rating: 2000 &rarr; <strong>2018</strong><br />(+18 for winning)\n", "inputlog": ">version f8ac14003a5f27e1bdc8d8c59608a773c1cb96e5\n>start {\"formatid\":\"gen9randombattle\",\"seed\":\"sodium,af753c5f93c6c5fd5cbfcfe5e084af78\",\"rated\":\"Rated battle\"}\n>player p1 {\"name\":\"DododudeDM\",\"avatar\":\"firebreather\",\"rating\":1971,\"seed\":\"sodium,67a540400400ce498e0c5d268003c858\"}\n>player p2 {\"name\":\"Arceus The Llama\",\"avatar\":\"cynthia-gen4\",\"rating\":2000,\"seed\":\"sodium,01e75340d46f8dcfcda008843952df31\"}\n>p1 switch 4\n>p2 move trick\n>p1 move liquidation\n>p2 switch 3\n>p1 switch 6\n>p2 move willowisp\n>p1 switch 6\n>p2 move morningsun\n>p1 switch 6\n>p2 move willowisp\n>p1 move substitute\n>p2 move flareblitz\n>p1 switch 3\n>p2 move flareblitz\n>p1 move hydropump\n>p2 switch 2\n>p1 switch 4\n>p2 move thunderbolt\n>p1 move freezedry\n>p2 move calmmind\n>p1 move haze\n>p2 move thunderbolt\n>p1 move recover\n>p2 switch 4\n>p1 switch 4\n>p2 move facade\n>p1 switch 5\n>p1 move bravebird\n>p2 switch 2\n>p1 switch 3\n>p2 move morningsun\n>p1 move shadowball\n>p2 move flareblitz\n>p1 switch 6\n>p1 move liquidation\n>p2 switch 2\n>p1 move liquidation\n>p2 move facade\n>p1 move liquidation\n>p2 move machpunch\n>p2 switch 4\n>p1 switch 4\n>p2 move thunderbolt\n>p1 move freezedry\n>p2 switch 2\n>p1 switch 4\n>p2 move morningsun\n>p1 move liquidation\n>p2 move flareblitz terastallize\n>p1 switch 4\n>p1 move freezedry\n>p2 switch 3\n>p1 switch 3\n>p2 move makeitrain\n>p1 move heatwave\n>p2 move makeitrain\n>p1 switch 2\n>p1 move shellsmash\n>p2 switch 3\n>p1 move spore\n>p2 switch 2\n>p1 move shellsmash\n>p2 switch 2\n>p1 move powertrip\n>p2 move flareblitz\n>p2 switch 6\n>p1 switch 3\n>p2 move heavyslam\n>p1 switch 3\n>chat \u2606Arceus The Llama|gg\n>p1 move shellsmash terastallize\n>p2 move earthquake", "uploadtime": 1782836329, "views": 6, "formatid": "gen9randombattle", "rating": 1953, "private": 0, "password": null, "player_dets": [{"name": "DododudeDM", "avatar": "firebreather", "rating": 1971, "seed": "sodium,67a540400400ce498e0c5d268003c858"}, {"name": "Arceus The Llama", "avatar": "cynthia-gen4", "rating": 2000, "seed": "sodium,01e75340d46f8dcfcda008843952df31"}], "teams_full": [{"Cryogonal": {"name": "Cryogonal", "species": "Cryogonal", "speciesId": "cryogonal", "gender": "N", "shiny": false, "level": 89, "moves": ["rapidspin", "freezedry", "haze", "recover"], "ability": "Levitate", "evs": {"hp": 85, "atk": 85, "def": 85, "spa": 85, "spd": 85, "spe": 85}, "ivs": {"hp": 31, "atk": 31, "def": 31, "spa": 31, "spd": 31, "spe": 31}, "item": "Heavy-Duty Boots", "teraType": "Poison", "role": "Bulky Support", "bvs": {"hp": 80, "atk": 50, "def": 50, "spa": 95, "spd": 135, "spe": 105}, "stats": {"hp": 287, "atk": 140, "def": 140, "spa": 220, "spd": 291, "spe": 238}, "types": ["Ice"]}, "Smeargle": {"name": "Smeargle", "species": "Smeargle", "speciesId": "smeargle", "gender": "M", "shiny": false, "level": 95, "moves": ["populationbomb", "powertrip", "spore", "shellsmash"], "ability": "Technician", "evs": {"hp": 85, "atk": 85, "def": 85, "spa": 85, "spd": 85, "spe": 85}, "ivs": {"hp": 31, "atk": 31, "def": 31, "spa": 31, "spd": 31, "spe": 31}, "item": "Wide Lens", "teraType": "Ghost", "role": "Setup Sweeper", "bvs": {"hp": 55, "atk": 20, "def": 35, "spa": 20, "spd": 45, "spe": 75}, "stats": {"hp": 258, "atk": 92, "def": 120, "spa": 92, "spd": 139, "spe": 196}, "types": ["Normal"]}, "Iron Bundle": {"name": "Iron Bundle", "species": "Iron Bundle", "speciesId": "ironbundle", "gender": "N", "shiny": false, "level": 78, "moves": ["hydropump", "freezedry", "encore", "icebeam"], "ability": "Quark Drive", "evs": {"hp": 85, "atk": 0, "def": 85, "spa": 85, "spd": 85, "spe": 85}, "ivs": {"hp": 31, "atk": 0, "def": 31, "spa": 31, "spd": 31, "spe": 31}, "item": "Heavy-Duty Boots", "teraType": "Ice", "role": "Fast Attacker", "bvs": {"hp": 56, "atk": 80, "def": 114, "spa": 124, "spd": 60, "spe": 136}, "stats": {"hp": 215, "atk": 129, "def": 223, "spa": 239, "spd": 139, "spe": 257}, "types": ["Ice", "Water"]}, "Poliwrath": {"name": "Poliwrath", "species": "Poliwrath", "speciesId": "poliwrath", "gender": "F", "shiny": false, "level": 88, "moves": ["icepunch", "liquidation", "drainpunch", "bulkup"], "ability": "Water Absorb", "evs": {"hp": 85, "atk": 85, "def": 85, "spa": 85, "spd": 85, "spe": 85}, "ivs": {"hp": 31, "atk": 31, "def": 31, "spa": 31, "spd": 31, "spe": 31}, "item": "Leftovers", "teraType": "Fighting", "role": "Bulky Setup", "bvs": {"hp": 90, "atk": 95, "def": 95, "spa": 70, "spd": 90, "spe": 70}, "stats": {"hp": 302, "atk": 217, "def": 217, "spa": 173, "spd": 209, "spe": 173}, "types": ["Water", "Fighting"]}, "Honchkrow": {"name": "Honchkrow", "species": "Honchkrow", "speciesId": "honchkrow", "gender": "F", "shiny": false, "level": 86, "moves": ["suckerpunch", "uturn", "heatwave", "bravebird"], "ability": "Moxie", "evs": {"hp": 85, "atk": 85, "def": 85, "spa": 85, "spd": 85, "spe": 85}, "ivs": {"hp": 31, "atk": 31, "def": 31, "spa": 31, "spd": 31, "spe": 31}, "item": "Heavy-Duty Boots", "teraType": "Dark", "role": "Fast Attacker", "bvs": {"hp": 100, "atk": 125, "def": 52, "spa": 105, "spd": 52, "spe": 71}, "stats": {"hp": 312, "atk": 264, "def": 139, "spa": 230, "spd": 139, "spe": 171}, "types": ["Dark", "Flying"]}, "Mismagius": {"name": "Mismagius", "species": "Mismagius", "speciesId": "mismagius", "gender": "M", "shiny": false, "level": 86, "moves": ["shadowball", "nastyplot", "substitute", "terablast"], "ability": "Levitate", "evs": {"hp": 85, "atk": 0, "def": 85, "spa": 85, "spd": 85, "spe": 85}, "ivs": {"hp": 31, "atk": 0, "def": 31, "spa": 31, "spd": 31, "spe": 31}, "item": "Leftovers", "teraType": "Fighting", "role": "Tera Blast user", "bvs": {"hp": 60, "atk": 60, "def": 60, "spa": 105, "spd": 105, "spe": 105}, "stats": {"hp": 243, "atk": 108, "def": 152, "spa": 230, "spd": 230, "spe": 230}, "types": ["Ghost"]}}, {"Gholdengo": {"name": "Gholdengo", "species": "Gholdengo", "speciesId": "gholdengo", "gender": "N", "shiny": false, "level": 77, "moves": ["shadowball", "trick", "focusblast", "makeitrain"], "ability": "Good as Gold", "evs": {"hp": 85, "atk": 0, "def": 85, "spa": 85, "spd": 85, "spe": 85}, "ivs": {"hp": 31, "atk": 0, "def": 31, "spa": 31, "spd": 31, "spe": 31}, "item": "Choice Scarf", "teraType": "Ghost", "role": "Bulky Attacker", "bvs": {"hp": 87, "atk": 60, "def": 95, "spa": 133, "spd": 91, "spe": 84}, "stats": {"hp": 261, "atk": 97, "def": 191, "spa": 249, "spd": 185, "spe": 174}, "types": ["Steel", "Ghost"]}, "Jolteon": {"name": "Jolteon", "species": "Jolteon", "speciesId": "jolteon", "gender": "M", "shiny": false, "level": 84, "moves": ["calmmind", "thunderbolt", "terablast", "substitute"], "ability": "Volt Absorb", "evs": {"hp": 85, "atk": 0, "def": 85, "spa": 85, "spd": 85, "spe": 85}, "ivs": {"hp": 31, "atk": 0, "def": 31, "spa": 31, "spd": 31, "spe": 31}, "item": "Leftovers", "teraType": "Ice", "role": "Tera Blast user", "bvs": {"hp": 65, "atk": 65, "def": 60, "spa": 110, "spd": 95, "spe": 130}, "stats": {"hp": 246, "atk": 114, "def": 149, "spa": 233, "spd": 208, "spe": 267}, "types": ["Electric"]}, "Arcanine": {"name": "Arcanine", "species": "Arcanine", "speciesId": "arcanine", "gender": "M", "shiny": false, "level": 84, "moves": ["willowisp", "morningsun", "closecombat", "flareblitz"], "ability": "Intimidate", "evs": {"hp": 85, "atk": 85, "def": 85, "spa": 85, "spd": 85, "spe": 85}, "ivs": {"hp": 31, "atk": 31, "def": 31, "spa": 31, "spd": 31, "spe": 31}, "item": "Heavy-Duty Boots", "teraType": "Fighting", "role": "Bulky Attacker", "bvs": {"hp": 90, "atk": 110, "def": 80, "spa": 100, "spd": 80, "spe": 95}, "stats": {"hp": 288, "atk": 233, "def": 183, "spa": 216, "spd": 183, "spe": 208}, "types": ["Fire"]}, "Conkeldurr": {"name": "Conkeldurr", "species": "Conkeldurr", "speciesId": "conkeldurr", "gender": "F", "shiny": false, "level": 80, "moves": ["knockoff", "facade", "closecombat", "machpunch"], "ability": "Guts", "evs": {"hp": 85, "atk": 85, "def": 85, "spa": 85, "spd": 85, "spe": 85}, "ivs": {"hp": 31, "atk": 31, "def": 31, "spa": 31, "spd": 31, "spe": 31}, "item": "Flame Orb", "teraType": "Normal", "role": "Wallbreaker", "bvs": {"hp": 105, "atk": 140, "def": 95, "spa": 55, "spd": 65, "spe": 45}, "stats": {"hp": 299, "atk": 270, "def": 198, "spa": 134, "spd": 150, "spe": 118}, "types": ["Fighting"]}, "Iron Jugulis": {"name": "Iron Jugulis", "species": "Iron Jugulis", "speciesId": "ironjugulis", "gender": "N", "shiny": false, "level": 77, "moves": ["darkpulse", "earthpower", "hurricane", "fireblast"], "ability": "Quark Drive", "evs": {"hp": 85, "atk": 0, "def": 85, "spa": 85, "spd": 85, "spe": 85}, "ivs": {"hp": 31, "atk": 0, "def": 31, "spa": 31, "spd": 31, "spe": 31}, "item": "Choice Specs", "teraType": "Flying", "role": "Wallbreaker", "bvs": {"hp": 94, "atk": 80, "def": 86, "spa": 122, "spd": 80, "spe": 108}, "stats": {"hp": 271, "atk": 128, "def": 177, "spa": 232, "spd": 168, "spe": 211}, "types": ["Dark", "Flying"]}, "Mudsdale": {"name": "Mudsdale", "species": "Mudsdale", "speciesId": "mudsdale", "gender": "F", "shiny": false, "level": 83, "moves": ["heavyslam", "earthquake", "roar", "stealthrock"], "ability": "Stamina", "evs": {"hp": 85, "atk": 85, "def": 85, "spa": 85, "spd": 85, "spe": 85}, "ivs": {"hp": 31, "atk": 31, "def": 31, "spa": 31, "spd": 31, "spe": 31}, "item": "Leftovers", "teraType": "Steel", "role": "Bulky Attacker", "bvs": {"hp": 100, "atk": 125, "def": 100, "spa": 55, "spd": 85, "spe": 35}, "stats": {"hp": 302, "atk": 255, "def": 214, "spa": 139, "spd": 189, "spe": 106}, "types": ["Ground"]}}]}