{"id": "gen9randombattle-2641413839", "format": "[Gen 9] Random Battle", "players": ["dra15", "notmetbh102"], "log": "|badge|p1|bronze|gen9randombattle|100-9\n|html|<div class=\"broadcast-red\"><strong>This battle is required to be public due to one or more player having a season medal.</strong><br />During the public phase, you can discuss the state of the ladder <a href=\"/seasondiscussion\">in a special chatroom.</a></div>\n|uhtml|medal-msg|<div class=\"broadcast-blue\">Curious what those medals under the avatar are? PS now has Ladder Seasons! For more information, check out the <a href=\"https://www.smogon.com/forums/threads/3740067/\">thread on Smogon.</a></div>\n|raw|<div class=\"broadcast-blue\"><strong>This battle is required to be public due to a player having a name starting with 'medal'.</div>\n|j|\u2606dra15\n|j|\u2606notmetbh102\n|t:|1782781120\n|gametype|singles\n|player|p1|dra15|169|2336\n|player|p2|notmetbh102|2|2276\n|gen|9\n|tier|[Gen 9] Random Battle\n|rated|\n|rule|Species Clause: Limit one of each Pok\u00e9mon\n|rule|HP Percentage Mod: HP is shown in percentages\n|rule|Sleep Clause Mod: Limit one foe put to sleep\n|rule|Illusion Level Mod: Illusion disguises the Pok\u00e9mon's true level\n|\n|t:|1782781120\n|teamsize|p1|6\n|teamsize|p2|6\n|start\n|switch|p1a: Chesnaught|Chesnaught, L84, F|285/285\n|switch|p2a: Raging Bolt|Raging Bolt, L78|323/323\n|turn|1\n|inactive|Battle timer is ON: inactive players will automatically lose when time's up. (requested by notmetbh102)\n|c|\u2606notmetbh102|hf\n|\n|t:|1782781128\n|-end|p2a: Raging Bolt|Protosynthesis|[silent]\n|switch|p2a: Leavanny|Leavanny, L86, F|269/269\n|move|p1a: Chesnaught|Spikes|p2a: Leavanny\n|-sidestart|p2: notmetbh102|Spikes\n|\n|upkeep\n|turn|2\n|\n|t:|1782781131\n|switch|p1a: Magcargo|Magcargo, L95, F|268/268\n|move|p2a: Leavanny|Sticky Web|p1a: Magcargo\n|-sidestart|p1: dra15|move: Sticky Web\n|\n|upkeep\n|turn|3\n|\n|t:|1782781136\n|switch|p2a: Clawitzer|Clawitzer, L87, F|265/265\n|-damage|p2a: Clawitzer|232/265|[from] Spikes\n|move|p1a: Magcargo|Shell Smash|p1a: Magcargo\n|-unboost|p1a: Magcargo|def|1\n|-unboost|p1a: Magcargo|spd|1\n|-boost|p1a: Magcargo|atk|2\n|-boost|p1a: Magcargo|spa|2\n|-boost|p1a: Magcargo|spe|2\n|\n|upkeep\n|turn|4\n|\n|t:|1782781139\n|switch|p1a: Milotic|Milotic, L83, F|293/293\n|-activate|p1a: Milotic|move: Sticky Web\n|-unboost|p1a: Milotic|spe|1\n|-ability|p1a: Milotic|Competitive|boost\n|-boost|p1a: Milotic|spa|2\n|move|p2a: Clawitzer|Aura Sphere|p1a: Milotic\n|-damage|p1a: Milotic|170/293\n|\n|-heal|p1a: Milotic|188/293|[from] item: Leftovers\n|upkeep\n|turn|5\n|j| Fay4\n|\n|t:|1782781150\n|move|p2a: Clawitzer|Aura Sphere|p1a: Milotic\n|-damage|p1a: Milotic|63/293\n|move|p1a: Milotic|Recover|p1a: Milotic\n|-heal|p1a: Milotic|210/293\n|\n|-heal|p1a: Milotic|228/293|[from] item: Leftovers\n|upkeep\n|turn|6\n|\n|t:|1782781158\n|move|p2a: Clawitzer|Aura Sphere|p1a: Milotic\n|-damage|p1a: Milotic|95/293\n|move|p1a: Milotic|Scald|p2a: Clawitzer\n|-resisted|p2a: Clawitzer\n|-damage|p2a: Clawitzer|148/265\n|\n|-heal|p1a: Milotic|113/293|[from] item: Leftovers\n|upkeep\n|turn|7\n|\n|t:|1782781164\n|switch|p1a: Eternatus|Eternatus, L69|308/308\n|-activate|p1a: Eternatus|move: Sticky Web\n|-unboost|p1a: Eternatus|spe|1\n|-ability|p1a: Eternatus|Pressure\n|move|p2a: Clawitzer|Aura Sphere|p1a: Eternatus\n|-resisted|p1a: Eternatus\n|-damage|p1a: Eternatus|221/308\n|\n|upkeep\n|turn|8\n|\n|t:|1782781169\n|move|p2a: Clawitzer|Aura Sphere|p1a: Eternatus\n|-resisted|p1a: Eternatus\n|-damage|p1a: Eternatus|122/308\n|move|p1a: Eternatus|Sludge Bomb|p2a: Clawitzer\n|-damage|p2a: Clawitzer|63/265\n|\n|upkeep\n|turn|9\n|\n|t:|1782781172\n|move|p2a: Clawitzer|Aura Sphere|p1a: Eternatus\n|-resisted|p1a: Eternatus\n|-damage|p1a: Eternatus|24/308\n|move|p1a: Eternatus|Sludge Bomb|p2a: Clawitzer\n|-damage|p2a: Clawitzer|0 fnt\n|faint|p2a: Clawitzer\n|\n|upkeep\n|\n|t:|1782781173\n|switch|p2a: Iron Thorns|Iron Thorns, L83|302/302\n|-damage|p2a: Iron Thorns|265/302|[from] Spikes\n|-enditem|p2a: Iron Thorns|Booster Energy\n|-activate|p2a: Iron Thorns|ability: Quark Drive|[fromitem]\n|-start|p2a: Iron Thorns|quarkdriveatk\n|turn|10\n|\n|t:|1782781193\n|move|p2a: Iron Thorns|Dragon Dance|p2a: Iron Thorns\n|-boost|p2a: Iron Thorns|atk|1\n|-boost|p2a: Iron Thorns|spe|1\n|move|p1a: Eternatus|Meteor Beam||[still]\n|-prepare|p1a: Eternatus|Meteor Beam\n|-boost|p1a: Eternatus|spa|1\n|-enditem|p1a: Eternatus|Power Herb\n|-anim|p1a: Eternatus|Meteor Beam|p2a: Iron Thorns\n|-damage|p2a: Iron Thorns|139/302\n|\n|upkeep\n|turn|11\n|\n|t:|1782781197\n|move|p2a: Iron Thorns|Wild Charge|p1a: Eternatus\n|-resisted|p1a: Eternatus\n|-damage|p1a: Eternatus|0 fnt\n|faint|p1a: Eternatus\n|-damage|p2a: Iron Thorns|133/302|[from] Recoil\n|\n|upkeep\n|\n|t:|1782781198\n|switch|p1a: Chesnaught|Chesnaught, L84, F|285/285\n|-activate|p1a: Chesnaught|move: Sticky Web\n|-unboost|p1a: Chesnaught|spe|1\n|turn|12\n|\n|t:|1782781200\n|-end|p2a: Iron Thorns|Quark Drive|[silent]\n|switch|p2a: Leavanny|Leavanny, L86, F|269/269\n|move|p1a: Chesnaught|Body Press|p2a: Leavanny\n|-resisted|p2a: Leavanny\n|-damage|p2a: Leavanny|212/269\n|\n|upkeep\n|turn|13\n|l| Fay4\n|\n|t:|1782781210\n|switch|p1a: Magcargo|Magcargo, L95, F|268/268\n|move|p2a: Leavanny|Knock Off|p1a: Magcargo\n|-damage|p1a: Magcargo|216/268\n|-ability|p1a: Magcargo|Weak Armor|boost\n|-unboost|p1a: Magcargo|def|1\n|-boost|p1a: Magcargo|spe|2\n|-enditem|p1a: Magcargo|Heavy-Duty Boots|[from] move: Knock Off|[of] p2a: Leavanny\n|\n|upkeep\n|turn|14\n|\n|t:|1782781218\n|switch|p2a: Raging Bolt|Raging Bolt, L78|323/323\n|-damage|p2a: Raging Bolt|283/323|[from] Spikes\n|move|p1a: Magcargo|Power Gem|p2a: Raging Bolt\n|-damage|p2a: Raging Bolt|205/323\n|\n|upkeep\n|turn|15\n|\n|t:|1782781226\n|switch|p1a: Jolteon|Jolteon, L84, M|246/246\n|-activate|p1a: Jolteon|move: Sticky Web\n|-unboost|p1a: Jolteon|spe|1\n|move|p2a: Raging Bolt|Volt Switch|p1a: Jolteon\n|-immune|p1a: Jolteon|[from] ability: Volt Absorb\n|\n|upkeep\n|turn|16\n|\n|t:|1782781230\n|-end|p2a: Raging Bolt|Protosynthesis|[silent]\n|switch|p2a: Glalie|Glalie, L96, M|309/309\n|move|p1a: Jolteon|Alluring Voice|p2a: Glalie\n|-damage|p2a: Glalie|223/309\n|\n|upkeep\n|turn|17\n|\n|t:|1782781248\n|-terastallize|p1a: Jolteon|Fairy\n|move|p2a: Glalie|Earthquake|p1a: Jolteon\n|-crit|p1a: Jolteon\n|-damage|p1a: Jolteon|96/246\n|move|p1a: Jolteon|Alluring Voice|p2a: Glalie\n|-damage|p2a: Glalie|90/309\n|\n|upkeep\n|turn|18\n|\n|t:|1782781265\n|switch|p1a: Milotic|Milotic, L83, F|113/293\n|-activate|p1a: Milotic|move: Sticky Web\n|-unboost|p1a: Milotic|spe|1\n|-ability|p1a: Milotic|Competitive|boost\n|-boost|p1a: Milotic|spa|2\n|move|p2a: Glalie|Earthquake|p1a: Milotic\n|-damage|p1a: Milotic|30/293\n|\n|-heal|p1a: Milotic|48/293|[from] item: Leftovers\n|upkeep\n|turn|19\n|\n|t:|1782781269\n|move|p2a: Glalie|Freeze-Dry|p1a: Milotic\n|-supereffective|p1a: Milotic\n|-damage|p1a: Milotic|0 fnt\n|faint|p1a: Milotic\n|\n|upkeep\n|\n|t:|1782781270\n|switch|p1a: Chesnaught|Chesnaught, L84, F|285/285\n|-activate|p1a: Chesnaught|move: Sticky Web\n|-unboost|p1a: Chesnaught|spe|1\n|turn|20\n|\n|t:|1782781272\n|move|p2a: Glalie|Freeze-Dry|p1a: Chesnaught\n|-supereffective|p1a: Chesnaught\n|-damage|p1a: Chesnaught|85/285\n|move|p1a: Chesnaught|Wood Hammer|p2a: Glalie\n|-damage|p2a: Glalie|0 fnt\n|faint|p2a: Glalie\n|-damage|p1a: Chesnaught|55/285|[from] Recoil\n|\n|-heal|p1a: Chesnaught|72/285|[from] item: Leftovers\n|upkeep\n|\n|t:|1782781272\n|switch|p2a: Avalugg|Avalugg, L88, M|310/310\n|turn|21\n|\n|t:|1782781281\n|switch|p1a: Magcargo|Magcargo, L95, F|216/268\n|-activate|p1a: Magcargo|move: Sticky Web\n|-unboost|p1a: Magcargo|spe|1\n|move|p2a: Avalugg|Rapid Spin|p1a: Magcargo\n|-resisted|p1a: Magcargo\n|-damage|p1a: Magcargo|199/268\n|-boost|p2a: Avalugg|spe|1\n|-ability|p1a: Magcargo|Weak Armor|boost\n|-unboost|p1a: Magcargo|def|1\n|-boost|p1a: Magcargo|spe|2\n|-sideend|p2: notmetbh102|Spikes|[from] move: Rapid Spin|[of] p2a: Avalugg\n|\n|upkeep\n|turn|22\n|\n|t:|1782781286\n|switch|p1a: Exeggutor|Exeggutor-Alola, L89, F|314/314\n|-activate|p1a: Exeggutor|move: Sticky Web\n|-unboost|p1a: Exeggutor|spe|1\n|-item|p2a: Avalugg|Heavy-Duty Boots|[from] ability: Frisk|[of] p1a: Exeggutor\n|switch|p2a: Iron Thorns|Iron Thorns, L83|133/302\n|\n|upkeep\n|turn|23\n|\n|t:|1782781292\n|-end|p2a: Iron Thorns|Quark Drive|[silent]\n|switch|p2a: Raging Bolt|Raging Bolt, L78|205/323\n|move|p1a: Exeggutor|Draco Meteor|p2a: Raging Bolt\n|-supereffective|p2a: Raging Bolt\n|-damage|p2a: Raging Bolt|0 fnt\n|-unboost|p1a: Exeggutor|spa|2\n|faint|p2a: Raging Bolt\n|-end|p2a: Raging Bolt|Protosynthesis|[silent]\n|\n|upkeep\n|\n|t:|1782781292\n|switch|p2a: Leavanny|Leavanny, L86, F|212/269\n|turn|24\n|\n|t:|1782781298\n|switch|p2a: Iron Thorns|Iron Thorns, L83|133/302\n|switch|p1a: Magcargo|Magcargo, L95, F|199/268\n|-activate|p1a: Magcargo|move: Sticky Web\n|-unboost|p1a: Magcargo|spe|1\n|\n|upkeep\n|turn|25\n|\n|t:|1782781302\n|switch|p1a: Exeggutor|Exeggutor-Alola, L89, F|314/314\n|-activate|p1a: Exeggutor|move: Sticky Web\n|-unboost|p1a: Exeggutor|spe|1\n|move|p2a: Iron Thorns|Stone Edge|p1a: Exeggutor\n|-damage|p1a: Exeggutor|193/314\n|\n|upkeep\n|turn|26\n|\n|t:|1782781306\n|move|p2a: Iron Thorns|Stone Edge|p1a: Exeggutor\n|-damage|p1a: Exeggutor|67/314\n|move|p1a: Exeggutor|Draco Meteor|p2a: Iron Thorns\n|-damage|p2a: Iron Thorns|0 fnt\n|-unboost|p1a: Exeggutor|spa|2\n|faint|p2a: Iron Thorns\n|-end|p2a: Iron Thorns|Quark Drive|[silent]\n|\n|upkeep\n|\n|t:|1782781306\n|switch|p2a: Avalugg|Avalugg, L88, M|310/310\n|turn|27\n|\n|t:|1782781320\n|move|p2a: Avalugg|Rapid Spin|p1a: Exeggutor\n|-crit|p1a: Exeggutor\n|-damage|p1a: Exeggutor|3/314\n|-boost|p2a: Avalugg|spe|1\n|move|p1a: Exeggutor|Draco Meteor|p2a: Avalugg\n|-damage|p2a: Avalugg|91/310\n|-unboost|p1a: Exeggutor|spa|2\n|\n|upkeep\n|turn|28\n|\n|t:|1782781323\n|move|p2a: Avalugg|Rapid Spin|p1a: Exeggutor\n|-damage|p1a: Exeggutor|0 fnt\n|-boost|p2a: Avalugg|spe|1\n|faint|p1a: Exeggutor\n|\n|upkeep\n|\n|t:|1782781330\n|switch|p1a: Magcargo|Magcargo, L95, F|199/268\n|-activate|p1a: Magcargo|move: Sticky Web\n|-unboost|p1a: Magcargo|spe|1\n|turn|29\n|\n|t:|1782781335\n|-terastallize|p2a: Avalugg|Fighting\n|move|p2a: Avalugg|Body Press|p1a: Magcargo\n|-supereffective|p1a: Magcargo\n|-damage|p1a: Magcargo|0 fnt\n|faint|p1a: Magcargo\n|\n|upkeep\n|\n|t:|1782781337\n|switch|p1a: Jolteon|Jolteon, L84, M, tera:Fairy|96/246\n|-activate|p1a: Jolteon|move: Sticky Web\n|-unboost|p1a: Jolteon|spe|1\n|turn|30\n|\n|t:|1782781340\n|move|p2a: Avalugg|Body Press|p1a: Jolteon\n|-resisted|p1a: Jolteon\n|-damage|p1a: Jolteon|0 fnt\n|faint|p1a: Jolteon\n|\n|upkeep\n|\n|t:|1782781341\n|switch|p1a: Chesnaught|Chesnaught, L84, F|72/285\n|-activate|p1a: Chesnaught|move: Sticky Web\n|-unboost|p1a: Chesnaught|spe|1\n|turn|31\n|\n|t:|1782781346\n|move|p1a: Chesnaught|Synthesis|p1a: Chesnaught\n|-heal|p1a: Chesnaught|214/285\n|move|p2a: Avalugg|Avalanche|p1a: Chesnaught\n|-supereffective|p1a: Chesnaught\n|-damage|p1a: Chesnaught|92/285\n|\n|-heal|p1a: Chesnaught|109/285|[from] item: Leftovers\n|upkeep\n|turn|32\n|\n|t:|1782781348\n|move|p2a: Avalugg|Body Press|p1a: Chesnaught\n|-damage|p1a: Chesnaught|0 fnt\n|faint|p1a: Chesnaught\n|\n|win|notmetbh102\n|raw|dra15's rating: 2336 &rarr; <strong>2313</strong><br />(-23 for losing)\n|raw|notmetbh102's rating: 2276 &rarr; <strong>2299</strong><br />(+23 for winning)\n|c|\u2606notmetbh102|gg\n", "inputlog": ">version f8ac14003a5f27e1bdc8d8c59608a773c1cb96e5\n>start {\"formatid\":\"gen9randombattle\",\"seed\":\"sodium,416863ee0e5196ff8394f2294fff06e3\",\"rated\":\"Rated battle\"}\n>player p1 {\"name\":\"dra15\",\"avatar\":\"169\",\"rating\":2336,\"seed\":\"sodium,a80531cc2e3e8ca39ea98a81f7afa130\"}\n>player p2 {\"name\":\"notmetbh102\",\"avatar\":\"2\",\"rating\":2276,\"seed\":\"sodium,f1f05a8c20b0ee15dc3d595c1fd50a2a\"}\n>chat \u2606notmetbh102|hf\n>p1 move spikes\n>p2 switch 6\n>p1 switch 2\n>p2 move stickyweb\n>p1 move shellsmash\n>p2 switch 3\n>p1 switch 5\n>p2 move aurasphere\n>p1 move recover\n>p2 move aurasphere\n>p1 move scald\n>p2 move aurasphere\n>p1 switch 3\n>p2 move aurasphere\n>p1 move sludgebomb\n>p2 move aurasphere\n>p1 move sludgebomb\n>p2 move aurasphere\n>p2 switch 5\n>p1 move meteorbeam\n>p2 move dragondance\n>p1 move dynamaxcannon\n>p2 move wildcharge\n>p1 switch 2\n>p1 move bodypress\n>p2 switch 3\n>p1 switch 5\n>p2 move knockoff\n>p1 move powergem\n>p2 switch 6\n>p1 switch 6\n>p2 move voltswitch\n>p1 move alluringvoice\n>p2 switch 4\n>p1 move alluringvoice terastallize\n>p2 move earthquake\n>p1 switch 3\n>p2 move earthquake\n>p1 move scald\n>p2 move freezedry\n>p1 switch 5\n>p1 move woodhammer\n>p2 move freezedry\n>p2 switch 2\n>p1 switch 6\n>p2 move rapidspin\n>p1 switch 4\n>p2 switch 3\n>p1 move dracometeor\n>p2 switch 4\n>p2 switch 6\n>p1 switch 4\n>p2 switch 4\n>p1 switch 4\n>p2 move stoneedge\n>p1 move dracometeor\n>p2 move stoneedge\n>p2 switch 3\n>p1 move dracometeor\n>p2 move rapidspin\n>p1 move dracometeor\n>p2 move rapidspin\n>p1 switch 4\n>p1 move fireblast\n>p2 move bodypress terastallize\n>p1 switch 3\n>p1 move alluringvoice\n>p2 move bodypress\n>p1 switch 6\n>p1 move synthesis\n>p2 move avalanche\n>p1 move synthesis\n>p2 move bodypress", "uploadtime": 1782781122, "views": 4, "formatid": "gen9randombattle", "rating": 2299, "private": 0, "password": null, "player_dets": [{"name": "dra15", "avatar": "169", "rating": 2336, "seed": "sodium,a80531cc2e3e8ca39ea98a81f7afa130"}, {"name": "notmetbh102", "avatar": "2", "rating": 2276, "seed": "sodium,f1f05a8c20b0ee15dc3d595c1fd50a2a"}], "teams_full": [{"Chesnaught": {"name": "Chesnaught", "species": "Chesnaught", "speciesId": "chesnaught", "gender": "F", "shiny": false, "level": 84, "moves": ["bodypress", "spikes", "woodhammer", "synthesis"], "ability": "Bulletproof", "evs": {"hp": 85, "atk": 85, "def": 85, "spa": 85, "spd": 85, "spe": 85}, "ivs": {"hp": 31, "atk": 31, "def": 31, "spa": 31, "spd": 31, "spe": 31}, "item": "Leftovers", "teraType": "Steel", "role": "Bulky Support", "bvs": {"hp": 88, "atk": 107, "def": 122, "spa": 74, "spd": 75, "spe": 64}, "stats": {"hp": 285, "atk": 228, "def": 253, "spa": 173, "spd": 174, "spe": 156}, "types": ["Grass", "Fighting"]}, "Magcargo": {"name": "Magcargo", "species": "Magcargo", "speciesId": "magcargo", "gender": "F", "shiny": false, "level": 95, "moves": ["fireblast", "shellsmash", "earthpower", "powergem"], "ability": "Weak Armor", "evs": {"hp": 85, "atk": 0, "def": 85, "spa": 85, "spd": 85, "spe": 85}, "ivs": {"hp": 31, "atk": 0, "def": 31, "spa": 31, "spd": 31, "spe": 31}, "item": "Heavy-Duty Boots", "teraType": "Grass", "role": "Setup Sweeper", "bvs": {"hp": 60, "atk": 50, "def": 120, "spa": 90, "spd": 80, "spe": 30}, "stats": {"hp": 268, "atk": 100, "def": 282, "spa": 225, "spd": 206, "spe": 111}, "types": ["Fire", "Rock"]}, "Eternatus": {"name": "Eternatus", "species": "Eternatus", "speciesId": "eternatus", "gender": "N", "shiny": false, "level": 69, "moves": ["dynamaxcannon", "fireblast", "meteorbeam", "sludgebomb"], "ability": "Pressure", "evs": {"hp": 85, "atk": 0, "def": 85, "spa": 85, "spd": 85, "spe": 85}, "ivs": {"hp": 31, "atk": 0, "def": 31, "spa": 31, "spd": 31, "spe": 31}, "item": "Power Herb", "teraType": "Dragon", "role": "Setup Sweeper", "bvs": {"hp": 140, "atk": 85, "def": 95, "spa": 145, "spd": 95, "spe": 130}, "stats": {"hp": 308, "atk": 122, "def": 171, "spa": 240, "spd": 171, "spe": 220}, "types": ["Poison", "Dragon"]}, "Exeggutor": {"name": "Exeggutor", "species": "Exeggutor-Alola", "speciesId": "exeggutoralola", "gender": "F", "shiny": false, "level": 89, "moves": ["gigadrain", "leafstorm", "dracometeor", "flamethrower"], "ability": "Frisk", "evs": {"hp": 85, "atk": 0, "def": 85, "spa": 85, "spd": 85, "spe": 85}, "ivs": {"hp": 31, "atk": 0, "def": 31, "spa": 31, "spd": 31, "spe": 31}, "item": "Choice Specs", "teraType": "Fire", "role": "Wallbreaker", "bvs": {"hp": 95, "atk": 105, "def": 85, "spa": 125, "spd": 75, "spe": 45}, "stats": {"hp": 314, "atk": 191, "def": 202, "spa": 273, "spd": 184, "spe": 131}, "types": ["Grass", "Dragon"]}, "Milotic": {"name": "Milotic", "species": "Milotic", "speciesId": "milotic", "gender": "F", "shiny": false, "level": 83, "moves": ["scald", "dragontail", "icebeam", "recover"], "ability": "Competitive", "evs": {"hp": 85, "atk": 85, "def": 85, "spa": 85, "spd": 85, "spe": 85}, "ivs": {"hp": 31, "atk": 31, "def": 31, "spa": 31, "spd": 31, "spe": 31}, "item": "Leftovers", "teraType": "Steel", "role": "Bulky Attacker", "bvs": {"hp": 95, "atk": 60, "def": 79, "spa": 100, "spd": 125, "spe": 81}, "stats": {"hp": 293, "atk": 147, "def": 179, "spa": 214, "spd": 255, "spe": 182}, "types": ["Water"]}, "Jolteon": {"name": "Jolteon", "species": "Jolteon", "speciesId": "jolteon", "gender": "M", "shiny": false, "level": 84, "moves": ["shadowball", "voltswitch", "thunderbolt", "alluringvoice"], "ability": "Volt Absorb", "evs": {"hp": 85, "atk": 0, "def": 85, "spa": 85, "spd": 85, "spe": 85}, "ivs": {"hp": 31, "atk": 0, "def": 31, "spa": 31, "spd": 31, "spe": 31}, "item": "Choice Specs", "teraType": "Fairy", "role": "Fast Attacker", "bvs": {"hp": 65, "atk": 65, "def": 60, "spa": 110, "spd": 95, "spe": 130}, "stats": {"hp": 246, "atk": 114, "def": 149, "spa": 233, "spd": 208, "spe": 267}, "types": ["Electric"]}}, {"Raging Bolt": {"name": "Raging Bolt", "species": "Raging Bolt", "speciesId": "ragingbolt", "gender": "N", "shiny": false, "level": 78, "moves": ["thunderclap", "dracometeor", "voltswitch", "discharge"], "ability": "Protosynthesis", "evs": {"hp": 85, "atk": 0, "def": 85, "spa": 85, "spd": 85, "spe": 85}, "ivs": {"hp": 31, "atk": 0, "def": 31, "spa": 31, "spd": 31, "spe": 31}, "item": "Assault Vest", "teraType": "Electric", "role": "AV Pivot", "bvs": {"hp": 125, "atk": 73, "def": 91, "spa": 137, "spd": 89, "spe": 75}, "stats": {"hp": 323, "atk": 118, "def": 187, "spa": 259, "spd": 184, "spe": 162}, "types": ["Electric", "Dragon"]}, "Avalugg": {"name": "Avalugg", "species": "Avalugg", "speciesId": "avalugg", "gender": "M", "shiny": false, "level": 88, "moves": ["avalanche", "recover", "bodypress", "rapidspin"], "ability": "Sturdy", "evs": {"hp": 85, "atk": 85, "def": 85, "spa": 85, "spd": 85, "spe": 85}, "ivs": {"hp": 31, "atk": 31, "def": 31, "spa": 31, "spd": 31, "spe": 31}, "item": "Heavy-Duty Boots", "teraType": "Fighting", "role": "Bulky Support", "bvs": {"hp": 95, "atk": 117, "def": 184, "spa": 44, "spd": 46, "spe": 28}, "stats": {"hp": 310, "atk": 256, "def": 374, "spa": 128, "spd": 131, "spe": 100}, "types": ["Ice"]}, "Clawitzer": {"name": "Clawitzer", "species": "Clawitzer", "speciesId": "clawitzer", "gender": "F", "shiny": false, "level": 87, "moves": ["uturn", "waterpulse", "aurasphere", "dragonpulse"], "ability": "Mega Launcher", "evs": {"hp": 85, "atk": 85, "def": 85, "spa": 85, "spd": 85, "spe": 85}, "ivs": {"hp": 31, "atk": 31, "def": 31, "spa": 31, "spd": 31, "spe": 31}, "item": "Choice Specs", "teraType": "Fighting", "role": "Wallbreaker", "bvs": {"hp": 71, "atk": 73, "def": 88, "spa": 120, "spd": 89, "spe": 59}, "stats": {"hp": 265, "atk": 177, "def": 203, "spa": 259, "spd": 205, "spe": 152}, "types": ["Water"]}, "Glalie": {"name": "Glalie", "species": "Glalie", "speciesId": "glalie", "gender": "M", "shiny": false, "level": 96, "moves": ["earthquake", "freezedry", "taunt", "spikes"], "ability": "Inner Focus", "evs": {"hp": 85, "atk": 85, "def": 85, "spa": 85, "spd": 85, "spe": 85}, "ivs": {"hp": 31, "atk": 31, "def": 31, "spa": 31, "spd": 31, "spe": 31}, "item": "Heavy-Duty Boots", "teraType": "Ghost", "role": "Fast Support", "bvs": {"hp": 80, "atk": 80, "def": 80, "spa": 80, "spd": 80, "spe": 80}, "stats": {"hp": 309, "atk": 208, "def": 208, "spa": 208, "spd": 208, "spe": 208}, "types": ["Ice"]}, "Iron Thorns": {"name": "Iron Thorns", "species": "Iron Thorns", "speciesId": "ironthorns", "gender": "N", "shiny": false, "level": 83, "moves": ["dragondance", "stoneedge", "wildcharge", "earthquake"], "ability": "Quark Drive", "evs": {"hp": 85, "atk": 85, "def": 85, "spa": 85, "spd": 85, "spe": 85}, "ivs": {"hp": 31, "atk": 31, "def": 31, "spa": 31, "spd": 31, "spe": 31}, "item": "Booster Energy", "teraType": "Grass", "role": "Fast Bulky Setup", "bvs": {"hp": 100, "atk": 134, "def": 110, "spa": 70, "spd": 84, "spe": 72}, "stats": {"hp": 302, "atk": 270, "def": 230, "spa": 164, "spd": 187, "spe": 167}, "types": ["Rock", "Electric"]}, "Leavanny": {"name": "Leavanny", "species": "Leavanny", "speciesId": "leavanny", "gender": "F", "shiny": false, "level": 86, "moves": ["leafblade", "stickyweb", "lunge", "knockoff"], "ability": "Swarm", "evs": {"hp": 85, "atk": 85, "def": 85, "spa": 85, "spd": 85, "spe": 85}, "ivs": {"hp": 31, "atk": 31, "def": 31, "spa": 31, "spd": 31, "spe": 31}, "item": "Heavy-Duty Boots", "teraType": "Ghost", "role": "Fast Support", "bvs": {"hp": 75, "atk": 103, "def": 80, "spa": 70, "spd": 80, "spe": 92}, "stats": {"hp": 269, "atk": 226, "def": 187, "spa": 170, "spd": 187, "spe": 207}, "types": ["Bug", "Grass"]}}]}