{"id": "gen9randombattle-2641672627", "format": "[Gen 9] Random Battle", "players": ["mcbig12", "testbotcif"], "log": "|j|\u2606mcbig12\n|j|\u2606testbotcif\n|t:|1782828005\n|gametype|singles\n|player|p1|mcbig12|sage|1355\n|player|p2|testbotcif|266|1318\n|gen|9\n|tier|[Gen 9] Random Battle\n|rated|\n|rule|Species Clause: Limit one of each Pok\u00e9mon\n|rule|HP Percentage Mod: HP is shown in percentages\n|rule|Sleep Clause Mod: Limit one foe put to sleep\n|rule|Illusion Level Mod: Illusion disguises the Pok\u00e9mon's true level\n|\n|t:|1782828005\n|teamsize|p1|6\n|teamsize|p2|6\n|start\n|switch|p1a: Iron Thorns|Iron Thorns, L83|302/302\n|switch|p2a: Tentacruel|Tentacruel, L84, M|272/272\n|-item|p1a: Iron Thorns|Air Balloon\n|turn|1\n|c|\u2606testbotcif|rlhf\n|inactive|Battle timer is ON: inactive players will automatically lose when time's up. (requested by testbotcif)\n|\n|t:|1782828024\n|-end|p1a: Iron Thorns|Quark Drive|[silent]\n|switch|p1a: Dialga|Dialga-Origin, L73|266/266\n|-ability|p1a: Dialga|Pressure\n|move|p2a: Tentacruel|Surf|p1a: Dialga\n|-resisted|p1a: Dialga\n|-damage|p1a: Dialga|230/266\n|\n|upkeep\n|turn|2\n|inactive|mcbig12 has 120 seconds left.\n|\n|t:|1782828073\n|switch|p2a: Torkoal|Torkoal, L88, F|266/266\n|-weather|SunnyDay|[from] ability: Drought|[of] p2a: Torkoal\n|move|p1a: Dialga|Thunder Wave|p2a: Torkoal\n|-status|p2a: Torkoal|par\n|\n|-weather|SunnyDay|[upkeep]\n|upkeep\n|turn|3\n|\n|t:|1782828096\n|switch|p1a: Grumpig|Grumpig, L92, M|297/297\n|move|p2a: Torkoal|Lava Plume|p1a: Grumpig\n|-damage|p1a: Grumpig|251/297\n|\n|-weather|SunnyDay|[upkeep]\n|-heal|p1a: Grumpig|269/297|[from] item: Leftovers\n|upkeep\n|turn|4\n|inactive|mcbig12 has 90 seconds left.\n|\n|t:|1782828112\n|switch|p2a: Inteleon|Inteleon, L81, F|246/246\n|move|p1a: Grumpig|Nasty Plot|p1a: Grumpig\n|-boost|p1a: Grumpig|spa|2\n|\n|-weather|SunnyDay|[upkeep]\n|-heal|p1a: Grumpig|287/297|[from] item: Leftovers\n|upkeep\n|turn|5\n|inactive|mcbig12 has 90 seconds left.\n|\n|t:|1782828132\n|move|p2a: Inteleon|U-turn|p1a: Grumpig\n|-supereffective|p1a: Grumpig\n|-damage|p1a: Grumpig|183/297\n|\n|t:|1782828132\n|switch|p2a: Salamence|Salamence, L77, F|273/273|[from] U-turn\n|-ability|p2a: Salamence|Intimidate|boost\n|-unboost|p1a: Grumpig|atk|1\n|move|p1a: Grumpig|Psyshock|p2a: Salamence\n|-damage|p2a: Salamence|35/273\n|\n|-weather|SunnyDay|[upkeep]\n|-heal|p1a: Grumpig|201/297|[from] item: Leftovers\n|upkeep\n|turn|6\n|inactive|mcbig12 has 90 seconds left.\n|\n|t:|1782828142\n|move|p1a: Grumpig|Dazzling Gleam|p2a: Salamence\n|-supereffective|p2a: Salamence\n|-damage|p2a: Salamence|0 fnt\n|faint|p2a: Salamence\n|\n|-weather|none\n|-heal|p1a: Grumpig|219/297|[from] item: Leftovers\n|upkeep\n|\n|t:|1782828142\n|switch|p2a: Inteleon|Inteleon, L81, F|246/246\n|turn|7\n|inactive|mcbig12 has 90 seconds left.\n|\n|t:|1782828163\n|switch|p1a: Dialga|Dialga-Origin, L73|230/266\n|-ability|p1a: Dialga|Pressure\n|move|p2a: Inteleon|U-turn|p1a: Dialga\n|-resisted|p1a: Dialga\n|-damage|p1a: Dialga|210/266\n|\n|t:|1782828163\n|switch|p2a: Torkoal|Torkoal, L88, F|266/266 par|[from] U-turn\n|-weather|SunnyDay|[from] ability: Drought|[of] p2a: Torkoal\n|\n|-weather|SunnyDay|[upkeep]\n|upkeep\n|turn|8\n|inactive|mcbig12 has 90 seconds left.\n|\n|t:|1782828183\n|switch|p1a: Grumpig|Grumpig, L92, M|219/297\n|move|p2a: Torkoal|Lava Plume|p1a: Grumpig\n|-crit|p1a: Grumpig\n|-damage|p1a: Grumpig|147/297\n|\n|-weather|SunnyDay|[upkeep]\n|-heal|p1a: Grumpig|165/297|[from] item: Leftovers\n|upkeep\n|turn|9\n|inactive|mcbig12 has 90 seconds left.\n|\n|t:|1782828202\n|switch|p2a: Inteleon|Inteleon, L81, F|246/246\n|move|p1a: Grumpig|Nasty Plot|p1a: Grumpig\n|-boost|p1a: Grumpig|spa|2\n|\n|-weather|SunnyDay|[upkeep]\n|-heal|p1a: Grumpig|183/297|[from] item: Leftovers\n|upkeep\n|turn|10\n|\n|t:|1782828212\n|move|p2a: Inteleon|Scald|p1a: Grumpig\n|-damage|p1a: Grumpig|131/297\n|-status|p1a: Grumpig|brn\n|move|p1a: Grumpig|Psyshock|p2a: Inteleon\n|-damage|p2a: Inteleon|6/246\n|\n|-weather|SunnyDay|[upkeep]\n|-heal|p1a: Grumpig|149/297 brn|[from] item: Leftovers\n|-damage|p1a: Grumpig|131/297 brn|[from] brn\n|upkeep\n|turn|11\n|inactive|mcbig12 has 90 seconds left.\n|\n|t:|1782828224\n|switch|p1a: Dialga|Dialga-Origin, L73|210/266\n|-ability|p1a: Dialga|Pressure\n|move|p2a: Inteleon|Scald|p1a: Dialga\n|-resisted|p1a: Dialga\n|-damage|p1a: Dialga|162/266\n|\n|-weather|none\n|upkeep\n|turn|12\n|inactive|mcbig12 has 90 seconds left.\n|inactive|mcbig12 has 60 seconds left.\n|inactive|mcbig12 has 30 seconds left.\n|\n|t:|1782828292\n|move|p2a: Inteleon|Scald|p1a: Dialga\n|-resisted|p1a: Dialga\n|-damage|p1a: Dialga|72/266\n|-status|p1a: Dialga|brn\n|move|p1a: Dialga|Flash Cannon|p2a: Inteleon\n|-resisted|p2a: Inteleon\n|-damage|p2a: Inteleon|0 fnt\n|faint|p2a: Inteleon\n|\n|-damage|p1a: Dialga|56/266 brn|[from] brn\n|upkeep\n|\n|t:|1782828292\n|switch|p2a: Torkoal|Torkoal, L88, F|266/266 par\n|-weather|SunnyDay|[from] ability: Drought|[of] p2a: Torkoal\n|turn|13\n|inactive|mcbig12 has 30 seconds left.\n|\n|t:|1782828312\n|move|p1a: Dialga|Draco Meteor|p2a: Torkoal\n|-damage|p2a: Torkoal|71/266 par\n|-unboost|p1a: Dialga|spa|2\n|cant|p2a: Torkoal|par\n|\n|-weather|SunnyDay|[upkeep]\n|-damage|p1a: Dialga|40/266 brn|[from] brn\n|upkeep\n|turn|14\n|\n|t:|1782828320\n|move|p1a: Dialga|Draco Meteor|p2a: Torkoal\n|-damage|p2a: Torkoal|0 fnt\n|-unboost|p1a: Dialga|spa|2\n|faint|p2a: Torkoal\n|\n|-weather|SunnyDay|[upkeep]\n|-damage|p1a: Dialga|24/266 brn|[from] brn\n|upkeep\n|\n|t:|1782828320\n|switch|p2a: Tentacruel|Tentacruel, L84, M|272/272\n|turn|15\n|\n|t:|1782828336\n|move|p2a: Tentacruel|Sludge Bomb|p1a: Dialga\n|-immune|p1a: Dialga\n|move|p1a: Dialga|Thunder Wave|p2a: Tentacruel|[miss]\n|-miss|p1a: Dialga|p2a: Tentacruel\n|\n|-weather|SunnyDay|[upkeep]\n|-damage|p1a: Dialga|8/266 brn|[from] brn\n|upkeep\n|turn|16\n|\n|t:|1782828344\n|move|p2a: Tentacruel|Surf|p1a: Dialga\n|-resisted|p1a: Dialga\n|-damage|p1a: Dialga|0 fnt\n|faint|p1a: Dialga\n|\n|-weather|SunnyDay|[upkeep]\n|upkeep\n|\n|t:|1782828349\n|switch|p1a: Grumpig|Grumpig, L92, M|131/297 brn\n|turn|17\n|\n|t:|1782828353\n|switch|p2a: Masquerain|Masquerain, L87, F|264/264\n|-ability|p2a: Masquerain|Intimidate|boost\n|-unboost|p1a: Grumpig|atk|1\n|move|p1a: Grumpig|Nasty Plot|p1a: Grumpig\n|-boost|p1a: Grumpig|spa|2\n|\n|-weather|none\n|-heal|p1a: Grumpig|149/297 brn|[from] item: Leftovers\n|-damage|p1a: Grumpig|131/297 brn|[from] brn\n|upkeep\n|turn|18\n|\n|t:|1782828370\n|move|p1a: Grumpig|Dazzling Gleam|p2a: Masquerain\n|-damage|p2a: Masquerain|144/264\n|move|p2a: Masquerain|Bug Buzz|p1a: Grumpig\n|-supereffective|p1a: Grumpig\n|-damage|p1a: Grumpig|0 fnt\n|faint|p1a: Grumpig\n|\n|upkeep\n|\n|t:|1782828378\n|switch|p1a: Typhlosion|Typhlosion-Hisui, L83, F|257/257\n|turn|19\n|\n|t:|1782828384\n|switch|p2a: Tentacruel|Tentacruel, L84, M|272/272\n|move|p1a: Typhlosion|Eruption|p2a: Tentacruel\n|-resisted|p2a: Tentacruel\n|-damage|p2a: Tentacruel|197/272\n|\n|-heal|p2a: Tentacruel|214/272|[from] item: Leftovers\n|upkeep\n|turn|20\n|inactive|mcbig12 has 30 seconds left.\n|\n|t:|1782828417\n|switch|p1a: Gothitelle|Gothitelle, L90, M|272/272\n|move|p2a: Tentacruel|Surf|p1a: Gothitelle\n|-damage|p1a: Gothitelle|203/272\n|\n|-heal|p2a: Tentacruel|231/272|[from] item: Leftovers\n|-heal|p1a: Gothitelle|220/272|[from] item: Leftovers\n|upkeep\n|turn|21\n|inactive|mcbig12 has 30 seconds left.\n|\n|t:|1782828428\n|move|p2a: Tentacruel|Sludge Bomb|p1a: Gothitelle\n|-damage|p1a: Gothitelle|150/272\n|move|p1a: Gothitelle|Calm Mind|p1a: Gothitelle\n|-boost|p1a: Gothitelle|spa|1\n|-boost|p1a: Gothitelle|spd|1\n|\n|-heal|p2a: Tentacruel|248/272|[from] item: Leftovers\n|-heal|p1a: Gothitelle|167/272|[from] item: Leftovers\n|upkeep\n|turn|22\n|inactive|mcbig12 has 30 seconds left.\n|\n|t:|1782828439\n|move|p2a: Tentacruel|Sludge Bomb|p1a: Gothitelle\n|-damage|p1a: Gothitelle|121/272\n|move|p1a: Gothitelle|Psychic Noise|p2a: Tentacruel\n|-supereffective|p2a: Tentacruel\n|-damage|p2a: Tentacruel|54/272\n|-start|p2a: Tentacruel|move: Heal Block\n|\n|-heal|p1a: Gothitelle|138/272|[from] item: Leftovers\n|upkeep\n|turn|23\n|\n|t:|1782828448\n|move|p2a: Tentacruel|Sludge Bomb|p1a: Gothitelle\n|-damage|p1a: Gothitelle|95/272\n|-status|p1a: Gothitelle|psn\n|move|p1a: Gothitelle|Psychic Noise|p2a: Tentacruel\n|-supereffective|p2a: Tentacruel\n|-damage|p2a: Tentacruel|0 fnt\n|faint|p2a: Tentacruel\n|\n|-heal|p1a: Gothitelle|112/272 psn|[from] item: Leftovers\n|-damage|p1a: Gothitelle|78/272 psn|[from] psn\n|upkeep\n|\n|t:|1782828448\n|switch|p2a: Comfey|Comfey, L85, F|225/225\n|turn|24\n|inactive|mcbig12 has 30 seconds left.\n|\n|t:|1782828473\n|-terastallize|p2a: Comfey|Steel\n|move|p2a: Comfey|Calm Mind|p2a: Comfey\n|-boost|p2a: Comfey|spa|1\n|-boost|p2a: Comfey|spd|1\n|move|p1a: Gothitelle|Psychic Noise|p2a: Comfey\n|-resisted|p2a: Comfey\n|-crit|p2a: Comfey\n|-damage|p2a: Comfey|144/225\n|-start|p2a: Comfey|move: Heal Block\n|\n|-heal|p1a: Gothitelle|95/272 psn|[from] item: Leftovers\n|-damage|p1a: Gothitelle|61/272 psn|[from] psn\n|upkeep\n|turn|25\n|inactive|mcbig12 has 30 seconds left.\n|\n|t:|1782828487\n|move|p2a: Comfey|Stored Power|p1a: Gothitelle\n|-resisted|p1a: Gothitelle\n|-damage|p1a: Gothitelle|47/272 psn\n|move|p1a: Gothitelle|Psychic Noise|p2a: Comfey\n|-resisted|p2a: Comfey\n|-damage|p2a: Comfey|109/225\n|\n|-heal|p1a: Gothitelle|64/272 psn|[from] item: Leftovers\n|-damage|p1a: Gothitelle|30/272 psn|[from] psn\n|-end|p2a: Comfey|move: Heal Block\n|upkeep\n|turn|26\n|inactive|mcbig12 has 30 seconds left.\n|\n|t:|1782828501\n|move|p2a: Comfey|Draining Kiss|p1a: Gothitelle\n|-damage|p1a: Gothitelle|0 fnt\n|-heal|p2a: Comfey|132/225|[from] drain|[of] p1a: Gothitelle\n|faint|p1a: Gothitelle\n|\n|-heal|p2a: Comfey|146/225|[from] item: Leftovers\n|upkeep\n|inactive|mcbig12 has 30 seconds left.\n|\n|t:|1782828510\n|switch|p1a: Typhlosion|Typhlosion-Hisui, L83, F|257/257\n|turn|27\n|\n|t:|1782828512\n|move|p1a: Typhlosion|Eruption|p2a: Comfey\n|-supereffective|p2a: Comfey\n|-damage|p2a: Comfey|0 fnt\n|faint|p2a: Comfey\n|\n|upkeep\n|\n|t:|1782828513\n|switch|p2a: Masquerain|Masquerain, L87, F|144/264\n|-ability|p2a: Masquerain|Intimidate|boost\n|-unboost|p1a: Typhlosion|atk|1\n|turn|28\n|\n|t:|1782828537\n|move|p1a: Typhlosion|Eruption|p2a: Masquerain\n|-supereffective|p2a: Masquerain\n|-damage|p2a: Masquerain|0 fnt\n|faint|p2a: Masquerain\n|\n|win|mcbig12\n|raw|mcbig12's rating: 1355 &rarr; <strong>1373</strong><br />(+18 for winning)\n|raw|testbotcif's rating: 1318 &rarr; <strong>1300</strong><br />(-18 for losing)\n", "inputlog": ">version f8ac14003a5f27e1bdc8d8c59608a773c1cb96e5\n>start {\"formatid\":\"gen9randombattle\",\"seed\":\"sodium,37c38655a4d6265d36a60c15ad134b6e\",\"rated\":\"Rated battle\"}\n>player p1 {\"name\":\"mcbig12\",\"avatar\":\"sage\",\"rating\":1355,\"seed\":\"sodium,fbfe8e5942d263468caf4cd8e0e1aca4\"}\n>player p2 {\"name\":\"testbotcif\",\"avatar\":\"266\",\"rating\":1318,\"seed\":\"sodium,047d1ed74090e6b83588153cc641e1ae\"}\n>chat \u2606testbotcif|rlhf\n>p1 switch 4\n>p2 move surf\n>p1 move thunderwave\n>p2 switch 3\n>p1 switch 2\n>p2 move lavaplume\n>p1 move nastyplot\n>p2 switch 5\n>p1 move psyshock\n>p2 move uturn\n>p2 switch 6\n>p1 move dazzlinggleam\n>p2 move outrage\n>p2 switch 6\n>p1 switch 2\n>p2 move uturn\n>p2 switch 5\n>p1 switch 2\n>p2 move lavaplume\n>p1 move nastyplot\n>p2 switch 5\n>p1 move psyshock\n>p2 move scald\n>p1 switch 2\n>p2 move scald\n>p1 move flashcannon\n>p2 move scald\n>p2 switch 5\n>p1 move dracometeor\n>p2 move lavaplume\n>p1 move dracometeor\n>p2 move yawn\n>p2 switch 3\n>p1 move thunderwave\n>p2 move sludgebomb\n>p1 move thunderwave\n>p2 move surf\n>p1 switch 2\n>p1 move nastyplot\n>p2 switch 4\n>p1 move dazzlinggleam\n>p2 move bugbuzz\n>p1 switch 6\n>p1 move eruption\n>p2 switch 4\n>p1 switch 3\n>p2 move surf\n>p1 move calmmind\n>p2 move sludgebomb\n>p1 move psychicnoise\n>p2 move sludgebomb\n>p1 move psychicnoise\n>p2 move sludgebomb\n>p2 switch 2\n>p1 move psychicnoise\n>p2 move calmmind terastallize\n>p1 move psychicnoise\n>p2 move storedpower\n>p1 move psychicnoise\n>p2 move drainingkiss\n>p1 switch 3\n>p1 move eruption\n>p2 move calmmind\n>p2 switch 4\n>p1 move eruption\n>p2 move stunspore", "uploadtime": 1782828537, "views": 3, "formatid": "gen9randombattle", "rating": 1300, "private": 0, "password": null, "player_dets": [{"name": "mcbig12", "avatar": "sage", "rating": 1355, "seed": "sodium,fbfe8e5942d263468caf4cd8e0e1aca4"}, {"name": "testbotcif", "avatar": "266", "rating": 1318, "seed": "sodium,047d1ed74090e6b83588153cc641e1ae"}], "teams_full": [{"Iron Thorns": {"name": "Iron Thorns", "species": "Iron Thorns", "speciesId": "ironthorns", "gender": "N", "shiny": false, "level": 83, "moves": ["stoneedge", "earthquake", "wildcharge", "spikes"], "ability": "Quark Drive", "evs": {"hp": 85, "atk": 85, "def": 85, "spa": 85, "spd": 85, "spe": 85}, "ivs": {"hp": 31, "atk": 31, "def": 31, "spa": 31, "spd": 31, "spe": 31}, "item": "Air Balloon", "teraType": "Grass", "role": "Fast Support", "bvs": {"hp": 100, "atk": 134, "def": 110, "spa": 70, "spd": 84, "spe": 72}, "stats": {"hp": 302, "atk": 270, "def": 230, "spa": 164, "spd": 187, "spe": 167}, "types": ["Rock", "Electric"]}, "Grumpig": {"name": "Grumpig", "species": "Grumpig", "speciesId": "grumpig", "gender": "M", "shiny": false, "level": 92, "moves": ["dazzlinggleam", "earthpower", "nastyplot", "psyshock"], "ability": "Thick Fat", "evs": {"hp": 85, "atk": 0, "def": 85, "spa": 85, "spd": 85, "spe": 85}, "ivs": {"hp": 31, "atk": 0, "def": 31, "spa": 31, "spd": 31, "spe": 31}, "item": "Leftovers", "teraType": "Fairy", "role": "Bulky Setup", "bvs": {"hp": 80, "atk": 45, "def": 65, "spa": 90, "spd": 110, "spe": 80}, "stats": {"hp": 297, "atk": 87, "def": 172, "spa": 218, "spd": 255, "spe": 200}, "types": ["Psychic"]}, "Gothitelle": {"name": "Gothitelle", "species": "Gothitelle", "speciesId": "gothitelle", "gender": "M", "shiny": false, "level": 90, "moves": ["focusblast", "calmmind", "psychicnoise", "darkpulse"], "ability": "Shadow Tag", "evs": {"hp": 85, "atk": 0, "def": 85, "spa": 85, "spd": 85, "spe": 85}, "ivs": {"hp": 31, "atk": 0, "def": 31, "spa": 31, "spd": 31, "spe": 31}, "item": "Leftovers", "teraType": "Fighting", "role": "Bulky Setup", "bvs": {"hp": 70, "atk": 55, "def": 95, "spa": 95, "spd": 110, "spe": 65}, "stats": {"hp": 272, "atk": 104, "def": 222, "spa": 222, "spd": 249, "spe": 168}, "types": ["Psychic"]}, "Dialga": {"name": "Dialga", "species": "Dialga-Origin", "speciesId": "dialgaorigin", "gender": "N", "shiny": false, "level": 73, "moves": ["fireblast", "dracometeor", "flashcannon", "thunderwave"], "ability": "Pressure", "evs": {"hp": 85, "atk": 0, "def": 85, "spa": 85, "spd": 85, "spe": 85}, "ivs": {"hp": 31, "atk": 0, "def": 31, "spa": 31, "spd": 31, "spe": 31}, "item": "Adamant Crystal", "teraType": "Steel", "role": "Fast Attacker", "bvs": {"hp": 100, "atk": 100, "def": 120, "spa": 150, "spd": 120, "spe": 90}, "stats": {"hp": 266, "atk": 151, "def": 218, "spa": 261, "spd": 218, "spe": 174}, "types": ["Steel", "Dragon"]}, "Swanna": {"name": "Swanna", "species": "Swanna", "speciesId": "swanna", "gender": "F", "shiny": false, "level": 89, "moves": ["bravebird", "roost", "defog", "hydropump"], "ability": "Hydration", "evs": {"hp": 85, "atk": 85, "def": 85, "spa": 85, "spd": 85, "spe": 85}, "ivs": {"hp": 31, "atk": 31, "def": 31, "spa": 31, "spd": 31, "spe": 31}, "item": "Heavy-Duty Boots", "teraType": "Ground", "role": "Bulky Support", "bvs": {"hp": 75, "atk": 87, "def": 63, "spa": 87, "spd": 63, "spe": 98}, "stats": {"hp": 278, "atk": 206, "def": 163, "spa": 206, "spd": 163, "spe": 225}, "types": ["Water", "Flying"]}, "Typhlosion": {"name": "Typhlosion", "species": "Typhlosion-Hisui", "speciesId": "typhlosionhisui", "gender": "F", "shiny": false, "level": 83, "moves": ["fireblast", "shadowball", "eruption", "focusblast"], "ability": "Blaze", "evs": {"hp": 85, "atk": 0, "def": 85, "spa": 85, "spd": 85, "spe": 85}, "ivs": {"hp": 31, "atk": 0, "def": 31, "spa": 31, "spd": 31, "spe": 31}, "item": "Choice Scarf", "teraType": "Fire", "role": "Fast Attacker", "bvs": {"hp": 73, "atk": 84, "def": 78, "spa": 119, "spd": 85, "spe": 95}, "stats": {"hp": 257, "atk": 144, "def": 177, "spa": 245, "spd": 189, "spe": 205}, "types": ["Fire", "Ghost"]}}, {"Tentacruel": {"name": "Tentacruel", "species": "Tentacruel", "speciesId": "tentacruel", "gender": "M", "shiny": false, "level": 84, "moves": ["sludgebomb", "haze", "surf", "rapidspin"], "ability": "Liquid Ooze", "evs": {"hp": 85, "atk": 85, "def": 85, "spa": 85, "spd": 85, "spe": 85}, "ivs": {"hp": 31, "atk": 31, "def": 31, "spa": 31, "spd": 31, "spe": 31}, "item": "Leftovers", "teraType": "Grass", "role": "Bulky Support", "bvs": {"hp": 80, "atk": 70, "def": 65, "spa": 80, "spd": 120, "spe": 100}, "stats": {"hp": 272, "atk": 166, "def": 157, "spa": 183, "spd": 250, "spe": 216}, "types": ["Water", "Poison"]}, "Comfey": {"name": "Comfey", "species": "Comfey", "speciesId": "comfey", "gender": "F", "shiny": false, "level": 85, "moves": ["calmmind", "gigadrain", "drainingkiss", "storedpower"], "ability": "Triage", "evs": {"hp": 85, "atk": 0, "def": 85, "spa": 85, "spd": 85, "spe": 85}, "ivs": {"hp": 31, "atk": 0, "def": 31, "spa": 31, "spd": 31, "spe": 31}, "item": "Leftovers", "teraType": "Steel", "role": "Bulky Setup", "bvs": {"hp": 51, "atk": 52, "def": 90, "spa": 82, "spd": 110, "spe": 100}, "stats": {"hp": 225, "atk": 93, "def": 202, "spa": 188, "spd": 236, "spe": 219}, "types": ["Fairy"]}, "Torkoal": {"name": "Torkoal", "species": "Torkoal", "speciesId": "torkoal", "gender": "F", "shiny": false, "level": 88, "moves": ["stealthrock", "lavaplume", "yawn", "solarbeam"], "ability": "Drought", "evs": {"hp": 85, "atk": 0, "def": 85, "spa": 85, "spd": 85, "spe": 85}, "ivs": {"hp": 31, "atk": 0, "def": 31, "spa": 31, "spd": 31, "spe": 31}, "item": "Heavy-Duty Boots", "teraType": "Grass", "role": "Bulky Support", "bvs": {"hp": 70, "atk": 85, "def": 140, "spa": 85, "spd": 70, "spe": 20}, "stats": {"hp": 266, "atk": 154, "def": 297, "spa": 200, "spd": 173, "spe": 85}, "types": ["Fire"]}, "Masquerain": {"name": "Masquerain", "species": "Masquerain", "speciesId": "masquerain", "gender": "F", "shiny": false, "level": 87, "moves": ["stickyweb", "hurricane", "bugbuzz", "stunspore"], "ability": "Intimidate", "evs": {"hp": 85, "atk": 0, "def": 85, "spa": 85, "spd": 85, "spe": 85}, "ivs": {"hp": 31, "atk": 0, "def": 31, "spa": 31, "spd": 31, "spe": 31}, "item": "Heavy-Duty Boots", "teraType": "Steel", "role": "Fast Support", "bvs": {"hp": 70, "atk": 60, "def": 62, "spa": 100, "spd": 82, "spe": 80}, "stats": {"hp": 264, "atk": 109, "def": 158, "spa": 224, "spd": 192, "spe": 189}, "types": ["Bug", "Flying"]}, "Inteleon": {"name": "Inteleon", "species": "Inteleon", "speciesId": "inteleon", "gender": "F", "shiny": false, "level": 81, "moves": ["uturn", "icebeam", "hydropump", "scald"], "ability": "Torrent", "evs": {"hp": 85, "atk": 85, "def": 85, "spa": 85, "spd": 85, "spe": 85}, "ivs": {"hp": 31, "atk": 31, "def": 31, "spa": 31, "spd": 31, "spe": 31}, "item": "Choice Specs", "teraType": "Water", "role": "Wallbreaker", "bvs": {"hp": 70, "atk": 85, "def": 65, "spa": 125, "spd": 65, "spe": 120}, "stats": {"hp": 246, "atk": 184, "def": 152, "spa": 249, "spd": 152, "spe": 241}, "types": ["Water"]}, "Salamence": {"name": "Salamence", "species": "Salamence", "speciesId": "salamence", "gender": "F", "shiny": false, "level": 77, "moves": ["dualwingbeat", "earthquake", "dragondance", "outrage"], "ability": "Intimidate", "evs": {"hp": 85, "atk": 85, "def": 85, "spa": 85, "spd": 85, "spe": 85}, "ivs": {"hp": 31, "atk": 31, "def": 31, "spa": 31, "spd": 31, "spe": 31}, "item": "Heavy-Duty Boots", "teraType": "Dragon", "role": "Setup Sweeper", "bvs": {"hp": 95, "atk": 135, "def": 80, "spa": 110, "spd": 80, "spe": 100}, "stats": {"hp": 273, "atk": 252, "def": 168, "spa": 214, "spd": 168, "spe": 199}, "types": ["Dragon", "Flying"]}}]}