{"id": "gen9randombattle-2641278700", "format": "[Gen 9] Random Battle", "players": ["notmetbh102", "skippyjonez"], "log": "|badge|p1|bronze|gen9randombattle|100-9\n|html|<div class=\"broadcast-red\"><strong>This battle is required to be public due to one or more player having a season medal.</strong><br />During the public phase, you can discuss the state of the ladder <a href=\"/seasondiscussion\">in a special chatroom.</a></div>\n|uhtml|medal-msg|<div class=\"broadcast-blue\">Curious what those medals under the avatar are? PS now has Ladder Seasons! For more information, check out the <a href=\"https://www.smogon.com/forums/threads/3740067/\">thread on Smogon.</a></div>\n|badge|p2|bronze|gen9randombattle|100-9\n|uhtml|medal-msg|<div class=\"broadcast-blue\">Curious what those medals under the avatar are? PS now has Ladder Seasons! For more information, check out the <a href=\"https://www.smogon.com/forums/threads/3740067/\">thread on Smogon.</a></div>\n|j|\u2606notmetbh102\n|j|\u2606skippyjonez\n|t:|1782762508\n|gametype|singles\n|player|p1|notmetbh102|2|2254\n|player|p2|skippyjonez|cameraman|2233\n|gen|9\n|tier|[Gen 9] Random Battle\n|rated|\n|rule|Species Clause: Limit one of each Pok\u00e9mon\n|rule|HP Percentage Mod: HP is shown in percentages\n|rule|Sleep Clause Mod: Limit one foe put to sleep\n|rule|Illusion Level Mod: Illusion disguises the Pok\u00e9mon's true level\n|\n|t:|1782762509\n|teamsize|p1|6\n|teamsize|p2|6\n|start\n|switch|p1a: Furret|Furret, L94, F|312/312\n|switch|p2a: Shaymin|Shaymin-Sky, L73|266/266\n|-item|p2a: Shaymin|Leftovers|[from] ability: Frisk|[of] p1a: Furret\n|turn|1\n|inactive|Battle timer is ON: inactive players will automatically lose when time's up. (requested by notmetbh102)\n|c|\u2606notmetbh102|hf\n|\n|t:|1782762524\n|switch|p2a: Perrserker|Perrserker, L89, F|269/269\n|move|p1a: Furret|Double-Edge|p2a: Perrserker\n|-resisted|p2a: Perrserker\n|-damage|p2a: Perrserker|185/269\n|-damage|p1a: Furret|284/312|[from] Recoil\n|\n|upkeep\n|turn|2\n|\n|t:|1782762526\n|switch|p1a: Incineroar|Incineroar, L82, M|290/290\n|-ability|p1a: Incineroar|Intimidate|boost\n|-unboost|p2a: Perrserker|atk|1\n|move|p2a: Perrserker|Stealth Rock|p1a: Incineroar\n|-sidestart|p1: notmetbh102|move: Stealth Rock\n|\n|upkeep\n|turn|3\n|\n|t:|1782762537\n|switch|p2a: Sandaconda|Sandaconda, L84, F|258/258\n|move|p1a: Incineroar|Knock Off|p2a: Sandaconda\n|-damage|p2a: Sandaconda|123/258\n|-enditem|p2a: Sandaconda|Loaded Dice|[from] move: Knock Off|[of] p1a: Incineroar\n|\n|upkeep\n|turn|4\n|\n|t:|1782762548\n|move|p2a: Sandaconda|Scale Shot|p1a: Incineroar\n|-damage|p1a: Incineroar|271/290\n|-damage|p1a: Incineroar|252/290\n|-damage|p1a: Incineroar|232/290\n|-hitcount|p1a: Incineroar|3\n|-unboost|p2a: Sandaconda|def|1\n|-boost|p2a: Sandaconda|spe|1\n|move|p1a: Incineroar|Knock Off|p2a: Sandaconda\n|-damage|p2a: Sandaconda|0 fnt\n|faint|p2a: Sandaconda\n|\n|upkeep\n|\n|t:|1782762552\n|switch|p2a: Hitmontop|Hitmontop, L88, M|231/231\n|turn|5\n|\n|t:|1782762556\n|switch|p1a: Wyrdeer|Wyrdeer, L87, M|321/321\n|-damage|p1a: Wyrdeer|281/321|[from] Stealth Rock\n|-ability|p1a: Wyrdeer|Intimidate|boost\n|-unboost|p2a: Hitmontop|atk|1\n|move|p2a: Hitmontop|Bulk Up|p2a: Hitmontop\n|-boost|p2a: Hitmontop|atk|1\n|-boost|p2a: Hitmontop|def|1\n|\n|-heal|p1a: Wyrdeer|301/321|[from] item: Leftovers\n|upkeep\n|turn|6\n|\n|t:|1782762561\n|switch|p2a: Perrserker|Perrserker, L89, F|185/269\n|move|p1a: Wyrdeer|Thunder Wave|p2a: Perrserker\n|-status|p2a: Perrserker|par\n|\n|-heal|p1a: Wyrdeer|321/321|[from] item: Leftovers\n|upkeep\n|turn|7\n|\n|t:|1782762564\n|-terastallize|p1a: Wyrdeer|Ground\n|move|p1a: Wyrdeer|Earthquake|p2a: Perrserker\n|-supereffective|p2a: Perrserker\n|-crit|p2a: Perrserker\n|-damage|p2a: Perrserker|0 fnt\n|faint|p2a: Perrserker\n|\n|upkeep\n|\n|t:|1782762567\n|switch|p2a: Shaymin|Shaymin-Sky, L73|266/266\n|turn|8\n|\n|t:|1782762574\n|move|p2a: Shaymin|Substitute|p2a: Shaymin\n|-start|p2a: Shaymin|Substitute\n|-damage|p2a: Shaymin|200/266\n|move|p1a: Wyrdeer|Thunder Wave||[still]\n|-fail|p1a: Wyrdeer\n|\n|-heal|p2a: Shaymin|216/266|[from] item: Leftovers\n|upkeep\n|turn|9\n|\n|t:|1782762577\n|move|p2a: Shaymin|Seed Flare|p1a: Wyrdeer\n|-supereffective|p1a: Wyrdeer\n|-damage|p1a: Wyrdeer|67/321\n|move|p1a: Wyrdeer|Psychic Noise|p2a: Shaymin\n|-damage|p2a: Shaymin|93/266\n|-start|p2a: Shaymin|move: Heal Block\n|\n|-heal|p1a: Wyrdeer|87/321|[from] item: Leftovers\n|upkeep\n|turn|10\n|\n|t:|1782762582\n|move|p2a: Shaymin|Air Slash|p1a: Wyrdeer\n|-damage|p1a: Wyrdeer|3/321\n|cant|p1a: Wyrdeer|flinch\n|\n|-heal|p1a: Wyrdeer|23/321|[from] item: Leftovers\n|-end|p2a: Shaymin|move: Heal Block\n|upkeep\n|turn|11\n|\n|t:|1782762586\n|move|p2a: Shaymin|Air Slash|p1a: Wyrdeer\n|-damage|p1a: Wyrdeer|0 fnt\n|faint|p1a: Wyrdeer\n|\n|-heal|p2a: Shaymin|109/266|[from] item: Leftovers\n|upkeep\n|\n|t:|1782762587\n|switch|p1a: Spectrier|Spectrier, L75|274/274\n|-damage|p1a: Spectrier|240/274|[from] Stealth Rock\n|turn|12\n|\n|t:|1782762590\n|move|p1a: Spectrier|Draining Kiss|p2a: Shaymin\n|-activate|p2a: Shaymin|move: Substitute|[damage]\n|-heal|p1a: Spectrier|274/274|[from] drain|[of] p2a: Shaymin\n|-damage|p1a: Spectrier|247/274|[from] item: Life Orb\n|move|p2a: Shaymin|Leech Seed|p1a: Spectrier\n|-start|p1a: Spectrier|move: Leech Seed\n|\n|-heal|p2a: Shaymin|125/266|[from] item: Leftovers\n|-damage|p1a: Spectrier|213/274|[from] Leech Seed|[of] p2a: Shaymin\n|-heal|p2a: Shaymin|159/266|[silent]\n|upkeep\n|turn|13\n|\n|t:|1782762594\n|move|p1a: Spectrier|Draining Kiss|p2a: Shaymin\n|-end|p2a: Shaymin|Substitute\n|-heal|p1a: Spectrier|215/274|[from] drain|[of] p2a: Shaymin\n|-damage|p1a: Spectrier|188/274|[from] item: Life Orb\n|move|p2a: Shaymin|Substitute|p2a: Shaymin\n|-start|p2a: Shaymin|Substitute\n|-damage|p2a: Shaymin|93/266\n|\n|-heal|p2a: Shaymin|109/266|[from] item: Leftovers\n|-damage|p1a: Spectrier|154/274|[from] Leech Seed|[of] p2a: Shaymin\n|-heal|p2a: Shaymin|143/266|[silent]\n|upkeep\n|turn|14\n|\n|t:|1782762597\n|switch|p1a: Galvantula|Galvantula, L82, M|249/249\n|move|p2a: Shaymin|Air Slash|p1a: Galvantula\n|-damage|p1a: Galvantula|150/249\n|\n|-heal|p2a: Shaymin|159/266|[from] item: Leftovers\n|upkeep\n|turn|15\n|\n|t:|1782762610\n|switch|p1a: Spectrier|Spectrier, L75|154/274\n|-damage|p1a: Spectrier|120/274|[from] Stealth Rock\n|-terastallize|p2a: Shaymin|Steel\n|move|p2a: Shaymin|Leech Seed|p1a: Spectrier\n|-start|p1a: Spectrier|move: Leech Seed\n|\n|-heal|p2a: Shaymin|175/266|[from] item: Leftovers\n|-damage|p1a: Spectrier|86/274|[from] Leech Seed|[of] p2a: Shaymin\n|-heal|p2a: Shaymin|209/266|[silent]\n|upkeep\n|turn|16\n|\n|t:|1782762617\n|move|p1a: Spectrier|Shadow Ball|p2a: Shaymin\n|-end|p2a: Shaymin|Substitute\n|-damage|p1a: Spectrier|59/274|[from] item: Life Orb\n|move|p2a: Shaymin|Substitute|p2a: Shaymin\n|-start|p2a: Shaymin|Substitute\n|-damage|p2a: Shaymin|143/266\n|\n|-heal|p2a: Shaymin|159/266|[from] item: Leftovers\n|-damage|p1a: Spectrier|25/274|[from] Leech Seed|[of] p2a: Shaymin\n|-heal|p2a: Shaymin|193/266|[silent]\n|upkeep\n|turn|17\n|\n|t:|1782762622\n|move|p1a: Spectrier|Dark Pulse|p2a: Shaymin\n|-end|p2a: Shaymin|Substitute\n|-damage|p1a: Spectrier|0 fnt|[from] item: Life Orb\n|faint|p1a: Spectrier\n|move|p2a: Shaymin|Substitute|p2a: Shaymin\n|-start|p2a: Shaymin|Substitute\n|-damage|p2a: Shaymin|127/266\n|\n|-heal|p2a: Shaymin|143/266|[from] item: Leftovers\n|upkeep\n|\n|t:|1782762623\n|switch|p1a: Incineroar|Incineroar, L82, M|232/290\n|-damage|p1a: Incineroar|160/290|[from] Stealth Rock\n|-ability|p1a: Incineroar|Intimidate|boost\n|-immune|p2a: Shaymin\n|turn|18\n|\n|t:|1782762629\n|move|p2a: Shaymin|Leech Seed|p1a: Incineroar\n|-start|p1a: Incineroar|move: Leech Seed\n|move|p1a: Incineroar|Knock Off|p2a: Shaymin\n|-end|p2a: Shaymin|Substitute\n|\n|-heal|p2a: Shaymin|159/266|[from] item: Leftovers\n|-damage|p1a: Incineroar|124/290|[from] Leech Seed|[of] p2a: Shaymin\n|-heal|p2a: Shaymin|195/266|[silent]\n|upkeep\n|turn|19\n|\n|t:|1782762634\n|switch|p2a: Ariados|Ariados, L95, F|287/287\n|move|p1a: Incineroar|Knock Off|p2a: Ariados\n|-damage|p2a: Ariados|124/287\n|-enditem|p2a: Ariados|Heavy-Duty Boots|[from] move: Knock Off|[of] p1a: Incineroar\n|\n|-damage|p1a: Incineroar|88/290|[from] Leech Seed|[of] p2a: Ariados\n|-heal|p2a: Ariados|160/287|[silent]\n|upkeep\n|turn|20\n|\n|t:|1782762640\n|switch|p1a: Furret|Furret, L94, F|284/312\n|-damage|p1a: Furret|245/312|[from] Stealth Rock\n|move|p2a: Ariados|Toxic Spikes|p1a: Furret\n|-sidestart|p1: notmetbh102|move: Toxic Spikes\n|\n|upkeep\n|turn|21\n|\n|t:|1782762648\n|move|p1a: Furret|Double-Edge|p2a: Ariados\n|-damage|p2a: Ariados|0 fnt\n|faint|p2a: Ariados\n|-damage|p1a: Furret|192/312|[from] Recoil\n|\n|upkeep\n|\n|t:|1782762652\n|switch|p2a: Hitmontop|Hitmontop, L88, M|231/231\n|turn|22\n|\n|t:|1782762658\n|move|p1a: Furret|Double-Edge|p2a: Hitmontop\n|-damage|p2a: Hitmontop|63/231\n|-damage|p1a: Furret|137/312|[from] Recoil\n|move|p2a: Hitmontop|Rapid Spin|p1a: Furret\n|-damage|p1a: Furret|70/312\n|-boost|p2a: Hitmontop|spe|1\n|\n|-heal|p2a: Hitmontop|77/231|[from] item: Leftovers\n|upkeep\n|turn|23\n|\n|t:|1782762663\n|switch|p1a: Incineroar|Incineroar, L82, M|88/290\n|-damage|p1a: Incineroar|16/290|[from] Stealth Rock\n|-status|p1a: Incineroar|psn\n|-ability|p1a: Incineroar|Intimidate|boost\n|-unboost|p2a: Hitmontop|atk|1\n|move|p2a: Hitmontop|Close Combat|p1a: Incineroar\n|-supereffective|p1a: Incineroar\n|-damage|p1a: Incineroar|0 fnt\n|-unboost|p2a: Hitmontop|def|1\n|-unboost|p2a: Hitmontop|spd|1\n|faint|p1a: Incineroar\n|\n|-heal|p2a: Hitmontop|91/231|[from] item: Leftovers\n|upkeep\n|\n|t:|1782762664\n|switch|p1a: Galvantula|Galvantula, L82, M|150/249\n|turn|24\n|\n|t:|1782762673\n|move|p2a: Hitmontop|Triple Axel|p1a: Galvantula\n|-damage|p1a: Galvantula|131/249\n|-damage|p1a: Galvantula|87/249\n|-damage|p1a: Galvantula|23/249\n|-hitcount|p1a: Galvantula|3\n|move|p1a: Galvantula|Thunder|p2a: Hitmontop\n|-damage|p2a: Hitmontop|0 fnt\n|faint|p2a: Hitmontop\n|\n|upkeep\n|\n|t:|1782762680\n|switch|p2a: Shaymin|Shaymin-Sky, L73, tera:Steel|195/266\n|turn|25\n|\n|t:|1782762682\n|move|p2a: Shaymin|Air Slash|p1a: Galvantula\n|-damage|p1a: Galvantula|0 fnt\n|faint|p1a: Galvantula\n|\n|-heal|p2a: Shaymin|211/266|[from] item: Leftovers\n|upkeep\n|\n|t:|1782762683\n|switch|p1a: Furret|Furret, L94, F|70/312\n|-damage|p1a: Furret|31/312|[from] Stealth Rock\n|-status|p1a: Furret|psn\n|-item|p2a: Shaymin|Leftovers|[from] ability: Frisk|[of] p1a: Furret\n|turn|26\n|\n|t:|1782762685\n|move|p2a: Shaymin|Air Slash|p1a: Furret\n|-damage|p1a: Furret|0 fnt\n|faint|p1a: Furret\n|\n|-heal|p2a: Shaymin|227/266|[from] item: Leftovers\n|upkeep\n|\n|t:|1782762685\n|switch|p1a: Shiftry|Shiftry, L89, M|305/305\n|-damage|p1a: Shiftry|267/305|[from] Stealth Rock\n|-status|p1a: Shiftry|psn\n|turn|27\n|\n|t:|1782762691\n|move|p2a: Shaymin|Substitute|p2a: Shaymin\n|-start|p2a: Shaymin|Substitute\n|-damage|p2a: Shaymin|161/266\n|move|p1a: Shiftry|Tailwind|p1a: Shiftry\n|-sidestart|p1: notmetbh102|move: Tailwind\n|-ability|p1a: Shiftry|Wind Rider|boost\n|-boost|p1a: Shiftry|atk|1\n|\n|-heal|p2a: Shaymin|177/266|[from] item: Leftovers\n|-damage|p1a: Shiftry|229/305 psn|[from] psn\n|upkeep\n|turn|28\n|\n|t:|1782762694\n|move|p1a: Shiftry|Tailwind||[still]\n|-fail|p1a: Shiftry\n|move|p2a: Shaymin|Air Slash|p1a: Shiftry\n|-supereffective|p1a: Shiftry\n|-damage|p1a: Shiftry|35/305 psn\n|\n|-heal|p2a: Shaymin|193/266|[from] item: Leftovers\n|-damage|p1a: Shiftry|0 fnt|[from] psn\n|faint|p1a: Shiftry\n|\n|win|skippyjonez\n|raw|notmetbh102's rating: 2254 &rarr; <strong>2233</strong><br />(-21 for losing)\n|raw|skippyjonez's rating: 2233 &rarr; <strong>2254</strong><br />(+21 for winning)\n|c|\u2606notmetbh102|gg\n", "inputlog": ">version f8ac14003a5f27e1bdc8d8c59608a773c1cb96e5\n>start {\"formatid\":\"gen9randombattle\",\"seed\":\"sodium,ce6924f7d117d226a89751f55cbff9f9\",\"rated\":\"Rated battle\"}\n>player p1 {\"name\":\"notmetbh102\",\"avatar\":\"2\",\"rating\":2254,\"seed\":\"sodium,b4fdcaa25fd2c2b2df56e873d18828cd\"}\n>player p2 {\"name\":\"skippyjonez\",\"avatar\":\"cameraman\",\"rating\":2233,\"seed\":\"sodium,0e4726a03c7ea9a7ddbc9efc71a2e2cd\"}\n>chat \u2606notmetbh102|hf\n>p1 move doubleedge\n>p2 switch 2\n>p1 switch 5\n>p2 move stealthrock\n>p1 move knockoff\n>p2 switch 4\n>p1 move knockoff\n>p2 move scaleshot\n>p2 switch 6\n>p1 switch 4\n>p2 move bulkup\n>p1 move thunderwave\n>p2 switch 4\n>p1 move earthquake terastallize\n>p2 move uturn\n>p2 switch 2\n>p1 move thunderwave\n>p2 move substitute\n>p1 move psychicnoise\n>p2 move seedflare\n>p1 move psychicnoise\n>p2 move airslash\n>p1 move psychicnoise\n>p2 move airslash\n>p1 switch 3\n>p1 move drainingkiss\n>p2 move leechseed\n>p1 move drainingkiss\n>p2 move substitute\n>p1 switch 6\n>p2 move airslash\n>p1 switch 6\n>p2 move leechseed terastallize\n>p1 move shadowball\n>p2 move substitute\n>p1 move darkpulse\n>p2 move substitute\n>p1 switch 4\n>p1 move knockoff\n>p2 move leechseed\n>p1 move knockoff\n>p2 switch 3\n>p1 switch 5\n>p2 move toxicspikes\n>p1 move doubleedge\n>p2 move toxicspikes\n>p2 switch 4\n>p1 move doubleedge\n>p2 move rapidspin\n>p1 switch 5\n>p2 move closecombat\n>p1 switch 6\n>p1 move thunder\n>p2 move tripleaxel\n>p2 switch 3\n>p1 move thunder\n>p2 move airslash\n>p1 switch 5\n>p1 move trick\n>p2 move airslash\n>p1 switch 2\n>p1 move tailwind\n>p2 move substitute\n>p1 move tailwind\n>p2 move airslash", "uploadtime": 1782762695, "views": 15, "formatid": "gen9randombattle", "rating": 2233, "private": 0, "password": null, "player_dets": [{"name": "notmetbh102", "avatar": "2", "rating": 2254, "seed": "sodium,b4fdcaa25fd2c2b2df56e873d18828cd"}, {"name": "skippyjonez", "avatar": "cameraman", "rating": 2233, "seed": "sodium,0e4726a03c7ea9a7ddbc9efc71a2e2cd"}], "teams_full": [{"Furret": {"name": "Furret", "species": "Furret", "speciesId": "furret", "gender": "F", "shiny": false, "level": 94, "moves": ["trick", "knockoff", "doubleedge", "uturn"], "ability": "Frisk", "evs": {"hp": 85, "atk": 85, "def": 85, "spa": 85, "spd": 85, "spe": 85}, "ivs": {"hp": 31, "atk": 31, "def": 31, "spa": 31, "spd": 31, "spe": 31}, "item": "Choice Band", "teraType": "Normal", "role": "Wallbreaker", "bvs": {"hp": 85, "atk": 76, "def": 64, "spa": 45, "spd": 55, "spe": 90}, "stats": {"hp": 312, "atk": 196, "def": 174, "spa": 138, "spd": 157, "spe": 223}, "types": ["Normal"]}, "Shiftry": {"name": "Shiftry", "species": "Shiftry", "speciesId": "shiftry", "gender": "M", "shiny": false, "level": 89, "moves": ["lowkick", "knockoff", "tailwind", "leafblade"], "ability": "Wind Rider", "evs": {"hp": 85, "atk": 85, "def": 85, "spa": 85, "spd": 85, "spe": 85}, "ivs": {"hp": 31, "atk": 31, "def": 31, "spa": 31, "spd": 31, "spe": 31}, "item": "Life Orb", "teraType": "Fighting", "role": "Setup Sweeper", "bvs": {"hp": 90, "atk": 100, "def": 60, "spa": 90, "spd": 60, "spe": 80}, "stats": {"hp": 305, "atk": 229, "def": 158, "spa": 211, "spd": 158, "spe": 193}, "types": ["Grass", "Dark"]}, "Spectrier": {"name": "Spectrier", "species": "Spectrier", "speciesId": "spectrier", "gender": "N", "shiny": false, "level": 75, "moves": ["shadowball", "nastyplot", "darkpulse", "drainingkiss"], "ability": "Grim Neigh", "evs": {"hp": 85, "atk": 0, "def": 85, "spa": 85, "spd": 85, "spe": 85}, "ivs": {"hp": 31, "atk": 0, "def": 31, "spa": 31, "spd": 31, "spe": 31}, "item": "Life Orb", "teraType": "Dark", "role": "Setup Sweeper", "bvs": {"hp": 100, "atk": 65, "def": 60, "spa": 145, "spd": 80, "spe": 130}, "stats": {"hp": 274, "atk": 102, "def": 134, "spa": 261, "spd": 164, "spe": 239}, "types": ["Ghost"]}, "Wyrdeer": {"name": "Wyrdeer", "species": "Wyrdeer", "speciesId": "wyrdeer", "gender": "M", "shiny": false, "level": 87, "moves": ["megahorn", "psychicnoise", "thunderwave", "earthquake"], "ability": "Intimidate", "evs": {"hp": 85, "atk": 85, "def": 85, "spa": 85, "spd": 85, "spe": 85}, "ivs": {"hp": 31, "atk": 31, "def": 31, "spa": 31, "spd": 31, "spe": 31}, "item": "Leftovers", "teraType": "Ground", "role": "Bulky Attacker", "bvs": {"hp": 103, "atk": 105, "def": 72, "spa": 105, "spd": 75, "spe": 65}, "stats": {"hp": 321, "atk": 232, "def": 175, "spa": 232, "spd": 180, "spe": 163}, "types": ["Normal", "Psychic"]}, "Incineroar": {"name": "Incineroar", "species": "Incineroar", "speciesId": "incineroar", "gender": "M", "shiny": false, "level": 82, "moves": ["earthquake", "knockoff", "closecombat", "flareblitz"], "ability": "Intimidate", "evs": {"hp": 85, "atk": 85, "def": 85, "spa": 85, "spd": 85, "spe": 85}, "ivs": {"hp": 31, "atk": 31, "def": 31, "spa": 31, "spd": 31, "spe": 31}, "item": "Choice Band", "teraType": "Fighting", "role": "Fast Attacker", "bvs": {"hp": 95, "atk": 115, "def": 90, "spa": 80, "spd": 90, "spe": 60}, "stats": {"hp": 290, "atk": 236, "def": 195, "spa": 178, "spd": 195, "spe": 146}, "types": ["Fire", "Dark"]}, "Galvantula": {"name": "Galvantula", "species": "Galvantula", "speciesId": "galvantula", "gender": "M", "shiny": false, "level": 82, "moves": ["bugbuzz", "thunder", "stickyweb", "energyball"], "ability": "Compound Eyes", "evs": {"hp": 85, "atk": 0, "def": 85, "spa": 85, "spd": 85, "spe": 85}, "ivs": {"hp": 31, "atk": 0, "def": 31, "spa": 31, "spd": 31, "spe": 31}, "item": "Heavy-Duty Boots", "teraType": "Electric", "role": "Fast Support", "bvs": {"hp": 70, "atk": 77, "def": 60, "spa": 97, "spd": 60, "spe": 108}, "stats": {"hp": 249, "atk": 131, "def": 146, "spa": 206, "spd": 146, "spe": 224}, "types": ["Bug", "Electric"]}}, {"Shaymin": {"name": "Shaymin", "species": "Shaymin-Sky", "speciesId": "shayminsky", "gender": "N", "shiny": false, "level": 73, "moves": ["airslash", "seedflare", "leechseed", "substitute"], "ability": "Serene Grace", "evs": {"hp": 85, "atk": 0, "def": 85, "spa": 85, "spd": 85, "spe": 85}, "ivs": {"hp": 31, "atk": 0, "def": 31, "spa": 31, "spd": 31, "spe": 31}, "item": "Leftovers", "teraType": "Steel", "role": "Bulky Support", "bvs": {"hp": 100, "atk": 103, "def": 75, "spa": 120, "spd": 75, "spe": 127}, "stats": {"hp": 266, "atk": 155, "def": 152, "spa": 218, "spd": 152, "spe": 228}, "types": ["Grass", "Flying"]}, "Perrserker": {"name": "Perrserker", "species": "Perrserker", "speciesId": "perrserker", "gender": "F", "shiny": false, "level": 89, "moves": ["ironhead", "stealthrock", "uturn", "closecombat"], "ability": "Tough Claws", "evs": {"hp": 85, "atk": 85, "def": 85, "spa": 85, "spd": 85, "spe": 85}, "ivs": {"hp": 31, "atk": 31, "def": 31, "spa": 31, "spd": 31, "spe": 31}, "item": "Life Orb", "teraType": "Fighting", "role": "Fast Attacker", "bvs": {"hp": 70, "atk": 110, "def": 100, "spa": 50, "spd": 60, "spe": 50}, "stats": {"hp": 269, "atk": 247, "def": 229, "spa": 140, "spd": 158, "spe": 140}, "types": ["Steel"]}, "Ariados": {"name": "Ariados", "species": "Ariados", "speciesId": "ariados", "gender": "F", "shiny": false, "level": 95, "moves": ["stickyweb", "poisonjab", "megahorn", "toxicspikes"], "ability": "Insomnia", "evs": {"hp": 85, "atk": 85, "def": 85, "spa": 85, "spd": 85, "spe": 85}, "ivs": {"hp": 31, "atk": 31, "def": 31, "spa": 31, "spd": 31, "spe": 31}, "item": "Heavy-Duty Boots", "teraType": "Ghost", "role": "Fast Support", "bvs": {"hp": 70, "atk": 90, "def": 70, "spa": 60, "spd": 70, "spe": 40}, "stats": {"hp": 287, "atk": 225, "def": 187, "spa": 168, "spd": 187, "spe": 130}, "types": ["Bug", "Poison"]}, "Sandaconda": {"name": "Sandaconda", "species": "Sandaconda", "speciesId": "sandaconda", "gender": "F", "shiny": false, "level": 84, "moves": ["scaleshot", "coil", "earthquake", "rockblast"], "ability": "Shed Skin", "evs": {"hp": 85, "atk": 85, "def": 85, "spa": 85, "spd": 85, "spe": 85}, "ivs": {"hp": 31, "atk": 31, "def": 31, "spa": 31, "spd": 31, "spe": 31}, "item": "Loaded Dice", "teraType": "Dragon", "role": "Fast Bulky Setup", "bvs": {"hp": 72, "atk": 107, "def": 125, "spa": 65, "spd": 70, "spe": 71}, "stats": {"hp": 258, "atk": 228, "def": 258, "spa": 157, "spd": 166, "spe": 167}, "types": ["Ground"]}, "Meowstic": {"name": "Meowstic", "species": "Meowstic-F", "speciesId": "meowsticf", "gender": "F", "shiny": false, "level": 89, "moves": ["psychic", "thunderbolt", "darkpulse", "nastyplot"], "ability": "Competitive", "evs": {"hp": 85, "atk": 0, "def": 85, "spa": 85, "spd": 85, "spe": 85}, "ivs": {"hp": 31, "atk": 0, "def": 31, "spa": 31, "spd": 31, "spe": 31}, "item": "Life Orb", "teraType": "Dark", "role": "Setup Sweeper", "bvs": {"hp": 74, "atk": 48, "def": 76, "spa": 83, "spd": 81, "spe": 104}, "stats": {"hp": 277, "atk": 90, "def": 186, "spa": 199, "spd": 195, "spe": 236}, "types": ["Psychic"]}, "Hitmontop": {"name": "Hitmontop", "species": "Hitmontop", "speciesId": "hitmontop", "gender": "M", "shiny": false, "level": 88, "moves": ["rapidspin", "tripleaxel", "closecombat", "bulkup"], "ability": "Technician", "evs": {"hp": 85, "atk": 85, "def": 85, "spa": 85, "spd": 85, "spe": 85}, "ivs": {"hp": 31, "atk": 31, "def": 31, "spa": 31, "spd": 31, "spe": 31}, "item": "Leftovers", "teraType": "Ice", "role": "Bulky Setup", "bvs": {"hp": 50, "atk": 95, "def": 95, "spa": 35, "spd": 110, "spe": 70}, "stats": {"hp": 231, "atk": 217, "def": 217, "spa": 112, "spd": 244, "spe": 173}, "types": ["Fighting"]}}]}