{"id": "gen9randombattle-2641540823", "format": "[Gen 9] Random Battle", "players": ["sarodiya", "JustOut459"], "log": "|badge|p1|bronze|gen9randombattle|100-9\n|html|<div class=\"broadcast-red\"><strong>This battle is required to be public due to one or more player having a season medal.</strong><br />During the public phase, you can discuss the state of the ladder <a href=\"/seasondiscussion\">in a special chatroom.</a></div>\n|uhtml|medal-msg|<div class=\"broadcast-blue\">Curious what those medals under the avatar are? PS now has Ladder Seasons! For more information, check out the <a href=\"https://www.smogon.com/forums/threads/3740067/\">thread on Smogon.</a></div>\n|badge|p2|silver|gen9randombattle|30-9\n|badge|p2|silver|gen9nu|30-9\n|uhtml|medal-msg|<div class=\"broadcast-blue\">Curious what those medals under the avatar are? PS now has Ladder Seasons! For more information, check out the <a href=\"https://www.smogon.com/forums/threads/3740067/\">thread on Smogon.</a></div>\n|j|\u2606sarodiya\n|j|\u2606JustOut459\n|t:|1782803972\n|gametype|singles\n|player|p1|sarodiya|265|2371\n|player|p2|JustOut459|#rbtt9faction2|2434\n|gen|9\n|tier|[Gen 9] Random Battle\n|rated|\n|rule|Species Clause: Limit one of each Pok\u00e9mon\n|rule|HP Percentage Mod: HP is shown in percentages\n|rule|Sleep Clause Mod: Limit one foe put to sleep\n|rule|Illusion Level Mod: Illusion disguises the Pok\u00e9mon's true level\n|\n|t:|1782803972\n|teamsize|p1|6\n|teamsize|p2|6\n|start\n|switch|p1a: Lycanroc|Lycanroc-Midnight, L89, M|296/296\n|switch|p2a: Dunsparce|Dunsparce, L86, M|312/312\n|turn|1\n|inactive|Battle timer is ON: inactive players will automatically lose when time's up. (requested by sarodiya)\n|\n|t:|1782803988\n|move|p1a: Lycanroc|Knock Off|p2a: Dunsparce\n|-damage|p2a: Dunsparce|225/312\n|-enditem|p2a: Dunsparce|Eviolite|[from] move: Knock Off|[of] p1a: Lycanroc\n|-damage|p1a: Lycanroc|267/296|[from] item: Life Orb\n|move|p2a: Dunsparce|Body Slam|p1a: Lycanroc\n|-resisted|p1a: Lycanroc\n|-damage|p1a: Lycanroc|229/296\n|\n|upkeep\n|turn|2\n|\n|t:|1782803995\n|switch|p2a: Calyrex|Calyrex-Shadow, L64|235/235\n|-ability|p2a: Calyrex|As One\n|-ability|p2a: Calyrex|Unnerve\n|move|p1a: Lycanroc|Stealth Rock|p2a: Calyrex\n|-sidestart|p2: JustOut459|move: Stealth Rock\n|\n|upkeep\n|turn|3\n|inactive|sarodiya has 120 seconds left.\n|inactive|JustOut459 has 120 seconds left.\n|\n|t:|1782804031\n|switch|p2a: Dunsparce|Dunsparce, L86, M|225/312\n|-damage|p2a: Dunsparce|186/312|[from] Stealth Rock\n|move|p1a: Lycanroc|Knock Off|p2a: Dunsparce\n|-damage|p2a: Dunsparce|92/312\n|-damage|p1a: Lycanroc|200/296|[from] item: Life Orb\n|\n|upkeep\n|turn|4\n|inactive|JustOut459 has 120 seconds left.\n|\n|t:|1782804037\n|move|p1a: Lycanroc|Knock Off|p2a: Dunsparce\n|-crit|p2a: Dunsparce\n|-damage|p2a: Dunsparce|0 fnt\n|faint|p2a: Dunsparce\n|-damage|p1a: Lycanroc|171/296|[from] item: Life Orb\n|\n|upkeep\n|inactive|JustOut459 has 120 seconds left.\n|\n|t:|1782804046\n|switch|p2a: Infernape|Infernape, L82, F|259/259\n|-damage|p2a: Infernape|227/259|[from] Stealth Rock\n|turn|5\n|\n|t:|1782804059\n|switch|p1a: Clefable|Clefable, L83, F|293/293\n|move|p2a: Infernape|Close Combat|p1a: Clefable\n|-resisted|p1a: Clefable\n|-damage|p1a: Clefable|202/293\n|-unboost|p2a: Infernape|def|1\n|-unboost|p2a: Infernape|spd|1\n|-damage|p2a: Infernape|202/259|[from] item: Life Orb\n|\n|-heal|p1a: Clefable|220/293|[from] item: Leftovers\n|upkeep\n|turn|6\n|\n|t:|1782804074\n|move|p2a: Infernape|Overheat|p1a: Clefable\n|-damage|p1a: Clefable|28/293\n|-unboost|p2a: Infernape|spa|2\n|-damage|p2a: Infernape|177/259|[from] item: Life Orb\n|move|p1a: Clefable|Moonblast|p2a: Infernape\n|-damage|p2a: Infernape|62/259\n|\n|-heal|p1a: Clefable|46/293|[from] item: Leftovers\n|upkeep\n|turn|7\n|\n|t:|1782804087\n|switch|p1a: Luvdisc|Luvdisc, M|247/247\n|move|p2a: Infernape|Close Combat|p1a: Luvdisc\n|-damage|p1a: Luvdisc|62/247\n|-unboost|p2a: Infernape|def|1\n|-unboost|p2a: Infernape|spd|1\n|-damage|p2a: Infernape|37/259|[from] item: Life Orb\n|\n|upkeep\n|turn|8\n|\n|t:|1782804095\n|move|p2a: Infernape|Mach Punch|p1a: Luvdisc\n|-damage|p1a: Luvdisc|0 fnt\n|faint|p1a: Luvdisc\n|-damage|p2a: Infernape|12/259|[from] item: Life Orb\n|\n|upkeep\n|\n|t:|1782804103\n|switch|p1a: Clefable|Clefable, L83, F|46/293\n|turn|9\n|\n|t:|1782804107\n|move|p2a: Infernape|Close Combat|p1a: Clefable\n|-resisted|p1a: Clefable\n|-damage|p1a: Clefable|0 fnt\n|-unboost|p2a: Infernape|def|1\n|-unboost|p2a: Infernape|spd|1\n|faint|p1a: Clefable\n|-damage|p2a: Infernape|0 fnt|[from] item: Life Orb\n|faint|p2a: Infernape\n|\n|upkeep\n|\n|t:|1782804114\n|switch|p2a: Hydreigon|Hydreigon, L79, F|275/275\n|switch|p1a: Spidops|Spidops, L96, F|271/271\n|-damage|p2a: Hydreigon|241/275|[from] Stealth Rock\n|turn|10\n|\n|t:|1782804119\n|move|p2a: Hydreigon|Fire Blast|p1a: Spidops\n|-supereffective|p1a: Spidops\n|-crit|p1a: Spidops\n|-damage|p1a: Spidops|61/271\n|move|p1a: Spidops|Sticky Web|p2a: Hydreigon\n|-sidestart|p2: JustOut459|move: Sticky Web\n|\n|upkeep\n|turn|11\n|\n|t:|1782804126\n|move|p2a: Hydreigon|Fire Blast|p1a: Spidops\n|-supereffective|p1a: Spidops\n|-damage|p1a: Spidops|0 fnt\n|faint|p1a: Spidops\n|\n|upkeep\n|\n|t:|1782804128\n|switch|p1a: Tyranitar|Tyranitar, L78, M|284/284\n|-weather|Sandstorm|[from] ability: Sand Stream|[of] p1a: Tyranitar\n|turn|12\n|\n|t:|1782804133\n|switch|p2a: Orthworm|Orthworm, L88, F|266/266\n|-damage|p2a: Orthworm|250/266|[from] Stealth Rock\n|-activate|p2a: Orthworm|move: Sticky Web\n|-unboost|p2a: Orthworm|spe|1\n|move|p1a: Tyranitar|Dragon Dance|p1a: Tyranitar\n|-boost|p1a: Tyranitar|atk|1\n|-boost|p1a: Tyranitar|spe|1\n|\n|-weather|Sandstorm|[upkeep]\n|upkeep\n|turn|13\n|\n|t:|1782804139\n|move|p1a: Tyranitar|Knock Off|p2a: Orthworm\n|-damage|p2a: Orthworm|138/266\n|-enditem|p2a: Orthworm|Chesto Berry|[from] move: Knock Off|[of] p1a: Tyranitar\n|move|p2a: Orthworm|Coil|p2a: Orthworm\n|-boost|p2a: Orthworm|atk|1\n|-boost|p2a: Orthworm|def|1\n|-boost|p2a: Orthworm|accuracy|1\n|\n|-weather|Sandstorm|[upkeep]\n|upkeep\n|turn|14\n|j| d.stevey\n|\n|t:|1782804145\n|switch|p1a: Lycanroc|Lycanroc-Midnight, L89, M|171/296\n|move|p2a: Orthworm|Body Press|p1a: Lycanroc\n|-supereffective|p1a: Lycanroc\n|-damage|p1a: Lycanroc|0 fnt\n|faint|p1a: Lycanroc\n|\n|-weather|Sandstorm|[upkeep]\n|upkeep\n|\n|t:|1782804148\n|switch|p1a: Chi-Yu|Chi-Yu, L77|211/211\n|-ability|p1a: Chi-Yu|Beads of Ruin\n|turn|15\n|\n|t:|1782804162\n|switch|p2a: Hydreigon|Hydreigon, L79, F|241/275\n|-damage|p2a: Hydreigon|207/275|[from] Stealth Rock\n|move|p1a: Chi-Yu|Nasty Plot|p1a: Chi-Yu\n|-boost|p1a: Chi-Yu|spa|2\n|\n|-weather|Sandstorm|[upkeep]\n|-damage|p2a: Hydreigon|190/275|[from] Sandstorm\n|-damage|p1a: Chi-Yu|198/211|[from] Sandstorm\n|upkeep\n|turn|16\n|\n|t:|1782804176\n|-terastallize|p1a: Chi-Yu|Fire\n|move|p2a: Hydreigon|Draco Meteor|p1a: Chi-Yu\n|-damage|p1a: Chi-Yu|72/211\n|-unboost|p2a: Hydreigon|spa|2\n|move|p1a: Chi-Yu|Fire Blast|p2a: Hydreigon\n|-resisted|p2a: Hydreigon\n|-damage|p2a: Hydreigon|0 fnt\n|faint|p2a: Hydreigon\n|\n|-weather|none\n|upkeep\n|inactive|JustOut459 has 120 seconds left.\n|\n|t:|1782804211\n|switch|p2a: Toxicroak|Toxicroak, L84, M|277/277\n|-damage|p2a: Toxicroak|260/277|[from] Stealth Rock\n|-activate|p2a: Toxicroak|move: Sticky Web\n|-unboost|p2a: Toxicroak|spe|1\n|turn|17\n|\n|t:|1782804218\n|-terastallize|p2a: Toxicroak|Ground\n|move|p1a: Chi-Yu|Fire Blast|p2a: Toxicroak\n|-damage|p2a: Toxicroak|0 fnt\n|faint|p2a: Toxicroak\n|\n|upkeep\n|-message|JustOut459 forfeited.\n|\n|win|sarodiya\n", "inputlog": ">version f8ac14003a5f27e1bdc8d8c59608a773c1cb96e5\n>start {\"formatid\":\"gen9randombattle\",\"seed\":\"sodium,906e2062b1de86d7415a6adb63f092d4\",\"rated\":\"Rated battle\"}\n>player p1 {\"name\":\"sarodiya\",\"avatar\":\"265\",\"rating\":2371,\"seed\":\"sodium,2f187e39a7aeffce70a1fd5a90a8006a\"}\n>player p2 {\"name\":\"JustOut459\",\"avatar\":\"#rbtt9faction2\",\"rating\":2434,\"seed\":\"sodium,2465f34d53b8f86128373a2f0587a661\"}\n>p1 move knockoff\n>p2 move bodyslam\n>p1 move stealthrock\n>p2 switch 5\n>p1 move knockoff\n>p2 switch 5\n>p1 move knockoff\n>p2 move roost\n>p2 switch 2\n>p1 switch 5\n>p2 move closecombat\n>p1 move moonblast\n>p2 move overheat\n>p1 switch 6\n>p2 move closecombat\n>p1 move whirlpool\n>p2 move machpunch\n>p1 switch 6\n>p1 move knockoff\n>p2 move closecombat\n>p1 switch 2\n>p2 switch 4\n>p1 move stickyweb\n>p2 move fireblast\n>p1 move spikes\n>p2 move fireblast\n>p1 switch 3\n>p1 move dragondance\n>p2 switch 6\n>p1 move knockoff\n>p2 move coil\n>p1 switch 5\n>p2 move bodypress\n>p1 switch 4\n>p1 move nastyplot\n>p2 switch 6\n>p1 move fireblast terastallize\n>p2 move dracometeor\n>p2 switch 3\n>p1 move fireblast\n>p2 move earthquake terastallize\n>forcelose p2", "uploadtime": 1782803974, "views": 3, "formatid": "gen9randombattle", "rating": null, "private": 0, "password": null, "player_dets": [{"name": "sarodiya", "avatar": "265", "rating": 2371, "seed": "sodium,2f187e39a7aeffce70a1fd5a90a8006a"}, {"name": "JustOut459", "avatar": "#rbtt9faction2", "rating": 2434, "seed": "sodium,2465f34d53b8f86128373a2f0587a661"}], "teams_full": [{"Lycanroc": {"name": "Lycanroc", "species": "Lycanroc-Midnight", "speciesId": "lycanrocmidnight", "gender": "M", "shiny": false, "level": 89, "moves": ["stoneedge", "knockoff", "closecombat", "stealthrock"], "ability": "No Guard", "evs": {"hp": 85, "atk": 85, "def": 85, "spa": 85, "spd": 85, "spe": 85}, "ivs": {"hp": 31, "atk": 31, "def": 31, "spa": 31, "spd": 31, "spe": 31}, "item": "Life Orb", "teraType": "Fighting", "role": "Fast Attacker", "bvs": {"hp": 85, "atk": 115, "def": 75, "spa": 55, "spd": 75, "spe": 82}, "stats": {"hp": 296, "atk": 255, "def": 184, "spa": 149, "spd": 184, "spe": 197}, "types": ["Rock"]}, "Spidops": {"name": "Spidops", "species": "Spidops", "speciesId": "spidops", "gender": "F", "shiny": false, "level": 96, "moves": ["stickyweb", "toxicspikes", "circlethrow", "spikes"], "ability": "Stakeout", "evs": {"hp": 85, "atk": 85, "def": 85, "spa": 85, "spd": 85, "spe": 85}, "ivs": {"hp": 31, "atk": 31, "def": 31, "spa": 31, "spd": 31, "spe": 31}, "item": "Heavy-Duty Boots", "teraType": "Ghost", "role": "Bulky Support", "bvs": {"hp": 60, "atk": 79, "def": 92, "spa": 52, "spd": 86, "spe": 35}, "stats": {"hp": 271, "atk": 206, "def": 231, "spa": 154, "spd": 220, "spe": 122}, "types": ["Bug"]}, "Tyranitar": {"name": "Tyranitar", "species": "Tyranitar", "speciesId": "tyranitar", "gender": "M", "shiny": false, "level": 78, "moves": ["stoneedge", "knockoff", "earthquake", "dragondance"], "ability": "Sand Stream", "evs": {"hp": 85, "atk": 85, "def": 85, "spa": 85, "spd": 85, "spe": 85}, "ivs": {"hp": 31, "atk": 31, "def": 31, "spa": 31, "spd": 31, "spe": 31}, "item": "Weakness Policy", "teraType": "Ghost", "role": "Bulky Setup", "bvs": {"hp": 100, "atk": 134, "def": 110, "spa": 95, "spd": 100, "spe": 61}, "stats": {"hp": 284, "atk": 254, "def": 217, "spa": 193, "spd": 201, "spe": 140}, "types": ["Rock", "Dark"]}, "Chi-Yu": {"name": "Chi-Yu", "species": "Chi-Yu", "speciesId": "chiyu", "gender": "N", "shiny": false, "level": 77, "moves": ["willowisp", "fireblast", "darkpulse", "nastyplot"], "ability": "Beads of Ruin", "evs": {"hp": 85, "atk": 0, "def": 85, "spa": 85, "spd": 85, "spe": 85}, "ivs": {"hp": 31, "atk": 0, "def": 31, "spa": 31, "spd": 31, "spe": 31}, "item": "Heavy-Duty Boots", "teraType": "Fire", "role": "Setup Sweeper", "bvs": {"hp": 55, "atk": 80, "def": 80, "spa": 135, "spd": 120, "spe": 100}, "stats": {"hp": 211, "atk": 128, "def": 168, "spa": 252, "spd": 229, "spe": 199}, "types": ["Dark", "Fire"]}, "Clefable": {"name": "Clefable", "species": "Clefable", "speciesId": "clefable", "gender": "F", "shiny": false, "level": 83, "moves": ["knockoff", "fireblast", "moonlight", "moonblast"], "ability": "Unaware", "evs": {"hp": 85, "atk": 85, "def": 85, "spa": 85, "spd": 85, "spe": 85}, "ivs": {"hp": 31, "atk": 31, "def": 31, "spa": 31, "spd": 31, "spe": 31}, "item": "Leftovers", "teraType": "Steel", "role": "Bulky Support", "bvs": {"hp": 95, "atk": 70, "def": 73, "spa": 95, "spd": 90, "spe": 60}, "stats": {"hp": 293, "atk": 164, "def": 169, "spa": 205, "spd": 197, "spe": 147}, "types": ["Fairy"]}, "Luvdisc": {"name": "Luvdisc", "species": "Luvdisc", "speciesId": "luvdisc", "gender": "M", "shiny": false, "level": 100, "moves": ["endeavor", "surf", "substitute", "whirlpool"], "ability": "Swift Swim", "evs": {"hp": 81, "atk": 0, "def": 85, "spa": 85, "spd": 85, "spe": 85}, "ivs": {"hp": 31, "atk": 0, "def": 31, "spa": 31, "spd": 31, "spe": 31}, "item": "Heavy-Duty Boots", "teraType": "Ghost", "role": "Fast Support", "bvs": {"hp": 43, "atk": 30, "def": 55, "spa": 40, "spd": 65, "spe": 97}, "stats": {"hp": 247, "atk": 65, "def": 167, "spa": 137, "spd": 187, "spe": 251}, "types": ["Water"]}}, {"Dunsparce": {"name": "Dunsparce", "species": "Dunsparce", "speciesId": "dunsparce", "gender": "M", "shiny": false, "level": 86, "moves": ["earthquake", "coil", "roost", "bodyslam"], "ability": "Serene Grace", "evs": {"hp": 85, "atk": 85, "def": 85, "spa": 85, "spd": 85, "spe": 85}, "ivs": {"hp": 31, "atk": 31, "def": 31, "spa": 31, "spd": 31, "spe": 31}, "item": "Eviolite", "teraType": "Ghost", "role": "Bulky Setup", "bvs": {"hp": 100, "atk": 70, "def": 70, "spa": 65, "spd": 65, "spe": 45}, "stats": {"hp": 312, "atk": 170, "def": 170, "spa": 161, "spd": 161, "spe": 127}, "types": ["Normal"]}, "Infernape": {"name": "Infernape", "species": "Infernape", "speciesId": "infernape", "gender": "F", "shiny": false, "level": 82, "moves": ["stoneedge", "machpunch", "closecombat", "overheat"], "ability": "Iron Fist", "evs": {"hp": 85, "atk": 85, "def": 85, "spa": 85, "spd": 85, "spe": 85}, "ivs": {"hp": 31, "atk": 31, "def": 31, "spa": 31, "spd": 31, "spe": 31}, "item": "Life Orb", "teraType": "Fighting", "role": "Fast Attacker", "bvs": {"hp": 76, "atk": 104, "def": 71, "spa": 104, "spd": 71, "spe": 108}, "stats": {"hp": 259, "atk": 218, "def": 164, "spa": 218, "spd": 164, "spe": 224}, "types": ["Fire", "Fighting"]}, "Toxicroak": {"name": "Toxicroak", "species": "Toxicroak", "speciesId": "toxicroak", "gender": "M", "shiny": false, "level": 84, "moves": ["gunkshot", "earthquake", "swordsdance", "closecombat"], "ability": "Dry Skin", "evs": {"hp": 85, "atk": 85, "def": 85, "spa": 85, "spd": 85, "spe": 85}, "ivs": {"hp": 31, "atk": 31, "def": 31, "spa": 31, "spd": 31, "spe": 31}, "item": "Life Orb", "teraType": "Ground", "role": "Setup Sweeper", "bvs": {"hp": 83, "atk": 106, "def": 65, "spa": 86, "spd": 65, "spe": 85}, "stats": {"hp": 277, "atk": 226, "def": 157, "spa": 193, "spd": 157, "spe": 191}, "types": ["Poison", "Fighting"]}, "Hydreigon": {"name": "Hydreigon", "species": "Hydreigon", "speciesId": "hydreigon", "gender": "F", "shiny": false, "level": 79, "moves": ["dracometeor", "flashcannon", "darkpulse", "fireblast"], "ability": "Levitate", "evs": {"hp": 85, "atk": 0, "def": 85, "spa": 85, "spd": 85, "spe": 85}, "ivs": {"hp": 31, "atk": 0, "def": 31, "spa": 31, "spd": 31, "spe": 31}, "item": "Choice Scarf", "teraType": "Fire", "role": "Fast Attacker", "bvs": {"hp": 92, "atk": 105, "def": 90, "spa": 125, "spd": 90, "spe": 98}, "stats": {"hp": 275, "atk": 170, "def": 188, "spa": 243, "spd": 188, "spe": 200}, "types": ["Dark", "Dragon"]}, "Calyrex": {"name": "Calyrex", "species": "Calyrex-Shadow", "speciesId": "calyrexshadow", "gender": "N", "shiny": false, "level": 64, "moves": ["nastyplot", "pollenpuff", "psyshock", "astralbarrage"], "ability": "As One (Spectrier)", "evs": {"hp": 85, "atk": 0, "def": 85, "spa": 85, "spd": 85, "spe": 85}, "ivs": {"hp": 31, "atk": 0, "def": 31, "spa": 31, "spd": 31, "spe": 31}, "item": "Life Orb", "teraType": "Ghost", "role": "Fast Attacker", "bvs": {"hp": 100, "atk": 85, "def": 80, "spa": 165, "spd": 100, "spe": 150}, "stats": {"hp": 235, "atk": 113, "def": 140, "spa": 249, "spd": 166, "spe": 230}, "types": ["Psychic", "Ghost"]}, "Orthworm": {"name": "Orthworm", "species": "Orthworm", "speciesId": "orthworm", "gender": "F", "shiny": false, "level": 88, "moves": ["coil", "bodypress", "irontail", "rest"], "ability": "Earth Eater", "evs": {"hp": 85, "atk": 85, "def": 85, "spa": 85, "spd": 85, "spe": 85}, "ivs": {"hp": 31, "atk": 31, "def": 31, "spa": 31, "spd": 31, "spe": 31}, "item": "Chesto Berry", "teraType": "Electric", "role": "Bulky Setup", "bvs": {"hp": 70, "atk": 85, "def": 145, "spa": 60, "spd": 55, "spe": 65}, "stats": {"hp": 266, "atk": 200, "def": 305, "spa": 156, "spd": 147, "spe": 165}, "types": ["Steel"]}}]}