{"id": "gen9randombattle-2641476352", "format": "[Gen 9] Random Battle", "players": ["mr012", "Fortre"], "log": "|j|\u2606mr012\n|j|\u2606Fortre\n|t:|1782790824\n|gametype|singles\n|player|p1|mr012|169|1948\n|player|p2|Fortre|101|2026\n|gen|9\n|tier|[Gen 9] Random Battle\n|rated|\n|rule|Species Clause: Limit one of each Pok\u00e9mon\n|rule|HP Percentage Mod: HP is shown in percentages\n|rule|Sleep Clause Mod: Limit one foe put to sleep\n|rule|Illusion Level Mod: Illusion disguises the Pok\u00e9mon's true level\n|\n|t:|1782790824\n|teamsize|p1|6\n|teamsize|p2|6\n|start\n|switch|p1a: Iron Moth|Iron Moth, L78|253/253\n|switch|p2a: Grimmsnarl|Grimmsnarl, L83, M|293/293\n|turn|1\n|\n|t:|1782790832\n|move|p2a: Grimmsnarl|Thunder Wave|p1a: Iron Moth\n|-status|p1a: Iron Moth|par\n|cant|p1a: Iron Moth|par\n|\n|upkeep\n|turn|2\n|inactive|Battle timer is ON: inactive players will automatically lose when time's up. (requested by mr012)\n|\n|t:|1782790843\n|switch|p2a: Krookodile|Krookodile, L79, F|280/280\n|-ability|p2a: Krookodile|Intimidate|boost\n|-unboost|p1a: Iron Moth|atk|1\n|cant|p1a: Iron Moth|par\n|\n|upkeep\n|turn|3\n|\n|t:|1782790853\n|-end|p1a: Iron Moth|Quark Drive|[silent]\n|switch|p1a: Skarmory|Skarmory, L80, M|235/235\n|move|p2a: Krookodile|Knock Off|p1a: Skarmory\n|-damage|p1a: Skarmory|121/235\n|-damage|p2a: Krookodile|234/280|[from] item: Rocky Helmet|[of] p1a: Skarmory\n|-enditem|p1a: Skarmory|Rocky Helmet|[from] move: Knock Off|[of] p2a: Krookodile\n|\n|upkeep\n|turn|4\n|\n|t:|1782790860\n|switch|p2a: Iron Moth|Iron Moth, L78|253/253\n|move|p1a: Skarmory|Roost|p1a: Skarmory\n|-heal|p1a: Skarmory|235/235\n|-singleturn|p1a: Skarmory|move: Roost\n|\n|upkeep\n|turn|5\n|\n|t:|1782790863\n|move|p2a: Iron Moth|Fire Blast|p1a: Skarmory\n|-supereffective|p1a: Skarmory\n|-ability|p1a: Skarmory|Sturdy\n|-damage|p1a: Skarmory|1/235\n|move|p1a: Skarmory|Spikes|p2a: Iron Moth\n|-sidestart|p2: Fortre|Spikes\n|\n|upkeep\n|turn|6\n|\n|t:|1782790867\n|move|p2a: Iron Moth|Energy Ball|p1a: Skarmory\n|-resisted|p1a: Skarmory\n|-damage|p1a: Skarmory|0 fnt\n|faint|p1a: Skarmory\n|\n|upkeep\n|\n|t:|1782790869\n|switch|p1a: Iron Moth|Iron Moth, L78|253/253 par\n|turn|7\n|\n|t:|1782790875\n|-end|p2a: Iron Moth|Quark Drive|[silent]\n|switch|p2a: Krookodile|Krookodile, L79, F|234/280\n|-damage|p2a: Krookodile|199/280|[from] Spikes\n|-ability|p2a: Krookodile|Intimidate|boost\n|-unboost|p1a: Iron Moth|atk|1\n|move|p1a: Iron Moth|Toxic Spikes|p2a: Krookodile\n|-sidestart|p2: Fortre|move: Toxic Spikes\n|\n|upkeep\n|turn|8\n|\n|t:|1782790880\n|-end|p1a: Iron Moth|Quark Drive|[silent]\n|switch|p1a: Passimian|Passimian, L83, F|302/302\n|move|p2a: Krookodile|Earthquake|p1a: Passimian\n|-damage|p1a: Passimian|134/302\n|\n|upkeep\n|turn|9\n|\n|t:|1782790884\n|move|p2a: Krookodile|Earthquake|p1a: Passimian\n|-damage|p1a: Passimian|0 fnt\n|faint|p1a: Passimian\n|\n|upkeep\n|\n|t:|1782790887\n|switch|p1a: Trevenant|Trevenant, L89, F|296/296\n|turn|10\n|\n|t:|1782790892\n|switch|p2a: Iron Moth|Iron Moth, L78|253/253\n|-sideend|p2: Fortre|move: Toxic Spikes|[of] p2a: Iron Moth\n|move|p1a: Trevenant|Drain Punch|p2a: Iron Moth\n|-resisted|p2a: Iron Moth\n|-damage|p2a: Iron Moth|205/253\n|\n|upkeep\n|turn|11\n|\n|t:|1782790895\n|move|p2a: Iron Moth|Fire Blast|p1a: Trevenant\n|-supereffective|p1a: Trevenant\n|-damage|p1a: Trevenant|18/296\n|-enditem|p1a: Trevenant|Sitrus Berry|[eat]\n|-heal|p1a: Trevenant|92/296|[from] item: Sitrus Berry\n|move|p1a: Trevenant|Poltergeist|p2a: Iron Moth\n|-activate|p2a: Iron Moth|move: Poltergeist|Heavy-Duty Boots\n|-damage|p2a: Iron Moth|0 fnt\n|faint|p2a: Iron Moth\n|-end|p2a: Iron Moth|Quark Drive|[silent]\n|\n|-item|p1a: Trevenant|Sitrus Berry|[from] ability: Harvest\n|upkeep\n|-enditem|p1a: Trevenant|Sitrus Berry|[eat]\n|-heal|p1a: Trevenant|166/296|[from] item: Sitrus Berry\n|\n|t:|1782790903\n|switch|p2a: Krookodile|Krookodile, L79, F|199/280\n|-damage|p2a: Krookodile|164/280|[from] Spikes\n|-ability|p2a: Krookodile|Intimidate|boost\n|-unboost|p1a: Trevenant|atk|1\n|turn|12\n|\n|t:|1782790907\n|move|p1a: Trevenant|Protect|p1a: Trevenant\n|-singleturn|p1a: Trevenant|Protect\n|move|p2a: Krookodile|Knock Off|p1a: Trevenant\n|-activate|p1a: Trevenant|move: Protect\n|\n|-item|p1a: Trevenant|Sitrus Berry|[from] ability: Harvest\n|upkeep\n|turn|13\n|\n|t:|1782790917\n|-terastallize|p1a: Trevenant|Fighting\n|move|p2a: Krookodile|Knock Off|p1a: Trevenant\n|-resisted|p1a: Trevenant\n|-damage|p1a: Trevenant|81/296\n|-enditem|p1a: Trevenant|Sitrus Berry|[from] move: Knock Off|[of] p2a: Krookodile\n|move|p1a: Trevenant|Drain Punch|p2a: Krookodile\n|-supereffective|p2a: Krookodile\n|-damage|p2a: Krookodile|20/280\n|-heal|p1a: Trevenant|153/296|[from] drain|[of] p2a: Krookodile\n|\n|upkeep\n|turn|14\n|\n|t:|1782790923\n|move|p2a: Krookodile|Knock Off|p1a: Trevenant\n|-resisted|p1a: Trevenant\n|-damage|p1a: Trevenant|100/296\n|move|p1a: Trevenant|Drain Punch|p2a: Krookodile\n|-supereffective|p2a: Krookodile\n|-damage|p2a: Krookodile|0 fnt\n|-heal|p1a: Trevenant|110/296|[from] drain|[of] p2a: Krookodile\n|faint|p2a: Krookodile\n|\n|upkeep\n|\n|t:|1782790926\n|switch|p2a: Grimmsnarl|Grimmsnarl, L83, M|293/293\n|-damage|p2a: Grimmsnarl|257/293|[from] Spikes\n|turn|15\n|\n|t:|1782790930\n|move|p1a: Trevenant|Toxic|p2a: Grimmsnarl\n|-status|p2a: Grimmsnarl|tox\n|move|p2a: Grimmsnarl|Spirit Break|p1a: Trevenant\n|-supereffective|p1a: Trevenant\n|-damage|p1a: Trevenant|0 fnt\n|faint|p1a: Trevenant\n|\n|-heal|p2a: Grimmsnarl|275/293 tox|[from] item: Leftovers\n|-damage|p2a: Grimmsnarl|257/293 tox|[from] psn\n|upkeep\n|\n|t:|1782790934\n|switch|p1a: Iron Moth|Iron Moth, L78|253/253 par\n|turn|16\n|\n|t:|1782790938\n|move|p2a: Grimmsnarl|Spirit Break|p1a: Iron Moth\n|-resisted|p1a: Iron Moth\n|-damage|p1a: Iron Moth|222/253 par\n|-unboost|p1a: Iron Moth|spa|1\n|move|p1a: Iron Moth|Sludge Wave|p2a: Grimmsnarl\n|-supereffective|p2a: Grimmsnarl\n|-damage|p2a: Grimmsnarl|87/293 tox\n|\n|-heal|p2a: Grimmsnarl|105/293 tox|[from] item: Leftovers\n|-damage|p2a: Grimmsnarl|69/293 tox|[from] psn\n|upkeep\n|turn|17\n|\n|t:|1782790942\n|move|p2a: Grimmsnarl|Sucker Punch|p1a: Iron Moth\n|-damage|p1a: Iron Moth|102/253 par\n|cant|p1a: Iron Moth|par\n|\n|-heal|p2a: Grimmsnarl|87/293 tox|[from] item: Leftovers\n|-damage|p2a: Grimmsnarl|33/293 tox|[from] psn\n|upkeep\n|turn|18\n|\n|t:|1782790947\n|move|p2a: Grimmsnarl|Spirit Break|p1a: Iron Moth\n|-resisted|p1a: Iron Moth\n|-damage|p1a: Iron Moth|69/253 par\n|-unboost|p1a: Iron Moth|spa|1\n|cant|p1a: Iron Moth|par\n|\n|-heal|p2a: Grimmsnarl|51/293 tox|[from] item: Leftovers\n|-damage|p2a: Grimmsnarl|0 fnt|[from] psn\n|faint|p2a: Grimmsnarl\n|upkeep\n|\n|t:|1782790951\n|switch|p2a: Vigoroth|Vigoroth, L85, M|275/275\n|-damage|p2a: Vigoroth|241/275|[from] Spikes\n|turn|19\n|\n|t:|1782790955\n|move|p2a: Vigoroth|Body Slam|p1a: Iron Moth\n|-damage|p1a: Iron Moth|0 fnt\n|faint|p1a: Iron Moth\n|-end|p1a: Iron Moth|Quark Drive|[silent]\n|\n|upkeep\n|\n|t:|1782790957\n|switch|p1a: Skeledirge|Skeledirge, L79, M|294/294\n|turn|20\n|\n|t:|1782790962\n|move|p2a: Vigoroth|Knock Off|p1a: Skeledirge\n|-supereffective|p1a: Skeledirge\n|-damage|p1a: Skeledirge|172/294\n|-enditem|p1a: Skeledirge|Heavy-Duty Boots|[from] move: Knock Off|[of] p2a: Vigoroth\n|move|p1a: Skeledirge|Will-O-Wisp|p2a: Vigoroth\n|-status|p2a: Vigoroth|brn\n|\n|-damage|p2a: Vigoroth|224/275 brn|[from] brn\n|upkeep\n|turn|21\n|\n|t:|1782790965\n|switch|p2a: Azelf|Azelf, L82|257/257\n|move|p1a: Skeledirge|Slack Off|p1a: Skeledirge\n|-heal|p1a: Skeledirge|294/294\n|\n|upkeep\n|turn|22\n|\n|t:|1782790969\n|move|p2a: Azelf|Psychic|p1a: Skeledirge\n|-damage|p1a: Skeledirge|133/294\n|-damage|p2a: Azelf|232/257|[from] item: Life Orb\n|move|p1a: Skeledirge|Hex|p2a: Azelf\n|-supereffective|p2a: Azelf\n|-damage|p2a: Azelf|68/257\n|\n|upkeep\n|turn|23\n|\n|t:|1782790973\n|move|p2a: Azelf|Psychic|p1a: Skeledirge\n|-damage|p1a: Skeledirge|0 fnt\n|faint|p1a: Skeledirge\n|-damage|p2a: Azelf|43/257|[from] item: Life Orb\n|\n|upkeep\n|\n|t:|1782790977\n|switch|p1a: Espeon|Espeon, L84, F|246/246\n|turn|24\n|\n|t:|1782790981\n|-terastallize|p2a: Azelf|Dark\n|move|p2a: Azelf|Knock Off|p1a: Espeon\n|-supereffective|p1a: Espeon\n|-damage|p1a: Espeon|0 fnt\n|-enditem|p1a: Espeon|Life Orb|[from] move: Knock Off|[of] p2a: Azelf\n|faint|p1a: Espeon\n|-damage|p2a: Azelf|18/257|[from] item: Life Orb\n|\n|win|Fortre\n", "inputlog": ">version f8ac14003a5f27e1bdc8d8c59608a773c1cb96e5\n>start {\"formatid\":\"gen9randombattle\",\"seed\":\"sodium,013bf74d77bc62687045fd3212352e7c\",\"rated\":\"Rated battle\"}\n>player p1 {\"name\":\"mr012\",\"avatar\":\"169\",\"rating\":1948,\"seed\":\"sodium,bb04793095d8e617d000c247761be753\"}\n>player p2 {\"name\":\"Fortre\",\"avatar\":\"101\",\"rating\":2026,\"seed\":\"sodium,29d636d2d2dfae3c99d742c50f9fa852\"}\n>p1 move toxicspikes\n>p2 move thunderwave\n>p1 move toxicspikes\n>p2 switch 4\n>p1 switch 5\n>p2 move knockoff\n>p1 move roost\n>p2 switch 5\n>p1 move spikes\n>p2 move fireblast\n>p1 move bravebird\n>p2 move energyball\n>p1 switch 5\n>p1 move toxicspikes\n>p2 switch 5\n>p1 switch 2\n>p2 move earthquake\n>p1 move closecombat\n>p2 move earthquake\n>p1 switch 3\n>p1 move drainpunch\n>p2 switch 5\n>p1 move poltergeist\n>p2 move fireblast\n>p2 switch 5\n>p1 move protect\n>p2 move knockoff\n>p1 move drainpunch terastallize\n>p2 move knockoff\n>p1 move drainpunch\n>p2 move knockoff\n>p2 switch 4\n>p1 move toxic\n>p2 move spiritbreak\n>p1 switch 2\n>p1 move sludgewave\n>p2 move spiritbreak\n>p1 move sludgewave\n>p2 move suckerpunch\n>p1 move morningsun\n>p2 move spiritbreak\n>p2 switch 3\n>p1 move sludgewave\n>p2 move bodyslam\n>p1 switch 4\n>p1 move willowisp\n>p2 move knockoff\n>p1 move slackoff\n>p2 switch 2\n>p1 move hex\n>p2 move psychic\n>p1 move hex\n>p2 move psychic\n>p1 switch 6\n>p1 move morningsun\n>p2 move knockoff terastallize", "uploadtime": 1782790826, "views": 5, "formatid": "gen9randombattle", "rating": null, "private": 0, "password": null, "player_dets": [{"name": "mr012", "avatar": "169", "rating": 1948, "seed": "sodium,bb04793095d8e617d000c247761be753"}, {"name": "Fortre", "avatar": "101", "rating": 2026, "seed": "sodium,29d636d2d2dfae3c99d742c50f9fa852"}], "teams_full": [{"Iron Moth": {"name": "Iron Moth", "species": "Iron Moth", "speciesId": "ironmoth", "gender": "N", "shiny": false, "level": 78, "moves": ["toxicspikes", "sludgewave", "morningsun", "fireblast"], "ability": "Quark Drive", "evs": {"hp": 85, "atk": 0, "def": 85, "spa": 85, "spd": 85, "spe": 85}, "ivs": {"hp": 31, "atk": 0, "def": 31, "spa": 31, "spd": 31, "spe": 31}, "item": "Heavy-Duty Boots", "teraType": "Fire", "role": "Fast Attacker", "bvs": {"hp": 80, "atk": 70, "def": 60, "spa": 140, "spd": 110, "spe": 110}, "stats": {"hp": 253, "atk": 114, "def": 139, "spa": 263, "spd": 217, "spe": 217}, "types": ["Fire", "Poison"]}, "Passimian": {"name": "Passimian", "species": "Passimian", "speciesId": "passimian", "gender": "F", "shiny": false, "level": 83, "moves": ["rockslide", "earthquake", "knockoff", "closecombat"], "ability": "Defiant", "evs": {"hp": 85, "atk": 85, "def": 85, "spa": 85, "spd": 85, "spe": 85}, "ivs": {"hp": 31, "atk": 31, "def": 31, "spa": 31, "spd": 31, "spe": 31}, "item": "Choice Band", "teraType": "Fighting", "role": "Fast Attacker", "bvs": {"hp": 100, "atk": 120, "def": 90, "spa": 40, "spd": 60, "spe": 80}, "stats": {"hp": 302, "atk": 247, "def": 197, "spa": 114, "spd": 147, "spe": 180}, "types": ["Fighting"]}, "Trevenant": {"name": "Trevenant", "species": "Trevenant", "speciesId": "trevenant", "gender": "F", "shiny": false, "level": 89, "moves": ["toxic", "poltergeist", "drainpunch", "protect"], "ability": "Harvest", "evs": {"hp": 85, "atk": 85, "def": 85, "spa": 85, "spd": 85, "spe": 85}, "ivs": {"hp": 31, "atk": 31, "def": 31, "spa": 31, "spd": 31, "spe": 31}, "item": "Sitrus Berry", "teraType": "Fighting", "role": "Bulky Support", "bvs": {"hp": 85, "atk": 110, "def": 76, "spa": 65, "spd": 82, "spe": 56}, "stats": {"hp": 296, "atk": 247, "def": 186, "spa": 166, "spd": 197, "spe": 150}, "types": ["Ghost", "Grass"]}, "Skeledirge": {"name": "Skeledirge", "species": "Skeledirge", "speciesId": "skeledirge", "gender": "M", "shiny": false, "level": 79, "moves": ["willowisp", "torchsong", "slackoff", "hex"], "ability": "Unaware", "evs": {"hp": 85, "atk": 0, "def": 85, "spa": 85, "spd": 85, "spe": 85}, "ivs": {"hp": 31, "atk": 0, "def": 31, "spa": 31, "spd": 31, "spe": 31}, "item": "Heavy-Duty Boots", "teraType": "Fairy", "role": "Bulky Support", "bvs": {"hp": 104, "atk": 75, "def": 100, "spa": 110, "spd": 75, "spe": 66}, "stats": {"hp": 294, "atk": 123, "def": 204, "spa": 219, "spd": 164, "spe": 150}, "types": ["Fire", "Ghost"]}, "Skarmory": {"name": "Skarmory", "species": "Skarmory", "speciesId": "skarmory", "gender": "M", "shiny": false, "level": 80, "moves": ["bravebird", "bodypress", "spikes", "roost"], "ability": "Sturdy", "evs": {"hp": 85, "atk": 85, "def": 85, "spa": 85, "spd": 85, "spe": 85}, "ivs": {"hp": 31, "atk": 31, "def": 31, "spa": 31, "spd": 31, "spe": 31}, "item": "Rocky Helmet", "teraType": "Dragon", "role": "Bulky Attacker", "bvs": {"hp": 65, "atk": 80, "def": 140, "spa": 40, "spd": 70, "spe": 70}, "stats": {"hp": 235, "atk": 174, "def": 270, "spa": 110, "spd": 158, "spe": 158}, "types": ["Steel", "Flying"]}, "Espeon": {"name": "Espeon", "species": "Espeon", "speciesId": "espeon", "gender": "F", "shiny": false, "level": 84, "moves": ["morningsun", "psyshock", "alluringvoice", "shadowball"], "ability": "Magic Bounce", "evs": {"hp": 85, "atk": 0, "def": 85, "spa": 85, "spd": 85, "spe": 85}, "ivs": {"hp": 31, "atk": 0, "def": 31, "spa": 31, "spd": 31, "spe": 31}, "item": "Life Orb", "teraType": "Psychic", "role": "Fast Attacker", "bvs": {"hp": 65, "atk": 65, "def": 60, "spa": 130, "spd": 95, "spe": 110}, "stats": {"hp": 246, "atk": 114, "def": 149, "spa": 267, "spd": 208, "spe": 233}, "types": ["Psychic"]}}, {"Grimmsnarl": {"name": "Grimmsnarl", "species": "Grimmsnarl", "speciesId": "grimmsnarl", "gender": "M", "shiny": false, "level": 83, "moves": ["suckerpunch", "thunderwave", "spiritbreak", "taunt"], "ability": "Prankster", "evs": {"hp": 85, "atk": 85, "def": 85, "spa": 85, "spd": 85, "spe": 85}, "ivs": {"hp": 31, "atk": 31, "def": 31, "spa": 31, "spd": 31, "spe": 31}, "item": "Leftovers", "teraType": "Steel", "role": "Bulky Attacker", "bvs": {"hp": 95, "atk": 120, "def": 65, "spa": 95, "spd": 75, "spe": 60}, "stats": {"hp": 293, "atk": 247, "def": 156, "spa": 205, "spd": 172, "spe": 147}, "types": ["Dark", "Fairy"]}, "Azelf": {"name": "Azelf", "species": "Azelf", "speciesId": "azelf", "gender": "N", "shiny": false, "level": 82, "moves": ["psychic", "knockoff", "fireblast", "stealthrock"], "ability": "Levitate", "evs": {"hp": 85, "atk": 85, "def": 85, "spa": 85, "spd": 85, "spe": 85}, "ivs": {"hp": 31, "atk": 31, "def": 31, "spa": 31, "spd": 31, "spe": 31}, "item": "Life Orb", "teraType": "Dark", "role": "Fast Support", "bvs": {"hp": 75, "atk": 125, "def": 70, "spa": 125, "spd": 70, "spe": 115}, "stats": {"hp": 257, "atk": 252, "def": 162, "spa": 252, "spd": 162, "spe": 236}, "types": ["Psychic"]}, "Vigoroth": {"name": "Vigoroth", "species": "Vigoroth", "speciesId": "vigoroth", "gender": "M", "shiny": false, "level": 85, "moves": ["slackoff", "knockoff", "bulkup", "bodyslam"], "ability": "Vital Spirit", "evs": {"hp": 85, "atk": 85, "def": 85, "spa": 85, "spd": 85, "spe": 85}, "ivs": {"hp": 31, "atk": 31, "def": 31, "spa": 31, "spd": 31, "spe": 31}, "item": "Eviolite", "teraType": "Ghost", "role": "Bulky Setup", "bvs": {"hp": 80, "atk": 80, "def": 80, "spa": 55, "spd": 55, "spe": 90}, "stats": {"hp": 275, "atk": 185, "def": 185, "spa": 142, "spd": 142, "spe": 202}, "types": ["Normal"]}, "Krookodile": {"name": "Krookodile", "species": "Krookodile", "speciesId": "krookodile", "gender": "F", "shiny": false, "level": 79, "moves": ["stoneedge", "knockoff", "gunkshot", "earthquake"], "ability": "Intimidate", "evs": {"hp": 85, "atk": 85, "def": 85, "spa": 85, "spd": 85, "spe": 85}, "ivs": {"hp": 31, "atk": 31, "def": 31, "spa": 31, "spd": 31, "spe": 31}, "item": "Choice Band", "teraType": "Poison", "role": "Fast Attacker", "bvs": {"hp": 95, "atk": 117, "def": 80, "spa": 65, "spd": 70, "spe": 92}, "stats": {"hp": 280, "atk": 230, "def": 172, "spa": 148, "spd": 156, "spe": 191}, "types": ["Ground", "Dark"]}, "Iron Moth": {"name": "Iron Moth", "species": "Iron Moth", "speciesId": "ironmoth", "gender": "N", "shiny": false, "level": 78, "moves": ["toxicspikes", "sludgewave", "energyball", "fireblast"], "ability": "Quark Drive", "evs": {"hp": 85, "atk": 0, "def": 85, "spa": 85, "spd": 85, "spe": 85}, "ivs": {"hp": 31, "atk": 0, "def": 31, "spa": 31, "spd": 31, "spe": 31}, "item": "Heavy-Duty Boots", "teraType": "Grass", "role": "Fast Attacker", "bvs": {"hp": 80, "atk": 70, "def": 60, "spa": 140, "spd": 110, "spe": 110}, "stats": {"hp": 253, "atk": 114, "def": 139, "spa": 263, "spd": 217, "spe": 217}, "types": ["Fire", "Poison"]}, "Bronzong": {"name": "Bronzong", "species": "Bronzong", "speciesId": "bronzong", "gender": "N", "shiny": false, "level": 88, "moves": ["hypnosis", "psychic", "earthquake", "ironhead"], "ability": "Levitate", "evs": {"hp": 85, "atk": 85, "def": 85, "spa": 85, "spd": 85, "spe": 85}, "ivs": {"hp": 31, "atk": 31, "def": 31, "spa": 31, "spd": 31, "spe": 31}, "item": "Leftovers", "teraType": "Water", "role": "Bulky Support", "bvs": {"hp": 67, "atk": 89, "def": 116, "spa": 79, "spd": 116, "spe": 33}, "stats": {"hp": 261, "atk": 207, "def": 254, "spa": 189, "spd": 254, "spe": 108}, "types": ["Steel", "Psychic"]}}]}