{"id": "gen9randombattle-2641652325", "format": "[Gen 9] Random Battle", "players": ["meester oogway", "inversify"], "log": "|j|\u2606meester oogway\n|j|\u2606inversify\n|t:|1782825195\n|gametype|singles\n|player|p1|meester oogway|2|2167\n|player|p2|inversify|lana|2284\n|gen|9\n|tier|[Gen 9] Random Battle\n|rated|\n|rule|Species Clause: Limit one of each Pok\u00e9mon\n|rule|HP Percentage Mod: HP is shown in percentages\n|rule|Sleep Clause Mod: Limit one foe put to sleep\n|rule|Illusion Level Mod: Illusion disguises the Pok\u00e9mon's true level\n|\n|t:|1782825195\n|teamsize|p1|6\n|teamsize|p2|6\n|start\n|switch|p1a: Ninetales|Ninetales, L85, M|263/263\n|switch|p2a: Florges|Florges, L85, F|271/271\n|-weather|SunnyDay|[from] ability: Drought|[of] p1a: Ninetales\n|turn|1\n|inactive|Battle timer is ON: inactive players will automatically lose when time's up. (requested by meester oogway)\n|\n|t:|1782825211\n|switch|p1a: Sableye|Sableye, L88, F|231/231\n|move|p2a: Florges|Calm Mind|p2a: Florges\n|-boost|p2a: Florges|spa|1\n|-boost|p2a: Florges|spd|1\n|\n|-weather|SunnyDay|[upkeep]\n|upkeep\n|turn|2\n|\n|t:|1782825220\n|switch|p2a: Glalie|Glalie, L96, F|309/309\n|move|p1a: Sableye|Encore||[still]\n|-fail|p1a: Sableye\n|\n|-weather|SunnyDay|[upkeep]\n|upkeep\n|turn|3\n|inactive|meester oogway has 120 seconds left.\n|inactive|meester oogway has 90 seconds left.\n|\n|t:|1782825286\n|switch|p1a: Ninetales|Ninetales, L85, M|263/263\n|move|p2a: Glalie|Spikes|p1a: Ninetales\n|-sidestart|p1: meester oogway|Spikes\n|\n|-weather|SunnyDay|[upkeep]\n|upkeep\n|turn|4\n|\n|t:|1782825302\n|switch|p2a: Florges|Florges, L85, F|271/271\n|move|p1a: Ninetales|Nasty Plot|p1a: Ninetales\n|-boost|p1a: Ninetales|spa|2\n|\n|-weather|SunnyDay|[upkeep]\n|upkeep\n|turn|5\n|\n|t:|1782825315\n|move|p1a: Ninetales|Fire Blast|p2a: Florges\n|-damage|p2a: Florges|60/271\n|-status|p2a: Florges|brn\n|move|p2a: Florges|Calm Mind|p2a: Florges\n|-boost|p2a: Florges|spa|1\n|-boost|p2a: Florges|spd|1\n|\n|-weather|none\n|-heal|p2a: Florges|76/271 brn|[from] item: Leftovers\n|-damage|p2a: Florges|60/271 brn|[from] brn\n|upkeep\n|turn|6\n|\n|t:|1782825321\n|move|p1a: Ninetales|Fire Blast|p2a: Florges\n|-damage|p2a: Florges|0 fnt\n|faint|p2a: Florges\n|\n|upkeep\n|\n|t:|1782825327\n|switch|p2a: Iron Boulder|Iron Boulder, L77|265/265\n|-enditem|p2a: Iron Boulder|Booster Energy\n|-activate|p2a: Iron Boulder|ability: Quark Drive|[fromitem]\n|-start|p2a: Iron Boulder|quarkdrivespe\n|turn|7\n|inactive|meester oogway has 90 seconds left.\n|\n|t:|1782825367\n|move|p2a: Iron Boulder|Mighty Cleave|p1a: Ninetales\n|-supereffective|p1a: Ninetales\n|-damage|p1a: Ninetales|29/263\n|move|p1a: Ninetales|Scorching Sands|p2a: Iron Boulder\n|-supereffective|p2a: Iron Boulder\n|-damage|p2a: Iron Boulder|105/265\n|\n|upkeep\n|turn|8\n|\n|t:|1782825382\n|move|p2a: Iron Boulder|Mighty Cleave|p1a: Ninetales\n|-supereffective|p1a: Ninetales\n|-damage|p1a: Ninetales|0 fnt\n|faint|p1a: Ninetales\n|\n|upkeep\n|\n|t:|1782825393\n|switch|p1a: Sableye|Sableye, L88, F|231/231\n|-damage|p1a: Sableye|203/231|[from] Spikes\n|turn|9\n|\n|t:|1782825397\n|-end|p2a: Iron Boulder|Quark Drive|[silent]\n|switch|p2a: Glalie|Glalie, L96, F|309/309\n|move|p1a: Sableye|Knock Off|p2a: Glalie\n|-damage|p2a: Glalie|221/309\n|-enditem|p2a: Glalie|Heavy-Duty Boots|[from] move: Knock Off|[of] p1a: Sableye\n|\n|-heal|p1a: Sableye|217/231|[from] item: Leftovers\n|upkeep\n|turn|10\n|\n|t:|1782825414\n|move|p2a: Glalie|Spikes|p1a: Sableye\n|-sidestart|p1: meester oogway|Spikes\n|move|p1a: Sableye|Knock Off|p2a: Glalie\n|-damage|p2a: Glalie|166/309\n|\n|-heal|p1a: Sableye|231/231|[from] item: Leftovers\n|upkeep\n|turn|11\n|\n|t:|1782825419\n|move|p2a: Glalie|Spikes|p1a: Sableye\n|-sidestart|p1: meester oogway|Spikes\n|move|p1a: Sableye|Knock Off|p2a: Glalie\n|-damage|p2a: Glalie|108/309\n|\n|upkeep\n|turn|12\n|\n|t:|1782825426\n|switch|p2a: Tsareena|Tsareena, L87, F|267/267\n|move|p1a: Sableye|Knock Off|p2a: Tsareena\n|-damage|p2a: Tsareena|179/267\n|-enditem|p2a: Tsareena|Heavy-Duty Boots|[from] move: Knock Off|[of] p1a: Sableye\n|\n|upkeep\n|turn|13\n|\n|t:|1782825431\n|move|p1a: Sableye|Will-O-Wisp||[still]\n|cant|p2a: Tsareena|ability: Queenly Majesty|Will-O-Wisp|[of] p1a: Sableye\n|move|p2a: Tsareena|Power Whip|p1a: Sableye\n|-damage|p1a: Sableye|74/231\n|\n|-heal|p1a: Sableye|88/231|[from] item: Leftovers\n|upkeep\n|turn|14\n|\n|t:|1782825437\n|move|p1a: Sableye|Recover|p1a: Sableye\n|-heal|p1a: Sableye|204/231\n|move|p2a: Tsareena|Power Whip|p1a: Sableye\n|-damage|p1a: Sableye|24/231\n|\n|-heal|p1a: Sableye|38/231|[from] item: Leftovers\n|upkeep\n|turn|15\n|\n|t:|1782825448\n|switch|p1a: Regice|Regice, L88|284/284\n|move|p2a: Tsareena|Power Whip|p1a: Regice\n|-damage|p1a: Regice|154/284\n|\n|upkeep\n|turn|16\n|\n|t:|1782825454\n|move|p2a: Tsareena|High Jump Kick|p1a: Regice\n|-supereffective|p1a: Regice\n|-damage|p1a: Regice|0 fnt\n|faint|p1a: Regice\n|\n|upkeep\n|\n|t:|1782825465\n|switch|p1a: Vivillon|Vivillon-River, L83, M|268/268\n|turn|17\n|\n|t:|1782825474\n|switch|p2a: Magnezone|Magnezone, L85|258/258\n|move|p1a: Vivillon|Hurricane|p2a: Magnezone\n|-resisted|p2a: Magnezone\n|-damage|p2a: Magnezone|240/258\n|\n|upkeep\n|turn|18\n|inactive|meester oogway has 120 seconds left.\n|\n|t:|1782825483\n|switch|p1a: Toedscruel|Toedscruel, L87, F|281/281\n|-damage|p1a: Toedscruel|211/281|[from] Spikes\n|move|p2a: Magnezone|Thunderbolt|p1a: Toedscruel\n|-immune|p1a: Toedscruel\n|\n|-heal|p1a: Toedscruel|228/281|[from] item: Leftovers\n|upkeep\n|turn|19\n|\n|t:|1782825489\n|switch|p2a: Tsareena|Tsareena, L87, F|179/267\n|move|p1a: Toedscruel|Rapid Spin|p2a: Tsareena\n|-damage|p2a: Tsareena|151/267\n|-boost|p1a: Toedscruel|spe|1\n|-sideend|p1: meester oogway|Spikes|[from] move: Rapid Spin|[of] p1a: Toedscruel\n|\n|-heal|p1a: Toedscruel|245/281|[from] item: Leftovers\n|upkeep\n|turn|20\n|\n|t:|1782825497\n|switch|p1a: Sableye|Sableye, L88, F|38/231\n|move|p2a: Tsareena|Synthesis|p2a: Tsareena\n|-heal|p2a: Tsareena|267/267\n|\n|-heal|p1a: Sableye|52/231|[from] item: Leftovers\n|upkeep\n|turn|21\n|\n|t:|1782825503\n|move|p1a: Sableye|Recover|p1a: Sableye\n|-heal|p1a: Sableye|168/231\n|move|p2a: Tsareena|Power Whip|p1a: Sableye\n|-damage|p1a: Sableye|2/231\n|\n|-heal|p1a: Sableye|16/231|[from] item: Leftovers\n|upkeep\n|turn|22\n|\n|t:|1782825508\n|move|p1a: Sableye|Recover|p1a: Sableye\n|-heal|p1a: Sableye|132/231\n|move|p2a: Tsareena|Power Whip|p1a: Sableye|[miss]\n|-miss|p2a: Tsareena|p1a: Sableye\n|\n|-heal|p1a: Sableye|146/231|[from] item: Leftovers\n|upkeep\n|turn|23\n|\n|t:|1782825513\n|move|p2a: Tsareena|Power Whip|p1a: Sableye\n|-damage|p1a: Sableye|0 fnt\n|faint|p1a: Sableye\n|\n|upkeep\n|\n|t:|1782825516\n|switch|p1a: Vivillon|Vivillon-River, L83, M|268/268\n|turn|24\n|\n|t:|1782825522\n|switch|p2a: Magnezone|Magnezone, L85|240/258\n|move|p1a: Vivillon|Hurricane|p2a: Magnezone\n|-resisted|p2a: Magnezone\n|-damage|p2a: Magnezone|221/258\n|\n|upkeep\n|turn|25\n|\n|t:|1782825527\n|-terastallize|p1a: Vivillon|Ground\n|move|p1a: Vivillon|Quiver Dance|p1a: Vivillon\n|-boost|p1a: Vivillon|spa|1\n|-boost|p1a: Vivillon|spd|1\n|-boost|p1a: Vivillon|spe|1\n|move|p2a: Magnezone|Flash Cannon|p1a: Vivillon\n|-damage|p1a: Vivillon|165/268\n|\n|upkeep\n|turn|26\n|\n|t:|1782825537\n|move|p1a: Vivillon|Sleep Powder|p2a: Magnezone\n|-status|p2a: Magnezone|slp|[from] move: Sleep Powder\n|cant|p2a: Magnezone|slp\n|\n|upkeep\n|turn|27\n|\n|t:|1782825542\n|switch|p2a: Glalie|Glalie, L96, F|108/309\n|move|p1a: Vivillon|Quiver Dance|p1a: Vivillon\n|-boost|p1a: Vivillon|spa|1\n|-boost|p1a: Vivillon|spd|1\n|-boost|p1a: Vivillon|spe|1\n|\n|upkeep\n|turn|28\n|\n|t:|1782825555\n|move|p1a: Vivillon|Tera Blast|p2a: Glalie|[anim] Tera Blast Ground\n|-damage|p2a: Glalie|0 fnt\n|faint|p2a: Glalie\n|\n|upkeep\n|\n|t:|1782825567\n|switch|p2a: Zekrom|Zekrom, L71|259/259\n|-ability|p2a: Zekrom|Teravolt\n|turn|29\n|inactive|meester oogway has 120 seconds left.\n|inactive|meester oogway has 90 seconds left.\n|\n|t:|1782825631\n|-terastallize|p2a: Zekrom|Grass\n|move|p1a: Vivillon|Tera Blast|p2a: Zekrom|[anim] Tera Blast Ground\n|-resisted|p2a: Zekrom\n|-damage|p2a: Zekrom|173/259\n|move|p2a: Zekrom|Outrage|p1a: Vivillon\n|-damage|p1a: Vivillon|0 fnt\n|faint|p1a: Vivillon\n|\n|-heal|p2a: Zekrom|189/259|[from] item: Leftovers\n|upkeep\n|inactive|meester oogway has 90 seconds left.\n|\n|t:|1782825637\n|switch|p1a: Toxtricity|Toxtricity, L82, M|257/257\n|turn|30\n|\n|t:|1782825643\n|move|p1a: Toxtricity|Boomburst|p2a: Zekrom\n|-damage|p2a: Zekrom|0 fnt\n|faint|p2a: Zekrom\n|\n|upkeep\n|\n|t:|1782825652\n|switch|p2a: Iron Boulder|Iron Boulder, L77|105/265\n|turn|31\n|\n|t:|1782825657\n|switch|p1a: Toedscruel|Toedscruel, L87, F|245/281\n|move|p2a: Iron Boulder|Zen Headbutt|p1a: Toedscruel\n|-damage|p1a: Toedscruel|152/281\n|\n|-heal|p1a: Toedscruel|169/281|[from] item: Leftovers\n|upkeep\n|turn|32\n|\n|t:|1782825665\n|-end|p2a: Iron Boulder|Quark Drive|[silent]\n|switch|p2a: Tsareena|Tsareena, L87, F|267/267\n|move|p1a: Toedscruel|Giga Drain|p2a: Tsareena\n|-resisted|p2a: Tsareena\n|-damage|p2a: Tsareena|235/267\n|-heal|p1a: Toedscruel|185/281|[from] drain|[of] p2a: Tsareena\n|\n|-heal|p1a: Toedscruel|202/281|[from] item: Leftovers\n|upkeep\n|turn|33\n|\n|t:|1782825676\n|switch|p1a: Toxtricity|Toxtricity, L82, M|257/257\n|move|p2a: Tsareena|Power Whip|p1a: Toxtricity\n|-resisted|p1a: Toxtricity\n|-damage|p1a: Toxtricity|164/257\n|\n|upkeep\n|turn|34\n|inactive|meester oogway has 120 seconds left.\n|\n|t:|1782825683\n|switch|p2a: Magnezone|Magnezone, L85|221/258 slp\n|move|p1a: Toxtricity|Boomburst|p2a: Magnezone\n|-resisted|p2a: Magnezone\n|-damage|p2a: Magnezone|153/258 slp\n|\n|upkeep\n|turn|35\n|\n|t:|1782825690\n|switch|p1a: Toedscruel|Toedscruel, L87, F|202/281\n|cant|p2a: Magnezone|slp\n|\n|-heal|p1a: Toedscruel|219/281|[from] item: Leftovers\n|upkeep\n|turn|36\n|\n|t:|1782825693\n|switch|p1a: Toxtricity|Toxtricity, L82, M|164/257\n|switch|p2a: Tsareena|Tsareena, L87, F|235/267\n|\n|upkeep\n|turn|37\n|\n|t:|1782825698\n|switch|p2a: Magnezone|Magnezone, L85|153/258 slp\n|move|p1a: Toxtricity|Boomburst|p2a: Magnezone\n|-resisted|p2a: Magnezone\n|-damage|p2a: Magnezone|89/258 slp\n|\n|upkeep\n|turn|38\n|\n|t:|1782825718\n|move|p1a: Toxtricity|Boomburst|p2a: Magnezone\n|-resisted|p2a: Magnezone\n|-damage|p2a: Magnezone|25/258 slp\n|cant|p2a: Magnezone|slp\n|\n|upkeep\n|turn|39\n|\n|t:|1782825722\n|move|p1a: Toxtricity|Boomburst|p2a: Magnezone\n|-resisted|p2a: Magnezone\n|-damage|p2a: Magnezone|0 fnt\n|faint|p2a: Magnezone\n|\n|upkeep\n|\n|t:|1782825724\n|switch|p2a: Iron Boulder|Iron Boulder, L77|105/265\n|turn|40\n|\n|t:|1782825732\n|move|p2a: Iron Boulder|Zen Headbutt|p1a: Toxtricity\n|-supereffective|p1a: Toxtricity\n|-damage|p1a: Toxtricity|0 fnt\n|faint|p1a: Toxtricity\n|\n|upkeep\n|\n|t:|1782825735\n|switch|p1a: Toedscruel|Toedscruel, L87, F|219/281\n|turn|41\n|\n|t:|1782825740\n|move|p2a: Iron Boulder|Close Combat|p1a: Toedscruel\n|-damage|p1a: Toedscruel|126/281\n|-unboost|p2a: Iron Boulder|def|1\n|-unboost|p2a: Iron Boulder|spd|1\n|move|p1a: Toedscruel|Giga Drain|p2a: Iron Boulder\n|-supereffective|p2a: Iron Boulder\n|-damage|p2a: Iron Boulder|0 fnt\n|-heal|p1a: Toedscruel|179/281|[from] drain|[of] p2a: Iron Boulder\n|faint|p2a: Iron Boulder\n|-end|p2a: Iron Boulder|Quark Drive|[silent]\n|\n|-heal|p1a: Toedscruel|196/281|[from] item: Leftovers\n|upkeep\n|\n|t:|1782825742\n|switch|p2a: Tsareena|Tsareena, L87, F|235/267\n|turn|42\n|\n|t:|1782825750\n|move|p2a: Tsareena|Rapid Spin|p1a: Toedscruel\n|-damage|p1a: Toedscruel|140/281\n|-boost|p2a: Tsareena|spe|1\n|move|p1a: Toedscruel|Toxic|p2a: Tsareena\n|-status|p2a: Tsareena|tox\n|\n|-heal|p1a: Toedscruel|157/281|[from] item: Leftovers\n|-damage|p2a: Tsareena|219/267 tox|[from] psn\n|upkeep\n|turn|43\n|\n|t:|1782825758\n|move|p2a: Tsareena|Power Whip|p1a: Toedscruel\n|-damage|p1a: Toedscruel|0 fnt\n|faint|p1a: Toedscruel\n|\n|win|inversify\n", "inputlog": ">version f8ac14003a5f27e1bdc8d8c59608a773c1cb96e5\n>start {\"formatid\":\"gen9randombattle\",\"seed\":\"sodium,e30bf0ceabb8b32c283d96f7c034e4f0\",\"rated\":\"Rated battle\"}\n>player p1 {\"name\":\"meester oogway\",\"avatar\":\"2\",\"rating\":2167,\"seed\":\"sodium,f5eae2a01041bde5e4b79c26a8938367\"}\n>player p2 {\"name\":\"inversify\",\"avatar\":\"lana\",\"rating\":2284,\"seed\":\"sodium,5f22d47ecf6c3b8d2b0af60679863661\"}\n>p1 switch 5\n>p2 move calmmind\n>p1 move encore\n>p2 switch 3\n>p1 switch 5\n>p2 move spikes\n>p1 move nastyplot\n>p2 switch 3\n>p1 move fireblast\n>p2 move calmmind\n>p1 move fireblast\n>p2 move synthesis\n>p2 switch 4\n>p1 move scorchingsands\n>p2 move mightycleave\n>p1 move scorchingsands\n>p2 move mightycleave\n>p1 switch 5\n>p1 move knockoff\n>p2 switch 3\n>p1 move knockoff\n>p2 move spikes\n>p1 move knockoff\n>p2 move spikes\n>p1 move knockoff\n>p2 switch 6\n>p1 move willowisp\n>p2 move powerwhip\n>p1 move recover\n>p2 move powerwhip\n>p1 switch 4\n>p2 move powerwhip\n>p1 move icebeam\n>p2 move highjumpkick\n>p1 switch 6\n>p1 move hurricane\n>p2 switch 2\n>p1 switch 3\n>p2 move thunderbolt\n>p1 move rapidspin\n>p2 switch 2\n>p1 switch 4\n>p2 move synthesis\n>p1 move recover\n>p2 move powerwhip\n>p1 move recover\n>p2 move powerwhip\n>p1 move knockoff\n>p2 move powerwhip\n>p1 switch 3\n>p1 move hurricane\n>p2 switch 2\n>p1 move quiverdance terastallize\n>p2 move flashcannon\n>p1 move sleeppowder\n>p2 move bodypress\n>p1 move quiverdance\n>p2 switch 6\n>p1 move terablast\n>p2 move freezedry\n>p2 switch 5\n>p1 move terablast\n>p2 move outrage terastallize\n>p1 switch 2\n>p1 move boomburst\n>p2 move outrage\n>p2 switch 3\n>p1 switch 4\n>p2 move zenheadbutt\n>p1 move gigadrain\n>p2 switch 2\n>p1 switch 4\n>p2 move powerwhip\n>p1 move boomburst\n>p2 switch 6\n>p1 switch 4\n>p2 move voltswitch\n>p1 switch 4\n>p2 switch 6\n>p1 move boomburst\n>p2 switch 6\n>p1 move boomburst\n>p2 move voltswitch\n>p1 move boomburst\n>p2 move voltswitch\n>p2 switch 2\n>p1 move boomburst\n>p2 move zenheadbutt\n>p1 switch 4\n>p1 move gigadrain\n>p2 move closecombat\n>p2 switch 6\n>p1 move toxic\n>p2 move rapidspin\n>p1 move rapidspin\n>p2 move powerwhip", "uploadtime": 1782825197, "views": 3, "formatid": "gen9randombattle", "rating": null, "private": 0, "password": null, "player_dets": [{"name": "meester oogway", "avatar": "2", "rating": 2167, "seed": "sodium,f5eae2a01041bde5e4b79c26a8938367"}, {"name": "inversify", "avatar": "lana", "rating": 2284, "seed": "sodium,5f22d47ecf6c3b8d2b0af60679863661"}], "teams_full": [{"Ninetales": {"name": "Ninetales", "species": "Ninetales", "speciesId": "ninetales", "gender": "M", "shiny": false, "level": 85, "moves": ["nastyplot", "fireblast", "solarbeam", "scorchingsands"], "ability": "Drought", "evs": {"hp": 85, "atk": 0, "def": 85, "spa": 85, "spd": 85, "spe": 85}, "ivs": {"hp": 31, "atk": 0, "def": 31, "spa": 31, "spd": 31, "spe": 31}, "item": "Heavy-Duty Boots", "teraType": "Fire", "role": "Setup Sweeper", "bvs": {"hp": 73, "atk": 76, "def": 75, "spa": 81, "spd": 100, "spe": 100}, "stats": {"hp": 263, "atk": 134, "def": 176, "spa": 186, "spd": 219, "spe": 219}, "types": ["Fire"]}, "Toxtricity": {"name": "Toxtricity", "species": "Toxtricity", "speciesId": "toxtricity", "gender": "M", "shiny": false, "level": 82, "moves": ["voltswitch", "boomburst", "sludgewave", "overdrive"], "ability": "Punk Rock", "evs": {"hp": 85, "atk": 0, "def": 85, "spa": 85, "spd": 85, "spe": 85}, "ivs": {"hp": 31, "atk": 0, "def": 31, "spa": 31, "spd": 31, "spe": 31}, "item": "Choice Specs", "teraType": "Normal", "role": "Fast Attacker", "bvs": {"hp": 75, "atk": 98, "def": 70, "spa": 114, "spd": 70, "spe": 75}, "stats": {"hp": 257, "atk": 165, "def": 162, "spa": 234, "spd": 162, "spe": 170}, "types": ["Electric", "Poison"]}, "Toedscruel": {"name": "Toedscruel", "species": "Toedscruel", "speciesId": "toedscruel", "gender": "F", "shiny": false, "level": 87, "moves": ["toxic", "gigadrain", "earthpower", "rapidspin"], "ability": "Mycelium Might", "evs": {"hp": 85, "atk": 85, "def": 85, "spa": 85, "spd": 85, "spe": 85}, "ivs": {"hp": 31, "atk": 31, "def": 31, "spa": 31, "spd": 31, "spe": 31}, "item": "Leftovers", "teraType": "Water", "role": "Bulky Support", "bvs": {"hp": 80, "atk": 70, "def": 65, "spa": 80, "spd": 120, "spe": 100}, "stats": {"hp": 281, "atk": 172, "def": 163, "spa": 189, "spd": 259, "spe": 224}, "types": ["Ground", "Grass"]}, "Regice": {"name": "Regice", "species": "Regice", "speciesId": "regice", "gender": "N", "shiny": false, "level": 88, "moves": ["rest", "thunderbolt", "sleeptalk", "icebeam"], "ability": "Clear Body", "evs": {"hp": 85, "atk": 0, "def": 85, "spa": 85, "spd": 85, "spe": 85}, "ivs": {"hp": 31, "atk": 0, "def": 31, "spa": 31, "spd": 31, "spe": 31}, "item": "Heavy-Duty Boots", "teraType": "Electric", "role": "Bulky Attacker", "bvs": {"hp": 80, "atk": 50, "def": 100, "spa": 100, "spd": 200, "spe": 50}, "stats": {"hp": 284, "atk": 93, "def": 226, "spa": 226, "spd": 402, "spe": 138}, "types": ["Ice"]}, "Sableye": {"name": "Sableye", "species": "Sableye", "speciesId": "sableye", "gender": "F", "shiny": false, "level": 88, "moves": ["knockoff", "encore", "recover", "willowisp"], "ability": "Prankster", "evs": {"hp": 85, "atk": 85, "def": 85, "spa": 85, "spd": 85, "spe": 85}, "ivs": {"hp": 31, "atk": 31, "def": 31, "spa": 31, "spd": 31, "spe": 31}, "item": "Leftovers", "teraType": "Steel", "role": "Bulky Support", "bvs": {"hp": 50, "atk": 75, "def": 75, "spa": 65, "spd": 65, "spe": 50}, "stats": {"hp": 231, "atk": 182, "def": 182, "spa": 165, "spd": 165, "spe": 138}, "types": ["Dark", "Ghost"]}, "Vivillon": {"name": "Vivillon", "species": "Vivillon-River", "speciesId": "vivillon", "gender": "M", "shiny": false, "level": 83, "moves": ["terablast", "hurricane", "sleeppowder", "quiverdance"], "ability": "Compound Eyes", "evs": {"hp": 85, "atk": 0, "def": 85, "spa": 85, "spd": 85, "spe": 85}, "ivs": {"hp": 31, "atk": 0, "def": 31, "spa": 31, "spd": 31, "spe": 31}, "item": "Heavy-Duty Boots", "teraType": "Ground", "role": "Tera Blast user", "bvs": {"hp": 80, "atk": 52, "def": 50, "spa": 90, "spd": 50, "spe": 89}, "stats": {"hp": 268, "atk": 91, "def": 131, "spa": 197, "spd": 131, "spe": 195}, "types": ["Bug", "Flying"]}}, {"Florges": {"name": "Florges", "species": "Florges", "speciesId": "florges", "gender": "F", "shiny": false, "level": 85, "moves": ["moonblast", "calmmind", "terablast", "synthesis"], "ability": "Flower Veil", "evs": {"hp": 85, "atk": 0, "def": 85, "spa": 85, "spd": 85, "spe": 85}, "ivs": {"hp": 31, "atk": 0, "def": 31, "spa": 31, "spd": 31, "spe": 31}, "item": "Leftovers", "teraType": "Ground", "role": "Tera Blast user", "bvs": {"hp": 78, "atk": 65, "def": 68, "spa": 112, "spd": 154, "spe": 75}, "stats": {"hp": 271, "atk": 115, "def": 164, "spa": 239, "spd": 311, "spe": 176}, "types": ["Fairy"]}, "Magnezone": {"name": "Magnezone", "species": "Magnezone", "speciesId": "magnezone", "gender": "N", "shiny": false, "level": 85, "moves": ["voltswitch", "bodypress", "thunderbolt", "flashcannon"], "ability": "Magnet Pull", "evs": {"hp": 85, "atk": 0, "def": 85, "spa": 85, "spd": 85, "spe": 85}, "ivs": {"hp": 31, "atk": 0, "def": 31, "spa": 31, "spd": 31, "spe": 31}, "item": "Assault Vest", "teraType": "Flying", "role": "AV Pivot", "bvs": {"hp": 70, "atk": 70, "def": 115, "spa": 130, "spd": 90, "spe": 60}, "stats": {"hp": 258, "atk": 124, "def": 244, "spa": 270, "spd": 202, "spe": 151}, "types": ["Electric", "Steel"]}, "Glalie": {"name": "Glalie", "species": "Glalie", "speciesId": "glalie", "gender": "F", "shiny": false, "level": 96, "moves": ["earthquake", "freezedry", "taunt", "spikes"], "ability": "Inner Focus", "evs": {"hp": 85, "atk": 85, "def": 85, "spa": 85, "spd": 85, "spe": 85}, "ivs": {"hp": 31, "atk": 31, "def": 31, "spa": 31, "spd": 31, "spe": 31}, "item": "Heavy-Duty Boots", "teraType": "Ground", "role": "Fast Support", "bvs": {"hp": 80, "atk": 80, "def": 80, "spa": 80, "spd": 80, "spe": 80}, "stats": {"hp": 309, "atk": 208, "def": 208, "spa": 208, "spd": 208, "spe": 208}, "types": ["Ice"]}, "Iron Boulder": {"name": "Iron Boulder", "species": "Iron Boulder", "speciesId": "ironboulder", "gender": "N", "shiny": false, "level": 77, "moves": ["closecombat", "swordsdance", "zenheadbutt", "mightycleave"], "ability": "Quark Drive", "evs": {"hp": 85, "atk": 85, "def": 85, "spa": 85, "spd": 85, "spe": 85}, "ivs": {"hp": 31, "atk": 31, "def": 31, "spa": 31, "spd": 31, "spe": 31}, "item": "Booster Energy", "teraType": "Fighting", "role": "Fast Bulky Setup", "bvs": {"hp": 90, "atk": 120, "def": 80, "spa": 68, "spd": 108, "spe": 124}, "stats": {"hp": 265, "atk": 229, "def": 168, "spa": 149, "spd": 211, "spe": 236}, "types": ["Rock", "Psychic"]}, "Zekrom": {"name": "Zekrom", "species": "Zekrom", "speciesId": "zekrom", "gender": "N", "shiny": false, "level": 71, "moves": ["boltstrike", "substitute", "dragondance", "outrage"], "ability": "Teravolt", "evs": {"hp": 85, "atk": 85, "def": 85, "spa": 85, "spd": 85, "spe": 85}, "ivs": {"hp": 31, "atk": 31, "def": 31, "spa": 31, "spd": 31, "spe": 31}, "item": "Leftovers", "teraType": "Grass", "role": "Setup Sweeper", "bvs": {"hp": 100, "atk": 150, "def": 120, "spa": 120, "spd": 100, "spe": 90}, "stats": {"hp": 259, "atk": 254, "def": 212, "spa": 212, "spd": 183, "spe": 169}, "types": ["Dragon", "Electric"]}, "Tsareena": {"name": "Tsareena", "species": "Tsareena", "speciesId": "tsareena", "gender": "F", "shiny": false, "level": 87, "moves": ["synthesis", "powerwhip", "rapidspin", "highjumpkick"], "ability": "Queenly Majesty", "evs": {"hp": 85, "atk": 85, "def": 85, "spa": 85, "spd": 85, "spe": 85}, "ivs": {"hp": 31, "atk": 31, "def": 31, "spa": 31, "spd": 31, "spe": 31}, "item": "Heavy-Duty Boots", "teraType": "Fighting", "role": "Fast Support", "bvs": {"hp": 72, "atk": 120, "def": 98, "spa": 50, "spd": 98, "spe": 72}, "stats": {"hp": 267, "atk": 259, "def": 220, "spa": 137, "spd": 220, "spe": 175}, "types": ["Grass"]}}]}