{"id": "gen9randombattle-2641536926", "format": "[Gen 9] Random Battle", "players": ["bonbonbo", "StrongRegigigas"], "log": "|j|\u2606bonbonbo\n|j|\u2606StrongRegigigas\n|t:|1782803143\n|gametype|singles\n|player|p1|bonbonbo|266|1936\n|player|p2|StrongRegigigas|2|2035\n|gen|9\n|tier|[Gen 9] Random Battle\n|rated|\n|rule|Species Clause: Limit one of each Pok\u00e9mon\n|rule|HP Percentage Mod: HP is shown in percentages\n|rule|Sleep Clause Mod: Limit one foe put to sleep\n|rule|Illusion Level Mod: Illusion disguises the Pok\u00e9mon's true level\n|\n|t:|1782803143\n|teamsize|p1|6\n|teamsize|p2|6\n|start\n|switch|p1a: Meganium|Meganium, L90, M|290/290\n|switch|p2a: Noivern|Noivern, L82, M|274/274\n|turn|1\n|inactive|Battle timer is ON: inactive players will automatically lose when time's up. (requested by StrongRegigigas)\n|\n|t:|1782803162\n|switch|p1a: Meloetta|Meloetta, L82|298/298\n|move|p2a: Noivern|Hurricane|p1a: Meloetta\n|-crit|p1a: Meloetta\n|-damage|p1a: Meloetta|172/298\n|\n|upkeep\n|turn|2\n|\n|t:|1782803186\n|move|p2a: Noivern|Draco Meteor|p1a: Meloetta|[miss]\n|-miss|p2a: Noivern|p1a: Meloetta\n|move|p1a: Meloetta|Hyper Voice|p2a: Noivern\n|-damage|p2a: Noivern|76/274\n|\n|upkeep\n|turn|3\n|\n|t:|1782803195\n|switch|p2a: Skeledirge|Skeledirge, L79, F|294/294\n|move|p1a: Meloetta|Hyper Voice|p2a: Skeledirge\n|-immune|p2a: Skeledirge\n|\n|upkeep\n|turn|4\n|inactive|bonbonbo has 120 seconds left.\n|\n|t:|1782803228\n|switch|p1a: Pecharunt|Pecharunt, L77|262/262\n|move|p2a: Skeledirge|Torch Song|p1a: Pecharunt\n|-damage|p1a: Pecharunt|175/262\n|-boost|p2a: Skeledirge|spa|1\n|\n|-heal|p1a: Pecharunt|191/262|[from] item: Leftovers\n|upkeep\n|turn|5\n|\n|t:|1782803237\n|move|p1a: Pecharunt|Parting Shot|p2a: Skeledirge\n|-unboost|p2a: Skeledirge|atk|1\n|-unboost|p2a: Skeledirge|spa|1\n|\n|t:|1782803240\n|switch|p1a: Meloetta|Meloetta, L82|172/298|[from] Parting Shot\n|move|p2a: Skeledirge|Shadow Ball|p1a: Meloetta\n|-immune|p1a: Meloetta\n|\n|upkeep\n|turn|6\n|\n|t:|1782803252\n|switch|p2a: Noivern|Noivern, L82, M|76/274\n|move|p1a: Meloetta|Psyshock|p2a: Noivern\n|-damage|p2a: Noivern|0 fnt\n|faint|p2a: Noivern\n|\n|upkeep\n|\n|t:|1782803263\n|switch|p2a: Deoxys|Deoxys-Attack, L72|191/191\n|-ability|p2a: Deoxys|Pressure\n|turn|7\n|\n|t:|1782803269\n|switch|p1a: Whimsicott|Whimsicott, L84, M|238/238\n|move|p2a: Deoxys|Knock Off|p1a: Whimsicott\n|-resisted|p1a: Whimsicott\n|-damage|p1a: Whimsicott|178/238\n|-enditem|p1a: Whimsicott|Heavy-Duty Boots|[from] move: Knock Off|[of] p2a: Deoxys\n|-damage|p2a: Deoxys|172/191|[from] item: Life Orb\n|\n|upkeep\n|turn|8\n|\n|t:|1782803280\n|move|p1a: Whimsicott|Stun Spore|p2a: Deoxys\n|-status|p2a: Deoxys|par\n|cant|p2a: Deoxys|par\n|\n|upkeep\n|turn|9\n|\n|t:|1782803287\n|move|p1a: Whimsicott|Encore|p2a: Deoxys\n|-start|p2a: Deoxys|Encore\n|move|p2a: Deoxys|Knock Off|p1a: Whimsicott\n|-resisted|p1a: Whimsicott\n|-damage|p1a: Whimsicott|139/238\n|-damage|p2a: Deoxys|153/191 par|[from] item: Life Orb\n|\n|upkeep\n|turn|10\n|\n|t:|1782803296\n|switch|p2a: Exeggutor|Exeggutor, L89, F|312/312\n|move|p1a: Whimsicott|U-turn|p2a: Exeggutor\n|-supereffective|p2a: Exeggutor\n|-damage|p2a: Exeggutor|164/312\n|\n|t:|1782803302\n|switch|p1a: Meganium|Meganium, L90, M|290/290|[from] U-turn\n|\n|upkeep\n|turn|11\n|\n|t:|1782803315\n|switch|p2a: Deoxys|Deoxys-Attack, L72|153/191 par\n|-ability|p2a: Deoxys|Pressure\n|move|p1a: Meganium|Knock Off|p2a: Deoxys\n|-supereffective|p2a: Deoxys\n|-damage|p2a: Deoxys|0 fnt\n|-enditem|p2a: Deoxys|Life Orb|[from] move: Knock Off|[of] p1a: Meganium\n|faint|p2a: Deoxys\n|\n|upkeep\n|\n|t:|1782803325\n|switch|p2a: Skeledirge|Skeledirge, L79, F|294/294\n|turn|12\n|\n|t:|1782803333\n|move|p1a: Meganium|Knock Off|p2a: Skeledirge\n|-supereffective|p2a: Skeledirge\n|-damage|p2a: Skeledirge|164/294\n|-enditem|p2a: Skeledirge|Heavy-Duty Boots|[from] move: Knock Off|[of] p1a: Meganium\n|move|p2a: Skeledirge|Torch Song|p1a: Meganium\n|-supereffective|p1a: Meganium\n|-damage|p1a: Meganium|158/290\n|-boost|p2a: Skeledirge|spa|1\n|\n|-heal|p1a: Meganium|176/290|[from] item: Leftovers\n|upkeep\n|turn|13\n|\n|t:|1782803344\n|switch|p1a: Whimsicott|Whimsicott, L84, M|139/238\n|move|p2a: Skeledirge|Flame Charge|p1a: Whimsicott\n|-supereffective|p1a: Whimsicott\n|-crit|p1a: Whimsicott\n|-damage|p1a: Whimsicott|7/238\n|-boost|p2a: Skeledirge|spe|1\n|\n|upkeep\n|turn|14\n|\n|t:|1782803353\n|move|p1a: Whimsicott|Stun Spore|p2a: Skeledirge\n|-status|p2a: Skeledirge|par\n|move|p2a: Skeledirge|Flame Charge|p1a: Whimsicott\n|-supereffective|p1a: Whimsicott\n|-damage|p1a: Whimsicott|0 fnt\n|-boost|p2a: Skeledirge|spe|1\n|faint|p1a: Whimsicott\n|\n|upkeep\n|\n|t:|1782803361\n|switch|p1a: Meloetta|Meloetta, L82|172/298\n|turn|15\n|\n|t:|1782803368\n|move|p1a: Meloetta|Psyshock|p2a: Skeledirge\n|-damage|p2a: Skeledirge|11/294 par\n|move|p2a: Skeledirge|Torch Song|p1a: Meloetta\n|-damage|p1a: Meloetta|82/298\n|-boost|p2a: Skeledirge|spa|1\n|\n|upkeep\n|turn|16\n|\n|t:|1782803377\n|move|p1a: Meloetta|Psyshock|p2a: Skeledirge\n|-damage|p2a: Skeledirge|0 fnt\n|faint|p2a: Skeledirge\n|\n|upkeep\n|\n|t:|1782803381\n|switch|p2a: Exeggutor|Exeggutor, L89, F|164/312\n|turn|17\n|\n|t:|1782803386\n|switch|p1a: Meganium|Meganium, L90, M|176/290\n|move|p2a: Exeggutor|Psychic Noise|p1a: Meganium\n|-damage|p1a: Meganium|89/290\n|-start|p1a: Meganium|move: Heal Block\n|\n|upkeep\n|turn|18\n|\n|t:|1782803405\n|switch|p2a: Lanturn|Lanturn, L89, M|367/367\n|move|p1a: Meganium|Knock Off|p2a: Lanturn\n|-damage|p2a: Lanturn|284/367\n|-enditem|p2a: Lanturn|Heavy-Duty Boots|[from] move: Knock Off|[of] p1a: Meganium\n|\n|-end|p1a: Meganium|move: Heal Block\n|upkeep\n|turn|19\n|\n|t:|1782803413\n|move|p1a: Meganium|Synthesis|p1a: Meganium\n|-heal|p1a: Meganium|234/290\n|move|p2a: Lanturn|Thunder Wave|p1a: Meganium\n|-status|p1a: Meganium|par\n|\n|-heal|p1a: Meganium|252/290 par|[from] item: Leftovers\n|upkeep\n|turn|20\n|\n|t:|1782803424\n|move|p2a: Lanturn|Volt Switch|p1a: Meganium\n|-resisted|p1a: Meganium\n|-damage|p1a: Meganium|223/290 par\n|\n|t:|1782803427\n|switch|p2a: Exeggutor|Exeggutor, L89, F|164/312|[from] Volt Switch\n|move|p1a: Meganium|Energy Ball|p2a: Exeggutor\n|-resisted|p2a: Exeggutor\n|-damage|p2a: Exeggutor|109/312\n|-unboost|p2a: Exeggutor|spd|1\n|-enditem|p2a: Exeggutor|Sitrus Berry|[eat]\n|-heal|p2a: Exeggutor|187/312|[from] item: Sitrus Berry\n|\n|-heal|p1a: Meganium|241/290 par|[from] item: Leftovers\n|upkeep\n|turn|21\n|\n|t:|1782803437\n|move|p2a: Exeggutor|Psychic Noise|p1a: Meganium\n|-damage|p1a: Meganium|148/290 par\n|-start|p1a: Meganium|move: Heal Block\n|cant|p1a: Meganium|par\n|\n|-item|p2a: Exeggutor|Sitrus Berry|[from] ability: Harvest\n|upkeep\n|turn|22\n|\n|t:|1782803446\n|move|p2a: Exeggutor|Substitute|p2a: Exeggutor\n|-start|p2a: Exeggutor|Substitute\n|-damage|p2a: Exeggutor|109/312\n|-enditem|p2a: Exeggutor|Sitrus Berry|[eat]\n|-heal|p2a: Exeggutor|187/312|[from] item: Sitrus Berry\n|cant|p1a: Meganium|par\n|\n|-end|p1a: Meganium|move: Heal Block\n|upkeep\n|turn|23\n|\n|t:|1782803452\n|move|p2a: Exeggutor|Psychic Noise|p1a: Meganium\n|-damage|p1a: Meganium|58/290 par\n|-start|p1a: Meganium|move: Heal Block\n|move|p1a: Meganium|Encore|p2a: Exeggutor\n|-start|p2a: Exeggutor|Encore\n|\n|upkeep\n|turn|24\n|\n|t:|1782803457\n|switch|p1a: Meloetta|Meloetta, L82|82/298\n|move|p2a: Exeggutor|Psychic Noise|p1a: Meloetta\n|-resisted|p1a: Meloetta\n|-damage|p1a: Meloetta|43/298\n|-start|p1a: Meloetta|move: Heal Block\n|\n|upkeep\n|turn|25\n|\n|t:|1782803468\n|switch|p2a: Lanturn|Lanturn, L89, M|284/367\n|move|p1a: Meloetta|Hyper Voice|p2a: Lanturn\n|-damage|p2a: Lanturn|106/367\n|\n|-end|p1a: Meloetta|move: Heal Block\n|upkeep\n|turn|26\n|\n|t:|1782803476\n|move|p1a: Meloetta|Hyper Voice|p2a: Lanturn\n|-damage|p2a: Lanturn|0 fnt\n|faint|p2a: Lanturn\n|\n|upkeep\n|\n|t:|1782803482\n|switch|p2a: Exeggutor|Exeggutor, L89, F|187/312\n|turn|27\n|\n|t:|1782803492\n|-terastallize|p2a: Exeggutor|Steel\n|move|p1a: Meloetta|Hyper Voice|p2a: Exeggutor\n|-resisted|p2a: Exeggutor\n|-damage|p2a: Exeggutor|94/312\n|move|p2a: Exeggutor|Leech Seed|p1a: Meloetta\n|-start|p1a: Meloetta|move: Leech Seed\n|\n|-damage|p1a: Meloetta|6/298|[from] Leech Seed|[of] p2a: Exeggutor\n|-heal|p2a: Exeggutor|131/312|[silent]\n|upkeep\n|turn|28\n|\n|t:|1782803507\n|move|p1a: Meloetta|Hyper Voice|p2a: Exeggutor\n|-resisted|p2a: Exeggutor\n|-damage|p2a: Exeggutor|47/312\n|move|p2a: Exeggutor|Psychic Noise|p1a: Meloetta\n|-resisted|p1a: Meloetta\n|-damage|p1a: Meloetta|0 fnt\n|faint|p1a: Meloetta\n|\n|upkeep\n|\n|t:|1782803510\n|switch|p1a: Haxorus|Haxorus, L77, M|244/244\n|-ability|p1a: Haxorus|Mold Breaker\n|turn|29\n|\n|t:|1782803518\n|move|p1a: Haxorus|Swords Dance|p1a: Haxorus\n|-boost|p1a: Haxorus|atk|2\n|move|p2a: Exeggutor|Leech Seed|p1a: Haxorus\n|-start|p1a: Haxorus|move: Leech Seed\n|\n|-damage|p1a: Haxorus|214/244|[from] Leech Seed|[of] p2a: Exeggutor\n|-heal|p2a: Exeggutor|77/312|[silent]\n|-item|p2a: Exeggutor|Sitrus Berry|[from] ability: Harvest\n|upkeep\n|-enditem|p2a: Exeggutor|Sitrus Berry|[eat]\n|-heal|p2a: Exeggutor|155/312|[from] item: Sitrus Berry\n|turn|30\n|\n|t:|1782803540\n|move|p1a: Haxorus|Earthquake|p2a: Exeggutor\n|-supereffective|p2a: Exeggutor\n|-damage|p2a: Exeggutor|0 fnt\n|faint|p2a: Exeggutor\n|\n|upkeep\n|\n|t:|1782803544\n|switch|p2a: Porygon2|Porygon2, L81|270/270\n|-ability|p2a: Porygon2|Download|boost\n|-boost|p2a: Porygon2|spa|1\n|turn|31\n|\n|t:|1782803553\n|move|p1a: Haxorus|Scale Shot|p2a: Porygon2\n|-damage|p2a: Porygon2|225/270\n|-damage|p2a: Porygon2|182/270\n|-damage|p2a: Porygon2|139/270\n|-damage|p2a: Porygon2|93/270\n|-hitcount|p2a: Porygon2|4\n|-unboost|p1a: Haxorus|def|1\n|-boost|p1a: Haxorus|spe|1\n|move|p2a: Porygon2|Tera Blast|p1a: Haxorus\n|-damage|p1a: Haxorus|54/244\n|\n|-damage|p1a: Haxorus|24/244|[from] Leech Seed|[of] p2a: Porygon2\n|-heal|p2a: Porygon2|123/270|[silent]\n|upkeep\n|turn|32\n|\n|t:|1782803559\n|move|p1a: Haxorus|Scale Shot|p2a: Porygon2\n|-damage|p2a: Porygon2|83/270\n|-damage|p2a: Porygon2|37/270\n|-damage|p2a: Porygon2|0 fnt\n|faint|p2a: Porygon2\n|-hitcount|p2: Porygon2|3\n|\n|win|bonbonbo\n", "inputlog": ">version f8ac14003a5f27e1bdc8d8c59608a773c1cb96e5\n>start {\"formatid\":\"gen9randombattle\",\"seed\":\"sodium,1a06d4b16499c167f6818a610f966bd7\",\"rated\":\"Rated battle\"}\n>player p1 {\"name\":\"bonbonbo\",\"avatar\":\"266\",\"rating\":1936,\"seed\":\"sodium,c3a1bff2867beac497a79d75fe6c4a87\"}\n>player p2 {\"name\":\"StrongRegigigas\",\"avatar\":\"2\",\"rating\":2035,\"seed\":\"sodium,ac199faef794cb4fadac0bc09fd3a121\"}\n>p1 switch 5\n>p2 move hurricane\n>p1 move hypervoice\n>p2 move dracometeor\n>p1 move hypervoice\n>p2 switch 2\n>p1 switch 4\n>p2 move torchsong\n>p1 move partingshot\n>p2 move shadowball\n>p1 switch 4\n>p1 move psyshock\n>p2 switch 2\n>p2 switch 6\n>p1 switch 2\n>p2 move knockoff\n>p1 move stunspore\n>p2 move icebeam\n>p1 move encore\n>p2 move icebeam\n>p1 move uturn\n>p2 switch 4\n>p1 switch 5\n>p1 move knockoff\n>p2 switch 4\n>p2 switch 2\n>p1 move knockoff\n>p2 move torchsong\n>p1 switch 5\n>p2 move flamecharge\n>p1 move stunspore\n>p2 move flamecharge\n>p1 switch 2\n>p1 move psyshock\n>p2 move torchsong\n>p1 move psyshock\n>p2 move torchsong\n>p2 switch 4\n>p1 switch 5\n>p2 move psychicnoise\n>p1 move knockoff\n>p2 switch 5\n>p1 move synthesis\n>p2 move thunderwave\n>p1 move energyball\n>p2 move voltswitch\n>p2 switch 5\n>p1 move encore\n>p2 move psychicnoise\n>p1 move knockoff\n>p2 move substitute\n>p1 move encore\n>p2 move psychicnoise\n>p1 switch 5\n>p2 move psychicnoise\n>p1 move hypervoice\n>p2 switch 5\n>p1 move hypervoice\n>p2 move voltswitch\n>p2 switch 5\n>p1 move hypervoice\n>p2 move leechseed terastallize\n>p1 move hypervoice\n>p2 move psychicnoise\n>p1 switch 3\n>p1 move swordsdance\n>p2 move leechseed\n>p1 move earthquake\n>p2 move psychicnoise\n>p2 switch 3\n>p1 move scaleshot\n>p2 move terablast\n>p1 move scaleshot\n>p2 move recover", "uploadtime": 1782803145, "views": 4, "formatid": "gen9randombattle", "rating": null, "private": 0, "password": null, "player_dets": [{"name": "bonbonbo", "avatar": "266", "rating": 1936, "seed": "sodium,c3a1bff2867beac497a79d75fe6c4a87"}, {"name": "StrongRegigigas", "avatar": "2", "rating": 2035, "seed": "sodium,ac199faef794cb4fadac0bc09fd3a121"}], "teams_full": [{"Meganium": {"name": "Meganium", "species": "Meganium", "speciesId": "meganium", "gender": "M", "shiny": false, "level": 90, "moves": ["energyball", "knockoff", "synthesis", "encore"], "ability": "Overgrow", "evs": {"hp": 85, "atk": 85, "def": 85, "spa": 85, "spd": 85, "spe": 85}, "ivs": {"hp": 31, "atk": 31, "def": 31, "spa": 31, "spd": 31, "spe": 31}, "item": "Leftovers", "teraType": "Poison", "role": "Bulky Attacker", "bvs": {"hp": 80, "atk": 82, "def": 100, "spa": 83, "spd": 100, "spe": 80}, "stats": {"hp": 290, "atk": 199, "def": 231, "spa": 201, "spd": 231, "spe": 195}, "types": ["Grass"]}, "Whimsicott": {"name": "Whimsicott", "species": "Whimsicott", "speciesId": "whimsicott", "gender": "M", "shiny": false, "level": 84, "moves": ["moonblast", "stunspore", "uturn", "encore"], "ability": "Prankster", "evs": {"hp": 85, "atk": 85, "def": 85, "spa": 85, "spd": 85, "spe": 85}, "ivs": {"hp": 31, "atk": 31, "def": 31, "spa": 31, "spd": 31, "spe": 31}, "item": "Heavy-Duty Boots", "teraType": "Steel", "role": "Fast Support", "bvs": {"hp": 60, "atk": 67, "def": 85, "spa": 77, "spd": 75, "spe": 116}, "stats": {"hp": 238, "atk": 161, "def": 191, "spa": 178, "spd": 174, "spe": 243}, "types": ["Grass", "Fairy"]}, "Haxorus": {"name": "Haxorus", "species": "Haxorus", "speciesId": "haxorus", "gender": "M", "shiny": false, "level": 77, "moves": ["earthquake", "ironhead", "scaleshot", "swordsdance"], "ability": "Mold Breaker", "evs": {"hp": 85, "atk": 85, "def": 85, "spa": 85, "spd": 85, "spe": 85}, "ivs": {"hp": 31, "atk": 31, "def": 31, "spa": 31, "spd": 31, "spe": 31}, "item": "Loaded Dice", "teraType": "Steel", "role": "Fast Bulky Setup", "bvs": {"hp": 76, "atk": 147, "def": 90, "spa": 60, "spd": 70, "spe": 97}, "stats": {"hp": 244, "atk": 271, "def": 183, "spa": 137, "spd": 152, "spe": 194}, "types": ["Dragon"]}, "Pecharunt": {"name": "Pecharunt", "species": "Pecharunt", "speciesId": "pecharunt", "gender": "N", "shiny": false, "level": 77, "moves": ["shadowball", "partingshot", "malignantchain", "recover"], "ability": "Poison Puppeteer", "evs": {"hp": 85, "atk": 0, "def": 85, "spa": 85, "spd": 85, "spe": 85}, "ivs": {"hp": 31, "atk": 0, "def": 31, "spa": 31, "spd": 31, "spe": 31}, "item": "Leftovers", "teraType": "Dark", "role": "Bulky Attacker", "bvs": {"hp": 88, "atk": 88, "def": 160, "spa": 88, "spd": 88, "spe": 88}, "stats": {"hp": 262, "atk": 140, "def": 291, "spa": 180, "spd": 180, "spe": 180}, "types": ["Poison", "Ghost"]}, "Meloetta": {"name": "Meloetta", "species": "Meloetta", "speciesId": "meloetta", "gender": "N", "shiny": false, "level": 82, "moves": ["focusblast", "uturn", "psyshock", "hypervoice"], "ability": "Serene Grace", "evs": {"hp": 85, "atk": 85, "def": 85, "spa": 85, "spd": 85, "spe": 85}, "ivs": {"hp": 31, "atk": 31, "def": 31, "spa": 31, "spd": 31, "spe": 31}, "item": "Choice Specs", "teraType": "Fighting", "role": "Bulky Attacker", "bvs": {"hp": 100, "atk": 77, "def": 77, "spa": 128, "spd": 128, "spe": 90}, "stats": {"hp": 298, "atk": 173, "def": 173, "spa": 257, "spd": 257, "spe": 195}, "types": ["Normal", "Psychic"]}, "Comfey": {"name": "Comfey", "species": "Comfey", "speciesId": "comfey", "gender": "F", "shiny": false, "level": 85, "moves": ["storedpower", "gigadrain", "calmmind", "drainingkiss"], "ability": "Triage", "evs": {"hp": 85, "atk": 0, "def": 85, "spa": 85, "spd": 85, "spe": 85}, "ivs": {"hp": 31, "atk": 0, "def": 31, "spa": 31, "spd": 31, "spe": 31}, "item": "Leftovers", "teraType": "Steel", "role": "Bulky Setup", "bvs": {"hp": 51, "atk": 52, "def": 90, "spa": 82, "spd": 110, "spe": 100}, "stats": {"hp": 225, "atk": 93, "def": 202, "spa": 188, "spd": 236, "spe": 219}, "types": ["Fairy"]}}, {"Noivern": {"name": "Noivern", "species": "Noivern", "speciesId": "noivern", "gender": "M", "shiny": false, "level": 82, "moves": ["flamethrower", "hurricane", "dracometeor", "roost"], "ability": "Infiltrator", "evs": {"hp": 85, "atk": 0, "def": 85, "spa": 85, "spd": 85, "spe": 85}, "ivs": {"hp": 31, "atk": 0, "def": 31, "spa": 31, "spd": 31, "spe": 31}, "item": "Heavy-Duty Boots", "teraType": "Fire", "role": "Fast Support", "bvs": {"hp": 85, "atk": 70, "def": 80, "spa": 97, "spd": 80, "spe": 123}, "stats": {"hp": 274, "atk": 119, "def": 178, "spa": 206, "spd": 178, "spe": 249}, "types": ["Flying", "Dragon"]}, "Skeledirge": {"name": "Skeledirge", "species": "Skeledirge", "speciesId": "skeledirge", "gender": "F", "shiny": false, "level": 79, "moves": ["shadowball", "flamecharge", "torchsong", "slackoff"], "ability": "Unaware", "evs": {"hp": 85, "atk": 85, "def": 85, "spa": 85, "spd": 85, "spe": 85}, "ivs": {"hp": 31, "atk": 31, "def": 31, "spa": 31, "spd": 31, "spe": 31}, "item": "Heavy-Duty Boots", "teraType": "Fairy", "role": "Bulky Attacker", "bvs": {"hp": 104, "atk": 75, "def": 100, "spa": 110, "spd": 75, "spe": 66}, "stats": {"hp": 294, "atk": 164, "def": 204, "spa": 219, "spd": 164, "spe": 150}, "types": ["Fire", "Ghost"]}, "Porygon2": {"name": "Porygon2", "species": "Porygon2", "speciesId": "porygon2", "gender": "N", "shiny": false, "level": 81, "moves": ["shadowball", "terablast", "thunderwave", "recover"], "ability": "Download", "evs": {"hp": 85, "atk": 85, "def": 85, "spa": 85, "spd": 85, "spe": 85}, "ivs": {"hp": 31, "atk": 31, "def": 31, "spa": 31, "spd": 31, "spe": 31}, "item": "Eviolite", "teraType": "Fairy", "role": "Tera Blast user", "bvs": {"hp": 85, "atk": 80, "def": 90, "spa": 105, "spd": 95, "spe": 60}, "stats": {"hp": 270, "atk": 176, "def": 192, "spa": 217, "spd": 201, "spe": 144}, "types": ["Normal"]}, "Exeggutor": {"name": "Exeggutor", "species": "Exeggutor", "speciesId": "exeggutor", "gender": "F", "shiny": false, "level": 89, "moves": ["substitute", "psychicnoise", "leechseed", "protect"], "ability": "Harvest", "evs": {"hp": 77, "atk": 0, "def": 85, "spa": 85, "spd": 85, "spe": 85}, "ivs": {"hp": 31, "atk": 0, "def": 31, "spa": 31, "spd": 31, "spe": 31}, "item": "Sitrus Berry", "teraType": "Steel", "role": "Bulky Attacker", "bvs": {"hp": 95, "atk": 95, "def": 85, "spa": 125, "spd": 75, "spe": 55}, "stats": {"hp": 312, "atk": 174, "def": 202, "spa": 273, "spd": 184, "spe": 149}, "types": ["Grass", "Psychic"]}, "Lanturn": {"name": "Lanturn", "species": "Lanturn", "speciesId": "lanturn", "gender": "M", "shiny": false, "level": 89, "moves": ["voltswitch", "thunderwave", "scald", "thunderbolt"], "ability": "Volt Absorb", "evs": {"hp": 85, "atk": 0, "def": 85, "spa": 85, "spd": 85, "spe": 85}, "ivs": {"hp": 31, "atk": 0, "def": 31, "spa": 31, "spd": 31, "spe": 31}, "item": "Heavy-Duty Boots", "teraType": "Flying", "role": "Fast Support", "bvs": {"hp": 125, "atk": 58, "def": 58, "spa": 76, "spd": 76, "spe": 67}, "stats": {"hp": 367, "atk": 108, "def": 154, "spa": 186, "spd": 186, "spe": 170}, "types": ["Water", "Electric"]}, "Deoxys": {"name": "Deoxys", "species": "Deoxys-Attack", "speciesId": "deoxysattack", "gender": "N", "shiny": false, "level": 72, "moves": ["icebeam", "superpower", "psychoboost", "knockoff"], "ability": "Pressure", "evs": {"hp": 85, "atk": 85, "def": 85, "spa": 85, "spd": 85, "spe": 85}, "ivs": {"hp": 31, "atk": 31, "def": 31, "spa": 31, "spd": 31, "spe": 31}, "item": "Life Orb", "teraType": "Dark", "role": "Wallbreaker", "bvs": {"hp": 50, "atk": 180, "def": 20, "spa": 180, "spd": 20, "spe": 150}, "stats": {"hp": 191, "atk": 301, "def": 71, "spa": 301, "spd": 71, "spe": 258}, "types": ["Psychic"]}}]}