{"id": "gen9randombattle-2641447087", "format": "[Gen 9] Random Battle", "players": ["Swayingtons", "CloudlessGamer"], "log": "|j|\u2606Swayingtons\n|j|\u2606CloudlessGamer\n|t:|1782786139\n|gametype|singles\n|player|p1|Swayingtons|265|\n|player|p2|CloudlessGamer|clay|\n|gen|9\n|tier|[Gen 9] Random Battle\n|rule|Species Clause: Limit one of each Pok\u00e9mon\n|rule|HP Percentage Mod: HP is shown in percentages\n|rule|Sleep Clause Mod: Limit one foe put to sleep\n|rule|Illusion Level Mod: Illusion disguises the Pok\u00e9mon's true level\n|\n|t:|1782786139\n|teamsize|p1|6\n|teamsize|p2|6\n|start\n|switch|p1a: Snorlax|Snorlax, L82, F|397/397\n|switch|p2a: Pelipper|Pelipper, L86, M|243/243\n|-weather|RainDance|[from] ability: Drizzle|[of] p2a: Pelipper\n|turn|1\n|j| BULIMIC PARADISE\n|c| BULIMIC PARADISE|OMG HAI SNORLAX\n|c|\u2606CloudlessGamer|LMFAO\n|c| BULIMIC PARADISE|joined perfect timing\n|c| BULIMIC PARADISE|Sorry cvloud but im rooting for the snorlax\n|c|\u2606CloudlessGamer|u good this team sucks\n|\n|t:|1782786218\n|switch|p1a: Pincurchin|Pincurchin, M|258/258\n|-fieldstart|move: Electric Terrain|[from] ability: Electric Surge|[of] p1a: Pincurchin\n|move|p2a: Pelipper|U-turn|p1a: Pincurchin\n|-damage|p1a: Pincurchin|231/258\n|\n|t:|1782786258\n|switch|p2a: Hoopa|Hoopa, L85|275/275|[from] U-turn\n|\n|-weather|RainDance|[upkeep]\n|-heal|p1a: Pincurchin|247/258|[from] item: Leftovers\n|upkeep\n|turn|2\n|\n|t:|1782786291\n|move|p2a: Hoopa|Nasty Plot|p2a: Hoopa\n|-boost|p2a: Hoopa|spa|2\n|move|p1a: Pincurchin|Thunderbolt|p2a: Hoopa\n|-damage|p2a: Hoopa|155/275\n|\n|-weather|RainDance|[upkeep]\n|-heal|p1a: Pincurchin|258/258|[from] item: Leftovers\n|upkeep\n|turn|3\n|c| BULIMIC PARADISE|Bang huge plot\n|\n|t:|1782786359\n|move|p2a: Hoopa|Psychic|p1a: Pincurchin\n|-damage|p1a: Pincurchin|0 fnt\n|faint|p1a: Pincurchin\n|-damage|p2a: Hoopa|128/275|[from] item: Life Orb\n|\n|-weather|RainDance|[upkeep]\n|upkeep\n|c| BULIMIC PARADISE|sway i think your inherently nerfed by having no avi\n|\n|t:|1782786448\n|switch|p1a: Chien-Pao|Chien-Pao, L72|234/234\n|-ability|p1a: Chien-Pao|Sword of Ruin\n|turn|4\n|\n|t:|1782786504\n|switch|p2a: Overqwil|Overqwil, L82, F|274/274\n|-ability|p2a: Overqwil|Intimidate|boost\n|-unboost|p1a: Chien-Pao|atk|1\n|move|p1a: Chien-Pao|Throat Chop|p2a: Overqwil\n|-resisted|p2a: Overqwil\n|-damage|p2a: Overqwil|230/274\n|-start|p2a: Overqwil|Throat Chop|[silent]\n|\n|-weather|RainDance|[upkeep]\n|upkeep\n|turn|5\n|\n|t:|1782786771\n|switch|p1a: Snorlax|Snorlax, L82, F|397/397\n|move|p2a: Overqwil|Gunk Shot|p1a: Snorlax\n|-crit|p1a: Snorlax\n|-damage|p1a: Snorlax|12/397\n|\n|-weather|none\n|-heal|p1a: Snorlax|36/397|[from] item: Leftovers\n|-end|p2a: Overqwil|Throat Chop|[silent]\n|-fieldend|move: Electric Terrain\n|upkeep\n|turn|6\n|\n|t:|1782786827\n|move|p2a: Overqwil|Gunk Shot|p1a: Snorlax\n|-damage|p1a: Snorlax|0 fnt\n|faint|p1a: Snorlax\n|\n|upkeep\n|\n|t:|1782786853\n|switch|p1a: Magmortar|Magmortar, L88, F|275/275\n|turn|7\n|\n|t:|1782786879\n|switch|p2a: Pelipper|Pelipper, L86, M|243/243\n|-weather|RainDance|[from] ability: Drizzle|[of] p2a: Pelipper\n|move|p1a: Magmortar|Earthquake|p2a: Pelipper\n|-immune|p2a: Pelipper\n|\n|-weather|RainDance|[upkeep]\n|upkeep\n|turn|8\n|\n|t:|1782786946\n|switch|p1a: Shiftry|Shiftry, L89, F|305/305\n|move|p2a: Pelipper|Hydro Pump|p1a: Shiftry\n|-resisted|p1a: Shiftry\n|-damage|p1a: Shiftry|184/305\n|\n|-weather|RainDance|[upkeep]\n|upkeep\n|turn|9\n|\n|t:|1782786975\n|move|p1a: Shiftry|Swords Dance|p1a: Shiftry\n|-boost|p1a: Shiftry|atk|2\n|move|p2a: Pelipper|U-turn|p1a: Shiftry\n|-supereffective|p1a: Shiftry\n|-damage|p1a: Shiftry|20/305\n|\n|t:|1782786995\n|switch|p2a: Overqwil|Overqwil, L82, F|230/274|[from] U-turn\n|-ability|p2a: Overqwil|Intimidate|boost\n|-unboost|p1a: Shiftry|atk|1\n|\n|-weather|RainDance|[upkeep]\n|upkeep\n|turn|10\n|c| BULIMIC PARADISE|oh shit wtf happened\n|c| BULIMIC PARADISE|CRIT GUNK ur evil bro\n|\n|t:|1782787047\n|-terastallize|p2a: Overqwil|Water\n|move|p2a: Overqwil|Aqua Jet|p1a: Shiftry\n|-resisted|p1a: Shiftry\n|-damage|p1a: Shiftry|0 fnt\n|faint|p1a: Shiftry\n|\n|-weather|RainDance|[upkeep]\n|upkeep\n|\n|t:|1782787098\n|switch|p1a: Azelf|Azelf, L82|257/257\n|turn|11\n|\n|t:|1782787145\n|move|p2a: Overqwil|Aqua Jet|p1a: Azelf\n|-damage|p1a: Azelf|127/257\n|move|p1a: Azelf|Psychic|p2a: Overqwil\n|-damage|p2a: Overqwil|35/274\n|\n|-weather|none\n|upkeep\n|turn|12\n|\n|t:|1782787157\n|move|p2a: Overqwil|Aqua Jet|p1a: Azelf\n|-crit|p1a: Azelf\n|-damage|p1a: Azelf|3/257\n|move|p1a: Azelf|Psychic|p2a: Overqwil\n|-damage|p2a: Overqwil|0 fnt\n|faint|p2a: Overqwil\n|\n|upkeep\n|\n|t:|1782787200\n|switch|p2a: Kyogre|Kyogre, L71|259/259\n|-weather|RainDance|[from] ability: Drizzle|[of] p2a: Kyogre\n|turn|13\n|\n|t:|1782787218\n|move|p1a: Azelf|Psychic|p2a: Kyogre\n|-damage|p2a: Kyogre|132/259\n|move|p2a: Kyogre|Thunder|p1a: Azelf\n|-damage|p1a: Azelf|0 fnt\n|faint|p1a: Azelf\n|\n|-weather|RainDance|[upkeep]\n|-heal|p2a: Kyogre|148/259|[from] item: Leftovers\n|upkeep\n|\n|t:|1782787229\n|switch|p1a: Chien-Pao|Chien-Pao, L72|234/234\n|-ability|p1a: Chien-Pao|Sword of Ruin\n|turn|14\n|\n|t:|1782787244\n|move|p1a: Chien-Pao|Throat Chop|p2a: Kyogre\n|-damage|p2a: Kyogre|0 fnt\n|faint|p2a: Kyogre\n|\n|-weather|RainDance|[upkeep]\n|upkeep\n|\n|t:|1782787261\n|switch|p2a: Furret|Furret, L94, F|312/312\n|-item|p1a: Chien-Pao|Choice Band|[from] ability: Frisk|[of] p2a: Furret\n|turn|15\n|\n|t:|1782787292\n|switch|p1a: Magmortar|Magmortar, L88, F|275/275\n|move|p2a: Furret|Double-Edge|p1a: Magmortar\n|-damage|p1a: Magmortar|46/275\n|-status|p2a: Furret|brn|[from] ability: Flame Body|[of] p1a: Magmortar\n|-damage|p2a: Furret|236/312 brn|[from] Recoil\n|\n|-weather|RainDance|[upkeep]\n|-damage|p2a: Furret|217/312 brn|[from] brn\n|upkeep\n|turn|16\n|\n|t:|1782787326\n|move|p2a: Furret|Double-Edge|p1a: Magmortar\n|-damage|p1a: Magmortar|0 fnt\n|faint|p1a: Magmortar\n|-damage|p2a: Furret|202/312 brn|[from] Recoil\n|\n|-weather|RainDance|[upkeep]\n|-damage|p2a: Furret|183/312 brn|[from] brn\n|upkeep\n|\n|t:|1782787333\n|switch|p1a: Chien-Pao|Chien-Pao, L72|234/234\n|-ability|p1a: Chien-Pao|Sword of Ruin\n|turn|17\n|\n|t:|1782787360\n|-terastallize|p1a: Chien-Pao|Ice\n|move|p1a: Chien-Pao|Icicle Crash|p2a: Furret\n|-damage|p2a: Furret|0 fnt\n|faint|p2a: Furret\n|\n|-weather|none\n|upkeep\n|\n|t:|1782787392\n|switch|p2a: Pelipper|Pelipper, L86, M|243/243\n|-weather|RainDance|[from] ability: Drizzle|[of] p2a: Pelipper\n|turn|18\n|\n|t:|1782787404\n|move|p1a: Chien-Pao|Icicle Crash|p2a: Pelipper\n|-damage|p2a: Pelipper|65/243\n|move|p2a: Pelipper|Hydro Pump|p1a: Chien-Pao\n|-damage|p1a: Chien-Pao|0 fnt\n|faint|p1a: Chien-Pao\n|\n|win|CloudlessGamer\n|l|\u2606Swayingtons\n|player|p1|\n", "inputlog": ">version f8ac14003a5f27e1bdc8d8c59608a773c1cb96e5\n>start {\"formatid\":\"gen9randombattle\",\"seed\":\"sodium,0d73d2110238b0eca39a81a29b61cc74\"}\n>player p1 {\"name\":\"Swayingtons\",\"avatar\":\"265\",\"rating\":0,\"seed\":\"sodium,1167ecabf0602b2f0903bc8c8565baef\"}\n>player p2 {\"name\":\"CloudlessGamer\",\"avatar\":\"clay\",\"rating\":0,\"seed\":\"sodium,407c897378d1de08ac818ecdcc76a866\"}\n>chat  BULIMIC PARADISE|OMG HAI SNORLAX\n>chat \u2606CloudlessGamer|LMFAO\n>chat  BULIMIC PARADISE|joined perfect timing \n>chat  BULIMIC PARADISE|Sorry cvloud but im rooting for the snorlax \n>chat \u2606CloudlessGamer|u good this team sucks\n>p1 switch 3\n>p2 move uturn\n>p2 switch 5\n>p1 move thunderbolt\n>p2 move nastyplot\n>chat  BULIMIC PARADISE|Bang huge plot \n>p1 move thunderbolt\n>p2 move psychic\n>chat  BULIMIC PARADISE|sway i think your inherently nerfed by having no avi \n>p1 switch 2\n>p1 move throatchop\n>p2 switch 4\n>p1 switch 3\n>p2 move gunkshot\n>p1 move rest\n>p2 move gunkshot\n>p1 switch 6\n>p1 move earthquake\n>p2 switch 5\n>p1 switch 5\n>p2 move hydropump\n>p1 move swordsdance\n>p2 move uturn\n>p2 switch 5\n>chat  BULIMIC PARADISE|oh shit wtf happened\n>chat  BULIMIC PARADISE|CRIT GUNK ur evil bro \n>p1 move knockoff\n>p2 move aquajet terastallize\n>p1 switch 4\n>p1 move psychic\n>p2 move aquajet\n>p1 move psychic\n>p2 move aquajet\n>p2 switch 6\n>p1 move psychic\n>p2 move thunder\n>p1 switch 3\n>p1 move throatchop\n>p2 move originpulse\n>p2 switch 2\n>p1 switch 5\n>p2 move doubleedge\n>p1 move focusblast\n>p2 move doubleedge\n>p1 switch 5\n>p1 move iciclecrash terastallize\n>p2 move doubleedge\n>p2 switch 5\n>p1 move iciclecrash\n>p2 move hydropump", "uploadtime": 1782787426, "views": 16, "formatid": "gen9randombattle", "rating": null, "private": 0, "password": null, "player_dets": [{"name": "Swayingtons", "avatar": "265", "rating": 0, "seed": "sodium,1167ecabf0602b2f0903bc8c8565baef"}, {"name": "CloudlessGamer", "avatar": "clay", "rating": 0, "seed": "sodium,407c897378d1de08ac818ecdcc76a866"}], "teams_full": [{"Snorlax": {"name": "Snorlax", "species": "Snorlax", "speciesId": "snorlax", "gender": "F", "shiny": false, "level": 82, "moves": ["curse", "rest", "bodyslam", "sleeptalk"], "ability": "Thick Fat", "evs": {"hp": 85, "atk": 85, "def": 85, "spa": 85, "spd": 85, "spe": 85}, "ivs": {"hp": 31, "atk": 31, "def": 31, "spa": 31, "spd": 31, "spe": 31}, "item": "Leftovers", "teraType": "Fairy", "role": "Bulky Attacker", "bvs": {"hp": 160, "atk": 110, "def": 65, "spa": 65, "spd": 110, "spe": 30}, "stats": {"hp": 397, "atk": 228, "def": 154, "spa": 154, "spd": 228, "spe": 96}, "types": ["Normal"]}, "Chien-Pao": {"name": "Chien-Pao", "species": "Chien-Pao", "speciesId": "chienpao", "gender": "N", "shiny": false, "level": 72, "moves": ["iciclecrash", "iceshard", "sacredsword", "throatchop"], "ability": "Sword of Ruin", "evs": {"hp": 85, "atk": 85, "def": 85, "spa": 85, "spd": 85, "spe": 85}, "ivs": {"hp": 31, "atk": 31, "def": 31, "spa": 31, "spd": 31, "spe": 31}, "item": "Choice Band", "teraType": "Ice", "role": "Wallbreaker", "bvs": {"hp": 80, "atk": 120, "def": 80, "spa": 90, "spd": 65, "spe": 135}, "stats": {"hp": 234, "atk": 215, "def": 157, "spa": 172, "spd": 136, "spe": 236}, "types": ["Dark", "Ice"]}, "Pincurchin": {"name": "Pincurchin", "species": "Pincurchin", "speciesId": "pincurchin", "gender": "M", "shiny": false, "level": 100, "moves": ["recover", "scald", "thunderbolt", "toxicspikes"], "ability": "Electric Surge", "evs": {"hp": 85, "atk": 0, "def": 85, "spa": 85, "spd": 85, "spe": 85}, "ivs": {"hp": 31, "atk": 0, "def": 31, "spa": 31, "spd": 31, "spe": 31}, "item": "Leftovers", "teraType": "Water", "role": "Bulky Attacker", "bvs": {"hp": 48, "atk": 101, "def": 95, "spa": 91, "spd": 85, "spe": 15}, "stats": {"hp": 258, "atk": 207, "def": 247, "spa": 239, "spd": 227, "spe": 87}, "types": ["Electric"]}, "Azelf": {"name": "Azelf", "species": "Azelf", "speciesId": "azelf", "gender": "N", "shiny": false, "level": 82, "moves": ["psychic", "dazzlinggleam", "uturn", "fireblast"], "ability": "Levitate", "evs": {"hp": 85, "atk": 85, "def": 85, "spa": 85, "spd": 85, "spe": 85}, "ivs": {"hp": 31, "atk": 31, "def": 31, "spa": 31, "spd": 31, "spe": 31}, "item": "Choice Specs", "teraType": "Fire", "role": "Fast Attacker", "bvs": {"hp": 75, "atk": 125, "def": 70, "spa": 125, "spd": 70, "spe": 115}, "stats": {"hp": 257, "atk": 252, "def": 162, "spa": 252, "spd": 162, "spe": 236}, "types": ["Psychic"]}, "Shiftry": {"name": "Shiftry", "species": "Shiftry", "speciesId": "shiftry", "gender": "F", "shiny": false, "level": 89, "moves": ["swordsdance", "knockoff", "suckerpunch", "leafblade"], "ability": "Wind Rider", "evs": {"hp": 85, "atk": 85, "def": 85, "spa": 85, "spd": 85, "spe": 85}, "ivs": {"hp": 31, "atk": 31, "def": 31, "spa": 31, "spd": 31, "spe": 31}, "item": "Life Orb", "teraType": "Dark", "role": "Fast Bulky Setup", "bvs": {"hp": 90, "atk": 100, "def": 60, "spa": 90, "spd": 60, "spe": 80}, "stats": {"hp": 305, "atk": 229, "def": 158, "spa": 211, "spd": 158, "spe": 193}, "types": ["Grass", "Dark"]}, "Magmortar": {"name": "Magmortar", "species": "Magmortar", "speciesId": "magmortar", "gender": "F", "shiny": false, "level": 88, "moves": ["focusblast", "knockoff", "earthquake", "fireblast"], "ability": "Flame Body", "evs": {"hp": 85, "atk": 85, "def": 85, "spa": 85, "spd": 85, "spe": 85}, "ivs": {"hp": 31, "atk": 31, "def": 31, "spa": 31, "spd": 31, "spe": 31}, "item": "Heavy-Duty Boots", "teraType": "Fighting", "role": "Fast Attacker", "bvs": {"hp": 75, "atk": 95, "def": 67, "spa": 125, "spd": 95, "spe": 83}, "stats": {"hp": 275, "atk": 217, "def": 168, "spa": 270, "spd": 217, "spe": 196}, "types": ["Fire"]}}, {"Pelipper": {"name": "Pelipper", "species": "Pelipper", "speciesId": "pelipper", "gender": "M", "shiny": false, "level": 86, "moves": ["hydropump", "roost", "hurricane", "uturn"], "ability": "Drizzle", "evs": {"hp": 85, "atk": 85, "def": 85, "spa": 85, "spd": 85, "spe": 85}, "ivs": {"hp": 31, "atk": 31, "def": 31, "spa": 31, "spd": 31, "spe": 31}, "item": "Heavy-Duty Boots", "teraType": "Ground", "role": "Bulky Attacker", "bvs": {"hp": 60, "atk": 50, "def": 100, "spa": 95, "spd": 70, "spe": 65}, "stats": {"hp": 243, "atk": 135, "def": 221, "spa": 213, "spd": 170, "spe": 161}, "types": ["Water", "Flying"]}, "Furret": {"name": "Furret", "species": "Furret", "speciesId": "furret", "gender": "F", "shiny": false, "level": 94, "moves": ["knockoff", "trick", "uturn", "doubleedge"], "ability": "Frisk", "evs": {"hp": 85, "atk": 85, "def": 85, "spa": 85, "spd": 85, "spe": 85}, "ivs": {"hp": 31, "atk": 31, "def": 31, "spa": 31, "spd": 31, "spe": 31}, "item": "Choice Band", "teraType": "Normal", "role": "Wallbreaker", "bvs": {"hp": 85, "atk": 76, "def": 64, "spa": 45, "spd": 55, "spe": 90}, "stats": {"hp": 312, "atk": 196, "def": 174, "spa": 138, "spd": 157, "spe": 223}, "types": ["Normal"]}, "Enamorus": {"name": "Enamorus", "species": "Enamorus-Therian", "speciesId": "enamorustherian", "gender": "F", "shiny": false, "level": 83, "moves": ["moonblast", "earthpower", "mysticalfire", "agility"], "ability": "Overcoat", "evs": {"hp": 85, "atk": 0, "def": 85, "spa": 85, "spd": 85, "spe": 85}, "ivs": {"hp": 31, "atk": 0, "def": 31, "spa": 31, "spd": 31, "spe": 31}, "item": "Weakness Policy", "teraType": "Ground", "role": "Bulky Setup", "bvs": {"hp": 74, "atk": 115, "def": 110, "spa": 135, "spd": 100, "spe": 46}, "stats": {"hp": 259, "atk": 195, "def": 230, "spa": 272, "spd": 214, "spe": 124}, "types": ["Fairy", "Flying"]}, "Overqwil": {"name": "Overqwil", "species": "Overqwil", "speciesId": "overqwil", "gender": "F", "shiny": false, "level": 82, "moves": ["gunkshot", "aquajet", "crunch", "liquidation"], "ability": "Intimidate", "evs": {"hp": 85, "atk": 85, "def": 85, "spa": 85, "spd": 85, "spe": 85}, "ivs": {"hp": 31, "atk": 31, "def": 31, "spa": 31, "spd": 31, "spe": 31}, "item": "Choice Band", "teraType": "Water", "role": "Fast Attacker", "bvs": {"hp": 85, "atk": 115, "def": 95, "spa": 65, "spd": 65, "spe": 85}, "stats": {"hp": 274, "atk": 236, "def": 203, "spa": 154, "spd": 154, "spe": 187}, "types": ["Dark", "Poison"]}, "Hoopa": {"name": "Hoopa", "species": "Hoopa", "speciesId": "hoopa", "gender": "N", "shiny": false, "level": 85, "moves": ["focusblast", "psychic", "nastyplot", "shadowball"], "ability": "Magician", "evs": {"hp": 85, "atk": 0, "def": 85, "spa": 85, "spd": 85, "spe": 85}, "ivs": {"hp": 31, "atk": 0, "def": 31, "spa": 31, "spd": 31, "spe": 31}, "item": "Life Orb", "teraType": "Ghost", "role": "Fast Attacker", "bvs": {"hp": 80, "atk": 110, "def": 60, "spa": 150, "spd": 130, "spe": 70}, "stats": {"hp": 275, "atk": 192, "def": 151, "spa": 304, "spd": 270, "spe": 168}, "types": ["Psychic", "Ghost"]}, "Kyogre": {"name": "Kyogre", "species": "Kyogre", "speciesId": "kyogre", "gender": "N", "shiny": false, "level": 71, "moves": ["icebeam", "originpulse", "thunder", "calmmind"], "ability": "Drizzle", "evs": {"hp": 85, "atk": 0, "def": 85, "spa": 85, "spd": 85, "spe": 85}, "ivs": {"hp": 31, "atk": 0, "def": 31, "spa": 31, "spd": 31, "spe": 31}, "item": "Leftovers", "teraType": "Steel", "role": "Bulky Setup", "bvs": {"hp": 100, "atk": 100, "def": 90, "spa": 150, "spd": 140, "spe": 90}, "stats": {"hp": 259, "atk": 147, "def": 169, "spa": 254, "spd": 240, "spe": 169}, "types": ["Water"]}}]}