{"id": "gen9randombattle-2641456486", "format": "[Gen 9] Random Battle", "players": ["personanongrattata", "RDTar"], "log": "|badge|p1|bronze|gen9randombattle|100-9\n|html|<div class=\"broadcast-red\"><strong>This battle is required to be public due to one or more player having a season medal.</strong><br />During the public phase, you can discuss the state of the ladder <a href=\"/seasondiscussion\">in a special chatroom.</a></div>\n|uhtml|medal-msg|<div class=\"broadcast-blue\">Curious what those medals under the avatar are? PS now has Ladder Seasons! For more information, check out the <a href=\"https://www.smogon.com/forums/threads/3740067/\">thread on Smogon.</a></div>\n|j|\u2606personanongrattata\n|j|\u2606RDTar\n|t:|1782787583\n|gametype|singles\n|player|p1|personanongrattata|youngster-gen4dp|2233\n|player|p2|RDTar|101|2274\n|gen|9\n|tier|[Gen 9] Random Battle\n|rated|\n|rule|Species Clause: Limit one of each Pok\u00e9mon\n|rule|HP Percentage Mod: HP is shown in percentages\n|rule|Sleep Clause Mod: Limit one foe put to sleep\n|rule|Illusion Level Mod: Illusion disguises the Pok\u00e9mon's true level\n|\n|t:|1782787583\n|teamsize|p1|6\n|teamsize|p2|6\n|start\n|switch|p1a: Lanturn|Lanturn, L89, F|367/367\n|switch|p2a: Chandelure|Chandelure, L83, F|235/235\n|turn|1\n|inactive|Battle timer is ON: inactive players will automatically lose when time's up. (requested by personanongrattata)\n|\n|t:|1782787596\n|move|p2a: Chandelure|Energy Ball|p1a: Lanturn\n|-supereffective|p1a: Lanturn\n|-crit|p1a: Lanturn\n|-damage|p1a: Lanturn|95/367\n|move|p1a: Lanturn|Volt Switch|p2a: Chandelure\n|-damage|p2a: Chandelure|168/235\n|\n|t:|1782787599\n|switch|p1a: Lokix|Lokix, L82, M|251/251|[from] Volt Switch\n|\n|upkeep\n|turn|2\n|\n|t:|1782787610\n|move|p2a: Chandelure|Energy Ball|p1a: Lokix\n|-resisted|p1a: Lokix\n|-damage|p1a: Lokix|187/251\n|move|p1a: Lokix|Knock Off|p2a: Chandelure\n|-supereffective|p2a: Chandelure\n|-damage|p2a: Chandelure|0 fnt\n|-enditem|p2a: Chandelure|Choice Scarf|[from] move: Knock Off|[of] p1a: Lokix\n|faint|p2a: Chandelure\n|-damage|p1a: Lokix|162/251|[from] item: Life Orb\n|\n|upkeep\n|\n|t:|1782787613\n|switch|p2a: Zapdos|Zapdos-Galar, L77|265/265\n|turn|3\n|\n|t:|1782787617\n|switch|p1a: Magmortar|Magmortar, L88, F|275/275\n|move|p2a: Zapdos|Close Combat|p1a: Magmortar\n|-damage|p1a: Magmortar|64/275\n|-unboost|p2a: Zapdos|def|1\n|-unboost|p2a: Zapdos|spd|1\n|-damage|p2a: Zapdos|239/265|[from] item: Life Orb\n|\n|upkeep\n|turn|4\n|\n|t:|1782787621\n|switch|p1a: Electrode|Electrode-Hisui, L87|246/246\n|move|p2a: Zapdos|Knock Off|p1a: Electrode\n|-damage|p1a: Electrode|134/246\n|-enditem|p1a: Electrode|Leftovers|[from] move: Knock Off|[of] p2a: Zapdos\n|-damage|p2a: Zapdos|213/265|[from] item: Life Orb\n|\n|upkeep\n|turn|5\n|\n|t:|1782787627\n|switch|p2a: Archaludon|Archaludon, L78, F|268/268\n|move|p1a: Electrode|Leech Seed|p2a: Archaludon|[miss]\n|-miss|p1a: Electrode|p2a: Archaludon\n|\n|upkeep\n|turn|6\n|\n|t:|1782787638\n|switch|p1a: Pyroar|Pyroar, L88, M|295/295\n|-ability|p1a: Pyroar|Unnerve\n|move|p2a: Archaludon|Outrage|p1a: Pyroar\n|-damage|p1a: Pyroar|174/295\n|\n|upkeep\n|turn|7\n|\n|t:|1782787642\n|move|p1a: Pyroar|Fire Blast|p2a: Archaludon\n|-crit|p2a: Archaludon\n|-damage|p2a: Archaludon|0 fnt\n|faint|p2a: Archaludon\n|\n|upkeep\n|\n|t:|1782787648\n|switch|p2a: Palkia|Palkia-Origin, L72|249/249\n|-ability|p2a: Palkia|Pressure\n|turn|8\n|\n|t:|1782787656\n|move|p1a: Pyroar|Hyper Voice|p2a: Palkia\n|-damage|p2a: Palkia|149/249\n|move|p2a: Palkia|Hydro Pump|p1a: Pyroar\n|-supereffective|p1a: Pyroar\n|-damage|p1a: Pyroar|0 fnt\n|faint|p1a: Pyroar\n|\n|upkeep\n|\n|t:|1782787666\n|switch|p1a: Hydrapple|Hydrapple, L83, F|312/312\n|turn|9\n|\n|t:|1782787672\n|-terastallize|p1a: Hydrapple|Steel\n|move|p2a: Palkia|Draco Meteor|p1a: Hydrapple\n|-resisted|p1a: Hydrapple\n|-damage|p1a: Hydrapple|249/312\n|-unboost|p2a: Palkia|spa|2\n|move|p1a: Hydrapple|Fickle Beam|p2a: Palkia\n|-supereffective|p2a: Palkia\n|-damage|p2a: Palkia|0 fnt\n|faint|p2a: Palkia\n|\n|upkeep\n|\n|t:|1782787675\n|switch|p2a: Zapdos|Zapdos-Galar, L77|213/265\n|turn|10\n|\n|t:|1782787679\n|switch|p1a: Lanturn|Lanturn, L89, F|95/367\n|move|p2a: Zapdos|Close Combat|p1a: Lanturn\n|-damage|p1a: Lanturn|0 fnt\n|-unboost|p2a: Zapdos|def|1\n|-unboost|p2a: Zapdos|spd|1\n|faint|p1a: Lanturn\n|-damage|p2a: Zapdos|187/265|[from] item: Life Orb\n|\n|upkeep\n|\n|t:|1782787682\n|switch|p1a: Electrode|Electrode-Hisui, L87|134/246\n|turn|11\n|\n|t:|1782787693\n|-terastallize|p2a: Zapdos|Fighting\n|move|p1a: Electrode|Substitute|p1a: Electrode\n|-start|p1a: Electrode|Substitute\n|-damage|p1a: Electrode|73/246\n|move|p2a: Zapdos|Close Combat|p1a: Electrode\n|-end|p1a: Electrode|Substitute\n|-unboost|p2a: Zapdos|def|1\n|-unboost|p2a: Zapdos|spd|1\n|-damage|p2a: Zapdos|161/265|[from] item: Life Orb\n|\n|upkeep\n|turn|12\n|\n|t:|1782787708\n|switch|p2a: Manaphy|Manaphy, L78|284/284\n|move|p1a: Electrode|Thunderbolt|p2a: Manaphy\n|-supereffective|p2a: Manaphy\n|-damage|p2a: Manaphy|120/284\n|\n|-heal|p2a: Manaphy|137/284|[from] item: Leftovers\n|upkeep\n|turn|13\n|\n|t:|1782787711\n|move|p1a: Electrode|Thunderbolt|p2a: Manaphy\n|-supereffective|p2a: Manaphy\n|-damage|p2a: Manaphy|0 fnt\n|faint|p2a: Manaphy\n|\n|upkeep\n|\n|t:|1782787714\n|switch|p2a: Overqwil|Overqwil, L82, M|274/274\n|-ability|p2a: Overqwil|Intimidate|boost\n|-unboost|p1a: Electrode|atk|1\n|turn|14\n|\n|t:|1782787718\n|switch|p1a: Magmortar|Magmortar, L88, F|64/275\n|move|p2a: Overqwil|Scale Shot|p1a: Magmortar\n|-damage|p1a: Magmortar|40/275\n|-damage|p1a: Magmortar|19/275\n|-damage|p1a: Magmortar|0 fnt\n|faint|p1a: Magmortar\n|-hitcount|p1: Magmortar|3\n|-unboost|p2a: Overqwil|def|1\n|-boost|p2a: Overqwil|spe|1\n|\n|upkeep\n|\n|t:|1782787721\n|switch|p1a: Hydrapple|Hydrapple, L83, F, tera:Steel|312/312\n|turn|15\n|\n|t:|1782787732\n|switch|p2a: Zapdos|Zapdos-Galar, L77, tera:Fighting|161/265\n|move|p1a: Hydrapple|Earth Power|p2a: Zapdos\n|-damage|p2a: Zapdos|80/265\n|\n|upkeep\n|turn|16\n|\n|t:|1782787743\n|switch|p1a: Lokix|Lokix, L82, M|162/251\n|move|p2a: Zapdos|Close Combat|p1a: Lokix\n|-damage|p1a: Lokix|0 fnt\n|-unboost|p2a: Zapdos|def|1\n|-unboost|p2a: Zapdos|spd|1\n|faint|p1a: Lokix\n|-damage|p2a: Zapdos|54/265|[from] item: Life Orb\n|\n|upkeep\n|\n|t:|1782787745\n|switch|p1a: Electrode|Electrode-Hisui, L87|73/246\n|turn|17\n|\n|t:|1782787749\n|switch|p1a: Hydrapple|Hydrapple, L83, F, tera:Steel|312/312\n|switch|p2a: Overqwil|Overqwil, L82, M|274/274\n|-ability|p2a: Overqwil|Intimidate|boost\n|-unboost|p1a: Hydrapple|atk|1\n|\n|upkeep\n|turn|18\n|\n|t:|1782787760\n|move|p2a: Overqwil|Swords Dance|p2a: Overqwil\n|-boost|p2a: Overqwil|atk|2\n|move|p1a: Hydrapple|Earth Power|p2a: Overqwil\n|-supereffective|p2a: Overqwil\n|-damage|p2a: Overqwil|84/274\n|\n|upkeep\n|turn|19\n|\n|t:|1782787768\n|move|p2a: Overqwil|Crunch|p1a: Hydrapple\n|-damage|p1a: Hydrapple|158/312\n|move|p1a: Hydrapple|Earth Power|p2a: Overqwil\n|-supereffective|p2a: Overqwil\n|-damage|p2a: Overqwil|0 fnt\n|faint|p2a: Overqwil\n|\n|upkeep\n|-message|RDTar forfeited.\n|\n|win|personanongrattata\n", "inputlog": ">version f8ac14003a5f27e1bdc8d8c59608a773c1cb96e5\n>start {\"formatid\":\"gen9randombattle\",\"seed\":\"sodium,0541db2ab7a4483d140895e94caffc4a\",\"rated\":\"Rated battle\"}\n>player p1 {\"name\":\"personanongrattata\",\"avatar\":\"youngster-gen4dp\",\"rating\":2233,\"seed\":\"sodium,cf5af54ecdf31bc2396eb2404816258a\"}\n>player p2 {\"name\":\"RDTar\",\"avatar\":\"101\",\"rating\":2274,\"seed\":\"sodium,ed130a843c61abfbdb36d4c1f3f27e20\"}\n>p1 move voltswitch\n>p2 move energyball\n>p1 switch 5\n>p1 move knockoff\n>p2 move energyball\n>p2 switch 6\n>p1 switch 4\n>p2 move closecombat\n>p1 switch 3\n>p2 move knockoff\n>p1 move leechseed\n>p2 switch 3\n>p1 switch 2\n>p2 move outrage\n>p1 move fireblast\n>p2 move outrage\n>p2 switch 4\n>p1 move hypervoice\n>p2 move hydropump\n>p1 switch 6\n>p1 move ficklebeam terastallize\n>p2 move dracometeor\n>p2 switch 3\n>p1 switch 5\n>p2 move closecombat\n>p1 switch 2\n>p1 move substitute\n>p2 move closecombat terastallize\n>p1 move thunderbolt\n>p2 switch 2\n>p1 move thunderbolt\n>p2 move icebeam\n>p2 switch 5\n>p1 switch 3\n>p2 move scaleshot\n>p1 switch 5\n>p1 move earthpower\n>p2 switch 2\n>p1 switch 4\n>p2 move closecombat\n>p1 switch 3\n>p1 switch 4\n>p2 switch 2\n>p1 move earthpower\n>p2 move swordsdance\n>p1 move earthpower\n>p2 move crunch\n>forcelose p2", "uploadtime": 1782787586, "views": 3, "formatid": "gen9randombattle", "rating": null, "private": 0, "password": null, "player_dets": [{"name": "personanongrattata", "avatar": "youngster-gen4dp", "rating": 2233, "seed": "sodium,cf5af54ecdf31bc2396eb2404816258a"}, {"name": "RDTar", "avatar": "101", "rating": 2274, "seed": "sodium,ed130a843c61abfbdb36d4c1f3f27e20"}], "teams_full": [{"Lanturn": {"name": "Lanturn", "species": "Lanturn", "speciesId": "lanturn", "gender": "F", "shiny": false, "level": 89, "moves": ["scald", "voltswitch", "thunderwave", "thunderbolt"], "ability": "Volt Absorb", "evs": {"hp": 85, "atk": 0, "def": 85, "spa": 85, "spd": 85, "spe": 85}, "ivs": {"hp": 31, "atk": 0, "def": 31, "spa": 31, "spd": 31, "spe": 31}, "item": "Heavy-Duty Boots", "teraType": "Flying", "role": "Fast Support", "bvs": {"hp": 125, "atk": 58, "def": 58, "spa": 76, "spd": 76, "spe": 67}, "stats": {"hp": 367, "atk": 108, "def": 154, "spa": 186, "spd": 186, "spe": 170}, "types": ["Water", "Electric"]}, "Pyroar": {"name": "Pyroar", "species": "Pyroar", "speciesId": "pyroar", "gender": "M", "shiny": false, "level": 88, "moves": ["fireblast", "hypervoice", "taunt", "willowisp"], "ability": "Unnerve", "evs": {"hp": 85, "atk": 0, "def": 85, "spa": 85, "spd": 85, "spe": 85}, "ivs": {"hp": 31, "atk": 0, "def": 31, "spa": 31, "spd": 31, "spe": 31}, "item": "Heavy-Duty Boots", "teraType": "Fire", "role": "Fast Attacker", "bvs": {"hp": 86, "atk": 68, "def": 72, "spa": 109, "spd": 66, "spe": 106}, "stats": {"hp": 295, "atk": 124, "def": 177, "spa": 242, "spd": 166, "spe": 237}, "types": ["Fire", "Normal"]}, "Electrode": {"name": "Electrode", "species": "Electrode-Hisui", "speciesId": "electrodehisui", "gender": "N", "shiny": false, "level": 87, "moves": ["thunderbolt", "substitute", "gigadrain", "leechseed"], "ability": "Soundproof", "evs": {"hp": 85, "atk": 0, "def": 85, "spa": 85, "spd": 85, "spe": 85}, "ivs": {"hp": 31, "atk": 0, "def": 31, "spa": 31, "spd": 31, "spe": 31}, "item": "Leftovers", "teraType": "Poison", "role": "Fast Support", "bvs": {"hp": 60, "atk": 50, "def": 70, "spa": 80, "spd": 80, "spe": 150}, "stats": {"hp": 246, "atk": 92, "def": 172, "spa": 189, "spd": 189, "spe": 311}, "types": ["Electric", "Grass"]}, "Magmortar": {"name": "Magmortar", "species": "Magmortar", "speciesId": "magmortar", "gender": "F", "shiny": false, "level": 88, "moves": ["fireblast", "thunderbolt", "focusblast", "knockoff"], "ability": "Flame Body", "evs": {"hp": 85, "atk": 85, "def": 85, "spa": 85, "spd": 85, "spe": 85}, "ivs": {"hp": 31, "atk": 31, "def": 31, "spa": 31, "spd": 31, "spe": 31}, "item": "Heavy-Duty Boots", "teraType": "Electric", "role": "Fast Attacker", "bvs": {"hp": 75, "atk": 95, "def": 67, "spa": 125, "spd": 95, "spe": 83}, "stats": {"hp": 275, "atk": 217, "def": 168, "spa": 270, "spd": 217, "spe": 196}, "types": ["Fire"]}, "Lokix": {"name": "Lokix", "species": "Lokix", "speciesId": "lokix", "gender": "M", "shiny": false, "level": 82, "moves": ["leechlife", "suckerpunch", "knockoff", "swordsdance"], "ability": "Tinted Lens", "evs": {"hp": 85, "atk": 85, "def": 85, "spa": 85, "spd": 85, "spe": 85}, "ivs": {"hp": 31, "atk": 31, "def": 31, "spa": 31, "spd": 31, "spe": 31}, "item": "Life Orb", "teraType": "Dark", "role": "Setup Sweeper", "bvs": {"hp": 71, "atk": 102, "def": 78, "spa": 52, "spd": 55, "spe": 92}, "stats": {"hp": 251, "atk": 214, "def": 175, "spa": 132, "spd": 137, "spe": 198}, "types": ["Bug", "Dark"]}, "Hydrapple": {"name": "Hydrapple", "species": "Hydrapple", "speciesId": "hydrapple", "gender": "F", "shiny": false, "level": 83, "moves": ["ficklebeam", "earthpower", "dragontail", "leafstorm"], "ability": "Regenerator", "evs": {"hp": 85, "atk": 85, "def": 85, "spa": 85, "spd": 85, "spe": 85}, "ivs": {"hp": 31, "atk": 31, "def": 31, "spa": 31, "spd": 31, "spe": 31}, "item": "Assault Vest", "teraType": "Steel", "role": "AV Pivot", "bvs": {"hp": 106, "atk": 80, "def": 110, "spa": 120, "spd": 80, "spe": 44}, "stats": {"hp": 312, "atk": 180, "def": 230, "spa": 247, "spd": 180, "spe": 121}, "types": ["Grass", "Dragon"]}}, {"Chandelure": {"name": "Chandelure", "species": "Chandelure", "speciesId": "chandelure", "gender": "F", "shiny": false, "level": 83, "moves": ["shadowball", "energyball", "trick", "fireblast"], "ability": "Flash Fire", "evs": {"hp": 85, "atk": 0, "def": 85, "spa": 85, "spd": 85, "spe": 85}, "ivs": {"hp": 31, "atk": 0, "def": 31, "spa": 31, "spd": 31, "spe": 31}, "item": "Choice Scarf", "teraType": "Fire", "role": "Fast Attacker", "bvs": {"hp": 60, "atk": 55, "def": 90, "spa": 145, "spd": 90, "spe": 80}, "stats": {"hp": 235, "atk": 96, "def": 197, "spa": 288, "spd": 197, "spe": 180}, "types": ["Ghost", "Fire"]}, "Manaphy": {"name": "Manaphy", "species": "Manaphy", "speciesId": "manaphy", "gender": "N", "shiny": false, "level": 78, "moves": ["surf", "energyball", "icebeam", "tailglow"], "ability": "Hydration", "evs": {"hp": 85, "atk": 0, "def": 85, "spa": 85, "spd": 85, "spe": 85}, "ivs": {"hp": 31, "atk": 0, "def": 31, "spa": 31, "spd": 31, "spe": 31}, "item": "Leftovers", "teraType": "Water", "role": "Bulky Setup", "bvs": {"hp": 100, "atk": 100, "def": 100, "spa": 100, "spd": 100, "spe": 100}, "stats": {"hp": 284, "atk": 161, "def": 201, "spa": 201, "spd": 201, "spe": 201}, "types": ["Water"]}, "Archaludon": {"name": "Archaludon", "species": "Archaludon", "speciesId": "archaludon", "gender": "F", "shiny": false, "level": 78, "moves": ["ironhead", "swordsdance", "outrage", "earthquake"], "ability": "Stamina", "evs": {"hp": 85, "atk": 85, "def": 85, "spa": 85, "spd": 85, "spe": 85}, "ivs": {"hp": 31, "atk": 31, "def": 31, "spa": 31, "spd": 31, "spe": 31}, "item": "Lum Berry", "teraType": "Ground", "role": "Bulky Setup", "bvs": {"hp": 90, "atk": 105, "def": 130, "spa": 125, "spd": 65, "spe": 85}, "stats": {"hp": 268, "atk": 209, "def": 248, "spa": 240, "spd": 146, "spe": 178}, "types": ["Steel", "Dragon"]}, "Palkia": {"name": "Palkia", "species": "Palkia-Origin", "speciesId": "palkiaorigin", "gender": "N", "shiny": false, "level": 72, "moves": ["fireblast", "hydropump", "thunderwave", "dracometeor"], "ability": "Pressure", "evs": {"hp": 85, "atk": 0, "def": 85, "spa": 85, "spd": 85, "spe": 85}, "ivs": {"hp": 31, "atk": 0, "def": 31, "spa": 31, "spd": 31, "spe": 31}, "item": "Lustrous Globe", "teraType": "Fire", "role": "Bulky Attacker", "bvs": {"hp": 90, "atk": 100, "def": 100, "spa": 150, "spd": 120, "spe": 120}, "stats": {"hp": 249, "atk": 149, "def": 186, "spa": 258, "spd": 215, "spe": 215}, "types": ["Water", "Dragon"]}, "Overqwil": {"name": "Overqwil", "species": "Overqwil", "speciesId": "overqwil", "gender": "M", "shiny": false, "level": 82, "moves": ["gunkshot", "swordsdance", "crunch", "scaleshot"], "ability": "Intimidate", "evs": {"hp": 85, "atk": 85, "def": 85, "spa": 85, "spd": 85, "spe": 85}, "ivs": {"hp": 31, "atk": 31, "def": 31, "spa": 31, "spd": 31, "spe": 31}, "item": "Loaded Dice", "teraType": "Dragon", "role": "Setup Sweeper", "bvs": {"hp": 85, "atk": 115, "def": 95, "spa": 65, "spd": 65, "spe": 85}, "stats": {"hp": 274, "atk": 236, "def": 203, "spa": 154, "spd": 154, "spe": 187}, "types": ["Dark", "Poison"]}, "Zapdos": {"name": "Zapdos", "species": "Zapdos-Galar", "speciesId": "zapdosgalar", "gender": "N", "shiny": false, "level": 77, "moves": ["bravebird", "closecombat", "bulkup", "knockoff"], "ability": "Defiant", "evs": {"hp": 85, "atk": 85, "def": 85, "spa": 85, "spd": 85, "spe": 85}, "ivs": {"hp": 31, "atk": 31, "def": 31, "spa": 31, "spd": 31, "spe": 31}, "item": "Life Orb", "teraType": "Fighting", "role": "Fast Attacker", "bvs": {"hp": 90, "atk": 125, "def": 90, "spa": 85, "spd": 90, "spe": 100}, "stats": {"hp": 265, "atk": 237, "def": 183, "spa": 175, "spd": 183, "spe": 199}, "types": ["Fighting", "Flying"]}}]}