{"id": "gen9randombattle-2641194876", "format": "[Gen 9] Random Battle", "players": ["dugiongio", "Micael Lopes"], "log": "|j|\u2606dugiongio\n|j|\u2606Micael Lopes\n|t:|1782752114\n|gametype|singles\n|player|p1|dugiongio|may-contest|1950\n|player|p2|Micael Lopes|benga|1980\n|gen|9\n|tier|[Gen 9] Random Battle\n|rated|\n|rule|Species Clause: Limit one of each Pok\u00e9mon\n|rule|HP Percentage Mod: HP is shown in percentages\n|rule|Sleep Clause Mod: Limit one foe put to sleep\n|rule|Illusion Level Mod: Illusion disguises the Pok\u00e9mon's true level\n|\n|t:|1782752114\n|teamsize|p1|6\n|teamsize|p2|6\n|start\n|switch|p1a: Conkeldurr|Conkeldurr, L80, F|299/299\n|switch|p2a: Tsareena|Tsareena, L87, F|267/267\n|turn|1\n|inactive|Battle timer is ON: inactive players will automatically lose when time's up. (requested by Micael Lopes)\n|inactive|dugiongio also wants the timer to be on.\n|\n|t:|1782752120\n|move|p2a: Tsareena|Knock Off|p1a: Conkeldurr\n|-resisted|p1a: Conkeldurr\n|-damage|p1a: Conkeldurr|254/299\n|-enditem|p1a: Conkeldurr|Flame Orb|[from] move: Knock Off|[of] p2a: Tsareena\n|move|p1a: Conkeldurr|Knock Off|p2a: Tsareena\n|-damage|p2a: Tsareena|188/267\n|-enditem|p2a: Tsareena|Assault Vest|[from] move: Knock Off|[of] p1a: Conkeldurr\n|\n|upkeep\n|turn|2\n|\n|t:|1782752125\n|move|p2a: Tsareena|Power Whip|p1a: Conkeldurr|[miss]\n|-miss|p2a: Tsareena|p1a: Conkeldurr\n|move|p1a: Conkeldurr|Close Combat|p2a: Tsareena\n|-damage|p2a: Tsareena|53/267\n|-unboost|p1a: Conkeldurr|def|1\n|-unboost|p1a: Conkeldurr|spd|1\n|\n|upkeep\n|turn|3\n|\n|t:|1782752140\n|switch|p1a: Noctowl|Noctowl, L95, F|344/344\n|move|p2a: Tsareena|Power Whip|p1a: Noctowl|[miss]\n|-miss|p2a: Tsareena|p1a: Noctowl\n|\n|upkeep\n|turn|4\n|\n|t:|1782752150\n|move|p1a: Noctowl|Hyper Voice|p2a: Tsareena\n|-damage|p2a: Tsareena|0 fnt\n|faint|p2a: Tsareena\n|\n|upkeep\n|\n|t:|1782752156\n|switch|p2a: Suicune|Suicune, L82|298/298\n|-ability|p2a: Suicune|Pressure\n|turn|5\n|\n|t:|1782752164\n|move|p2a: Suicune|Substitute|p2a: Suicune\n|-start|p2a: Suicune|Substitute\n|-damage|p2a: Suicune|224/298\n|move|p1a: Noctowl|Nasty Plot|p1a: Noctowl\n|-boost|p1a: Noctowl|spa|2\n|\n|-heal|p2a: Suicune|242/298|[from] item: Leftovers\n|upkeep\n|turn|6\n|\n|t:|1782752171\n|move|p2a: Suicune|Calm Mind|p2a: Suicune\n|-boost|p2a: Suicune|spa|1\n|-boost|p2a: Suicune|spd|1\n|move|p1a: Noctowl|Hyper Voice|p2a: Suicune\n|-damage|p2a: Suicune|121/298\n|\n|-heal|p2a: Suicune|139/298|[from] item: Leftovers\n|upkeep\n|turn|7\n|\n|t:|1782752175\n|move|p2a: Suicune|Protect|p2a: Suicune\n|-singleturn|p2a: Suicune|Protect\n|move|p1a: Noctowl|Hyper Voice|p2a: Suicune\n|-activate|p2a: Suicune|move: Protect\n|\n|-heal|p2a: Suicune|157/298|[from] item: Leftovers\n|upkeep\n|turn|8\n|\n|t:|1782752180\n|-terastallize|p2a: Suicune|Steel\n|move|p2a: Suicune|Calm Mind|p2a: Suicune\n|-boost|p2a: Suicune|spa|1\n|-boost|p2a: Suicune|spd|1\n|move|p1a: Noctowl|Hyper Voice|p2a: Suicune\n|-resisted|p2a: Suicune\n|-damage|p2a: Suicune|67/298\n|\n|-heal|p2a: Suicune|85/298|[from] item: Leftovers\n|upkeep\n|turn|9\n|\n|t:|1782752188\n|move|p1a: Noctowl|Nasty Plot|p1a: Noctowl\n|-boost|p1a: Noctowl|spa|2\n|move|p2a: Suicune|Scald|p1a: Noctowl\n|-damage|p1a: Noctowl|227/344\n|\n|-heal|p2a: Suicune|103/298|[from] item: Leftovers\n|upkeep\n|turn|10\n|\n|t:|1782752191\n|move|p2a: Suicune|Protect|p2a: Suicune\n|-singleturn|p2a: Suicune|Protect\n|move|p1a: Noctowl|Hyper Voice|p2a: Suicune\n|-activate|p2a: Suicune|move: Protect\n|\n|-heal|p2a: Suicune|121/298|[from] item: Leftovers\n|upkeep\n|turn|11\n|\n|t:|1782752194\n|move|p2a: Suicune|Calm Mind|p2a: Suicune\n|-boost|p2a: Suicune|spa|1\n|-boost|p2a: Suicune|spd|1\n|move|p1a: Noctowl|Hyper Voice|p2a: Suicune\n|-resisted|p2a: Suicune\n|-damage|p2a: Suicune|9/298\n|\n|-heal|p2a: Suicune|27/298|[from] item: Leftovers\n|upkeep\n|turn|12\n|\n|t:|1782752199\n|move|p2a: Suicune|Protect|p2a: Suicune\n|-singleturn|p2a: Suicune|Protect\n|move|p1a: Noctowl|Hyper Voice|p2a: Suicune\n|-activate|p2a: Suicune|move: Protect\n|\n|-heal|p2a: Suicune|45/298|[from] item: Leftovers\n|upkeep\n|turn|13\n|\n|t:|1782752213\n|move|p2a: Suicune|Scald|p1a: Noctowl\n|-damage|p1a: Noctowl|83/344\n|-status|p1a: Noctowl|brn\n|move|p1a: Noctowl|Roost|p1a: Noctowl\n|-heal|p1a: Noctowl|255/344 brn\n|-singleturn|p1a: Noctowl|move: Roost\n|\n|-heal|p2a: Suicune|63/298|[from] item: Leftovers\n|-damage|p1a: Noctowl|234/344 brn|[from] brn\n|upkeep\n|turn|14\n|\n|t:|1782752229\n|move|p1a: Noctowl|Roost|p1a: Noctowl\n|-heal|p1a: Noctowl|344/344 brn\n|-singleturn|p1a: Noctowl|move: Roost\n|move|p2a: Suicune|Scald|p1a: Noctowl\n|-damage|p1a: Noctowl|191/344 brn\n|\n|-heal|p2a: Suicune|81/298|[from] item: Leftovers\n|-damage|p1a: Noctowl|170/344 brn|[from] brn\n|upkeep\n|turn|15\n|inactive|Micael Lopes has 120 seconds left.\n|\n|t:|1782752255\n|move|p1a: Noctowl|Hyper Voice|p2a: Suicune\n|-resisted|p2a: Suicune\n|-damage|p2a: Suicune|0 fnt\n|faint|p2a: Suicune\n|\n|-damage|p1a: Noctowl|149/344 brn|[from] brn\n|upkeep\n|\n|t:|1782752258\n|switch|p2a: Scyther|Scyther, L82, M|249/249\n|turn|16\n|\n|t:|1782752264\n|move|p2a: Scyther|Dual Wingbeat|p1a: Noctowl\n|-damage|p1a: Noctowl|65/344 brn\n|-damage|p1a: Noctowl|0 fnt\n|faint|p1a: Noctowl\n|-hitcount|p1: Noctowl|2\n|\n|upkeep\n|\n|t:|1782752270\n|switch|p1a: Vikavolt|Vikavolt, L83, M|263/263\n|turn|17\n|\n|t:|1782752280\n|move|p2a: Scyther|Dual Wingbeat|p1a: Vikavolt\n|-damage|p1a: Vikavolt|194/263\n|-damage|p1a: Vikavolt|131/263\n|-hitcount|p1a: Vikavolt|2\n|move|p1a: Vikavolt|Thunderbolt|p2a: Scyther\n|-supereffective|p2a: Scyther\n|-damage|p2a: Scyther|0 fnt\n|faint|p2a: Scyther\n|\n|upkeep\n|\n|t:|1782752282\n|switch|p2a: Delphox|Delphox, L84, F|263/263\n|turn|18\n|\n|t:|1782752290\n|switch|p1a: Conkeldurr|Conkeldurr, L80, F|254/299\n|move|p2a: Delphox|Fire Blast|p1a: Conkeldurr\n|-damage|p1a: Conkeldurr|80/299\n|\n|upkeep\n|turn|19\n|\n|t:|1782752294\n|switch|p2a: Vileplume|Vileplume, L85, M|266/266\n|move|p1a: Conkeldurr|Knock Off|p2a: Vileplume\n|-crit|p2a: Vileplume\n|-damage|p2a: Vileplume|130/266\n|-status|p1a: Conkeldurr|par|[from] ability: Effect Spore|[of] p2a: Vileplume\n|-enditem|p2a: Vileplume|Leftovers|[from] move: Knock Off|[of] p1a: Conkeldurr\n|\n|upkeep\n|turn|20\n|\n|t:|1782752299\n|move|p2a: Vileplume|Sludge Bomb|p1a: Conkeldurr\n|-damage|p1a: Conkeldurr|0 fnt\n|faint|p1a: Conkeldurr\n|\n|upkeep\n|\n|t:|1782752327\n|switch|p1a: Crawdaunt|Crawdaunt, L84, M|243/243\n|turn|21\n|\n|t:|1782752342\n|move|p1a: Crawdaunt|Crabhammer|p2a: Vileplume\n|-resisted|p2a: Vileplume\n|-damage|p2a: Vileplume|4/266\n|-status|p1a: Crawdaunt|par|[from] ability: Effect Spore|[of] p2a: Vileplume\n|move|p2a: Vileplume|Giga Drain|p1a: Crawdaunt\n|-supereffective|p1a: Crawdaunt\n|-damage|p1a: Crawdaunt|0 fnt\n|-heal|p2a: Vileplume|126/266|[from] drain|[of] p1a: Crawdaunt\n|faint|p1a: Crawdaunt\n|\n|upkeep\n|\n|t:|1782752359\n|switch|p1a: Quaquaval|Quaquaval, L79, F|264/264\n|turn|22\n|\n|t:|1782752385\n|-terastallize|p1a: Quaquaval|Steel\n|move|p1a: Quaquaval|Aqua Step|p2a: Vileplume\n|-resisted|p2a: Vileplume\n|-damage|p2a: Vileplume|78/266\n|-boost|p1a: Quaquaval|spe|1\n|move|p2a: Vileplume|Strength Sap|p1a: Quaquaval\n|-unboost|p1a: Quaquaval|atk|1\n|-heal|p2a: Vileplume|266/266\n|\n|upkeep\n|turn|23\n|\n|t:|1782752396\n|switch|p1a: Clodsire|Clodsire, L81, M|343/343\n|move|p2a: Vileplume|Leech Seed|p1a: Clodsire\n|-start|p1a: Clodsire|move: Leech Seed\n|\n|-damage|p1a: Clodsire|301/343|[from] Leech Seed|[of] p2a: Vileplume\n|upkeep\n|turn|24\n|\n|t:|1782752411\n|move|p2a: Vileplume|Giga Drain|p1a: Clodsire\n|-damage|p1a: Clodsire|222/343\n|move|p1a: Clodsire|Stealth Rock|p2a: Vileplume\n|-sidestart|p2: Micael Lopes|move: Stealth Rock\n|\n|-heal|p1a: Clodsire|243/343|[from] item: Leftovers\n|-damage|p1a: Clodsire|201/343|[from] Leech Seed|[of] p2a: Vileplume\n|upkeep\n|turn|25\n|\n|t:|1782752415\n|move|p2a: Vileplume|Giga Drain|p1a: Clodsire\n|-damage|p1a: Clodsire|122/343\n|move|p1a: Clodsire|Recover|p1a: Clodsire\n|-heal|p1a: Clodsire|294/343\n|\n|-heal|p1a: Clodsire|315/343|[from] item: Leftovers\n|-damage|p1a: Clodsire|273/343|[from] Leech Seed|[of] p2a: Vileplume\n|upkeep\n|turn|26\n|\n|t:|1782752437\n|move|p2a: Vileplume|Strength Sap|p1a: Clodsire\n|-unboost|p1a: Clodsire|atk|1\n|move|p1a: Clodsire|Earthquake|p2a: Vileplume\n|-damage|p2a: Vileplume|206/266\n|\n|-heal|p1a: Clodsire|294/343|[from] item: Leftovers\n|-damage|p1a: Clodsire|252/343|[from] Leech Seed|[of] p2a: Vileplume\n|-heal|p2a: Vileplume|248/266|[silent]\n|upkeep\n|turn|27\n|\n|t:|1782752442\n|switch|p1a: Vikavolt|Vikavolt, L83, M|131/263\n|move|p2a: Vileplume|Sludge Bomb|p1a: Vikavolt\n|-damage|p1a: Vikavolt|0 fnt\n|faint|p1a: Vikavolt\n|\n|upkeep\n|\n|t:|1782752446\n|switch|p1a: Quaquaval|Quaquaval, L79, F, tera:Steel|264/264\n|turn|28\n|-message|dugiongio forfeited.\n|\n|win|Micael Lopes\n|raw|dugiongio's rating: 1950 &rarr; <strong>1932</strong><br />(-18 for losing)\n|raw|Micael Lopes's rating: 1980 &rarr; <strong>1998</strong><br />(+18 for winning)\n|l|\u2606dugiongio\n|player|p1|\n|c|\u2606Micael Lopes|**__Sexy game.__**\n", "inputlog": ">version f8ac14003a5f27e1bdc8d8c59608a773c1cb96e5\n>start {\"formatid\":\"gen9randombattle\",\"seed\":\"sodium,ebccd16db688b7510e7ad9c218404dbf\",\"rated\":\"Rated battle\"}\n>player p1 {\"name\":\"dugiongio\",\"avatar\":\"may-contest\",\"rating\":1950,\"seed\":\"sodium,05ba085ffb65099b02d191a50a51c892\"}\n>player p2 {\"name\":\"Micael Lopes\",\"avatar\":\"benga\",\"rating\":1980,\"seed\":\"sodium,507986dfb6887245ef7e12cfaf4e25ed\"}\n>p1 move knockoff\n>p2 move knockoff\n>p1 move closecombat\n>p2 move powerwhip\n>p1 switch 5\n>p2 move powerwhip\n>p1 move hypervoice\n>p2 move knockoff\n>p2 switch 6\n>p1 move nastyplot\n>p2 move substitute\n>p1 move hypervoice\n>p2 move calmmind\n>p1 move hypervoice\n>p2 move protect\n>p1 move hypervoice\n>p2 move calmmind terastallize\n>p1 move nastyplot\n>p2 move scald\n>p1 move hypervoice\n>p2 move protect\n>p1 move hypervoice\n>p2 move calmmind\n>p1 move hypervoice\n>p2 move protect\n>p1 move roost\n>p2 move scald\n>p1 move roost\n>p2 move scald\n>p1 move hypervoice\n>p2 move scald\n>p2 switch 2\n>p1 move hypervoice\n>p2 move dualwingbeat\n>p1 switch 2\n>p1 move thunderbolt\n>p2 move dualwingbeat\n>p2 switch 3\n>p1 switch 5\n>p2 move fireblast\n>p1 move knockoff\n>p2 switch 5\n>p1 move facade\n>p2 move sludgebomb\n>p1 switch 6\n>p1 move crabhammer\n>p2 move gigadrain\n>p1 switch 3\n>p1 move aquastep terastallize\n>p2 move strengthsap\n>p1 switch 4\n>p2 move leechseed\n>p1 move stealthrock\n>p2 move gigadrain\n>p1 move recover\n>p2 move gigadrain\n>p1 move earthquake\n>p2 move strengthsap\n>p1 switch 5\n>p2 move sludgebomb\n>p1 switch 4\n>forcelose p1", "uploadtime": 1782752471, "views": 9, "formatid": "gen9randombattle", "rating": 1932, "private": 0, "password": null, "player_dets": [{"name": "dugiongio", "avatar": "may-contest", "rating": 1950, "seed": "sodium,05ba085ffb65099b02d191a50a51c892"}, {"name": "Micael Lopes", "avatar": "benga", "rating": 1980, "seed": "sodium,507986dfb6887245ef7e12cfaf4e25ed"}], "teams_full": [{"Conkeldurr": {"name": "Conkeldurr", "species": "Conkeldurr", "speciesId": "conkeldurr", "gender": "F", "shiny": false, "level": 80, "moves": ["closecombat", "facade", "knockoff", "machpunch"], "ability": "Guts", "evs": {"hp": 85, "atk": 85, "def": 85, "spa": 85, "spd": 85, "spe": 85}, "ivs": {"hp": 31, "atk": 31, "def": 31, "spa": 31, "spd": 31, "spe": 31}, "item": "Flame Orb", "teraType": "Normal", "role": "Wallbreaker", "bvs": {"hp": 105, "atk": 140, "def": 95, "spa": 55, "spd": 65, "spe": 45}, "stats": {"hp": 299, "atk": 270, "def": 198, "spa": 134, "spd": 150, "spe": 118}, "types": ["Fighting"]}, "Vikavolt": {"name": "Vikavolt", "species": "Vikavolt", "speciesId": "vikavolt", "gender": "M", "shiny": false, "level": 83, "moves": ["bugbuzz", "voltswitch", "thunderbolt", "stickyweb"], "ability": "Levitate", "evs": {"hp": 85, "atk": 0, "def": 85, "spa": 85, "spd": 85, "spe": 85}, "ivs": {"hp": 31, "atk": 0, "def": 31, "spa": 31, "spd": 31, "spe": 31}, "item": "Heavy-Duty Boots", "teraType": "Electric", "role": "Bulky Support", "bvs": {"hp": 77, "atk": 70, "def": 90, "spa": 145, "spd": 75, "spe": 43}, "stats": {"hp": 263, "atk": 121, "def": 197, "spa": 288, "spd": 172, "spe": 119}, "types": ["Bug", "Electric"]}, "Quaquaval": {"name": "Quaquaval", "species": "Quaquaval", "speciesId": "quaquaval", "gender": "F", "shiny": false, "level": 79, "moves": ["closecombat", "roost", "rapidspin", "aquastep"], "ability": "Moxie", "evs": {"hp": 85, "atk": 85, "def": 85, "spa": 85, "spd": 85, "spe": 85}, "ivs": {"hp": 31, "atk": 31, "def": 31, "spa": 31, "spd": 31, "spe": 31}, "item": "Leftovers", "teraType": "Steel", "role": "Bulky Attacker", "bvs": {"hp": 85, "atk": 120, "def": 80, "spa": 85, "spd": 75, "spe": 85}, "stats": {"hp": 264, "atk": 235, "def": 172, "spa": 180, "spd": 164, "spe": 180}, "types": ["Water", "Fighting"]}, "Clodsire": {"name": "Clodsire", "species": "Clodsire", "speciesId": "clodsire", "gender": "M", "shiny": false, "level": 81, "moves": ["earthquake", "recover", "stealthrock", "poisonjab"], "ability": "Water Absorb", "evs": {"hp": 85, "atk": 85, "def": 85, "spa": 85, "spd": 85, "spe": 85}, "ivs": {"hp": 31, "atk": 31, "def": 31, "spa": 31, "spd": 31, "spe": 31}, "item": "Leftovers", "teraType": "Steel", "role": "Bulky Attacker", "bvs": {"hp": 130, "atk": 75, "def": 60, "spa": 45, "spd": 100, "spe": 20}, "stats": {"hp": 343, "atk": 168, "def": 144, "spa": 120, "spd": 209, "spe": 79}, "types": ["Poison", "Ground"]}, "Noctowl": {"name": "Noctowl", "species": "Noctowl", "speciesId": "noctowl", "gender": "F", "shiny": false, "level": 95, "moves": ["hypervoice", "roost", "nastyplot", "hurricane"], "ability": "Tinted Lens", "evs": {"hp": 85, "atk": 0, "def": 85, "spa": 85, "spd": 85, "spe": 85}, "ivs": {"hp": 31, "atk": 0, "def": 31, "spa": 31, "spd": 31, "spe": 31}, "item": "Heavy-Duty Boots", "teraType": "Steel", "role": "Bulky Attacker", "bvs": {"hp": 100, "atk": 50, "def": 50, "spa": 86, "spd": 96, "spe": 70}, "stats": {"hp": 344, "atk": 100, "def": 149, "spa": 217, "spd": 236, "spe": 187}, "types": ["Normal", "Flying"]}, "Crawdaunt": {"name": "Crawdaunt", "species": "Crawdaunt", "speciesId": "crawdaunt", "gender": "M", "shiny": false, "level": 84, "moves": ["crabhammer", "aquajet", "knockoff", "closecombat"], "ability": "Adaptability", "evs": {"hp": 85, "atk": 85, "def": 85, "spa": 85, "spd": 85, "spe": 85}, "ivs": {"hp": 31, "atk": 31, "def": 31, "spa": 31, "spd": 31, "spe": 31}, "item": "Choice Band", "teraType": "Fighting", "role": "Fast Attacker", "bvs": {"hp": 63, "atk": 120, "def": 85, "spa": 90, "spd": 55, "spe": 55}, "stats": {"hp": 243, "atk": 250, "def": 191, "spa": 199, "spd": 141, "spe": 141}, "types": ["Water", "Dark"]}}, {"Tsareena": {"name": "Tsareena", "species": "Tsareena", "speciesId": "tsareena", "gender": "F", "shiny": false, "level": 87, "moves": ["highjumpkick", "powerwhip", "knockoff", "rapidspin"], "ability": "Queenly Majesty", "evs": {"hp": 85, "atk": 85, "def": 85, "spa": 85, "spd": 85, "spe": 85}, "ivs": {"hp": 31, "atk": 31, "def": 31, "spa": 31, "spd": 31, "spe": 31}, "item": "Assault Vest", "teraType": "Fighting", "role": "Fast Support", "bvs": {"hp": 72, "atk": 120, "def": 98, "spa": 50, "spd": 98, "spe": 72}, "stats": {"hp": 267, "atk": 259, "def": 220, "spa": 137, "spd": 220, "spe": 175}, "types": ["Grass"]}, "Scyther": {"name": "Scyther", "species": "Scyther", "speciesId": "scyther", "gender": "M", "shiny": false, "level": 82, "moves": ["closecombat", "dualwingbeat", "defog", "uturn"], "ability": "Technician", "evs": {"hp": 85, "atk": 85, "def": 85, "spa": 85, "spd": 85, "spe": 85}, "ivs": {"hp": 31, "atk": 31, "def": 31, "spa": 31, "spd": 31, "spe": 31}, "item": "Heavy-Duty Boots", "teraType": "Fighting", "role": "Fast Support", "bvs": {"hp": 70, "atk": 110, "def": 80, "spa": 55, "spd": 80, "spe": 105}, "stats": {"hp": 249, "atk": 228, "def": 178, "spa": 137, "spd": 178, "spe": 219}, "types": ["Bug", "Flying"]}, "Delphox": {"name": "Delphox", "species": "Delphox", "speciesId": "delphox", "gender": "F", "shiny": false, "level": 84, "moves": ["psyshock", "focusblast", "fireblast", "grassknot"], "ability": "Blaze", "evs": {"hp": 85, "atk": 0, "def": 85, "spa": 85, "spd": 85, "spe": 85}, "ivs": {"hp": 31, "atk": 0, "def": 31, "spa": 31, "spd": 31, "spe": 31}, "item": "Choice Scarf", "teraType": "Fighting", "role": "Fast Attacker", "bvs": {"hp": 75, "atk": 69, "def": 72, "spa": 114, "spd": 100, "spe": 104}, "stats": {"hp": 263, "atk": 120, "def": 169, "spa": 240, "spd": 216, "spe": 223}, "types": ["Fire", "Psychic"]}, "Pincurchin": {"name": "Pincurchin", "species": "Pincurchin", "speciesId": "pincurchin", "gender": "F", "shiny": false, "level": 100, "moves": ["liquidation", "zingzap", "curse", "recover"], "ability": "Electric Surge", "evs": {"hp": 85, "atk": 85, "def": 85, "spa": 85, "spd": 85, "spe": 85}, "ivs": {"hp": 31, "atk": 31, "def": 31, "spa": 31, "spd": 31, "spe": 31}, "item": "Leftovers", "teraType": "Grass", "role": "Bulky Setup", "bvs": {"hp": 48, "atk": 101, "def": 95, "spa": 91, "spd": 85, "spe": 15}, "stats": {"hp": 258, "atk": 259, "def": 247, "spa": 239, "spd": 227, "spe": 87}, "types": ["Electric"]}, "Vileplume": {"name": "Vileplume", "species": "Vileplume", "speciesId": "vileplume", "gender": "M", "shiny": false, "level": 85, "moves": ["sludgebomb", "leechseed", "gigadrain", "strengthsap"], "ability": "Effect Spore", "evs": {"hp": 85, "atk": 0, "def": 85, "spa": 85, "spd": 85, "spe": 85}, "ivs": {"hp": 31, "atk": 0, "def": 31, "spa": 31, "spd": 31, "spe": 31}, "item": "Leftovers", "teraType": "Steel", "role": "Bulky Attacker", "bvs": {"hp": 75, "atk": 80, "def": 85, "spa": 110, "spd": 90, "spe": 50}, "stats": {"hp": 266, "atk": 141, "def": 193, "spa": 236, "spd": 202, "spe": 134}, "types": ["Grass", "Poison"]}, "Suicune": {"name": "Suicune", "species": "Suicune", "speciesId": "suicune", "gender": "N", "shiny": false, "level": 82, "moves": ["scald", "substitute", "protect", "calmmind"], "ability": "Pressure", "evs": {"hp": 85, "atk": 0, "def": 85, "spa": 85, "spd": 85, "spe": 85}, "ivs": {"hp": 31, "atk": 0, "def": 31, "spa": 31, "spd": 31, "spe": 31}, "item": "Leftovers", "teraType": "Steel", "role": "Fast Support", "bvs": {"hp": 100, "atk": 75, "def": 115, "spa": 90, "spd": 115, "spe": 85}, "stats": {"hp": 298, "atk": 127, "def": 236, "spa": 195, "spd": 236, "spe": 187}, "types": ["Water"]}}]}