{"id": "gen9randombattle-2641523014", "format": "[Gen 9] Random Battle", "players": ["fsfdsfsd", "oliverorchard"], "log": "|j|\u2606fsfdsfsd\n|j|\u2606oliverorchard\n|t:|1782800152\n|gametype|singles\n|player|p1|fsfdsfsd|colress|1865\n|player|p2|oliverorchard|102|1915\n|gen|9\n|tier|[Gen 9] Random Battle\n|rated|\n|rule|Species Clause: Limit one of each Pok\u00e9mon\n|rule|HP Percentage Mod: HP is shown in percentages\n|rule|Sleep Clause Mod: Limit one foe put to sleep\n|rule|Illusion Level Mod: Illusion disguises the Pok\u00e9mon's true level\n|\n|t:|1782800152\n|teamsize|p1|6\n|teamsize|p2|6\n|start\n|switch|p1a: Cresselia|Cresselia, L80, F|323/323\n|switch|p2a: Decidueye|Decidueye-Hisui, L87, M|295/295\n|turn|1\n|\n|t:|1782800165\n|switch|p2a: Ambipom|Ambipom, L84, F|263/263\n|move|p1a: Cresselia|Calm Mind|p1a: Cresselia\n|-boost|p1a: Cresselia|spa|1\n|-boost|p1a: Cresselia|spd|1\n|\n|upkeep\n|turn|2\n|\n|t:|1782800172\n|move|p2a: Ambipom|Fake Out|p1a: Cresselia\n|-damage|p1a: Cresselia|257/323\n|cant|p1a: Cresselia|flinch\n|\n|-heal|p1a: Cresselia|277/323|[from] item: Leftovers\n|upkeep\n|turn|3\n|\n|t:|1782800178\n|move|p2a: Ambipom|Knock Off|p1a: Cresselia\n|-supereffective|p1a: Cresselia\n|-damage|p1a: Cresselia|157/323\n|-enditem|p1a: Cresselia|Leftovers|[from] move: Knock Off|[of] p2a: Ambipom\n|move|p1a: Cresselia|Psyshock|p2a: Ambipom\n|-damage|p2a: Ambipom|133/263\n|\n|upkeep\n|turn|4\n|\n|t:|1782800185\n|move|p2a: Ambipom|Double-Edge|p1a: Cresselia\n|-damage|p1a: Cresselia|27/323\n|-damage|p2a: Ambipom|90/263|[from] Recoil\n|move|p1a: Cresselia|Moonlight|p1a: Cresselia\n|-heal|p1a: Cresselia|188/323\n|\n|upkeep\n|turn|5\n|\n|t:|1782800206\n|move|p2a: Ambipom|Double-Edge|p1a: Cresselia\n|-damage|p1a: Cresselia|40/323\n|-damage|p2a: Ambipom|41/263|[from] Recoil\n|move|p1a: Cresselia|Moonlight|p1a: Cresselia\n|-heal|p1a: Cresselia|201/323\n|\n|upkeep\n|turn|6\n|\n|t:|1782800222\n|switch|p2a: Jumpluff|Jumpluff, L87, F|271/271\n|move|p1a: Cresselia|Moonlight|p1a: Cresselia\n|-heal|p1a: Cresselia|323/323\n|\n|upkeep\n|turn|7\n|\n|t:|1782800229\n|move|p2a: Jumpluff|Leech Seed|p1a: Cresselia\n|-start|p1a: Cresselia|move: Leech Seed\n|move|p1a: Cresselia|Psyshock|p2a: Jumpluff\n|-damage|p2a: Jumpluff|166/271\n|\n|-damage|p1a: Cresselia|283/323|[from] Leech Seed|[of] p2a: Jumpluff\n|-heal|p2a: Jumpluff|206/271|[silent]\n|upkeep\n|turn|8\n|\n|t:|1782800237\n|switch|p1a: Spiritomb|Spiritomb, L89, M|234/234\n|move|p2a: Jumpluff|Acrobatics|p1a: Spiritomb\n|-damage|p1a: Spiritomb|168/234\n|\n|upkeep\n|turn|9\n|\n|t:|1782800250\n|move|p2a: Jumpluff|Substitute|p2a: Jumpluff\n|-start|p2a: Jumpluff|Substitute\n|-damage|p2a: Jumpluff|139/271\n|move|p1a: Spiritomb|Foul Play|p2a: Jumpluff\n|-damage|p2a: Jumpluff|16/271\n|\n|upkeep\n|turn|10\n|\n|t:|1782800257\n|move|p2a: Jumpluff|Strength Sap|p1a: Spiritomb\n|-unboost|p1a: Spiritomb|atk|1\n|-heal|p2a: Jumpluff|231/271\n|move|p1a: Spiritomb|Foul Play|p2a: Jumpluff\n|-damage|p2a: Jumpluff|108/271\n|\n|upkeep\n|turn|11\n|inactive|Battle timer is ON: inactive players will automatically lose when time's up. (requested by oliverorchard)\n|\n|t:|1782800281\n|move|p2a: Jumpluff|Strength Sap|p1a: Spiritomb\n|-unboost|p1a: Spiritomb|atk|1\n|-heal|p2a: Jumpluff|251/271\n|move|p1a: Spiritomb|Foul Play|p2a: Jumpluff\n|-damage|p2a: Jumpluff|118/271\n|\n|upkeep\n|turn|12\n|\n|t:|1782800288\n|switch|p1a: Weezing|Weezing-Galar, L86, F|252/252\n|move|p2a: Jumpluff|Strength Sap|p1a: Weezing\n|-unboost|p1a: Weezing|atk|1\n|-heal|p2a: Jumpluff|271/271\n|\n|upkeep\n|turn|13\n|\n|t:|1782800296\n|move|p2a: Jumpluff|Leech Seed|p1a: Weezing\n|-start|p1a: Weezing|move: Leech Seed\n|move|p1a: Weezing|Strange Steam|p2a: Jumpluff\n|-end|p2a: Jumpluff|Substitute\n|\n|-damage|p1a: Weezing|221/252|[from] Leech Seed|[of] p2a: Jumpluff\n|upkeep\n|turn|14\n|\n|t:|1782800305\n|switch|p2a: Revavroom|Revavroom, L79, M|256/256\n|switch|p1a: Spiritomb|Spiritomb, L89, M|168/234\n|\n|upkeep\n|turn|15\n|\n|t:|1782800319\n|move|p2a: Revavroom|Iron Head|p1a: Spiritomb\n|-damage|p1a: Spiritomb|82/234\n|-damage|p2a: Revavroom|231/256|[from] item: Life Orb\n|move|p1a: Spiritomb|Foul Play|p2a: Revavroom\n|-damage|p2a: Revavroom|42/256\n|\n|upkeep\n|turn|16\n|\n|t:|1782800327\n|switch|p1a: Cresselia|Cresselia, L80, F|283/323\n|move|p2a: Revavroom|Iron Head|p1a: Cresselia\n|-damage|p1a: Cresselia|180/323\n|-damage|p2a: Revavroom|17/256|[from] item: Life Orb\n|\n|upkeep\n|turn|17\n|\n|t:|1782800334\n|move|p2a: Revavroom|Gunk Shot|p1a: Cresselia|[miss]\n|-miss|p2a: Revavroom|p1a: Cresselia\n|move|p1a: Cresselia|Moonlight|p1a: Cresselia\n|-heal|p1a: Cresselia|323/323\n|\n|upkeep\n|turn|18\n|\n|t:|1782800340\n|move|p2a: Revavroom|Gunk Shot|p1a: Cresselia\n|-damage|p1a: Cresselia|163/323\n|-damage|p2a: Revavroom|0 fnt|[from] item: Life Orb\n|faint|p2a: Revavroom\n|move|p1a: Cresselia|Psyshock|p2: Revavroom|[notarget]\n|-fail|p1a: Cresselia\n|\n|upkeep\n|\n|t:|1782800351\n|switch|p2a: Ambipom|Ambipom, L84, F|41/263\n|turn|19\n|\n|t:|1782800362\n|move|p2a: Ambipom|Fake Out|p1a: Cresselia\n|-damage|p1a: Cresselia|91/323\n|cant|p1a: Cresselia|flinch\n|\n|upkeep\n|turn|20\n|\n|t:|1782800368\n|switch|p1a: Spiritomb|Spiritomb, L89, M|82/234\n|move|p2a: Ambipom|Knock Off|p1a: Spiritomb\n|-damage|p1a: Spiritomb|23/234\n|-enditem|p1a: Spiritomb|Choice Band|[from] move: Knock Off|[of] p2a: Ambipom\n|\n|upkeep\n|turn|21\n|\n|t:|1782800378\n|switch|p2a: Primarina|Primarina, L83, F|268/268\n|move|p1a: Spiritomb|Foul Play|p2a: Primarina\n|-resisted|p2a: Primarina\n|-damage|p2a: Primarina|234/268\n|\n|-heal|p2a: Primarina|250/268|[from] item: Leftovers\n|upkeep\n|turn|22\n|\n|t:|1782800389\n|switch|p1a: Blissey|Blissey, L85, F|572/572\n|move|p2a: Primarina|Psychic Noise|p1a: Blissey\n|-damage|p1a: Blissey|500/572\n|-start|p1a: Blissey|move: Heal Block\n|\n|-heal|p2a: Primarina|266/268|[from] item: Leftovers\n|upkeep\n|turn|23\n|\n|t:|1782800406\n|switch|p2a: Ambipom|Ambipom, L84, F|41/263\n|move|p1a: Blissey|Thunder Wave|p2a: Ambipom\n|-status|p2a: Ambipom|par\n|\n|-end|p1a: Blissey|move: Heal Block\n|upkeep\n|turn|24\n|\n|t:|1782800414\n|move|p1a: Blissey|Seismic Toss|p2a: Ambipom\n|-damage|p2a: Ambipom|0 fnt\n|faint|p2a: Ambipom\n|\n|-heal|p1a: Blissey|535/572|[from] item: Leftovers\n|upkeep\n|\n|t:|1782800419\n|switch|p2a: Decidueye|Decidueye-Hisui, L87, M|295/295\n|turn|25\n|\n|t:|1782800441\n|switch|p1a: Spiritomb|Spiritomb, L89, M|23/234\n|move|p2a: Decidueye|Triple Arrows|p1a: Spiritomb\n|-supereffective|p1a: Spiritomb\n|-damage|p1a: Spiritomb|0 fnt\n|faint|p1a: Spiritomb\n|\n|upkeep\n|\n|t:|1782800444\n|switch|p1a: Weezing|Weezing-Galar, L86, F|221/252\n|turn|26\n|\n|t:|1782800452\n|move|p2a: Decidueye|Triple Arrows|p1a: Weezing\n|-resisted|p1a: Weezing\n|-damage|p1a: Weezing|201/252\n|cant|p1a: Weezing|flinch\n|\n|-heal|p1a: Weezing|216/252|[from] item: Leftovers\n|upkeep\n|turn|27\n|\n|t:|1782800462\n|move|p2a: Decidueye|Triple Arrows|p1a: Weezing\n|-resisted|p1a: Weezing\n|-damage|p1a: Weezing|193/252\n|-unboost|p1a: Weezing|def|1\n|cant|p1a: Weezing|flinch\n|\n|-heal|p1a: Weezing|208/252|[from] item: Leftovers\n|upkeep\n|turn|28\n|\n|t:|1782800470\n|move|p2a: Decidueye|Triple Arrows|p1a: Weezing\n|-resisted|p1a: Weezing\n|-crit|p1a: Weezing\n|-damage|p1a: Weezing|163/252\n|cant|p1a: Weezing|flinch\n|\n|-heal|p1a: Weezing|178/252|[from] item: Leftovers\n|upkeep\n|turn|29\n|\n|t:|1782800477\n|move|p2a: Decidueye|Triple Arrows|p1a: Weezing\n|-resisted|p1a: Weezing\n|-damage|p1a: Weezing|145/252\n|-unboost|p1a: Weezing|def|1\n|move|p1a: Weezing|Gunk Shot|p2a: Decidueye\n|-supereffective|p2a: Decidueye\n|-damage|p2a: Decidueye|53/295\n|\n|-heal|p2a: Decidueye|71/295|[from] item: Leftovers\n|-heal|p1a: Weezing|160/252|[from] item: Leftovers\n|upkeep\n|turn|30\n|c|\u2606oliverorchard|I'm actually trying to get defence drops lol.\n|\n|t:|1782800494\n|switch|p1a: Charizard|Charizard, L85, F|271/271\n|move|p2a: Decidueye|Triple Arrows|p1a: Charizard\n|-resisted|p1a: Charizard\n|-damage|p1a: Charizard|211/271\n|\n|-heal|p2a: Decidueye|89/295|[from] item: Leftovers\n|upkeep\n|turn|31\n|\n|t:|1782800512\n|move|p1a: Charizard|Dragon Dance|p1a: Charizard\n|-boost|p1a: Charizard|atk|1\n|-boost|p1a: Charizard|spe|1\n|move|p2a: Decidueye|Triple Arrows|p1a: Charizard\n|-resisted|p1a: Charizard\n|-damage|p1a: Charizard|145/271\n|-unboost|p1a: Charizard|def|1\n|\n|-heal|p2a: Decidueye|107/295|[from] item: Leftovers\n|upkeep\n|turn|32\n|\n|t:|1782800522\n|switch|p2a: Primarina|Primarina, L83, F|266/268\n|move|p1a: Charizard|Flare Blitz|p2a: Primarina\n|-resisted|p2a: Primarina\n|-damage|p2a: Primarina|167/268\n|-damage|p1a: Charizard|112/271|[from] Recoil\n|\n|-heal|p2a: Primarina|183/268|[from] item: Leftovers\n|upkeep\n|turn|33\n|\n|t:|1782800533\n|move|p1a: Charizard|Earthquake|p2a: Primarina\n|-damage|p2a: Primarina|65/268\n|move|p2a: Primarina|Psychic Noise|p1a: Charizard\n|-supereffective|p1a: Charizard\n|-damage|p1a: Charizard|0 fnt\n|faint|p1a: Charizard\n|\n|-heal|p2a: Primarina|81/268|[from] item: Leftovers\n|upkeep\n|\n|t:|1782800546\n|switch|p1a: Gengar|Gengar, L81, F|230/230\n|turn|34\n|\n|t:|1782800563\n|switch|p2a: Decidueye|Decidueye-Hisui, L87, M|107/295\n|move|p1a: Gengar|Shadow Ball|p2a: Decidueye\n|-damage|p2a: Decidueye|0 fnt\n|faint|p2a: Decidueye\n|\n|upkeep\n|\n|t:|1782800573\n|switch|p2a: Jumpluff|Jumpluff, L87, F|271/271\n|turn|35\n|\n|t:|1782800577\n|move|p2a: Jumpluff|Acrobatics|p1a: Gengar\n|-damage|p1a: Gengar|118/230\n|-start|p2a: Jumpluff|Disable|Acrobatics|[from] ability: Cursed Body|[of] p1a: Gengar\n|move|p1a: Gengar|Shadow Ball|p2a: Jumpluff\n|-damage|p2a: Jumpluff|135/271\n|\n|upkeep\n|turn|36\n|\n|t:|1782800587\n|move|p2a: Jumpluff|Leech Seed|p1a: Gengar\n|-start|p1a: Gengar|move: Leech Seed\n|move|p1a: Gengar|Shadow Ball|p2a: Jumpluff\n|-damage|p2a: Jumpluff|5/271\n|\n|-damage|p1a: Gengar|90/230|[from] Leech Seed|[of] p2a: Jumpluff\n|-heal|p2a: Jumpluff|33/271|[silent]\n|upkeep\n|turn|37\n|\n|t:|1782800599\n|move|p2a: Jumpluff|Strength Sap|p1a: Gengar\n|-unboost|p1a: Gengar|atk|1\n|-heal|p2a: Jumpluff|143/271\n|move|p1a: Gengar|Shadow Ball|p2a: Jumpluff\n|-damage|p2a: Jumpluff|0 fnt\n|faint|p2a: Jumpluff\n|\n|upkeep\n|\n|t:|1782800607\n|switch|p2a: Quaquaval|Quaquaval, L79, F|264/264\n|turn|38\n|\n|t:|1782800612\n|switch|p1a: Weezing|Weezing-Galar, L86, F|160/252\n|move|p2a: Quaquaval|Aqua Step|p1a: Weezing\n|-damage|p1a: Weezing|60/252\n|-boost|p2a: Quaquaval|spe|1\n|\n|-heal|p1a: Weezing|75/252|[from] item: Leftovers\n|upkeep\n|turn|39\n|\n|t:|1782800621\n|move|p2a: Quaquaval|Aqua Step|p1a: Weezing\n|-damage|p1a: Weezing|0 fnt\n|-boost|p2a: Quaquaval|spe|1\n|faint|p1a: Weezing\n|-ability|p2a: Quaquaval|Moxie|boost\n|-boost|p2a: Quaquaval|atk|1\n|\n|upkeep\n|\n|t:|1782800623\n|switch|p1a: Cresselia|Cresselia, L80, F|91/323\n|turn|40\n|\n|t:|1782800630\n|move|p2a: Quaquaval|Aqua Step|p1a: Cresselia\n|-damage|p1a: Cresselia|0 fnt\n|-boost|p2a: Quaquaval|spe|1\n|faint|p1a: Cresselia\n|-ability|p2a: Quaquaval|Moxie|boost\n|-boost|p2a: Quaquaval|atk|1\n|\n|upkeep\n|-message|fsfdsfsd forfeited.\n|\n|win|oliverorchard\n|raw|fsfdsfsd's rating: 1861 &rarr; <strong>1844</strong><br />(-17 for losing)\n|raw|oliverorchard's rating: 1915 &rarr; <strong>1932</strong><br />(+17 for winning)\n", "inputlog": ">version f8ac14003a5f27e1bdc8d8c59608a773c1cb96e5\n>start {\"formatid\":\"gen9randombattle\",\"seed\":\"sodium,1c2ffdd75a3b1405785bffb724313b5b\",\"rated\":\"Rated battle\"}\n>player p1 {\"name\":\"fsfdsfsd\",\"avatar\":\"colress\",\"rating\":1865,\"seed\":\"sodium,a6a1fb24c7d01c38ce9c07cfbb2426b6\"}\n>player p2 {\"name\":\"oliverorchard\",\"avatar\":\"102\",\"rating\":1915,\"seed\":\"sodium,14bce58cf256e56488e6a3202e7e41d0\"}\n>p1 move calmmind\n>p2 switch 6\n>p1 move psyshock\n>p2 move fakeout\n>p1 move psyshock\n>p2 move knockoff\n>p1 move moonlight\n>p2 move doubleedge\n>p1 move moonlight\n>p2 move doubleedge\n>p1 move moonlight\n>p2 switch 3\n>p1 move psyshock\n>p2 move leechseed\n>p1 switch 2\n>p2 move acrobatics\n>p1 move foulplay\n>p2 move substitute\n>p1 move foulplay\n>p2 move strengthsap\n>p1 move foulplay\n>p2 move strengthsap\n>p1 switch 4\n>p2 move strengthsap\n>p1 move strangesteam\n>p2 move leechseed\n>p1 switch 4\n>p2 switch 4\n>p1 move foulplay\n>p2 move ironhead\n>p1 switch 2\n>p2 move ironhead\n>p1 move moonlight\n>p2 move gunkshot\n>p1 move psyshock\n>p2 move gunkshot\n>p2 switch 3\n>p1 move moonlight\n>p2 move fakeout\n>p1 switch 2\n>p2 move knockoff\n>p1 move foulplay\n>p2 switch 2\n>p1 switch 5\n>p2 move psychicnoise\n>p1 move thunderwave\n>p2 switch 2\n>p1 move seismictoss\n>p2 move knockoff\n>p2 switch 6\n>p1 switch 5\n>p2 move triplearrows\n>p1 switch 4\n>p1 move strangesteam\n>p2 move triplearrows\n>p1 move strangesteam\n>p2 move triplearrows\n>p1 move gunkshot\n>p2 move triplearrows\n>p1 move gunkshot\n>p2 move triplearrows\n>chat \u2606oliverorchard|I'm actually trying to get defence drops lol.\n>p1 switch 6\n>p2 move triplearrows\n>p1 move dragondance\n>p2 move triplearrows\n>p1 move flareblitz\n>p2 switch 2\n>p1 move earthquake\n>p2 move psychicnoise\n>p1 switch 3\n>p1 move shadowball\n>p2 switch 2\n>p2 switch 4\n>p1 move shadowball\n>p2 move acrobatics\n>p1 move shadowball\n>p2 move leechseed\n>p1 move shadowball\n>p2 move strengthsap\n>p2 switch 5\n>p1 switch 6\n>p2 move aquastep\n>p1 move strangesteam\n>p2 move aquastep\n>p1 switch 2\n>p1 move moonlight\n>p2 move aquastep\n>forcelose p1", "uploadtime": 1782800633, "views": 3, "formatid": "gen9randombattle", "rating": 1844, "private": 0, "password": null, "player_dets": [{"name": "fsfdsfsd", "avatar": "colress", "rating": 1865, "seed": "sodium,a6a1fb24c7d01c38ce9c07cfbb2426b6"}, {"name": "oliverorchard", "avatar": "102", "rating": 1915, "seed": "sodium,14bce58cf256e56488e6a3202e7e41d0"}], "teams_full": [{"Cresselia": {"name": "Cresselia", "species": "Cresselia", "speciesId": "cresselia", "gender": "F", "shiny": false, "level": 80, "moves": ["psyshock", "moonlight", "moonblast", "calmmind"], "ability": "Levitate", "evs": {"hp": 85, "atk": 0, "def": 85, "spa": 85, "spd": 85, "spe": 85}, "ivs": {"hp": 31, "atk": 0, "def": 31, "spa": 31, "spd": 31, "spe": 31}, "item": "Leftovers", "teraType": "Poison", "role": "Bulky Setup", "bvs": {"hp": 120, "atk": 70, "def": 110, "spa": 75, "spd": 120, "spe": 85}, "stats": {"hp": 323, "atk": 117, "def": 222, "spa": 166, "spd": 238, "spe": 182}, "types": ["Psychic"]}, "Spiritomb": {"name": "Spiritomb", "species": "Spiritomb", "speciesId": "spiritomb", "gender": "M", "shiny": false, "level": 89, "moves": ["shadowsneak", "suckerpunch", "foulplay", "poltergeist"], "ability": "Infiltrator", "evs": {"hp": 85, "atk": 85, "def": 85, "spa": 85, "spd": 85, "spe": 85}, "ivs": {"hp": 31, "atk": 31, "def": 31, "spa": 31, "spd": 31, "spe": 31}, "item": "Choice Band", "teraType": "Steel", "role": "Bulky Support", "bvs": {"hp": 50, "atk": 92, "def": 108, "spa": 92, "spd": 108, "spe": 35}, "stats": {"hp": 234, "atk": 215, "def": 243, "spa": 215, "spd": 243, "spe": 113}, "types": ["Ghost", "Dark"]}, "Gengar": {"name": "Gengar", "species": "Gengar", "speciesId": "gengar", "gender": "F", "shiny": false, "level": 81, "moves": ["shadowball", "trick", "focusblast", "sludgewave"], "ability": "Cursed Body", "evs": {"hp": 85, "atk": 0, "def": 85, "spa": 85, "spd": 85, "spe": 85}, "ivs": {"hp": 31, "atk": 0, "def": 31, "spa": 31, "spd": 31, "spe": 31}, "item": "Choice Specs", "teraType": "Ghost", "role": "Wallbreaker", "bvs": {"hp": 60, "atk": 65, "def": 60, "spa": 130, "spd": 75, "spe": 110}, "stats": {"hp": 230, "atk": 110, "def": 144, "spa": 257, "spd": 168, "spe": 225}, "types": ["Ghost", "Poison"]}, "Weezing": {"name": "Weezing", "species": "Weezing-Galar", "speciesId": "weezinggalar", "gender": "F", "shiny": false, "level": 86, "moves": ["fireblast", "gunkshot", "defog", "strangesteam"], "ability": "Levitate", "evs": {"hp": 85, "atk": 85, "def": 85, "spa": 85, "spd": 85, "spe": 85}, "ivs": {"hp": 31, "atk": 31, "def": 31, "spa": 31, "spd": 31, "spe": 31}, "item": "Leftovers", "teraType": "Steel", "role": "Bulky Support", "bvs": {"hp": 65, "atk": 90, "def": 120, "spa": 85, "spd": 70, "spe": 60}, "stats": {"hp": 252, "atk": 204, "def": 256, "spa": 195, "spd": 170, "spe": 152}, "types": ["Poison", "Fairy"]}, "Blissey": {"name": "Blissey", "species": "Blissey", "speciesId": "blissey", "gender": "F", "shiny": false, "level": 85, "moves": ["thunderwave", "seismictoss", "healbell", "softboiled"], "ability": "Natural Cure", "evs": {"hp": 85, "atk": 0, "def": 85, "spa": 85, "spd": 85, "spe": 85}, "ivs": {"hp": 31, "atk": 0, "def": 31, "spa": 31, "spd": 31, "spe": 31}, "item": "Leftovers", "teraType": "Ghost", "role": "Bulky Support", "bvs": {"hp": 255, "atk": 10, "def": 10, "spa": 75, "spd": 135, "spe": 55}, "stats": {"hp": 572, "atk": 22, "def": 66, "spa": 176, "spd": 278, "spe": 142}, "types": ["Normal"]}, "Charizard": {"name": "Charizard", "species": "Charizard", "speciesId": "charizard", "gender": "F", "shiny": false, "level": 85, "moves": ["outrage", "earthquake", "flareblitz", "dragondance"], "ability": "Blaze", "evs": {"hp": 85, "atk": 85, "def": 85, "spa": 85, "spd": 85, "spe": 85}, "ivs": {"hp": 31, "atk": 31, "def": 31, "spa": 31, "spd": 31, "spe": 31}, "item": "Heavy-Duty Boots", "teraType": "Ground", "role": "Setup Sweeper", "bvs": {"hp": 78, "atk": 84, "def": 78, "spa": 109, "spd": 85, "spe": 100}, "stats": {"hp": 271, "atk": 192, "def": 181, "spa": 234, "spd": 193, "spe": 219}, "types": ["Fire", "Flying"]}}, {"Decidueye": {"name": "Decidueye", "species": "Decidueye-Hisui", "speciesId": "decidueyehisui", "gender": "M", "shiny": false, "level": 87, "moves": ["roost", "triplearrows", "leafblade", "defog"], "ability": "Scrappy", "evs": {"hp": 85, "atk": 85, "def": 85, "spa": 85, "spd": 85, "spe": 85}, "ivs": {"hp": 31, "atk": 31, "def": 31, "spa": 31, "spd": 31, "spe": 31}, "item": "Leftovers", "teraType": "Water", "role": "Bulky Attacker", "bvs": {"hp": 88, "atk": 112, "def": 80, "spa": 95, "spd": 95, "spe": 60}, "stats": {"hp": 295, "atk": 245, "def": 189, "spa": 215, "spd": 215, "spe": 154}, "types": ["Grass", "Fighting"]}, "Primarina": {"name": "Primarina", "species": "Primarina", "speciesId": "primarina", "gender": "F", "shiny": false, "level": 83, "moves": ["moonblast", "calmmind", "psychicnoise", "drainingkiss"], "ability": "Liquid Voice", "evs": {"hp": 85, "atk": 0, "def": 85, "spa": 85, "spd": 85, "spe": 85}, "ivs": {"hp": 31, "atk": 0, "def": 31, "spa": 31, "spd": 31, "spe": 31}, "item": "Leftovers", "teraType": "Steel", "role": "Bulky Setup", "bvs": {"hp": 80, "atk": 74, "def": 74, "spa": 126, "spd": 116, "spe": 60}, "stats": {"hp": 268, "atk": 127, "def": 171, "spa": 257, "spd": 240, "spe": 147}, "types": ["Water", "Fairy"]}, "Jumpluff": {"name": "Jumpluff", "species": "Jumpluff", "speciesId": "jumpluff", "gender": "F", "shiny": false, "level": 87, "moves": ["strengthsap", "leechseed", "substitute", "acrobatics"], "ability": "Infiltrator", "evs": {"hp": 81, "atk": 85, "def": 85, "spa": 85, "spd": 85, "spe": 85}, "ivs": {"hp": 31, "atk": 31, "def": 31, "spa": 31, "spd": 31, "spe": 31}, "item": "", "teraType": "Steel", "role": "Bulky Support", "bvs": {"hp": 75, "atk": 55, "def": 70, "spa": 55, "spd": 95, "spe": 110}, "stats": {"hp": 271, "atk": 145, "def": 172, "spa": 145, "spd": 215, "spe": 241}, "types": ["Grass", "Flying"]}, "Revavroom": {"name": "Revavroom", "species": "Revavroom", "speciesId": "revavroom", "gender": "M", "shiny": false, "level": 79, "moves": ["shiftgear", "gunkshot", "ironhead", "highhorsepower"], "ability": "Filter", "evs": {"hp": 85, "atk": 85, "def": 85, "spa": 85, "spd": 85, "spe": 85}, "ivs": {"hp": 31, "atk": 31, "def": 31, "spa": 31, "spd": 31, "spe": 31}, "item": "Life Orb", "teraType": "Ground", "role": "Fast Attacker", "bvs": {"hp": 80, "atk": 119, "def": 90, "spa": 54, "spd": 67, "spe": 90}, "stats": {"hp": 256, "atk": 234, "def": 188, "spa": 131, "spd": 151, "spe": 188}, "types": ["Steel", "Poison"]}, "Quaquaval": {"name": "Quaquaval", "species": "Quaquaval", "speciesId": "quaquaval", "gender": "F", "shiny": false, "level": 79, "moves": ["aquastep", "knockoff", "closecombat", "uturn"], "ability": "Moxie", "evs": {"hp": 85, "atk": 85, "def": 85, "spa": 85, "spd": 85, "spe": 85}, "ivs": {"hp": 31, "atk": 31, "def": 31, "spa": 31, "spd": 31, "spe": 31}, "item": "Choice Band", "teraType": "Fighting", "role": "Wallbreaker", "bvs": {"hp": 85, "atk": 120, "def": 80, "spa": 85, "spd": 75, "spe": 85}, "stats": {"hp": 264, "atk": 235, "def": 172, "spa": 180, "spd": 164, "spe": 180}, "types": ["Water", "Fighting"]}, "Ambipom": {"name": "Ambipom", "species": "Ambipom", "speciesId": "ambipom", "gender": "F", "shiny": false, "level": 84, "moves": ["knockoff", "lowkick", "doubleedge", "fakeout"], "ability": "Technician", "evs": {"hp": 85, "atk": 85, "def": 85, "spa": 85, "spd": 85, "spe": 85}, "ivs": {"hp": 31, "atk": 31, "def": 31, "spa": 31, "spd": 31, "spe": 31}, "item": "Silk Scarf", "teraType": "Normal", "role": "Wallbreaker", "bvs": {"hp": 75, "atk": 100, "def": 66, "spa": 60, "spd": 66, "spe": 115}, "stats": {"hp": 263, "atk": 216, "def": 159, "spa": 149, "spd": 159, "spe": 241}, "types": ["Normal"]}}]}