{"id": "gen9randombattle-2641500877", "format": "[Gen 9] Random Battle", "players": ["Calibold", "superluckhero"], "log": "|j|\u2606Calibold\n|j|\u2606superluckhero\n|t:|1782795465\n|gametype|singles\n|player|p1|Calibold|larry|2128\n|player|p2|superluckhero|2|2228\n|gen|9\n|tier|[Gen 9] Random Battle\n|rated|\n|rule|Species Clause: Limit one of each Pok\u00e9mon\n|rule|HP Percentage Mod: HP is shown in percentages\n|rule|Sleep Clause Mod: Limit one foe put to sleep\n|rule|Illusion Level Mod: Illusion disguises the Pok\u00e9mon's true level\n|\n|t:|1782795465\n|teamsize|p1|6\n|teamsize|p2|6\n|start\n|switch|p1a: Snorlax|Snorlax, L82, M|397/397\n|switch|p2a: Flapple|Flapple, L88, F|266/266\n|turn|1\n|inactive|Battle timer is ON: inactive players will automatically lose when time's up. (requested by superluckhero)\n|\n|t:|1782795485\n|move|p2a: Flapple|Dragon Dance|p2a: Flapple\n|-boost|p2a: Flapple|atk|1\n|-boost|p2a: Flapple|spe|1\n|move|p1a: Snorlax|Body Slam|p2a: Flapple\n|-crit|p2a: Flapple\n|-damage|p2a: Flapple|128/266\n|\n|upkeep\n|turn|2\n|\n|t:|1782795493\n|move|p2a: Flapple|Outrage|p1a: Snorlax\n|-damage|p1a: Snorlax|0 fnt\n|faint|p1a: Snorlax\n|\n|upkeep\n|\n|t:|1782795507\n|switch|p1a: Hippowdon|Hippowdon, L82, F|311/311\n|-weather|Sandstorm|[from] ability: Sand Stream|[of] p1a: Hippowdon\n|turn|3\n|\n|t:|1782795511\n|-terastallize|p1a: Hippowdon|Steel\n|move|p2a: Flapple|Outrage|p1a: Hippowdon|[from] lockedmove\n|-resisted|p1a: Hippowdon\n|-damage|p1a: Hippowdon|162/311\n|move|p1a: Hippowdon|Curse|p1a: Hippowdon\n|-unboost|p1a: Hippowdon|spe|1\n|-boost|p1a: Hippowdon|atk|1\n|-boost|p1a: Hippowdon|def|1\n|\n|-weather|Sandstorm|[upkeep]\n|-damage|p2a: Flapple|112/266|[from] Sandstorm\n|-heal|p1a: Hippowdon|181/311|[from] item: Leftovers\n|upkeep\n|turn|4\n|\n|t:|1782795518\n|move|p2a: Flapple|Outrage|p1a: Hippowdon|[from] lockedmove\n|-resisted|p1a: Hippowdon\n|-crit|p1a: Hippowdon\n|-damage|p1a: Hippowdon|0 fnt\n|faint|p1a: Hippowdon\n|-start|p2a: Flapple|confusion|[fatigue]\n|\n|-weather|Sandstorm|[upkeep]\n|-damage|p2a: Flapple|96/266|[from] Sandstorm\n|upkeep\n|j| lilboymp4\n|\n|t:|1782795525\n|switch|p1a: Crabominable|Crabominable, L90, M|321/321\n|turn|5\n|\n|t:|1782795529\n|-activate|p2a: Flapple|confusion\n|-damage|p2a: Flapple|47/266|[from] confusion\n|move|p1a: Crabominable|Close Combat|p2a: Flapple\n|-damage|p2a: Flapple|0 fnt\n|-unboost|p1a: Crabominable|def|1\n|-unboost|p1a: Crabominable|spd|1\n|faint|p2a: Flapple\n|\n|-weather|Sandstorm|[upkeep]\n|-damage|p1a: Crabominable|301/321|[from] Sandstorm\n|upkeep\n|\n|t:|1782795553\n|switch|p2a: Clefable|Clefable, L83, F|293/293\n|turn|6\n|\n|t:|1782795557\n|switch|p1a: Raikou|Raikou, L81|278/278\n|-ability|p1a: Raikou|Pressure\n|move|p2a: Clefable|Thunder Wave|p1a: Raikou\n|-immune|p1a: Raikou\n|\n|-weather|Sandstorm|[upkeep]\n|-damage|p1a: Raikou|261/278|[from] Sandstorm\n|-damage|p2a: Clefable|275/293|[from] Sandstorm\n|-heal|p2a: Clefable|293/293|[from] item: Leftovers\n|upkeep\n|turn|7\n|\n|t:|1782795560\n|move|p1a: Raikou|Thunderbolt|p2a: Clefable\n|-damage|p2a: Clefable|133/293\n|move|p2a: Clefable|Moonblast|p1a: Raikou\n|-damage|p1a: Raikou|165/278\n|-unboost|p1a: Raikou|spa|1\n|\n|-weather|none\n|-heal|p2a: Clefable|151/293|[from] item: Leftovers\n|upkeep\n|turn|8\n|\n|t:|1782795578\n|move|p1a: Raikou|Thunderbolt|p2a: Clefable\n|-damage|p2a: Clefable|6/293\n|move|p2a: Clefable|Moonlight|p2a: Clefable\n|-heal|p2a: Clefable|152/293\n|\n|-heal|p2a: Clefable|170/293|[from] item: Leftovers\n|upkeep\n|turn|9\n|\n|t:|1782795585\n|switch|p2a: Shaymin|Shaymin, L82|298/298\n|move|p1a: Raikou|Thunderbolt|p2a: Shaymin\n|-resisted|p2a: Shaymin\n|-damage|p2a: Shaymin|254/298\n|\n|-heal|p2a: Shaymin|272/298|[from] item: Leftovers\n|upkeep\n|turn|10\n|\n|t:|1782795588\n|switch|p1a: Crabominable|Crabominable, L90, M|301/321\n|move|p2a: Shaymin|Air Slash|p1a: Crabominable\n|-supereffective|p1a: Crabominable\n|-damage|p1a: Crabominable|189/321\n|\n|-heal|p2a: Shaymin|290/298|[from] item: Leftovers\n|upkeep\n|turn|11\n|\n|t:|1782795594\n|move|p2a: Shaymin|Air Slash|p1a: Crabominable\n|-supereffective|p1a: Crabominable\n|-damage|p1a: Crabominable|77/321\n|move|p1a: Crabominable|Ice Hammer|p2a: Shaymin\n|-supereffective|p2a: Shaymin\n|-damage|p2a: Shaymin|0 fnt\n|-unboost|p1a: Crabominable|spe|1\n|faint|p2a: Shaymin\n|\n|upkeep\n|\n|t:|1782795605\n|switch|p2a: Clefable|Clefable, L83, F|170/293\n|turn|12\n|\n|t:|1782795607\n|move|p2a: Clefable|Moonblast|p1a: Crabominable\n|-supereffective|p1a: Crabominable\n|-damage|p1a: Crabominable|0 fnt\n|faint|p1a: Crabominable\n|\n|-heal|p2a: Clefable|188/293|[from] item: Leftovers\n|upkeep\n|\n|t:|1782795610\n|switch|p1a: Raikou|Raikou, L81|165/278\n|-ability|p1a: Raikou|Pressure\n|turn|13\n|\n|t:|1782795613\n|move|p1a: Raikou|Thunderbolt|p2a: Clefable\n|-damage|p2a: Clefable|40/293\n|move|p2a: Clefable|Moonblast|p1a: Raikou\n|-damage|p1a: Raikou|71/278\n|\n|-heal|p2a: Clefable|58/293|[from] item: Leftovers\n|upkeep\n|turn|14\n|\n|t:|1782795623\n|move|p1a: Raikou|Thunderbolt|p2a: Clefable\n|-damage|p2a: Clefable|0 fnt\n|faint|p2a: Clefable\n|\n|upkeep\n|\n|t:|1782795626\n|switch|p2a: Slither Wing|Slither Wing, L81|270/270\n|turn|15\n|\n|t:|1782795645\n|move|p2a: Slither Wing|First Impression|p1a: Raikou\n|-damage|p1a: Raikou|0 fnt\n|faint|p1a: Raikou\n|-damage|p2a: Slither Wing|243/270|[from] item: Life Orb\n|\n|upkeep\n|\n|t:|1782795652\n|switch|p1a: Tatsugiri|Tatsugiri, L87, M|260/260\n|turn|16\n|\n|t:|1782795656\n|move|p1a: Tatsugiri|Surf|p2a: Slither Wing\n|-damage|p2a: Slither Wing|129/270\n|move|p2a: Slither Wing|Close Combat|p1a: Tatsugiri\n|-damage|p1a: Tatsugiri|3/260\n|-unboost|p2a: Slither Wing|def|1\n|-unboost|p2a: Slither Wing|spd|1\n|-damage|p2a: Slither Wing|102/270|[from] item: Life Orb\n|\n|upkeep\n|turn|17\n|\n|t:|1782795665\n|-end|p2a: Slither Wing|Protosynthesis|[silent]\n|switch|p2a: Samurott|Samurott, L88, F|310/310\n|move|p1a: Tatsugiri|Surf|p2a: Samurott\n|-resisted|p2a: Samurott\n|-damage|p2a: Samurott|262/310\n|\n|upkeep\n|turn|18\n|\n|t:|1782795670\n|move|p1a: Tatsugiri|Draco Meteor|p2a: Samurott\n|-damage|p2a: Samurott|120/310\n|-unboost|p1a: Tatsugiri|spa|2\n|move|p2a: Samurott|Knock Off|p1a: Tatsugiri\n|-damage|p1a: Tatsugiri|0 fnt\n|-enditem|p1a: Tatsugiri|Heavy-Duty Boots|[from] move: Knock Off|[of] p2a: Samurott\n|faint|p1a: Tatsugiri\n|\n|upkeep\n|\n|t:|1782795672\n|switch|p1a: Darkrai|Darkrai, L77|234/234\n|turn|19\n|\n|t:|1782795680\n|move|p2a: Samurott|Aqua Jet|p1a: Darkrai\n|-damage|p1a: Darkrai|185/234\n|move|p1a: Darkrai|Substitute|p1a: Darkrai\n|-start|p1a: Darkrai|Substitute\n|-damage|p1a: Darkrai|127/234\n|\n|-heal|p1a: Darkrai|141/234|[from] item: Leftovers\n|upkeep\n|turn|20\n|\n|t:|1782795691\n|move|p2a: Samurott|Aqua Jet|p1a: Darkrai\n|-activate|p1a: Darkrai|move: Substitute|[damage]\n|move|p1a: Darkrai|Dark Pulse|p2a: Samurott\n|-damage|p2a: Samurott|47/310\n|\n|-heal|p1a: Darkrai|155/234|[from] item: Leftovers\n|upkeep\n|turn|21\n|\n|t:|1782795696\n|move|p2a: Samurott|Aqua Jet|p1a: Darkrai\n|-end|p1a: Darkrai|Substitute\n|move|p1a: Darkrai|Substitute|p1a: Darkrai\n|-start|p1a: Darkrai|Substitute\n|-damage|p1a: Darkrai|97/234\n|\n|-heal|p1a: Darkrai|111/234|[from] item: Leftovers\n|upkeep\n|turn|22\n|\n|t:|1782795703\n|move|p2a: Samurott|Aqua Jet|p1a: Darkrai\n|-end|p1a: Darkrai|Substitute\n|move|p1a: Darkrai|Nasty Plot|p1a: Darkrai\n|-boost|p1a: Darkrai|spa|2\n|\n|-heal|p1a: Darkrai|125/234|[from] item: Leftovers\n|upkeep\n|turn|23\n|\n|t:|1782795715\n|move|p2a: Samurott|Aqua Jet|p1a: Darkrai\n|-damage|p1a: Darkrai|52/234\n|move|p1a: Darkrai|Substitute|p1a: Darkrai\n|-fail|p1a: Darkrai|move: Substitute|[weak]\n|\n|-heal|p1a: Darkrai|66/234|[from] item: Leftovers\n|upkeep\n|turn|24\n|\n|t:|1782795720\n|move|p2a: Samurott|Aqua Jet|p1a: Darkrai\n|-damage|p1a: Darkrai|0 fnt\n|faint|p1a: Darkrai\n|\n|win|superluckhero\n", "inputlog": ">version f8ac14003a5f27e1bdc8d8c59608a773c1cb96e5\n>start {\"formatid\":\"gen9randombattle\",\"seed\":\"sodium,fbce6c2d76abc1d50101bc0cd29cb9c2\",\"rated\":\"Rated battle\"}\n>player p1 {\"name\":\"Calibold\",\"avatar\":\"larry\",\"rating\":2128,\"seed\":\"sodium,72a7dedf4923798abe2b6dacec03cfbf\"}\n>player p2 {\"name\":\"superluckhero\",\"avatar\":\"2\",\"rating\":2228,\"seed\":\"sodium,707f70422f9bf66052ae106bdbcd87d2\"}\n>p1 move bodyslam\n>p2 move dragondance\n>p1 move bodyslam\n>p2 move outrage\n>p1 switch 6\n>p1 move curse terastallize\n>p2 move outrage\n>p1 move stoneedge\n>p2 move outrage\n>p1 switch 3\n>p1 move closecombat\n>p2 move outrage\n>p2 switch 3\n>p1 switch 2\n>p2 move thunderwave\n>p1 move thunderbolt\n>p2 move moonblast\n>p1 move thunderbolt\n>p2 move moonlight\n>p1 move thunderbolt\n>p2 switch 6\n>p1 switch 2\n>p2 move airslash\n>p1 move icehammer\n>p2 move airslash\n>p2 switch 6\n>p1 move icehammer\n>p2 move moonblast\n>p1 switch 2\n>p1 move thunderbolt\n>p2 move moonblast\n>p1 move thunderbolt\n>p2 move moonblast\n>p2 switch 2\n>p1 move thunderbolt\n>p2 move firstimpression\n>p1 switch 4\n>p1 move surf\n>p2 move closecombat\n>p1 move surf\n>p2 switch 5\n>p1 move dracometeor\n>p2 move knockoff\n>p1 switch 5\n>p1 move substitute\n>p2 move aquajet\n>p1 move darkpulse\n>p2 move aquajet\n>p1 move substitute\n>p2 move aquajet\n>p1 move nastyplot\n>p2 move aquajet\n>p1 move substitute\n>p2 move aquajet\n>p1 move sludgebomb\n>p2 move aquajet", "uploadtime": 1782795466, "views": 6, "formatid": "gen9randombattle", "rating": null, "private": 0, "password": null, "player_dets": [{"name": "Calibold", "avatar": "larry", "rating": 2128, "seed": "sodium,72a7dedf4923798abe2b6dacec03cfbf"}, {"name": "superluckhero", "avatar": "2", "rating": 2228, "seed": "sodium,707f70422f9bf66052ae106bdbcd87d2"}], "teams_full": [{"Snorlax": {"name": "Snorlax", "species": "Snorlax", "speciesId": "snorlax", "gender": "M", "shiny": false, "level": 82, "moves": ["rest", "curse", "sleeptalk", "bodyslam"], "ability": "Thick Fat", "evs": {"hp": 85, "atk": 85, "def": 85, "spa": 85, "spd": 85, "spe": 85}, "ivs": {"hp": 31, "atk": 31, "def": 31, "spa": 31, "spd": 31, "spe": 31}, "item": "Leftovers", "teraType": "Fairy", "role": "Bulky Attacker", "bvs": {"hp": 160, "atk": 110, "def": 65, "spa": 65, "spd": 110, "spe": 30}, "stats": {"hp": 397, "atk": 228, "def": 154, "spa": 154, "spd": 228, "spe": 96}, "types": ["Normal"]}, "Raikou": {"name": "Raikou", "species": "Raikou", "speciesId": "raikou", "gender": "N", "shiny": false, "level": 81, "moves": ["shadowball", "voltswitch", "thunderbolt", "scald"], "ability": "Pressure", "evs": {"hp": 85, "atk": 0, "def": 85, "spa": 85, "spd": 85, "spe": 85}, "ivs": {"hp": 31, "atk": 0, "def": 31, "spa": 31, "spd": 31, "spe": 31}, "item": "Choice Specs", "teraType": "Electric", "role": "Bulky Attacker", "bvs": {"hp": 90, "atk": 85, "def": 75, "spa": 115, "spd": 100, "spe": 115}, "stats": {"hp": 278, "atk": 142, "def": 168, "spa": 233, "spd": 209, "spe": 233}, "types": ["Electric"]}, "Crabominable": {"name": "Crabominable", "species": "Crabominable", "speciesId": "crabominable", "gender": "M", "shiny": false, "level": 90, "moves": ["gunkshot", "closecombat", "icehammer", "earthquake"], "ability": "Iron Fist", "evs": {"hp": 85, "atk": 85, "def": 85, "spa": 85, "spd": 85, "spe": 85}, "ivs": {"hp": 31, "atk": 31, "def": 31, "spa": 31, "spd": 31, "spe": 31}, "item": "Choice Band", "teraType": "Ground", "role": "Wallbreaker", "bvs": {"hp": 97, "atk": 132, "def": 77, "spa": 62, "spd": 67, "spe": 43}, "stats": {"hp": 321, "atk": 289, "def": 190, "spa": 163, "spd": 172, "spe": 129}, "types": ["Fighting", "Ice"]}, "Tatsugiri": {"name": "Tatsugiri", "species": "Tatsugiri", "speciesId": "tatsugiri", "gender": "M", "shiny": false, "level": 87, "moves": ["rapidspin", "nastyplot", "surf", "dracometeor"], "ability": "Storm Drain", "evs": {"hp": 85, "atk": 85, "def": 85, "spa": 85, "spd": 85, "spe": 85}, "ivs": {"hp": 31, "atk": 31, "def": 31, "spa": 31, "spd": 31, "spe": 31}, "item": "Heavy-Duty Boots", "teraType": "Water", "role": "Fast Support", "bvs": {"hp": 68, "atk": 50, "def": 60, "spa": 120, "spd": 95, "spe": 82}, "stats": {"hp": 260, "atk": 137, "def": 154, "spa": 259, "spd": 215, "spe": 192}, "types": ["Dragon", "Water"]}, "Darkrai": {"name": "Darkrai", "species": "Darkrai", "speciesId": "darkrai", "gender": "N", "shiny": false, "level": 77, "moves": ["substitute", "sludgebomb", "nastyplot", "darkpulse"], "ability": "Bad Dreams", "evs": {"hp": 85, "atk": 0, "def": 85, "spa": 85, "spd": 85, "spe": 85}, "ivs": {"hp": 31, "atk": 0, "def": 31, "spa": 31, "spd": 31, "spe": 31}, "item": "Leftovers", "teraType": "Poison", "role": "Setup Sweeper", "bvs": {"hp": 70, "atk": 90, "def": 90, "spa": 135, "spd": 90, "spe": 125}, "stats": {"hp": 234, "atk": 143, "def": 183, "spa": 252, "spd": 183, "spe": 237}, "types": ["Dark"]}, "Hippowdon": {"name": "Hippowdon", "species": "Hippowdon", "speciesId": "hippowdon", "gender": "F", "shiny": false, "level": 82, "moves": ["earthquake", "stoneedge", "slackoff", "curse"], "ability": "Sand Stream", "evs": {"hp": 85, "atk": 85, "def": 85, "spa": 85, "spd": 85, "spe": 85}, "ivs": {"hp": 31, "atk": 31, "def": 31, "spa": 31, "spd": 31, "spe": 31}, "item": "Leftovers", "teraType": "Steel", "role": "Bulky Setup", "bvs": {"hp": 108, "atk": 112, "def": 118, "spa": 68, "spd": 72, "spe": 47}, "stats": {"hp": 311, "atk": 231, "def": 241, "spa": 159, "spd": 165, "spe": 124}, "types": ["Ground"]}}, {"Flapple": {"name": "Flapple", "species": "Flapple", "speciesId": "flapple", "gender": "F", "shiny": false, "level": 88, "moves": ["terablast", "outrage", "dragondance", "gravapple"], "ability": "Hustle", "evs": {"hp": 85, "atk": 85, "def": 85, "spa": 85, "spd": 85, "spe": 85}, "ivs": {"hp": 31, "atk": 31, "def": 31, "spa": 31, "spd": 31, "spe": 31}, "item": "Wide Lens", "teraType": "Fire", "role": "Tera Blast user", "bvs": {"hp": 70, "atk": 110, "def": 80, "spa": 95, "spd": 60, "spe": 70}, "stats": {"hp": 266, "atk": 244, "def": 191, "spa": 217, "spd": 156, "spe": 173}, "types": ["Grass", "Dragon"]}, "Slither Wing": {"name": "Slither Wing", "species": "Slither Wing", "speciesId": "slitherwing", "gender": "N", "shiny": false, "level": 81, "moves": ["uturn", "earthquake", "closecombat", "firstimpression"], "ability": "Protosynthesis", "evs": {"hp": 85, "atk": 85, "def": 85, "spa": 85, "spd": 85, "spe": 85}, "ivs": {"hp": 31, "atk": 31, "def": 31, "spa": 31, "spd": 31, "spe": 31}, "item": "Life Orb", "teraType": "Fighting", "role": "Fast Attacker", "bvs": {"hp": 85, "atk": 135, "def": 79, "spa": 85, "spd": 105, "spe": 81}, "stats": {"hp": 270, "atk": 265, "def": 175, "spa": 184, "spd": 217, "spe": 178}, "types": ["Bug", "Fighting"]}, "Clefable": {"name": "Clefable", "species": "Clefable", "speciesId": "clefable", "gender": "F", "shiny": false, "level": 83, "moves": ["thunderwave", "moonblast", "fireblast", "moonlight"], "ability": "Unaware", "evs": {"hp": 85, "atk": 0, "def": 85, "spa": 85, "spd": 85, "spe": 85}, "ivs": {"hp": 31, "atk": 0, "def": 31, "spa": 31, "spd": 31, "spe": 31}, "item": "Leftovers", "teraType": "Poison", "role": "Bulky Support", "bvs": {"hp": 95, "atk": 70, "def": 73, "spa": 95, "spd": 90, "spe": 60}, "stats": {"hp": 293, "atk": 121, "def": 169, "spa": 205, "spd": 197, "spe": 147}, "types": ["Fairy"]}, "Articuno": {"name": "Articuno", "species": "Articuno", "speciesId": "articuno", "gender": "N", "shiny": false, "level": 86, "moves": ["haze", "freezedry", "bravebird", "roost"], "ability": "Pressure", "evs": {"hp": 85, "atk": 85, "def": 85, "spa": 85, "spd": 85, "spe": 85}, "ivs": {"hp": 31, "atk": 31, "def": 31, "spa": 31, "spd": 31, "spe": 31}, "item": "Heavy-Duty Boots", "teraType": "Ground", "role": "Bulky Support", "bvs": {"hp": 90, "atk": 85, "def": 100, "spa": 95, "spd": 125, "spe": 85}, "stats": {"hp": 295, "atk": 195, "def": 221, "spa": 213, "spd": 264, "spe": 195}, "types": ["Ice", "Flying"]}, "Samurott": {"name": "Samurott", "species": "Samurott", "speciesId": "samurott", "gender": "F", "shiny": false, "level": 88, "moves": ["icebeam", "knockoff", "hydropump", "aquajet"], "ability": "Torrent", "evs": {"hp": 85, "atk": 85, "def": 85, "spa": 85, "spd": 85, "spe": 85}, "ivs": {"hp": 31, "atk": 31, "def": 31, "spa": 31, "spd": 31, "spe": 31}, "item": "Assault Vest", "teraType": "Water", "role": "AV Pivot", "bvs": {"hp": 95, "atk": 100, "def": 85, "spa": 108, "spd": 70, "spe": 70}, "stats": {"hp": 310, "atk": 226, "def": 200, "spa": 240, "spd": 173, "spe": 173}, "types": ["Water"]}, "Shaymin": {"name": "Shaymin", "species": "Shaymin", "speciesId": "shaymin", "gender": "N", "shiny": false, "level": 82, "moves": ["synthesis", "seedflare", "earthpower", "airslash"], "ability": "Natural Cure", "evs": {"hp": 85, "atk": 0, "def": 85, "spa": 85, "spd": 85, "spe": 85}, "ivs": {"hp": 31, "atk": 0, "def": 31, "spa": 31, "spd": 31, "spe": 31}, "item": "Leftovers", "teraType": "Ground", "role": "Bulky Attacker", "bvs": {"hp": 100, "atk": 100, "def": 100, "spa": 100, "spd": 100, "spe": 100}, "stats": {"hp": 298, "atk": 169, "def": 211, "spa": 211, "spd": 211, "spe": 211}, "types": ["Grass"]}}]}