{"id": "gen9randombattle-2641425742", "format": "[Gen 9] Random Battle", "players": ["lunadream", "S\ufe0fMystX"], "log": "|j|\u2606lunadream\n|j|\u2606S\ufe0fMystX\n|t:|1782782914\n|gametype|singles\n|player|p1|lunadream|169|2056\n|player|p2|S\ufe0fMystX|170|2024\n|gen|9\n|tier|[Gen 9] Random Battle\n|rated|\n|rule|Species Clause: Limit one of each Pok\u00e9mon\n|rule|HP Percentage Mod: HP is shown in percentages\n|rule|Sleep Clause Mod: Limit one foe put to sleep\n|rule|Illusion Level Mod: Illusion disguises the Pok\u00e9mon's true level\n|\n|t:|1782782914\n|teamsize|p1|6\n|teamsize|p2|6\n|start\n|switch|p1a: Coalossal|Coalossal, L89, F|341/341\n|switch|p2a: Scream Tail|Scream Tail, L84|330/330\n|turn|1\n|inactive|Battle timer is ON: inactive players will automatically lose when time's up. (requested by lunadream)\n|\n|t:|1782782929\n|-end|p2a: Scream Tail|Protosynthesis|[silent]\n|switch|p2a: Wugtrio|Wugtrio, L91, M|212/212\n|switch|p1a: Golurk|Golurk, L87|297/297\n|\n|upkeep\n|turn|2\n|\n|t:|1782782941\n|move|p2a: Wugtrio|Liquidation|p1a: Golurk\n|-supereffective|p1a: Golurk\n|-damage|p1a: Golurk|0 fnt\n|faint|p1a: Golurk\n|\n|upkeep\n|\n|t:|1782782951\n|switch|p1a: Regirock|Regirock, L83|268/268\n|turn|3\n|\n|t:|1782782956\n|-terastallize|p1a: Regirock|Fighting\n|move|p2a: Wugtrio|Liquidation|p1a: Regirock\n|-damage|p1a: Regirock|184/268\n|move|p1a: Regirock|Iron Defense|p1a: Regirock\n|-boost|p1a: Regirock|def|2\n|\n|upkeep\n|turn|4\n|\n|t:|1782782960\n|switch|p2a: Scream Tail|Scream Tail, L84|330/330\n|move|p1a: Regirock|Body Press|p2a: Scream Tail\n|-resisted|p2a: Scream Tail\n|-damage|p2a: Scream Tail|261/330\n|\n|-heal|p2a: Scream Tail|281/330|[from] item: Leftovers\n|upkeep\n|turn|5\n|\n|t:|1782782968\n|-end|p2a: Scream Tail|Protosynthesis|[silent]\n|switch|p2a: Wugtrio|Wugtrio, L91, M|212/212\n|switch|p1a: Hoopa|Hoopa, L85|275/275\n|\n|upkeep\n|turn|6\n|\n|t:|1782782980\n|move|p2a: Wugtrio|Liquidation|p1a: Hoopa\n|-damage|p1a: Hoopa|68/275\n|move|p1a: Hoopa|Psychic|p2a: Wugtrio\n|-damage|p2a: Wugtrio|20/212\n|-damage|p1a: Hoopa|41/275|[from] item: Life Orb\n|\n|upkeep\n|turn|7\n|\n|t:|1782782985\n|move|p2a: Wugtrio|Liquidation|p1a: Hoopa\n|-damage|p1a: Hoopa|0 fnt\n|faint|p1a: Hoopa\n|\n|upkeep\n|\n|t:|1782782988\n|switch|p1a: Regirock|Regirock, L83, tera:Fighting|184/268\n|turn|8\n|\n|t:|1782782992\n|switch|p2a: Scream Tail|Scream Tail, L84|281/330\n|move|p1a: Regirock|Body Press|p2a: Scream Tail\n|-resisted|p2a: Scream Tail\n|-damage|p2a: Scream Tail|248/330\n|\n|-heal|p2a: Scream Tail|268/330|[from] item: Leftovers\n|upkeep\n|turn|9\n|\n|t:|1782782997\n|switch|p1a: Galvantula|Galvantula, L82, F|249/249\n|move|p2a: Scream Tail|Wish|p2a: Scream Tail\n|\n|-heal|p2a: Scream Tail|288/330|[from] item: Leftovers\n|upkeep\n|turn|10\n|\n|t:|1782783013\n|-end|p2a: Scream Tail|Protosynthesis|[silent]\n|switch|p2a: Florges|Florges-White, L85, F|271/271\n|move|p1a: Galvantula|Sticky Web|p2a: Florges\n|-sidestart|p2: S\ufe0fMystX|move: Sticky Web\n|\n|upkeep\n|turn|11\n|\n|t:|1782783018\n|switch|p1a: Coalossal|Coalossal, L89, F|341/341\n|move|p2a: Florges|Calm Mind|p2a: Florges\n|-boost|p2a: Florges|spa|1\n|-boost|p2a: Florges|spd|1\n|\n|upkeep\n|turn|12\n|\n|t:|1782783021\n|-terastallize|p2a: Florges|Ground\n|move|p2a: Florges|Tera Blast|p1a: Coalossal|[anim] Tera Blast Ground\n|-supereffective|p1a: Coalossal\n|-damage|p1a: Coalossal|0 fnt\n|faint|p1a: Coalossal\n|\n|upkeep\n|\n|t:|1782783027\n|switch|p1a: Gallade|Gallade, L80, M|240/240\n|turn|13\n|\n|t:|1782783032\n|switch|p2a: Wugtrio|Wugtrio, L91, M|20/212\n|-activate|p2a: Wugtrio|move: Sticky Web\n|-unboost|p2a: Wugtrio|spe|1\n|move|p1a: Gallade|Leaf Blade|p2a: Wugtrio\n|-supereffective|p2a: Wugtrio\n|-damage|p2a: Wugtrio|0 fnt\n|-ability|p2a: Wugtrio|Gooey\n|-unboost|p1a: Gallade|spe|1\n|faint|p2a: Wugtrio\n|\n|upkeep\n|\n|t:|1782783040\n|switch|p2a: Metagross|Metagross, L79|256/256\n|-activate|p2a: Metagross|move: Sticky Web\n|-fail|p2a: Metagross|unboost|[from] ability: Clear Body|[of] p2a: Metagross\n|turn|14\n|\n|t:|1782783061\n|switch|p1a: Regirock|Regirock, L83, tera:Fighting|184/268\n|move|p2a: Metagross|Knock Off|p1a: Regirock\n|-resisted|p1a: Regirock\n|-damage|p1a: Regirock|164/268\n|-enditem|p1a: Regirock|Chesto Berry|[from] move: Knock Off|[of] p2a: Metagross\n|\n|upkeep\n|turn|15\n|\n|t:|1782783071\n|switch|p2a: Scream Tail|Scream Tail, L84|288/330\n|-activate|p2a: Scream Tail|move: Sticky Web\n|-unboost|p2a: Scream Tail|spe|1\n|move|p1a: Regirock|Body Press|p2a: Scream Tail\n|-resisted|p2a: Scream Tail\n|-damage|p2a: Scream Tail|254/330\n|\n|-heal|p2a: Scream Tail|274/330|[from] item: Leftovers\n|upkeep\n|turn|16\n|\n|t:|1782783078\n|switch|p1a: Galvantula|Galvantula, L82, F|249/249\n|move|p2a: Scream Tail|Play Rough|p1a: Galvantula\n|-damage|p1a: Galvantula|155/249\n|\n|-heal|p2a: Scream Tail|294/330|[from] item: Leftovers\n|upkeep\n|turn|17\n|\n|t:|1782783087\n|move|p2a: Scream Tail|Protect|p2a: Scream Tail\n|-singleturn|p2a: Scream Tail|Protect\n|move|p1a: Galvantula|Thunder|p2a: Scream Tail\n|-activate|p2a: Scream Tail|move: Protect\n|\n|-heal|p2a: Scream Tail|314/330|[from] item: Leftovers\n|upkeep\n|turn|18\n|\n|t:|1782783094\n|move|p1a: Galvantula|Thunder|p2a: Scream Tail\n|-damage|p2a: Scream Tail|229/330\n|-status|p2a: Scream Tail|par\n|move|p2a: Scream Tail|Play Rough|p1a: Galvantula\n|-damage|p1a: Galvantula|64/249\n|\n|-heal|p2a: Scream Tail|249/330 par|[from] item: Leftovers\n|upkeep\n|turn|19\n|\n|t:|1782783102\n|move|p1a: Galvantula|Bug Buzz|p2a: Scream Tail\n|-damage|p2a: Scream Tail|171/330 par\n|-unboost|p2a: Scream Tail|spd|1\n|move|p2a: Scream Tail|Wish|p2a: Scream Tail\n|\n|-heal|p2a: Scream Tail|191/330 par|[from] item: Leftovers\n|upkeep\n|turn|20\n|\n|t:|1782783112\n|-end|p2a: Scream Tail|Protosynthesis|[silent]\n|switch|p2a: Florges|Florges-White, L85, F, tera:Ground|271/271\n|-activate|p2a: Florges|move: Sticky Web\n|-unboost|p2a: Florges|spe|1\n|move|p1a: Galvantula|Bug Buzz|p2a: Florges\n|-damage|p2a: Florges|216/271\n|\n|-heal|p2a: Florges|271/271|[from] move: Wish|[wisher] Scream Tail\n|upkeep\n|turn|21\n|\n|t:|1782783120\n|move|p1a: Galvantula|Energy Ball|p2a: Florges\n|-supereffective|p2a: Florges\n|-damage|p2a: Florges|191/271\n|move|p2a: Florges|Calm Mind|p2a: Florges\n|-boost|p2a: Florges|spa|1\n|-boost|p2a: Florges|spd|1\n|\n|-heal|p2a: Florges|207/271|[from] item: Leftovers\n|upkeep\n|turn|22\n|\n|t:|1782783124\n|move|p1a: Galvantula|Energy Ball|p2a: Florges\n|-supereffective|p2a: Florges\n|-damage|p2a: Florges|155/271\n|move|p2a: Florges|Synthesis|p2a: Florges\n|-heal|p2a: Florges|271/271\n|\n|upkeep\n|turn|23\n|\n|t:|1782783127\n|move|p1a: Galvantula|Energy Ball|p2a: Florges\n|-supereffective|p2a: Florges\n|-damage|p2a: Florges|219/271\n|move|p2a: Florges|Moonblast|p1a: Galvantula\n|-damage|p1a: Galvantula|0 fnt\n|faint|p1a: Galvantula\n|\n|-heal|p2a: Florges|235/271|[from] item: Leftovers\n|upkeep\n|\n|t:|1782783131\n|switch|p1a: Gallade|Gallade, L80, M|240/240\n|turn|24\n|\n|t:|1782783136\n|switch|p2a: Scream Tail|Scream Tail, L84|191/330 par\n|-activate|p2a: Scream Tail|move: Sticky Web\n|-unboost|p2a: Scream Tail|spe|1\n|move|p1a: Gallade|Leaf Blade|p2a: Scream Tail\n|-crit|p2a: Scream Tail\n|-damage|p2a: Scream Tail|51/330 par\n|\n|-heal|p2a: Scream Tail|71/330 par|[from] item: Leftovers\n|upkeep\n|turn|25\n|\n|t:|1782783144\n|move|p2a: Scream Tail|Protect|p2a: Scream Tail\n|-singleturn|p2a: Scream Tail|Protect\n|move|p1a: Gallade|Leaf Blade|p2a: Scream Tail\n|-activate|p2a: Scream Tail|move: Protect\n|\n|-heal|p2a: Scream Tail|91/330 par|[from] item: Leftovers\n|upkeep\n|turn|26\n|\n|t:|1782783147\n|move|p1a: Gallade|Leaf Blade|p2a: Scream Tail\n|-damage|p2a: Scream Tail|0 fnt\n|faint|p2a: Scream Tail\n|-end|p2a: Scream Tail|Protosynthesis|[silent]\n|\n|upkeep\n|\n|t:|1782783151\n|switch|p2a: Metagross|Metagross, L79|256/256\n|-activate|p2a: Metagross|move: Sticky Web\n|-fail|p2a: Metagross|unboost|[from] ability: Clear Body|[of] p2a: Metagross\n|turn|27\n|\n|t:|1782783165\n|switch|p1a: Regirock|Regirock, L83, tera:Fighting|164/268\n|switch|p2a: Florges|Florges-White, L85, F, tera:Ground|235/271\n|-activate|p2a: Florges|move: Sticky Web\n|-unboost|p2a: Florges|spe|1\n|\n|-heal|p2a: Florges|251/271|[from] item: Leftovers\n|upkeep\n|turn|28\n|\n|t:|1782783169\n|move|p1a: Regirock|Body Press|p2a: Florges\n|-damage|p2a: Florges|59/271\n|move|p2a: Florges|Moonblast|p1a: Regirock\n|-supereffective|p1a: Regirock\n|-damage|p1a: Regirock|0 fnt\n|faint|p1a: Regirock\n|\n|-heal|p2a: Florges|75/271|[from] item: Leftovers\n|upkeep\n|\n|t:|1782783172\n|switch|p1a: Gallade|Gallade, L80, M|240/240\n|turn|29\n|\n|t:|1782783176\n|move|p1a: Gallade|Sacred Sword|p2a: Florges\n|-damage|p2a: Florges|0 fnt\n|faint|p2a: Florges\n|\n|upkeep\n|\n|t:|1782783191\n|switch|p2a: Raikou|Raikou, L81|278/278\n|-activate|p2a: Raikou|move: Sticky Web\n|-unboost|p2a: Raikou|spe|1\n|-ability|p2a: Raikou|Pressure\n|turn|30\n|\n|t:|1782783215\n|move|p1a: Gallade|Sacred Sword|p2a: Raikou\n|-crit|p2a: Raikou\n|-damage|p2a: Raikou|13/278\n|move|p2a: Raikou|Scald|p1a: Gallade\n|-damage|p1a: Gallade|183/240\n|\n|-heal|p2a: Raikou|30/278|[from] item: Leftovers\n|upkeep\n|turn|31\n|\n|t:|1782783223\n|move|p1a: Gallade|Sacred Sword|p2a: Raikou\n|-damage|p2a: Raikou|0 fnt\n|faint|p2a: Raikou\n|\n|upkeep\n|\n|t:|1782783229\n|switch|p2a: Metagross|Metagross, L79|256/256\n|-activate|p2a: Metagross|move: Sticky Web\n|-fail|p2a: Metagross|unboost|[from] ability: Clear Body|[of] p2a: Metagross\n|turn|32\n|\n|t:|1782783234\n|move|p1a: Gallade|Sacred Sword|p2a: Metagross\n|-damage|p2a: Metagross|127/256\n|move|p2a: Metagross|Agility|p2a: Metagross\n|-boost|p2a: Metagross|spe|2\n|\n|upkeep\n|turn|33\n|\n|t:|1782783246\n|move|p2a: Metagross|Knock Off|p1a: Gallade\n|-damage|p1a: Gallade|77/240\n|-enditem|p1a: Gallade|Choice Scarf|[from] move: Knock Off|[of] p2a: Metagross\n|move|p1a: Gallade|Sacred Sword|p2a: Metagross\n|-damage|p2a: Metagross|0 fnt\n|faint|p2a: Metagross\n|\n|upkeep\n|\n|t:|1782783250\n|switch|p2a: Mienshao|Mienshao, L83, M|243/243\n|-activate|p2a: Mienshao|move: Sticky Web\n|-unboost|p2a: Mienshao|spe|1\n|turn|34\n|\n|t:|1782783256\n|move|p1a: Gallade|Psycho Cut|p2a: Mienshao\n|-supereffective|p2a: Mienshao\n|-damage|p2a: Mienshao|0 fnt\n|faint|p2a: Mienshao\n|\n|win|lunadream\n|raw|lunadream's rating: 2056 &rarr; <strong>2074</strong><br />(+18 for winning)\n|raw|S\ufe0fMystX's rating: 2024 &rarr; <strong>2006</strong><br />(-18 for losing)\n", "inputlog": ">version f8ac14003a5f27e1bdc8d8c59608a773c1cb96e5\n>start {\"formatid\":\"gen9randombattle\",\"seed\":\"sodium,d0548d8c9be89618eab9ccb697bf5d48\",\"rated\":\"Rated battle\"}\n>player p1 {\"name\":\"lunadream\",\"avatar\":\"169\",\"rating\":2056,\"seed\":\"sodium,c0f99d9869d4494e12c2f886d0d1c763\"}\n>player p2 {\"name\":\"S\ufe0fMystX\",\"avatar\":\"170\",\"rating\":2024,\"seed\":\"sodium,b06fbd57012138e1897596c1b778ef7b\"}\n>p1 switch 6\n>p2 switch 5\n>p1 move poltergeist\n>p2 move liquidation\n>p1 switch 2\n>p1 move irondefense terastallize\n>p2 move liquidation\n>p1 move bodypress\n>p2 switch 5\n>p1 switch 3\n>p2 switch 5\n>p1 move psychic\n>p2 move liquidation\n>p1 move psychic\n>p2 move liquidation\n>p1 switch 3\n>p1 move bodypress\n>p2 switch 5\n>p1 switch 5\n>p2 move wish\n>p1 move stickyweb\n>p2 switch 3\n>p1 switch 6\n>p2 move calmmind\n>p1 move stoneedge\n>p2 move terablast terastallize\n>p1 switch 4\n>p1 move leafblade\n>p2 switch 5\n>p2 switch 4\n>p1 switch 5\n>p2 move knockoff\n>p1 move bodypress\n>p2 switch 3\n>p1 switch 6\n>p2 move playrough\n>p1 move thunder\n>p2 move protect\n>p1 move thunder\n>p2 move playrough\n>p1 move bugbuzz\n>p2 move wish\n>p1 move bugbuzz\n>p2 switch 5\n>p1 move energyball\n>p2 move calmmind\n>p1 move energyball\n>p2 move synthesis\n>p1 move energyball\n>p2 move moonblast\n>p1 switch 5\n>p1 move leafblade\n>p2 switch 5\n>p1 move leafblade\n>p2 move protect\n>p1 move leafblade\n>p2 move wish\n>p2 switch 3\n>p1 switch 6\n>p2 switch 5\n>p1 move bodypress\n>p2 move moonblast\n>p1 switch 6\n>p1 move sacredsword\n>p2 move moonblast\n>p2 switch 6\n>p1 move sacredsword\n>p2 move scald\n>p1 move sacredsword\n>p2 move scald\n>p2 switch 5\n>p1 move sacredsword\n>p2 move agility\n>p1 move sacredsword\n>p2 move knockoff\n>p2 switch 2\n>p1 move psychocut\n>p2 move highjumpkick", "uploadtime": 1782782916, "views": 7, "formatid": "gen9randombattle", "rating": 2006, "private": 0, "password": null, "player_dets": [{"name": "lunadream", "avatar": "169", "rating": 2056, "seed": "sodium,c0f99d9869d4494e12c2f886d0d1c763"}, {"name": "S\ufe0fMystX", "avatar": "170", "rating": 2024, "seed": "sodium,b06fbd57012138e1897596c1b778ef7b"}], "teams_full": [{"Coalossal": {"name": "Coalossal", "species": "Coalossal", "speciesId": "coalossal", "gender": "F", "shiny": false, "level": 89, "moves": ["stoneedge", "willowisp", "overheat", "rapidspin"], "ability": "Flame Body", "evs": {"hp": 85, "atk": 85, "def": 85, "spa": 85, "spd": 85, "spe": 85}, "ivs": {"hp": 31, "atk": 31, "def": 31, "spa": 31, "spd": 31, "spe": 31}, "item": "Heavy-Duty Boots", "teraType": "Ghost", "role": "Bulky Support", "bvs": {"hp": 110, "atk": 80, "def": 120, "spa": 80, "spd": 90, "spe": 30}, "stats": {"hp": 341, "atk": 193, "def": 264, "spa": 193, "spd": 211, "spe": 104}, "types": ["Rock", "Fire"]}, "Regirock": {"name": "Regirock", "species": "Regirock", "speciesId": "regirock", "gender": "N", "shiny": false, "level": 83, "moves": ["stoneedge", "rest", "bodypress", "irondefense"], "ability": "Clear Body", "evs": {"hp": 85, "atk": 85, "def": 85, "spa": 85, "spd": 85, "spe": 85}, "ivs": {"hp": 31, "atk": 31, "def": 31, "spa": 31, "spd": 31, "spe": 31}, "item": "Chesto Berry", "teraType": "Fighting", "role": "Bulky Setup", "bvs": {"hp": 80, "atk": 100, "def": 200, "spa": 50, "spd": 100, "spe": 50}, "stats": {"hp": 268, "atk": 214, "def": 380, "spa": 131, "spd": 214, "spe": 131}, "types": ["Rock"]}, "Hoopa": {"name": "Hoopa", "species": "Hoopa", "speciesId": "hoopa", "gender": "N", "shiny": false, "level": 85, "moves": ["nastyplot", "focusblast", "shadowball", "psychic"], "ability": "Magician", "evs": {"hp": 85, "atk": 0, "def": 85, "spa": 85, "spd": 85, "spe": 85}, "ivs": {"hp": 31, "atk": 0, "def": 31, "spa": 31, "spd": 31, "spe": 31}, "item": "Life Orb", "teraType": "Psychic", "role": "Fast Attacker", "bvs": {"hp": 80, "atk": 110, "def": 60, "spa": 150, "spd": 130, "spe": 70}, "stats": {"hp": 275, "atk": 192, "def": 151, "spa": 304, "spd": 270, "spe": 168}, "types": ["Psychic", "Ghost"]}, "Gallade": {"name": "Gallade", "species": "Gallade", "speciesId": "gallade", "gender": "M", "shiny": false, "level": 80, "moves": ["sacredsword", "leafblade", "nightslash", "psychocut"], "ability": "Sharpness", "evs": {"hp": 85, "atk": 85, "def": 85, "spa": 85, "spd": 85, "spe": 85}, "ivs": {"hp": 31, "atk": 31, "def": 31, "spa": 31, "spd": 31, "spe": 31}, "item": "Choice Scarf", "teraType": "Grass", "role": "Fast Attacker", "bvs": {"hp": 68, "atk": 125, "def": 65, "spa": 65, "spd": 115, "spe": 80}, "stats": {"hp": 240, "atk": 246, "def": 150, "spa": 150, "spd": 230, "spe": 174}, "types": ["Psychic", "Fighting"]}, "Galvantula": {"name": "Galvantula", "species": "Galvantula", "speciesId": "galvantula", "gender": "F", "shiny": false, "level": 82, "moves": ["stickyweb", "energyball", "thunder", "bugbuzz"], "ability": "Compound Eyes", "evs": {"hp": 85, "atk": 0, "def": 85, "spa": 85, "spd": 85, "spe": 85}, "ivs": {"hp": 31, "atk": 0, "def": 31, "spa": 31, "spd": 31, "spe": 31}, "item": "Heavy-Duty Boots", "teraType": "Electric", "role": "Fast Support", "bvs": {"hp": 70, "atk": 77, "def": 60, "spa": 97, "spd": 60, "spe": 108}, "stats": {"hp": 249, "atk": 131, "def": 146, "spa": 206, "spd": 146, "spe": 224}, "types": ["Bug", "Electric"]}, "Golurk": {"name": "Golurk", "species": "Golurk", "speciesId": "golurk", "gender": "N", "shiny": false, "level": 87, "moves": ["stealthrock", "earthquake", "dynamicpunch", "poltergeist"], "ability": "No Guard", "evs": {"hp": 85, "atk": 85, "def": 85, "spa": 85, "spd": 85, "spe": 85}, "ivs": {"hp": 31, "atk": 31, "def": 31, "spa": 31, "spd": 31, "spe": 31}, "item": "Life Orb", "teraType": "Ground", "role": "Wallbreaker", "bvs": {"hp": 89, "atk": 124, "def": 80, "spa": 55, "spd": 80, "spe": 55}, "stats": {"hp": 297, "atk": 266, "def": 189, "spa": 145, "spd": 189, "spe": 145}, "types": ["Ground", "Ghost"]}}, {"Scream Tail": {"name": "Scream Tail", "species": "Scream Tail", "speciesId": "screamtail", "gender": "N", "shiny": false, "level": 84, "moves": ["playrough", "wish", "encore", "protect"], "ability": "Protosynthesis", "evs": {"hp": 85, "atk": 85, "def": 85, "spa": 85, "spd": 85, "spe": 85}, "ivs": {"hp": 31, "atk": 31, "def": 31, "spa": 31, "spd": 31, "spe": 31}, "item": "Leftovers", "teraType": "Steel", "role": "Bulky Support", "bvs": {"hp": 115, "atk": 65, "def": 99, "spa": 65, "spd": 115, "spe": 111}, "stats": {"hp": 330, "atk": 157, "def": 215, "spa": 157, "spd": 241, "spe": 235}, "types": ["Fairy", "Psychic"]}, "Mienshao": {"name": "Mienshao", "species": "Mienshao", "speciesId": "mienshao", "gender": "M", "shiny": false, "level": 83, "moves": ["highjumpkick", "uturn", "knockoff", "stoneedge"], "ability": "Reckless", "evs": {"hp": 81, "atk": 85, "def": 85, "spa": 85, "spd": 85, "spe": 85}, "ivs": {"hp": 31, "atk": 31, "def": 31, "spa": 31, "spd": 31, "spe": 31}, "item": "Choice Band", "teraType": "Fighting", "role": "Wallbreaker", "bvs": {"hp": 65, "atk": 125, "def": 60, "spa": 95, "spd": 60, "spe": 105}, "stats": {"hp": 243, "atk": 255, "def": 147, "spa": 205, "spd": 147, "spe": 222}, "types": ["Fighting"]}, "Florges": {"name": "Florges", "species": "Florges-White", "speciesId": "florges", "gender": "F", "shiny": false, "level": 85, "moves": ["calmmind", "terablast", "synthesis", "moonblast"], "ability": "Flower Veil", "evs": {"hp": 85, "atk": 0, "def": 85, "spa": 85, "spd": 85, "spe": 85}, "ivs": {"hp": 31, "atk": 0, "def": 31, "spa": 31, "spd": 31, "spe": 31}, "item": "Leftovers", "teraType": "Ground", "role": "Tera Blast user", "bvs": {"hp": 78, "atk": 65, "def": 68, "spa": 112, "spd": 154, "spe": 75}, "stats": {"hp": 271, "atk": 115, "def": 164, "spa": 239, "spd": 311, "spe": 176}, "types": ["Fairy"]}, "Metagross": {"name": "Metagross", "species": "Metagross", "speciesId": "metagross", "gender": "N", "shiny": false, "level": 79, "moves": ["agility", "heavyslam", "earthquake", "knockoff"], "ability": "Clear Body", "evs": {"hp": 85, "atk": 85, "def": 85, "spa": 85, "spd": 85, "spe": 85}, "ivs": {"hp": 31, "atk": 31, "def": 31, "spa": 31, "spd": 31, "spe": 31}, "item": "Weakness Policy", "teraType": "Ground", "role": "Bulky Setup", "bvs": {"hp": 80, "atk": 135, "def": 130, "spa": 95, "spd": 90, "spe": 70}, "stats": {"hp": 256, "atk": 259, "def": 251, "spa": 196, "spd": 188, "spe": 156}, "types": ["Steel", "Psychic"]}, "Wugtrio": {"name": "Wugtrio", "species": "Wugtrio", "speciesId": "wugtrio", "gender": "M", "shiny": false, "level": 91, "moves": ["stompingtantrum", "throatchop", "aquajet", "liquidation"], "ability": "Gooey", "evs": {"hp": 85, "atk": 85, "def": 85, "spa": 85, "spd": 85, "spe": 85}, "ivs": {"hp": 31, "atk": 31, "def": 31, "spa": 31, "spd": 31, "spe": 31}, "item": "Choice Band", "teraType": "Dark", "role": "Fast Attacker", "bvs": {"hp": 35, "atk": 100, "def": 50, "spa": 50, "spd": 70, "spe": 120}, "stats": {"hp": 212, "atk": 234, "def": 143, "spa": 143, "spd": 179, "spe": 270}, "types": ["Water"]}, "Raikou": {"name": "Raikou", "species": "Raikou", "speciesId": "raikou", "gender": "N", "shiny": false, "level": 81, "moves": ["substitute", "calmmind", "thunderbolt", "scald"], "ability": "Pressure", "evs": {"hp": 85, "atk": 0, "def": 85, "spa": 85, "spd": 85, "spe": 85}, "ivs": {"hp": 31, "atk": 0, "def": 31, "spa": 31, "spd": 31, "spe": 31}, "item": "Leftovers", "teraType": "Grass", "role": "Bulky Setup", "bvs": {"hp": 90, "atk": 85, "def": 75, "spa": 115, "spd": 100, "spe": 115}, "stats": {"hp": 278, "atk": 142, "def": 168, "spa": 233, "spd": 209, "spe": 233}, "types": ["Electric"]}}]}