{"id": "gen9randombattle-2641617136", "format": "[Gen 9] Random Battle", "players": ["masbahlilganteng", "sugasleepy"], "log": "|j|\u2606masbahlilganteng\n|j|\u203dsugasleepy\n|t:|1782819536\n|gametype|singles\n|player|p1|masbahlilganteng|hoopster|2050\n|player|p2|sugasleepy|169|2044\n|gen|9\n|tier|[Gen 9] Random Battle\n|rated|\n|rule|Species Clause: Limit one of each Pok\u00e9mon\n|rule|HP Percentage Mod: HP is shown in percentages\n|rule|Sleep Clause Mod: Limit one foe put to sleep\n|rule|Illusion Level Mod: Illusion disguises the Pok\u00e9mon's true level\n|\n|t:|1782819536\n|teamsize|p1|6\n|teamsize|p2|6\n|start\n|switch|p1a: Poliwrath|Poliwrath, L88, F|302/302\n|switch|p2a: Glaceon|Glaceon, L94, F|275/275\n|turn|1\n|inactive|Battle timer is ON: inactive players will automatically lose when time's up. (requested by masbahlilganteng)\n|\n|t:|1782819549\n|switch|p1a: Farigiraf|Farigiraf, L90, F|362/362\n|move|p2a: Glaceon|Freeze-Dry|p1a: Farigiraf\n|-damage|p1a: Farigiraf|233/362\n|\n|-heal|p1a: Farigiraf|255/362|[from] item: Leftovers\n|upkeep\n|turn|2\n|\n|t:|1782819575\n|move|p2a: Glaceon|Freeze-Dry|p1a: Farigiraf\n|-damage|p1a: Farigiraf|128/362\n|move|p1a: Farigiraf|Wish|p1a: Farigiraf\n|\n|-heal|p1a: Farigiraf|150/362|[from] item: Leftovers\n|upkeep\n|turn|3\n|\n|t:|1782819590\n|move|p2a: Glaceon|Freeze-Dry|p1a: Farigiraf\n|-damage|p1a: Farigiraf|15/362\n|move|p1a: Farigiraf|Body Slam|p2a: Glaceon\n|-damage|p2a: Glaceon|197/275\n|\n|-heal|p1a: Farigiraf|196/362|[from] move: Wish|[wisher] Farigiraf\n|-heal|p1a: Farigiraf|218/362|[from] item: Leftovers\n|upkeep\n|turn|4\n|\n|t:|1782819597\n|move|p2a: Glaceon|Freeze-Dry|p1a: Farigiraf\n|-damage|p1a: Farigiraf|88/362\n|move|p1a: Farigiraf|Wish|p1a: Farigiraf\n|\n|-heal|p1a: Farigiraf|110/362|[from] item: Leftovers\n|upkeep\n|turn|5\n|\n|t:|1782819606\n|move|p2a: Glaceon|Wish|p2a: Glaceon\n|move|p1a: Farigiraf|Psychic Noise|p2a: Glaceon\n|-damage|p2a: Glaceon|106/275\n|-start|p2a: Glaceon|move: Heal Block\n|\n|-heal|p1a: Farigiraf|291/362|[from] move: Wish|[wisher] Farigiraf\n|-heal|p1a: Farigiraf|313/362|[from] item: Leftovers\n|upkeep\n|turn|6\n|\n|t:|1782819614\n|move|p2a: Glaceon|Freeze-Dry|p1a: Farigiraf\n|-damage|p1a: Farigiraf|187/362\n|move|p1a: Farigiraf|Wish|p1a: Farigiraf\n|\n|-heal|p1a: Farigiraf|209/362|[from] item: Leftovers\n|-end|p2a: Glaceon|move: Heal Block\n|upkeep\n|turn|7\n|\n|t:|1782819625\n|move|p2a: Glaceon|Freeze-Dry|p1a: Farigiraf\n|-damage|p1a: Farigiraf|71/362\n|-status|p1a: Farigiraf|frz\n|-curestatus|p1a: Farigiraf|frz|[msg]\n|move|p1a: Farigiraf|Psychic Noise|p2a: Glaceon\n|-damage|p2a: Glaceon|15/275\n|-start|p2a: Glaceon|move: Heal Block\n|\n|-heal|p1a: Farigiraf|252/362|[from] move: Wish|[wisher] Farigiraf\n|-heal|p1a: Farigiraf|274/362|[from] item: Leftovers\n|upkeep\n|turn|8\n|\n|t:|1782819644\n|move|p2a: Glaceon|Freeze-Dry|p1a: Farigiraf\n|-damage|p1a: Farigiraf|138/362\n|move|p1a: Farigiraf|Wish|p1a: Farigiraf\n|\n|-heal|p1a: Farigiraf|160/362|[from] item: Leftovers\n|-end|p2a: Glaceon|move: Heal Block\n|upkeep\n|turn|9\n|\n|t:|1782819649\n|move|p2a: Glaceon|Freeze-Dry|p1a: Farigiraf\n|-damage|p1a: Farigiraf|21/362\n|move|p1a: Farigiraf|Psychic Noise|p2a: Glaceon\n|-damage|p2a: Glaceon|0 fnt\n|faint|p2a: Glaceon\n|\n|-heal|p1a: Farigiraf|202/362|[from] move: Wish|[wisher] Farigiraf\n|-heal|p1a: Farigiraf|224/362|[from] item: Leftovers\n|upkeep\n|\n|t:|1782819657\n|switch|p2a: Baxcalibur|Baxcalibur, L75, F|295/295\n|turn|10\n|\n|t:|1782819663\n|move|p2a: Baxcalibur|Glaive Rush|p1a: Farigiraf\n|-damage|p1a: Farigiraf|0 fnt\n|-singlemove|p2a: Baxcalibur|Glaive Rush|[silent]\n|faint|p1a: Farigiraf\n|\n|upkeep\n|\n|t:|1782819668\n|switch|p1a: Granbull|Granbull, L88, M|302/302\n|-ability|p1a: Granbull|Intimidate|boost\n|-unboost|p2a: Baxcalibur|atk|1\n|turn|11\n|\n|t:|1782819673\n|switch|p2a: Mudsdale|Mudsdale, L83, F|302/302\n|move|p1a: Granbull|Thunder Wave|p2a: Mudsdale\n|-immune|p2a: Mudsdale\n|\n|upkeep\n|turn|12\n|\n|t:|1782819682\n|switch|p1a: Shiftry|Shiftry, L89, F|305/305\n|move|p2a: Mudsdale|Heavy Slam|p1a: Shiftry\n|-damage|p1a: Shiftry|181/305\n|\n|upkeep\n|turn|13\n|\n|t:|1782819702\n|switch|p2a: Baxcalibur|Baxcalibur, L75, F|295/295\n|move|p1a: Shiftry|Knock Off|p2a: Baxcalibur\n|-damage|p2a: Baxcalibur|166/295\n|-enditem|p2a: Baxcalibur|Choice Band|[from] move: Knock Off|[of] p1a: Shiftry\n|\n|upkeep\n|turn|14\n|\n|t:|1782819711\n|switch|p1a: Granbull|Granbull, L88, M|302/302\n|-ability|p1a: Granbull|Intimidate|boost\n|-unboost|p2a: Baxcalibur|atk|1\n|move|p2a: Baxcalibur|Icicle Crash|p1a: Granbull\n|-damage|p1a: Granbull|230/302\n|\n|-heal|p1a: Granbull|248/302|[from] item: Leftovers\n|upkeep\n|turn|15\n|inactive|sugasleepy has 120 seconds left.\n|inactive|sugasleepy has 90 seconds left.\n|inactive|sugasleepy has 60 seconds left.\n|inactive|sugasleepy has 30 seconds left.\n|inactive|sugasleepy has 20 seconds left.\n|inactive|sugasleepy has 15 seconds left.\n|inactive|sugasleepy has 10 seconds left.\n|inactive|sugasleepy has 5 seconds left.\n|-message|sugasleepy lost due to inactivity.\n|\n|win|masbahlilganteng\n", "inputlog": ">version f8ac14003a5f27e1bdc8d8c59608a773c1cb96e5\n>start {\"formatid\":\"gen9randombattle\",\"seed\":\"sodium,498ae918a5569f4a9ca0b2bef8ee5c62\",\"rated\":\"Rated battle\"}\n>player p1 {\"name\":\"masbahlilganteng\",\"avatar\":\"hoopster\",\"rating\":2050,\"seed\":\"sodium,edceb6510757fe84ad8ec638a5458e75\"}\n>player p2 {\"name\":\"sugasleepy\",\"avatar\":\"169\",\"rating\":2044,\"seed\":\"sodium,c389cf5d0720aad15d60f7c7e0f9c3e4\"}\n>p1 switch 6\n>p2 move freezedry\n>p1 move wish\n>p2 move freezedry\n>p1 move bodyslam\n>p2 move freezedry\n>p1 move wish\n>p2 move freezedry\n>p1 move psychicnoise\n>p2 move wish\n>p1 move wish\n>p2 move freezedry\n>p1 move psychicnoise\n>p2 move freezedry\n>p1 move wish\n>p2 move freezedry\n>p1 move psychicnoise\n>p2 move freezedry\n>p2 switch 2\n>p1 move bodyslam\n>p2 move glaiverush\n>p1 switch 2\n>p1 move thunderwave\n>p2 switch 4\n>p1 switch 3\n>p2 move heavyslam\n>p1 move knockoff\n>p2 switch 4\n>p1 switch 3\n>p2 move iciclecrash\n>forcelose p2", "uploadtime": 1782819539, "views": 4, "formatid": "gen9randombattle", "rating": null, "private": 0, "password": null, "player_dets": [{"name": "masbahlilganteng", "avatar": "hoopster", "rating": 2050, "seed": "sodium,edceb6510757fe84ad8ec638a5458e75"}, {"name": "sugasleepy", "avatar": "169", "rating": 2044, "seed": "sodium,c389cf5d0720aad15d60f7c7e0f9c3e4"}], "teams_full": [{"Poliwrath": {"name": "Poliwrath", "species": "Poliwrath", "speciesId": "poliwrath", "gender": "F", "shiny": false, "level": 88, "moves": ["liquidation", "knockoff", "closecombat", "raindance"], "ability": "Swift Swim", "evs": {"hp": 85, "atk": 85, "def": 85, "spa": 85, "spd": 85, "spe": 85}, "ivs": {"hp": 31, "atk": 31, "def": 31, "spa": 31, "spd": 31, "spe": 31}, "item": "Life Orb", "teraType": "Water", "role": "Setup Sweeper", "bvs": {"hp": 90, "atk": 95, "def": 95, "spa": 70, "spd": 90, "spe": 70}, "stats": {"hp": 302, "atk": 217, "def": 217, "spa": 173, "spd": 209, "spe": 173}, "types": ["Water", "Fighting"]}, "Granbull": {"name": "Granbull", "species": "Granbull", "speciesId": "granbull", "gender": "M", "shiny": false, "level": 88, "moves": ["thunderwave", "earthquake", "roar", "playrough"], "ability": "Intimidate", "evs": {"hp": 85, "atk": 85, "def": 85, "spa": 85, "spd": 85, "spe": 85}, "ivs": {"hp": 31, "atk": 31, "def": 31, "spa": 31, "spd": 31, "spe": 31}, "item": "Leftovers", "teraType": "Ground", "role": "Bulky Support", "bvs": {"hp": 90, "atk": 120, "def": 75, "spa": 60, "spd": 60, "spe": 45}, "stats": {"hp": 302, "atk": 261, "def": 182, "spa": 156, "spd": 156, "spe": 129}, "types": ["Fairy"]}, "Shiftry": {"name": "Shiftry", "species": "Shiftry", "speciesId": "shiftry", "gender": "F", "shiny": false, "level": 89, "moves": ["leafstorm", "knockoff", "defog", "willowisp"], "ability": "Wind Rider", "evs": {"hp": 85, "atk": 85, "def": 85, "spa": 85, "spd": 85, "spe": 85}, "ivs": {"hp": 31, "atk": 31, "def": 31, "spa": 31, "spd": 31, "spe": 31}, "item": "Heavy-Duty Boots", "teraType": "Poison", "role": "Fast Support", "bvs": {"hp": 90, "atk": 100, "def": 60, "spa": 90, "spd": 60, "spe": 80}, "stats": {"hp": 305, "atk": 229, "def": 158, "spa": 211, "spd": 158, "spe": 193}, "types": ["Grass", "Dark"]}, "Kingambit": {"name": "Kingambit", "species": "Kingambit", "speciesId": "kingambit", "gender": "M", "shiny": false, "level": 74, "moves": ["swordsdance", "suckerpunch", "kowtowcleave", "ironhead"], "ability": "Supreme Overlord", "evs": {"hp": 85, "atk": 85, "def": 85, "spa": 85, "spd": 85, "spe": 85}, "ivs": {"hp": 31, "atk": 31, "def": 31, "spa": 31, "spd": 31, "spe": 31}, "item": "Leftovers", "teraType": "Flying", "role": "Bulky Attacker", "bvs": {"hp": 100, "atk": 135, "def": 120, "spa": 60, "spd": 85, "spe": 50}, "stats": {"hp": 270, "atk": 243, "def": 221, "spa": 132, "spd": 169, "spe": 117}, "types": ["Dark", "Steel"]}, "Walking Wake": {"name": "Walking Wake", "species": "Walking Wake", "speciesId": "walkingwake", "gender": "N", "shiny": false, "level": 79, "moves": ["hydrosteam", "sunnyday", "dracometeor", "flamethrower"], "ability": "Protosynthesis", "evs": {"hp": 85, "atk": 0, "def": 85, "spa": 85, "spd": 85, "spe": 85}, "ivs": {"hp": 31, "atk": 0, "def": 31, "spa": 31, "spd": 31, "spe": 31}, "item": "Life Orb", "teraType": "Fire", "role": "Fast Attacker", "bvs": {"hp": 99, "atk": 83, "def": 91, "spa": 125, "spd": 83, "spe": 109}, "stats": {"hp": 286, "atk": 136, "def": 189, "spa": 243, "spd": 177, "spe": 218}, "types": ["Water", "Dragon"]}, "Farigiraf": {"name": "Farigiraf", "species": "Farigiraf", "speciesId": "farigiraf", "gender": "F", "shiny": false, "level": 90, "moves": ["bodyslam", "psychicnoise", "protect", "wish"], "ability": "Sap Sipper", "evs": {"hp": 85, "atk": 85, "def": 85, "spa": 85, "spd": 85, "spe": 85}, "ivs": {"hp": 31, "atk": 31, "def": 31, "spa": 31, "spd": 31, "spe": 31}, "item": "Leftovers", "teraType": "Water", "role": "Bulky Support", "bvs": {"hp": 120, "atk": 90, "def": 70, "spa": 110, "spd": 70, "spe": 60}, "stats": {"hp": 362, "atk": 213, "def": 177, "spa": 249, "spd": 177, "spe": 159}, "types": ["Normal", "Psychic"]}}, {"Glaceon": {"name": "Glaceon", "species": "Glaceon", "speciesId": "glaceon", "gender": "F", "shiny": false, "level": 94, "moves": ["protect", "freezedry", "mudshot", "wish"], "ability": "Ice Body", "evs": {"hp": 85, "atk": 0, "def": 85, "spa": 85, "spd": 85, "spe": 85}, "ivs": {"hp": 31, "atk": 0, "def": 31, "spa": 31, "spd": 31, "spe": 31}, "item": "Heavy-Duty Boots", "teraType": "Ground", "role": "Bulky Attacker", "bvs": {"hp": 65, "atk": 60, "def": 110, "spa": 130, "spd": 95, "spe": 65}, "stats": {"hp": 275, "atk": 117, "def": 260, "spa": 298, "spd": 232, "spe": 176}, "types": ["Ice"]}, "Baxcalibur": {"name": "Baxcalibur", "species": "Baxcalibur", "speciesId": "baxcalibur", "gender": "F", "shiny": false, "level": 75, "moves": ["iciclecrash", "glaiverush", "iceshard", "earthquake"], "ability": "Thermal Exchange", "evs": {"hp": 81, "atk": 85, "def": 85, "spa": 85, "spd": 85, "spe": 85}, "ivs": {"hp": 31, "atk": 31, "def": 31, "spa": 31, "spd": 31, "spe": 31}, "item": "Choice Band", "teraType": "Dragon", "role": "Fast Attacker", "bvs": {"hp": 115, "atk": 145, "def": 92, "spa": 75, "spd": 86, "spe": 87}, "stats": {"hp": 295, "atk": 261, "def": 182, "spa": 156, "spd": 173, "spe": 174}, "types": ["Dragon", "Ice"]}, "Pawmot": {"name": "Pawmot", "species": "Pawmot", "speciesId": "pawmot", "gender": "F", "shiny": false, "level": 80, "moves": ["closecombat", "revivalblessing", "knockoff", "doubleshock"], "ability": "Volt Absorb", "evs": {"hp": 85, "atk": 85, "def": 85, "spa": 85, "spd": 85, "spe": 85}, "ivs": {"hp": 31, "atk": 31, "def": 31, "spa": 31, "spd": 31, "spe": 31}, "item": "Life Orb", "teraType": "Electric", "role": "Fast Attacker", "bvs": {"hp": 70, "atk": 115, "def": 70, "spa": 70, "spd": 60, "spe": 105}, "stats": {"hp": 243, "atk": 230, "def": 158, "spa": 158, "spd": 142, "spe": 214}, "types": ["Electric", "Fighting"]}, "Mudsdale": {"name": "Mudsdale", "species": "Mudsdale", "speciesId": "mudsdale", "gender": "F", "shiny": false, "level": 83, "moves": ["stoneedge", "earthquake", "heavyslam", "roar"], "ability": "Stamina", "evs": {"hp": 85, "atk": 85, "def": 85, "spa": 85, "spd": 85, "spe": 85}, "ivs": {"hp": 31, "atk": 31, "def": 31, "spa": 31, "spd": 31, "spe": 31}, "item": "Leftovers", "teraType": "Steel", "role": "Bulky Attacker", "bvs": {"hp": 100, "atk": 125, "def": 100, "spa": 55, "spd": 85, "spe": 35}, "stats": {"hp": 302, "atk": 255, "def": 214, "spa": 139, "spd": 189, "spe": 106}, "types": ["Ground"]}, "Kommo-o": {"name": "Kommo-o", "species": "Kommo-o", "speciesId": "kommoo", "gender": "F", "shiny": false, "level": 78, "moves": ["swordsdance", "scaleshot", "ironhead", "closecombat"], "ability": "Soundproof", "evs": {"hp": 85, "atk": 85, "def": 85, "spa": 85, "spd": 85, "spe": 85}, "ivs": {"hp": 31, "atk": 31, "def": 31, "spa": 31, "spd": 31, "spe": 31}, "item": "Loaded Dice", "teraType": "Steel", "role": "Setup Sweeper", "bvs": {"hp": 75, "atk": 110, "def": 125, "spa": 100, "spd": 105, "spe": 85}, "stats": {"hp": 245, "atk": 217, "def": 240, "spa": 201, "spd": 209, "spe": 178}, "types": ["Dragon", "Fighting"]}, "Oricorio": {"name": "Oricorio", "species": "Oricorio-Sensu", "speciesId": "oricoriosensu", "gender": "F", "shiny": false, "level": 85, "moves": ["hurricane", "roost", "revelationdance", "quiverdance"], "ability": "Dancer", "evs": {"hp": 85, "atk": 0, "def": 85, "spa": 85, "spd": 85, "spe": 85}, "ivs": {"hp": 31, "atk": 0, "def": 31, "spa": 31, "spd": 31, "spe": 31}, "item": "Heavy-Duty Boots", "teraType": "Fighting", "role": "Setup Sweeper", "bvs": {"hp": 75, "atk": 70, "def": 70, "spa": 98, "spd": 70, "spe": 93}, "stats": {"hp": 266, "atk": 124, "def": 168, "spa": 215, "spd": 168, "spe": 207}, "types": ["Ghost", "Flying"]}}]}