{"id": "gen9randombattle-2641741176", "format": "[Gen 9] Random Battle", "players": ["mistersiri", "gg55gg"], "log": "|j|\u2606mistersiri\n|j|\u2606gg55gg\n|t:|1782836394\n|gametype|singles\n|player|p1|mistersiri|cynthia-gen4|1434\n|player|p2|gg55gg|102|1477\n|gen|9\n|tier|[Gen 9] Random Battle\n|rated|\n|rule|Species Clause: Limit one of each Pok\u00e9mon\n|rule|HP Percentage Mod: HP is shown in percentages\n|rule|Sleep Clause Mod: Limit one foe put to sleep\n|rule|Illusion Level Mod: Illusion disguises the Pok\u00e9mon's true level\n|\n|t:|1782836394\n|teamsize|p1|6\n|teamsize|p2|6\n|start\n|switch|p1a: Magearna|Magearna, L77|250/250\n|switch|p2a: Hydrapple|Hydrapple, L83, F|312/312\n|turn|1\n|inactive|Battle timer is ON: inactive players will automatically lose when time's up. (requested by gg55gg)\n|\n|t:|1782836405\n|move|p1a: Magearna|Fleur Cannon|p2a: Hydrapple\n|-supereffective|p2a: Hydrapple\n|-damage|p2a: Hydrapple|84/312\n|-unboost|p1a: Magearna|spa|2\n|move|p2a: Hydrapple|Earth Power|p1a: Magearna\n|-supereffective|p1a: Magearna\n|-damage|p1a: Magearna|122/250\n|\n|-heal|p1a: Magearna|137/250|[from] item: Leftovers\n|upkeep\n|turn|2\n|\n|t:|1782836418\n|switch|p2a: Armarouge|Armarouge, L80, F|267/267\n|move|p1a: Magearna|Fleur Cannon|p2a: Armarouge\n|-resisted|p2a: Armarouge\n|-damage|p2a: Armarouge|224/267\n|-unboost|p1a: Magearna|spa|2\n|\n|-heal|p1a: Magearna|152/250|[from] item: Leftovers\n|upkeep\n|turn|3\n|\n|t:|1782836426\n|switch|p1a: Hydreigon|Hydreigon, L79, F, shiny|275/275\n|move|p2a: Armarouge|Armor Cannon|p1a: Hydreigon\n|-resisted|p1a: Hydreigon\n|-damage|p1a: Hydreigon|170/275\n|-unboost|p2a: Armarouge|def|1\n|-unboost|p2a: Armarouge|spd|1\n|\n|upkeep\n|turn|4\n|\n|t:|1782836440\n|switch|p2a: Conkeldurr|Conkeldurr, L80, M|299/299\n|move|p1a: Hydreigon|Dark Pulse|p2a: Conkeldurr\n|-resisted|p2a: Conkeldurr\n|-damage|p2a: Conkeldurr|207/299\n|\n|-status|p2a: Conkeldurr|brn|[from] item: Flame Orb\n|upkeep\n|turn|5\n|\n|t:|1782836448\n|switch|p1a: Scream Tail|Scream Tail, L84|330/330\n|move|p2a: Conkeldurr|Knock Off|p1a: Scream Tail\n|-crit|p1a: Scream Tail\n|-damage|p1a: Scream Tail|145/330\n|-enditem|p1a: Scream Tail|Leftovers|[from] move: Knock Off|[of] p2a: Conkeldurr\n|\n|-damage|p2a: Conkeldurr|189/299 brn|[from] brn\n|upkeep\n|turn|6\n|\n|t:|1782836460\n|-terastallize|p2a: Conkeldurr|Normal\n|move|p1a: Scream Tail|Dazzling Gleam|p2a: Conkeldurr\n|-damage|p2a: Conkeldurr|108/299 brn\n|move|p2a: Conkeldurr|Facade|p1a: Scream Tail\n|-damage|p1a: Scream Tail|0 fnt\n|faint|p1a: Scream Tail\n|-end|p1a: Scream Tail|Protosynthesis|[silent]\n|\n|-damage|p2a: Conkeldurr|90/299 brn|[from] brn\n|upkeep\n|\n|t:|1782836478\n|switch|p1a: Mabosstiff|Mabosstiff, L86, M|278/278\n|turn|7\n|\n|t:|1782836489\n|move|p2a: Conkeldurr|Mach Punch|p1a: Mabosstiff\n|-supereffective|p1a: Mabosstiff\n|-damage|p1a: Mabosstiff|116/278\n|move|p1a: Mabosstiff|Crunch|p2a: Conkeldurr\n|-damage|p2a: Conkeldurr|0 fnt\n|faint|p2a: Conkeldurr\n|\n|upkeep\n|\n|t:|1782836502\n|switch|p2a: Hydrapple|Hydrapple, L83, F|188/312\n|turn|8\n|\n|t:|1782836508\n|move|p1a: Mabosstiff|Crunch|p2a: Hydrapple\n|-damage|p2a: Hydrapple|94/312\n|-unboost|p2a: Hydrapple|def|1\n|move|p2a: Hydrapple|Earth Power|p1a: Mabosstiff\n|-damage|p1a: Mabosstiff|24/278\n|\n|upkeep\n|turn|9\n|\n|t:|1782836521\n|switch|p2a: Tyranitar|Tyranitar, L78, F|284/284\n|-weather|Sandstorm|[from] ability: Sand Stream|[of] p2a: Tyranitar\n|move|p1a: Mabosstiff|Crunch|p2a: Tyranitar\n|-resisted|p2a: Tyranitar\n|-damage|p2a: Tyranitar|197/284\n|\n|-weather|Sandstorm|[upkeep]\n|-damage|p1a: Mabosstiff|7/278|[from] Sandstorm\n|-heal|p2a: Tyranitar|214/284|[from] item: Leftovers\n|upkeep\n|turn|10\n|\n|t:|1782836527\n|switch|p1a: Hydreigon|Hydreigon, L79, F, shiny|170/275\n|move|p2a: Tyranitar|Stealth Rock|p1a: Hydreigon\n|-sidestart|p1: mistersiri|move: Stealth Rock\n|\n|-weather|Sandstorm|[upkeep]\n|-damage|p1a: Hydreigon|153/275|[from] Sandstorm\n|-heal|p2a: Tyranitar|231/284|[from] item: Leftovers\n|upkeep\n|turn|11\n|\n|t:|1782836534\n|move|p1a: Hydreigon|U-turn|p2a: Tyranitar\n|-supereffective|p2a: Tyranitar\n|-damage|p2a: Tyranitar|145/284\n|\n|t:|1782836538\n|switch|p1a: Magearna|Magearna, L77|152/250|[from] U-turn\n|-damage|p1a: Magearna|137/250|[from] Stealth Rock\n|move|p2a: Tyranitar|Dragon Tail|p1a: Magearna\n|-immune|p1a: Magearna\n|\n|-weather|Sandstorm|[upkeep]\n|-heal|p1a: Magearna|152/250|[from] item: Leftovers\n|-heal|p2a: Tyranitar|162/284|[from] item: Leftovers\n|upkeep\n|turn|12\n|\n|t:|1782836547\n|move|p1a: Magearna|Fleur Cannon|p2a: Tyranitar\n|-supereffective|p2a: Tyranitar\n|-damage|p2a: Tyranitar|0 fnt\n|-unboost|p1a: Magearna|spa|2\n|faint|p2a: Tyranitar\n|-ability|p1a: Magearna|Soul-Heart|boost\n|-boost|p1a: Magearna|spa|1\n|\n|-weather|Sandstorm|[upkeep]\n|-heal|p1a: Magearna|167/250|[from] item: Leftovers\n|upkeep\n|\n|t:|1782836560\n|switch|p2a: Armarouge|Armarouge, L80, F|224/267\n|turn|13\n|\n|t:|1782836568\n|switch|p1a: Mabosstiff|Mabosstiff, L86, M|7/278\n|-damage|p1a: Mabosstiff|0 fnt|[from] Stealth Rock\n|faint|p1a: Mabosstiff\n|move|p2a: Armarouge|Armor Cannon|p1: Mabosstiff|[notarget]\n|-fail|p2a: Armarouge\n|\n|-weather|none\n|upkeep\n|\n|t:|1782836573\n|switch|p1a: Hydreigon|Hydreigon, L79, F, shiny|153/275\n|-damage|p1a: Hydreigon|119/275|[from] Stealth Rock\n|turn|14\n|\n|t:|1782836597\n|move|p1a: Hydreigon|Dark Pulse|p2a: Armarouge\n|-supereffective|p2a: Armarouge\n|-crit|p2a: Armarouge\n|-damage|p2a: Armarouge|0 fnt\n|faint|p2a: Armarouge\n|\n|upkeep\n|inactive|gg55gg has 120 seconds left.\n|\n|t:|1782836621\n|switch|p2a: Hydrapple|Hydrapple, L83, F|198/312\n|turn|15\n|inactive|gg55gg has 120 seconds left.\n|\n|t:|1782836640\n|switch|p1a: Magearna|Magearna, L77|167/250\n|-damage|p1a: Magearna|152/250|[from] Stealth Rock\n|move|p2a: Hydrapple|Fickle Beam|p1a: Magearna\n|-immune|p1a: Magearna\n|\n|-heal|p1a: Magearna|167/250|[from] item: Leftovers\n|upkeep\n|turn|16\n|\n|t:|1782836651\n|move|p1a: Magearna|Fleur Cannon|p2a: Hydrapple\n|-supereffective|p2a: Hydrapple\n|-damage|p2a: Hydrapple|0 fnt\n|-unboost|p1a: Magearna|spa|2\n|faint|p2a: Hydrapple\n|-ability|p1a: Magearna|Soul-Heart|boost\n|-boost|p1a: Magearna|spa|1\n|\n|-heal|p1a: Magearna|182/250|[from] item: Leftovers\n|upkeep\n|\n|t:|1782836658\n|switch|p2a: Rabsca|Rabsca, L91, M|284/284\n|turn|17\n|\n|t:|1782836662\n|switch|p1a: Hydreigon|Hydreigon, L79, F, shiny|119/275\n|-damage|p1a: Hydreigon|85/275|[from] Stealth Rock\n|move|p2a: Rabsca|Revival Blessing|p2a: Rabsca\n|\n|t:|1782836679\n|-heal|p2: Conkeldurr|149/299|[from] move: Revival Blessing\n|\n|upkeep\n|turn|18\n|\n|t:|1782836689\n|move|p1a: Hydreigon|U-turn|p2a: Rabsca\n|-supereffective|p2a: Rabsca\n|-damage|p2a: Rabsca|190/284\n|\n|t:|1782836692\n|switch|p1a: Raging Bolt|Raging Bolt, L78|323/323|[from] U-turn\n|-damage|p1a: Raging Bolt|283/323|[from] Stealth Rock\n|-enditem|p1a: Raging Bolt|Booster Energy\n|-activate|p1a: Raging Bolt|ability: Protosynthesis|[fromitem]\n|-start|p1a: Raging Bolt|protosynthesisspa\n|move|p2a: Rabsca|Bug Buzz|p1a: Raging Bolt\n|-damage|p1a: Raging Bolt|135/323\n|\n|upkeep\n|turn|19\n|\n|t:|1782836704\n|move|p1a: Raging Bolt|Thunderbolt|p2a: Rabsca\n|-damage|p2a: Rabsca|78/284\n|move|p2a: Rabsca|Psychic|p1a: Raging Bolt\n|-damage|p1a: Raging Bolt|0 fnt\n|faint|p1a: Raging Bolt\n|-end|p1a: Raging Bolt|Protosynthesis|[silent]\n|\n|upkeep\n|\n|t:|1782836714\n|switch|p1a: Hydreigon|Hydreigon, L79, F, shiny|85/275\n|-damage|p1a: Hydreigon|51/275|[from] Stealth Rock\n|turn|20\n|\n|t:|1782836717\n|move|p1a: Hydreigon|U-turn|p2a: Rabsca\n|-supereffective|p2a: Rabsca\n|-crit|p2a: Rabsca\n|-damage|p2a: Rabsca|0 fnt\n|faint|p2a: Rabsca\n|\n|t:|1782836721\n|switch|p1a: Reuniclus|Reuniclus, L88, M|337/337|[from] U-turn\n|\n|upkeep\n|\n|t:|1782836742\n|switch|p2a: Conkeldurr|Conkeldurr, L80, M|149/299\n|turn|21\n|\n|t:|1782836750\n|move|p2a: Conkeldurr|Knock Off|p1a: Reuniclus\n|-supereffective|p1a: Reuniclus\n|-damage|p1a: Reuniclus|143/337\n|-enditem|p1a: Reuniclus|Life Orb|[from] move: Knock Off|[of] p2a: Conkeldurr\n|move|p1a: Reuniclus|Psyshock|p2a: Conkeldurr\n|-supereffective|p2a: Conkeldurr\n|-damage|p2a: Conkeldurr|0 fnt\n|faint|p2a: Conkeldurr\n|\n|upkeep\n|\n|t:|1782836757\n|switch|p2a: Dialga|Dialga-Origin, L73|266/266\n|-ability|p2a: Dialga|Pressure\n|turn|22\n|\n|t:|1782836765\n|move|p2a: Dialga|Heavy Slam|p1a: Reuniclus\n|-damage|p1a: Reuniclus|20/337\n|move|p1a: Reuniclus|Focus Blast|p2a: Dialga\n|-supereffective|p2a: Dialga\n|-damage|p2a: Dialga|78/266\n|\n|upkeep\n|turn|23\n|\n|t:|1782836772\n|move|p2a: Dialga|Heavy Slam|p1a: Reuniclus\n|-damage|p1a: Reuniclus|0 fnt\n|faint|p1a: Reuniclus\n|\n|upkeep\n|\n|t:|1782836774\n|switch|p1a: Hydreigon|Hydreigon, L79, F, shiny|51/275\n|-damage|p1a: Hydreigon|17/275|[from] Stealth Rock\n|turn|24\n|\n|t:|1782836783\n|move|p1a: Hydreigon|Dark Pulse|p2a: Dialga\n|-damage|p2a: Dialga|0 fnt\n|faint|p2a: Dialga\n|\n|win|mistersiri\n|raw|mistersiri's rating: 1434 &rarr; <strong>1456</strong><br />(+22 for winning)\n|raw|gg55gg's rating: 1477 &rarr; <strong>1455</strong><br />(-22 for losing)\n", "inputlog": ">version f8ac14003a5f27e1bdc8d8c59608a773c1cb96e5\n>start {\"formatid\":\"gen9randombattle\",\"seed\":\"sodium,9f2bb3613a2944321c9e6f4808d7b9b2\",\"rated\":\"Rated battle\"}\n>player p1 {\"name\":\"mistersiri\",\"avatar\":\"cynthia-gen4\",\"rating\":1434,\"seed\":\"sodium,5d4948426ea2eb6c47cbaebec5c98252\"}\n>player p2 {\"name\":\"gg55gg\",\"avatar\":\"102\",\"rating\":1477,\"seed\":\"sodium,0b8ed46aa5c3cb08ffce9c7ea0cb05ff\"}\n>p1 move fleurcannon\n>p2 move earthpower\n>p1 move fleurcannon\n>p2 switch 4\n>p1 switch 6\n>p2 move armorcannon\n>p1 move darkpulse\n>p2 switch 5\n>p1 switch 2\n>p2 move knockoff\n>p1 move dazzlinggleam\n>p2 move facade terastallize\n>p1 switch 5\n>p1 move crunch\n>p2 move machpunch\n>p2 switch 4\n>p1 move crunch\n>p2 move earthpower\n>p1 move crunch\n>p2 switch 2\n>p1 switch 2\n>p2 move stealthrock\n>p1 move uturn\n>p2 move dragontail\n>p1 switch 6\n>p1 move fleurcannon\n>p2 move knockoff\n>p2 switch 5\n>p1 switch 2\n>p2 move armorcannon\n>p1 switch 6\n>p1 move darkpulse\n>p2 move armorcannon\n>p2 switch 2\n>p1 switch 2\n>p2 move ficklebeam\n>p1 move fleurcannon\n>p2 move earthpower\n>p2 switch 3\n>p1 switch 2\n>p2 move revivalblessing\n>p2 switch 4\n>p1 move uturn\n>p2 move bugbuzz\n>p1 switch 4\n>p1 move thunderbolt\n>p2 move psychic\n>p1 switch 4\n>p1 move uturn\n>p2 move recover\n>p1 switch 3\n>p2 switch 4\n>p1 move psyshock\n>p2 move knockoff\n>p2 switch 6\n>p1 move focusblast\n>p2 move heavyslam\n>p1 move psyshock\n>p2 move heavyslam\n>p1 switch 3\n>p1 move darkpulse\n>p2 move heavyslam", "uploadtime": 1782836788, "views": 2, "formatid": "gen9randombattle", "rating": 1455, "private": 0, "password": null, "player_dets": [{"name": "mistersiri", "avatar": "cynthia-gen4", "rating": 1434, "seed": "sodium,5d4948426ea2eb6c47cbaebec5c98252"}, {"name": "gg55gg", "avatar": "102", "rating": 1477, "seed": "sodium,0b8ed46aa5c3cb08ffce9c7ea0cb05ff"}], "teams_full": [{"Magearna": {"name": "Magearna", "species": "Magearna", "speciesId": "magearna", "gender": "N", "shiny": false, "level": 77, "moves": ["flashcannon", "thunderwave", "fleurcannon", "spikes"], "ability": "Soul-Heart", "evs": {"hp": 85, "atk": 0, "def": 85, "spa": 85, "spd": 85, "spe": 85}, "ivs": {"hp": 31, "atk": 0, "def": 31, "spa": 31, "spd": 31, "spe": 31}, "item": "Leftovers", "teraType": "Fairy", "role": "Bulky Attacker", "bvs": {"hp": 80, "atk": 95, "def": 115, "spa": 130, "spd": 115, "spe": 65}, "stats": {"hp": 250, "atk": 151, "def": 222, "spa": 245, "spd": 222, "spe": 145}, "types": ["Steel", "Fairy"]}, "Scream Tail": {"name": "Scream Tail", "species": "Scream Tail", "speciesId": "screamtail", "gender": "N", "shiny": false, "level": 84, "moves": ["dazzlinggleam", "encore", "wish", "protect"], "ability": "Protosynthesis", "evs": {"hp": 85, "atk": 0, "def": 85, "spa": 85, "spd": 85, "spe": 85}, "ivs": {"hp": 31, "atk": 0, "def": 31, "spa": 31, "spd": 31, "spe": 31}, "item": "Leftovers", "teraType": "Steel", "role": "Bulky Attacker", "bvs": {"hp": 115, "atk": 65, "def": 99, "spa": 65, "spd": 115, "spe": 111}, "stats": {"hp": 330, "atk": 114, "def": 215, "spa": 157, "spd": 241, "spe": 235}, "types": ["Fairy", "Psychic"]}, "Reuniclus": {"name": "Reuniclus", "species": "Reuniclus", "speciesId": "reuniclus", "gender": "M", "shiny": false, "level": 88, "moves": ["calmmind", "focusblast", "psyshock", "recover"], "ability": "Magic Guard", "evs": {"hp": 85, "atk": 0, "def": 85, "spa": 85, "spd": 85, "spe": 85}, "ivs": {"hp": 31, "atk": 0, "def": 31, "spa": 31, "spd": 31, "spe": 31}, "item": "Life Orb", "teraType": "Steel", "role": "Bulky Setup", "bvs": {"hp": 110, "atk": 65, "def": 75, "spa": 125, "spd": 85, "spe": 30}, "stats": {"hp": 337, "atk": 119, "def": 182, "spa": 270, "spd": 200, "spe": 103}, "types": ["Psychic"]}, "Raging Bolt": {"name": "Raging Bolt", "species": "Raging Bolt", "speciesId": "ragingbolt", "gender": "N", "shiny": false, "level": 78, "moves": ["thunderclap", "calmmind", "dragonpulse", "thunderbolt"], "ability": "Protosynthesis", "evs": {"hp": 85, "atk": 0, "def": 85, "spa": 85, "spd": 85, "spe": 85}, "ivs": {"hp": 31, "atk": 0, "def": 31, "spa": 31, "spd": 31, "spe": 31}, "item": "Booster Energy", "teraType": "Fairy", "role": "Fast Bulky Setup", "bvs": {"hp": 125, "atk": 73, "def": 91, "spa": 137, "spd": 89, "spe": 75}, "stats": {"hp": 323, "atk": 118, "def": 187, "spa": 259, "spd": 184, "spe": 162}, "types": ["Electric", "Dragon"]}, "Mabosstiff": {"name": "Mabosstiff", "species": "Mabosstiff", "speciesId": "mabosstiff", "gender": "M", "shiny": false, "level": 86, "moves": ["playrough", "wildcharge", "crunch", "psychicfangs"], "ability": "Stakeout", "evs": {"hp": 85, "atk": 85, "def": 85, "spa": 85, "spd": 85, "spe": 85}, "ivs": {"hp": 31, "atk": 31, "def": 31, "spa": 31, "spd": 31, "spe": 31}, "item": "Choice Scarf", "teraType": "Dark", "role": "Bulky Attacker", "bvs": {"hp": 80, "atk": 120, "def": 90, "spa": 60, "spd": 70, "spe": 85}, "stats": {"hp": 278, "atk": 256, "def": 204, "spa": 152, "spd": 170, "spe": 195}, "types": ["Dark"]}, "Hydreigon": {"name": "Hydreigon", "species": "Hydreigon", "speciesId": "hydreigon", "gender": "F", "shiny": true, "level": 79, "moves": ["uturn", "dracometeor", "flashcannon", "darkpulse"], "ability": "Levitate", "evs": {"hp": 85, "atk": 85, "def": 85, "spa": 85, "spd": 85, "spe": 85}, "ivs": {"hp": 31, "atk": 31, "def": 31, "spa": 31, "spd": 31, "spe": 31}, "item": "Choice Specs", "teraType": "Steel", "role": "Fast Attacker", "bvs": {"hp": 92, "atk": 105, "def": 90, "spa": 125, "spd": 90, "spe": 98}, "stats": {"hp": 275, "atk": 211, "def": 188, "spa": 243, "spd": 188, "spe": 200}, "types": ["Dark", "Dragon"]}}, {"Hydrapple": {"name": "Hydrapple", "species": "Hydrapple", "speciesId": "hydrapple", "gender": "F", "shiny": false, "level": 83, "moves": ["dragontail", "leafstorm", "earthpower", "ficklebeam"], "ability": "Regenerator", "evs": {"hp": 85, "atk": 85, "def": 85, "spa": 85, "spd": 85, "spe": 85}, "ivs": {"hp": 31, "atk": 31, "def": 31, "spa": 31, "spd": 31, "spe": 31}, "item": "Assault Vest", "teraType": "Steel", "role": "AV Pivot", "bvs": {"hp": 106, "atk": 80, "def": 110, "spa": 120, "spd": 80, "spe": 44}, "stats": {"hp": 312, "atk": 180, "def": 230, "spa": 247, "spd": 180, "spe": 121}, "types": ["Grass", "Dragon"]}, "Tyranitar": {"name": "Tyranitar", "species": "Tyranitar", "speciesId": "tyranitar", "gender": "F", "shiny": false, "level": 78, "moves": ["stoneedge", "stealthrock", "knockoff", "dragontail"], "ability": "Sand Stream", "evs": {"hp": 85, "atk": 85, "def": 85, "spa": 85, "spd": 85, "spe": 85}, "ivs": {"hp": 31, "atk": 31, "def": 31, "spa": 31, "spd": 31, "spe": 31}, "item": "Leftovers", "teraType": "Rock", "role": "Bulky Support", "bvs": {"hp": 100, "atk": 134, "def": 110, "spa": 95, "spd": 100, "spe": 61}, "stats": {"hp": 284, "atk": 254, "def": 217, "spa": 193, "spd": 201, "spe": 140}, "types": ["Rock", "Dark"]}, "Rabsca": {"name": "Rabsca", "species": "Rabsca", "speciesId": "rabsca", "gender": "M", "shiny": false, "level": 91, "moves": ["bugbuzz", "psychic", "revivalblessing", "recover"], "ability": "Synchronize", "evs": {"hp": 85, "atk": 0, "def": 85, "spa": 85, "spd": 85, "spe": 85}, "ivs": {"hp": 31, "atk": 0, "def": 31, "spa": 31, "spd": 31, "spe": 31}, "item": "Heavy-Duty Boots", "teraType": "Steel", "role": "Wallbreaker", "bvs": {"hp": 75, "atk": 50, "def": 85, "spa": 115, "spd": 100, "spe": 45}, "stats": {"hp": 284, "atk": 96, "def": 207, "spa": 261, "spd": 234, "spe": 134}, "types": ["Bug", "Psychic"]}, "Armarouge": {"name": "Armarouge", "species": "Armarouge", "speciesId": "armarouge", "gender": "F", "shiny": false, "level": 80, "moves": ["armorcannon", "psyshock", "energyball", "focusblast"], "ability": "Weak Armor", "evs": {"hp": 85, "atk": 0, "def": 85, "spa": 85, "spd": 85, "spe": 85}, "ivs": {"hp": 31, "atk": 0, "def": 31, "spa": 31, "spd": 31, "spe": 31}, "item": "Choice Specs", "teraType": "Fire", "role": "Wallbreaker", "bvs": {"hp": 85, "atk": 60, "def": 100, "spa": 125, "spd": 80, "spe": 75}, "stats": {"hp": 267, "atk": 101, "def": 206, "spa": 246, "spd": 174, "spe": 166}, "types": ["Fire", "Psychic"]}, "Conkeldurr": {"name": "Conkeldurr", "species": "Conkeldurr", "speciesId": "conkeldurr", "gender": "M", "shiny": false, "level": 80, "moves": ["closecombat", "knockoff", "facade", "machpunch"], "ability": "Guts", "evs": {"hp": 85, "atk": 85, "def": 85, "spa": 85, "spd": 85, "spe": 85}, "ivs": {"hp": 31, "atk": 31, "def": 31, "spa": 31, "spd": 31, "spe": 31}, "item": "Flame Orb", "teraType": "Normal", "role": "Wallbreaker", "bvs": {"hp": 105, "atk": 140, "def": 95, "spa": 55, "spd": 65, "spe": 45}, "stats": {"hp": 299, "atk": 270, "def": 198, "spa": 134, "spd": 150, "spe": 118}, "types": ["Fighting"]}, "Dialga": {"name": "Dialga", "species": "Dialga-Origin", "speciesId": "dialgaorigin", "gender": "N", "shiny": false, "level": 73, "moves": ["heavyslam", "fireblast", "dracometeor", "thunderwave"], "ability": "Pressure", "evs": {"hp": 85, "atk": 85, "def": 85, "spa": 85, "spd": 85, "spe": 85}, "ivs": {"hp": 31, "atk": 31, "def": 31, "spa": 31, "spd": 31, "spe": 31}, "item": "Adamant Crystal", "teraType": "Steel", "role": "Fast Attacker", "bvs": {"hp": 100, "atk": 100, "def": 120, "spa": 150, "spd": 120, "spe": 90}, "stats": {"hp": 266, "atk": 188, "def": 218, "spa": 261, "spd": 218, "spe": 174}, "types": ["Steel", "Dragon"]}}]}