{"id": "gen9randombattle-2641346401", "format": "[Gen 9] Random Battle", "players": ["theearabianknight", "drewber0314"], "log": "|j|\u2606theearabianknight\n|j|\u2606drewber0314\n|t:|1782770891\n|gametype|singles\n|player|p1|theearabianknight|pokefan|1231\n|player|p2|drewber0314|101|1217\n|gen|9\n|tier|[Gen 9] Random Battle\n|rated|\n|rule|Species Clause: Limit one of each Pok\u00e9mon\n|rule|HP Percentage Mod: HP is shown in percentages\n|rule|Sleep Clause Mod: Limit one foe put to sleep\n|rule|Illusion Level Mod: Illusion disguises the Pok\u00e9mon's true level\n|\n|t:|1782770891\n|teamsize|p1|6\n|teamsize|p2|6\n|start\n|switch|p1a: Kingambit|Kingambit, L74, F|270/270\n|switch|p2a: Chi-Yu|Chi-Yu, L77|211/211\n|-ability|p2a: Chi-Yu|Beads of Ruin\n|turn|1\n|inactive|Battle timer is ON: inactive players will automatically lose when time's up. (requested by theearabianknight)\n|\n|t:|1782770906\n|-end|p1a: Kingambit|fallenundefined|[silent]\n|switch|p1a: Amoonguss|Amoonguss, L82, M|321/321\n|move|p2a: Chi-Yu|Flamethrower|p1a: Amoonguss\n|-supereffective|p1a: Amoonguss\n|-damage|p1a: Amoonguss|0 fnt\n|faint|p1a: Amoonguss\n|\n|upkeep\n|\n|t:|1782770918\n|switch|p1a: Iron Hands|Iron Hands, L79|373/373\n|turn|2\n|\n|t:|1782770929\n|switch|p2a: Flapple|Flapple, L88, M|266/266\n|move|p1a: Iron Hands|Drain Punch|p2a: Flapple\n|-damage|p2a: Flapple|160/266\n|\n|upkeep\n|turn|3\n|\n|t:|1782770948\n|move|p2a: Flapple|Grav Apple|p1a: Iron Hands\n|-damage|p1a: Iron Hands|151/373\n|-unboost|p1a: Iron Hands|def|1\n|move|p1a: Iron Hands|Ice Punch|p2a: Flapple\n|-supereffective|p2a: Flapple\n|-damage|p2a: Flapple|0 fnt\n|faint|p2a: Flapple\n|\n|upkeep\n|\n|t:|1782770964\n|switch|p2a: Bellibolt|Bellibolt, L84, F|320/320\n|turn|4\n|\n|t:|1782770970\n|move|p1a: Iron Hands|Drain Punch|p2a: Bellibolt\n|-damage|p2a: Bellibolt|227/320\n|-heal|p1a: Iron Hands|198/373|[from] drain|[of] p2a: Bellibolt\n|-start|p2a: Bellibolt|Charge|Drain Punch|[from] ability: Electromorphosis\n|move|p2a: Bellibolt|Muddy Water|p1a: Iron Hands\n|-damage|p1a: Iron Hands|136/373\n|\n|-heal|p2a: Bellibolt|247/320|[from] item: Leftovers\n|upkeep\n|turn|5\n|\n|t:|1782770979\n|move|p1a: Iron Hands|Drain Punch|p2a: Bellibolt\n|-damage|p2a: Bellibolt|153/320\n|-heal|p1a: Iron Hands|183/373|[from] drain|[of] p2a: Bellibolt\n|-start|p2a: Bellibolt|Charge|Drain Punch|[from] ability: Electromorphosis\n|move|p2a: Bellibolt|Toxic|p1a: Iron Hands\n|-status|p1a: Iron Hands|tox\n|\n|-heal|p2a: Bellibolt|173/320|[from] item: Leftovers\n|-damage|p1a: Iron Hands|160/373 tox|[from] psn\n|upkeep\n|turn|6\n|\n|t:|1782770989\n|move|p1a: Iron Hands|Drain Punch|p2a: Bellibolt\n|-damage|p2a: Bellibolt|74/320\n|-heal|p1a: Iron Hands|210/373 tox|[from] drain|[of] p2a: Bellibolt\n|-start|p2a: Bellibolt|Charge|Drain Punch|[from] ability: Electromorphosis\n|move|p2a: Bellibolt|Slack Off|p2a: Bellibolt\n|-heal|p2a: Bellibolt|234/320\n|\n|-heal|p2a: Bellibolt|254/320|[from] item: Leftovers\n|-damage|p1a: Iron Hands|164/373 tox|[from] psn\n|upkeep\n|turn|7\n|\n|t:|1782771000\n|move|p1a: Iron Hands|Drain Punch|p2a: Bellibolt\n|-damage|p2a: Bellibolt|160/320\n|-heal|p1a: Iron Hands|211/373 tox|[from] drain|[of] p2a: Bellibolt\n|-start|p2a: Bellibolt|Charge|Drain Punch|[from] ability: Electromorphosis\n|move|p2a: Bellibolt|Slack Off|p2a: Bellibolt\n|-heal|p2a: Bellibolt|320/320\n|\n|-damage|p1a: Iron Hands|142/373 tox|[from] psn\n|upkeep\n|turn|8\n|\n|t:|1782771012\n|move|p1a: Iron Hands|Drain Punch|p2a: Bellibolt\n|-damage|p2a: Bellibolt|226/320\n|-heal|p1a: Iron Hands|189/373 tox|[from] drain|[of] p2a: Bellibolt\n|-start|p2a: Bellibolt|Charge|Drain Punch|[from] ability: Electromorphosis\n|move|p2a: Bellibolt|Muddy Water|p1a: Iron Hands\n|-damage|p1a: Iron Hands|131/373 tox\n|\n|-heal|p2a: Bellibolt|246/320|[from] item: Leftovers\n|-damage|p1a: Iron Hands|39/373 tox|[from] psn\n|upkeep\n|turn|9\n|\n|t:|1782771024\n|move|p1a: Iron Hands|Drain Punch|p2a: Bellibolt\n|-damage|p2a: Bellibolt|146/320\n|-heal|p1a: Iron Hands|89/373 tox|[from] drain|[of] p2a: Bellibolt\n|-start|p2a: Bellibolt|Charge|Drain Punch|[from] ability: Electromorphosis\n|move|p2a: Bellibolt|Muddy Water|p1a: Iron Hands\n|-damage|p1a: Iron Hands|34/373 tox\n|\n|-heal|p2a: Bellibolt|166/320|[from] item: Leftovers\n|-damage|p1a: Iron Hands|0 fnt|[from] psn\n|faint|p1a: Iron Hands\n|-end|p1a: Iron Hands|Quark Drive|[silent]\n|upkeep\n|\n|t:|1782771030\n|switch|p1a: Zangoose|Zangoose, L85, F|263/263\n|turn|10\n|\n|t:|1782771042\n|move|p1a: Zangoose|Knock Off|p2a: Bellibolt\n|-damage|p2a: Bellibolt|89/320\n|-start|p2a: Bellibolt|Charge|Knock Off|[from] ability: Electromorphosis\n|-enditem|p2a: Bellibolt|Leftovers|[from] move: Knock Off|[of] p1a: Zangoose\n|move|p2a: Bellibolt|Thunderbolt|p1a: Zangoose\n|-damage|p1a: Zangoose|13/263\n|-end|p2a: Bellibolt|Charge|[silent]\n|\n|-status|p1a: Zangoose|tox|[from] item: Toxic Orb\n|upkeep\n|turn|11\n|\n|t:|1782771051\n|move|p1a: Zangoose|Facade|p2a: Bellibolt\n|-damage|p2a: Bellibolt|0 fnt\n|faint|p2a: Bellibolt\n|\n|-damage|p1a: Zangoose|0 fnt|[from] psn\n|faint|p1a: Zangoose\n|upkeep\n|\n|t:|1782771057\n|switch|p1a: Raikou|Raikou, L81|278/278\n|switch|p2a: Chi-Yu|Chi-Yu, L77|211/211\n|-ability|p1a: Raikou|Pressure\n|-ability|p2a: Chi-Yu|Beads of Ruin\n|turn|12\n|\n|t:|1782771076\n|move|p1a: Raikou|Scald|p2a: Chi-Yu\n|-supereffective|p2a: Chi-Yu\n|-damage|p2a: Chi-Yu|111/211\n|move|p2a: Chi-Yu|Flamethrower|p1a: Raikou\n|-damage|p1a: Raikou|76/278\n|\n|-heal|p1a: Raikou|93/278|[from] item: Leftovers\n|upkeep\n|turn|13\n|\n|t:|1782771087\n|switch|p2a: Revavroom|Revavroom, L79, M|256/256\n|move|p1a: Raikou|Scald|p2a: Revavroom\n|-damage|p2a: Revavroom|177/256\n|-status|p2a: Revavroom|brn\n|\n|-heal|p1a: Raikou|110/278|[from] item: Leftovers\n|-damage|p2a: Revavroom|161/256 brn|[from] brn\n|upkeep\n|turn|14\n|\n|t:|1782771100\n|move|p1a: Raikou|Thunderbolt|p2a: Revavroom\n|-crit|p2a: Revavroom\n|-damage|p2a: Revavroom|0 fnt\n|faint|p2a: Revavroom\n|\n|-heal|p1a: Raikou|127/278|[from] item: Leftovers\n|upkeep\n|\n|t:|1782771107\n|switch|p2a: Ditto|Ditto, L87|225/225\n|-transform|p2a: Ditto|p1a: Raikou|[from] ability: Imposter\n|-ability|p2a: Ditto|Pressure\n|turn|15\n|\n|t:|1782771116\n|move|p2a: Ditto|Substitute|p2a: Ditto\n|-start|p2a: Ditto|Substitute\n|-damage|p2a: Ditto|169/225\n|move|p1a: Raikou|Scald|p2a: Ditto\n|-activate|p2a: Ditto|move: Substitute|[damage]\n|\n|-heal|p1a: Raikou|144/278|[from] item: Leftovers\n|upkeep\n|turn|16\n|\n|t:|1782771129\n|switch|p2a: Terapagos|Terapagos, L77, M|265/265\n|-activate|p2a: Terapagos|ability: Tera Shift\n|detailschange|p2a: Terapagos|Terapagos-Terastal, L77, M\n|-heal|p2a: Terapagos|273/273|[silent]\n|move|p1a: Raikou|Scald|p2a: Terapagos\n|-activate|p2a: Terapagos|ability: Tera Shell\n|-resisted|p2a: Terapagos\n|-damage|p2a: Terapagos|245/273\n|-status|p2a: Terapagos|brn\n|\n|-heal|p1a: Raikou|161/278|[from] item: Leftovers\n|-damage|p2a: Terapagos|228/273 brn|[from] brn\n|upkeep\n|turn|17\n|\n|t:|1782771136\n|-terastallize|p2a: Terapagos|Stellar\n|detailschange|p2a: Terapagos|Terapagos-Stellar, L77, M, tera:Stellar\n|-heal|p2a: Terapagos|328/373 brn|[silent]\n|move|p1a: Raikou|Thunderbolt|p2a: Terapagos\n|-damage|p2a: Terapagos|232/373 brn\n|move|p2a: Terapagos|Earth Power|p1a: Raikou\n|-supereffective|p1a: Raikou\n|-damage|p1a: Raikou|21/278\n|\n|-heal|p1a: Raikou|38/278|[from] item: Leftovers\n|-damage|p2a: Terapagos|209/373 brn|[from] brn\n|upkeep\n|turn|18\n|\n|t:|1782771149\n|move|p1a: Raikou|Thunderbolt|p2a: Terapagos\n|-damage|p2a: Terapagos|121/373 brn\n|move|p2a: Terapagos|Earth Power|p1a: Raikou\n|-supereffective|p1a: Raikou\n|-damage|p1a: Raikou|0 fnt\n|faint|p1a: Raikou\n|\n|-damage|p2a: Terapagos|98/373 brn|[from] brn\n|upkeep\n|\n|t:|1782771159\n|switch|p1a: Chansey|Chansey, L85, F|564/564\n|turn|19\n|\n|t:|1782771166\n|move|p2a: Terapagos|Tera Starstorm|p1a: Chansey\n|-damage|p1a: Chansey|506/564\n|move|p1a: Chansey|Seismic Toss|p2a: Terapagos\n|-damage|p2a: Terapagos|13/373 brn\n|\n|-damage|p2a: Terapagos|0 fnt|[from] brn\n|faint|p2a: Terapagos\n|detailschange|p2: Terapagos|Terapagos, L77, M|[silent]\n|upkeep\n|\n|t:|1782771176\n|switch|p2a: Chi-Yu|Chi-Yu, L77|111/211\n|-ability|p2a: Chi-Yu|Beads of Ruin\n|turn|20\n|\n|t:|1782771184\n|move|p2a: Chi-Yu|Flamethrower|p1a: Chansey\n|-damage|p1a: Chansey|386/564\n|move|p1a: Chansey|Thunder Wave|p2a: Chi-Yu\n|-status|p2a: Chi-Yu|par\n|\n|upkeep\n|turn|21\n|\n|t:|1782771190\n|move|p1a: Chansey|Soft-Boiled|p1a: Chansey\n|-heal|p1a: Chansey|564/564\n|move|p2a: Chi-Yu|Flamethrower|p1a: Chansey\n|-damage|p1a: Chansey|455/564\n|\n|upkeep\n|turn|22\n|\n|t:|1782771195\n|move|p1a: Chansey|Seismic Toss|p2a: Chi-Yu\n|-damage|p2a: Chi-Yu|26/211 par\n|cant|p2a: Chi-Yu|par\n|\n|upkeep\n|turn|23\n|\n|t:|1782771199\n|switch|p2a: Ditto|Ditto, L87|169/225\n|-transform|p2a: Ditto|p1a: Chansey|[from] ability: Imposter\n|move|p1a: Chansey|Seismic Toss|p2a: Ditto\n|-damage|p2a: Ditto|84/225\n|\n|upkeep\n|turn|24\n|\n|t:|1782771215\n|move|p2a: Ditto|Soft-Boiled|p2a: Ditto\n|-heal|p2a: Ditto|197/225\n|move|p1a: Chansey|Thunder Wave|p2a: Ditto\n|-status|p2a: Ditto|par\n|\n|upkeep\n|turn|25\n|-message|drewber0314 forfeited.\n|\n|win|theearabianknight\n|raw|theearabianknight's rating: 1231 &rarr; <strong>1255</strong><br />(+24 for winning)\n|raw|drewber0314's rating: 1217 &rarr; <strong>1193</strong><br />(-24 for losing)\n|l|\u2606drewber0314\n|player|p2|\n", "inputlog": ">version f8ac14003a5f27e1bdc8d8c59608a773c1cb96e5\n>start {\"formatid\":\"gen9randombattle\",\"seed\":\"sodium,51c7c0861b53771e2440c171910c89f0\",\"rated\":\"Rated battle\"}\n>player p1 {\"name\":\"theearabianknight\",\"avatar\":\"pokefan\",\"rating\":1231,\"seed\":\"sodium,0e12f8606d7a0356352d0f80c2f31820\"}\n>player p2 {\"name\":\"drewber0314\",\"avatar\":\"101\",\"rating\":1217,\"seed\":\"sodium,c4f326b07519fd81d89e4cf8bb2795b2\"}\n>p1 switch 5\n>p2 move flamethrower\n>p1 switch 6\n>p1 move drainpunch\n>p2 switch 6\n>p1 move icepunch\n>p2 move gravapple\n>p2 switch 2\n>p1 move drainpunch\n>p2 move muddywater\n>p1 move drainpunch\n>p2 move toxic\n>p1 move drainpunch\n>p2 move slackoff\n>p1 move drainpunch\n>p2 move slackoff\n>p1 move drainpunch\n>p2 move muddywater\n>p1 move drainpunch\n>p2 move muddywater\n>p1 switch 4\n>p1 move knockoff\n>p2 move thunderbolt\n>p1 move facade\n>p2 move slackoff\n>p1 switch 3\n>p2 switch 6\n>p1 move scald\n>p2 move flamethrower\n>p1 move scald\n>p2 switch 5\n>p1 move thunderbolt\n>p2 move highhorsepower\n>p2 switch 3\n>p1 move scald\n>p2 move substitute\n>p1 move scald\n>p2 switch 4\n>p1 move thunderbolt\n>p2 move earthpower terastallize\n>p1 move thunderbolt\n>p2 move earthpower\n>p1 switch 2\n>p1 move seismictoss\n>p2 move terastarstorm\n>p2 switch 5\n>p1 move thunderwave\n>p2 move flamethrower\n>p1 move softboiled\n>p2 move flamethrower\n>p1 move seismictoss\n>p2 move flamethrower\n>p1 move seismictoss\n>p2 switch 4\n>p1 move thunderwave\n>p2 move softboiled\n>forcelose p2", "uploadtime": 1782771223, "views": 5, "formatid": "gen9randombattle", "rating": 1193, "private": 0, "password": null, "player_dets": [{"name": "theearabianknight", "avatar": "pokefan", "rating": 1231, "seed": "sodium,0e12f8606d7a0356352d0f80c2f31820"}, {"name": "drewber0314", "avatar": "101", "rating": 1217, "seed": "sodium,c4f326b07519fd81d89e4cf8bb2795b2"}], "teams_full": [{"Kingambit": {"name": "Kingambit", "species": "Kingambit", "speciesId": "kingambit", "gender": "F", "shiny": false, "level": 74, "moves": ["swordsdance", "kowtowcleave", "suckerpunch", "ironhead"], "ability": "Supreme Overlord", "evs": {"hp": 85, "atk": 85, "def": 85, "spa": 85, "spd": 85, "spe": 85}, "ivs": {"hp": 31, "atk": 31, "def": 31, "spa": 31, "spd": 31, "spe": 31}, "item": "Leftovers", "teraType": "Dark", "role": "Bulky Attacker", "bvs": {"hp": 100, "atk": 135, "def": 120, "spa": 60, "spd": 85, "spe": 50}, "stats": {"hp": 270, "atk": 243, "def": 221, "spa": 132, "spd": 169, "spe": 117}, "types": ["Dark", "Steel"]}, "Chansey": {"name": "Chansey", "species": "Chansey", "speciesId": "chansey", "gender": "F", "shiny": false, "level": 85, "moves": ["softboiled", "thunderwave", "seismictoss", "healbell"], "ability": "Natural Cure", "evs": {"hp": 85, "atk": 0, "def": 85, "spa": 85, "spd": 85, "spe": 85}, "ivs": {"hp": 31, "atk": 0, "def": 31, "spa": 31, "spd": 31, "spe": 31}, "item": "Eviolite", "teraType": "Ghost", "role": "Bulky Support", "bvs": {"hp": 250, "atk": 5, "def": 5, "spa": 35, "spd": 105, "spe": 50}, "stats": {"hp": 564, "atk": 13, "def": 57, "spa": 108, "spd": 227, "spe": 134}, "types": ["Normal"]}, "Raikou": {"name": "Raikou", "species": "Raikou", "speciesId": "raikou", "gender": "N", "shiny": false, "level": 81, "moves": ["substitute", "calmmind", "thunderbolt", "scald"], "ability": "Pressure", "evs": {"hp": 85, "atk": 0, "def": 85, "spa": 85, "spd": 85, "spe": 85}, "ivs": {"hp": 31, "atk": 0, "def": 31, "spa": 31, "spd": 31, "spe": 31}, "item": "Leftovers", "teraType": "Grass", "role": "Bulky Setup", "bvs": {"hp": 90, "atk": 85, "def": 75, "spa": 115, "spd": 100, "spe": 115}, "stats": {"hp": 278, "atk": 142, "def": 168, "spa": 233, "spd": 209, "spe": 233}, "types": ["Electric"]}, "Zangoose": {"name": "Zangoose", "species": "Zangoose", "speciesId": "zangoose", "gender": "F", "shiny": false, "level": 85, "moves": ["swordsdance", "closecombat", "facade", "knockoff"], "ability": "Toxic Boost", "evs": {"hp": 85, "atk": 85, "def": 85, "spa": 85, "spd": 85, "spe": 85}, "ivs": {"hp": 31, "atk": 31, "def": 31, "spa": 31, "spd": 31, "spe": 31}, "item": "Toxic Orb", "teraType": "Normal", "role": "Fast Attacker", "bvs": {"hp": 73, "atk": 115, "def": 60, "spa": 60, "spd": 60, "spe": 90}, "stats": {"hp": 263, "atk": 244, "def": 151, "spa": 151, "spd": 151, "spe": 202}, "types": ["Normal"]}, "Amoonguss": {"name": "Amoonguss", "species": "Amoonguss", "speciesId": "amoonguss", "gender": "M", "shiny": false, "level": 82, "moves": ["gigadrain", "sludgebomb", "clearsmog", "spore"], "ability": "Regenerator", "evs": {"hp": 85, "atk": 0, "def": 85, "spa": 85, "spd": 85, "spe": 85}, "ivs": {"hp": 31, "atk": 0, "def": 31, "spa": 31, "spd": 31, "spe": 31}, "item": "Rocky Helmet", "teraType": "Steel", "role": "Bulky Support", "bvs": {"hp": 114, "atk": 85, "def": 70, "spa": 85, "spd": 80, "spe": 30}, "stats": {"hp": 321, "atk": 144, "def": 162, "spa": 187, "spd": 178, "spe": 96}, "types": ["Grass", "Poison"]}, "Iron Hands": {"name": "Iron Hands", "species": "Iron Hands", "speciesId": "ironhands", "gender": "N", "shiny": false, "level": 79, "moves": ["drainpunch", "voltswitch", "icepunch", "wildcharge"], "ability": "Quark Drive", "evs": {"hp": 85, "atk": 85, "def": 85, "spa": 85, "spd": 85, "spe": 85}, "ivs": {"hp": 31, "atk": 31, "def": 31, "spa": 31, "spd": 31, "spe": 31}, "item": "Assault Vest", "teraType": "Electric", "role": "AV Pivot", "bvs": {"hp": 154, "atk": 140, "def": 108, "spa": 50, "spd": 68, "spe": 50}, "stats": {"hp": 373, "atk": 267, "def": 216, "spa": 125, "spd": 153, "spe": 125}, "types": ["Fighting", "Electric"]}}, {"Chi-Yu": {"name": "Chi-Yu", "species": "Chi-Yu", "speciesId": "chiyu", "gender": "N", "shiny": false, "level": 77, "moves": ["psychic", "darkpulse", "overheat", "flamethrower"], "ability": "Beads of Ruin", "evs": {"hp": 85, "atk": 0, "def": 85, "spa": 85, "spd": 85, "spe": 85}, "ivs": {"hp": 31, "atk": 0, "def": 31, "spa": 31, "spd": 31, "spe": 31}, "item": "Choice Specs", "teraType": "Dark", "role": "Fast Attacker", "bvs": {"hp": 55, "atk": 80, "def": 80, "spa": 135, "spd": 120, "spe": 100}, "stats": {"hp": 211, "atk": 128, "def": 168, "spa": 252, "spd": 229, "spe": 199}, "types": ["Dark", "Fire"]}, "Bellibolt": {"name": "Bellibolt", "species": "Bellibolt", "speciesId": "bellibolt", "gender": "F", "shiny": false, "level": 84, "moves": ["slackoff", "muddywater", "thunderbolt", "toxic"], "ability": "Electromorphosis", "evs": {"hp": 85, "atk": 0, "def": 85, "spa": 85, "spd": 85, "spe": 85}, "ivs": {"hp": 31, "atk": 0, "def": 31, "spa": 31, "spd": 31, "spe": 31}, "item": "Leftovers", "teraType": "Water", "role": "Bulky Attacker", "bvs": {"hp": 109, "atk": 64, "def": 91, "spa": 103, "spd": 83, "spe": 45}, "stats": {"hp": 320, "atk": 112, "def": 201, "spa": 221, "spd": 188, "spe": 124}, "types": ["Electric"]}, "Ditto": {"name": "Ditto", "species": "Ditto", "speciesId": "ditto", "gender": "N", "shiny": false, "level": 87, "moves": ["transform"], "ability": "Imposter", "evs": {"hp": 85, "atk": 85, "def": 85, "spa": 85, "spd": 85, "spe": 85}, "ivs": {"hp": 31, "atk": 31, "def": 31, "spa": 31, "spd": 31, "spe": 31}, "item": "Choice Scarf", "teraType": "Steel", "role": "Fast Support", "bvs": {"hp": 48, "atk": 48, "def": 48, "spa": 48, "spd": 48, "spe": 48}, "stats": {"hp": 225, "atk": 133, "def": 133, "spa": 133, "spd": 133, "spe": 133}, "types": ["Normal"]}, "Terapagos": {"name": "Terapagos", "species": "Terapagos", "speciesId": "terapagos", "gender": "M", "shiny": false, "level": 77, "moves": ["terastarstorm", "rapidspin", "earthpower", "calmmind"], "ability": "Tera Shift", "evs": {"hp": 85, "atk": 85, "def": 85, "spa": 85, "spd": 85, "spe": 85}, "ivs": {"hp": 31, "atk": 31, "def": 31, "spa": 31, "spd": 31, "spe": 31}, "item": "Heavy-Duty Boots", "teraType": "Stellar", "role": "Fast Bulky Setup", "bvs": {"hp": 90, "atk": 65, "def": 85, "spa": 65, "spd": 85, "spe": 60}, "stats": {"hp": 265, "atk": 145, "def": 175, "spa": 145, "spd": 175, "spe": 137}, "types": ["Normal"]}, "Revavroom": {"name": "Revavroom", "species": "Revavroom", "speciesId": "revavroom", "gender": "M", "shiny": false, "level": 79, "moves": ["highhorsepower", "gunkshot", "ironhead", "shiftgear"], "ability": "Filter", "evs": {"hp": 85, "atk": 85, "def": 85, "spa": 85, "spd": 85, "spe": 85}, "ivs": {"hp": 31, "atk": 31, "def": 31, "spa": 31, "spd": 31, "spe": 31}, "item": "Life Orb", "teraType": "Ground", "role": "Fast Attacker", "bvs": {"hp": 80, "atk": 119, "def": 90, "spa": 54, "spd": 67, "spe": 90}, "stats": {"hp": 256, "atk": 234, "def": 188, "spa": 131, "spd": 151, "spe": 188}, "types": ["Steel", "Poison"]}, "Flapple": {"name": "Flapple", "species": "Flapple", "speciesId": "flapple", "gender": "M", "shiny": false, "level": 88, "moves": ["uturn", "suckerpunch", "outrage", "gravapple"], "ability": "Hustle", "evs": {"hp": 85, "atk": 85, "def": 85, "spa": 85, "spd": 85, "spe": 85}, "ivs": {"hp": 31, "atk": 31, "def": 31, "spa": 31, "spd": 31, "spe": 31}, "item": "Choice Band", "teraType": "Dragon", "role": "Fast Attacker", "bvs": {"hp": 70, "atk": 110, "def": 80, "spa": 95, "spd": 60, "spe": 70}, "stats": {"hp": 266, "atk": 244, "def": 191, "spa": 217, "spd": 156, "spe": 173}, "types": ["Grass", "Dragon"]}}]}