{"id": "gen9randombattle-2641667593", "format": "[Gen 9] Random Battle", "players": ["testbotcif", "mes05765"], "log": "|j|\u2606testbotcif\n|j|\u2606mes05765\n|t:|1782827329\n|gametype|singles\n|player|p1|testbotcif|266|1268\n|player|p2|mes05765|101|1224\n|gen|9\n|tier|[Gen 9] Random Battle\n|rated|\n|rule|Species Clause: Limit one of each Pok\u00e9mon\n|rule|HP Percentage Mod: HP is shown in percentages\n|rule|Sleep Clause Mod: Limit one foe put to sleep\n|rule|Illusion Level Mod: Illusion disguises the Pok\u00e9mon's true level\n|\n|t:|1782827329\n|teamsize|p1|6\n|teamsize|p2|6\n|start\n|switch|p1a: Toucannon|Toucannon, L88, M|284/284\n|switch|p2a: Lokix|Lokix, L82, M|251/251\n|turn|1\n|inactive|Battle timer is ON: inactive players will automatically lose when time's up. (requested by testbotcif)\n|c|\u2606testbotcif|rlhf\n|\n|t:|1782827344\n|switch|p2a: Drednaw|Drednaw, L81, F|278/278\n|-singleturn|p1a: Toucannon|move: Beak Blast\n|move|p1a: Toucannon|Beak Blast|p2a: Drednaw\n|-resisted|p2a: Drednaw\n|-damage|p2a: Drednaw|204/278\n|\n|upkeep\n|turn|2\n|\n|t:|1782827359\n|switch|p1a: Iron Valiant|Iron Valiant, L78|244/244\n|move|p2a: Drednaw|Shell Smash|p2a: Drednaw\n|-unboost|p2a: Drednaw|def|1\n|-unboost|p2a: Drednaw|spd|1\n|-boost|p2a: Drednaw|atk|2\n|-boost|p2a: Drednaw|spa|2\n|-boost|p2a: Drednaw|spe|2\n|-enditem|p2a: Drednaw|White Herb\n|-clearnegativeboost|p2a: Drednaw|[silent]\n|\n|upkeep\n|turn|3\n|\n|t:|1782827378\n|move|p2a: Drednaw|Liquidation|p1a: Iron Valiant\n|-damage|p1a: Iron Valiant|45/244\n|move|p1a: Iron Valiant|Close Combat|p2a: Drednaw\n|-supereffective|p2a: Drednaw\n|-damage|p2a: Drednaw|0 fnt\n|-unboost|p1a: Iron Valiant|def|1\n|-unboost|p1a: Iron Valiant|spd|1\n|faint|p2a: Drednaw\n|-damage|p1a: Iron Valiant|21/244|[from] item: Life Orb\n|\n|upkeep\n|inactive|mes05765 has 120 seconds left.\n|\n|t:|1782827408\n|switch|p2a: Rayquaza|Rayquaza, L72|270/270\n|-ability|p2a: Rayquaza|Air Lock\n|turn|4\n|\n|t:|1782827415\n|move|p2a: Rayquaza|Extreme Speed|p1a: Iron Valiant\n|-crit|p1a: Iron Valiant\n|-damage|p1a: Iron Valiant|0 fnt\n|faint|p1a: Iron Valiant\n|-end|p1a: Iron Valiant|Quark Drive|[silent]\n|\n|upkeep\n|\n|t:|1782827415\n|switch|p1a: Kyurem|Kyurem, L77|319/319\n|-ability|p1a: Kyurem|Pressure\n|turn|5\n|inactive|mes05765 has 120 seconds left.\n|\n|t:|1782827430\n|-terastallize|p1a: Kyurem|Ground\n|-terastallize|p2a: Rayquaza|Normal\n|move|p2a: Rayquaza|Extreme Speed|p1a: Kyurem\n|-damage|p1a: Kyurem|174/319\n|move|p1a: Kyurem|Dragon Dance|p1a: Kyurem\n|-boost|p1a: Kyurem|atk|1\n|-boost|p1a: Kyurem|spe|1\n|\n|upkeep\n|turn|6\n|inactive|mes05765 has 120 seconds left.\n|\n|t:|1782827438\n|move|p2a: Rayquaza|Extreme Speed|p1a: Kyurem\n|-damage|p1a: Kyurem|33/319\n|move|p1a: Kyurem|Icicle Spear|p2a: Rayquaza\n|-damage|p2a: Rayquaza|224/270\n|-damage|p2a: Rayquaza|175/270\n|-damage|p2a: Rayquaza|126/270\n|-damage|p2a: Rayquaza|81/270\n|-hitcount|p2a: Rayquaza|4\n|\n|upkeep\n|turn|7\n|\n|t:|1782827447\n|move|p2a: Rayquaza|Extreme Speed|p1a: Kyurem\n|-damage|p1a: Kyurem|0 fnt\n|faint|p1a: Kyurem\n|\n|upkeep\n|\n|t:|1782827447\n|switch|p1a: Arceus|Arceus-Water, L71|288/288\n|turn|8\n|\n|t:|1782827457\n|move|p2a: Rayquaza|Extreme Speed|p1a: Arceus\n|-damage|p1a: Arceus|162/288\n|move|p1a: Arceus|Calm Mind|p1a: Arceus\n|-boost|p1a: Arceus|spa|1\n|-boost|p1a: Arceus|spd|1\n|\n|upkeep\n|turn|9\n|\n|t:|1782827464\n|move|p1a: Arceus|Recover|p1a: Arceus\n|-heal|p1a: Arceus|288/288\n|-activate|p2a: Rayquaza|move: Struggle\n|move|p2a: Rayquaza|Struggle|p1a: Arceus\n|-damage|p1a: Arceus|236/288\n|-damage|p2a: Rayquaza|13/270|[from] recoil\n|\n|upkeep\n|turn|10\n|\n|t:|1782827473\n|move|p1a: Arceus|Judgment|p2a: Rayquaza\n|-damage|p2a: Rayquaza|0 fnt\n|faint|p2a: Rayquaza\n|\n|upkeep\n|\n|t:|1782827488\n|switch|p2a: Lokix|Lokix, L82, M|251/251\n|turn|11\n|\n|t:|1782827497\n|move|p1a: Arceus|Judgment|p2a: Lokix\n|-damage|p2a: Lokix|0 fnt\n|faint|p2a: Lokix\n|\n|upkeep\n|\n|t:|1782827509\n|switch|p2a: Basculegion|Basculegion-F, L83, F|335/335\n|turn|12\n|\n|t:|1782827513\n|move|p1a: Arceus|Calm Mind|p1a: Arceus\n|-boost|p1a: Arceus|spa|1\n|-boost|p1a: Arceus|spd|1\n|move|p2a: Basculegion|Shadow Ball|p1a: Arceus\n|-damage|p1a: Arceus|180/288\n|-unboost|p1a: Arceus|spd|1\n|\n|upkeep\n|turn|13\n|\n|t:|1782827520\n|move|p1a: Arceus|Will-O-Wisp|p2a: Basculegion\n|-status|p2a: Basculegion|brn\n|move|p2a: Basculegion|Shadow Ball|p1a: Arceus\n|-damage|p1a: Arceus|106/288\n|\n|-damage|p2a: Basculegion|315/335 brn|[from] brn\n|upkeep\n|turn|14\n|\n|t:|1782827527\n|move|p1a: Arceus|Recover|p1a: Arceus\n|-heal|p1a: Arceus|250/288\n|move|p2a: Basculegion|Shadow Ball|p1a: Arceus\n|-crit|p1a: Arceus\n|-damage|p1a: Arceus|92/288\n|\n|-damage|p2a: Basculegion|295/335 brn|[from] brn\n|upkeep\n|turn|15\n|\n|t:|1782827534\n|move|p1a: Arceus|Recover|p1a: Arceus\n|-heal|p1a: Arceus|236/288\n|move|p2a: Basculegion|Shadow Ball|p1a: Arceus\n|-damage|p1a: Arceus|166/288\n|\n|-damage|p2a: Basculegion|275/335 brn|[from] brn\n|upkeep\n|turn|16\n|\n|t:|1782827541\n|move|p1a: Arceus|Recover|p1a: Arceus\n|-heal|p1a: Arceus|288/288\n|move|p2a: Basculegion|Shadow Ball|p1a: Arceus\n|-damage|p1a: Arceus|220/288\n|\n|-damage|p2a: Basculegion|255/335 brn|[from] brn\n|upkeep\n|turn|17\n|\n|t:|1782827547\n|move|p1a: Arceus|Recover|p1a: Arceus\n|-heal|p1a: Arceus|288/288\n|move|p2a: Basculegion|Shadow Ball|p1a: Arceus\n|-damage|p1a: Arceus|218/288\n|\n|-damage|p2a: Basculegion|235/335 brn|[from] brn\n|upkeep\n|turn|18\n|\n|t:|1782827554\n|move|p1a: Arceus|Recover|p1a: Arceus\n|-heal|p1a: Arceus|288/288\n|move|p2a: Basculegion|Shadow Ball|p1a: Arceus\n|-damage|p1a: Arceus|218/288\n|\n|-damage|p2a: Basculegion|215/335 brn|[from] brn\n|upkeep\n|turn|19\n|\n|t:|1782827561\n|move|p1a: Arceus|Recover|p1a: Arceus\n|-heal|p1a: Arceus|288/288\n|move|p2a: Basculegion|Shadow Ball|p1a: Arceus\n|-damage|p1a: Arceus|218/288\n|\n|-damage|p2a: Basculegion|195/335 brn|[from] brn\n|upkeep\n|turn|20\n|\n|t:|1782827568\n|move|p1a: Arceus|Recover|p1a: Arceus\n|-heal|p1a: Arceus|288/288\n|move|p2a: Basculegion|Shadow Ball|p1a: Arceus\n|-damage|p1a: Arceus|218/288\n|\n|-damage|p2a: Basculegion|175/335 brn|[from] brn\n|upkeep\n|turn|21\n|\n|t:|1782827575\n|move|p1a: Arceus|Calm Mind|p1a: Arceus\n|-boost|p1a: Arceus|spa|1\n|-boost|p1a: Arceus|spd|1\n|move|p2a: Basculegion|Shadow Ball|p1a: Arceus\n|-damage|p1a: Arceus|160/288\n|\n|-damage|p2a: Basculegion|155/335 brn|[from] brn\n|upkeep\n|turn|22\n|\n|t:|1782827582\n|move|p1a: Arceus|Calm Mind|p1a: Arceus\n|-boost|p1a: Arceus|spa|1\n|-boost|p1a: Arceus|spd|1\n|move|p2a: Basculegion|Shadow Ball|p1a: Arceus\n|-crit|p1a: Arceus\n|-damage|p1a: Arceus|10/288\n|\n|-damage|p2a: Basculegion|135/335 brn|[from] brn\n|upkeep\n|turn|23\n|\n|t:|1782827589\n|move|p1a: Arceus|Calm Mind|p1a: Arceus\n|-boost|p1a: Arceus|spa|1\n|-boost|p1a: Arceus|spd|1\n|move|p2a: Basculegion|Shadow Ball|p1a: Arceus\n|-damage|p1a: Arceus|0 fnt\n|faint|p1a: Arceus\n|\n|-damage|p2a: Basculegion|115/335 brn|[from] brn\n|upkeep\n|\n|t:|1782827590\n|switch|p1a: Greninja|Greninja, L80, M|246/246\n|turn|24\n|\n|t:|1782827608\n|move|p1a: Greninja|Hydro Pump|p2a: Basculegion|[miss]\n|-start|p1a: Greninja|typechange|Water|[from] ability: Protean\n|-miss|p1a: Greninja|p2a: Basculegion\n|move|p2a: Basculegion|Flip Turn|p1a: Greninja\n|-resisted|p1a: Greninja\n|-damage|p1a: Greninja|220/246\n|\n|t:|1782827621\n|switch|p2a: Meowstic|Meowstic, L89, M|277/277|[from] Flip Turn\n|\n|upkeep\n|turn|25\n|\n|t:|1782827634\n|move|p2a: Meowstic|Light Screen|p2a: Meowstic\n|-sidestart|p2: mes05765|move: Light Screen\n|move|p1a: Greninja|Hydro Pump|p2a: Meowstic|[miss]\n|-miss|p1a: Greninja|p2a: Meowstic\n|\n|upkeep\n|turn|26\n|\n|t:|1782827647\n|move|p1a: Greninja|Hydro Pump|p2a: Meowstic\n|-damage|p2a: Meowstic|208/277\n|-damage|p1a: Greninja|196/246|[from] item: Life Orb\n|move|p2a: Meowstic|Alluring Voice|p1a: Greninja\n|-damage|p1a: Greninja|131/246\n|\n|upkeep\n|turn|27\n|\n|t:|1782827656\n|move|p1a: Greninja|Hydro Pump|p2a: Meowstic\n|-damage|p2a: Meowstic|137/277\n|-damage|p1a: Greninja|107/246|[from] item: Life Orb\n|move|p2a: Meowstic|Alluring Voice|p1a: Greninja\n|-damage|p1a: Greninja|34/246\n|\n|upkeep\n|turn|28\n|\n|t:|1782827675\n|move|p1a: Greninja|Hydro Pump|p2a: Meowstic\n|-damage|p2a: Meowstic|57/277\n|-damage|p1a: Greninja|10/246|[from] item: Life Orb\n|move|p2a: Meowstic|Alluring Voice|p1a: Greninja\n|-damage|p1a: Greninja|0 fnt\n|faint|p1a: Greninja\n|\n|upkeep\n|\n|t:|1782827675\n|switch|p1a: Toucannon|Toucannon, L88, M|284/284\n|turn|29\n|\n|t:|1782827687\n|-singleturn|p1a: Toucannon|move: Beak Blast\n|move|p2a: Meowstic|Reflect|p2a: Meowstic\n|-sidestart|p2: mes05765|Reflect\n|move|p1a: Toucannon|Beak Blast|p2a: Meowstic\n|-crit|p2a: Meowstic\n|-damage|p2a: Meowstic|0 fnt\n|faint|p2a: Meowstic\n|\n|upkeep\n|\n|t:|1782827706\n|switch|p2a: Typhlosion|Typhlosion-Hisui, L83, F|257/257\n|turn|30\n|\n|t:|1782827711\n|move|p2a: Typhlosion|Calm Mind|p2a: Typhlosion\n|-boost|p2a: Typhlosion|spa|1\n|-boost|p2a: Typhlosion|spd|1\n|move|p1a: Toucannon|Knock Off|p2a: Typhlosion\n|-supereffective|p2a: Typhlosion\n|-damage|p2a: Typhlosion|164/257\n|-enditem|p2a: Typhlosion|Heavy-Duty Boots|[from] move: Knock Off|[of] p1a: Toucannon\n|\n|upkeep\n|turn|31\n|\n|t:|1782827721\n|-singleturn|p1a: Toucannon|move: Beak Blast\n|move|p2a: Typhlosion|Fire Blast|p1a: Toucannon\n|-damage|p1a: Toucannon|77/284\n|-status|p1a: Toucannon|brn\n|move|p1a: Toucannon|Beak Blast|p2a: Typhlosion\n|-damage|p2a: Typhlosion|129/257\n|\n|-damage|p1a: Toucannon|60/284 brn|[from] brn\n|upkeep\n|turn|32\n|\n|t:|1782827731\n|move|p2a: Typhlosion|Fire Blast|p1a: Toucannon|[miss]\n|-miss|p2a: Typhlosion|p1a: Toucannon\n|move|p1a: Toucannon|Roost|p1a: Toucannon\n|-heal|p1a: Toucannon|202/284 brn\n|-singleturn|p1a: Toucannon|move: Roost\n|\n|-damage|p1a: Toucannon|185/284 brn|[from] brn\n|-sideend|p2: mes05765|move: Light Screen\n|upkeep\n|turn|33\n|\n|t:|1782827740\n|-singleturn|p1a: Toucannon|move: Beak Blast\n|move|p2a: Typhlosion|Fire Blast|p1a: Toucannon\n|-damage|p1a: Toucannon|0 fnt\n|faint|p1a: Toucannon\n|\n|upkeep\n|\n|t:|1782827741\n|switch|p1a: Sandy Shocks|Sandy Shocks, L80|267/267\n|turn|34\n|\n|t:|1782827752\n|move|p1a: Sandy Shocks|Earth Power|p2a: Typhlosion\n|-supereffective|p2a: Typhlosion\n|-damage|p2a: Typhlosion|0 fnt\n|faint|p2a: Typhlosion\n|\n|upkeep\n|\n|t:|1782827759\n|switch|p2a: Basculegion|Basculegion-F, L83, F|115/335 brn\n|turn|35\n|\n|t:|1782827767\n|move|p1a: Sandy Shocks|Thunderbolt|p2a: Basculegion\n|-supereffective|p2a: Basculegion\n|-crit|p2a: Basculegion\n|-damage|p2a: Basculegion|0 fnt\n|faint|p2a: Basculegion\n|\n|win|testbotcif\n|raw|testbotcif's rating: 1268 &rarr; <strong>1290</strong><br />(+22 for winning)\n|raw|mes05765's rating: 1224 &rarr; <strong>1202</strong><br />(-22 for losing)\n", "inputlog": ">version f8ac14003a5f27e1bdc8d8c59608a773c1cb96e5\n>start {\"formatid\":\"gen9randombattle\",\"seed\":\"sodium,2f8d63b1ba5ebece6404e64e7bc37d94\",\"rated\":\"Rated battle\"}\n>player p1 {\"name\":\"testbotcif\",\"avatar\":\"266\",\"rating\":1268,\"seed\":\"sodium,49bd6e4b181f40d955471a3ff2f16ea3\"}\n>player p2 {\"name\":\"mes05765\",\"avatar\":\"101\",\"rating\":1224,\"seed\":\"sodium,b2777e67c39423de47430a81d7ca7b06\"}\n>chat \u2606testbotcif|rlhf\n>p1 move beakblast\n>p2 switch 3\n>p1 switch 2\n>p2 move shellsmash\n>p1 move closecombat\n>p2 move liquidation\n>p2 switch 6\n>p1 move moonblast\n>p2 move extremespeed\n>p1 switch 3\n>p1 move dragondance terastallize\n>p2 move extremespeed terastallize\n>p1 move iciclespear\n>p2 move extremespeed\n>p1 move iciclespear\n>p2 move extremespeed\n>p1 switch 4\n>p1 move calmmind\n>p2 move extremespeed\n>p1 move recover\n>p2 move struggle\n>p1 move judgment\n>p2 move struggle\n>p2 switch 3\n>p1 move judgment\n>p2 move knockoff\n>p2 switch 4\n>p1 move calmmind\n>p2 move shadowball\n>p1 move willowisp\n>p2 move shadowball\n>p1 move recover\n>p2 move shadowball\n>p1 move recover\n>p2 move shadowball\n>p1 move recover\n>p2 move shadowball\n>p1 move recover\n>p2 move shadowball\n>p1 move recover\n>p2 move shadowball\n>p1 move recover\n>p2 move shadowball\n>p1 move recover\n>p2 move shadowball\n>p1 move calmmind\n>p2 move shadowball\n>p1 move calmmind\n>p2 move shadowball\n>p1 move calmmind\n>p2 move shadowball\n>p1 switch 6\n>p1 move hydropump\n>p2 move flipturn\n>p2 switch 5\n>p1 move hydropump\n>p2 move lightscreen\n>p1 move hydropump\n>p2 move alluringvoice\n>p1 move hydropump\n>p2 move alluringvoice\n>p1 move hydropump\n>p2 move alluringvoice\n>p1 switch 2\n>p1 move beakblast\n>p2 move reflect\n>p2 switch 2\n>p1 move knockoff\n>p2 move calmmind\n>p1 move beakblast\n>p2 move fireblast\n>p1 move roost\n>p2 move fireblast\n>p1 move beakblast\n>p2 move fireblast\n>p1 switch 5\n>p1 move earthpower\n>p2 move fireblast\n>p2 switch 5\n>p1 move thunderbolt\n>p2 move hydropump", "uploadtime": 1782827767, "views": 5, "formatid": "gen9randombattle", "rating": 1202, "private": 0, "password": null, "player_dets": [{"name": "testbotcif", "avatar": "266", "rating": 1268, "seed": "sodium,49bd6e4b181f40d955471a3ff2f16ea3"}, {"name": "mes05765", "avatar": "101", "rating": 1224, "seed": "sodium,b2777e67c39423de47430a81d7ca7b06"}], "teams_full": [{"Toucannon": {"name": "Toucannon", "species": "Toucannon", "speciesId": "toucannon", "gender": "M", "shiny": false, "level": 88, "moves": ["roost", "boomburst", "knockoff", "beakblast"], "ability": "Keen Eye", "evs": {"hp": 85, "atk": 85, "def": 85, "spa": 85, "spd": 85, "spe": 85}, "ivs": {"hp": 31, "atk": 31, "def": 31, "spa": 31, "spd": 31, "spe": 31}, "item": "Heavy-Duty Boots", "teraType": "Steel", "role": "Bulky Support", "bvs": {"hp": 80, "atk": 120, "def": 75, "spa": 75, "spd": 75, "spe": 60}, "stats": {"hp": 284, "atk": 261, "def": 182, "spa": 182, "spd": 182, "spe": 156}, "types": ["Normal", "Flying"]}, "Iron Valiant": {"name": "Iron Valiant", "species": "Iron Valiant", "speciesId": "ironvaliant", "gender": "N", "shiny": false, "level": 78, "moves": ["moonblast", "encore", "knockoff", "closecombat"], "ability": "Quark Drive", "evs": {"hp": 85, "atk": 85, "def": 85, "spa": 85, "spd": 85, "spe": 85}, "ivs": {"hp": 31, "atk": 31, "def": 31, "spa": 31, "spd": 31, "spe": 31}, "item": "Life Orb", "teraType": "Fighting", "role": "Wallbreaker", "bvs": {"hp": 74, "atk": 130, "def": 90, "spa": 120, "spd": 60, "spe": 116}, "stats": {"hp": 244, "atk": 248, "def": 185, "spa": 232, "spd": 139, "spe": 226}, "types": ["Fairy", "Fighting"]}, "Kyurem": {"name": "Kyurem", "species": "Kyurem", "speciesId": "kyurem", "gender": "N", "shiny": false, "level": 77, "moves": ["dragondance", "terablast", "scaleshot", "iciclespear"], "ability": "Pressure", "evs": {"hp": 85, "atk": 85, "def": 85, "spa": 85, "spd": 85, "spe": 85}, "ivs": {"hp": 31, "atk": 31, "def": 31, "spa": 31, "spd": 31, "spe": 31}, "item": "Loaded Dice", "teraType": "Ground", "role": "Tera Blast user", "bvs": {"hp": 125, "atk": 130, "def": 90, "spa": 130, "spd": 90, "spe": 95}, "stats": {"hp": 319, "atk": 245, "def": 183, "spa": 245, "spd": 183, "spe": 191}, "types": ["Dragon", "Ice"]}, "Arceus": {"name": "Arceus", "species": "Arceus-Water", "speciesId": "arceuswater", "gender": "N", "shiny": false, "level": 71, "moves": ["calmmind", "willowisp", "recover", "judgment"], "ability": "Multitype", "evs": {"hp": 85, "atk": 0, "def": 85, "spa": 85, "spd": 85, "spe": 85}, "ivs": {"hp": 31, "atk": 0, "def": 31, "spa": 31, "spd": 31, "spe": 31}, "item": "Splash Plate", "teraType": "Steel", "role": "Bulky Support", "bvs": {"hp": 120, "atk": 120, "def": 120, "spa": 120, "spd": 120, "spe": 120}, "stats": {"hp": 288, "atk": 175, "def": 212, "spa": 212, "spd": 212, "spe": 212}, "types": ["Water"]}, "Sandy Shocks": {"name": "Sandy Shocks", "species": "Sandy Shocks", "speciesId": "sandyshocks", "gender": "N", "shiny": false, "level": 80, "moves": ["earthpower", "stealthrock", "thunderbolt", "spikes"], "ability": "Protosynthesis", "evs": {"hp": 85, "atk": 0, "def": 85, "spa": 85, "spd": 85, "spe": 85}, "ivs": {"hp": 31, "atk": 0, "def": 31, "spa": 31, "spd": 31, "spe": 31}, "item": "Leftovers", "teraType": "Electric", "role": "Fast Support", "bvs": {"hp": 85, "atk": 81, "def": 97, "spa": 121, "spd": 85, "spe": 101}, "stats": {"hp": 267, "atk": 134, "def": 201, "spa": 240, "spd": 182, "spe": 208}, "types": ["Electric", "Ground"]}, "Greninja": {"name": "Greninja", "species": "Greninja", "speciesId": "greninja", "gender": "M", "shiny": false, "level": 80, "moves": ["spikes", "uturn", "gunkshot", "hydropump"], "ability": "Protean", "evs": {"hp": 85, "atk": 85, "def": 85, "spa": 85, "spd": 85, "spe": 85}, "ivs": {"hp": 31, "atk": 31, "def": 31, "spa": 31, "spd": 31, "spe": 31}, "item": "Life Orb", "teraType": "Poison", "role": "Wallbreaker", "bvs": {"hp": 72, "atk": 95, "def": 67, "spa": 103, "spd": 71, "spe": 122}, "stats": {"hp": 246, "atk": 198, "def": 153, "spa": 211, "spd": 160, "spe": 241}, "types": ["Water", "Dark"]}}, {"Lokix": {"name": "Lokix", "species": "Lokix", "speciesId": "lokix", "gender": "M", "shiny": false, "level": 82, "moves": ["knockoff", "leechlife", "swordsdance", "suckerpunch"], "ability": "Tinted Lens", "evs": {"hp": 85, "atk": 85, "def": 85, "spa": 85, "spd": 85, "spe": 85}, "ivs": {"hp": 31, "atk": 31, "def": 31, "spa": 31, "spd": 31, "spe": 31}, "item": "Life Orb", "teraType": "Dark", "role": "Setup Sweeper", "bvs": {"hp": 71, "atk": 102, "def": 78, "spa": 52, "spd": 55, "spe": 92}, "stats": {"hp": 251, "atk": 214, "def": 175, "spa": 132, "spd": 137, "spe": 198}, "types": ["Bug", "Dark"]}, "Typhlosion": {"name": "Typhlosion", "species": "Typhlosion-Hisui", "speciesId": "typhlosionhisui", "gender": "F", "shiny": false, "level": 83, "moves": ["shadowball", "calmmind", "focusblast", "fireblast"], "ability": "Blaze", "evs": {"hp": 85, "atk": 0, "def": 85, "spa": 85, "spd": 85, "spe": 85}, "ivs": {"hp": 31, "atk": 0, "def": 31, "spa": 31, "spd": 31, "spe": 31}, "item": "Heavy-Duty Boots", "teraType": "Fighting", "role": "Fast Bulky Setup", "bvs": {"hp": 73, "atk": 84, "def": 78, "spa": 119, "spd": 85, "spe": 95}, "stats": {"hp": 257, "atk": 144, "def": 177, "spa": 245, "spd": 189, "spe": 205}, "types": ["Fire", "Ghost"]}, "Drednaw": {"name": "Drednaw", "species": "Drednaw", "speciesId": "drednaw", "gender": "F", "shiny": false, "level": 81, "moves": ["stoneedge", "liquidation", "crunch", "shellsmash"], "ability": "Strong Jaw", "evs": {"hp": 85, "atk": 85, "def": 85, "spa": 85, "spd": 85, "spe": 85}, "ivs": {"hp": 31, "atk": 31, "def": 31, "spa": 31, "spd": 31, "spe": 31}, "item": "White Herb", "teraType": "Dark", "role": "Setup Sweeper", "bvs": {"hp": 90, "atk": 115, "def": 90, "spa": 48, "spd": 68, "spe": 74}, "stats": {"hp": 278, "atk": 233, "def": 192, "spa": 124, "spd": 157, "spe": 167}, "types": ["Water", "Rock"]}, "Basculegion": {"name": "Basculegion", "species": "Basculegion-F", "speciesId": "basculegionf", "gender": "F", "shiny": false, "level": 83, "moves": ["flipturn", "hydropump", "shadowball", "wavecrash"], "ability": "Adaptability", "evs": {"hp": 85, "atk": 85, "def": 85, "spa": 85, "spd": 85, "spe": 85}, "ivs": {"hp": 31, "atk": 31, "def": 31, "spa": 31, "spd": 31, "spe": 31}, "item": "Assault Vest", "teraType": "Water", "role": "AV Pivot", "bvs": {"hp": 120, "atk": 92, "def": 65, "spa": 100, "spd": 75, "spe": 78}, "stats": {"hp": 335, "atk": 200, "def": 156, "spa": 214, "spd": 172, "spe": 177}, "types": ["Water", "Ghost"]}, "Meowstic": {"name": "Meowstic", "species": "Meowstic", "speciesId": "meowstic", "gender": "M", "shiny": false, "level": 89, "moves": ["psychicnoise", "alluringvoice", "reflect", "lightscreen"], "ability": "Prankster", "evs": {"hp": 85, "atk": 0, "def": 85, "spa": 85, "spd": 85, "spe": 85}, "ivs": {"hp": 31, "atk": 0, "def": 31, "spa": 31, "spd": 31, "spe": 31}, "item": "Light Clay", "teraType": "Fairy", "role": "Bulky Support", "bvs": {"hp": 74, "atk": 48, "def": 76, "spa": 83, "spd": 81, "spe": 104}, "stats": {"hp": 277, "atk": 90, "def": 186, "spa": 199, "spd": 195, "spe": 236}, "types": ["Psychic"]}, "Rayquaza": {"name": "Rayquaza", "species": "Rayquaza", "speciesId": "rayquaza", "gender": "N", "shiny": false, "level": 72, "moves": ["extremespeed", "uturn", "earthquake", "dragonascent"], "ability": "Air Lock", "evs": {"hp": 85, "atk": 85, "def": 85, "spa": 85, "spd": 85, "spe": 85}, "ivs": {"hp": 31, "atk": 31, "def": 31, "spa": 31, "spd": 31, "spe": 31}, "item": "Choice Band", "teraType": "Normal", "role": "Fast Attacker", "bvs": {"hp": 105, "atk": 150, "def": 90, "spa": 150, "spd": 90, "spe": 95}, "stats": {"hp": 270, "atk": 258, "def": 172, "spa": 258, "spd": 172, "spe": 179}, "types": ["Dragon", "Flying"]}}]}