{"id": "gen9randombattle-2641496615", "format": "[Gen 9] Random Battle", "players": ["zongshi", "Sagemod3"], "log": "|j|\u2606zongshi\n|j|\u2606Sagemod3\n|t:|1782794617\n|gametype|singles\n|player|p1|zongshi|hugh|1375\n|player|p2|Sagemod3|pokemaniac|1411\n|gen|9\n|tier|[Gen 9] Random Battle\n|rated|\n|rule|Species Clause: Limit one of each Pok\u00e9mon\n|rule|HP Percentage Mod: HP is shown in percentages\n|rule|Sleep Clause Mod: Limit one foe put to sleep\n|rule|Illusion Level Mod: Illusion disguises the Pok\u00e9mon's true level\n|\n|t:|1782794617\n|teamsize|p1|6\n|teamsize|p2|6\n|start\n|switch|p1a: Dragonite|Dragonite, L74, M|257/257\n|switch|p2a: Smeargle|Smeargle, L95, M|258/258\n|turn|1\n|inactive|Battle timer is ON: inactive players will automatically lose when time's up. (requested by zongshi)\n|\n|t:|1782794630\n|move|p2a: Smeargle|Spore|p1a: Dragonite\n|-status|p1a: Dragonite|slp|[from] move: Spore\n|cant|p1a: Dragonite|slp\n|\n|upkeep\n|turn|2\n|\n|t:|1782794654\n|switch|p1a: Tentacruel|Tentacruel, L84, M|272/272\n|move|p2a: Smeargle|Shell Smash|p2a: Smeargle\n|-unboost|p2a: Smeargle|def|1\n|-unboost|p2a: Smeargle|spd|1\n|-boost|p2a: Smeargle|atk|2\n|-boost|p2a: Smeargle|spa|2\n|-boost|p2a: Smeargle|spe|2\n|\n|upkeep\n|turn|3\n|\n|t:|1782794666\n|move|p2a: Smeargle|Power Trip|p1a: Tentacruel\n|-damage|p1a: Tentacruel|147/272\n|move|p1a: Tentacruel|Haze|p1a: Tentacruel\n|-clearallboost\n|\n|-heal|p1a: Tentacruel|164/272|[from] item: Leftovers\n|upkeep\n|turn|4\n|\n|t:|1782794682\n|switch|p2a: Iron Crown|Iron Crown, L78|268/268\n|move|p1a: Tentacruel|Surf|p2a: Iron Crown\n|-damage|p2a: Iron Crown|199/268\n|\n|-heal|p1a: Tentacruel|181/272|[from] item: Leftovers\n|upkeep\n|turn|5\n|\n|t:|1782794695\n|switch|p1a: Palossand|Palossand, L89, M|296/296\n|move|p2a: Iron Crown|Psyshock|p1a: Palossand\n|-damage|p1a: Palossand|187/296\n|\n|-heal|p1a: Palossand|205/296|[from] item: Leftovers\n|upkeep\n|turn|6\n|\n|t:|1782794711\n|move|p2a: Iron Crown|Psyshock|p1a: Palossand\n|-damage|p1a: Palossand|94/296\n|move|p1a: Palossand|Shadow Ball|p2a: Iron Crown\n|-supereffective|p2a: Iron Crown\n|-damage|p2a: Iron Crown|23/268\n|\n|-heal|p1a: Palossand|112/296|[from] item: Leftovers\n|upkeep\n|turn|7\n|\n|t:|1782794733\n|move|p2a: Iron Crown|Psyshock|p1a: Palossand\n|-damage|p1a: Palossand|0 fnt\n|faint|p1a: Palossand\n|\n|upkeep\n|\n|t:|1782794741\n|switch|p1a: Zebstrika|Zebstrika, L87, M|272/272\n|turn|8\n|\n|t:|1782794757\n|move|p1a: Zebstrika|High Horsepower|p2a: Iron Crown\n|-supereffective|p2a: Iron Crown\n|-damage|p2a: Iron Crown|0 fnt\n|faint|p2a: Iron Crown\n|-end|p2a: Iron Crown|Quark Drive|[silent]\n|-damage|p1a: Zebstrika|245/272|[from] item: Life Orb\n|\n|upkeep\n|\n|t:|1782794773\n|switch|p2a: Tinkaton|Tinkaton, L82, F|274/274\n|-ability|p2a: Tinkaton|Mold Breaker\n|turn|9\n|\n|t:|1782794788\n|move|p1a: Zebstrika|Overheat|p2a: Tinkaton\n|-supereffective|p2a: Tinkaton\n|-damage|p2a: Tinkaton|87/274\n|-unboost|p1a: Zebstrika|spa|2\n|-damage|p1a: Zebstrika|218/272|[from] item: Life Orb\n|move|p2a: Tinkaton|Stealth Rock|p1a: Zebstrika\n|-sidestart|p1: zongshi|move: Stealth Rock\n|\n|-heal|p2a: Tinkaton|104/274|[from] item: Leftovers\n|upkeep\n|turn|10\n|\n|t:|1782794802\n|move|p1a: Zebstrika|Volt Switch|p2a: Tinkaton\n|-damage|p2a: Tinkaton|64/274\n|-damage|p1a: Zebstrika|191/272|[from] item: Life Orb\n|\n|t:|1782794807\n|switch|p1a: Alomomola|Alomomola, L87, F|429/429|[from] Volt Switch\n|move|p2a: Tinkaton|Gigaton Hammer|p1a: Alomomola\n|-resisted|p1a: Alomomola\n|-damage|p1a: Alomomola|363/429\n|\n|-heal|p2a: Tinkaton|81/274|[from] item: Leftovers\n|upkeep\n|turn|11\n|\n|t:|1782794821\n|move|p2a: Tinkaton|Knock Off|p1a: Alomomola\n|-damage|p1a: Alomomola|311/429\n|-enditem|p1a: Alomomola|Heavy-Duty Boots|[from] move: Knock Off|[of] p2a: Tinkaton\n|move|p1a: Alomomola|Wish|p1a: Alomomola\n|\n|-heal|p2a: Tinkaton|98/274|[from] item: Leftovers\n|upkeep\n|turn|12\n|\n|t:|1782794835\n|move|p2a: Tinkaton|Play Rough|p1a: Alomomola\n|-damage|p1a: Alomomola|226/429\n|move|p1a: Alomomola|Flip Turn|p2a: Tinkaton\n|-damage|p2a: Tinkaton|38/274\n|\n|t:|1782794842\n|switch|p1a: Tentacruel|Tentacruel, L84, M|181/272|[from] Flip Turn\n|-damage|p1a: Tentacruel|147/272|[from] Stealth Rock\n|\n|-heal|p1a: Tentacruel|272/272|[from] move: Wish|[wisher] Alomomola\n|-heal|p2a: Tinkaton|55/274|[from] item: Leftovers\n|upkeep\n|turn|13\n|\n|t:|1782794853\n|move|p1a: Tentacruel|Rapid Spin|p2a: Tinkaton\n|-resisted|p2a: Tinkaton\n|-damage|p2a: Tinkaton|40/274\n|-boost|p1a: Tentacruel|spe|1\n|-sideend|p1: zongshi|Stealth Rock|[from] move: Rapid Spin|[of] p1a: Tentacruel\n|move|p2a: Tinkaton|Gigaton Hammer|p1a: Tentacruel\n|-resisted|p1a: Tentacruel\n|-damage|p1a: Tentacruel|185/272\n|\n|-heal|p1a: Tentacruel|202/272|[from] item: Leftovers\n|-heal|p2a: Tinkaton|57/274|[from] item: Leftovers\n|upkeep\n|turn|14\n|\n|t:|1782794869\n|move|p1a: Tentacruel|Surf|p2a: Tinkaton\n|-damage|p2a: Tinkaton|0 fnt\n|faint|p2a: Tinkaton\n|\n|-heal|p1a: Tentacruel|219/272|[from] item: Leftovers\n|upkeep\n|\n|t:|1782794879\n|switch|p2a: Illumise|Illumise, L91, F|266/266\n|turn|15\n|\n|t:|1782794885\n|move|p2a: Illumise|Thunder Wave|p1a: Tentacruel\n|-status|p1a: Tentacruel|par\n|move|p1a: Tentacruel|Sludge Bomb|p2a: Illumise\n|-damage|p2a: Illumise|187/266\n|\n|-heal|p1a: Tentacruel|236/272 par|[from] item: Leftovers\n|upkeep\n|turn|16\n|\n|t:|1782794903\n|switch|p1a: Dragonite|Dragonite, L74, M|257/257 slp\n|move|p2a: Illumise|Bug Buzz|p1a: Dragonite\n|-resisted|p1a: Dragonite\n|-damage|p1a: Dragonite|235/257 slp\n|\n|upkeep\n|turn|17\n|\n|t:|1782794911\n|move|p2a: Illumise|Roost|p2a: Illumise\n|-heal|p2a: Illumise|266/266\n|-singleturn|p2a: Illumise|move: Roost\n|-curestatus|p1a: Dragonite|slp|[msg]\n|move|p1a: Dragonite|Roost|p1a: Dragonite\n|-heal|p1a: Dragonite|257/257\n|-singleturn|p1a: Dragonite|move: Roost\n|\n|upkeep\n|turn|18\n|\n|t:|1782794920\n|move|p2a: Illumise|Thunder Wave|p1a: Dragonite\n|-status|p1a: Dragonite|par\n|move|p1a: Dragonite|Dragon Dance|p1a: Dragonite\n|-boost|p1a: Dragonite|atk|1\n|-boost|p1a: Dragonite|spe|1\n|\n|upkeep\n|turn|19\n|\n|t:|1782794932\n|switch|p2a: Cramorant|Cramorant, L86, F|261/261\n|move|p1a: Dragonite|Dragon Dance|p1a: Dragonite\n|-boost|p1a: Dragonite|atk|1\n|-boost|p1a: Dragonite|spe|1\n|\n|upkeep\n|turn|20\n|\n|t:|1782794942\n|move|p2a: Cramorant|Brave Bird|p1a: Dragonite\n|-damage|p1a: Dragonite|193/257 par\n|-damage|p2a: Cramorant|240/261|[from] Recoil\n|move|p1a: Dragonite|Dragon Dance|p1a: Dragonite\n|-boost|p1a: Dragonite|atk|1\n|-boost|p1a: Dragonite|spe|1\n|\n|upkeep\n|turn|21\n|\n|t:|1782794954\n|move|p1a: Dragonite|Outrage|p2a: Cramorant\n|-damage|p2a: Cramorant|0 fnt\n|faint|p2a: Cramorant\n|\n|upkeep\n|\n|t:|1782794961\n|switch|p2a: Braviary|Braviary, L85, M|309/309\n|turn|22\n|\n|t:|1782794966\n|move|p1a: Dragonite|Outrage|p2a: Braviary|[from] lockedmove\n|-damage|p2a: Braviary|0 fnt\n|faint|p2a: Braviary\n|-start|p1a: Dragonite|confusion|[fatigue]\n|\n|upkeep\n|\n|t:|1782794973\n|switch|p2a: Smeargle|Smeargle, L95, M|258/258\n|turn|23\n|\n|t:|1782794977\n|-activate|p1a: Dragonite|confusion\n|cant|p1a: Dragonite|par\n|move|p2a: Smeargle|Shell Smash|p2a: Smeargle\n|-unboost|p2a: Smeargle|def|1\n|-unboost|p2a: Smeargle|spd|1\n|-boost|p2a: Smeargle|atk|2\n|-boost|p2a: Smeargle|spa|2\n|-boost|p2a: Smeargle|spe|2\n|\n|upkeep\n|turn|24\n|\n|t:|1782794988\n|move|p2a: Smeargle|Power Trip|p1a: Dragonite\n|-damage|p1a: Dragonite|92/257 par\n|-activate|p1a: Dragonite|confusion\n|move|p1a: Dragonite|Outrage|p2a: Smeargle\n|-damage|p2a: Smeargle|0 fnt\n|faint|p2a: Smeargle\n|\n|upkeep\n|c|\u2606zongshi|gg\n|c|\u2606zongshi|fvv\n|\n|t:|1782795005\n|switch|p2a: Illumise|Illumise, L91, F|266/266\n|turn|25\n|\n|t:|1782795014\n|move|p2a: Illumise|Bug Buzz|p1a: Dragonite\n|-resisted|p1a: Dragonite\n|-damage|p1a: Dragonite|42/257 par\n|-activate|p1a: Dragonite|confusion\n|move|p1a: Dragonite|Outrage|p2a: Illumise|[from] lockedmove\n|-crit|p2a: Illumise\n|-damage|p2a: Illumise|0 fnt\n|faint|p2a: Illumise\n|\n|win|zongshi\n|raw|zongshi's rating: 1375 &rarr; <strong>1397</strong><br />(+22 for winning)\n|raw|Sagemod3's rating: 1411 &rarr; <strong>1389</strong><br />(-22 for losing)\n|l|\u2606Sagemod3\n|player|p2|\n", "inputlog": ">version f8ac14003a5f27e1bdc8d8c59608a773c1cb96e5\n>start {\"formatid\":\"gen9randombattle\",\"seed\":\"sodium,6b075747ec8b25ea8e9dc0227d059485\",\"rated\":\"Rated battle\"}\n>player p1 {\"name\":\"zongshi\",\"avatar\":\"hugh\",\"rating\":1375,\"seed\":\"sodium,f7b79f08279cd5d3985f7d85cda2d24d\"}\n>player p2 {\"name\":\"Sagemod3\",\"avatar\":\"pokemaniac\",\"rating\":1411,\"seed\":\"sodium,bbe599d5b15735d19ec51a92f44aa93d\"}\n>p1 move dragondance\n>p2 move spore\n>p1 switch 5\n>p2 move shellsmash\n>p1 move haze\n>p2 move powertrip\n>p1 move surf\n>p2 switch 2\n>p1 switch 2\n>p2 move psyshock\n>p1 move shadowball\n>p2 move psyshock\n>p1 move shadowball\n>p2 move psyshock\n>p1 switch 6\n>p1 move highhorsepower\n>p2 move psyshock\n>p2 switch 4\n>p1 move overheat\n>p2 move stealthrock\n>p1 move voltswitch\n>p2 move gigatonhammer\n>p1 switch 4\n>p1 move wish\n>p2 move knockoff\n>p1 move flipturn\n>p2 move playrough\n>p1 switch 2\n>p1 move rapidspin\n>p2 move gigatonhammer\n>p1 move surf\n>p2 move stealthrock\n>p2 switch 3\n>p1 move sludgebomb\n>p2 move thunderwave\n>p1 switch 5\n>p2 move bugbuzz\n>p1 move roost\n>p2 move roost\n>p1 move dragondance\n>p2 move thunderwave\n>p1 move dragondance\n>p2 switch 5\n>p1 move dragondance\n>p2 move bravebird\n>p1 move outrage\n>p2 move bravebird\n>p2 switch 6\n>p1 move outrage\n>p2 move bulkup\n>p2 switch 2\n>p1 move outrage\n>p2 move shellsmash\n>p1 move outrage\n>p2 move powertrip\n>chat \u2606zongshi|gg\n>chat \u2606zongshi|fvv\n>p2 switch 5\n>p1 move outrage\n>p2 move bugbuzz", "uploadtime": 1782795022, "views": 2, "formatid": "gen9randombattle", "rating": 1389, "private": 0, "password": null, "player_dets": [{"name": "zongshi", "avatar": "hugh", "rating": 1375, "seed": "sodium,f7b79f08279cd5d3985f7d85cda2d24d"}, {"name": "Sagemod3", "avatar": "pokemaniac", "rating": 1411, "seed": "sodium,bbe599d5b15735d19ec51a92f44aa93d"}], "teams_full": [{"Dragonite": {"name": "Dragonite", "species": "Dragonite", "speciesId": "dragonite", "gender": "M", "shiny": false, "level": 74, "moves": ["dragondance", "roost", "outrage", "earthquake"], "ability": "Multiscale", "evs": {"hp": 85, "atk": 85, "def": 85, "spa": 85, "spd": 85, "spe": 85}, "ivs": {"hp": 31, "atk": 31, "def": 31, "spa": 31, "spd": 31, "spe": 31}, "item": "Heavy-Duty Boots", "teraType": "Steel", "role": "Bulky Setup", "bvs": {"hp": 91, "atk": 134, "def": 95, "spa": 100, "spd": 100, "spe": 80}, "stats": {"hp": 257, "atk": 241, "def": 184, "spa": 191, "spd": 191, "spe": 161}, "types": ["Dragon", "Flying"]}, "Palossand": {"name": "Palossand", "species": "Palossand", "speciesId": "palossand", "gender": "M", "shiny": false, "level": 89, "moves": ["sludgebomb", "shoreup", "shadowball", "earthpower"], "ability": "Water Compaction", "evs": {"hp": 85, "atk": 0, "def": 85, "spa": 85, "spd": 85, "spe": 85}, "ivs": {"hp": 31, "atk": 0, "def": 31, "spa": 31, "spd": 31, "spe": 31}, "item": "Leftovers", "teraType": "Water", "role": "Bulky Support", "bvs": {"hp": 85, "atk": 75, "def": 110, "spa": 100, "spd": 75, "spe": 35}, "stats": {"hp": 296, "atk": 138, "def": 247, "spa": 229, "spd": 184, "spe": 113}, "types": ["Ghost", "Ground"]}, "Meloetta": {"name": "Meloetta", "species": "Meloetta", "speciesId": "meloetta", "gender": "N", "shiny": false, "level": 82, "moves": ["hypervoice", "psyshock", "calmmind", "focusblast"], "ability": "Serene Grace", "evs": {"hp": 85, "atk": 0, "def": 85, "spa": 85, "spd": 85, "spe": 85}, "ivs": {"hp": 31, "atk": 0, "def": 31, "spa": 31, "spd": 31, "spe": 31}, "item": "Leftovers", "teraType": "Normal", "role": "Bulky Attacker", "bvs": {"hp": 100, "atk": 77, "def": 77, "spa": 128, "spd": 128, "spe": 90}, "stats": {"hp": 298, "atk": 131, "def": 173, "spa": 257, "spd": 257, "spe": 195}, "types": ["Normal", "Psychic"]}, "Alomomola": {"name": "Alomomola", "species": "Alomomola", "speciesId": "alomomola", "gender": "F", "shiny": false, "level": 87, "moves": ["flipturn", "protect", "scald", "wish"], "ability": "Regenerator", "evs": {"hp": 85, "atk": 85, "def": 85, "spa": 85, "spd": 85, "spe": 85}, "ivs": {"hp": 31, "atk": 31, "def": 31, "spa": 31, "spd": 31, "spe": 31}, "item": "Heavy-Duty Boots", "teraType": "Poison", "role": "Fast Support", "bvs": {"hp": 165, "atk": 75, "def": 80, "spa": 40, "spd": 45, "spe": 65}, "stats": {"hp": 429, "atk": 180, "def": 189, "spa": 119, "spd": 128, "spe": 163}, "types": ["Water"]}, "Tentacruel": {"name": "Tentacruel", "species": "Tentacruel", "speciesId": "tentacruel", "gender": "M", "shiny": false, "level": 84, "moves": ["sludgebomb", "rapidspin", "haze", "surf"], "ability": "Liquid Ooze", "evs": {"hp": 85, "atk": 85, "def": 85, "spa": 85, "spd": 85, "spe": 85}, "ivs": {"hp": 31, "atk": 31, "def": 31, "spa": 31, "spd": 31, "spe": 31}, "item": "Leftovers", "teraType": "Grass", "role": "Bulky Support", "bvs": {"hp": 80, "atk": 70, "def": 65, "spa": 80, "spd": 120, "spe": 100}, "stats": {"hp": 272, "atk": 166, "def": 157, "spa": 183, "spd": 250, "spe": 216}, "types": ["Water", "Poison"]}, "Zebstrika": {"name": "Zebstrika", "species": "Zebstrika", "speciesId": "zebstrika", "gender": "M", "shiny": false, "level": 87, "moves": ["supercellslam", "overheat", "voltswitch", "highhorsepower"], "ability": "Sap Sipper", "evs": {"hp": 85, "atk": 85, "def": 85, "spa": 85, "spd": 85, "spe": 85}, "ivs": {"hp": 31, "atk": 31, "def": 31, "spa": 31, "spd": 31, "spe": 31}, "item": "Life Orb", "teraType": "Ground", "role": "Fast Attacker", "bvs": {"hp": 75, "atk": 100, "def": 63, "spa": 80, "spd": 63, "spe": 116}, "stats": {"hp": 272, "atk": 224, "def": 159, "spa": 189, "spd": 159, "spe": 252}, "types": ["Electric"]}}, {"Smeargle": {"name": "Smeargle", "species": "Smeargle", "speciesId": "smeargle", "gender": "M", "shiny": false, "level": 95, "moves": ["shellsmash", "spore", "powertrip", "populationbomb"], "ability": "Technician", "evs": {"hp": 85, "atk": 85, "def": 85, "spa": 85, "spd": 85, "spe": 85}, "ivs": {"hp": 31, "atk": 31, "def": 31, "spa": 31, "spd": 31, "spe": 31}, "item": "Wide Lens", "teraType": "Ghost", "role": "Setup Sweeper", "bvs": {"hp": 55, "atk": 20, "def": 35, "spa": 20, "spd": 45, "spe": 75}, "stats": {"hp": 258, "atk": 92, "def": 120, "spa": 92, "spd": 139, "spe": 196}, "types": ["Normal"]}, "Iron Crown": {"name": "Iron Crown", "species": "Iron Crown", "speciesId": "ironcrown", "gender": "N", "shiny": false, "level": 78, "moves": ["voltswitch", "tachyoncutter", "focusblast", "psyshock"], "ability": "Quark Drive", "evs": {"hp": 85, "atk": 0, "def": 85, "spa": 85, "spd": 85, "spe": 85}, "ivs": {"hp": 31, "atk": 0, "def": 31, "spa": 31, "spd": 31, "spe": 31}, "item": "Choice Specs", "teraType": "Fighting", "role": "Wallbreaker", "bvs": {"hp": 90, "atk": 72, "def": 100, "spa": 122, "spd": 108, "spe": 98}, "stats": {"hp": 268, "atk": 117, "def": 201, "spa": 235, "spd": 214, "spe": 198}, "types": ["Steel", "Psychic"]}, "Illumise": {"name": "Illumise", "species": "Illumise", "speciesId": "illumise", "gender": "F", "shiny": false, "level": 91, "moves": ["thunderwave", "encore", "bugbuzz", "roost"], "ability": "Prankster", "evs": {"hp": 85, "atk": 0, "def": 85, "spa": 85, "spd": 85, "spe": 85}, "ivs": {"hp": 31, "atk": 0, "def": 31, "spa": 31, "spd": 31, "spe": 31}, "item": "Heavy-Duty Boots", "teraType": "Steel", "role": "Bulky Support", "bvs": {"hp": 65, "atk": 47, "def": 75, "spa": 73, "spd": 85, "spe": 85}, "stats": {"hp": 266, "atk": 90, "def": 188, "spa": 185, "spd": 207, "spe": 207}, "types": ["Bug"]}, "Tinkaton": {"name": "Tinkaton", "species": "Tinkaton", "speciesId": "tinkaton", "gender": "F", "shiny": false, "level": 82, "moves": ["knockoff", "playrough", "stealthrock", "gigatonhammer"], "ability": "Mold Breaker", "evs": {"hp": 85, "atk": 85, "def": 85, "spa": 85, "spd": 85, "spe": 85}, "ivs": {"hp": 31, "atk": 31, "def": 31, "spa": 31, "spd": 31, "spe": 31}, "item": "Leftovers", "teraType": "Water", "role": "Bulky Attacker", "bvs": {"hp": 85, "atk": 75, "def": 77, "spa": 70, "spd": 105, "spe": 94}, "stats": {"hp": 274, "atk": 170, "def": 173, "spa": 162, "spd": 219, "spe": 201}, "types": ["Fairy", "Steel"]}, "Cramorant": {"name": "Cramorant", "species": "Cramorant", "speciesId": "cramorant", "gender": "F", "shiny": false, "level": 86, "moves": ["roost", "bravebird", "surf", "defog"], "ability": "Gulp Missile", "evs": {"hp": 85, "atk": 85, "def": 85, "spa": 85, "spd": 85, "spe": 85}, "ivs": {"hp": 31, "atk": 31, "def": 31, "spa": 31, "spd": 31, "spe": 31}, "item": "Heavy-Duty Boots", "teraType": "Ground", "role": "Bulky Support", "bvs": {"hp": 70, "atk": 85, "def": 55, "spa": 85, "spd": 95, "spe": 85}, "stats": {"hp": 261, "atk": 195, "def": 144, "spa": 195, "spd": 213, "spe": 195}, "types": ["Flying", "Water"]}, "Braviary": {"name": "Braviary", "species": "Braviary", "speciesId": "braviary", "gender": "M", "shiny": false, "level": 85, "moves": ["bravebird", "bulkup", "roost", "closecombat"], "ability": "Defiant", "evs": {"hp": 85, "atk": 85, "def": 85, "spa": 85, "spd": 85, "spe": 85}, "ivs": {"hp": 31, "atk": 31, "def": 31, "spa": 31, "spd": 31, "spe": 31}, "item": "Heavy-Duty Boots", "teraType": "Fighting", "role": "Fast Bulky Setup", "bvs": {"hp": 100, "atk": 123, "def": 75, "spa": 57, "spd": 75, "spe": 80}, "stats": {"hp": 309, "atk": 258, "def": 176, "spa": 146, "spd": 176, "spe": 185}, "types": ["Normal", "Flying"]}}]}