{"id": "gen9randombattle-2641591787", "format": "[Gen 9] Random Battle", "players": ["a rabbit", "nortonaf"], "log": "|j|\u2606a rabbit\n|j|\u2606nortonaf\n|t:|1782814657\n|gametype|singles\n|player|p1|a rabbit|#scl2breakers|2234\n|player|p2|nortonaf|pokekid|2137\n|gen|9\n|tier|[Gen 9] Random Battle\n|rated|\n|rule|Species Clause: Limit one of each Pok\u00e9mon\n|rule|HP Percentage Mod: HP is shown in percentages\n|rule|Sleep Clause Mod: Limit one foe put to sleep\n|rule|Illusion Level Mod: Illusion disguises the Pok\u00e9mon's true level\n|\n|t:|1782814657\n|teamsize|p1|6\n|teamsize|p2|6\n|start\n|switch|p1a: Toedscruel|Toedscruel, L87, M|281/281\n|switch|p2a: Gurdurr|Gurdurr, L85, F|283/283\n|turn|1\n|inactive|Battle timer is ON: inactive players will automatically lose when time's up. (requested by nortonaf)\n|\n|t:|1782814673\n|move|p2a: Gurdurr|Knock Off|p1a: Toedscruel\n|-damage|p1a: Toedscruel|192/281\n|-enditem|p1a: Toedscruel|Leftovers|[from] move: Knock Off|[of] p2a: Gurdurr\n|move|p1a: Toedscruel|Toxic|p2a: Gurdurr\n|-status|p2a: Gurdurr|tox\n|\n|-damage|p2a: Gurdurr|266/283 tox|[from] psn\n|upkeep\n|turn|2\n|\n|t:|1782814679\n|move|p1a: Toedscruel|Leaf Storm|p2a: Gurdurr\n|-damage|p2a: Gurdurr|133/283 tox\n|-unboost|p1a: Toedscruel|spa|2\n|move|p2a: Gurdurr|Drain Punch|p1a: Toedscruel\n|-damage|p1a: Toedscruel|44/281\n|-heal|p2a: Gurdurr|207/283 tox|[from] drain|[of] p1a: Toedscruel\n|\n|-damage|p2a: Gurdurr|173/283 tox|[from] psn\n|upkeep\n|turn|3\n|\n|t:|1782814682\n|move|p2a: Gurdurr|Mach Punch|p1a: Toedscruel\n|-damage|p1a: Toedscruel|0 fnt\n|faint|p1a: Toedscruel\n|\n|-damage|p2a: Gurdurr|122/283 tox|[from] psn\n|upkeep\n|\n|t:|1782814689\n|switch|p1a: Serperior|Serperior, L79, F|248/248\n|turn|4\n|\n|t:|1782814693\n|move|p1a: Serperior|Leaf Storm|p2a: Gurdurr|[miss]\n|-miss|p1a: Serperior|p2a: Gurdurr\n|move|p2a: Gurdurr|Knock Off|p1a: Serperior\n|-damage|p1a: Serperior|138/248\n|-enditem|p1a: Serperior|Life Orb|[from] move: Knock Off|[of] p2a: Gurdurr\n|\n|-damage|p2a: Gurdurr|54/283 tox|[from] psn\n|upkeep\n|turn|5\n|\n|t:|1782814697\n|move|p2a: Gurdurr|Mach Punch|p1a: Serperior\n|-damage|p1a: Serperior|69/248\n|move|p1a: Serperior|Synthesis|p1a: Serperior\n|-heal|p1a: Serperior|193/248\n|\n|-damage|p2a: Gurdurr|0 fnt|[from] psn\n|faint|p2a: Gurdurr\n|upkeep\n|\n|t:|1782814702\n|switch|p2a: Scovillain|Scovillain, L91, M|266/266\n|turn|6\n|\n|t:|1782814705\n|move|p2a: Scovillain|Flamethrower|p1a: Serperior\n|-supereffective|p1a: Serperior\n|-damage|p1a: Serperior|0 fnt\n|faint|p1a: Serperior\n|\n|upkeep\n|\n|t:|1782814712\n|switch|p1a: Krookodile|Krookodile, L79, F|280/280\n|-ability|p1a: Krookodile|Intimidate|boost\n|-unboost|p2a: Scovillain|atk|1\n|turn|7\n|\n|t:|1782814716\n|switch|p2a: Rotom|Rotom-Mow, L87|229/229\n|move|p1a: Krookodile|Stealth Rock|p2a: Rotom\n|-sidestart|p2: nortonaf|move: Stealth Rock\n|\n|upkeep\n|turn|8\n|\n|t:|1782814721\n|switch|p1a: Forretress|Forretress, L84, M|263/263\n|move|p2a: Rotom|Leaf Storm|p1a: Forretress\n|-resisted|p1a: Forretress\n|-damage|p1a: Forretress|216/263\n|-unboost|p2a: Rotom|spa|2\n|\n|-heal|p1a: Forretress|232/263|[from] item: Leftovers\n|upkeep\n|turn|9\n|\n|t:|1782814727\n|move|p2a: Rotom|Volt Switch|p1a: Forretress\n|-damage|p1a: Forretress|178/263\n|\n|t:|1782814730\n|switch|p2a: Scovillain|Scovillain, L91, M|266/266|[from] Volt Switch\n|-damage|p2a: Scovillain|200/266|[from] Stealth Rock\n|move|p1a: Forretress|Spikes|p2a: Scovillain\n|-sidestart|p2: nortonaf|Spikes\n|\n|-heal|p1a: Forretress|194/263|[from] item: Leftovers\n|upkeep\n|turn|10\n|\n|t:|1782814732\n|switch|p1a: Chi-Yu|Chi-Yu, L77|211/211\n|-ability|p1a: Chi-Yu|Beads of Ruin\n|move|p2a: Scovillain|Flamethrower|p1a: Chi-Yu\n|-resisted|p1a: Chi-Yu\n|-damage|p1a: Chi-Yu|163/211\n|\n|upkeep\n|turn|11\n|\n|t:|1782814745\n|move|p1a: Chi-Yu|Flamethrower|p2a: Scovillain\n|-damage|p2a: Scovillain|44/266\n|move|p2a: Scovillain|Flamethrower|p1a: Chi-Yu\n|-resisted|p1a: Chi-Yu\n|-crit|p1a: Chi-Yu\n|-damage|p1a: Chi-Yu|85/211\n|\n|upkeep\n|turn|12\n|\n|t:|1782814748\n|move|p1a: Chi-Yu|Flamethrower|p2a: Scovillain\n|-damage|p2a: Scovillain|0 fnt\n|faint|p2a: Scovillain\n|\n|upkeep\n|\n|t:|1782814749\n|switch|p2a: Armarouge|Armarouge, L80, F|267/267\n|-damage|p2a: Armarouge|201/267|[from] Stealth Rock\n|-damage|p2a: Armarouge|168/267|[from] Spikes\n|turn|13\n|\n|t:|1782814757\n|switch|p1a: Krookodile|Krookodile, L79, F|280/280\n|-ability|p1a: Krookodile|Intimidate|boost\n|-unboost|p2a: Armarouge|atk|1\n|move|p2a: Armarouge|Armor Cannon|p1a: Krookodile\n|-damage|p1a: Krookodile|33/280\n|-unboost|p2a: Armarouge|def|1\n|-unboost|p2a: Armarouge|spd|1\n|\n|upkeep\n|turn|14\n|\n|t:|1782814762\n|switch|p2a: Rotom|Rotom-Mow, L87|229/229\n|-damage|p2a: Rotom|201/229|[from] Stealth Rock\n|move|p1a: Krookodile|Knock Off|p2a: Rotom\n|-damage|p2a: Rotom|91/229\n|-enditem|p2a: Rotom|Leftovers|[from] move: Knock Off|[of] p1a: Krookodile\n|-damage|p1a: Krookodile|5/280|[from] item: Life Orb\n|\n|upkeep\n|turn|15\n|\n|t:|1782814769\n|move|p2a: Rotom|Leaf Storm|p1a: Krookodile\n|-supereffective|p1a: Krookodile\n|-damage|p1a: Krookodile|0 fnt\n|-unboost|p2a: Rotom|spa|2\n|faint|p1a: Krookodile\n|\n|upkeep\n|\n|t:|1782814773\n|switch|p1a: Chi-Yu|Chi-Yu, L77|85/211\n|-ability|p1a: Chi-Yu|Beads of Ruin\n|turn|16\n|\n|t:|1782814782\n|move|p1a: Chi-Yu|Flamethrower|p2a: Rotom\n|-supereffective|p2a: Rotom\n|-damage|p2a: Rotom|0 fnt\n|faint|p2a: Rotom\n|\n|upkeep\n|\n|t:|1782814786\n|switch|p2a: Armarouge|Armarouge, L80, F|168/267\n|-damage|p2a: Armarouge|102/267|[from] Stealth Rock\n|-damage|p2a: Armarouge|69/267|[from] Spikes\n|turn|17\n|\n|t:|1782814802\n|move|p1a: Chi-Yu|Flamethrower|p2a: Armarouge\n|-resisted|p2a: Armarouge\n|-damage|p2a: Armarouge|0 fnt\n|faint|p2a: Armarouge\n|\n|upkeep\n|\n|t:|1782814810\n|switch|p2a: Palossand|Palossand, L89, F|296/296\n|-damage|p2a: Palossand|278/296|[from] Stealth Rock\n|-damage|p2a: Palossand|241/296|[from] Spikes\n|turn|18\n|\n|t:|1782814815\n|switch|p1a: Vigoroth|Vigoroth, L85, F|275/275\n|move|p2a: Palossand|Earth Power|p1a: Vigoroth\n|-damage|p1a: Vigoroth|172/275\n|\n|-heal|p2a: Palossand|259/296|[from] item: Leftovers\n|upkeep\n|turn|19\n|\n|t:|1782814830\n|move|p1a: Vigoroth|Bulk Up|p1a: Vigoroth\n|-boost|p1a: Vigoroth|atk|1\n|-boost|p1a: Vigoroth|def|1\n|move|p2a: Palossand|Earth Power|p1a: Vigoroth\n|-damage|p1a: Vigoroth|79/275\n|\n|-heal|p2a: Palossand|277/296|[from] item: Leftovers\n|upkeep\n|turn|20\n|\n|t:|1782814834\n|move|p1a: Vigoroth|Slack Off|p1a: Vigoroth\n|-heal|p1a: Vigoroth|217/275\n|move|p2a: Palossand|Stealth Rock|p1a: Vigoroth\n|-sidestart|p1: a rabbit|move: Stealth Rock\n|\n|-heal|p2a: Palossand|295/296|[from] item: Leftovers\n|upkeep\n|turn|21\n|\n|t:|1782814838\n|move|p1a: Vigoroth|Knock Off|p2a: Palossand\n|-supereffective|p2a: Palossand\n|-damage|p2a: Palossand|147/296\n|-enditem|p2a: Palossand|Leftovers|[from] move: Knock Off|[of] p1a: Vigoroth\n|move|p2a: Palossand|Earth Power|p1a: Vigoroth\n|-damage|p1a: Vigoroth|112/275\n|\n|upkeep\n|turn|22\n|\n|t:|1782814841\n|move|p1a: Vigoroth|Slack Off|p1a: Vigoroth\n|-heal|p1a: Vigoroth|250/275\n|move|p2a: Palossand|Shore Up|p2a: Palossand\n|-heal|p2a: Palossand|295/296\n|\n|upkeep\n|turn|23\n|\n|t:|1782814844\n|move|p1a: Vigoroth|Bulk Up|p1a: Vigoroth\n|-boost|p1a: Vigoroth|atk|1\n|-boost|p1a: Vigoroth|def|1\n|move|p2a: Palossand|Earth Power|p1a: Vigoroth\n|-damage|p1a: Vigoroth|145/275\n|\n|upkeep\n|turn|24\n|\n|t:|1782814846\n|move|p1a: Vigoroth|Slack Off|p1a: Vigoroth\n|-heal|p1a: Vigoroth|275/275\n|move|p2a: Palossand|Earth Power|p1a: Vigoroth\n|-damage|p1a: Vigoroth|175/275\n|\n|upkeep\n|turn|25\n|\n|t:|1782814848\n|move|p1a: Vigoroth|Knock Off|p2a: Palossand\n|-supereffective|p2a: Palossand\n|-damage|p2a: Palossand|167/296\n|move|p2a: Palossand|Earth Power|p1a: Vigoroth\n|-damage|p1a: Vigoroth|70/275\n|\n|upkeep\n|turn|26\n|\n|t:|1782814851\n|move|p1a: Vigoroth|Slack Off|p1a: Vigoroth\n|-heal|p1a: Vigoroth|208/275\n|move|p2a: Palossand|Earth Power|p1a: Vigoroth\n|-damage|p1a: Vigoroth|108/275\n|\n|upkeep\n|turn|27\n|\n|t:|1782814853\n|move|p1a: Vigoroth|Slack Off|p1a: Vigoroth\n|-heal|p1a: Vigoroth|246/275\n|move|p2a: Palossand|Earth Power|p1a: Vigoroth\n|-damage|p1a: Vigoroth|150/275\n|\n|upkeep\n|turn|28\n|\n|t:|1782814856\n|move|p1a: Vigoroth|Knock Off|p2a: Palossand\n|-supereffective|p2a: Palossand\n|-damage|p2a: Palossand|35/296\n|move|p2a: Palossand|Shore Up|p2a: Palossand\n|-heal|p2a: Palossand|183/296\n|\n|upkeep\n|turn|29\n|\n|t:|1782814860\n|move|p1a: Vigoroth|Knock Off|p2a: Palossand\n|-supereffective|p2a: Palossand\n|-damage|p2a: Palossand|39/296\n|move|p2a: Palossand|Shore Up|p2a: Palossand\n|-heal|p2a: Palossand|187/296\n|\n|upkeep\n|turn|30\n|\n|t:|1782814863\n|move|p1a: Vigoroth|Knock Off|p2a: Palossand\n|-supereffective|p2a: Palossand\n|-damage|p2a: Palossand|49/296\n|move|p2a: Palossand|Shore Up|p2a: Palossand\n|-heal|p2a: Palossand|197/296\n|\n|upkeep\n|turn|31\n|\n|t:|1782814867\n|move|p1a: Vigoroth|Bulk Up|p1a: Vigoroth\n|-boost|p1a: Vigoroth|atk|1\n|-boost|p1a: Vigoroth|def|1\n|move|p2a: Palossand|Shore Up|p2a: Palossand\n|-heal|p2a: Palossand|296/296\n|\n|upkeep\n|turn|32\n|\n|t:|1782814869\n|move|p1a: Vigoroth|Knock Off|p2a: Palossand\n|-supereffective|p2a: Palossand\n|-damage|p2a: Palossand|142/296\n|move|p2a: Palossand|Earth Power|p1a: Vigoroth\n|-damage|p1a: Vigoroth|57/275\n|\n|upkeep\n|turn|33\n|\n|t:|1782814872\n|move|p1a: Vigoroth|Knock Off|p2a: Palossand\n|-supereffective|p2a: Palossand\n|-damage|p2a: Palossand|0 fnt\n|faint|p2a: Palossand\n|\n|upkeep\n|\n|t:|1782814874\n|switch|p2a: Enamorus|Enamorus, L79, F|247/247\n|-damage|p2a: Enamorus|186/247|[from] Stealth Rock\n|turn|34\n|\n|t:|1782814883\n|-terastallize|p1a: Vigoroth|Ghost\n|move|p2a: Enamorus|Moonblast|p1a: Vigoroth\n|-damage|p1a: Vigoroth|0 fnt\n|faint|p1a: Vigoroth\n|\n|-heal|p2a: Enamorus|201/247|[from] item: Leftovers\n|upkeep\n|\n|t:|1782814886\n|switch|p1a: Forretress|Forretress, L84, M|194/263\n|-damage|p1a: Forretress|162/263|[from] Stealth Rock\n|turn|35\n|\n|t:|1782814897\n|-terastallize|p2a: Enamorus|Ground\n|move|p2a: Enamorus|Calm Mind|p2a: Enamorus\n|-boost|p2a: Enamorus|spa|1\n|-boost|p2a: Enamorus|spd|1\n|move|p1a: Forretress|Iron Head|p2a: Enamorus\n|-crit|p2a: Enamorus\n|-damage|p2a: Enamorus|63/247\n|\n|-heal|p2a: Enamorus|78/247|[from] item: Leftovers\n|-heal|p1a: Forretress|178/263|[from] item: Leftovers\n|upkeep\n|turn|36\n|\n|t:|1782814907\n|move|p2a: Enamorus|Earth Power|p1a: Forretress\n|-damage|p1a: Forretress|0 fnt\n|faint|p1a: Forretress\n|\n|-heal|p2a: Enamorus|93/247|[from] item: Leftovers\n|upkeep\n|\n|t:|1782814909\n|switch|p1a: Chi-Yu|Chi-Yu, L77|85/211\n|-damage|p1a: Chi-Yu|33/211|[from] Stealth Rock\n|-ability|p1a: Chi-Yu|Beads of Ruin\n|turn|37\n|\n|t:|1782814930\n|move|p1a: Chi-Yu|Flamethrower|p2a: Enamorus\n|-damage|p2a: Enamorus|0 fnt\n|faint|p2a: Enamorus\n|\n|win|a rabbit\n|raw|a rabbit's rating: 2234 &rarr; <strong>2249</strong><br />(+15 for winning)\n|raw|nortonaf's rating: 2137 &rarr; <strong>2122</strong><br />(-15 for losing)\n", "inputlog": ">version f8ac14003a5f27e1bdc8d8c59608a773c1cb96e5\n>start {\"formatid\":\"gen9randombattle\",\"seed\":\"sodium,db8aa6f4fb90b135b4bce537e8b5d17c\",\"rated\":\"Rated battle\"}\n>player p1 {\"name\":\"a rabbit\",\"avatar\":\"#scl2breakers\",\"rating\":2234,\"seed\":\"sodium,c691c3c6d49cdcb643c26d45745a5511\"}\n>player p2 {\"name\":\"nortonaf\",\"avatar\":\"pokekid\",\"rating\":2137,\"seed\":\"sodium,b9603c5b2588acc1ea145b275b4db2af\"}\n>p1 move toxic\n>p2 move knockoff\n>p1 move leafstorm\n>p2 move drainpunch\n>p1 move leafstorm\n>p2 move machpunch\n>p1 switch 3\n>p1 move leafstorm\n>p2 move knockoff\n>p1 move synthesis\n>p2 move machpunch\n>p2 switch 4\n>p1 move glare\n>p2 move flamethrower\n>p1 switch 2\n>p1 move stealthrock\n>p2 switch 2\n>p1 switch 4\n>p2 move leafstorm\n>p1 move spikes\n>p2 move voltswitch\n>p2 switch 2\n>p1 switch 5\n>p2 move flamethrower\n>p1 move flamethrower\n>p2 move flamethrower\n>p1 move flamethrower\n>p2 move flamethrower\n>p2 switch 6\n>p1 switch 4\n>p2 move armorcannon\n>p1 move knockoff\n>p2 switch 2\n>p1 move gunkshot\n>p2 move leafstorm\n>p1 switch 4\n>p1 move flamethrower\n>p2 move voltswitch\n>p2 switch 2\n>p1 move flamethrower\n>p2 move armorcannon\n>p2 switch 5\n>p1 switch 6\n>p2 move earthpower\n>p1 move bulkup\n>p2 move earthpower\n>p1 move slackoff\n>p2 move stealthrock\n>p1 move knockoff\n>p2 move earthpower\n>p1 move slackoff\n>p2 move shoreup\n>p1 move bulkup\n>p2 move earthpower\n>p1 move slackoff\n>p2 move earthpower\n>p1 move knockoff\n>p2 move earthpower\n>p1 move slackoff\n>p2 move earthpower\n>p1 move slackoff\n>p2 move earthpower\n>p1 move knockoff\n>p2 move shoreup\n>p1 move knockoff\n>p2 move shoreup\n>p1 move knockoff\n>p2 move shoreup\n>p1 move bulkup\n>p2 move shoreup\n>p1 move knockoff\n>p2 move earthpower\n>p1 move knockoff\n>p2 move earthpower\n>p2 switch 3\n>p1 move bodyslam terastallize\n>p2 move moonblast\n>p1 switch 5\n>p1 move ironhead\n>p2 move calmmind terastallize\n>p1 move ironhead\n>p2 move earthpower\n>p1 switch 6\n>p1 move flamethrower\n>p2 move earthpower", "uploadtime": 1782814659, "views": 5, "formatid": "gen9randombattle", "rating": 2122, "private": 0, "password": null, "player_dets": [{"name": "a rabbit", "avatar": "#scl2breakers", "rating": 2234, "seed": "sodium,c691c3c6d49cdcb643c26d45745a5511"}, {"name": "nortonaf", "avatar": "pokekid", "rating": 2137, "seed": "sodium,b9603c5b2588acc1ea145b275b4db2af"}], "teams_full": [{"Toedscruel": {"name": "Toedscruel", "species": "Toedscruel", "speciesId": "toedscruel", "gender": "M", "shiny": false, "level": 87, "moves": ["rapidspin", "leafstorm", "toxic", "earthpower"], "ability": "Mycelium Might", "evs": {"hp": 85, "atk": 85, "def": 85, "spa": 85, "spd": 85, "spe": 85}, "ivs": {"hp": 31, "atk": 31, "def": 31, "spa": 31, "spd": 31, "spe": 31}, "item": "Leftovers", "teraType": "Water", "role": "Bulky Support", "bvs": {"hp": 80, "atk": 70, "def": 65, "spa": 80, "spd": 120, "spe": 100}, "stats": {"hp": 281, "atk": 172, "def": 163, "spa": 189, "spd": 259, "spe": 224}, "types": ["Ground", "Grass"]}, "Krookodile": {"name": "Krookodile", "species": "Krookodile", "speciesId": "krookodile", "gender": "F", "shiny": false, "level": 79, "moves": ["knockoff", "earthquake", "gunkshot", "stealthrock"], "ability": "Intimidate", "evs": {"hp": 85, "atk": 85, "def": 85, "spa": 85, "spd": 85, "spe": 85}, "ivs": {"hp": 31, "atk": 31, "def": 31, "spa": 31, "spd": 31, "spe": 31}, "item": "Life Orb", "teraType": "Ground", "role": "Fast Attacker", "bvs": {"hp": 95, "atk": 117, "def": 80, "spa": 65, "spd": 70, "spe": 92}, "stats": {"hp": 280, "atk": 230, "def": 172, "spa": 148, "spd": 156, "spe": 191}, "types": ["Ground", "Dark"]}, "Serperior": {"name": "Serperior", "species": "Serperior", "speciesId": "serperior", "gender": "F", "shiny": false, "level": 79, "moves": ["synthesis", "leafstorm", "dragonpulse", "glare"], "ability": "Contrary", "evs": {"hp": 85, "atk": 0, "def": 85, "spa": 85, "spd": 85, "spe": 85}, "ivs": {"hp": 31, "atk": 0, "def": 31, "spa": 31, "spd": 31, "spe": 31}, "item": "Life Orb", "teraType": "Water", "role": "Fast Attacker", "bvs": {"hp": 75, "atk": 75, "def": 95, "spa": 75, "spd": 95, "spe": 113}, "stats": {"hp": 248, "atk": 123, "def": 196, "spa": 164, "spd": 196, "spe": 224}, "types": ["Grass"]}, "Forretress": {"name": "Forretress", "species": "Forretress", "speciesId": "forretress", "gender": "M", "shiny": false, "level": 84, "moves": ["rapidspin", "spikes", "ironhead", "bodypress"], "ability": "Sturdy", "evs": {"hp": 85, "atk": 85, "def": 85, "spa": 85, "spd": 85, "spe": 85}, "ivs": {"hp": 31, "atk": 31, "def": 31, "spa": 31, "spd": 31, "spe": 31}, "item": "Leftovers", "teraType": "Fighting", "role": "Bulky Attacker", "bvs": {"hp": 75, "atk": 90, "def": 140, "spa": 60, "spd": 60, "spe": 40}, "stats": {"hp": 263, "atk": 199, "def": 283, "spa": 149, "spd": 149, "spe": 115}, "types": ["Bug", "Steel"]}, "Chi-Yu": {"name": "Chi-Yu", "species": "Chi-Yu", "speciesId": "chiyu", "gender": "N", "shiny": false, "level": 77, "moves": ["overheat", "flamethrower", "psychic", "darkpulse"], "ability": "Beads of Ruin", "evs": {"hp": 85, "atk": 0, "def": 85, "spa": 85, "spd": 85, "spe": 85}, "ivs": {"hp": 31, "atk": 0, "def": 31, "spa": 31, "spd": 31, "spe": 31}, "item": "Choice Scarf", "teraType": "Dark", "role": "Fast Attacker", "bvs": {"hp": 55, "atk": 80, "def": 80, "spa": 135, "spd": 120, "spe": 100}, "stats": {"hp": 211, "atk": 128, "def": 168, "spa": 252, "spd": 229, "spe": 199}, "types": ["Dark", "Fire"]}, "Vigoroth": {"name": "Vigoroth", "species": "Vigoroth", "speciesId": "vigoroth", "gender": "F", "shiny": false, "level": 85, "moves": ["bodyslam", "slackoff", "knockoff", "bulkup"], "ability": "Vital Spirit", "evs": {"hp": 85, "atk": 85, "def": 85, "spa": 85, "spd": 85, "spe": 85}, "ivs": {"hp": 31, "atk": 31, "def": 31, "spa": 31, "spd": 31, "spe": 31}, "item": "Eviolite", "teraType": "Ghost", "role": "Bulky Setup", "bvs": {"hp": 80, "atk": 80, "def": 80, "spa": 55, "spd": 55, "spe": 90}, "stats": {"hp": 275, "atk": 185, "def": 185, "spa": 142, "spd": 142, "spe": 202}, "types": ["Normal"]}}, {"Gurdurr": {"name": "Gurdurr", "species": "Gurdurr", "speciesId": "gurdurr", "gender": "F", "shiny": false, "level": 85, "moves": ["knockoff", "machpunch", "bulkup", "drainpunch"], "ability": "Guts", "evs": {"hp": 85, "atk": 85, "def": 85, "spa": 85, "spd": 85, "spe": 85}, "ivs": {"hp": 31, "atk": 31, "def": 31, "spa": 31, "spd": 31, "spe": 31}, "item": "Eviolite", "teraType": "Steel", "role": "Bulky Attacker", "bvs": {"hp": 85, "atk": 105, "def": 85, "spa": 40, "spd": 50, "spe": 40}, "stats": {"hp": 283, "atk": 227, "def": 193, "spa": 117, "spd": 134, "spe": 117}, "types": ["Fighting"]}, "Rotom": {"name": "Rotom", "species": "Rotom-Mow", "speciesId": "rotommow", "gender": "N", "shiny": false, "level": 87, "moves": ["thunderbolt", "leafstorm", "willowisp", "voltswitch"], "ability": "Levitate", "evs": {"hp": 85, "atk": 0, "def": 85, "spa": 85, "spd": 85, "spe": 85}, "ivs": {"hp": 31, "atk": 0, "def": 31, "spa": 31, "spd": 31, "spe": 31}, "item": "Leftovers", "teraType": "Electric", "role": "Bulky Attacker", "bvs": {"hp": 50, "atk": 65, "def": 107, "spa": 105, "spd": 107, "spe": 86}, "stats": {"hp": 229, "atk": 118, "def": 236, "spa": 232, "spd": 236, "spe": 199}, "types": ["Electric", "Grass"]}, "Enamorus": {"name": "Enamorus", "species": "Enamorus", "speciesId": "enamorus", "gender": "F", "shiny": false, "level": 79, "moves": ["earthpower", "substitute", "moonblast", "calmmind"], "ability": "Cute Charm", "evs": {"hp": 85, "atk": 0, "def": 85, "spa": 85, "spd": 85, "spe": 85}, "ivs": {"hp": 31, "atk": 0, "def": 31, "spa": 31, "spd": 31, "spe": 31}, "item": "Leftovers", "teraType": "Ground", "role": "Fast Bulky Setup", "bvs": {"hp": 74, "atk": 115, "def": 70, "spa": 135, "spd": 80, "spe": 106}, "stats": {"hp": 247, "atk": 186, "def": 156, "spa": 259, "spd": 172, "spe": 213}, "types": ["Fairy", "Flying"]}, "Scovillain": {"name": "Scovillain", "species": "Scovillain", "speciesId": "scovillain", "gender": "M", "shiny": false, "level": 91, "moves": ["leafstorm", "energyball", "overheat", "flamethrower"], "ability": "Chlorophyll", "evs": {"hp": 85, "atk": 0, "def": 85, "spa": 85, "spd": 85, "spe": 85}, "ivs": {"hp": 31, "atk": 0, "def": 31, "spa": 31, "spd": 31, "spe": 31}, "item": "Choice Scarf", "teraType": "Fire", "role": "Fast Attacker", "bvs": {"hp": 65, "atk": 108, "def": 65, "spa": 108, "spd": 65, "spe": 75}, "stats": {"hp": 266, "atk": 201, "def": 170, "spa": 248, "spd": 170, "spe": 188}, "types": ["Grass", "Fire"]}, "Palossand": {"name": "Palossand", "species": "Palossand", "speciesId": "palossand", "gender": "F", "shiny": false, "level": 89, "moves": ["shadowball", "earthpower", "shoreup", "stealthrock"], "ability": "Water Compaction", "evs": {"hp": 85, "atk": 0, "def": 85, "spa": 85, "spd": 85, "spe": 85}, "ivs": {"hp": 31, "atk": 0, "def": 31, "spa": 31, "spd": 31, "spe": 31}, "item": "Leftovers", "teraType": "Poison", "role": "Bulky Support", "bvs": {"hp": 85, "atk": 75, "def": 110, "spa": 100, "spd": 75, "spe": 35}, "stats": {"hp": 296, "atk": 138, "def": 247, "spa": 229, "spd": 184, "spe": 113}, "types": ["Ghost", "Ground"]}, "Armarouge": {"name": "Armarouge", "species": "Armarouge", "speciesId": "armarouge", "gender": "F", "shiny": false, "level": 80, "moves": ["psyshock", "focusblast", "armorcannon", "energyball"], "ability": "Weak Armor", "evs": {"hp": 85, "atk": 0, "def": 85, "spa": 85, "spd": 85, "spe": 85}, "ivs": {"hp": 31, "atk": 0, "def": 31, "spa": 31, "spd": 31, "spe": 31}, "item": "Choice Specs", "teraType": "Fire", "role": "Wallbreaker", "bvs": {"hp": 85, "atk": 60, "def": 100, "spa": 125, "spd": 80, "spe": 75}, "stats": {"hp": 267, "atk": 101, "def": 206, "spa": 246, "spd": 174, "spe": 166}, "types": ["Fire", "Psychic"]}}]}