{"id": "gen9randombattle-2641181945", "format": "[Gen 9] Random Battle", "players": ["dxgfchjk", "testbotcif"], "log": "|j|\u2606dxgfchjk\n|j|\u2606testbotcif\n|t:|1782750572\n|gametype|singles\n|player|p1|dxgfchjk|2|1147\n|player|p2|testbotcif|266|1161\n|gen|9\n|tier|[Gen 9] Random Battle\n|rated|\n|rule|Species Clause: Limit one of each Pok\u00e9mon\n|rule|HP Percentage Mod: HP is shown in percentages\n|rule|Sleep Clause Mod: Limit one foe put to sleep\n|rule|Illusion Level Mod: Illusion disguises the Pok\u00e9mon's true level\n|\n|t:|1782750572\n|teamsize|p1|6\n|teamsize|p2|6\n|start\n|switch|p1a: Tornadus|Tornadus-Therian, L79, M|254/254\n|switch|p2a: Eternatus|Eternatus, L69|308/308\n|-ability|p2a: Eternatus|Pressure\n|turn|1\n|c|\u2606testbotcif|rlhf\n|inactive|Battle timer is ON: inactive players will automatically lose when time's up. (requested by testbotcif)\n|\n|t:|1782750581\n|move|p1a: Tornadus|Bleakwind Storm|p2a: Eternatus\n|-damage|p2a: Eternatus|116/308\n|-unboost|p2a: Eternatus|spe|1\n|move|p2a: Eternatus|Meteor Beam||[still]\n|-prepare|p2a: Eternatus|Meteor Beam\n|-boost|p2a: Eternatus|spa|1\n|-enditem|p2a: Eternatus|Power Herb\n|-anim|p2a: Eternatus|Meteor Beam|p1a: Tornadus\n|-supereffective|p1a: Tornadus\n|-damage|p1a: Tornadus|18/254\n|\n|upkeep\n|turn|2\n|\n|t:|1782750589\n|move|p1a: Tornadus|Bleakwind Storm|p2a: Eternatus\n|-damage|p2a: Eternatus|0 fnt\n|faint|p2a: Eternatus\n|\n|upkeep\n|\n|t:|1782750590\n|switch|p2a: Bastiodon|Bastiodon, L89, M|252/252\n|turn|3\n|\n|t:|1782750597\n|switch|p1a: Donphan|Donphan, L84, F|288/288\n|-terastallize|p2a: Bastiodon|Fighting\n|move|p2a: Bastiodon|Iron Defense|p2a: Bastiodon\n|-boost|p2a: Bastiodon|def|2\n|\n|upkeep\n|turn|4\n|\n|t:|1782750602\n|move|p1a: Donphan|Knock Off|p2a: Bastiodon\n|-resisted|p2a: Bastiodon\n|-damage|p2a: Bastiodon|241/252\n|-enditem|p2a: Bastiodon|Chesto Berry|[from] move: Knock Off|[of] p1a: Donphan\n|move|p2a: Bastiodon|Body Press|p1a: Donphan\n|-damage|p1a: Donphan|59/288\n|\n|upkeep\n|turn|5\n|\n|t:|1782750608\n|move|p1a: Donphan|Earthquake|p2a: Bastiodon\n|-damage|p2a: Bastiodon|202/252\n|move|p2a: Bastiodon|Body Press|p1a: Donphan\n|-damage|p1a: Donphan|0 fnt\n|faint|p1a: Donphan\n|\n|upkeep\n|\n|t:|1782750615\n|switch|p1a: Tornadus|Tornadus-Therian, L79, M|102/254\n|turn|6\n|\n|t:|1782750617\n|move|p1a: Tornadus|Bleakwind Storm|p2a: Bastiodon\n|-supereffective|p2a: Bastiodon\n|-damage|p2a: Bastiodon|14/252\n|move|p2a: Bastiodon|Body Press|p1a: Tornadus\n|-resisted|p1a: Tornadus\n|-damage|p1a: Tornadus|0 fnt\n|faint|p1a: Tornadus\n|\n|upkeep\n|\n|t:|1782750634\n|switch|p1a: Kingdra|Kingdra, L84, F|263/263\n|turn|7\n|\n|t:|1782750639\n|move|p1a: Kingdra|Iron Head|p2a: Bastiodon\n|-damage|p2a: Bastiodon|0 fnt\n|faint|p2a: Bastiodon\n|\n|upkeep\n|\n|t:|1782750640\n|switch|p2a: Iron Bundle|Iron Bundle, L78|215/215\n|turn|8\n|\n|t:|1782750648\n|move|p2a: Iron Bundle|Ice Beam|p1a: Kingdra\n|-damage|p1a: Kingdra|107/263\n|move|p1a: Kingdra|Dragon Dance|p1a: Kingdra\n|-boost|p1a: Kingdra|atk|1\n|-boost|p1a: Kingdra|spe|1\n|\n|upkeep\n|turn|9\n|\n|t:|1782750650\n|move|p1a: Kingdra|Iron Head|p2a: Iron Bundle\n|-damage|p2a: Iron Bundle|143/215\n|move|p2a: Iron Bundle|Ice Beam|p1a: Kingdra\n|-damage|p1a: Kingdra|0 fnt\n|faint|p1a: Kingdra\n|\n|upkeep\n|\n|t:|1782750658\n|switch|p1a: Crabominable|Crabominable, L90, M|321/321\n|turn|10\n|\n|t:|1782750661\n|-end|p2a: Iron Bundle|Quark Drive|[silent]\n|switch|p2a: Reuniclus|Reuniclus, L88, M|337/337\n|move|p1a: Crabominable|Drain Punch|p2a: Reuniclus\n|-resisted|p2a: Reuniclus\n|-crit|p2a: Reuniclus\n|-damage|p2a: Reuniclus|217/337\n|\n|upkeep\n|turn|11\n|\n|t:|1782750663\n|move|p1a: Crabominable|Knock Off|p2a: Reuniclus\n|-supereffective|p2a: Reuniclus\n|-damage|p2a: Reuniclus|9/337\n|-enditem|p2a: Reuniclus|Life Orb|[from] move: Knock Off|[of] p1a: Crabominable\n|move|p2a: Reuniclus|Recover|p2a: Reuniclus\n|-heal|p2a: Reuniclus|178/337\n|\n|upkeep\n|turn|12\n|\n|t:|1782750668\n|move|p1a: Crabominable|Knock Off|p2a: Reuniclus\n|-supereffective|p2a: Reuniclus\n|-damage|p2a: Reuniclus|34/337\n|move|p2a: Reuniclus|Psychic|p1a: Crabominable\n|-supereffective|p1a: Crabominable\n|-damage|p1a: Crabominable|139/321\n|\n|upkeep\n|turn|13\n|\n|t:|1782750671\n|move|p1a: Crabominable|Knock Off|p2a: Reuniclus\n|-supereffective|p2a: Reuniclus\n|-damage|p2a: Reuniclus|0 fnt\n|faint|p2a: Reuniclus\n|\n|upkeep\n|\n|t:|1782750671\n|switch|p2a: Iron Bundle|Iron Bundle, L78|143/215\n|turn|14\n|\n|t:|1782750677\n|move|p2a: Iron Bundle|Hydro Pump|p1a: Crabominable|[miss]\n|-miss|p2a: Iron Bundle|p1a: Crabominable\n|move|p1a: Crabominable|Drain Punch|p2a: Iron Bundle\n|-supereffective|p2a: Iron Bundle\n|-damage|p2a: Iron Bundle|0 fnt\n|-heal|p1a: Crabominable|211/321|[from] drain|[of] p2a: Iron Bundle\n|faint|p2a: Iron Bundle\n|-end|p2a: Iron Bundle|Quark Drive|[silent]\n|\n|upkeep\n|\n|t:|1782750678\n|switch|p2a: Mightyena|Mightyena, L96, M|290/290\n|-ability|p2a: Mightyena|Intimidate|boost\n|-unboost|p1a: Crabominable|atk|1\n|turn|15\n|\n|t:|1782750698\n|move|p2a: Mightyena|Play Rough|p1a: Crabominable\n|-supereffective|p1a: Crabominable\n|-damage|p1a: Crabominable|55/321\n|-unboost|p1a: Crabominable|atk|1\n|move|p1a: Crabominable|Drain Punch|p2a: Mightyena\n|-supereffective|p2a: Mightyena\n|-damage|p2a: Mightyena|128/290\n|-heal|p1a: Crabominable|136/321|[from] drain|[of] p2a: Mightyena\n|\n|-heal|p2a: Mightyena|146/290|[from] item: Leftovers\n|upkeep\n|turn|16\n|\n|t:|1782750704\n|move|p2a: Mightyena|Play Rough|p1a: Crabominable\n|-supereffective|p1a: Crabominable\n|-damage|p1a: Crabominable|0 fnt\n|faint|p1a: Crabominable\n|\n|-heal|p2a: Mightyena|164/290|[from] item: Leftovers\n|upkeep\n|\n|t:|1782750708\n|switch|p1a: Exeggutor|Exeggutor-Alola, L89, F|314/314\n|turn|17\n|\n|t:|1782750713\n|move|p2a: Mightyena|Play Rough|p1a: Exeggutor\n|-supereffective|p1a: Exeggutor\n|-damage|p1a: Exeggutor|154/314\n|-enditem|p1a: Exeggutor|Sitrus Berry|[eat]\n|-heal|p1a: Exeggutor|232/314|[from] item: Sitrus Berry\n|move|p1a: Exeggutor|Dragon Pulse|p2a: Mightyena\n|-damage|p2a: Mightyena|29/290\n|\n|-heal|p2a: Mightyena|47/290|[from] item: Leftovers\n|-item|p1a: Exeggutor|Sitrus Berry|[from] ability: Harvest\n|upkeep\n|turn|18\n|\n|t:|1782750715\n|move|p2a: Mightyena|Play Rough|p1a: Exeggutor\n|-supereffective|p1a: Exeggutor\n|-damage|p1a: Exeggutor|78/314\n|-enditem|p1a: Exeggutor|Sitrus Berry|[eat]\n|-heal|p1a: Exeggutor|156/314|[from] item: Sitrus Berry\n|move|p1a: Exeggutor|Dragon Pulse|p2a: Mightyena\n|-damage|p2a: Mightyena|0 fnt\n|faint|p2a: Mightyena\n|\n|upkeep\n|\n|t:|1782750716\n|switch|p2a: Clodsire|Clodsire, L81, F|343/343\n|turn|19\n|\n|t:|1782750721\n|move|p1a: Exeggutor|Dragon Pulse|p2a: Clodsire\n|-damage|p2a: Clodsire|220/343\n|move|p2a: Clodsire|Gunk Shot|p1a: Exeggutor\n|-supereffective|p1a: Exeggutor\n|-damage|p1a: Exeggutor|0 fnt\n|faint|p1a: Exeggutor\n|\n|-heal|p2a: Clodsire|241/343|[from] item: Leftovers\n|upkeep\n|\n|t:|1782750723\n|switch|p1a: Kingambit|Kingambit, L74, F|270/270\n|-activate|p1a: Kingambit|ability: Supreme Overlord\n|-start|p1a: Kingambit|fallen5|[silent]\n|turn|20\n|\n|t:|1782750732\n|-terastallize|p1a: Kingambit|Flying\n|move|p1a: Kingambit|Kowtow Cleave|p2a: Clodsire\n|-damage|p2a: Clodsire|72/343\n|move|p2a: Clodsire|Recover|p2a: Clodsire\n|-heal|p2a: Clodsire|244/343\n|\n|-heal|p2a: Clodsire|265/343|[from] item: Leftovers\n|upkeep\n|turn|21\n|\n|t:|1782750741\n|move|p1a: Kingambit|Kowtow Cleave|p2a: Clodsire\n|-damage|p2a: Clodsire|72/343\n|move|p2a: Clodsire|Recover|p2a: Clodsire\n|-heal|p2a: Clodsire|244/343\n|\n|-heal|p2a: Clodsire|265/343|[from] item: Leftovers\n|upkeep\n|turn|22\n|\n|t:|1782750744\n|move|p1a: Kingambit|Iron Head|p2a: Clodsire\n|-damage|p2a: Clodsire|99/343\n|cant|p2a: Clodsire|flinch\n|\n|-heal|p2a: Clodsire|120/343|[from] item: Leftovers\n|upkeep\n|turn|23\n|\n|t:|1782750747\n|move|p1a: Kingambit|Kowtow Cleave|p2a: Clodsire\n|-damage|p2a: Clodsire|0 fnt\n|faint|p2a: Clodsire\n|\n|win|dxgfchjk\n|raw|dxgfchjk's rating: 1147 &rarr; <strong>1173</strong><br />(+26 for winning)\n|raw|testbotcif's rating: 1161 &rarr; <strong>1135</strong><br />(-26 for losing)\n", "inputlog": ">version f8ac14003a5f27e1bdc8d8c59608a773c1cb96e5\n>start {\"formatid\":\"gen9randombattle\",\"seed\":\"sodium,796188be915087bc0489f1046075195c\",\"rated\":\"Rated battle\"}\n>player p1 {\"name\":\"dxgfchjk\",\"avatar\":\"2\",\"rating\":1147,\"seed\":\"sodium,efaa8b42b1e43db945dc348304bb8e8f\"}\n>player p2 {\"name\":\"testbotcif\",\"avatar\":\"266\",\"rating\":1161,\"seed\":\"sodium,6c1d4d7f895d792cebc7a7a3f6741f44\"}\n>chat \u2606testbotcif|rlhf\n>p1 move bleakwindstorm\n>p2 move meteorbeam\n>p1 move bleakwindstorm\n>p2 move dynamaxcannon\n>p2 switch 2\n>p1 switch 5\n>p2 move irondefense terastallize\n>p1 move knockoff\n>p2 move bodypress\n>p1 move earthquake\n>p2 move bodypress\n>p1 switch 5\n>p1 move bleakwindstorm\n>p2 move bodypress\n>p1 switch 4\n>p1 move ironhead\n>p2 move bodypress\n>p2 switch 5\n>p1 move dragondance\n>p2 move icebeam\n>p1 move ironhead\n>p2 move icebeam\n>p1 switch 3\n>p1 move drainpunch\n>p2 switch 6\n>p1 move knockoff\n>p2 move recover\n>p1 move knockoff\n>p2 move psychic\n>p1 move knockoff\n>p2 move psychic\n>p2 switch 6\n>p1 move drainpunch\n>p2 move hydropump\n>p2 switch 4\n>p1 move drainpunch\n>p2 move playrough\n>p1 move drainpunch\n>p2 move playrough\n>p1 switch 2\n>p1 move dragonpulse\n>p2 move playrough\n>p1 move dragonpulse\n>p2 move playrough\n>p2 switch 3\n>p1 move dragonpulse\n>p2 move gunkshot\n>p1 switch 6\n>p1 move kowtowcleave terastallize\n>p2 move recover\n>p1 move kowtowcleave\n>p2 move recover\n>p1 move ironhead\n>p2 move recover\n>p1 move kowtowcleave\n>p2 move recover", "uploadtime": 1782750747, "views": 6, "formatid": "gen9randombattle", "rating": 1135, "private": 0, "password": null, "player_dets": [{"name": "dxgfchjk", "avatar": "2", "rating": 1147, "seed": "sodium,efaa8b42b1e43db945dc348304bb8e8f"}, {"name": "testbotcif", "avatar": "266", "rating": 1161, "seed": "sodium,6c1d4d7f895d792cebc7a7a3f6741f44"}], "teams_full": [{"Tornadus": {"name": "Tornadus", "species": "Tornadus-Therian", "speciesId": "tornadustherian", "gender": "M", "shiny": false, "level": 79, "moves": ["uturn", "bleakwindstorm", "focusblast", "heatwave"], "ability": "Regenerator", "evs": {"hp": 85, "atk": 85, "def": 85, "spa": 85, "spd": 85, "spe": 85}, "ivs": {"hp": 31, "atk": 31, "def": 31, "spa": 31, "spd": 31, "spe": 31}, "item": "Choice Specs", "teraType": "Fighting", "role": "Fast Attacker", "bvs": {"hp": 79, "atk": 100, "def": 80, "spa": 110, "spd": 90, "spe": 121}, "stats": {"hp": 254, "atk": 204, "def": 172, "spa": 219, "spd": 188, "spe": 237}, "types": ["Flying"]}, "Exeggutor": {"name": "Exeggutor", "species": "Exeggutor-Alola", "speciesId": "exeggutoralola", "gender": "F", "shiny": false, "level": 89, "moves": ["calmmind", "dragonpulse", "flamethrower", "gigadrain"], "ability": "Harvest", "evs": {"hp": 85, "atk": 0, "def": 85, "spa": 85, "spd": 85, "spe": 85}, "ivs": {"hp": 31, "atk": 0, "def": 31, "spa": 31, "spd": 31, "spe": 31}, "item": "Sitrus Berry", "teraType": "Steel", "role": "Bulky Setup", "bvs": {"hp": 95, "atk": 105, "def": 85, "spa": 125, "spd": 75, "spe": 45}, "stats": {"hp": 314, "atk": 191, "def": 202, "spa": 273, "spd": 184, "spe": 131}, "types": ["Grass", "Dragon"]}, "Crabominable": {"name": "Crabominable", "species": "Crabominable", "speciesId": "crabominable", "gender": "M", "shiny": false, "level": 90, "moves": ["icehammer", "knockoff", "drainpunch", "earthquake"], "ability": "Iron Fist", "evs": {"hp": 85, "atk": 85, "def": 85, "spa": 85, "spd": 85, "spe": 85}, "ivs": {"hp": 31, "atk": 31, "def": 31, "spa": 31, "spd": 31, "spe": 31}, "item": "Assault Vest", "teraType": "Fighting", "role": "AV Pivot", "bvs": {"hp": 97, "atk": 132, "def": 77, "spa": 62, "spd": 67, "spe": 43}, "stats": {"hp": 321, "atk": 289, "def": 190, "spa": 163, "spd": 172, "spe": 129}, "types": ["Fighting", "Ice"]}, "Kingdra": {"name": "Kingdra", "species": "Kingdra", "speciesId": "kingdra", "gender": "F", "shiny": false, "level": 84, "moves": ["wavecrash", "outrage", "dragondance", "ironhead"], "ability": "Sniper", "evs": {"hp": 85, "atk": 85, "def": 85, "spa": 85, "spd": 85, "spe": 85}, "ivs": {"hp": 31, "atk": 31, "def": 31, "spa": 31, "spd": 31, "spe": 31}, "item": "Lum Berry", "teraType": "Steel", "role": "Fast Bulky Setup", "bvs": {"hp": 75, "atk": 95, "def": 95, "spa": 95, "spd": 95, "spe": 85}, "stats": {"hp": 263, "atk": 208, "def": 208, "spa": 208, "spd": 208, "spe": 191}, "types": ["Water", "Dragon"]}, "Donphan": {"name": "Donphan", "species": "Donphan", "speciesId": "donphan", "gender": "F", "shiny": false, "level": 84, "moves": ["iceshard", "earthquake", "rapidspin", "knockoff"], "ability": "Sturdy", "evs": {"hp": 85, "atk": 85, "def": 85, "spa": 85, "spd": 85, "spe": 85}, "ivs": {"hp": 31, "atk": 31, "def": 31, "spa": 31, "spd": 31, "spe": 31}, "item": "Assault Vest", "teraType": "Dragon", "role": "Bulky Support", "bvs": {"hp": 90, "atk": 120, "def": 120, "spa": 60, "spd": 60, "spe": 50}, "stats": {"hp": 288, "atk": 250, "def": 250, "spa": 149, "spd": 149, "spe": 132}, "types": ["Ground"]}, "Kingambit": {"name": "Kingambit", "species": "Kingambit", "speciesId": "kingambit", "gender": "F", "shiny": false, "level": 74, "moves": ["swordsdance", "ironhead", "kowtowcleave", "suckerpunch"], "ability": "Supreme Overlord", "evs": {"hp": 85, "atk": 85, "def": 85, "spa": 85, "spd": 85, "spe": 85}, "ivs": {"hp": 31, "atk": 31, "def": 31, "spa": 31, "spd": 31, "spe": 31}, "item": "Leftovers", "teraType": "Flying", "role": "Bulky Attacker", "bvs": {"hp": 100, "atk": 135, "def": 120, "spa": 60, "spd": 85, "spe": 50}, "stats": {"hp": 270, "atk": 243, "def": 221, "spa": 132, "spd": 169, "spe": 117}, "types": ["Dark", "Steel"]}}, {"Eternatus": {"name": "Eternatus", "species": "Eternatus", "speciesId": "eternatus", "gender": "N", "shiny": false, "level": 69, "moves": ["fireblast", "sludgebomb", "meteorbeam", "dynamaxcannon"], "ability": "Pressure", "evs": {"hp": 85, "atk": 0, "def": 85, "spa": 85, "spd": 85, "spe": 85}, "ivs": {"hp": 31, "atk": 0, "def": 31, "spa": 31, "spd": 31, "spe": 31}, "item": "Power Herb", "teraType": "Poison", "role": "Setup Sweeper", "bvs": {"hp": 140, "atk": 85, "def": 95, "spa": 145, "spd": 95, "spe": 130}, "stats": {"hp": 308, "atk": 122, "def": 171, "spa": 240, "spd": 171, "spe": 220}, "types": ["Poison", "Dragon"]}, "Bastiodon": {"name": "Bastiodon", "species": "Bastiodon", "speciesId": "bastiodon", "gender": "M", "shiny": false, "level": 89, "moves": ["irondefense", "rest", "foulplay", "bodypress"], "ability": "Soundproof", "evs": {"hp": 85, "atk": 0, "def": 85, "spa": 85, "spd": 85, "spe": 85}, "ivs": {"hp": 31, "atk": 0, "def": 31, "spa": 31, "spd": 31, "spe": 31}, "item": "Chesto Berry", "teraType": "Fighting", "role": "Bulky Setup", "bvs": {"hp": 60, "atk": 52, "def": 168, "spa": 47, "spd": 138, "spe": 30}, "stats": {"hp": 252, "atk": 97, "def": 350, "spa": 134, "spd": 296, "spe": 104}, "types": ["Rock", "Steel"]}, "Clodsire": {"name": "Clodsire", "species": "Clodsire", "speciesId": "clodsire", "gender": "F", "shiny": false, "level": 81, "moves": ["recover", "earthquake", "curse", "gunkshot"], "ability": "Unaware", "evs": {"hp": 85, "atk": 85, "def": 85, "spa": 85, "spd": 85, "spe": 85}, "ivs": {"hp": 31, "atk": 31, "def": 31, "spa": 31, "spd": 31, "spe": 31}, "item": "Leftovers", "teraType": "Flying", "role": "Bulky Attacker", "bvs": {"hp": 130, "atk": 75, "def": 60, "spa": 45, "spd": 100, "spe": 20}, "stats": {"hp": 343, "atk": 168, "def": 144, "spa": 120, "spd": 209, "spe": 79}, "types": ["Poison", "Ground"]}, "Mightyena": {"name": "Mightyena", "species": "Mightyena", "speciesId": "mightyena", "gender": "M", "shiny": false, "level": 96, "moves": ["playrough", "crunch", "taunt", "suckerpunch"], "ability": "Intimidate", "evs": {"hp": 85, "atk": 85, "def": 85, "spa": 85, "spd": 85, "spe": 85}, "ivs": {"hp": 31, "atk": 31, "def": 31, "spa": 31, "spd": 31, "spe": 31}, "item": "Leftovers", "teraType": "Fairy", "role": "Bulky Attacker", "bvs": {"hp": 70, "atk": 90, "def": 70, "spa": 60, "spd": 60, "spe": 70}, "stats": {"hp": 290, "atk": 227, "def": 189, "spa": 170, "spd": 170, "spe": 189}, "types": ["Dark"]}, "Iron Bundle": {"name": "Iron Bundle", "species": "Iron Bundle", "speciesId": "ironbundle", "gender": "N", "shiny": false, "level": 78, "moves": ["flipturn", "freezedry", "hydropump", "icebeam"], "ability": "Quark Drive", "evs": {"hp": 85, "atk": 85, "def": 85, "spa": 85, "spd": 85, "spe": 85}, "ivs": {"hp": 31, "atk": 31, "def": 31, "spa": 31, "spd": 31, "spe": 31}, "item": "Choice Specs", "teraType": "Water", "role": "Fast Attacker", "bvs": {"hp": 56, "atk": 80, "def": 114, "spa": 124, "spd": 60, "spe": 136}, "stats": {"hp": 215, "atk": 170, "def": 223, "spa": 239, "spd": 139, "spe": 257}, "types": ["Ice", "Water"]}, "Reuniclus": {"name": "Reuniclus", "species": "Reuniclus", "speciesId": "reuniclus", "gender": "M", "shiny": false, "level": 88, "moves": ["calmmind", "focusblast", "psychic", "recover"], "ability": "Magic Guard", "evs": {"hp": 85, "atk": 0, "def": 85, "spa": 85, "spd": 85, "spe": 85}, "ivs": {"hp": 31, "atk": 0, "def": 31, "spa": 31, "spd": 31, "spe": 31}, "item": "Life Orb", "teraType": "Steel", "role": "Bulky Setup", "bvs": {"hp": 110, "atk": 65, "def": 75, "spa": 125, "spd": 85, "spe": 30}, "stats": {"hp": 337, "atk": 119, "def": 182, "spa": 270, "spd": 200, "spe": 103}, "types": ["Psychic"]}}]}