{"id": "gen9randombattle-2641560439", "format": "[Gen 9] Random Battle", "players": ["testbotcif", "hello123monkey"], "log": "|j|\u2606testbotcif\n|j|\u2606hello123monkey\n|t:|1782808164\n|gametype|singles\n|player|p1|testbotcif|266|1154\n|player|p2|hello123monkey|2|1209\n|gen|9\n|tier|[Gen 9] Random Battle\n|rated|\n|rule|Species Clause: Limit one of each Pok\u00e9mon\n|rule|HP Percentage Mod: HP is shown in percentages\n|rule|Sleep Clause Mod: Limit one foe put to sleep\n|rule|Illusion Level Mod: Illusion disguises the Pok\u00e9mon's true level\n|\n|t:|1782808164\n|teamsize|p1|6\n|teamsize|p2|6\n|start\n|switch|p1a: Excadrill|Excadrill, L79, M|303/303\n|switch|p2a: Cryogonal|Cryogonal, L89|287/287\n|-ability|p1a: Excadrill|Mold Breaker\n|turn|1\n|inactive|Battle timer is ON: inactive players will automatically lose when time's up. (requested by testbotcif)\n|c|\u2606testbotcif|rlhf\n|\n|t:|1782808175\n|move|p2a: Cryogonal|Freeze-Dry|p1a: Excadrill\n|-damage|p1a: Excadrill|231/303\n|move|p1a: Excadrill|Iron Head|p2a: Cryogonal\n|-supereffective|p2a: Cryogonal\n|-damage|p2a: Cryogonal|9/287\n|\n|upkeep\n|turn|2\n|\n|t:|1782808194\n|switch|p2a: Scrafty|Scrafty, L83, F|244/244\n|move|p1a: Excadrill|Iron Head|p2a: Scrafty\n|-damage|p2a: Scrafty|160/244\n|\n|-heal|p2a: Scrafty|175/244|[from] item: Leftovers\n|upkeep\n|turn|3\n|\n|t:|1782808207\n|switch|p1a: Enamorus|Enamorus-Therian, L83, F|259/259\n|move|p2a: Scrafty|Drain Punch|p1a: Enamorus\n|-resisted|p1a: Enamorus\n|-damage|p1a: Enamorus|245/259\n|-heal|p2a: Scrafty|182/244|[from] drain|[of] p1a: Enamorus\n|\n|-heal|p2a: Scrafty|197/244|[from] item: Leftovers\n|upkeep\n|turn|4\n|\n|t:|1782808229\n|switch|p2a: Glastrier|Glastrier, L86|312/312\n|move|p1a: Enamorus|Moonblast|p2a: Glastrier\n|-damage|p2a: Glastrier|203/312\n|\n|upkeep\n|turn|5\n|inactive|hello123monkey has 120 seconds left.\n|\n|t:|1782808248\n|-terastallize|p2a: Glastrier|Steel\n|move|p1a: Enamorus|Superpower|p2a: Glastrier\n|-supereffective|p2a: Glastrier\n|-damage|p2a: Glastrier|59/312\n|-unboost|p1a: Enamorus|atk|1\n|-unboost|p1a: Enamorus|def|1\n|move|p2a: Glastrier|Icicle Crash|p1a: Enamorus\n|-supereffective|p1a: Enamorus\n|-damage|p1a: Enamorus|0 fnt\n|faint|p1a: Enamorus\n|-ability|p2a: Glastrier|Chilling Neigh|boost\n|-boost|p2a: Glastrier|atk|1\n|\n|upkeep\n|\n|t:|1782808248\n|switch|p1a: Excadrill|Excadrill, L79, M|231/303\n|-ability|p1a: Excadrill|Mold Breaker\n|turn|6\n|inactive|hello123monkey has 120 seconds left.\n|\n|t:|1782808269\n|move|p1a: Excadrill|Iron Head|p2a: Glastrier\n|-resisted|p2a: Glastrier\n|-damage|p2a: Glastrier|25/312\n|move|p2a: Glastrier|High Horsepower|p1a: Excadrill\n|-supereffective|p1a: Excadrill\n|-damage|p1a: Excadrill|0 fnt\n|faint|p1a: Excadrill\n|-ability|p2a: Glastrier|Chilling Neigh|boost\n|-boost|p2a: Glastrier|atk|1\n|\n|upkeep\n|\n|t:|1782808269\n|switch|p1a: Ludicolo|Ludicolo, L90, M|290/290\n|turn|7\n|inactive|hello123monkey has 120 seconds left.\n|\n|t:|1782808284\n|move|p1a: Ludicolo|Giga Drain|p2a: Glastrier\n|-resisted|p2a: Glastrier\n|-damage|p2a: Glastrier|0 fnt\n|faint|p2a: Glastrier\n|-damage|p1a: Ludicolo|261/290|[from] item: Life Orb\n|\n|upkeep\n|\n|t:|1782808293\n|switch|p2a: Regidrago|Regidrago, L77|435/435\n|turn|8\n|inactive|hello123monkey has 120 seconds left.\n|\n|t:|1782808303\n|move|p2a: Regidrago|Dragon Energy|p1a: Ludicolo\n|-damage|p1a: Ludicolo|86/290\n|move|p1a: Ludicolo|Ice Beam|p2a: Regidrago\n|-supereffective|p2a: Regidrago\n|-damage|p2a: Regidrago|154/435\n|-damage|p1a: Ludicolo|57/290|[from] item: Life Orb\n|\n|upkeep\n|turn|9\n|\n|t:|1782808310\n|move|p2a: Regidrago|Dragon Energy|p1a: Ludicolo\n|-crit|p1a: Ludicolo\n|-damage|p1a: Ludicolo|0 fnt\n|faint|p1a: Ludicolo\n|\n|upkeep\n|\n|t:|1782808310\n|switch|p1a: Glalie|Glalie, L96, M|309/309\n|turn|10\n|\n|t:|1782808321\n|move|p2a: Regidrago|Dragon Energy|p1a: Glalie\n|-damage|p1a: Glalie|242/309\n|move|p1a: Glalie|Freeze-Dry|p2a: Regidrago\n|-supereffective|p2a: Regidrago\n|-damage|p2a: Regidrago|0 fnt\n|faint|p2a: Regidrago\n|\n|upkeep\n|\n|t:|1782808336\n|switch|p2a: Scrafty|Scrafty, L83, F|197/244\n|turn|11\n|\n|t:|1782808338\n|switch|p1a: Oricorio|Oricorio-Pom-Pom, L82, F|257/257\n|move|p2a: Scrafty|Knock Off|p1a: Oricorio\n|-damage|p1a: Oricorio|145/257\n|-enditem|p1a: Oricorio|Heavy-Duty Boots|[from] move: Knock Off|[of] p2a: Scrafty\n|\n|-heal|p2a: Scrafty|212/244|[from] item: Leftovers\n|upkeep\n|turn|12\n|\n|t:|1782808350\n|move|p1a: Oricorio|Quiver Dance|p1a: Oricorio\n|-boost|p1a: Oricorio|spa|1\n|-boost|p1a: Oricorio|spd|1\n|-boost|p1a: Oricorio|spe|1\n|move|p2a: Scrafty|Drain Punch|p1a: Oricorio\n|-resisted|p1a: Oricorio\n|-damage|p1a: Oricorio|104/257\n|-heal|p2a: Scrafty|233/244|[from] drain|[of] p1a: Oricorio\n|\n|-heal|p2a: Scrafty|244/244|[from] item: Leftovers\n|upkeep\n|turn|13\n|\n|t:|1782808361\n|move|p1a: Oricorio|Roost|p1a: Oricorio\n|-heal|p1a: Oricorio|233/257\n|-singleturn|p1a: Oricorio|move: Roost\n|move|p2a: Scrafty|Knock Off|p1a: Oricorio\n|-damage|p1a: Oricorio|152/257\n|\n|upkeep\n|turn|14\n|\n|t:|1782808370\n|move|p1a: Oricorio|Roost|p1a: Oricorio\n|-heal|p1a: Oricorio|257/257\n|-singleturn|p1a: Oricorio|move: Roost\n|move|p2a: Scrafty|Bulk Up|p2a: Scrafty\n|-boost|p2a: Scrafty|atk|1\n|-boost|p2a: Scrafty|def|1\n|\n|upkeep\n|turn|15\n|\n|t:|1782808379\n|move|p1a: Oricorio|Quiver Dance|p1a: Oricorio\n|-boost|p1a: Oricorio|spa|1\n|-boost|p1a: Oricorio|spd|1\n|-boost|p1a: Oricorio|spe|1\n|move|p2a: Scrafty|Knock Off|p1a: Oricorio\n|-damage|p1a: Oricorio|146/257\n|\n|upkeep\n|turn|16\n|\n|t:|1782808387\n|move|p1a: Oricorio|Roost|p1a: Oricorio\n|-heal|p1a: Oricorio|257/257\n|-singleturn|p1a: Oricorio|move: Roost\n|move|p2a: Scrafty|Bulk Up|p2a: Scrafty\n|-boost|p2a: Scrafty|atk|1\n|-boost|p2a: Scrafty|def|1\n|\n|upkeep\n|turn|17\n|\n|t:|1782808395\n|move|p1a: Oricorio|Hurricane|p2a: Scrafty\n|-supereffective|p2a: Scrafty\n|-damage|p2a: Scrafty|0 fnt\n|faint|p2a: Scrafty\n|\n|upkeep\n|\n|t:|1782808405\n|switch|p2a: Vikavolt|Vikavolt, L83, M|263/263\n|turn|18\n|\n|t:|1782808416\n|-terastallize|p1a: Oricorio|Ground\n|move|p1a: Oricorio|Hurricane|p2a: Vikavolt\n|-damage|p2a: Vikavolt|0 fnt\n|faint|p2a: Vikavolt\n|\n|upkeep\n|\n|t:|1782808422\n|switch|p2a: Giratina|Giratina, L75|349/349\n|-ability|p2a: Giratina|Pressure\n|turn|19\n|\n|t:|1782808431\n|move|p1a: Oricorio|Hurricane|p2a: Giratina\n|-damage|p2a: Giratina|150/349\n|move|p2a: Giratina|Dragon Tail|p1a: Oricorio\n|-damage|p1a: Oricorio|194/257\n|drag|p1a: Tyranitar|Tyranitar, L78, M|284/284\n|-weather|Sandstorm|[from] ability: Sand Stream|[of] p1a: Tyranitar\n|\n|-weather|Sandstorm|[upkeep]\n|-damage|p2a: Giratina|129/349|[from] Sandstorm\n|-heal|p2a: Giratina|150/349|[from] item: Leftovers\n|upkeep\n|turn|20\n|\n|t:|1782808443\n|move|p2a: Giratina|Rest|p2a: Giratina\n|-status|p2a: Giratina|slp|[from] move: Rest\n|-heal|p2a: Giratina|349/349 slp|[silent]\n|move|p1a: Tyranitar|Knock Off|p2a: Giratina\n|-supereffective|p2a: Giratina\n|-damage|p2a: Giratina|155/349 slp\n|-enditem|p2a: Giratina|Leftovers|[from] move: Knock Off|[of] p1a: Tyranitar\n|\n|-weather|Sandstorm|[upkeep]\n|-damage|p2a: Giratina|134/349 slp|[from] Sandstorm\n|upkeep\n|turn|21\n|\n|t:|1782808457\n|cant|p2a: Giratina|slp\n|move|p2a: Giratina|Sleep Talk|p2a: Giratina\n|move|p2a: Giratina|Dragon Tail|p1a: Tyranitar|[from] move: Sleep Talk\n|-damage|p1a: Tyranitar|235/284\n|drag|p1a: Oricorio|Oricorio-Pom-Pom, L82, F, tera:Ground|194/257\n|\n|-weather|Sandstorm|[upkeep]\n|-damage|p2a: Giratina|113/349 slp|[from] Sandstorm\n|upkeep\n|turn|22\n|\n|t:|1782808471\n|move|p1a: Oricorio|Hurricane|p2a: Giratina\n|-crit|p2a: Giratina\n|-damage|p2a: Giratina|0 fnt\n|faint|p2a: Giratina\n|\n|-weather|Sandstorm|[upkeep]\n|upkeep\n|\n|t:|1782808477\n|switch|p2a: Cryogonal|Cryogonal, L89|9/287\n|turn|23\n|\n|t:|1782808481\n|move|p2a: Cryogonal|Freeze-Dry|p1a: Oricorio\n|-supereffective|p1a: Oricorio\n|-damage|p1a: Oricorio|0 fnt\n|faint|p1a: Oricorio\n|\n|-weather|none\n|upkeep\n|\n|t:|1782808482\n|switch|p1a: Tyranitar|Tyranitar, L78, M|235/284\n|-weather|Sandstorm|[from] ability: Sand Stream|[of] p1a: Tyranitar\n|turn|24\n|\n|t:|1782808495\n|move|p2a: Cryogonal|Flash Cannon|p1a: Tyranitar\n|-supereffective|p1a: Tyranitar\n|-damage|p1a: Tyranitar|155/284\n|-enditem|p1a: Tyranitar|Weakness Policy\n|-boost|p1a: Tyranitar|atk|2|[from] item: Weakness Policy\n|-boost|p1a: Tyranitar|spa|2|[from] item: Weakness Policy\n|move|p1a: Tyranitar|Knock Off|p2a: Cryogonal\n|-damage|p2a: Cryogonal|0 fnt\n|-enditem|p2a: Cryogonal|Heavy-Duty Boots|[from] move: Knock Off|[of] p1a: Tyranitar\n|faint|p2a: Cryogonal\n|\n|win|testbotcif\n|raw|testbotcif's rating: 1154 &rarr; <strong>1183</strong><br />(+29 for winning)\n|raw|hello123monkey's rating: 1209 &rarr; <strong>1180</strong><br />(-29 for losing)\n", "inputlog": ">version f8ac14003a5f27e1bdc8d8c59608a773c1cb96e5\n>start {\"formatid\":\"gen9randombattle\",\"seed\":\"sodium,49406cbad90ebb63035ba5b9929c83aa\",\"rated\":\"Rated battle\"}\n>player p1 {\"name\":\"testbotcif\",\"avatar\":\"266\",\"rating\":1154,\"seed\":\"sodium,3099bae379501d33397cf21101ed2534\"}\n>player p2 {\"name\":\"hello123monkey\",\"avatar\":\"2\",\"rating\":1209,\"seed\":\"sodium,194d58d7902303722fad5e776e0f045b\"}\n>chat \u2606testbotcif|rlhf\n>p1 move ironhead\n>p2 move freezedry\n>p1 move ironhead\n>p2 switch 5\n>p1 switch 5\n>p2 move drainpunch\n>p1 move moonblast\n>p2 switch 2\n>p1 move superpower\n>p2 move iciclecrash terastallize\n>p1 switch 5\n>p1 move ironhead\n>p2 move highhorsepower\n>p1 switch 4\n>p1 move gigadrain\n>p2 move iciclecrash\n>p2 switch 3\n>p1 move icebeam\n>p2 move dragonenergy\n>p1 move icebeam\n>p2 move dragonenergy\n>p1 switch 3\n>p1 move freezedry\n>p2 move dragonenergy\n>p2 switch 2\n>p1 switch 6\n>p2 move knockoff\n>p1 move quiverdance\n>p2 move drainpunch\n>p1 move roost\n>p2 move knockoff\n>p1 move roost\n>p2 move bulkup\n>p1 move quiverdance\n>p2 move knockoff\n>p1 move roost\n>p2 move bulkup\n>p1 move hurricane\n>p2 move knockoff\n>p2 switch 4\n>p1 move hurricane terastallize\n>p2 move stickyweb\n>p2 switch 6\n>p1 move hurricane\n>p2 move dragontail\n>p1 move knockoff\n>p2 move rest\n>p1 move knockoff\n>p2 move sleeptalk\n>p1 move hurricane\n>p2 move rest\n>p2 switch 5\n>p1 move revelationdance\n>p2 move freezedry\n>p1 switch 2\n>p1 move knockoff\n>p2 move flashcannon", "uploadtime": 1782808495, "views": 4, "formatid": "gen9randombattle", "rating": 1180, "private": 0, "password": null, "player_dets": [{"name": "testbotcif", "avatar": "266", "rating": 1154, "seed": "sodium,3099bae379501d33397cf21101ed2534"}, {"name": "hello123monkey", "avatar": "2", "rating": 1209, "seed": "sodium,194d58d7902303722fad5e776e0f045b"}], "teams_full": [{"Excadrill": {"name": "Excadrill", "species": "Excadrill", "speciesId": "excadrill", "gender": "M", "shiny": false, "level": 79, "moves": ["ironhead", "rockslide", "earthquake", "rapidspin"], "ability": "Mold Breaker", "evs": {"hp": 85, "atk": 85, "def": 85, "spa": 85, "spd": 85, "spe": 85}, "ivs": {"hp": 31, "atk": 31, "def": 31, "spa": 31, "spd": 31, "spe": 31}, "item": "Assault Vest", "teraType": "Grass", "role": "AV Pivot", "bvs": {"hp": 110, "atk": 135, "def": 60, "spa": 50, "spd": 65, "spe": 88}, "stats": {"hp": 303, "atk": 259, "def": 140, "spa": 125, "spd": 148, "spe": 185}, "types": ["Ground", "Steel"]}, "Tyranitar": {"name": "Tyranitar", "species": "Tyranitar", "speciesId": "tyranitar", "gender": "M", "shiny": false, "level": 78, "moves": ["earthquake", "stoneedge", "dragondance", "knockoff"], "ability": "Sand Stream", "evs": {"hp": 85, "atk": 85, "def": 85, "spa": 85, "spd": 85, "spe": 85}, "ivs": {"hp": 31, "atk": 31, "def": 31, "spa": 31, "spd": 31, "spe": 31}, "item": "Weakness Policy", "teraType": "Ghost", "role": "Bulky Setup", "bvs": {"hp": 100, "atk": 134, "def": 110, "spa": 95, "spd": 100, "spe": 61}, "stats": {"hp": 284, "atk": 254, "def": 217, "spa": 193, "spd": 201, "spe": 140}, "types": ["Rock", "Dark"]}, "Glalie": {"name": "Glalie", "species": "Glalie", "speciesId": "glalie", "gender": "M", "shiny": false, "level": 96, "moves": ["spikes", "earthquake", "freezedry", "taunt"], "ability": "Inner Focus", "evs": {"hp": 85, "atk": 85, "def": 85, "spa": 85, "spd": 85, "spe": 85}, "ivs": {"hp": 31, "atk": 31, "def": 31, "spa": 31, "spd": 31, "spe": 31}, "item": "Heavy-Duty Boots", "teraType": "Ghost", "role": "Fast Support", "bvs": {"hp": 80, "atk": 80, "def": 80, "spa": 80, "spd": 80, "spe": 80}, "stats": {"hp": 309, "atk": 208, "def": 208, "spa": 208, "spd": 208, "spe": 208}, "types": ["Ice"]}, "Ludicolo": {"name": "Ludicolo", "species": "Ludicolo", "speciesId": "ludicolo", "gender": "M", "shiny": false, "level": 90, "moves": ["raindance", "hydropump", "gigadrain", "icebeam"], "ability": "Swift Swim", "evs": {"hp": 85, "atk": 0, "def": 85, "spa": 85, "spd": 85, "spe": 85}, "ivs": {"hp": 31, "atk": 0, "def": 31, "spa": 31, "spd": 31, "spe": 31}, "item": "Life Orb", "teraType": "Grass", "role": "Setup Sweeper", "bvs": {"hp": 80, "atk": 70, "def": 70, "spa": 90, "spd": 100, "spe": 70}, "stats": {"hp": 290, "atk": 131, "def": 177, "spa": 213, "spd": 231, "spe": 177}, "types": ["Water", "Grass"]}, "Enamorus": {"name": "Enamorus", "species": "Enamorus-Therian", "speciesId": "enamorustherian", "gender": "F", "shiny": false, "level": 83, "moves": ["moonblast", "psychic", "superpower", "mysticalfire"], "ability": "Overcoat", "evs": {"hp": 85, "atk": 85, "def": 85, "spa": 85, "spd": 85, "spe": 85}, "ivs": {"hp": 31, "atk": 31, "def": 31, "spa": 31, "spd": 31, "spe": 31}, "item": "Assault Vest", "teraType": "Fairy", "role": "Bulky Attacker", "bvs": {"hp": 74, "atk": 115, "def": 110, "spa": 135, "spd": 100, "spe": 46}, "stats": {"hp": 259, "atk": 239, "def": 230, "spa": 272, "spd": 214, "spe": 124}, "types": ["Fairy", "Flying"]}, "Oricorio": {"name": "Oricorio", "species": "Oricorio-Pom-Pom", "speciesId": "oricoriopompom", "gender": "F", "shiny": false, "level": 82, "moves": ["revelationdance", "hurricane", "quiverdance", "roost"], "ability": "Dancer", "evs": {"hp": 85, "atk": 0, "def": 85, "spa": 85, "spd": 85, "spe": 85}, "ivs": {"hp": 31, "atk": 0, "def": 31, "spa": 31, "spd": 31, "spe": 31}, "item": "Heavy-Duty Boots", "teraType": "Ground", "role": "Setup Sweeper", "bvs": {"hp": 75, "atk": 70, "def": 70, "spa": 98, "spd": 70, "spe": 93}, "stats": {"hp": 257, "atk": 119, "def": 162, "spa": 208, "spd": 162, "spe": 200}, "types": ["Electric", "Flying"]}}, {"Cryogonal": {"name": "Cryogonal", "species": "Cryogonal", "speciesId": "cryogonal", "gender": "N", "shiny": false, "level": 89, "moves": ["recover", "freezedry", "rapidspin", "flashcannon"], "ability": "Levitate", "evs": {"hp": 85, "atk": 85, "def": 85, "spa": 85, "spd": 85, "spe": 85}, "ivs": {"hp": 31, "atk": 31, "def": 31, "spa": 31, "spd": 31, "spe": 31}, "item": "Heavy-Duty Boots", "teraType": "Poison", "role": "Bulky Support", "bvs": {"hp": 80, "atk": 50, "def": 50, "spa": 95, "spd": 135, "spe": 105}, "stats": {"hp": 287, "atk": 140, "def": 140, "spa": 220, "spd": 291, "spe": 238}, "types": ["Ice"]}, "Glastrier": {"name": "Glastrier", "species": "Glastrier", "speciesId": "glastrier", "gender": "N", "shiny": false, "level": 86, "moves": ["iciclecrash", "highhorsepower", "swordsdance", "heavyslam"], "ability": "Chilling Neigh", "evs": {"hp": 85, "atk": 85, "def": 85, "spa": 85, "spd": 85, "spe": 85}, "ivs": {"hp": 31, "atk": 31, "def": 31, "spa": 31, "spd": 31, "spe": 31}, "item": "Heavy-Duty Boots", "teraType": "Steel", "role": "Bulky Attacker", "bvs": {"hp": 100, "atk": 145, "def": 130, "spa": 65, "spd": 110, "spe": 30}, "stats": {"hp": 312, "atk": 299, "def": 273, "spa": 161, "spd": 238, "spe": 101}, "types": ["Ice"]}, "Regidrago": {"name": "Regidrago", "species": "Regidrago", "speciesId": "regidrago", "gender": "N", "shiny": false, "level": 77, "moves": ["dracometeor", "outrage", "earthquake", "dragonenergy"], "ability": "Dragon's Maw", "evs": {"hp": 85, "atk": 85, "def": 85, "spa": 85, "spd": 85, "spe": 85}, "ivs": {"hp": 31, "atk": 31, "def": 31, "spa": 31, "spd": 31, "spe": 31}, "item": "Choice Scarf", "teraType": "Dragon", "role": "Fast Attacker", "bvs": {"hp": 200, "atk": 100, "def": 50, "spa": 100, "spd": 50, "spe": 80}, "stats": {"hp": 435, "atk": 199, "def": 122, "spa": 199, "spd": 122, "spe": 168}, "types": ["Dragon"]}, "Vikavolt": {"name": "Vikavolt", "species": "Vikavolt", "speciesId": "vikavolt", "gender": "M", "shiny": false, "level": 83, "moves": ["bugbuzz", "discharge", "voltswitch", "stickyweb"], "ability": "Levitate", "evs": {"hp": 85, "atk": 0, "def": 85, "spa": 85, "spd": 85, "spe": 85}, "ivs": {"hp": 31, "atk": 0, "def": 31, "spa": 31, "spd": 31, "spe": 31}, "item": "Heavy-Duty Boots", "teraType": "Electric", "role": "Bulky Support", "bvs": {"hp": 77, "atk": 70, "def": 90, "spa": 145, "spd": 75, "spe": 43}, "stats": {"hp": 263, "atk": 121, "def": 197, "spa": 288, "spd": 172, "spe": 119}, "types": ["Bug", "Electric"]}, "Scrafty": {"name": "Scrafty", "species": "Scrafty", "speciesId": "scrafty", "gender": "F", "shiny": false, "level": 83, "moves": ["rest", "bulkup", "knockoff", "drainpunch"], "ability": "Shed Skin", "evs": {"hp": 85, "atk": 85, "def": 85, "spa": 85, "spd": 85, "spe": 85}, "ivs": {"hp": 31, "atk": 31, "def": 31, "spa": 31, "spd": 31, "spe": 31}, "item": "Leftovers", "teraType": "Poison", "role": "Bulky Setup", "bvs": {"hp": 65, "atk": 90, "def": 115, "spa": 45, "spd": 115, "spe": 58}, "stats": {"hp": 244, "atk": 197, "def": 239, "spa": 122, "spd": 239, "spe": 144}, "types": ["Dark", "Fighting"]}, "Giratina": {"name": "Giratina", "species": "Giratina", "speciesId": "giratina", "gender": "N", "shiny": false, "level": 75, "moves": ["sleeptalk", "rest", "dragontail", "shadowball"], "ability": "Pressure", "evs": {"hp": 85, "atk": 85, "def": 85, "spa": 85, "spd": 85, "spe": 85}, "ivs": {"hp": 31, "atk": 31, "def": 31, "spa": 31, "spd": 31, "spe": 31}, "item": "Leftovers", "teraType": "Fairy", "role": "Bulky Attacker", "bvs": {"hp": 150, "atk": 100, "def": 120, "spa": 100, "spd": 120, "spe": 90}, "stats": {"hp": 349, "atk": 194, "def": 224, "spa": 194, "spd": 224, "spe": 179}, "types": ["Ghost", "Dragon"]}}]}