{"id": "gen9randombattle-2642183871", "format": "[Gen 9] Random Battle", "players": ["xbox350", "forcemajor14"], "log": "|j|\u2606xbox350\n|j|\u2606forcemajor14\n|t:|1782907129\n|gametype|singles\n|player|p1|xbox350|schoolkid-gen4|2171\n|player|p2|forcemajor14|266|2084\n|gen|9\n|tier|[Gen 9] Random Battle\n|rated|\n|rule|Species Clause: Limit one of each Pok\u00e9mon\n|rule|HP Percentage Mod: HP is shown in percentages\n|rule|Sleep Clause Mod: Limit one foe put to sleep\n|rule|Illusion Level Mod: Illusion disguises the Pok\u00e9mon's true level\n|\n|t:|1782907129\n|teamsize|p1|6\n|teamsize|p2|6\n|start\n|switch|p1a: Scrafty|Scrafty, L83, F|244/244\n|switch|p2a: Kilowattrel|Kilowattrel, L83, F|252/252\n|-ability|p1a: Scrafty|Intimidate|boost\n|-unboost|p2a: Kilowattrel|atk|1\n|turn|1\n|inactive|Battle timer is ON: inactive players will automatically lose when time's up. (requested by xbox350)\n|inactive|forcemajor14 also wants the timer to be on.\n|inactive|xbox350 has 120 seconds left.\n|\n|t:|1782907164\n|move|p2a: Kilowattrel|Hurricane|p1a: Scrafty\n|-supereffective|p1a: Scrafty\n|-damage|p1a: Scrafty|34/244\n|-start|p1a: Scrafty|confusion\n|-activate|p1a: Scrafty|confusion\n|move|p1a: Scrafty|Dragon Dance|p1a: Scrafty\n|-boost|p1a: Scrafty|atk|1\n|-boost|p1a: Scrafty|spe|1\n|\n|-heal|p1a: Scrafty|49/244|[from] item: Leftovers\n|upkeep\n|turn|2\n|\n|t:|1782907173\n|move|p2a: Kilowattrel|Discharge|p1a: Scrafty\n|-damage|p1a: Scrafty|0 fnt\n|faint|p1a: Scrafty\n|\n|upkeep\n|\n|t:|1782907176\n|switch|p1a: Quagsire|Quagsire, L84, F|297/297\n|turn|3\n|\n|t:|1782907179\n|move|p2a: Kilowattrel|U-turn|p1a: Quagsire\n|-crit|p1a: Quagsire\n|-damage|p1a: Quagsire|234/297\n|\n|t:|1782907181\n|switch|p2a: Espeon|Espeon, L84, F|246/246|[from] U-turn\n|move|p1a: Quagsire|Toxic|p2a: Espeon\n|move|p2a: Espeon|Toxic|p1a: Quagsire|[from] ability: Magic Bounce\n|-status|p1a: Quagsire|tox\n|\n|-heal|p1a: Quagsire|252/297 tox|[from] item: Leftovers\n|-damage|p1a: Quagsire|234/297 tox|[from] psn\n|upkeep\n|turn|4\n|\n|t:|1782907187\n|move|p2a: Espeon|Alluring Voice|p1a: Quagsire\n|-damage|p1a: Quagsire|108/297 tox\n|move|p1a: Quagsire|Earthquake|p2a: Espeon\n|-damage|p2a: Espeon|126/246\n|\n|-heal|p1a: Quagsire|126/297 tox|[from] item: Leftovers\n|-damage|p1a: Quagsire|90/297 tox|[from] psn\n|upkeep\n|turn|5\n|\n|t:|1782907193\n|switch|p1a: Magmortar|Magmortar, L88, M|275/275\n|move|p2a: Espeon|Alluring Voice|p1a: Magmortar\n|-resisted|p1a: Magmortar\n|-damage|p1a: Magmortar|223/275\n|\n|upkeep\n|turn|6\n|\n|t:|1782907205\n|switch|p2a: Mienshao|Mienshao, L83, M|244/244\n|move|p1a: Magmortar|Fire Blast|p2a: Mienshao\n|-damage|p2a: Mienshao|105/244\n|\n|upkeep\n|turn|7\n|\n|t:|1782907209\n|switch|p1a: Quagsire|Quagsire, L84, F|90/297 tox\n|move|p2a: Mienshao|Fake Out|p1a: Quagsire\n|-damage|p1a: Quagsire|53/297 tox\n|\n|-heal|p1a: Quagsire|71/297 tox|[from] item: Leftovers\n|-damage|p1a: Quagsire|53/297 tox|[from] psn\n|upkeep\n|turn|8\n|\n|t:|1782907213\n|move|p2a: Mienshao|Close Combat|p1a: Quagsire\n|-damage|p1a: Quagsire|0 fnt\n|-unboost|p2a: Mienshao|def|1\n|-unboost|p2a: Mienshao|spd|1\n|faint|p1a: Quagsire\n|\n|upkeep\n|\n|t:|1782907217\n|switch|p1a: Salazzle|Salazzle, L83, F|249/249\n|turn|9\n|\n|t:|1782907223\n|switch|p2a: Kyurem|Kyurem-White, L73|303/303\n|-ability|p2a: Kyurem|Turboblaze\n|move|p1a: Salazzle|Nasty Plot|p1a: Salazzle\n|-boost|p1a: Salazzle|spa|2\n|\n|upkeep\n|turn|10\n|\n|t:|1782907232\n|move|p1a: Salazzle|Sludge Wave|p2a: Kyurem\n|-damage|p2a: Kyurem|77/303\n|-status|p2a: Kyurem|psn\n|move|p2a: Kyurem|Earth Power|p1a: Salazzle\n|-supereffective|p1a: Salazzle\n|-damage|p1a: Salazzle|0 fnt\n|faint|p1a: Salazzle\n|\n|-damage|p2a: Kyurem|40/303 psn|[from] psn\n|upkeep\n|\n|t:|1782907246\n|switch|p1a: Magmortar|Magmortar, L88, M|223/275\n|turn|11\n|\n|t:|1782907255\n|move|p1a: Magmortar|Thunderbolt|p2a: Kyurem\n|-resisted|p2a: Kyurem\n|-damage|p2a: Kyurem|0 fnt\n|faint|p2a: Kyurem\n|\n|upkeep\n|\n|t:|1782907257\n|switch|p2a: Mienshao|Mienshao, L83, M|186/244\n|turn|12\n|\n|t:|1782907263\n|move|p2a: Mienshao|Fake Out|p1a: Magmortar\n|-damage|p1a: Magmortar|183/275\n|cant|p1a: Magmortar|flinch\n|\n|upkeep\n|turn|13\n|\n|t:|1782907269\n|move|p2a: Mienshao|Close Combat|p1a: Magmortar\n|-damage|p1a: Magmortar|12/275\n|-unboost|p2a: Mienshao|def|1\n|-unboost|p2a: Mienshao|spd|1\n|move|p1a: Magmortar|Fire Blast|p2a: Mienshao\n|-damage|p2a: Mienshao|0 fnt\n|faint|p2a: Mienshao\n|\n|upkeep\n|\n|t:|1782907270\n|switch|p2a: Espeon|Espeon, L84, F|126/246\n|turn|14\n|\n|t:|1782907276\n|move|p2a: Espeon|Psyshock|p1a: Magmortar\n|-damage|p1a: Magmortar|0 fnt\n|faint|p1a: Magmortar\n|\n|upkeep\n|\n|t:|1782907279\n|switch|p1a: Basculin|Basculin, L86, M|261/261\n|turn|15\n|\n|t:|1782907289\n|move|p2a: Espeon|Psyshock|p1a: Basculin\n|-damage|p1a: Basculin|78/261\n|move|p1a: Basculin|Wave Crash|p2a: Espeon\n|-damage|p2a: Espeon|0 fnt\n|faint|p2a: Espeon\n|-damage|p1a: Basculin|36/261|[from] Recoil\n|\n|upkeep\n|\n|t:|1782907292\n|switch|p2a: Kilowattrel|Kilowattrel, L83, F|252/252\n|turn|16\n|\n|t:|1782907295\n|move|p2a: Kilowattrel|Discharge|p1a: Basculin\n|-supereffective|p1a: Basculin\n|-damage|p1a: Basculin|0 fnt\n|faint|p1a: Basculin\n|\n|upkeep\n|\n|t:|1782907297\n|switch|p1a: Munkidori|Munkidori, L79, M|269/269\n|turn|17\n|\n|t:|1782907300\n|move|p1a: Munkidori|Fake Out|p2a: Kilowattrel\n|-damage|p2a: Kilowattrel|222/252\n|cant|p2a: Kilowattrel|flinch\n|\n|upkeep\n|turn|18\n|\n|t:|1782907305\n|move|p2a: Kilowattrel|Discharge|p1a: Munkidori\n|-damage|p1a: Munkidori|209/269\n|move|p1a: Munkidori|Sludge Wave|p2a: Kilowattrel\n|-damage|p2a: Kilowattrel|72/252\n|\n|upkeep\n|turn|19\n|\n|t:|1782907309\n|move|p2a: Kilowattrel|Discharge|p1a: Munkidori\n|-damage|p1a: Munkidori|142/269\n|-status|p1a: Munkidori|par\n|move|p1a: Munkidori|Psychic Noise|p2a: Kilowattrel\n|-crit|p2a: Kilowattrel\n|-damage|p2a: Kilowattrel|0 fnt\n|faint|p2a: Kilowattrel\n|\n|upkeep\n|\n|t:|1782907311\n|switch|p2a: Hoopa|Hoopa-Unbound, L80|259/259\n|turn|20\n|\n|t:|1782907316\n|-terastallize|p1a: Munkidori|Dark\n|move|p2a: Hoopa|Hyperspace Fury|p1a: Munkidori\n|-resisted|p1a: Munkidori\n|-damage|p1a: Munkidori|0 fnt\n|-unboost|p2a: Hoopa|def|1\n|faint|p1a: Munkidori\n|\n|win|forcemajor14\n|raw|xbox350's rating: 2171 &rarr; <strong>2144</strong><br />(-27 for losing)\n|raw|forcemajor14's rating: 2041 &rarr; <strong>2068</strong><br />(+27 for winning)\n", "inputlog": ">version f8ac14003a5f27e1bdc8d8c59608a773c1cb96e5\n>start {\"formatid\":\"gen9randombattle\",\"seed\":\"sodium,d80bdd8596c03538bd5d4bd57986bc6a\",\"rated\":\"Rated battle\"}\n>player p1 {\"name\":\"xbox350\",\"avatar\":\"schoolkid-gen4\",\"rating\":2171,\"seed\":\"sodium,b376e5c76e6534d7b072d48303e8d21d\"}\n>player p2 {\"name\":\"forcemajor14\",\"avatar\":\"266\",\"rating\":2084,\"seed\":\"sodium,20f01383468541bc83f5672fa4d8861e\"}\n>p1 move dragondance\n>p2 move hurricane\n>p1 move knockoff\n>p2 move discharge\n>p1 switch 4\n>p1 move toxic\n>p2 move uturn\n>p2 switch 5\n>p1 move earthquake\n>p2 move alluringvoice\n>p1 switch 2\n>p2 move alluringvoice\n>p1 move fireblast\n>p2 switch 3\n>p1 switch 2\n>p2 move fakeout\n>p1 move toxic\n>p2 move closecombat\n>p1 switch 5\n>p1 move nastyplot\n>p2 switch 6\n>p1 move sludgewave\n>p2 move earthpower\n>p1 switch 2\n>p1 move thunderbolt\n>p2 move earthpower\n>p2 switch 6\n>p1 move fireblast\n>p2 move fakeout\n>p1 move fireblast\n>p2 move closecombat\n>p2 switch 3\n>p1 move fireblast\n>p2 move psyshock\n>p1 switch 3\n>p1 move wavecrash\n>p2 move psyshock\n>p2 switch 5\n>p1 move wavecrash\n>p2 move discharge\n>p1 switch 6\n>p1 move fakeout\n>p2 move discharge\n>p1 move sludgewave\n>p2 move discharge\n>p1 move psychicnoise\n>p2 move discharge\n>p2 switch 2\n>p1 move uturn terastallize\n>p2 move hyperspacefury", "uploadtime": 1782907317, "views": 2, "formatid": "gen9randombattle", "rating": 2068, "private": 0, "password": null, "player_dets": [{"name": "xbox350", "avatar": "schoolkid-gen4", "rating": 2171, "seed": "sodium,b376e5c76e6534d7b072d48303e8d21d"}, {"name": "forcemajor14", "avatar": "266", "rating": 2084, "seed": "sodium,20f01383468541bc83f5672fa4d8861e"}], "teams_full": [{"Scrafty": {"name": "Scrafty", "species": "Scrafty", "speciesId": "scrafty", "gender": "F", "shiny": false, "level": 83, "moves": ["poisonjab", "knockoff", "dragondance", "drainpunch"], "ability": "Intimidate", "evs": {"hp": 85, "atk": 85, "def": 85, "spa": 85, "spd": 85, "spe": 85}, "ivs": {"hp": 31, "atk": 31, "def": 31, "spa": 31, "spd": 31, "spe": 31}, "item": "Leftovers", "teraType": "Poison", "role": "Bulky Attacker", "bvs": {"hp": 65, "atk": 90, "def": 115, "spa": 45, "spd": 115, "spe": 58}, "stats": {"hp": 244, "atk": 197, "def": 239, "spa": 122, "spd": 239, "spe": 144}, "types": ["Dark", "Fighting"]}, "Magmortar": {"name": "Magmortar", "species": "Magmortar", "speciesId": "magmortar", "gender": "M", "shiny": false, "level": 88, "moves": ["earthquake", "fireblast", "thunderbolt", "focusblast"], "ability": "Flame Body", "evs": {"hp": 85, "atk": 85, "def": 85, "spa": 85, "spd": 85, "spe": 85}, "ivs": {"hp": 31, "atk": 31, "def": 31, "spa": 31, "spd": 31, "spe": 31}, "item": "Heavy-Duty Boots", "teraType": "Electric", "role": "Fast Attacker", "bvs": {"hp": 75, "atk": 95, "def": 67, "spa": 125, "spd": 95, "spe": 83}, "stats": {"hp": 275, "atk": 217, "def": 168, "spa": 270, "spd": 217, "spe": 196}, "types": ["Fire"]}, "Basculin": {"name": "Basculin", "species": "Basculin", "speciesId": "basculin", "gender": "M", "shiny": false, "level": 86, "moves": ["flipturn", "aquajet", "doubleedge", "wavecrash"], "ability": "Adaptability", "evs": {"hp": 85, "atk": 85, "def": 85, "spa": 85, "spd": 85, "spe": 85}, "ivs": {"hp": 31, "atk": 31, "def": 31, "spa": 31, "spd": 31, "spe": 31}, "item": "Choice Band", "teraType": "Water", "role": "Wallbreaker", "bvs": {"hp": 70, "atk": 92, "def": 65, "spa": 80, "spd": 55, "spe": 98}, "stats": {"hp": 261, "atk": 207, "def": 161, "spa": 187, "spd": 144, "spe": 218}, "types": ["Water"]}, "Quagsire": {"name": "Quagsire", "species": "Quagsire", "speciesId": "quagsire", "gender": "F", "shiny": false, "level": 84, "moves": ["toxic", "earthquake", "icebeam", "recover"], "ability": "Unaware", "evs": {"hp": 85, "atk": 85, "def": 85, "spa": 85, "spd": 85, "spe": 85}, "ivs": {"hp": 31, "atk": 31, "def": 31, "spa": 31, "spd": 31, "spe": 31}, "item": "Leftovers", "teraType": "Fairy", "role": "Bulky Support", "bvs": {"hp": 95, "atk": 85, "def": 85, "spa": 65, "spd": 65, "spe": 35}, "stats": {"hp": 297, "atk": 191, "def": 191, "spa": 157, "spd": 157, "spe": 107}, "types": ["Water", "Ground"]}, "Salazzle": {"name": "Salazzle", "species": "Salazzle", "speciesId": "salazzle", "gender": "F", "shiny": false, "level": 83, "moves": ["terablast", "nastyplot", "sludgewave", "fireblast"], "ability": "Corrosion", "evs": {"hp": 85, "atk": 0, "def": 85, "spa": 85, "spd": 85, "spe": 85}, "ivs": {"hp": 31, "atk": 0, "def": 31, "spa": 31, "spd": 31, "spe": 31}, "item": "Heavy-Duty Boots", "teraType": "Grass", "role": "Tera Blast user", "bvs": {"hp": 68, "atk": 64, "def": 60, "spa": 111, "spd": 60, "spe": 117}, "stats": {"hp": 249, "atk": 111, "def": 147, "spa": 232, "spd": 147, "spe": 242}, "types": ["Poison", "Fire"]}, "Munkidori": {"name": "Munkidori", "species": "Munkidori", "speciesId": "munkidori", "gender": "M", "shiny": false, "level": 79, "moves": ["uturn", "sludgewave", "psychicnoise", "fakeout"], "ability": "Toxic Chain", "evs": {"hp": 85, "atk": 85, "def": 85, "spa": 85, "spd": 85, "spe": 85}, "ivs": {"hp": 31, "atk": 31, "def": 31, "spa": 31, "spd": 31, "spe": 31}, "item": "Assault Vest", "teraType": "Dark", "role": "AV Pivot", "bvs": {"hp": 88, "atk": 75, "def": 66, "spa": 130, "spd": 90, "spe": 106}, "stats": {"hp": 269, "atk": 164, "def": 150, "spa": 251, "spd": 188, "spe": 213}, "types": ["Poison", "Psychic"]}}, {"Kilowattrel": {"name": "Kilowattrel", "species": "Kilowattrel", "speciesId": "kilowattrel", "gender": "F", "shiny": false, "level": 83, "moves": ["hurricane", "discharge", "uturn", "roost"], "ability": "Volt Absorb", "evs": {"hp": 85, "atk": 85, "def": 85, "spa": 85, "spd": 85, "spe": 85}, "ivs": {"hp": 31, "atk": 31, "def": 31, "spa": 31, "spd": 31, "spe": 31}, "item": "Heavy-Duty Boots", "teraType": "Steel", "role": "Bulky Attacker", "bvs": {"hp": 70, "atk": 70, "def": 60, "spa": 105, "spd": 60, "spe": 125}, "stats": {"hp": 252, "atk": 164, "def": 147, "spa": 222, "spd": 147, "spe": 255}, "types": ["Electric", "Flying"]}, "Hoopa": {"name": "Hoopa", "species": "Hoopa-Unbound", "speciesId": "hoopaunbound", "gender": "N", "shiny": false, "level": 80, "moves": ["drainpunch", "hyperspacefury", "gunkshot", "trick"], "ability": "Magician", "evs": {"hp": 85, "atk": 85, "def": 85, "spa": 85, "spd": 85, "spe": 85}, "ivs": {"hp": 31, "atk": 31, "def": 31, "spa": 31, "spd": 31, "spe": 31}, "item": "Choice Band", "teraType": "Poison", "role": "Wallbreaker", "bvs": {"hp": 80, "atk": 160, "def": 60, "spa": 170, "spd": 130, "spe": 80}, "stats": {"hp": 259, "atk": 302, "def": 142, "spa": 318, "spd": 254, "spe": 174}, "types": ["Psychic", "Dark"]}, "Mienshao": {"name": "Mienshao", "species": "Mienshao", "speciesId": "mienshao", "gender": "M", "shiny": false, "level": 83, "moves": ["fakeout", "closecombat", "knockoff", "uturn"], "ability": "Regenerator", "evs": {"hp": 85, "atk": 85, "def": 85, "spa": 85, "spd": 85, "spe": 85}, "ivs": {"hp": 31, "atk": 31, "def": 31, "spa": 31, "spd": 31, "spe": 31}, "item": "Assault Vest", "teraType": "Dark", "role": "AV Pivot", "bvs": {"hp": 65, "atk": 125, "def": 60, "spa": 95, "spd": 60, "spe": 105}, "stats": {"hp": 244, "atk": 255, "def": 147, "spa": 205, "spd": 147, "spe": 222}, "types": ["Fighting"]}, "Toedscruel": {"name": "Toedscruel", "species": "Toedscruel", "speciesId": "toedscruel", "gender": "F", "shiny": false, "level": 87, "moves": ["earthpower", "toxic", "rapidspin", "leafstorm"], "ability": "Mycelium Might", "evs": {"hp": 85, "atk": 85, "def": 85, "spa": 85, "spd": 85, "spe": 85}, "ivs": {"hp": 31, "atk": 31, "def": 31, "spa": 31, "spd": 31, "spe": 31}, "item": "Leftovers", "teraType": "Water", "role": "Bulky Support", "bvs": {"hp": 80, "atk": 70, "def": 65, "spa": 80, "spd": 120, "spe": 100}, "stats": {"hp": 281, "atk": 172, "def": 163, "spa": 189, "spd": 259, "spe": 224}, "types": ["Ground", "Grass"]}, "Espeon": {"name": "Espeon", "species": "Espeon", "speciesId": "espeon", "gender": "F", "shiny": false, "level": 84, "moves": ["trick", "psyshock", "alluringvoice", "shadowball"], "ability": "Magic Bounce", "evs": {"hp": 85, "atk": 0, "def": 85, "spa": 85, "spd": 85, "spe": 85}, "ivs": {"hp": 31, "atk": 0, "def": 31, "spa": 31, "spd": 31, "spe": 31}, "item": "Choice Specs", "teraType": "Fairy", "role": "Fast Attacker", "bvs": {"hp": 65, "atk": 65, "def": 60, "spa": 130, "spd": 95, "spe": 110}, "stats": {"hp": 246, "atk": 114, "def": 149, "spa": 267, "spd": 208, "spe": 233}, "types": ["Psychic"]}, "Kyurem": {"name": "Kyurem", "species": "Kyurem-White", "speciesId": "kyuremwhite", "gender": "N", "shiny": false, "level": 73, "moves": ["freezedry", "fusionflare", "dracometeor", "earthpower"], "ability": "Turboblaze", "evs": {"hp": 85, "atk": 0, "def": 85, "spa": 85, "spd": 85, "spe": 85}, "ivs": {"hp": 31, "atk": 0, "def": 31, "spa": 31, "spd": 31, "spe": 31}, "item": "Choice Specs", "teraType": "Fire", "role": "Fast Attacker", "bvs": {"hp": 125, "atk": 120, "def": 90, "spa": 170, "spd": 100, "spe": 95}, "stats": {"hp": 303, "atk": 180, "def": 174, "spa": 291, "spd": 188, "spe": 181}, "types": ["Dragon", "Ice"]}}]}