{"id": "gen9randombattle-2641980466", "format": "[Gen 9] Random Battle", "players": ["PokeAlex1", "XGRE3N"], "log": "|j|\u2606PokeAlex1\n|j|\u2606XGRE3N\n|t:|1782868156\n|gametype|singles\n|player|p1|PokeAlex1|veteran|1527\n|player|p2|XGRE3N|gentleman-gen4|1588\n|gen|9\n|tier|[Gen 9] Random Battle\n|rated|\n|rule|Species Clause: Limit one of each Pok\u00e9mon\n|rule|HP Percentage Mod: HP is shown in percentages\n|rule|Sleep Clause Mod: Limit one foe put to sleep\n|rule|Illusion Level Mod: Illusion disguises the Pok\u00e9mon's true level\n|\n|t:|1782868156\n|teamsize|p1|6\n|teamsize|p2|6\n|start\n|switch|p1a: Dudunsparce|Dudunsparce, L83, M|343/343\n|switch|p2a: Haxorus|Haxorus, L77, M|244/244\n|-ability|p2a: Haxorus|Mold Breaker\n|turn|1\n|inactive|Battle timer is ON: inactive players will automatically lose when time's up. (requested by PokeAlex1)\n|\n|t:|1782868172\n|move|p2a: Haxorus|Outrage|p1a: Dudunsparce\n|-damage|p1a: Dudunsparce|184/343\n|move|p1a: Dudunsparce|Calm Mind|p1a: Dudunsparce\n|-boost|p1a: Dudunsparce|spa|1\n|-boost|p1a: Dudunsparce|spd|1\n|\n|-heal|p1a: Dudunsparce|205/343|[from] item: Leftovers\n|upkeep\n|turn|2\n|\n|t:|1782868180\n|move|p2a: Haxorus|Outrage|p1a: Dudunsparce|[from] lockedmove\n|-damage|p1a: Dudunsparce|57/343\n|-start|p2a: Haxorus|confusion|[fatigue]\n|-enditem|p2a: Haxorus|Lum Berry|[eat]\n|-end|p2a: Haxorus|confusion\n|move|p1a: Dudunsparce|Boomburst|p2a: Haxorus\n|-crit|p2a: Haxorus\n|-damage|p2a: Haxorus|0 fnt\n|faint|p2a: Haxorus\n|\n|-heal|p1a: Dudunsparce|78/343|[from] item: Leftovers\n|upkeep\n|\n|t:|1782868195\n|switch|p2a: Perrserker|Perrserker, L89, M|269/269\n|turn|3\n|\n|t:|1782868212\n|move|p2a: Perrserker|Iron Head|p1a: Dudunsparce\n|-damage|p1a: Dudunsparce|0 fnt\n|faint|p1a: Dudunsparce\n|-damage|p2a: Perrserker|243/269|[from] item: Life Orb\n|\n|upkeep\n|\n|t:|1782868221\n|switch|p1a: Zapdos|Zapdos-Galar, L77|265/265\n|turn|4\n|\n|t:|1782868227\n|switch|p2a: Dachsbun|Dachsbun, L92, M|254/254\n|move|p1a: Zapdos|Close Combat|p2a: Dachsbun\n|-resisted|p2a: Dachsbun\n|-damage|p2a: Dachsbun|206/254\n|-unboost|p1a: Zapdos|def|1\n|-unboost|p1a: Zapdos|spd|1\n|\n|-heal|p2a: Dachsbun|221/254|[from] item: Leftovers\n|upkeep\n|turn|5\n|\n|t:|1782868237\n|switch|p1a: Slowbro|Slowbro-Galar, L87, F|307/307\n|move|p2a: Dachsbun|Play Rough|p1a: Slowbro\n|-resisted|p1a: Slowbro\n|-damage|p1a: Slowbro|266/307\n|\n|-heal|p2a: Dachsbun|236/254|[from] item: Leftovers\n|upkeep\n|turn|6\n|\n|t:|1782868247\n|move|p2a: Dachsbun|Yawn|p1a: Slowbro\n|-start|p1a: Slowbro|move: Yawn|[of] p2a: Dachsbun\n|move|p1a: Slowbro|Psychic|p2a: Dachsbun\n|-damage|p2a: Dachsbun|143/254\n|\n|-heal|p2a: Dachsbun|158/254|[from] item: Leftovers\n|upkeep\n|turn|7\n|\n|t:|1782868263\n|switch|p2a: Terrakion|Terrakion, L79|273/273\n|move|p1a: Slowbro|Shell Side Arm|p2a: Terrakion|[anim] Shell Side Arm Special\n|-resisted|p2a: Terrakion\n|-damage|p2a: Terrakion|214/273\n|-hint|Special Shell Side Arm\n|-status|p2a: Terrakion|psn\n|\n|-damage|p2a: Terrakion|180/273 psn|[from] psn\n|-end|p1a: Slowbro|move: Yawn|[silent]\n|-status|p1a: Slowbro|slp\n|upkeep\n|turn|8\n|\n|t:|1782868280\n|switch|p1a: Zapdos|Zapdos-Galar, L77|265/265\n|move|p2a: Terrakion|Earthquake|p1a: Zapdos\n|-immune|p1a: Zapdos\n|\n|-damage|p2a: Terrakion|146/273 psn|[from] psn\n|upkeep\n|turn|9\n|\n|t:|1782868284\n|switch|p2a: Dachsbun|Dachsbun, L92, M|158/254\n|move|p1a: Zapdos|Brave Bird|p2a: Dachsbun\n|-damage|p2a: Dachsbun|68/254\n|-damage|p1a: Zapdos|235/265|[from] Recoil\n|\n|-heal|p2a: Dachsbun|83/254|[from] item: Leftovers\n|upkeep\n|turn|10\n|\n|t:|1782868295\n|move|p2a: Dachsbun|Protect|p2a: Dachsbun\n|-singleturn|p2a: Dachsbun|Protect\n|move|p1a: Zapdos|Brave Bird|p2a: Dachsbun\n|-activate|p2a: Dachsbun|move: Protect\n|\n|-heal|p2a: Dachsbun|98/254|[from] item: Leftovers\n|upkeep\n|turn|11\n|\n|t:|1782868303\n|move|p1a: Zapdos|Brave Bird|p2a: Dachsbun\n|-damage|p2a: Dachsbun|0 fnt\n|faint|p2a: Dachsbun\n|-damage|p1a: Zapdos|203/265|[from] Recoil\n|\n|upkeep\n|\n|t:|1782868315\n|switch|p2a: Perrserker|Perrserker, L89, M|243/269\n|turn|12\n|\n|t:|1782868319\n|switch|p1a: Gouging Fire|Gouging Fire, L74|277/277\n|move|p2a: Perrserker|Iron Head|p1a: Gouging Fire\n|-resisted|p1a: Gouging Fire\n|-damage|p1a: Gouging Fire|193/277\n|-damage|p2a: Perrserker|217/269|[from] item: Life Orb\n|\n|upkeep\n|turn|13\n|\n|t:|1782868345\n|-terastallize|p2a: Perrserker|Fighting\n|move|p1a: Gouging Fire|Dragon Dance|p1a: Gouging Fire\n|-boost|p1a: Gouging Fire|atk|1\n|-boost|p1a: Gouging Fire|spe|1\n|move|p2a: Perrserker|Close Combat|p1a: Gouging Fire\n|-damage|p1a: Gouging Fire|0 fnt\n|-unboost|p2a: Perrserker|def|1\n|-unboost|p2a: Perrserker|spd|1\n|faint|p1a: Gouging Fire\n|-end|p1a: Gouging Fire|Protosynthesis|[silent]\n|-damage|p2a: Perrserker|191/269|[from] item: Life Orb\n|\n|upkeep\n|\n|t:|1782868355\n|switch|p1a: Articuno|Articuno, L86|295/295\n|-ability|p1a: Articuno|Pressure\n|turn|14\n|\n|t:|1782868359\n|move|p1a: Articuno|Brave Bird|p2a: Perrserker\n|-supereffective|p2a: Perrserker\n|-damage|p2a: Perrserker|0 fnt\n|faint|p2a: Perrserker\n|-damage|p1a: Articuno|232/295|[from] Recoil\n|\n|upkeep\n|\n|t:|1782868366\n|switch|p2a: Terrakion|Terrakion, L79|146/273 psn\n|turn|15\n|\n|t:|1782868370\n|move|p2a: Terrakion|Stone Edge|p1a: Articuno|[miss]\n|-miss|p2a: Terrakion|p1a: Articuno\n|move|p1a: Articuno|Brave Bird|p2a: Terrakion\n|-damage|p2a: Terrakion|13/273 psn\n|-damage|p1a: Articuno|188/295|[from] Recoil\n|\n|-damage|p2a: Terrakion|0 fnt|[from] psn\n|faint|p2a: Terrakion\n|upkeep\n|\n|t:|1782868386\n|switch|p2a: Exeggutor|Exeggutor, L89, F|314/314\n|turn|16\n|\n|t:|1782868393\n|move|p1a: Articuno|Freeze-Dry|p2a: Exeggutor\n|-supereffective|p2a: Exeggutor\n|-damage|p2a: Exeggutor|156/314\n|-enditem|p2a: Exeggutor|Sitrus Berry|[eat]\n|-heal|p2a: Exeggutor|234/314|[from] item: Sitrus Berry\n|move|p2a: Exeggutor|Psyshock|p1a: Articuno\n|-damage|p1a: Articuno|80/295\n|\n|upkeep\n|turn|17\n|\n|t:|1782868401\n|move|p1a: Articuno|Freeze-Dry|p2a: Exeggutor\n|-supereffective|p2a: Exeggutor\n|-damage|p2a: Exeggutor|54/314\n|move|p2a: Exeggutor|Psyshock|p1a: Articuno\n|-damage|p1a: Articuno|0 fnt\n|faint|p1a: Articuno\n|\n|upkeep\n|\n|t:|1782868405\n|switch|p1a: Zapdos|Zapdos-Galar, L77|203/265\n|turn|18\n|\n|t:|1782868412\n|move|p1a: Zapdos|Knock Off|p2a: Exeggutor\n|-supereffective|p2a: Exeggutor\n|-damage|p2a: Exeggutor|0 fnt\n|faint|p2a: Exeggutor\n|\n|upkeep\n|\n|t:|1782868416\n|switch|p2a: Regidrago|Regidrago, L77|435/435\n|turn|19\n|\n|t:|1782868426\n|move|p1a: Zapdos|Knock Off|p2a: Regidrago\n|-damage|p2a: Regidrago|331/435\n|-enditem|p2a: Regidrago|Lum Berry|[from] move: Knock Off|[of] p1a: Zapdos\n|move|p2a: Regidrago|Dragon Dance|p2a: Regidrago\n|-boost|p2a: Regidrago|atk|1\n|-boost|p2a: Regidrago|spe|1\n|\n|upkeep\n|turn|20\n|\n|t:|1782868433\n|switch|p1a: Slowbro|Slowbro-Galar, L87, F|307/307 slp\n|move|p2a: Regidrago|Dragon Dance|p2a: Regidrago\n|-boost|p2a: Regidrago|atk|1\n|-boost|p2a: Regidrago|spe|1\n|\n|upkeep\n|turn|21\n|\n|t:|1782868439\n|move|p2a: Regidrago|Dragon Dance|p2a: Regidrago\n|-boost|p2a: Regidrago|atk|1\n|-boost|p2a: Regidrago|spe|1\n|cant|p1a: Slowbro|slp\n|\n|upkeep\n|turn|22\n|\n|t:|1782868446\n|move|p2a: Regidrago|Earthquake|p1a: Slowbro\n|-supereffective|p1a: Slowbro\n|-damage|p1a: Slowbro|37/307 slp\n|cant|p1a: Slowbro|slp\n|\n|upkeep\n|turn|23\n|\n|t:|1782868453\n|move|p2a: Regidrago|Earthquake|p1a: Slowbro\n|-supereffective|p1a: Slowbro\n|-damage|p1a: Slowbro|0 fnt\n|faint|p1a: Slowbro\n|\n|upkeep\n|\n|t:|1782868456\n|switch|p1a: Kleavor|Kleavor, L78, F|237/237\n|turn|24\n|\n|t:|1782868475\n|move|p2a: Regidrago|Outrage|p1a: Kleavor\n|-damage|p1a: Kleavor|0 fnt\n|faint|p1a: Kleavor\n|\n|upkeep\n|\n|t:|1782868479\n|switch|p1a: Zapdos|Zapdos-Galar, L77|203/265\n|turn|25\n|\n|t:|1782868482\n|-terastallize|p1a: Zapdos|Fighting\n|move|p2a: Regidrago|Outrage|p1a: Zapdos|[from] lockedmove\n|-damage|p1a: Zapdos|0 fnt\n|faint|p1a: Zapdos\n|-start|p2a: Regidrago|confusion|[fatigue]\n|\n|win|XGRE3N\n|raw|PokeAlex1's rating: 1527 &rarr; <strong>1510</strong><br />(-17 for losing)\n|raw|XGRE3N's rating: 1588 &rarr; <strong>1605</strong><br />(+17 for winning)\n|l|\u2606PokeAlex1\n|player|p1|\n", "inputlog": ">version f8ac14003a5f27e1bdc8d8c59608a773c1cb96e5\n>start {\"formatid\":\"gen9randombattle\",\"seed\":\"sodium,e63affb0274c3da14db921c1912b8d41\",\"rated\":\"Rated battle\"}\n>player p1 {\"name\":\"PokeAlex1\",\"avatar\":\"veteran\",\"rating\":1527,\"seed\":\"sodium,68f8d3b049a5483d6e96ef9ea1e17cfd\"}\n>player p2 {\"name\":\"XGRE3N\",\"avatar\":\"gentleman-gen4\",\"rating\":1588,\"seed\":\"sodium,6999d62efe06df8330405c1cfc7ada0a\"}\n>p1 move calmmind\n>p2 move outrage\n>p1 move boomburst\n>p2 move outrage\n>p2 switch 4\n>p1 move earthpower\n>p2 move ironhead\n>p1 switch 5\n>p1 move closecombat\n>p2 switch 3\n>p1 switch 3\n>p2 move playrough\n>p1 move psychic\n>p2 move yawn\n>p1 move shellsidearm\n>p2 switch 5\n>p1 switch 3\n>p2 move earthquake\n>p1 move bravebird\n>p2 switch 5\n>p1 move bravebird\n>p2 move protect\n>p1 move bravebird\n>p2 move wish\n>p2 switch 3\n>p1 switch 2\n>p2 move ironhead\n>p1 move dragondance\n>p2 move closecombat terastallize\n>p1 switch 4\n>p1 move bravebird\n>p2 move ironhead\n>p2 switch 5\n>p1 move bravebird\n>p2 move stoneedge\n>p2 switch 2\n>p1 move freezedry\n>p2 move psyshock\n>p1 move freezedry\n>p2 move psyshock\n>p1 switch 2\n>p1 move knockoff\n>p2 move psyshock\n>p2 switch 6\n>p1 move knockoff\n>p2 move dragondance\n>p1 switch 3\n>p2 move dragondance\n>p1 move psychic\n>p2 move dragondance\n>p1 move foulplay\n>p2 move earthquake\n>p1 move foulplay\n>p2 move earthquake\n>p1 switch 6\n>p1 move stoneaxe\n>p2 move outrage\n>p1 switch 3\n>p1 move closecombat terastallize\n>p2 move outrage", "uploadtime": 1782868503, "views": 7, "formatid": "gen9randombattle", "rating": 1510, "private": 0, "password": null, "player_dets": [{"name": "PokeAlex1", "avatar": "veteran", "rating": 1527, "seed": "sodium,68f8d3b049a5483d6e96ef9ea1e17cfd"}, {"name": "XGRE3N", "avatar": "gentleman-gen4", "rating": 1588, "seed": "sodium,6999d62efe06df8330405c1cfc7ada0a"}], "teams_full": [{"Dudunsparce": {"name": "Dudunsparce", "species": "Dudunsparce", "speciesId": "dudunsparce", "gender": "M", "shiny": false, "level": 83, "moves": ["roost", "boomburst", "earthpower", "calmmind"], "ability": "Rattled", "evs": {"hp": 85, "atk": 0, "def": 85, "spa": 85, "spd": 85, "spe": 85}, "ivs": {"hp": 31, "atk": 0, "def": 31, "spa": 31, "spd": 31, "spe": 31}, "item": "Leftovers", "teraType": "Poison", "role": "Bulky Setup", "bvs": {"hp": 125, "atk": 100, "def": 80, "spa": 85, "spd": 75, "spe": 55}, "stats": {"hp": 343, "atk": 171, "def": 180, "spa": 189, "spd": 172, "spe": 139}, "types": ["Normal"]}, "Gouging Fire": {"name": "Gouging Fire", "species": "Gouging Fire", "speciesId": "gougingfire", "gender": "N", "shiny": false, "level": 74, "moves": ["outrage", "heatcrash", "dragondance", "earthquake"], "ability": "Protosynthesis", "evs": {"hp": 85, "atk": 85, "def": 85, "spa": 85, "spd": 85, "spe": 85}, "ivs": {"hp": 31, "atk": 31, "def": 31, "spa": 31, "spd": 31, "spe": 31}, "item": "Heavy-Duty Boots", "teraType": "Ground", "role": "Setup Sweeper", "bvs": {"hp": 105, "atk": 115, "def": 121, "spa": 65, "spd": 93, "spe": 91}, "stats": {"hp": 277, "atk": 213, "def": 222, "spa": 139, "spd": 181, "spe": 178}, "types": ["Fire", "Dragon"]}, "Slowbro": {"name": "Slowbro", "species": "Slowbro-Galar", "speciesId": "slowbrogalar", "gender": "F", "shiny": false, "level": 87, "moves": ["psychic", "shellsidearm", "fireblast", "foulplay"], "ability": "Regenerator", "evs": {"hp": 85, "atk": 85, "def": 85, "spa": 85, "spd": 85, "spe": 85}, "ivs": {"hp": 31, "atk": 31, "def": 31, "spa": 31, "spd": 31, "spe": 31}, "item": "Assault Vest", "teraType": "Dark", "role": "AV Pivot", "bvs": {"hp": 95, "atk": 100, "def": 95, "spa": 100, "spd": 70, "spe": 30}, "stats": {"hp": 307, "atk": 224, "def": 215, "spa": 224, "spd": 172, "spe": 102}, "types": ["Poison", "Psychic"]}, "Articuno": {"name": "Articuno", "species": "Articuno", "speciesId": "articuno", "gender": "N", "shiny": false, "level": 86, "moves": ["bravebird", "haze", "freezedry", "roost"], "ability": "Pressure", "evs": {"hp": 85, "atk": 85, "def": 85, "spa": 85, "spd": 85, "spe": 85}, "ivs": {"hp": 31, "atk": 31, "def": 31, "spa": 31, "spd": 31, "spe": 31}, "item": "Heavy-Duty Boots", "teraType": "Ground", "role": "Bulky Support", "bvs": {"hp": 90, "atk": 85, "def": 100, "spa": 95, "spd": 125, "spe": 85}, "stats": {"hp": 295, "atk": 195, "def": 221, "spa": 213, "spd": 264, "spe": 195}, "types": ["Ice", "Flying"]}, "Zapdos": {"name": "Zapdos", "species": "Zapdos-Galar", "speciesId": "zapdosgalar", "gender": "N", "shiny": false, "level": 77, "moves": ["uturn", "closecombat", "knockoff", "bravebird"], "ability": "Defiant", "evs": {"hp": 85, "atk": 85, "def": 85, "spa": 85, "spd": 85, "spe": 85}, "ivs": {"hp": 31, "atk": 31, "def": 31, "spa": 31, "spd": 31, "spe": 31}, "item": "Choice Scarf", "teraType": "Fighting", "role": "Fast Attacker", "bvs": {"hp": 90, "atk": 125, "def": 90, "spa": 85, "spd": 90, "spe": 100}, "stats": {"hp": 265, "atk": 237, "def": 183, "spa": 175, "spd": 183, "spe": 199}, "types": ["Fighting", "Flying"]}, "Kleavor": {"name": "Kleavor", "species": "Kleavor", "speciesId": "kleavor", "gender": "F", "shiny": false, "level": 78, "moves": ["closecombat", "swordsdance", "xscissor", "stoneaxe"], "ability": "Sharpness", "evs": {"hp": 85, "atk": 85, "def": 85, "spa": 85, "spd": 85, "spe": 85}, "ivs": {"hp": 31, "atk": 31, "def": 31, "spa": 31, "spd": 31, "spe": 31}, "item": "Heavy-Duty Boots", "teraType": "Rock", "role": "Bulky Attacker", "bvs": {"hp": 70, "atk": 135, "def": 95, "spa": 45, "spd": 70, "spe": 85}, "stats": {"hp": 237, "atk": 256, "def": 193, "spa": 115, "spd": 154, "spe": 178}, "types": ["Bug", "Rock"]}}, {"Haxorus": {"name": "Haxorus", "species": "Haxorus", "speciesId": "haxorus", "gender": "M", "shiny": false, "level": 77, "moves": ["earthquake", "outrage", "ironhead", "dragondance"], "ability": "Mold Breaker", "evs": {"hp": 85, "atk": 85, "def": 85, "spa": 85, "spd": 85, "spe": 85}, "ivs": {"hp": 31, "atk": 31, "def": 31, "spa": 31, "spd": 31, "spe": 31}, "item": "Lum Berry", "teraType": "Steel", "role": "Setup Sweeper", "bvs": {"hp": 76, "atk": 147, "def": 90, "spa": 60, "spd": 70, "spe": 97}, "stats": {"hp": 244, "atk": 271, "def": 183, "spa": 137, "spd": 152, "spe": 194}, "types": ["Dragon"]}, "Exeggutor": {"name": "Exeggutor", "species": "Exeggutor", "speciesId": "exeggutor", "gender": "F", "shiny": false, "level": 89, "moves": ["gigadrain", "psyshock", "calmmind", "sleeppowder"], "ability": "Harvest", "evs": {"hp": 85, "atk": 0, "def": 85, "spa": 85, "spd": 85, "spe": 85}, "ivs": {"hp": 31, "atk": 0, "def": 31, "spa": 31, "spd": 31, "spe": 31}, "item": "Sitrus Berry", "teraType": "Steel", "role": "Bulky Setup", "bvs": {"hp": 95, "atk": 95, "def": 85, "spa": 125, "spd": 75, "spe": 55}, "stats": {"hp": 314, "atk": 174, "def": 202, "spa": 273, "spd": 184, "spe": 149}, "types": ["Grass", "Psychic"]}, "Dachsbun": {"name": "Dachsbun", "species": "Dachsbun", "speciesId": "dachsbun", "gender": "M", "shiny": false, "level": 92, "moves": ["playrough", "yawn", "protect", "wish"], "ability": "Well-Baked Body", "evs": {"hp": 85, "atk": 85, "def": 85, "spa": 85, "spd": 85, "spe": 85}, "ivs": {"hp": 31, "atk": 31, "def": 31, "spa": 31, "spd": 31, "spe": 31}, "item": "Leftovers", "teraType": "Steel", "role": "Bulky Support", "bvs": {"hp": 57, "atk": 80, "def": 115, "spa": 50, "spd": 80, "spe": 95}, "stats": {"hp": 254, "atk": 200, "def": 264, "spa": 144, "spd": 200, "spe": 227}, "types": ["Fairy"]}, "Perrserker": {"name": "Perrserker", "species": "Perrserker", "speciesId": "perrserker", "gender": "M", "shiny": false, "level": 89, "moves": ["stealthrock", "uturn", "closecombat", "ironhead"], "ability": "Tough Claws", "evs": {"hp": 85, "atk": 85, "def": 85, "spa": 85, "spd": 85, "spe": 85}, "ivs": {"hp": 31, "atk": 31, "def": 31, "spa": 31, "spd": 31, "spe": 31}, "item": "Life Orb", "teraType": "Fighting", "role": "Fast Attacker", "bvs": {"hp": 70, "atk": 110, "def": 100, "spa": 50, "spd": 60, "spe": 50}, "stats": {"hp": 269, "atk": 247, "def": 229, "spa": 140, "spd": 158, "spe": 140}, "types": ["Steel"]}, "Terrakion": {"name": "Terrakion", "species": "Terrakion", "speciesId": "terrakion", "gender": "N", "shiny": false, "level": 79, "moves": ["closecombat", "earthquake", "stoneedge", "quickattack"], "ability": "Justified", "evs": {"hp": 85, "atk": 85, "def": 85, "spa": 85, "spd": 85, "spe": 85}, "ivs": {"hp": 31, "atk": 31, "def": 31, "spa": 31, "spd": 31, "spe": 31}, "item": "Choice Band", "teraType": "Fighting", "role": "Wallbreaker", "bvs": {"hp": 91, "atk": 129, "def": 90, "spa": 72, "spd": 90, "spe": 108}, "stats": {"hp": 273, "atk": 249, "def": 188, "spa": 159, "spd": 188, "spe": 216}, "types": ["Rock", "Fighting"]}, "Regidrago": {"name": "Regidrago", "species": "Regidrago", "speciesId": "regidrago", "gender": "N", "shiny": false, "level": 77, "moves": ["outrage", "dracometeor", "earthquake", "dragondance"], "ability": "Dragon's Maw", "evs": {"hp": 85, "atk": 85, "def": 85, "spa": 85, "spd": 85, "spe": 85}, "ivs": {"hp": 31, "atk": 31, "def": 31, "spa": 31, "spd": 31, "spe": 31}, "item": "Lum Berry", "teraType": "Dragon", "role": "Setup Sweeper", "bvs": {"hp": 200, "atk": 100, "def": 50, "spa": 100, "spd": 50, "spe": 80}, "stats": {"hp": 435, "atk": 199, "def": 122, "spa": 199, "spd": 122, "spe": 168}, "types": ["Dragon"]}}]}