{"id": "gen9randombattle-2641950073", "format": "[Gen 9] Random Battle", "players": ["PlagTiara", "yeetaran"], "log": "|j|\u2606PlagTiara\n|j|\u203dyeetaran\n|t:|1782863552\n|gametype|singles\n|player|p1|PlagTiara|erika|1143\n|player|p2|yeetaran|2|1187\n|gen|9\n|tier|[Gen 9] Random Battle\n|rated|\n|rule|Species Clause: Limit one of each Pok\u00e9mon\n|rule|HP Percentage Mod: HP is shown in percentages\n|rule|Sleep Clause Mod: Limit one foe put to sleep\n|rule|Illusion Level Mod: Illusion disguises the Pok\u00e9mon's true level\n|\n|t:|1782863552\n|teamsize|p1|6\n|teamsize|p2|6\n|start\n|switch|p1a: Houndoom|Houndoom, L87, F|272/272\n|switch|p2a: Skuntank|Skuntank, L84, F|310/310\n|turn|1\n|inactive|Battle timer is ON: inactive players will automatically lose when time's up. (requested by yeetaran)\n|\n|t:|1782863564\n|move|p1a: Houndoom|Nasty Plot|p1a: Houndoom\n|-boost|p1a: Houndoom|spa|2\n|move|p2a: Skuntank|Toxic Spikes|p1a: Houndoom\n|-sidestart|p1: PlagTiara|move: Toxic Spikes\n|\n|upkeep\n|turn|2\n|\n|t:|1782863578\n|move|p1a: Houndoom|Fire Blast|p2a: Skuntank\n|-enditem|p2a: Skuntank|Focus Sash\n|-damage|p2a: Skuntank|1/310\n|move|p2a: Skuntank|Toxic Spikes|p1a: Houndoom\n|-sidestart|p1: PlagTiara|move: Toxic Spikes\n|\n|upkeep\n|turn|3\n|\n|t:|1782863587\n|move|p1a: Houndoom|Dark Pulse|p2a: Skuntank\n|-resisted|p2a: Skuntank\n|-damage|p2a: Skuntank|0 fnt\n|faint|p2a: Skuntank\n|\n|upkeep\n|\n|t:|1782863605\n|switch|p2a: Gouging Fire|Gouging Fire, L74|277/277\n|turn|4\n|\n|t:|1782863614\n|move|p1a: Houndoom|Dark Pulse|p2a: Gouging Fire\n|-damage|p2a: Gouging Fire|55/277\n|cant|p2a: Gouging Fire|flinch\n|\n|upkeep\n|turn|5\n|\n|t:|1782863620\n|move|p1a: Houndoom|Dark Pulse|p2a: Gouging Fire\n|-damage|p2a: Gouging Fire|0 fnt\n|faint|p2a: Gouging Fire\n|-end|p2a: Gouging Fire|Protosynthesis|[silent]\n|\n|upkeep\n|\n|t:|1782863630\n|switch|p2a: Breloom|Breloom, L83, F|235/235\n|turn|6\n|\n|t:|1782863641\n|-terastallize|p2a: Breloom|Fighting\n|move|p1a: Houndoom|Fire Blast|p2a: Breloom\n|-damage|p2a: Breloom|0 fnt\n|faint|p2a: Breloom\n|\n|upkeep\n|-message|yeetaran forfeited.\n|\n|win|PlagTiara\n|raw|PlagTiara's rating: 1143 &rarr; <strong>1171</strong><br />(+28 for winning)\n|raw|yeetaran's rating: 1187 &rarr; <strong>1159</strong><br />(-28 for losing)\n|l|\u203dyeetaran\n|player|p2|\n", "inputlog": ">version f8ac14003a5f27e1bdc8d8c59608a773c1cb96e5\n>start {\"formatid\":\"gen9randombattle\",\"seed\":\"sodium,d217ad3e1af768d37c773da2e24a865a\",\"rated\":\"Rated battle\"}\n>player p1 {\"name\":\"PlagTiara\",\"avatar\":\"erika\",\"rating\":1143,\"seed\":\"sodium,22eef841eb3c63f66d890bba562897bc\"}\n>player p2 {\"name\":\"yeetaran\",\"avatar\":\"2\",\"rating\":1187,\"seed\":\"sodium,bdfb94fa4f9ff77d48784c6db204d295\"}\n>p1 move nastyplot\n>p2 move toxicspikes\n>p1 move fireblast\n>p2 move toxicspikes\n>p1 move darkpulse\n>p2 move knockoff\n>p2 switch 6\n>p1 move darkpulse\n>p2 move dragondance\n>p1 move darkpulse\n>p2 move dragondance\n>p2 switch 2\n>p1 move fireblast\n>p2 move rocktomb terastallize\n>forcelose p2", "uploadtime": 1782863651, "views": 6, "formatid": "gen9randombattle", "rating": 1159, "private": 0, "password": null, "player_dets": [{"name": "PlagTiara", "avatar": "erika", "rating": 1143, "seed": "sodium,22eef841eb3c63f66d890bba562897bc"}, {"name": "yeetaran", "avatar": "2", "rating": 1187, "seed": "sodium,bdfb94fa4f9ff77d48784c6db204d295"}], "teams_full": [{"Houndoom": {"name": "Houndoom", "species": "Houndoom", "speciesId": "houndoom", "gender": "F", "shiny": false, "level": 87, "moves": ["fireblast", "nastyplot", "sludgebomb", "darkpulse"], "ability": "Flash Fire", "evs": {"hp": 85, "atk": 0, "def": 85, "spa": 85, "spd": 85, "spe": 85}, "ivs": {"hp": 31, "atk": 0, "def": 31, "spa": 31, "spd": 31, "spe": 31}, "item": "Heavy-Duty Boots", "teraType": "Dark", "role": "Fast Attacker", "bvs": {"hp": 75, "atk": 90, "def": 50, "spa": 110, "spd": 80, "spe": 95}, "stats": {"hp": 272, "atk": 161, "def": 137, "spa": 241, "spd": 189, "spe": 215}, "types": ["Dark", "Fire"]}, "Braviary": {"name": "Braviary", "species": "Braviary", "speciesId": "braviary", "gender": "M", "shiny": false, "level": 85, "moves": ["closecombat", "bulkup", "roost", "bravebird"], "ability": "Defiant", "evs": {"hp": 85, "atk": 85, "def": 85, "spa": 85, "spd": 85, "spe": 85}, "ivs": {"hp": 31, "atk": 31, "def": 31, "spa": 31, "spd": 31, "spe": 31}, "item": "Heavy-Duty Boots", "teraType": "Steel", "role": "Fast Bulky Setup", "bvs": {"hp": 100, "atk": 123, "def": 75, "spa": 57, "spd": 75, "spe": 80}, "stats": {"hp": 309, "atk": 258, "def": 176, "spa": 146, "spd": 176, "spe": 185}, "types": ["Normal", "Flying"]}, "Landorus": {"name": "Landorus", "species": "Landorus-Therian", "speciesId": "landorustherian", "gender": "M", "shiny": false, "level": 76, "moves": ["uturn", "stealthrock", "earthquake", "taunt"], "ability": "Intimidate", "evs": {"hp": 85, "atk": 85, "def": 85, "spa": 85, "spd": 85, "spe": 85}, "ivs": {"hp": 31, "atk": 31, "def": 31, "spa": 31, "spd": 31, "spe": 31}, "item": "Leftovers", "teraType": "Water", "role": "Bulky Support", "bvs": {"hp": 89, "atk": 145, "def": 90, "spa": 105, "spd": 80, "spe": 91}, "stats": {"hp": 260, "atk": 264, "def": 181, "spa": 204, "spd": 166, "spe": 182}, "types": ["Ground", "Flying"]}, "Hitmonlee": {"name": "Hitmonlee", "species": "Hitmonlee", "speciesId": "hitmonlee", "gender": "M", "shiny": false, "level": 85, "moves": ["poisonjab", "closecombat", "knockoff", "swordsdance"], "ability": "Unburden", "evs": {"hp": 85, "atk": 85, "def": 85, "spa": 85, "spd": 85, "spe": 85}, "ivs": {"hp": 31, "atk": 31, "def": 31, "spa": 31, "spd": 31, "spe": 31}, "item": "White Herb", "teraType": "Poison", "role": "Setup Sweeper", "bvs": {"hp": 50, "atk": 120, "def": 53, "spa": 35, "spd": 110, "spe": 87}, "stats": {"hp": 224, "atk": 253, "def": 139, "spa": 108, "spd": 236, "spe": 197}, "types": ["Fighting"]}, "Virizion": {"name": "Virizion", "species": "Virizion", "speciesId": "virizion", "gender": "N", "shiny": false, "level": 82, "moves": ["closecombat", "swordsdance", "stoneedge", "leafblade"], "ability": "Justified", "evs": {"hp": 85, "atk": 85, "def": 85, "spa": 85, "spd": 85, "spe": 85}, "ivs": {"hp": 31, "atk": 31, "def": 31, "spa": 31, "spd": 31, "spe": 31}, "item": "Life Orb", "teraType": "Rock", "role": "Setup Sweeper", "bvs": {"hp": 91, "atk": 90, "def": 72, "spa": 90, "spd": 129, "spe": 108}, "stats": {"hp": 283, "atk": 195, "def": 165, "spa": 195, "spd": 259, "spe": 224}, "types": ["Grass", "Fighting"]}, "Coalossal": {"name": "Coalossal", "species": "Coalossal", "speciesId": "coalossal", "gender": "M", "shiny": false, "level": 89, "moves": ["spikes", "rapidspin", "flamethrower", "stoneedge"], "ability": "Flame Body", "evs": {"hp": 85, "atk": 85, "def": 85, "spa": 85, "spd": 85, "spe": 85}, "ivs": {"hp": 31, "atk": 31, "def": 31, "spa": 31, "spd": 31, "spe": 31}, "item": "Heavy-Duty Boots", "teraType": "Ghost", "role": "Bulky Support", "bvs": {"hp": 110, "atk": 80, "def": 120, "spa": 80, "spd": 90, "spe": 30}, "stats": {"hp": 341, "atk": 193, "def": 264, "spa": 193, "spd": 211, "spe": 104}, "types": ["Rock", "Fire"]}}, {"Skuntank": {"name": "Skuntank", "species": "Skuntank", "speciesId": "skuntank", "gender": "F", "shiny": false, "level": 84, "moves": ["knockoff", "taunt", "gunkshot", "toxicspikes"], "ability": "Aftermath", "evs": {"hp": 85, "atk": 85, "def": 85, "spa": 85, "spd": 85, "spe": 85}, "ivs": {"hp": 31, "atk": 31, "def": 31, "spa": 31, "spd": 31, "spe": 31}, "item": "Focus Sash", "teraType": "Poison", "role": "Fast Support", "bvs": {"hp": 103, "atk": 93, "def": 67, "spa": 71, "spd": 61, "spe": 84}, "stats": {"hp": 310, "atk": 204, "def": 161, "spa": 167, "spd": 151, "spe": 189}, "types": ["Poison", "Dark"]}, "Breloom": {"name": "Breloom", "species": "Breloom", "speciesId": "breloom", "gender": "F", "shiny": false, "level": 83, "moves": ["rocktomb", "bulletseed", "machpunch", "spore"], "ability": "Technician", "evs": {"hp": 85, "atk": 85, "def": 85, "spa": 85, "spd": 85, "spe": 85}, "ivs": {"hp": 31, "atk": 31, "def": 31, "spa": 31, "spd": 31, "spe": 31}, "item": "Life Orb", "teraType": "Fighting", "role": "Fast Attacker", "bvs": {"hp": 60, "atk": 130, "def": 80, "spa": 60, "spd": 60, "spe": 70}, "stats": {"hp": 235, "atk": 263, "def": 180, "spa": 147, "spd": 147, "spe": 164}, "types": ["Grass", "Fighting"]}, "Piloswine": {"name": "Piloswine", "species": "Piloswine", "speciesId": "piloswine", "gender": "F", "shiny": false, "level": 85, "moves": ["roar", "iciclecrash", "stealthrock", "earthquake"], "ability": "Thick Fat", "evs": {"hp": 85, "atk": 85, "def": 85, "spa": 85, "spd": 85, "spe": 85}, "ivs": {"hp": 31, "atk": 31, "def": 31, "spa": 31, "spd": 31, "spe": 31}, "item": "Eviolite", "teraType": "Poison", "role": "Bulky Support", "bvs": {"hp": 100, "atk": 100, "def": 80, "spa": 60, "spd": 60, "spe": 50}, "stats": {"hp": 309, "atk": 219, "def": 185, "spa": 151, "spd": 151, "spe": 134}, "types": ["Ice", "Ground"]}, "Indeedee": {"name": "Indeedee", "species": "Indeedee-F", "speciesId": "indeedeef", "gender": "F", "shiny": false, "level": 90, "moves": ["healingwish", "hypervoice", "dazzlinggleam", "psyshock"], "ability": "Psychic Surge", "evs": {"hp": 85, "atk": 0, "def": 85, "spa": 85, "spd": 85, "spe": 85}, "ivs": {"hp": 31, "atk": 0, "def": 31, "spa": 31, "spd": 31, "spe": 31}, "item": "Choice Scarf", "teraType": "Fairy", "role": "Fast Attacker", "bvs": {"hp": 70, "atk": 55, "def": 65, "spa": 95, "spd": 105, "spe": 85}, "stats": {"hp": 272, "atk": 104, "def": 168, "spa": 222, "spd": 240, "spe": 204}, "types": ["Psychic", "Normal"]}, "Sceptile": {"name": "Sceptile", "species": "Sceptile", "speciesId": "sceptile", "gender": "F", "shiny": false, "level": 87, "moves": ["earthquake", "shedtail", "rockslide", "leafstorm"], "ability": "Overgrow", "evs": {"hp": 85, "atk": 85, "def": 85, "spa": 85, "spd": 85, "spe": 85}, "ivs": {"hp": 31, "atk": 31, "def": 31, "spa": 31, "spd": 31, "spe": 31}, "item": "Life Orb", "teraType": "Ground", "role": "Fast Attacker", "bvs": {"hp": 70, "atk": 85, "def": 65, "spa": 105, "spd": 85, "spe": 120}, "stats": {"hp": 264, "atk": 198, "def": 163, "spa": 232, "spd": 198, "spe": 259}, "types": ["Grass"]}, "Gouging Fire": {"name": "Gouging Fire", "species": "Gouging Fire", "speciesId": "gougingfire", "gender": "N", "shiny": false, "level": 74, "moves": ["outrage", "dragondance", "morningsun", "heatcrash"], "ability": "Protosynthesis", "evs": {"hp": 85, "atk": 85, "def": 85, "spa": 85, "spd": 85, "spe": 85}, "ivs": {"hp": 31, "atk": 31, "def": 31, "spa": 31, "spd": 31, "spe": 31}, "item": "Heavy-Duty Boots", "teraType": "Fairy", "role": "Bulky Setup", "bvs": {"hp": 105, "atk": 115, "def": 121, "spa": 65, "spd": 93, "spe": 91}, "stats": {"hp": 277, "atk": 213, "def": 222, "spa": 139, "spd": 181, "spe": 178}, "types": ["Fire", "Dragon"]}}]}