{"id": "gen9randombattle-2642064928", "format": "[Gen 9] Random Battle", "players": ["powerplay421", "dubbleclick"], "log": "|j|\u2606powerplay421\n|j|\u2606dubbleclick\n|t:|1782882363\n|gametype|singles\n|player|p1|powerplay421|2|1874\n|player|p2|dubbleclick|1|1980\n|gen|9\n|tier|[Gen 9] Random Battle\n|rated|\n|rule|Species Clause: Limit one of each Pok\u00e9mon\n|rule|HP Percentage Mod: HP is shown in percentages\n|rule|Sleep Clause Mod: Limit one foe put to sleep\n|rule|Illusion Level Mod: Illusion disguises the Pok\u00e9mon's true level\n|\n|t:|1782882363\n|teamsize|p1|6\n|teamsize|p2|6\n|start\n|switch|p1a: Talonflame|Talonflame, L83, M|265/265\n|switch|p2a: Arboliva|Arboliva, L91, F|290/290\n|turn|1\n|inactive|Battle timer is ON: inactive players will automatically lose when time's up. (requested by dubbleclick)\n|\n|t:|1782882386\n|switch|p2a: Mudsdale|Mudsdale, L83, F|302/302\n|move|p1a: Talonflame|Brave Bird|p2a: Mudsdale\n|-damage|p2a: Mudsdale|200/302\n|-ability|p2a: Mudsdale|Stamina|boost\n|-boost|p2a: Mudsdale|def|1\n|-damage|p1a: Talonflame|231/265|[from] Recoil\n|\n|-heal|p2a: Mudsdale|218/302|[from] item: Leftovers\n|upkeep\n|turn|2\n|\n|t:|1782882405\n|move|p1a: Talonflame|Will-O-Wisp|p2a: Mudsdale\n|-status|p2a: Mudsdale|brn\n|move|p2a: Mudsdale|Stone Edge|p1a: Talonflame\n|-supereffective|p1a: Talonflame\n|-damage|p1a: Talonflame|25/265\n|\n|-heal|p2a: Mudsdale|236/302 brn|[from] item: Leftovers\n|-damage|p2a: Mudsdale|218/302 brn|[from] brn\n|upkeep\n|turn|3\n|inactive|powerplay421 has 120 seconds left.\n|\n|t:|1782882452\n|switch|p1a: Bruxish|Bruxish, L85, M|254/254\n|move|p2a: Mudsdale|Earthquake|p1a: Bruxish\n|-damage|p1a: Bruxish|186/254\n|\n|-heal|p2a: Mudsdale|236/302 brn|[from] item: Leftovers\n|-damage|p2a: Mudsdale|218/302 brn|[from] brn\n|upkeep\n|turn|4\n|\n|t:|1782882462\n|move|p1a: Bruxish|Wave Crash|p2a: Mudsdale\n|-supereffective|p2a: Mudsdale\n|-damage|p2a: Mudsdale|0 fnt\n|faint|p2a: Mudsdale\n|-damage|p1a: Bruxish|114/254|[from] Recoil\n|\n|upkeep\n|\n|t:|1782882482\n|switch|p2a: Arboliva|Arboliva, L91, F|290/290\n|turn|5\n|\n|t:|1782882509\n|move|p1a: Bruxish|Wave Crash|p2a: Arboliva\n|-resisted|p2a: Arboliva\n|-damage|p2a: Arboliva|200/290\n|-fieldstart|move: Grassy Terrain|[from] ability: Seed Sower|[of] p2a: Arboliva\n|-damage|p1a: Bruxish|84/254|[from] Recoil\n|move|p2a: Arboliva|Energy Ball|p1a: Bruxish\n|-supereffective|p1a: Bruxish\n|-damage|p1a: Bruxish|0 fnt\n|faint|p1a: Bruxish\n|\n|-heal|p2a: Arboliva|218/290|[from] Grassy Terrain\n|-heal|p2a: Arboliva|236/290|[from] item: Leftovers\n|upkeep\n|inactive|powerplay421 has 90 seconds left.\n|\n|t:|1782882520\n|switch|p1a: Talonflame|Talonflame, L83, M|25/265\n|turn|6\n|inactive|powerplay421 has 90 seconds left.\n|\n|t:|1782882535\n|switch|p2a: Sudowoodo|Sudowoodo, L94, M|284/284\n|move|p1a: Talonflame|Brave Bird|p2a: Sudowoodo\n|-resisted|p2a: Sudowoodo\n|-damage|p2a: Sudowoodo|246/284\n|-damage|p1a: Talonflame|12/265|[from] Recoil\n|\n|-heal|p2a: Sudowoodo|263/284|[from] Grassy Terrain\n|-heal|p2a: Sudowoodo|280/284|[from] item: Leftovers\n|upkeep\n|turn|7\n|inactive|powerplay421 has 90 seconds left.\n|\n|t:|1782882552\n|move|p1a: Talonflame|Roost|p1a: Talonflame\n|-heal|p1a: Talonflame|145/265\n|-singleturn|p1a: Talonflame|move: Roost\n|move|p2a: Sudowoodo|Stealth Rock|p1a: Talonflame\n|-sidestart|p1: powerplay421|move: Stealth Rock\n|\n|-heal|p1a: Talonflame|161/265|[from] Grassy Terrain\n|-heal|p2a: Sudowoodo|284/284|[from] Grassy Terrain\n|upkeep\n|turn|8\n|\n|t:|1782882566\n|move|p1a: Talonflame|Will-O-Wisp|p2a: Sudowoodo\n|-status|p2a: Sudowoodo|brn\n|move|p2a: Sudowoodo|Head Smash|p1a: Talonflame|[miss]\n|-miss|p2a: Sudowoodo|p1a: Talonflame\n|\n|-damage|p2a: Sudowoodo|267/284 brn|[from] brn\n|upkeep\n|turn|9\n|c|\u2606dubbleclick|dang this talonflame\n|c|\u2606dubbleclick|I knew I'd miss\n|\n|t:|1782882580\n|switch|p1a: Dachsbun|Dachsbun, L92, F|254/254\n|-damage|p1a: Dachsbun|223/254|[from] Stealth Rock\n|move|p2a: Sudowoodo|Head Smash|p1a: Dachsbun\n|-damage|p1a: Dachsbun|144/254\n|\n|-heal|p1a: Dachsbun|159/254|[from] Grassy Terrain\n|-heal|p1a: Dachsbun|174/254|[from] item: Leftovers\n|-heal|p2a: Sudowoodo|284/284 brn|[from] Grassy Terrain\n|-damage|p2a: Sudowoodo|267/284 brn|[from] brn\n|-fieldend|move: Grassy Terrain\n|upkeep\n|turn|10\n|\n|t:|1782882593\n|switch|p2a: Skuntank|Skuntank, L84, F|310/310\n|move|p1a: Dachsbun|Wish|p1a: Dachsbun\n|\n|-heal|p1a: Dachsbun|189/254|[from] item: Leftovers\n|upkeep\n|turn|11\n|inactive|powerplay421 has 60 seconds left.\n|\n|t:|1782882636\n|move|p1a: Dachsbun|Protect|p1a: Dachsbun\n|-singleturn|p1a: Dachsbun|Protect\n|move|p2a: Skuntank|Gunk Shot|p1a: Dachsbun\n|-activate|p1a: Dachsbun|move: Protect\n|\n|-heal|p1a: Dachsbun|254/254|[from] move: Wish|[wisher] Dachsbun\n|upkeep\n|turn|12\n|\n|t:|1782882648\n|move|p1a: Dachsbun|Yawn|p2a: Skuntank\n|-start|p2a: Skuntank|move: Yawn|[of] p1a: Dachsbun\n|move|p2a: Skuntank|Knock Off|p1a: Dachsbun\n|-resisted|p1a: Dachsbun\n|-damage|p1a: Dachsbun|207/254\n|-enditem|p1a: Dachsbun|Leftovers|[from] move: Knock Off|[of] p2a: Skuntank\n|-damage|p2a: Skuntank|279/310|[from] item: Life Orb\n|\n|upkeep\n|turn|13\n|\n|t:|1782882661\n|switch|p1a: Tatsugiri|Tatsugiri, L87, M|260/260\n|switch|p2a: Arboliva|Arboliva, L91, F|236/290\n|\n|-heal|p2a: Arboliva|254/290|[from] item: Leftovers\n|upkeep\n|turn|14\n|inactive|powerplay421 has 30 seconds left.\n|\n|t:|1782882697\n|move|p1a: Tatsugiri|Nasty Plot|p1a: Tatsugiri\n|-boost|p1a: Tatsugiri|spa|2\n|move|p2a: Arboliva|Energy Ball|p1a: Tatsugiri\n|-damage|p1a: Tatsugiri|137/260\n|\n|-heal|p2a: Arboliva|272/290|[from] item: Leftovers\n|upkeep\n|turn|15\n|inactive|powerplay421 has 30 seconds left.\n|\n|t:|1782882703\n|move|p1a: Tatsugiri|Rapid Spin|p2a: Arboliva\n|-damage|p2a: Arboliva|251/290\n|-boost|p1a: Tatsugiri|spe|1\n|-fieldstart|move: Grassy Terrain|[from] ability: Seed Sower|[of] p2a: Arboliva\n|-sideend|p1: powerplay421|Stealth Rock|[from] move: Rapid Spin|[of] p1a: Tatsugiri\n|move|p2a: Arboliva|Strength Sap|p1a: Tatsugiri\n|-unboost|p1a: Tatsugiri|atk|1\n|-heal|p2a: Arboliva|290/290\n|\n|-heal|p1a: Tatsugiri|153/260|[from] Grassy Terrain\n|upkeep\n|turn|16\n|inactive|powerplay421 has 30 seconds left.\n|\n|t:|1782882719\n|switch|p2a: Sudowoodo|Sudowoodo, L94, M|267/284 brn\n|move|p1a: Tatsugiri|Draco Meteor|p2a: Sudowoodo\n|-damage|p2a: Sudowoodo|0 fnt\n|-unboost|p1a: Tatsugiri|spa|2\n|faint|p2a: Sudowoodo\n|\n|-heal|p1a: Tatsugiri|169/260|[from] Grassy Terrain\n|upkeep\n|\n|t:|1782882725\n|switch|p2a: Urshifu|Urshifu, L74, M|270/270\n|turn|17\n|inactive|powerplay421 has 30 seconds left.\n|\n|t:|1782882749\n|switch|p1a: Dachsbun|Dachsbun, L92, F|207/254\n|move|p2a: Urshifu|Wicked Blow|p1a: Dachsbun\n|-resisted|p1a: Dachsbun\n|-crit|p1a: Dachsbun\n|-damage|p1a: Dachsbun|149/254\n|-damage|p2a: Urshifu|243/270|[from] item: Life Orb\n|\n|-heal|p1a: Dachsbun|164/254|[from] Grassy Terrain\n|-heal|p2a: Urshifu|259/270|[from] Grassy Terrain\n|upkeep\n|turn|18\n|inactive|powerplay421 has 30 seconds left.\n|\n|t:|1782882764\n|switch|p2a: Skuntank|Skuntank, L84, F|279/310\n|move|p1a: Dachsbun|Play Rough|p2a: Skuntank\n|-damage|p2a: Skuntank|164/310\n|\n|-heal|p1a: Dachsbun|179/254|[from] Grassy Terrain\n|-heal|p2a: Skuntank|183/310|[from] Grassy Terrain\n|upkeep\n|turn|19\n|inactive|powerplay421 has 30 seconds left.\n|\n|t:|1782882777\n|move|p1a: Dachsbun|Protect|p1a: Dachsbun\n|-singleturn|p1a: Dachsbun|Protect\n|move|p2a: Skuntank|Gunk Shot|p1a: Dachsbun\n|-activate|p1a: Dachsbun|move: Protect\n|\n|-heal|p1a: Dachsbun|194/254|[from] Grassy Terrain\n|-heal|p2a: Skuntank|202/310|[from] Grassy Terrain\n|-fieldend|move: Grassy Terrain\n|upkeep\n|turn|20\n|inactive|powerplay421 has 30 seconds left.\n|c|\u2606dubbleclick|time to miss again I guess\n|inactive|powerplay421 has 20 seconds left.\n|\n|t:|1782882794\n|-terastallize|p1a: Dachsbun|Steel\n|move|p1a: Dachsbun|Yawn|p2a: Skuntank\n|-start|p2a: Skuntank|move: Yawn|[of] p1a: Dachsbun\n|move|p2a: Skuntank|Gunk Shot|p1a: Dachsbun\n|-immune|p1a: Dachsbun\n|\n|upkeep\n|turn|21\n|inactive|powerplay421 has 30 seconds left this turn.\n|\n|t:|1782882808\n|switch|p2a: Arboliva|Arboliva, L91, F|290/290\n|move|p1a: Dachsbun|Wish|p1a: Dachsbun\n|\n|upkeep\n|turn|22\n|inactive|powerplay421 has 30 seconds left.\n|\n|t:|1782882819\n|switch|p1a: Tatsugiri|Tatsugiri, L87, M|169/260\n|move|p2a: Arboliva|Hyper Voice|p1a: Tatsugiri\n|-damage|p1a: Tatsugiri|45/260\n|\n|-heal|p1a: Tatsugiri|172/260|[from] move: Wish|[wisher] Dachsbun\n|upkeep\n|turn|23\n|inactive|powerplay421 has 30 seconds left.\n|\n|t:|1782882828\n|move|p1a: Tatsugiri|Nasty Plot|p1a: Tatsugiri\n|-boost|p1a: Tatsugiri|spa|2\n|move|p2a: Arboliva|Energy Ball|p1a: Tatsugiri\n|-damage|p1a: Tatsugiri|51/260\n|\n|upkeep\n|turn|24\n|\n|t:|1782882838\n|switch|p2a: Skuntank|Skuntank, L84, F|202/310\n|move|p1a: Tatsugiri|Draco Meteor|p2a: Skuntank\n|-damage|p2a: Skuntank|0 fnt\n|-unboost|p1a: Tatsugiri|spa|2\n|faint|p2a: Skuntank\n|\n|upkeep\n|\n|t:|1782882845\n|switch|p2a: Arboliva|Arboliva, L91, F|290/290\n|turn|25\n|\n|t:|1782882852\n|move|p1a: Tatsugiri|Draco Meteor|p2a: Arboliva\n|-damage|p2a: Arboliva|157/290\n|-unboost|p1a: Tatsugiri|spa|2\n|-fieldstart|move: Grassy Terrain|[from] ability: Seed Sower|[of] p2a: Arboliva\n|move|p2a: Arboliva|Hyper Voice|p1a: Tatsugiri\n|-damage|p1a: Tatsugiri|0 fnt\n|faint|p1a: Tatsugiri\n|\n|-heal|p2a: Arboliva|175/290|[from] Grassy Terrain\n|-heal|p2a: Arboliva|193/290|[from] item: Leftovers\n|upkeep\n|\n|t:|1782882865\n|switch|p1a: Heracross|Heracross, L80, M|259/259\n|turn|26\n|\n|t:|1782882879\n|-terastallize|p2a: Arboliva|Poison\n|move|p1a: Heracross|Knock Off|p2a: Arboliva\n|-damage|p2a: Arboliva|118/290\n|-enditem|p2a: Arboliva|Leftovers|[from] move: Knock Off|[of] p1a: Heracross\n|move|p2a: Arboliva|Hyper Voice|p1a: Heracross\n|-damage|p1a: Heracross|133/259\n|\n|-heal|p1a: Heracross|149/259|[from] Grassy Terrain\n|-heal|p2a: Arboliva|136/290|[from] Grassy Terrain\n|-status|p1a: Heracross|brn|[from] item: Flame Orb\n|upkeep\n|turn|27\n|\n|t:|1782882890\n|switch|p2a: Urshifu|Urshifu, L74, M|259/270\n|move|p1a: Heracross|Facade|p2a: Urshifu\n|-damage|p2a: Urshifu|80/270\n|\n|-heal|p2a: Urshifu|96/270|[from] Grassy Terrain\n|-heal|p1a: Heracross|165/259 brn|[from] Grassy Terrain\n|-damage|p1a: Heracross|149/259 brn|[from] brn\n|upkeep\n|turn|28\n|\n|t:|1782882901\n|move|p2a: Urshifu|Close Combat|p1a: Heracross\n|-resisted|p1a: Heracross\n|-damage|p1a: Heracross|57/259 brn\n|-unboost|p2a: Urshifu|def|1\n|-unboost|p2a: Urshifu|spd|1\n|-damage|p2a: Urshifu|69/270|[from] item: Life Orb\n|move|p1a: Heracross|Facade|p2a: Urshifu\n|-damage|p2a: Urshifu|0 fnt\n|faint|p2a: Urshifu\n|\n|-heal|p1a: Heracross|73/259 brn|[from] Grassy Terrain\n|-damage|p1a: Heracross|57/259 brn|[from] brn\n|upkeep\n|\n|t:|1782882906\n|switch|p2a: Dragonite|Dragonite, L74, M|257/257\n|turn|29\n|\n|t:|1782882919\n|switch|p1a: Dachsbun|Dachsbun, L92, F, tera:Steel|194/254\n|move|p2a: Dragonite|Dragon Dance|p2a: Dragonite\n|-boost|p2a: Dragonite|atk|1\n|-boost|p2a: Dragonite|spe|1\n|\n|-heal|p1a: Dachsbun|209/254|[from] Grassy Terrain\n|-fieldend|move: Grassy Terrain\n|upkeep\n|turn|30\n|\n|t:|1782882930\n|move|p2a: Dragonite|Earthquake|p1a: Dachsbun\n|-supereffective|p1a: Dachsbun\n|-damage|p1a: Dachsbun|41/254\n|move|p1a: Dachsbun|Yawn|p2a: Dragonite\n|-start|p2a: Dragonite|move: Yawn|[of] p1a: Dachsbun\n|\n|upkeep\n|turn|31\n|c|\u2606dubbleclick|dang really\n|\n|t:|1782882938\n|switch|p2a: Arboliva|Arboliva, L91, F, tera:Poison|136/290\n|move|p1a: Dachsbun|Protect||[still]\n|-fail|p1a: Dachsbun\n|\n|upkeep\n|turn|32\n|\n|t:|1782882946\n|move|p1a: Dachsbun|Wish|p1a: Dachsbun\n|move|p2a: Arboliva|Hyper Voice|p1a: Dachsbun\n|-resisted|p1a: Dachsbun\n|-damage|p1a: Dachsbun|0 fnt\n|faint|p1a: Dachsbun\n|\n|upkeep\n|inactive|powerplay421 has 60 seconds left.\n|\n|t:|1782882966\n|switch|p1a: Talonflame|Talonflame, L83, M|161/265\n|turn|33\n|c|\u2606powerplay421|oops lol\n|\n|t:|1782882989\n|move|p1a: Talonflame|Brave Bird|p2a: Arboliva\n|-damage|p2a: Arboliva|39/290\n|-fieldstart|move: Grassy Terrain|[from] ability: Seed Sower|[of] p2a: Arboliva\n|-damage|p1a: Talonflame|129/265|[from] Recoil\n|move|p2a: Arboliva|Strength Sap|p1a: Talonflame\n|-unboost|p1a: Talonflame|atk|1\n|-heal|p2a: Arboliva|221/290\n|\n|-heal|p1a: Talonflame|256/265|[from] move: Wish|[wisher] Dachsbun\n|-heal|p2a: Arboliva|239/290|[from] Grassy Terrain\n|upkeep\n|turn|34\n|inactive|powerplay421 has 30 seconds left.\n|inactive|powerplay421 has 20 seconds left.\n|\n|t:|1782883018\n|switch|p1a: Pikachu|Pikachu-Hoenn, L93, F|216/216\n|move|p2a: Arboliva|Hyper Voice|p1a: Pikachu\n|-damage|p1a: Pikachu|30/216\n|\n|-heal|p1a: Pikachu|43/216|[from] Grassy Terrain\n|-heal|p2a: Arboliva|257/290|[from] Grassy Terrain\n|upkeep\n|turn|35\n|inactive|powerplay421 has 30 seconds left this turn.\n|inactive|powerplay421 has 20 seconds left.\n|\n|t:|1782883033\n|move|p1a: Pikachu|Volt Tackle|p2a: Arboliva\n|-damage|p2a: Arboliva|58/290\n|-damage|p1a: Pikachu|0 fnt|[from] Recoil\n|faint|p1a: Pikachu\n|move|p2a: Arboliva|Energy Ball|p1: Pikachu|[notarget]\n|-fail|p2a: Arboliva\n|\n|-heal|p2a: Arboliva|76/290|[from] Grassy Terrain\n|upkeep\n|inactive|powerplay421 has 25 seconds left this turn.\n|inactive|powerplay421 has 20 seconds left.\n|c|\u2606dubbleclick|good god\n|inactive|powerplay421 has 15 seconds left.\n|\n|t:|1782883043\n|switch|p1a: Heracross|Heracross, L80, M|57/259 brn\n|turn|36\n|inactive|powerplay421 has 25 seconds left this turn.\n|\n|t:|1782883051\n|move|p1a: Heracross|Facade|p2a: Arboliva\n|-damage|p2a: Arboliva|0 fnt\n|faint|p2a: Arboliva\n|\n|-heal|p1a: Heracross|73/259 brn|[from] Grassy Terrain\n|-damage|p1a: Heracross|57/259 brn|[from] brn\n|upkeep\n|\n|t:|1782883053\n|switch|p2a: Dragonite|Dragonite, L74, M|257/257\n|turn|37\n|inactive|powerplay421 has 30 seconds left.\n|inactive|powerplay421 has 20 seconds left.\n|inactive|powerplay421 has 15 seconds left.\n|\n|t:|1782883080\n|move|p1a: Heracross|Trailblaze|p2a: Dragonite\n|-resisted|p2a: Dragonite\n|-damage|p2a: Dragonite|247/257\n|-boost|p1a: Heracross|spe|1\n|move|p2a: Dragonite|Dragon Dance|p2a: Dragonite\n|-boost|p2a: Dragonite|atk|1\n|-boost|p2a: Dragonite|spe|1\n|\n|-heal|p1a: Heracross|73/259 brn|[from] Grassy Terrain\n|-damage|p1a: Heracross|57/259 brn|[from] brn\n|-fieldend|move: Grassy Terrain\n|upkeep\n|turn|38\n|inactive|powerplay421 has 25 seconds left this turn.\n|inactive|powerplay421 has 20 seconds left.\n|inactive|powerplay421 has 15 seconds left.\n|\n|t:|1782883091\n|move|p1a: Heracross|Facade|p2a: Dragonite\n|-damage|p2a: Dragonite|65/257\n|move|p2a: Dragonite|Dragon Dance|p2a: Dragonite\n|-boost|p2a: Dragonite|atk|1\n|-boost|p2a: Dragonite|spe|1\n|\n|-damage|p1a: Heracross|41/259 brn|[from] brn\n|upkeep\n|turn|39\n|inactive|powerplay421 has 25 seconds left this turn.\n|inactive|powerplay421 has 20 seconds left.\n|\n|t:|1782883097\n|move|p2a: Dragonite|Earthquake|p1a: Heracross\n|-resisted|p1a: Heracross\n|-damage|p1a: Heracross|0 fnt\n|faint|p1a: Heracross\n|\n|upkeep\n|inactive|powerplay421 has 25 seconds left this turn.\n|\n|t:|1782883100\n|switch|p1a: Talonflame|Talonflame, L83, M|256/265\n|turn|40\n|c|\u2606dubbleclick|gg\n|\n|t:|1782883103\n|move|p2a: Dragonite|Outrage|p1a: Talonflame\n|-damage|p1a: Talonflame|0 fnt\n|faint|p1a: Talonflame\n|\n|win|dubbleclick\n|raw|powerplay421's rating: 1874 &rarr; <strong>1860</strong><br />(-14 for losing)\n|raw|dubbleclick's rating: 1980 &rarr; <strong>1994</strong><br />(+14 for winning)\n", "inputlog": ">version f8ac14003a5f27e1bdc8d8c59608a773c1cb96e5\n>start {\"formatid\":\"gen9randombattle\",\"seed\":\"sodium,badf57f062ad6e0c3a4d82820b85b1ba\",\"rated\":\"Rated battle\"}\n>player p1 {\"name\":\"powerplay421\",\"avatar\":\"2\",\"rating\":1874,\"seed\":\"sodium,8652a7e4dca1016c8d4a2f641ce49516\"}\n>player p2 {\"name\":\"dubbleclick\",\"avatar\":\"1\",\"rating\":1980,\"seed\":\"sodium,577b244e9fc95032bdca2adaaf7611dd\"}\n>p1 move bravebird\n>p2 switch 6\n>p1 move willowisp\n>p2 move stoneedge\n>p1 switch 5\n>p2 move earthquake\n>p1 move wavecrash\n>p2 move earthquake\n>p2 switch 6\n>p1 move wavecrash\n>p2 move energyball\n>p1 switch 5\n>p1 move bravebird\n>p2 switch 2\n>p1 move roost\n>p2 move stealthrock\n>p1 move willowisp\n>p2 move headsmash\n>chat \u2606dubbleclick|dang this talonflame\n>chat \u2606dubbleclick|I knew I'd miss\n>p1 switch 2\n>p2 move headsmash\n>p1 move wish\n>p2 switch 5\n>p1 move protect\n>p2 move gunkshot\n>p1 move yawn\n>p2 move knockoff\n>p1 switch 3\n>p2 switch 2\n>p1 move nastyplot\n>p2 move energyball\n>p1 move rapidspin\n>p2 move strengthsap\n>p1 move dracometeor\n>p2 switch 5\n>p2 switch 3\n>p1 switch 3\n>p2 move wickedblow\n>p1 move playrough\n>p2 switch 2\n>p1 move protect\n>p2 move gunkshot\n>chat \u2606dubbleclick|time to miss again I guess\n>p1 move yawn terastallize\n>p2 move gunkshot\n>p1 move wish\n>p2 switch 5\n>p1 switch 3\n>p2 move hypervoice\n>p1 move nastyplot\n>p2 move energyball\n>p1 move dracometeor\n>p2 switch 5\n>p2 switch 5\n>p1 move dracometeor\n>p2 move hypervoice\n>p1 switch 4\n>p1 move knockoff\n>p2 move hypervoice terastallize\n>p1 move facade\n>p2 switch 2\n>p1 move facade\n>p2 move closecombat\n>p2 switch 4\n>p1 switch 3\n>p2 move dragondance\n>p1 move yawn\n>p2 move earthquake\n>chat \u2606dubbleclick|dang really\n>p1 move protect\n>p2 switch 2\n>p1 move wish\n>p2 move hypervoice\n>p1 switch 2\n>chat \u2606powerplay421|oops lol\n>p1 move bravebird\n>p2 move strengthsap\n>p1 switch 6\n>p2 move hypervoice\n>p1 move volttackle\n>p2 move energyball\n>chat \u2606dubbleclick|good god\n>p1 switch 3\n>p1 move facade\n>p2 move strengthsap\n>p2 switch 2\n>p1 move trailblaze\n>p2 move dragondance\n>p1 move facade\n>p2 move dragondance\n>p1 move facade\n>p2 move earthquake\n>p1 switch 6\n>chat \u2606dubbleclick|gg\n>p1 move bravebird\n>p2 move outrage", "uploadtime": 1782883104, "views": 2, "formatid": "gen9randombattle", "rating": 1860, "private": 0, "password": null, "player_dets": [{"name": "powerplay421", "avatar": "2", "rating": 1874, "seed": "sodium,8652a7e4dca1016c8d4a2f641ce49516"}, {"name": "dubbleclick", "avatar": "1", "rating": 1980, "seed": "sodium,577b244e9fc95032bdca2adaaf7611dd"}], "teams_full": [{"Talonflame": {"name": "Talonflame", "species": "Talonflame", "speciesId": "talonflame", "gender": "M", "shiny": false, "level": 83, "moves": ["overheat", "bravebird", "willowisp", "roost"], "ability": "Flame Body", "evs": {"hp": 85, "atk": 85, "def": 85, "spa": 85, "spd": 85, "spe": 85}, "ivs": {"hp": 31, "atk": 31, "def": 31, "spa": 31, "spd": 31, "spe": 31}, "item": "Heavy-Duty Boots", "teraType": "Ground", "role": "Bulky Attacker", "bvs": {"hp": 78, "atk": 81, "def": 71, "spa": 74, "spd": 69, "spe": 126}, "stats": {"hp": 265, "atk": 182, "def": 166, "spa": 171, "spd": 162, "spe": 257}, "types": ["Fire", "Flying"]}, "Dachsbun": {"name": "Dachsbun", "species": "Dachsbun", "speciesId": "dachsbun", "gender": "F", "shiny": false, "level": 92, "moves": ["protect", "playrough", "yawn", "wish"], "ability": "Well-Baked Body", "evs": {"hp": 85, "atk": 85, "def": 85, "spa": 85, "spd": 85, "spe": 85}, "ivs": {"hp": 31, "atk": 31, "def": 31, "spa": 31, "spd": 31, "spe": 31}, "item": "Leftovers", "teraType": "Steel", "role": "Bulky Support", "bvs": {"hp": 57, "atk": 80, "def": 115, "spa": 50, "spd": 80, "spe": 95}, "stats": {"hp": 254, "atk": 200, "def": 264, "spa": 144, "spd": 200, "spe": 227}, "types": ["Fairy"]}, "Tatsugiri": {"name": "Tatsugiri", "species": "Tatsugiri", "speciesId": "tatsugiri", "gender": "M", "shiny": false, "level": 87, "moves": ["nastyplot", "hydropump", "dracometeor", "rapidspin"], "ability": "Storm Drain", "evs": {"hp": 85, "atk": 85, "def": 85, "spa": 85, "spd": 85, "spe": 85}, "ivs": {"hp": 31, "atk": 31, "def": 31, "spa": 31, "spd": 31, "spe": 31}, "item": "Heavy-Duty Boots", "teraType": "Water", "role": "Fast Support", "bvs": {"hp": 68, "atk": 50, "def": 60, "spa": 120, "spd": 95, "spe": 82}, "stats": {"hp": 260, "atk": 137, "def": 154, "spa": 259, "spd": 215, "spe": 192}, "types": ["Dragon", "Water"]}, "Heracross": {"name": "Heracross", "species": "Heracross", "speciesId": "heracross", "gender": "M", "shiny": false, "level": 80, "moves": ["knockoff", "closecombat", "facade", "trailblaze"], "ability": "Guts", "evs": {"hp": 85, "atk": 85, "def": 85, "spa": 85, "spd": 85, "spe": 85}, "ivs": {"hp": 31, "atk": 31, "def": 31, "spa": 31, "spd": 31, "spe": 31}, "item": "Flame Orb", "teraType": "Normal", "role": "Setup Sweeper", "bvs": {"hp": 80, "atk": 125, "def": 75, "spa": 40, "spd": 95, "spe": 85}, "stats": {"hp": 259, "atk": 246, "def": 166, "spa": 110, "spd": 198, "spe": 182}, "types": ["Bug", "Fighting"]}, "Bruxish": {"name": "Bruxish", "species": "Bruxish", "speciesId": "bruxish", "gender": "M", "shiny": false, "level": 85, "moves": ["psychicfangs", "aquajet", "crunch", "wavecrash"], "ability": "Strong Jaw", "evs": {"hp": 85, "atk": 85, "def": 85, "spa": 85, "spd": 85, "spe": 85}, "ivs": {"hp": 31, "atk": 31, "def": 31, "spa": 31, "spd": 31, "spe": 31}, "item": "Choice Band", "teraType": "Dark", "role": "Fast Attacker", "bvs": {"hp": 68, "atk": 105, "def": 70, "spa": 70, "spd": 70, "spe": 92}, "stats": {"hp": 254, "atk": 227, "def": 168, "spa": 168, "spd": 168, "spe": 205}, "types": ["Water", "Psychic"]}, "Pikachu": {"name": "Pikachu", "species": "Pikachu-Hoenn", "speciesId": "pikachu", "gender": "F", "shiny": false, "level": 93, "moves": ["surf", "volttackle", "voltswitch", "playrough"], "ability": "Lightning Rod", "evs": {"hp": 85, "atk": 85, "def": 85, "spa": 85, "spd": 85, "spe": 85}, "ivs": {"hp": 31, "atk": 31, "def": 31, "spa": 31, "spd": 31, "spe": 31}, "item": "Light Ball", "teraType": "Water", "role": "Fast Attacker", "bvs": {"hp": 35, "atk": 55, "def": 40, "spa": 50, "spd": 50, "spe": 90}, "stats": {"hp": 216, "atk": 155, "def": 127, "spa": 146, "spd": 146, "spe": 220}, "types": ["Electric"]}}, {"Arboliva": {"name": "Arboliva", "species": "Arboliva", "speciesId": "arboliva", "gender": "F", "shiny": false, "level": 91, "moves": ["energyball", "hypervoice", "strengthsap", "earthpower"], "ability": "Seed Sower", "evs": {"hp": 85, "atk": 0, "def": 85, "spa": 85, "spd": 85, "spe": 85}, "ivs": {"hp": 31, "atk": 0, "def": 31, "spa": 31, "spd": 31, "spe": 31}, "item": "Leftovers", "teraType": "Poison", "role": "Bulky Attacker", "bvs": {"hp": 78, "atk": 69, "def": 90, "spa": 125, "spd": 109, "spe": 39}, "stats": {"hp": 290, "atk": 130, "def": 216, "spa": 279, "spd": 250, "spe": 123}, "types": ["Grass", "Normal"]}, "Sudowoodo": {"name": "Sudowoodo", "species": "Sudowoodo", "speciesId": "sudowoodo", "gender": "M", "shiny": false, "level": 94, "moves": ["stealthrock", "suckerpunch", "woodhammer", "headsmash"], "ability": "Rock Head", "evs": {"hp": 85, "atk": 85, "def": 85, "spa": 85, "spd": 85, "spe": 85}, "ivs": {"hp": 31, "atk": 31, "def": 31, "spa": 31, "spd": 31, "spe": 31}, "item": "Leftovers", "teraType": "Rock", "role": "Bulky Attacker", "bvs": {"hp": 70, "atk": 100, "def": 115, "spa": 30, "spd": 65, "spe": 30}, "stats": {"hp": 284, "atk": 241, "def": 270, "spa": 110, "spd": 176, "spe": 110}, "types": ["Rock"]}, "Urshifu": {"name": "Urshifu", "species": "Urshifu", "speciesId": "urshifu", "gender": "M", "shiny": false, "level": 74, "moves": ["poisonjab", "closecombat", "wickedblow", "swordsdance"], "ability": "Unseen Fist", "evs": {"hp": 85, "atk": 85, "def": 85, "spa": 85, "spd": 85, "spe": 85}, "ivs": {"hp": 31, "atk": 31, "def": 31, "spa": 31, "spd": 31, "spe": 31}, "item": "Life Orb", "teraType": "Dark", "role": "Fast Attacker", "bvs": {"hp": 100, "atk": 130, "def": 100, "spa": 63, "spd": 60, "spe": 97}, "stats": {"hp": 270, "atk": 235, "def": 191, "spa": 136, "spd": 132, "spe": 187}, "types": ["Fighting", "Dark"]}, "Dragonite": {"name": "Dragonite", "species": "Dragonite", "speciesId": "dragonite", "gender": "M", "shiny": false, "level": 74, "moves": ["roost", "earthquake", "dragondance", "outrage"], "ability": "Multiscale", "evs": {"hp": 85, "atk": 85, "def": 85, "spa": 85, "spd": 85, "spe": 85}, "ivs": {"hp": 31, "atk": 31, "def": 31, "spa": 31, "spd": 31, "spe": 31}, "item": "Heavy-Duty Boots", "teraType": "Steel", "role": "Bulky Setup", "bvs": {"hp": 91, "atk": 134, "def": 95, "spa": 100, "spd": 100, "spe": 80}, "stats": {"hp": 257, "atk": 241, "def": 184, "spa": 191, "spd": 191, "spe": 161}, "types": ["Dragon", "Flying"]}, "Skuntank": {"name": "Skuntank", "species": "Skuntank", "speciesId": "skuntank", "gender": "F", "shiny": false, "level": 84, "moves": ["taunt", "gunkshot", "knockoff", "suckerpunch"], "ability": "Aftermath", "evs": {"hp": 85, "atk": 85, "def": 85, "spa": 85, "spd": 85, "spe": 85}, "ivs": {"hp": 31, "atk": 31, "def": 31, "spa": 31, "spd": 31, "spe": 31}, "item": "Life Orb", "teraType": "Poison", "role": "Fast Support", "bvs": {"hp": 103, "atk": 93, "def": 67, "spa": 71, "spd": 61, "spe": 84}, "stats": {"hp": 310, "atk": 204, "def": 161, "spa": 167, "spd": 151, "spe": 189}, "types": ["Poison", "Dark"]}, "Mudsdale": {"name": "Mudsdale", "species": "Mudsdale", "speciesId": "mudsdale", "gender": "F", "shiny": false, "level": 83, "moves": ["stoneedge", "roar", "heavyslam", "earthquake"], "ability": "Stamina", "evs": {"hp": 85, "atk": 85, "def": 85, "spa": 85, "spd": 85, "spe": 85}, "ivs": {"hp": 31, "atk": 31, "def": 31, "spa": 31, "spd": 31, "spe": 31}, "item": "Leftovers", "teraType": "Steel", "role": "Bulky Attacker", "bvs": {"hp": 100, "atk": 125, "def": 100, "spa": 55, "spd": 85, "spe": 35}, "stats": {"hp": 302, "atk": 255, "def": 214, "spa": 139, "spd": 189, "spe": 106}, "types": ["Ground"]}}]}