{"id": "gen9randombattle-2642177148", "format": "[Gen 9] Random Battle", "players": ["Finnsternick", "Temchuu"], "log": "|j|\u2606Finnsternick\n|j|\u2606Temchuu\n|t:|1782905961\n|gametype|singles\n|player|p1|Finnsternick|2|\n|player|p2|Temchuu|101|\n|gen|9\n|tier|[Gen 9] Random Battle\n|rule|Species Clause: Limit one of each Pok\u00e9mon\n|rule|HP Percentage Mod: HP is shown in percentages\n|rule|Sleep Clause Mod: Limit one foe put to sleep\n|rule|Illusion Level Mod: Illusion disguises the Pok\u00e9mon's true level\n|\n|t:|1782905961\n|teamsize|p1|6\n|teamsize|p2|6\n|start\n|switch|p1a: Altaria|Altaria, L89, F|278/278\n|switch|p2a: Ting-Lu|Ting-Lu, L78|370/370\n|-ability|p2a: Ting-Lu|Vessel of Ruin\n|turn|1\n|\n|t:|1782905993\n|move|p1a: Altaria|Brave Bird|p2a: Ting-Lu\n|-damage|p2a: Ting-Lu|271/370\n|-damage|p1a: Altaria|245/278|[from] Recoil\n|move|p2a: Ting-Lu|Throat Chop|p1a: Altaria\n|-damage|p1a: Altaria|173/278\n|-start|p1a: Altaria|Throat Chop|[silent]\n|\n|-heal|p2a: Ting-Lu|294/370|[from] item: Leftovers\n|upkeep\n|turn|2\n|\n|t:|1782906005\n|move|p1a: Altaria|Roost|p1a: Altaria\n|-heal|p1a: Altaria|278/278\n|-singleturn|p1a: Altaria|move: Roost\n|move|p2a: Ting-Lu|Throat Chop|p1a: Altaria\n|-damage|p1a: Altaria|203/278\n|\n|-heal|p2a: Ting-Lu|317/370|[from] item: Leftovers\n|-end|p1a: Altaria|Throat Chop|[silent]\n|upkeep\n|turn|3\n|\n|t:|1782906020\n|move|p1a: Altaria|Brave Bird|p2a: Ting-Lu\n|-damage|p2a: Ting-Lu|227/370\n|-damage|p1a: Altaria|173/278|[from] Recoil\n|move|p2a: Ting-Lu|Throat Chop|p1a: Altaria\n|-damage|p1a: Altaria|100/278\n|-start|p1a: Altaria|Throat Chop|[silent]\n|\n|-heal|p2a: Ting-Lu|250/370|[from] item: Leftovers\n|upkeep\n|turn|4\n|\n|t:|1782906029\n|move|p1a: Altaria|Roost|p1a: Altaria\n|-heal|p1a: Altaria|239/278\n|-singleturn|p1a: Altaria|move: Roost\n|move|p2a: Ting-Lu|Throat Chop|p1a: Altaria\n|-damage|p1a: Altaria|167/278\n|\n|-heal|p2a: Ting-Lu|273/370|[from] item: Leftovers\n|-end|p1a: Altaria|Throat Chop|[silent]\n|upkeep\n|turn|5\n|\n|t:|1782906039\n|switch|p1a: Pecharunt|Pecharunt, L77|262/262\n|move|p2a: Ting-Lu|Throat Chop|p1a: Pecharunt\n|-supereffective|p1a: Pecharunt\n|-damage|p1a: Pecharunt|158/262\n|-start|p1a: Pecharunt|Throat Chop|[silent]\n|\n|-heal|p1a: Pecharunt|174/262|[from] item: Leftovers\n|-heal|p2a: Ting-Lu|296/370|[from] item: Leftovers\n|upkeep\n|turn|6\n|\n|t:|1782906062\n|switch|p1a: Ho-Oh|Ho-Oh, L71|268/268\n|move|p2a: Ting-Lu|Earthquake|p1a: Ho-Oh\n|-immune|p1a: Ho-Oh\n|\n|-heal|p2a: Ting-Lu|319/370|[from] item: Leftovers\n|upkeep\n|turn|7\n|\n|t:|1782906074\n|move|p1a: Ho-Oh|Earthquake|p2a: Ting-Lu\n|-damage|p2a: Ting-Lu|261/370\n|move|p2a: Ting-Lu|Whirlwind|p1a: Ho-Oh\n|drag|p1a: Urshifu|Urshifu, L74, M|270/270\n|\n|-heal|p2a: Ting-Lu|284/370|[from] item: Leftovers\n|upkeep\n|turn|8\n|\n|t:|1782906091\n|move|p1a: Urshifu|Close Combat|p2a: Ting-Lu\n|-supereffective|p2a: Ting-Lu\n|-damage|p2a: Ting-Lu|8/370\n|-unboost|p1a: Urshifu|def|1\n|-unboost|p1a: Urshifu|spd|1\n|-damage|p1a: Urshifu|243/270|[from] item: Life Orb\n|move|p2a: Ting-Lu|Spikes|p1a: Urshifu\n|-sidestart|p1: Finnsternick|Spikes\n|\n|-heal|p2a: Ting-Lu|31/370|[from] item: Leftovers\n|upkeep\n|turn|9\n|\n|t:|1782906108\n|move|p1a: Urshifu|Wicked Blow|p2a: Ting-Lu\n|-resisted|p2a: Ting-Lu\n|-crit|p2a: Ting-Lu\n|-damage|p2a: Ting-Lu|0 fnt\n|faint|p2a: Ting-Lu\n|-damage|p1a: Urshifu|216/270|[from] item: Life Orb\n|\n|upkeep\n|\n|t:|1782906149\n|switch|p2a: Sylveon|Sylveon, L85, M|300/300\n|turn|10\n|\n|t:|1782906165\n|move|p1a: Urshifu|Poison Jab|p2a: Sylveon\n|-supereffective|p2a: Sylveon\n|-damage|p2a: Sylveon|110/300\n|-status|p2a: Sylveon|psn\n|-damage|p1a: Urshifu|189/270|[from] item: Life Orb\n|move|p2a: Sylveon|Hyper Voice|p1a: Urshifu\n|-supereffective|p1a: Urshifu\n|-damage|p1a: Urshifu|0 fnt\n|faint|p1a: Urshifu\n|\n|-heal|p2a: Sylveon|128/300 psn|[from] item: Leftovers\n|-damage|p2a: Sylveon|91/300 psn|[from] psn\n|upkeep\n|\n|t:|1782906178\n|switch|p1a: Pecharunt|Pecharunt, L77|174/262\n|-damage|p1a: Pecharunt|142/262|[from] Spikes\n|turn|11\n|\n|t:|1782906191\n|move|p1a: Pecharunt|Malignant Chain|p2a: Sylveon\n|-supereffective|p2a: Sylveon\n|-damage|p2a: Sylveon|0 fnt\n|faint|p2a: Sylveon\n|\n|-heal|p1a: Pecharunt|158/262|[from] item: Leftovers\n|upkeep\n|\n|t:|1782906208\n|switch|p2a: Kyurem|Kyurem, L77|319/319\n|-ability|p2a: Kyurem|Pressure\n|turn|12\n|\n|t:|1782906241\n|move|p2a: Kyurem|Icicle Spear|p1a: Pecharunt\n|-damage|p1a: Pecharunt|137/262\n|-damage|p1a: Pecharunt|119/262\n|-crit|p1a: Pecharunt\n|-damage|p1a: Pecharunt|88/262\n|-damage|p1a: Pecharunt|69/262\n|-hitcount|p1a: Pecharunt|4\n|move|p1a: Pecharunt|Parting Shot|p2a: Kyurem\n|-unboost|p2a: Kyurem|atk|1\n|-unboost|p2a: Kyurem|spa|1\n|\n|t:|1782906265\n|switch|p1a: Sunflora|Sunflora, M|312/312|[from] Parting Shot\n|-damage|p1a: Sunflora|273/312|[from] Spikes\n|\n|upkeep\n|turn|13\n|\n|t:|1782906277\n|-terastallize|p1a: Sunflora|Fire\n|move|p2a: Kyurem|Icicle Spear|p1a: Sunflora\n|-resisted|p1a: Sunflora\n|-damage|p1a: Sunflora|262/312\n|-resisted|p1a: Sunflora\n|-damage|p1a: Sunflora|250/312\n|-resisted|p1a: Sunflora\n|-damage|p1a: Sunflora|239/312\n|-resisted|p1a: Sunflora\n|-damage|p1a: Sunflora|229/312\n|-hitcount|p1a: Sunflora|4\n|move|p1a: Sunflora|Sunny Day|p1a: Sunflora\n|-weather|SunnyDay\n|\n|-weather|SunnyDay|[upkeep]\n|upkeep\n|turn|14\n|\n|t:|1782906300\n|-terastallize|p2a: Kyurem|Ground\n|move|p1a: Sunflora|Solar Beam||[still]\n|-prepare|p1a: Sunflora|Solar Beam\n|-anim|p1a: Sunflora|Solar Beam|p2a: Kyurem\n|-supereffective|p2a: Kyurem\n|-damage|p2a: Kyurem|0 fnt\n|faint|p2a: Kyurem\n|-damage|p1a: Sunflora|198/312|[from] item: Life Orb\n|\n|-weather|SunnyDay|[upkeep]\n|upkeep\n|\n|t:|1782906312\n|switch|p2a: Empoleon|Empoleon, L84, F|278/278\n|turn|15\n|\n|t:|1782906320\n|move|p1a: Sunflora|Solar Beam||[still]\n|-prepare|p1a: Sunflora|Solar Beam\n|-anim|p1a: Sunflora|Solar Beam|p2a: Empoleon\n|-damage|p2a: Empoleon|58/278\n|-damage|p1a: Sunflora|167/312|[from] item: Life Orb\n|move|p2a: Empoleon|Surf|p1a: Sunflora\n|-supereffective|p1a: Sunflora\n|-damage|p1a: Sunflora|77/312\n|\n|-weather|SunnyDay|[upkeep]\n|-heal|p2a: Empoleon|75/278|[from] item: Leftovers\n|upkeep\n|turn|16\n|\n|t:|1782906337\n|move|p1a: Sunflora|Solar Beam||[still]\n|-prepare|p1a: Sunflora|Solar Beam\n|-anim|p1a: Sunflora|Solar Beam|p2a: Empoleon\n|-damage|p2a: Empoleon|0 fnt\n|faint|p2a: Empoleon\n|-damage|p1a: Sunflora|46/312|[from] item: Life Orb\n|\n|-weather|SunnyDay|[upkeep]\n|upkeep\n|\n|t:|1782906348\n|switch|p2a: Leafeon|Leafeon, L88, F|258/258\n|turn|17\n|\n|t:|1782906355\n|move|p2a: Leafeon|Double-Edge|p1a: Sunflora\n|-damage|p1a: Sunflora|0 fnt\n|faint|p1a: Sunflora\n|-damage|p2a: Leafeon|243/258|[from] Recoil\n|\n|-weather|none\n|-heal|p2a: Leafeon|258/258|[from] item: Leftovers\n|upkeep\n|j| Vu~Anpi !!\n|\n|t:|1782906362\n|switch|p1a: Ho-Oh|Ho-Oh, L71|268/268\n|turn|18\n|\n|t:|1782906366\n|move|p2a: Leafeon|Double-Edge|p1a: Ho-Oh\n|-damage|p1a: Ho-Oh|158/268\n|-damage|p2a: Leafeon|222/258|[from] Recoil\n|move|p1a: Ho-Oh|Sacred Fire|p2a: Leafeon\n|-supereffective|p2a: Leafeon\n|-damage|p2a: Leafeon|78/258\n|-status|p2a: Leafeon|brn\n|\n|-heal|p2a: Leafeon|94/258 brn|[from] item: Leftovers\n|-damage|p2a: Leafeon|78/258 brn|[from] brn\n|upkeep\n|turn|19\n|\n|t:|1782906382\n|move|p2a: Leafeon|Double-Edge|p1a: Ho-Oh\n|-crit|p1a: Ho-Oh\n|-damage|p1a: Ho-Oh|73/268\n|-damage|p2a: Leafeon|50/258 brn|[from] Recoil\n|move|p1a: Ho-Oh|Sacred Fire|p2a: Leafeon\n|-supereffective|p2a: Leafeon\n|-damage|p2a: Leafeon|0 fnt\n|faint|p2a: Leafeon\n|\n|upkeep\n|\n|t:|1782906391\n|switch|p2a: Bellibolt|Bellibolt, L84, M|320/320\n|turn|20\n|\n|t:|1782906395\n|move|p1a: Ho-Oh|Recover|p1a: Ho-Oh\n|-heal|p1a: Ho-Oh|207/268\n|move|p2a: Bellibolt|Muddy Water|p1a: Ho-Oh\n|-supereffective|p1a: Ho-Oh\n|-damage|p1a: Ho-Oh|103/268\n|\n|upkeep\n|turn|21\n|\n|t:|1782906402\n|move|p1a: Ho-Oh|Earthquake|p2a: Bellibolt\n|-supereffective|p2a: Bellibolt\n|-damage|p2a: Bellibolt|194/320\n|-start|p2a: Bellibolt|Charge|Earthquake|[from] ability: Electromorphosis\n|move|p2a: Bellibolt|Muddy Water|p1a: Ho-Oh\n|-supereffective|p1a: Ho-Oh\n|-damage|p1a: Ho-Oh|3/268\n|\n|-heal|p2a: Bellibolt|214/320|[from] item: Leftovers\n|upkeep\n|turn|22\n|\n|t:|1782906423\n|move|p1a: Ho-Oh|Earthquake|p2a: Bellibolt\n|-supereffective|p2a: Bellibolt\n|-damage|p2a: Bellibolt|94/320\n|-start|p2a: Bellibolt|Charge|Earthquake|[from] ability: Electromorphosis\n|move|p2a: Bellibolt|Muddy Water|p1a: Ho-Oh|[miss]\n|-miss|p2a: Bellibolt|p1a: Ho-Oh\n|\n|-heal|p2a: Bellibolt|114/320|[from] item: Leftovers\n|upkeep\n|turn|23\n|\n|t:|1782906437\n|move|p1a: Ho-Oh|Earthquake|p2a: Bellibolt\n|-supereffective|p2a: Bellibolt\n|-damage|p2a: Bellibolt|0 fnt\n|faint|p2a: Bellibolt\n|\n|win|Finnsternick\n", "inputlog": ">version f8ac14003a5f27e1bdc8d8c59608a773c1cb96e5\n>start {\"formatid\":\"gen9randombattle\",\"seed\":\"sodium,f984f97537ab5958f19e42d61d8df1cc\"}\n>player p1 {\"name\":\"Finnsternick\",\"avatar\":\"2\",\"rating\":0,\"seed\":\"sodium,9a9560477a87ec448b98903d7cf34422\"}\n>player p2 {\"name\":\"Temchuu\",\"avatar\":\"101\",\"rating\":0,\"seed\":\"sodium,d1dc38d454c9507ab2f30adf7a205d7c\"}\n>p1 move bravebird\n>p2 move throatchop\n>p1 move roost\n>p2 move throatchop\n>p1 move bravebird\n>p2 move throatchop\n>p1 move roost\n>p2 move throatchop\n>p1 switch 2\n>p2 move throatchop\n>p1 switch 4\n>p2 move earthquake\n>p1 move earthquake\n>p2 move whirlwind\n>p1 move closecombat\n>p2 move spikes\n>p1 move wickedblow\n>p2 move earthquake\n>p2 switch 5\n>p1 move poisonjab\n>p2 move hypervoice\n>p1 switch 4\n>p1 move malignantchain\n>p2 move wish\n>p2 switch 4\n>p1 move partingshot\n>p2 move iciclespear\n>p1 switch 5\n>p1 move sunnyday terastallize\n>p2 move iciclespear\n>p1 move solarbeam\n>p2 move terablast terastallize\n>p2 switch 3\n>p1 move solarbeam\n>p2 move surf\n>p1 move solarbeam\n>p2 move roost\n>p2 switch 2\n>p1 move weatherball\n>p2 move doubleedge\n>p1 switch 6\n>p1 move sacredfire\n>p2 move doubleedge\n>p1 move sacredfire\n>p2 move doubleedge\n>p2 switch 6\n>p1 move recover\n>p2 move muddywater\n>p1 move earthquake\n>p2 move muddywater\n>p1 move earthquake\n>p2 move muddywater\n>p1 move earthquake\n>p2 move slackoff", "uploadtime": 1782906444, "views": 7, "formatid": "gen9randombattle", "rating": null, "private": 0, "password": null, "player_dets": [{"name": "Finnsternick", "avatar": "2", "rating": 0, "seed": "sodium,9a9560477a87ec448b98903d7cf34422"}, {"name": "Temchuu", "avatar": "101", "rating": 0, "seed": "sodium,d1dc38d454c9507ab2f30adf7a205d7c"}], "teams_full": [{"Altaria": {"name": "Altaria", "species": "Altaria", "speciesId": "altaria", "gender": "F", "shiny": false, "level": 89, "moves": ["roost", "bravebird", "haze", "defog"], "ability": "Natural Cure", "evs": {"hp": 85, "atk": 85, "def": 85, "spa": 85, "spd": 85, "spe": 85}, "ivs": {"hp": 31, "atk": 31, "def": 31, "spa": 31, "spd": 31, "spe": 31}, "item": "Heavy-Duty Boots", "teraType": "Steel", "role": "Bulky Support", "bvs": {"hp": 75, "atk": 70, "def": 90, "spa": 70, "spd": 105, "spe": 80}, "stats": {"hp": 278, "atk": 175, "def": 211, "spa": 175, "spd": 238, "spe": 193}, "types": ["Dragon", "Flying"]}, "Pecharunt": {"name": "Pecharunt", "species": "Pecharunt", "speciesId": "pecharunt", "gender": "N", "shiny": false, "level": 77, "moves": ["partingshot", "shadowball", "malignantchain", "recover"], "ability": "Poison Puppeteer", "evs": {"hp": 85, "atk": 0, "def": 85, "spa": 85, "spd": 85, "spe": 85}, "ivs": {"hp": 31, "atk": 0, "def": 31, "spa": 31, "spd": 31, "spe": 31}, "item": "Leftovers", "teraType": "Dark", "role": "Bulky Attacker", "bvs": {"hp": 88, "atk": 88, "def": 160, "spa": 88, "spd": 88, "spe": 88}, "stats": {"hp": 262, "atk": 140, "def": 291, "spa": 180, "spd": 180, "spe": 180}, "types": ["Poison", "Ghost"]}, "Toxapex": {"name": "Toxapex", "species": "Toxapex", "speciesId": "toxapex", "gender": "F", "shiny": false, "level": 82, "moves": ["recover", "haze", "toxic", "liquidation"], "ability": "Regenerator", "evs": {"hp": 85, "atk": 85, "def": 85, "spa": 85, "spd": 85, "spe": 85}, "ivs": {"hp": 31, "atk": 31, "def": 31, "spa": 31, "spd": 31, "spe": 31}, "item": "Rocky Helmet", "teraType": "Grass", "role": "Bulky Support", "bvs": {"hp": 50, "atk": 63, "def": 152, "spa": 53, "spd": 142, "spe": 35}, "stats": {"hp": 216, "atk": 150, "def": 296, "spa": 134, "spd": 280, "spe": 105}, "types": ["Poison", "Water"]}, "Ho-Oh": {"name": "Ho-Oh", "species": "Ho-Oh", "speciesId": "hooh", "gender": "N", "shiny": false, "level": 71, "moves": ["sacredfire", "earthquake", "bravebird", "recover"], "ability": "Regenerator", "evs": {"hp": 85, "atk": 85, "def": 85, "spa": 85, "spd": 85, "spe": 85}, "ivs": {"hp": 31, "atk": 31, "def": 31, "spa": 31, "spd": 31, "spe": 31}, "item": "Heavy-Duty Boots", "teraType": "Steel", "role": "Bulky Attacker", "bvs": {"hp": 106, "atk": 130, "def": 90, "spa": 110, "spd": 154, "spe": 90}, "stats": {"hp": 268, "atk": 226, "def": 169, "spa": 198, "spd": 260, "spe": 169}, "types": ["Fire", "Flying"]}, "Sunflora": {"name": "Sunflora", "species": "Sunflora", "speciesId": "sunflora", "gender": "M", "shiny": false, "level": 100, "moves": ["earthpower", "weatherball", "solarbeam", "sunnyday"], "ability": "Chlorophyll", "evs": {"hp": 85, "atk": 0, "def": 85, "spa": 85, "spd": 85, "spe": 85}, "ivs": {"hp": 31, "atk": 0, "def": 31, "spa": 31, "spd": 31, "spe": 31}, "item": "Life Orb", "teraType": "Fire", "role": "Setup Sweeper", "bvs": {"hp": 75, "atk": 75, "def": 55, "spa": 105, "spd": 85, "spe": 30}, "stats": {"hp": 312, "atk": 155, "def": 167, "spa": 267, "spd": 227, "spe": 117}, "types": ["Grass"]}, "Urshifu": {"name": "Urshifu", "species": "Urshifu", "speciesId": "urshifu", "gender": "M", "shiny": false, "level": 74, "moves": ["swordsdance", "poisonjab", "wickedblow", "closecombat"], "ability": "Unseen Fist", "evs": {"hp": 85, "atk": 85, "def": 85, "spa": 85, "spd": 85, "spe": 85}, "ivs": {"hp": 31, "atk": 31, "def": 31, "spa": 31, "spd": 31, "spe": 31}, "item": "Life Orb", "teraType": "Fighting", "role": "Fast Attacker", "bvs": {"hp": 100, "atk": 130, "def": 100, "spa": 63, "spd": 60, "spe": 97}, "stats": {"hp": 270, "atk": 235, "def": 191, "spa": 136, "spd": 132, "spe": 187}, "types": ["Fighting", "Dark"]}}, {"Ting-Lu": {"name": "Ting-Lu", "species": "Ting-Lu", "speciesId": "tinglu", "gender": "N", "shiny": false, "level": 78, "moves": ["earthquake", "spikes", "throatchop", "whirlwind"], "ability": "Vessel of Ruin", "evs": {"hp": 85, "atk": 85, "def": 85, "spa": 85, "spd": 85, "spe": 85}, "ivs": {"hp": 31, "atk": 31, "def": 31, "spa": 31, "spd": 31, "spe": 31}, "item": "Leftovers", "teraType": "Ghost", "role": "Bulky Support", "bvs": {"hp": 155, "atk": 110, "def": 125, "spa": 55, "spd": 80, "spe": 45}, "stats": {"hp": 370, "atk": 217, "def": 240, "spa": 131, "spd": 170, "spe": 115}, "types": ["Dark", "Ground"]}, "Leafeon": {"name": "Leafeon", "species": "Leafeon", "speciesId": "leafeon", "gender": "F", "shiny": false, "level": 88, "moves": ["substitute", "doubleedge", "swordsdance", "leafblade"], "ability": "Chlorophyll", "evs": {"hp": 85, "atk": 85, "def": 85, "spa": 85, "spd": 85, "spe": 85}, "ivs": {"hp": 31, "atk": 31, "def": 31, "spa": 31, "spd": 31, "spe": 31}, "item": "Leftovers", "teraType": "Normal", "role": "Setup Sweeper", "bvs": {"hp": 65, "atk": 110, "def": 130, "spa": 60, "spd": 65, "spe": 95}, "stats": {"hp": 258, "atk": 244, "def": 279, "spa": 156, "spd": 165, "spe": 217}, "types": ["Grass"]}, "Empoleon": {"name": "Empoleon", "species": "Empoleon", "speciesId": "empoleon", "gender": "F", "shiny": false, "level": 84, "moves": ["surf", "roar", "roost", "flipturn"], "ability": "Competitive", "evs": {"hp": 85, "atk": 85, "def": 85, "spa": 85, "spd": 85, "spe": 85}, "ivs": {"hp": 31, "atk": 31, "def": 31, "spa": 31, "spd": 31, "spe": 31}, "item": "Leftovers", "teraType": "Grass", "role": "Bulky Support", "bvs": {"hp": 84, "atk": 86, "def": 88, "spa": 111, "spd": 101, "spe": 60}, "stats": {"hp": 278, "atk": 193, "def": 196, "spa": 235, "spd": 218, "spe": 149}, "types": ["Water", "Steel"]}, "Kyurem": {"name": "Kyurem", "species": "Kyurem", "speciesId": "kyurem", "gender": "N", "shiny": false, "level": 77, "moves": ["dragondance", "terablast", "scaleshot", "iciclespear"], "ability": "Pressure", "evs": {"hp": 85, "atk": 85, "def": 85, "spa": 85, "spd": 85, "spe": 85}, "ivs": {"hp": 31, "atk": 31, "def": 31, "spa": 31, "spd": 31, "spe": 31}, "item": "Loaded Dice", "teraType": "Ground", "role": "Tera Blast user", "bvs": {"hp": 125, "atk": 130, "def": 90, "spa": 130, "spd": 90, "spe": 95}, "stats": {"hp": 319, "atk": 245, "def": 183, "spa": 245, "spd": 183, "spe": 191}, "types": ["Dragon", "Ice"]}, "Sylveon": {"name": "Sylveon", "species": "Sylveon", "speciesId": "sylveon", "gender": "M", "shiny": false, "level": 85, "moves": ["protect", "wish", "hypervoice", "calmmind"], "ability": "Pixilate", "evs": {"hp": 85, "atk": 0, "def": 85, "spa": 85, "spd": 85, "spe": 85}, "ivs": {"hp": 31, "atk": 0, "def": 31, "spa": 31, "spd": 31, "spe": 31}, "item": "Leftovers", "teraType": "Steel", "role": "Bulky Setup", "bvs": {"hp": 95, "atk": 65, "def": 65, "spa": 110, "spd": 130, "spe": 60}, "stats": {"hp": 300, "atk": 115, "def": 159, "spa": 236, "spd": 270, "spe": 151}, "types": ["Fairy"]}, "Bellibolt": {"name": "Bellibolt", "species": "Bellibolt", "speciesId": "bellibolt", "gender": "M", "shiny": false, "level": 84, "moves": ["muddywater", "thunderbolt", "slackoff", "toxic"], "ability": "Electromorphosis", "evs": {"hp": 85, "atk": 0, "def": 85, "spa": 85, "spd": 85, "spe": 85}, "ivs": {"hp": 31, "atk": 0, "def": 31, "spa": 31, "spd": 31, "spe": 31}, "item": "Leftovers", "teraType": "Water", "role": "Bulky Attacker", "bvs": {"hp": 109, "atk": 64, "def": 91, "spa": 103, "spd": 83, "spe": 45}, "stats": {"hp": 320, "atk": 112, "def": 201, "spa": 221, "spd": 188, "spe": 124}, "types": ["Electric"]}}]}