{"id": "gen9randombattle-2642197366", "format": "[Gen 9] Random Battle", "players": ["jnpr010334", "Tutudile"], "log": "|j|\u2606jnpr010334\n|j|\u2606Tutudile\n|t:|1782909340\n|gametype|singles\n|player|p1|jnpr010334|265|1810\n|player|p2|Tutudile|red|1771\n|gen|9\n|tier|[Gen 9] Random Battle\n|rated|\n|rule|Species Clause: Limit one of each Pok\u00e9mon\n|rule|HP Percentage Mod: HP is shown in percentages\n|rule|Sleep Clause Mod: Limit one foe put to sleep\n|rule|Illusion Level Mod: Illusion disguises the Pok\u00e9mon's true level\n|\n|t:|1782909340\n|teamsize|p1|6\n|teamsize|p2|6\n|start\n|switch|p1a: Ambipom|Ambipom, L84, M|263/263\n|switch|p2a: Rotom|Rotom-Heat, L83|219/219\n|turn|1\n|inactive|Battle timer is ON: inactive players will automatically lose when time's up. (requested by Tutudile)\n|inactive|jnpr010334 also wants the timer to be on.\n|\n|t:|1782909353\n|switch|p2a: Iron Boulder|Iron Boulder, L77|265/265\n|-enditem|p2a: Iron Boulder|Booster Energy\n|-activate|p2a: Iron Boulder|ability: Quark Drive|[fromitem]\n|-start|p2a: Iron Boulder|quarkdrivespe\n|move|p1a: Ambipom|Knock Off|p2a: Iron Boulder\n|-supereffective|p2a: Iron Boulder\n|-damage|p2a: Iron Boulder|155/265\n|\n|upkeep\n|turn|2\n|\n|t:|1782909362\n|move|p2a: Iron Boulder|Swords Dance|p2a: Iron Boulder\n|-boost|p2a: Iron Boulder|atk|2\n|move|p1a: Ambipom|U-turn|p2a: Iron Boulder\n|-supereffective|p2a: Iron Boulder\n|-damage|p2a: Iron Boulder|39/265\n|\n|t:|1782909365\n|switch|p1a: Rillaboom|Rillaboom, L79, F|288/288|[from] U-turn\n|-fieldstart|move: Grassy Terrain|[from] ability: Grassy Surge|[of] p1a: Rillaboom\n|\n|-heal|p2a: Iron Boulder|55/265|[from] Grassy Terrain\n|upkeep\n|turn|3\n|\n|t:|1782909380\n|-end|p2a: Iron Boulder|Quark Drive|[silent]\n|switch|p2a: Qwilfish|Qwilfish-Hisui, L83, M|244/244\n|-ability|p2a: Qwilfish|Intimidate|boost\n|-unboost|p1a: Rillaboom|atk|1\n|move|p1a: Rillaboom|Grassy Glide|p2a: Qwilfish\n|-resisted|p2a: Qwilfish\n|-damage|p2a: Qwilfish|217/244\n|\n|-heal|p2a: Qwilfish|232/244|[from] Grassy Terrain\n|upkeep\n|turn|4\n|\n|t:|1782909391\n|switch|p1a: Tinkaton|Tinkaton, L82, F|274/274\n|-ability|p1a: Tinkaton|Mold Breaker\n|move|p2a: Qwilfish|Spikes|p1a: Tinkaton\n|-sidestart|p1: jnpr010334|Spikes\n|\n|-heal|p2a: Qwilfish|244/244|[from] Grassy Terrain\n|upkeep\n|turn|5\n|\n|t:|1782909400\n|move|p1a: Tinkaton|Swords Dance|p1a: Tinkaton\n|-boost|p1a: Tinkaton|atk|2\n|move|p2a: Qwilfish|Spikes|p1a: Tinkaton\n|-sidestart|p1: jnpr010334|Spikes\n|\n|upkeep\n|turn|6\n|\n|t:|1782909409\n|switch|p2a: Rotom|Rotom-Heat, L83|219/219\n|move|p1a: Tinkaton|Swords Dance|p1a: Tinkaton\n|-boost|p1a: Tinkaton|atk|2\n|\n|-fieldend|move: Grassy Terrain\n|upkeep\n|turn|7\n|\n|t:|1782909417\n|move|p1a: Tinkaton|Gigaton Hammer|p2a: Rotom\n|-resisted|p2a: Rotom\n|-damage|p2a: Rotom|140/219\n|move|p2a: Rotom|Overheat|p1a: Tinkaton\n|-supereffective|p1a: Tinkaton\n|-damage|p1a: Tinkaton|2/274\n|-unboost|p2a: Rotom|spa|2\n|\n|-heal|p1a: Tinkaton|19/274|[from] item: Leftovers\n|upkeep\n|turn|8\n|\n|t:|1782909428\n|move|p1a: Tinkaton|Play Rough|p2a: Rotom\n|-resisted|p2a: Rotom\n|-damage|p2a: Rotom|50/219\n|move|p2a: Rotom|Volt Switch|p1a: Tinkaton\n|-damage|p1a: Tinkaton|0 fnt\n|faint|p1a: Tinkaton\n|\n|t:|1782909437\n|switch|p2a: Qwilfish|Qwilfish-Hisui, L83, M|244/244|[from] Volt Switch\n|\n|upkeep\n|\n|t:|1782909439\n|switch|p1a: Tatsugiri|Tatsugiri, L87, F|260/260\n|turn|9\n|\n|t:|1782909449\n|move|p1a: Tatsugiri|Nasty Plot|p1a: Tatsugiri\n|-boost|p1a: Tatsugiri|spa|2\n|move|p2a: Qwilfish|Gunk Shot|p1a: Tatsugiri|[miss]\n|-miss|p2a: Qwilfish|p1a: Tatsugiri\n|\n|upkeep\n|turn|10\n|\n|t:|1782909462\n|move|p1a: Tatsugiri|Draco Meteor|p2a: Qwilfish\n|-damage|p2a: Qwilfish|0 fnt\n|-unboost|p1a: Tatsugiri|spa|2\n|faint|p2a: Qwilfish\n|\n|upkeep\n|\n|t:|1782909481\n|switch|p2a: Iron Boulder|Iron Boulder, L77|55/265\n|turn|11\n|\n|t:|1782909485\n|-terastallize|p1a: Tatsugiri|Steel\n|move|p2a: Iron Boulder|Zen Headbutt|p1a: Tatsugiri\n|-resisted|p1a: Tatsugiri\n|-damage|p1a: Tatsugiri|208/260\n|move|p1a: Tatsugiri|Surf|p2a: Iron Boulder\n|-supereffective|p2a: Iron Boulder\n|-damage|p2a: Iron Boulder|0 fnt\n|faint|p2a: Iron Boulder\n|-end|p2a: Iron Boulder|Quark Drive|[silent]\n|\n|upkeep\n|\n|t:|1782909500\n|switch|p2a: Arceus|Arceus-Bug, L73|295/295\n|turn|12\n|\n|t:|1782909508\n|move|p2a: Arceus|Calm Mind|p2a: Arceus\n|-boost|p2a: Arceus|spa|1\n|-boost|p2a: Arceus|spd|1\n|move|p1a: Tatsugiri|Nasty Plot|p1a: Tatsugiri\n|-boost|p1a: Tatsugiri|spa|2\n|\n|upkeep\n|turn|13\n|\n|t:|1782909515\n|move|p2a: Arceus|Fire Blast|p1a: Tatsugiri\n|-supereffective|p1a: Tatsugiri\n|-damage|p1a: Tatsugiri|22/260\n|-status|p1a: Tatsugiri|brn\n|move|p1a: Tatsugiri|Surf|p2a: Arceus\n|-damage|p2a: Arceus|154/295\n|\n|-damage|p1a: Tatsugiri|6/260 brn|[from] brn\n|upkeep\n|turn|14\n|\n|t:|1782909526\n|move|p2a: Arceus|Judgment|p1a: Tatsugiri\n|-resisted|p1a: Tatsugiri\n|-damage|p1a: Tatsugiri|0 fnt\n|faint|p1a: Tatsugiri\n|\n|upkeep\n|\n|t:|1782909528\n|switch|p1a: Ambipom|Ambipom, L84, M|263/263\n|-damage|p1a: Ambipom|220/263|[from] Spikes\n|turn|15\n|\n|t:|1782909537\n|move|p1a: Ambipom|Fake Out|p2a: Arceus\n|-damage|p2a: Arceus|90/295\n|cant|p2a: Arceus|flinch\n|\n|upkeep\n|turn|16\n|\n|t:|1782909542\n|move|p1a: Ambipom|Double-Edge|p2a: Arceus\n|-damage|p2a: Arceus|0 fnt\n|faint|p2a: Arceus\n|-damage|p1a: Ambipom|190/263|[from] Recoil\n|\n|upkeep\n|\n|t:|1782909551\n|switch|p2a: Moltres|Moltres-Galar, L79|271/271\n|turn|17\n|\n|t:|1782909560\n|switch|p1a: Vaporeon|Vaporeon, L86, F|364/364\n|-damage|p1a: Vaporeon|304/364|[from] Spikes\n|move|p2a: Moltres|Fiery Wrath|p1a: Vaporeon\n|-damage|p1a: Vaporeon|220/364\n|\n|-heal|p1a: Vaporeon|242/364|[from] item: Leftovers\n|upkeep\n|turn|18\n|\n|t:|1782909570\n|move|p2a: Moltres|Nasty Plot|p2a: Moltres\n|-boost|p2a: Moltres|spa|2\n|move|p1a: Vaporeon|Scald|p2a: Moltres\n|-damage|p2a: Moltres|196/271\n|-status|p2a: Moltres|brn\n|\n|-heal|p1a: Vaporeon|264/364|[from] item: Leftovers\n|-damage|p2a: Moltres|180/271 brn|[from] brn\n|upkeep\n|turn|19\n|\n|t:|1782909583\n|move|p2a: Moltres|Fiery Wrath|p1a: Vaporeon\n|-damage|p1a: Vaporeon|96/364\n|move|p1a: Vaporeon|Scald|p2a: Moltres\n|-damage|p2a: Moltres|104/271 brn\n|-ability|p2a: Moltres|Berserk|boost\n|-boost|p2a: Moltres|spa|1\n|\n|-heal|p1a: Vaporeon|118/364|[from] item: Leftovers\n|-damage|p2a: Moltres|88/271 brn|[from] brn\n|upkeep\n|turn|20\n|\n|t:|1782909594\n|move|p2a: Moltres|Rest|p2a: Moltres\n|-status|p2a: Moltres|slp|[from] move: Rest\n|-heal|p2a: Moltres|271/271 slp|[silent]\n|-enditem|p2a: Moltres|Chesto Berry|[eat]\n|-curestatus|p2a: Moltres|slp|[msg]\n|move|p1a: Vaporeon|Scald|p2a: Moltres\n|-damage|p2a: Moltres|187/271\n|-status|p2a: Moltres|brn\n|\n|-heal|p1a: Vaporeon|140/364|[from] item: Leftovers\n|-damage|p2a: Moltres|171/271 brn|[from] brn\n|upkeep\n|turn|21\n|\n|t:|1782909609\n|move|p2a: Moltres|Fiery Wrath|p1a: Vaporeon\n|-damage|p1a: Vaporeon|0 fnt\n|faint|p1a: Vaporeon\n|\n|-damage|p2a: Moltres|155/271 brn|[from] brn\n|upkeep\n|\n|t:|1782909611\n|switch|p1a: Ambipom|Ambipom, L84, M|190/263\n|-damage|p1a: Ambipom|147/263|[from] Spikes\n|turn|22\n|\n|t:|1782909623\n|move|p1a: Ambipom|Fake Out|p2a: Moltres\n|-damage|p2a: Moltres|71/271 brn\n|-ability|p2a: Moltres|Berserk|boost\n|-boost|p2a: Moltres|spa|1\n|cant|p2a: Moltres|flinch\n|\n|-damage|p2a: Moltres|55/271 brn|[from] brn\n|upkeep\n|turn|23\n|l|\u2606Tutudile\n|inactive|Tutudile disconnected and has a minute to reconnect!\n|player|p2|\n|j|\u2606Tutudile\n|inactive|Tutudile reconnected and has 110 seconds left.\n|player|p2|Tutudile|red|\n|-message|Tutudile forfeited.\n|\n|win|jnpr010334\n|raw|jnpr010334's rating: 1846 &rarr; <strong>1862</strong><br />(+16 for winning)\n|raw|Tutudile's rating: 1771 &rarr; <strong>1755</strong><br />(-16 for losing)\n", "inputlog": ">version f8ac14003a5f27e1bdc8d8c59608a773c1cb96e5\n>start {\"formatid\":\"gen9randombattle\",\"seed\":\"sodium,171fa5ed70b39474d4f29088fc0893dc\",\"rated\":\"Rated battle\"}\n>player p1 {\"name\":\"jnpr010334\",\"avatar\":\"265\",\"rating\":1810,\"seed\":\"sodium,ff68425e03fbb16d0742d615e0004eb9\"}\n>player p2 {\"name\":\"Tutudile\",\"avatar\":\"red\",\"rating\":1771,\"seed\":\"sodium,919cb7532054c8e33c942d484f524503\"}\n>p1 move knockoff\n>p2 switch 4\n>p1 move uturn\n>p2 move swordsdance\n>p1 switch 3\n>p1 move grassyglide\n>p2 switch 2\n>p1 switch 2\n>p2 move spikes\n>p1 move swordsdance\n>p2 move spikes\n>p1 move swordsdance\n>p2 switch 4\n>p1 move gigatonhammer\n>p2 move overheat\n>p1 move playrough\n>p2 move voltswitch\n>p2 switch 4\n>p1 switch 6\n>p1 move nastyplot\n>p2 move gunkshot\n>p1 move dracometeor\n>p2 move gunkshot\n>p2 switch 2\n>p1 move surf terastallize\n>p2 move zenheadbutt\n>p2 switch 6\n>p1 move nastyplot\n>p2 move calmmind\n>p1 move surf\n>p2 move fireblast\n>p1 move dracometeor\n>p2 move judgment\n>p1 switch 3\n>p1 move fakeout\n>p2 move judgment\n>p1 move doubleedge\n>p2 move judgment\n>p2 switch 3\n>p1 switch 5\n>p2 move fierywrath\n>p1 move scald\n>p2 move nastyplot\n>p1 move scald\n>p2 move fierywrath\n>p1 move scald\n>p2 move rest\n>p1 move scald\n>p2 move fierywrath\n>p1 switch 5\n>p1 move fakeout\n>p2 move fierywrath\n>forcelose p2", "uploadtime": 1782909670, "views": 2, "formatid": "gen9randombattle", "rating": 1755, "private": 0, "password": null, "player_dets": [{"name": "jnpr010334", "avatar": "265", "rating": 1810, "seed": "sodium,ff68425e03fbb16d0742d615e0004eb9"}, {"name": "Tutudile", "avatar": "red", "rating": 1771, "seed": "sodium,919cb7532054c8e33c942d484f524503"}], "teams_full": [{"Ambipom": {"name": "Ambipom", "species": "Ambipom", "speciesId": "ambipom", "gender": "M", "shiny": false, "level": 84, "moves": ["fakeout", "uturn", "doubleedge", "knockoff"], "ability": "Technician", "evs": {"hp": 85, "atk": 85, "def": 85, "spa": 85, "spd": 85, "spe": 85}, "ivs": {"hp": 31, "atk": 31, "def": 31, "spa": 31, "spd": 31, "spe": 31}, "item": "Silk Scarf", "teraType": "Normal", "role": "Wallbreaker", "bvs": {"hp": 75, "atk": 100, "def": 66, "spa": 60, "spd": 66, "spe": 115}, "stats": {"hp": 263, "atk": 216, "def": 159, "spa": 149, "spd": 159, "spe": 241}, "types": ["Normal"]}, "Tinkaton": {"name": "Tinkaton", "species": "Tinkaton", "speciesId": "tinkaton", "gender": "F", "shiny": false, "level": 82, "moves": ["swordsdance", "gigatonhammer", "playrough", "protect"], "ability": "Mold Breaker", "evs": {"hp": 85, "atk": 85, "def": 85, "spa": 85, "spd": 85, "spe": 85}, "ivs": {"hp": 31, "atk": 31, "def": 31, "spa": 31, "spd": 31, "spe": 31}, "item": "Leftovers", "teraType": "Steel", "role": "Bulky Setup", "bvs": {"hp": 85, "atk": 75, "def": 77, "spa": 70, "spd": 105, "spe": 94}, "stats": {"hp": 274, "atk": 170, "def": 173, "spa": 162, "spd": 219, "spe": 201}, "types": ["Fairy", "Steel"]}, "Rillaboom": {"name": "Rillaboom", "species": "Rillaboom", "speciesId": "rillaboom", "gender": "F", "shiny": false, "level": 79, "moves": ["woodhammer", "uturn", "highhorsepower", "grassyglide"], "ability": "Grassy Surge", "evs": {"hp": 85, "atk": 85, "def": 85, "spa": 85, "spd": 85, "spe": 85}, "ivs": {"hp": 31, "atk": 31, "def": 31, "spa": 31, "spd": 31, "spe": 31}, "item": "Choice Band", "teraType": "Grass", "role": "Fast Attacker", "bvs": {"hp": 100, "atk": 125, "def": 90, "spa": 60, "spd": 70, "spe": 85}, "stats": {"hp": 288, "atk": 243, "def": 188, "spa": 140, "spd": 156, "spe": 180}, "types": ["Grass"]}, "Indeedee": {"name": "Indeedee", "species": "Indeedee-F", "speciesId": "indeedeef", "gender": "F", "shiny": false, "level": 90, "moves": ["dazzlinggleam", "hypervoice", "psychic", "calmmind"], "ability": "Psychic Surge", "evs": {"hp": 85, "atk": 0, "def": 85, "spa": 85, "spd": 85, "spe": 85}, "ivs": {"hp": 31, "atk": 0, "def": 31, "spa": 31, "spd": 31, "spe": 31}, "item": "Life Orb", "teraType": "Psychic", "role": "Fast Attacker", "bvs": {"hp": 70, "atk": 55, "def": 65, "spa": 95, "spd": 105, "spe": 85}, "stats": {"hp": 272, "atk": 104, "def": 168, "spa": 222, "spd": 240, "spe": 204}, "types": ["Psychic", "Normal"]}, "Vaporeon": {"name": "Vaporeon", "species": "Vaporeon", "speciesId": "vaporeon", "gender": "F", "shiny": false, "level": 86, "moves": ["wish", "scald", "flipturn", "protect"], "ability": "Water Absorb", "evs": {"hp": 85, "atk": 85, "def": 85, "spa": 85, "spd": 85, "spe": 85}, "ivs": {"hp": 31, "atk": 31, "def": 31, "spa": 31, "spd": 31, "spe": 31}, "item": "Leftovers", "teraType": "Ghost", "role": "Bulky Support", "bvs": {"hp": 130, "atk": 65, "def": 60, "spa": 110, "spd": 95, "spe": 65}, "stats": {"hp": 364, "atk": 161, "def": 152, "spa": 238, "spd": 213, "spe": 161}, "types": ["Water"]}, "Tatsugiri": {"name": "Tatsugiri", "species": "Tatsugiri", "speciesId": "tatsugiri", "gender": "F", "shiny": false, "level": 87, "moves": ["dracometeor", "nastyplot", "surf", "rapidspin"], "ability": "Storm Drain", "evs": {"hp": 85, "atk": 85, "def": 85, "spa": 85, "spd": 85, "spe": 85}, "ivs": {"hp": 31, "atk": 31, "def": 31, "spa": 31, "spd": 31, "spe": 31}, "item": "Heavy-Duty Boots", "teraType": "Steel", "role": "Fast Support", "bvs": {"hp": 68, "atk": 50, "def": 60, "spa": 120, "spd": 95, "spe": 82}, "stats": {"hp": 260, "atk": 137, "def": 154, "spa": 259, "spd": 215, "spe": 192}, "types": ["Dragon", "Water"]}}, {"Rotom": {"name": "Rotom", "species": "Rotom-Heat", "speciesId": "rotomheat", "gender": "N", "shiny": false, "level": 83, "moves": ["overheat", "voltswitch", "painsplit", "discharge"], "ability": "Levitate", "evs": {"hp": 85, "atk": 0, "def": 85, "spa": 85, "spd": 85, "spe": 85}, "ivs": {"hp": 31, "atk": 0, "def": 31, "spa": 31, "spd": 31, "spe": 31}, "item": "Heavy-Duty Boots", "teraType": "Electric", "role": "Bulky Support", "bvs": {"hp": 50, "atk": 65, "def": 107, "spa": 105, "spd": 107, "spe": 86}, "stats": {"hp": 219, "atk": 112, "def": 225, "spa": 222, "spd": 225, "spe": 190}, "types": ["Electric", "Fire"]}, "Qwilfish": {"name": "Qwilfish", "species": "Qwilfish-Hisui", "speciesId": "qwilfishhisui", "gender": "M", "shiny": false, "level": 83, "moves": ["gunkshot", "crunch", "spikes", "toxicspikes"], "ability": "Intimidate", "evs": {"hp": 85, "atk": 85, "def": 85, "spa": 85, "spd": 85, "spe": 85}, "ivs": {"hp": 31, "atk": 31, "def": 31, "spa": 31, "spd": 31, "spe": 31}, "item": "Eviolite", "teraType": "Poison", "role": "Bulky Support", "bvs": {"hp": 65, "atk": 95, "def": 85, "spa": 55, "spd": 55, "spe": 85}, "stats": {"hp": 244, "atk": 205, "def": 189, "spa": 139, "spd": 139, "spe": 189}, "types": ["Dark", "Poison"]}, "Moltres": {"name": "Moltres", "species": "Moltres-Galar", "speciesId": "moltresgalar", "gender": "N", "shiny": false, "level": 79, "moves": ["rest", "hurricane", "fierywrath", "nastyplot"], "ability": "Berserk", "evs": {"hp": 81, "atk": 0, "def": 85, "spa": 85, "spd": 85, "spe": 85}, "ivs": {"hp": 31, "atk": 0, "def": 31, "spa": 31, "spd": 31, "spe": 31}, "item": "Chesto Berry", "teraType": "Steel", "role": "Bulky Setup", "bvs": {"hp": 90, "atk": 85, "def": 90, "spa": 100, "spd": 125, "spe": 90}, "stats": {"hp": 271, "atk": 139, "def": 188, "spa": 204, "spd": 243, "spe": 188}, "types": ["Dark", "Flying"]}, "Iron Boulder": {"name": "Iron Boulder", "species": "Iron Boulder", "speciesId": "ironboulder", "gender": "N", "shiny": false, "level": 77, "moves": ["mightycleave", "zenheadbutt", "swordsdance", "closecombat"], "ability": "Quark Drive", "evs": {"hp": 85, "atk": 85, "def": 85, "spa": 85, "spd": 85, "spe": 85}, "ivs": {"hp": 31, "atk": 31, "def": 31, "spa": 31, "spd": 31, "spe": 31}, "item": "Booster Energy", "teraType": "Fighting", "role": "Fast Bulky Setup", "bvs": {"hp": 90, "atk": 120, "def": 80, "spa": 68, "spd": 108, "spe": 124}, "stats": {"hp": 265, "atk": 229, "def": 168, "spa": 149, "spd": 211, "spe": 236}, "types": ["Rock", "Psychic"]}, "Snorlax": {"name": "Snorlax", "species": "Snorlax", "speciesId": "snorlax", "gender": "M", "shiny": false, "level": 82, "moves": ["curse", "sleeptalk", "bodyslam", "rest"], "ability": "Thick Fat", "evs": {"hp": 85, "atk": 85, "def": 85, "spa": 85, "spd": 85, "spe": 85}, "ivs": {"hp": 31, "atk": 31, "def": 31, "spa": 31, "spd": 31, "spe": 31}, "item": "Leftovers", "teraType": "Poison", "role": "Bulky Attacker", "bvs": {"hp": 160, "atk": 110, "def": 65, "spa": 65, "spd": 110, "spe": 30}, "stats": {"hp": 397, "atk": 228, "def": 154, "spa": 154, "spd": 228, "spe": 96}, "types": ["Normal"]}, "Arceus": {"name": "Arceus", "species": "Arceus-Bug", "speciesId": "arceusbug", "gender": "N", "shiny": false, "level": 73, "moves": ["fireblast", "judgment", "calmmind", "recover"], "ability": "Multitype", "evs": {"hp": 81, "atk": 0, "def": 85, "spa": 85, "spd": 85, "spe": 85}, "ivs": {"hp": 31, "atk": 0, "def": 31, "spa": 31, "spd": 31, "spe": 31}, "item": "Insect Plate", "teraType": "Fire", "role": "Bulky Setup", "bvs": {"hp": 120, "atk": 120, "def": 120, "spa": 120, "spd": 120, "spe": 120}, "stats": {"hp": 295, "atk": 180, "def": 218, "spa": 218, "spd": 218, "spe": 218}, "types": ["Bug"]}}]}