{"id": "gen9randombattle-2641812865", "format": "[Gen 9] Random Battle", "players": ["Franko159", "SFroggeh"], "log": "|j|\u203dFranko159\n|j|\u2606SFroggeh\n|t:|1782844916\n|gametype|singles\n|player|p1|Franko159|hilbert|1934\n|player|p2|SFroggeh|102|1965\n|gen|9\n|tier|[Gen 9] Random Battle\n|rated|\n|rule|Species Clause: Limit one of each Pok\u00e9mon\n|rule|HP Percentage Mod: HP is shown in percentages\n|rule|Sleep Clause Mod: Limit one foe put to sleep\n|rule|Illusion Level Mod: Illusion disguises the Pok\u00e9mon's true level\n|\n|t:|1782844916\n|teamsize|p1|6\n|teamsize|p2|6\n|start\n|switch|p1a: Whimsicott|Whimsicott, L84, M|238/238\n|switch|p2a: Slowking|Slowking-Galar, L85, F|300/300\n|turn|1\n|inactive|Battle timer is ON: inactive players will automatically lose when time's up. (requested by SFroggeh)\n|\n|t:|1782844931\n|switch|p1a: Gholdengo|Gholdengo, L77|261/261\n|move|p2a: Slowking|Psychic Noise|p1a: Gholdengo\n|-resisted|p1a: Gholdengo\n|-damage|p1a: Gholdengo|211/261\n|-start|p1a: Gholdengo|move: Heal Block\n|\n|upkeep\n|turn|2\n|\n|t:|1782844940\n|move|p1a: Gholdengo|Trick|p2a: Slowking\n|-activate|p1a: Gholdengo|move: Trick|[of] p2a: Slowking\n|-item|p2a: Slowking|Choice Scarf|[from] move: Trick\n|-item|p1a: Gholdengo|Heavy-Duty Boots|[from] move: Trick\n|-prepare|p2a: Slowking|Chilly Reception|[premajor]\n|move|p2a: Slowking|Chilly Reception|p2a: Slowking\n|-weather|Snowscape\n|\n|t:|1782844956\n|switch|p2a: Heatran|Heatran, L79, M|273/273|[from] Chilly Reception\n|-item|p2a: Heatran|Air Balloon\n|\n|-weather|Snowscape|[upkeep]\n|-end|p1a: Gholdengo|move: Heal Block\n|upkeep\n|turn|3\n|\n|t:|1782844965\n|switch|p1a: Uxie|Uxie, L83|260/260\n|move|p2a: Heatran|Stealth Rock|p1a: Uxie\n|-sidestart|p1: Franko159|move: Stealth Rock\n|\n|-weather|Snowscape|[upkeep]\n|upkeep\n|turn|4\n|\n|t:|1782844977\n|switch|p2a: Banette|Banette, L93, F|270/270\n|move|p1a: Uxie|Encore||[still]\n|-fail|p1a: Uxie\n|\n|-weather|Snowscape|[upkeep]\n|upkeep\n|turn|5\n|\n|t:|1782844985\n|switch|p1a: Komala|Komala, L88, F|258/258\n|-damage|p1a: Komala|226/258|[from] Stealth Rock\n|-ability|p1a: Komala|Comatose\n|move|p2a: Banette|Poltergeist|p1a: Komala\n|-immune|p1a: Komala\n|\n|-weather|Snowscape|[upkeep]\n|upkeep\n|turn|6\n|\n|t:|1782844999\n|move|p1a: Komala|U-turn|p2a: Banette\n|-resisted|p2a: Banette\n|-damage|p2a: Banette|233/270\n|\n|t:|1782845004\n|switch|p1a: Whimsicott|Whimsicott, L84, M|238/238|[from] U-turn\n|move|p2a: Banette|Swords Dance|p2a: Banette\n|-boost|p2a: Banette|atk|2\n|\n|-weather|none\n|upkeep\n|turn|7\n|\n|t:|1782845013\n|move|p1a: Whimsicott|Encore|p2a: Banette\n|-start|p2a: Banette|Encore\n|move|p2a: Banette|Swords Dance|p2a: Banette\n|-boost|p2a: Banette|atk|2\n|\n|upkeep\n|turn|8\n|\n|t:|1782845021\n|switch|p2a: Slowking|Slowking-Galar, L85, F|300/300\n|move|p1a: Whimsicott|Moonblast|p2a: Slowking\n|-resisted|p2a: Slowking\n|-damage|p2a: Slowking|267/300\n|\n|upkeep\n|turn|9\n|\n|t:|1782845028\n|move|p1a: Whimsicott|U-turn|p2a: Slowking\n|-damage|p2a: Slowking|224/300\n|\n|t:|1782845032\n|switch|p1a: Gholdengo|Gholdengo, L77|211/261|[from] U-turn\n|-prepare|p2a: Slowking|Chilly Reception|[premajor]\n|move|p2a: Slowking|Chilly Reception|p2a: Slowking\n|-weather|Snowscape\n|\n|t:|1782845040\n|switch|p2a: Heatran|Heatran, L79, M|273/273|[from] Chilly Reception\n|-item|p2a: Heatran|Air Balloon\n|\n|-weather|Snowscape|[upkeep]\n|upkeep\n|turn|10\n|\n|t:|1782845047\n|switch|p1a: Uxie|Uxie, L83|260/260\n|-damage|p1a: Uxie|228/260|[from] Stealth Rock\n|move|p2a: Heatran|Lava Plume|p1a: Uxie\n|-damage|p1a: Uxie|162/260\n|\n|-weather|Snowscape|[upkeep]\n|-heal|p1a: Uxie|178/260|[from] item: Leftovers\n|upkeep\n|turn|11\n|\n|t:|1782845061\n|move|p1a: Uxie|Stealth Rock|p2a: Heatran\n|-sidestart|p2: SFroggeh|move: Stealth Rock\n|move|p2a: Heatran|Lava Plume|p1a: Uxie\n|-crit|p1a: Uxie\n|-damage|p1a: Uxie|70/260\n|\n|-weather|Snowscape|[upkeep]\n|-heal|p1a: Uxie|86/260|[from] item: Leftovers\n|upkeep\n|turn|12\n|\n|t:|1782845069\n|move|p1a: Uxie|Knock Off|p2a: Heatran\n|-damage|p2a: Heatran|221/273\n|-enditem|p2a: Heatran|Air Balloon\n|move|p2a: Heatran|Lava Plume|p1a: Uxie\n|-damage|p1a: Uxie|19/260\n|\n|-weather|Snowscape|[upkeep]\n|-heal|p1a: Uxie|35/260|[from] item: Leftovers\n|upkeep\n|turn|13\n|\n|t:|1782845080\n|move|p1a: Uxie|Psychic Noise|p2a: Heatran\n|-resisted|p2a: Heatran\n|-damage|p2a: Heatran|191/273\n|-start|p2a: Heatran|move: Heal Block\n|move|p2a: Heatran|Lava Plume|p1a: Uxie\n|-damage|p1a: Uxie|0 fnt\n|faint|p1a: Uxie\n|\n|-weather|none\n|upkeep\n|\n|t:|1782845084\n|switch|p1a: Komala|Komala, L88, F|226/258\n|-damage|p1a: Komala|194/258|[from] Stealth Rock\n|-ability|p1a: Komala|Comatose\n|turn|14\n|\n|t:|1782845104\n|switch|p2a: Banette|Banette, L93, F|233/270\n|-damage|p2a: Banette|200/270|[from] Stealth Rock\n|move|p1a: Komala|Knock Off|p2a: Banette\n|-supereffective|p2a: Banette\n|-damage|p2a: Banette|12/270\n|-enditem|p2a: Banette|Life Orb|[from] move: Knock Off|[of] p1a: Komala\n|\n|upkeep\n|turn|15\n|\n|t:|1782845116\n|switch|p2a: Slowking|Slowking-Galar, L85, F|300/300\n|-damage|p2a: Slowking|263/300|[from] Stealth Rock\n|move|p1a: Komala|Knock Off|p2a: Slowking\n|-supereffective|p2a: Slowking\n|-damage|p2a: Slowking|83/300\n|-enditem|p2a: Slowking|Choice Scarf|[from] move: Knock Off|[of] p1a: Komala\n|\n|upkeep\n|turn|16\n|\n|t:|1782845125\n|switch|p2a: Banette|Banette, L93, F|12/270\n|-damage|p2a: Banette|0 fnt|[from] Stealth Rock\n|faint|p2a: Banette\n|move|p1a: Komala|Knock Off|p2: Banette|[notarget]\n|-fail|p1a: Komala\n|\n|upkeep\n|\n|t:|1782845136\n|switch|p2a: Heatran|Heatran, L79, M|191/273\n|-damage|p2a: Heatran|157/273|[from] Stealth Rock\n|turn|17\n|\n|t:|1782845147\n|switch|p1a: Whimsicott|Whimsicott, L84, M|238/238\n|move|p2a: Heatran|Lava Plume|p1a: Whimsicott\n|-supereffective|p1a: Whimsicott\n|-damage|p1a: Whimsicott|4/238\n|-status|p1a: Whimsicott|brn\n|\n|-damage|p1a: Whimsicott|0 fnt|[from] brn\n|faint|p1a: Whimsicott\n|upkeep\n|\n|t:|1782845151\n|switch|p1a: Sceptile|Sceptile, L87, F|264/264\n|-damage|p1a: Sceptile|231/264|[from] Stealth Rock\n|turn|18\n|\n|t:|1782845161\n|move|p1a: Sceptile|Earthquake|p2a: Heatran\n|-supereffective|p2a: Heatran\n|-damage|p2a: Heatran|0 fnt\n|faint|p2a: Heatran\n|-damage|p1a: Sceptile|205/264|[from] item: Life Orb\n|\n|upkeep\n|\n|t:|1782845170\n|switch|p2a: Gothitelle|Gothitelle, L90, M|272/272\n|-damage|p2a: Gothitelle|238/272|[from] Stealth Rock\n|turn|19\n|\n|t:|1782845176\n|move|p1a: Sceptile|Leaf Blade|p2a: Gothitelle\n|-damage|p2a: Gothitelle|137/272\n|-damage|p1a: Sceptile|179/264|[from] item: Life Orb\n|move|p2a: Gothitelle|Calm Mind|p2a: Gothitelle\n|-boost|p2a: Gothitelle|spa|1\n|-boost|p2a: Gothitelle|spd|1\n|\n|-heal|p2a: Gothitelle|154/272|[from] item: Leftovers\n|upkeep\n|turn|20\n|\n|t:|1782845187\n|move|p1a: Sceptile|Leaf Blade|p2a: Gothitelle\n|-damage|p2a: Gothitelle|51/272\n|-damage|p1a: Sceptile|153/264|[from] item: Life Orb\n|move|p2a: Gothitelle|Psychic Noise|p1a: Sceptile\n|-damage|p1a: Sceptile|17/264\n|-start|p1a: Sceptile|move: Heal Block\n|\n|-heal|p2a: Gothitelle|68/272|[from] item: Leftovers\n|upkeep\n|turn|21\n|\n|t:|1782845201\n|move|p1a: Sceptile|Earthquake|p2a: Gothitelle\n|-damage|p2a: Gothitelle|0 fnt\n|faint|p2a: Gothitelle\n|-damage|p1a: Sceptile|0 fnt|[from] item: Life Orb\n|faint|p1a: Sceptile\n|\n|upkeep\n|\n|t:|1782845215\n|switch|p1a: Komala|Komala, L88, F|194/258\n|switch|p2a: Copperajah|Copperajah, L86, F|350/350\n|-damage|p1a: Komala|162/258|[from] Stealth Rock\n|-ability|p1a: Komala|Comatose\n|-damage|p2a: Copperajah|329/350|[from] Stealth Rock\n|turn|22\n|\n|t:|1782845224\n|move|p1a: Komala|Earthquake|p2a: Copperajah\n|-supereffective|p2a: Copperajah\n|-damage|p2a: Copperajah|127/350\n|move|p2a: Copperajah|Iron Head|p1a: Komala\n|-damage|p1a: Komala|0 fnt\n|faint|p1a: Komala\n|\n|upkeep\n|\n|t:|1782845227\n|switch|p1a: Gholdengo|Gholdengo, L77|211/261\n|turn|23\n|\n|t:|1782845243\n|move|p1a: Gholdengo|Shadow Ball|p2a: Copperajah\n|-damage|p2a: Copperajah|12/350\n|-unboost|p2a: Copperajah|spd|1\n|move|p2a: Copperajah|Earthquake|p1a: Gholdengo\n|-supereffective|p1a: Gholdengo\n|-damage|p1a: Gholdengo|0 fnt\n|faint|p1a: Gholdengo\n|-damage|p2a: Copperajah|0 fnt|[from] item: Life Orb\n|faint|p2a: Copperajah\n|\n|upkeep\n|-message|Franko159 forfeited.\n|\n|win|SFroggeh\n|raw|Franko159's rating: 1934 &rarr; <strong>1917</strong><br />(-17 for losing)\n|raw|SFroggeh's rating: 1982 &rarr; <strong>1999</strong><br />(+17 for winning)\n", "inputlog": ">version f8ac14003a5f27e1bdc8d8c59608a773c1cb96e5\n>start {\"formatid\":\"gen9randombattle\",\"seed\":\"sodium,f254a1bbf367d1d6e114ec0b104147f3\",\"rated\":\"Rated battle\"}\n>player p1 {\"name\":\"Franko159\",\"avatar\":\"hilbert\",\"rating\":1934,\"seed\":\"sodium,0b2ca6ef9f0552b6b27a1cd739c501f3\"}\n>player p2 {\"name\":\"SFroggeh\",\"avatar\":\"102\",\"rating\":1965,\"seed\":\"sodium,f458e1db03f08062b7668222d38093b2\"}\n>p1 switch 5\n>p2 move psychicnoise\n>p1 move trick\n>p2 move chillyreception\n>p2 switch 3\n>p1 switch 6\n>p2 move stealthrock\n>p1 move encore\n>p2 switch 5\n>p1 switch 4\n>p2 move poltergeist\n>p1 move uturn\n>p2 move swordsdance\n>p1 switch 5\n>p1 move encore\n>p2 move shadowsneak\n>p1 move moonblast\n>p2 switch 3\n>p1 move uturn\n>p2 move chillyreception\n>p1 switch 6\n>p2 switch 5\n>p1 switch 4\n>p2 move lavaplume\n>p1 move stealthrock\n>p2 move lavaplume\n>p1 move knockoff\n>p2 move lavaplume\n>p1 move psychicnoise\n>p2 move lavaplume\n>p1 switch 5\n>p1 move knockoff\n>p2 switch 3\n>p1 move knockoff\n>p2 switch 5\n>p1 move knockoff\n>p2 switch 5\n>p2 switch 3\n>p1 switch 6\n>p2 move lavaplume\n>p1 switch 2\n>p1 move earthquake\n>p2 move lavaplume\n>p2 switch 6\n>p1 move leafblade\n>p2 move calmmind\n>p1 move leafblade\n>p2 move psychicnoise\n>p1 move earthquake\n>p2 move calmmind\n>p1 switch 6\n>p2 switch 4\n>p1 move earthquake\n>p2 move ironhead\n>p1 switch 4\n>p1 move shadowball\n>p2 move earthquake\n>forcelose p1", "uploadtime": 1782845251, "views": 6, "formatid": "gen9randombattle", "rating": 1917, "private": 0, "password": null, "player_dets": [{"name": "Franko159", "avatar": "hilbert", "rating": 1934, "seed": "sodium,0b2ca6ef9f0552b6b27a1cd739c501f3"}, {"name": "SFroggeh", "avatar": "102", "rating": 1965, "seed": "sodium,f458e1db03f08062b7668222d38093b2"}], "teams_full": [{"Whimsicott": {"name": "Whimsicott", "species": "Whimsicott", "speciesId": "whimsicott", "gender": "M", "shiny": false, "level": 84, "moves": ["encore", "uturn", "moonblast", "stunspore"], "ability": "Prankster", "evs": {"hp": 85, "atk": 85, "def": 85, "spa": 85, "spd": 85, "spe": 85}, "ivs": {"hp": 31, "atk": 31, "def": 31, "spa": 31, "spd": 31, "spe": 31}, "item": "Heavy-Duty Boots", "teraType": "Poison", "role": "Fast Support", "bvs": {"hp": 60, "atk": 67, "def": 85, "spa": 77, "spd": 75, "spe": 116}, "stats": {"hp": 238, "atk": 161, "def": 191, "spa": 178, "spd": 174, "spe": 243}, "types": ["Grass", "Fairy"]}, "Sceptile": {"name": "Sceptile", "species": "Sceptile", "speciesId": "sceptile", "gender": "F", "shiny": false, "level": 87, "moves": ["leafblade", "swordsdance", "earthquake", "rockslide"], "ability": "Overgrow", "evs": {"hp": 85, "atk": 85, "def": 85, "spa": 85, "spd": 85, "spe": 85}, "ivs": {"hp": 31, "atk": 31, "def": 31, "spa": 31, "spd": 31, "spe": 31}, "item": "Life Orb", "teraType": "Rock", "role": "Setup Sweeper", "bvs": {"hp": 70, "atk": 85, "def": 65, "spa": 105, "spd": 85, "spe": 120}, "stats": {"hp": 264, "atk": 198, "def": 163, "spa": 232, "spd": 198, "spe": 259}, "types": ["Grass"]}, "Drifblim": {"name": "Drifblim", "species": "Drifblim", "speciesId": "drifblim", "gender": "M", "shiny": false, "level": 86, "moves": ["airslash", "strengthsap", "shadowball", "defog"], "ability": "Aftermath", "evs": {"hp": 85, "atk": 0, "def": 85, "spa": 85, "spd": 85, "spe": 85}, "ivs": {"hp": 31, "atk": 0, "def": 31, "spa": 31, "spd": 31, "spe": 31}, "item": "Heavy-Duty Boots", "teraType": "Steel", "role": "Bulky Attacker", "bvs": {"hp": 150, "atk": 80, "def": 44, "spa": 90, "spd": 54, "spe": 80}, "stats": {"hp": 398, "atk": 142, "def": 125, "spa": 204, "spd": 142, "spe": 187}, "types": ["Ghost", "Flying"]}, "Komala": {"name": "Komala", "species": "Komala", "speciesId": "komala", "gender": "F", "shiny": false, "level": 88, "moves": ["knockoff", "earthquake", "uturn", "bodyslam"], "ability": "Comatose", "evs": {"hp": 85, "atk": 85, "def": 85, "spa": 85, "spd": 85, "spe": 85}, "ivs": {"hp": 31, "atk": 31, "def": 31, "spa": 31, "spd": 31, "spe": 31}, "item": "Choice Scarf", "teraType": "Ghost", "role": "Bulky Support", "bvs": {"hp": 65, "atk": 115, "def": 65, "spa": 75, "spd": 95, "spe": 65}, "stats": {"hp": 258, "atk": 253, "def": 165, "spa": 182, "spd": 217, "spe": 165}, "types": ["Normal"]}, "Gholdengo": {"name": "Gholdengo", "species": "Gholdengo", "speciesId": "gholdengo", "gender": "N", "shiny": false, "level": 77, "moves": ["focusblast", "makeitrain", "shadowball", "trick"], "ability": "Good as Gold", "evs": {"hp": 85, "atk": 0, "def": 85, "spa": 85, "spd": 85, "spe": 85}, "ivs": {"hp": 31, "atk": 0, "def": 31, "spa": 31, "spd": 31, "spe": 31}, "item": "Choice Scarf", "teraType": "Ghost", "role": "Bulky Attacker", "bvs": {"hp": 87, "atk": 60, "def": 95, "spa": 133, "spd": 91, "spe": 84}, "stats": {"hp": 261, "atk": 97, "def": 191, "spa": 249, "spd": 185, "spe": 174}, "types": ["Steel", "Ghost"]}, "Uxie": {"name": "Uxie", "species": "Uxie", "speciesId": "uxie", "gender": "N", "shiny": false, "level": 83, "moves": ["psychicnoise", "knockoff", "encore", "stealthrock"], "ability": "Levitate", "evs": {"hp": 85, "atk": 85, "def": 85, "spa": 85, "spd": 85, "spe": 85}, "ivs": {"hp": 31, "atk": 31, "def": 31, "spa": 31, "spd": 31, "spe": 31}, "item": "Leftovers", "teraType": "Steel", "role": "Bulky Support", "bvs": {"hp": 75, "atk": 75, "def": 130, "spa": 75, "spd": 130, "spe": 95}, "stats": {"hp": 260, "atk": 172, "def": 263, "spa": 172, "spd": 263, "spe": 205}, "types": ["Psychic"]}}, {"Slowking": {"name": "Slowking", "species": "Slowking-Galar", "speciesId": "slowkinggalar", "gender": "F", "shiny": false, "level": 85, "moves": ["sludgebomb", "psychicnoise", "slackoff", "chillyreception"], "ability": "Regenerator", "evs": {"hp": 85, "atk": 0, "def": 85, "spa": 85, "spd": 85, "spe": 85}, "ivs": {"hp": 31, "atk": 0, "def": 31, "spa": 31, "spd": 31, "spe": 31}, "item": "Heavy-Duty Boots", "teraType": "Dark", "role": "Bulky Attacker", "bvs": {"hp": 95, "atk": 65, "def": 80, "spa": 110, "spd": 110, "spe": 30}, "stats": {"hp": 300, "atk": 115, "def": 185, "spa": 236, "spd": 236, "spe": 100}, "types": ["Poison", "Psychic"]}, "Ditto": {"name": "Ditto", "species": "Ditto", "speciesId": "ditto", "gender": "N", "shiny": false, "level": 87, "moves": ["transform"], "ability": "Imposter", "evs": {"hp": 85, "atk": 85, "def": 85, "spa": 85, "spd": 85, "spe": 85}, "ivs": {"hp": 31, "atk": 31, "def": 31, "spa": 31, "spd": 31, "spe": 31}, "item": "Choice Scarf", "teraType": "Ghost", "role": "Fast Support", "bvs": {"hp": 48, "atk": 48, "def": 48, "spa": 48, "spd": 48, "spe": 48}, "stats": {"hp": 225, "atk": 133, "def": 133, "spa": 133, "spd": 133, "spe": 133}, "types": ["Normal"]}, "Heatran": {"name": "Heatran", "species": "Heatran", "speciesId": "heatran", "gender": "M", "shiny": false, "level": 79, "moves": ["lavaplume", "earthpower", "stealthrock", "heavyslam"], "ability": "Flash Fire", "evs": {"hp": 85, "atk": 85, "def": 85, "spa": 85, "spd": 85, "spe": 85}, "ivs": {"hp": 31, "atk": 31, "def": 31, "spa": 31, "spd": 31, "spe": 31}, "item": "Air Balloon", "teraType": "Grass", "role": "Bulky Support", "bvs": {"hp": 91, "atk": 90, "def": 106, "spa": 130, "spd": 106, "spe": 77}, "stats": {"hp": 273, "atk": 188, "def": 213, "spa": 251, "spd": 213, "spe": 167}, "types": ["Fire", "Steel"]}, "Copperajah": {"name": "Copperajah", "species": "Copperajah", "speciesId": "copperajah", "gender": "F", "shiny": false, "level": 86, "moves": ["earthquake", "rockslide", "ironhead", "playrough"], "ability": "Sheer Force", "evs": {"hp": 85, "atk": 85, "def": 85, "spa": 85, "spd": 85, "spe": 85}, "ivs": {"hp": 31, "atk": 31, "def": 31, "spa": 31, "spd": 31, "spe": 31}, "item": "Life Orb", "teraType": "Fairy", "role": "Wallbreaker", "bvs": {"hp": 122, "atk": 130, "def": 69, "spa": 80, "spd": 69, "spe": 30}, "stats": {"hp": 350, "atk": 273, "def": 168, "spa": 187, "spd": 168, "spe": 101}, "types": ["Steel"]}, "Banette": {"name": "Banette", "species": "Banette", "speciesId": "banette", "gender": "F", "shiny": false, "level": 93, "moves": ["shadowsneak", "gunkshot", "poltergeist", "swordsdance"], "ability": "Cursed Body", "evs": {"hp": 85, "atk": 85, "def": 85, "spa": 85, "spd": 85, "spe": 85}, "ivs": {"hp": 31, "atk": 31, "def": 31, "spa": 31, "spd": 31, "spe": 31}, "item": "Life Orb", "teraType": "Ghost", "role": "Wallbreaker", "bvs": {"hp": 64, "atk": 115, "def": 65, "spa": 83, "spd": 63, "spe": 65}, "stats": {"hp": 270, "atk": 267, "def": 174, "spa": 207, "spd": 170, "spe": 174}, "types": ["Ghost"]}, "Gothitelle": {"name": "Gothitelle", "species": "Gothitelle", "speciesId": "gothitelle", "gender": "M", "shiny": false, "level": 90, "moves": ["focusblast", "psychicnoise", "darkpulse", "calmmind"], "ability": "Shadow Tag", "evs": {"hp": 85, "atk": 0, "def": 85, "spa": 85, "spd": 85, "spe": 85}, "ivs": {"hp": 31, "atk": 0, "def": 31, "spa": 31, "spd": 31, "spe": 31}, "item": "Leftovers", "teraType": "Ghost", "role": "Bulky Setup", "bvs": {"hp": 70, "atk": 55, "def": 95, "spa": 95, "spd": 110, "spe": 65}, "stats": {"hp": 272, "atk": 104, "def": 222, "spa": 222, "spd": 249, "spe": 168}, "types": ["Psychic"]}}]}