{"id": "gen9randombattle-2641980570", "format": "[Gen 9] Random Battle", "players": ["Cece420", "testbotcif"], "log": "|j|\u2606Cece420\n|j|\u2606testbotcif\n|t:|1782868171\n|gametype|singles\n|player|p1|Cece420|169|1299\n|player|p2|testbotcif|1|1267\n|gen|9\n|tier|[Gen 9] Random Battle\n|rated|\n|rule|Species Clause: Limit one of each Pok\u00e9mon\n|rule|HP Percentage Mod: HP is shown in percentages\n|rule|Sleep Clause Mod: Limit one foe put to sleep\n|rule|Illusion Level Mod: Illusion disguises the Pok\u00e9mon's true level\n|\n|t:|1782868171\n|teamsize|p1|6\n|teamsize|p2|6\n|start\n|switch|p1a: Chi-Yu|Chi-Yu, L77|211/211\n|switch|p2a: Solgaleo|Solgaleo, L74|325/325\n|-ability|p1a: Chi-Yu|Beads of Ruin\n|turn|1\n|c|\u2606testbotcif|rlhf\n|inactive|Battle timer is ON: inactive players will automatically lose when time's up. (requested by Cece420)\n|inactive|testbotcif also wants the timer to be on.\n|\n|t:|1782868175\n|switch|p2a: Goodra|Goodra, L85, M|292/292\n|move|p1a: Chi-Yu|Flamethrower|p2a: Goodra\n|-resisted|p2a: Goodra\n|-damage|p2a: Goodra|262/292\n|-status|p2a: Goodra|brn\n|\n|-damage|p2a: Goodra|244/292 brn|[from] brn\n|upkeep\n|turn|2\n|\n|t:|1782868183\n|switch|p1a: Alcremie|Alcremie-Lemon-Cream, L90, F|263/263\n|move|p2a: Goodra|Scald|p1a: Alcremie\n|-damage|p1a: Alcremie|212/263\n|-status|p1a: Alcremie|brn\n|\n|-heal|p1a: Alcremie|228/263 brn|[from] item: Leftovers\n|-damage|p2a: Goodra|226/292 brn|[from] brn\n|-damage|p1a: Alcremie|212/263 brn|[from] brn\n|upkeep\n|turn|3\n|\n|t:|1782868192\n|switch|p2a: Solgaleo|Solgaleo, L74|325/325\n|move|p1a: Alcremie|Calm Mind|p1a: Alcremie\n|-boost|p1a: Alcremie|spa|1\n|-boost|p1a: Alcremie|spd|1\n|\n|-heal|p1a: Alcremie|228/263 brn|[from] item: Leftovers\n|-damage|p1a: Alcremie|212/263 brn|[from] brn\n|upkeep\n|turn|4\n|\n|t:|1782868197\n|switch|p1a: Chi-Yu|Chi-Yu, L77|211/211\n|-ability|p1a: Chi-Yu|Beads of Ruin\n|move|p2a: Solgaleo|Sunsteel Strike|p1a: Chi-Yu\n|-resisted|p1a: Chi-Yu\n|-damage|p1a: Chi-Yu|152/211\n|\n|upkeep\n|turn|5\n|\n|t:|1782868205\n|switch|p2a: Goodra|Goodra, L85, M|226/292 brn\n|move|p1a: Chi-Yu|Flamethrower|p2a: Goodra\n|-resisted|p2a: Goodra\n|-damage|p2a: Goodra|195/292 brn\n|\n|-damage|p2a: Goodra|177/292 brn|[from] brn\n|upkeep\n|turn|6\n|\n|t:|1782868207\n|switch|p1a: Gastrodon|Gastrodon-East, L86, M|331/331\n|move|p2a: Goodra|Scald|p1a: Gastrodon\n|-ability|p1a: Gastrodon|Storm Drain|boost\n|-boost|p1a: Gastrodon|spa|1\n|\n|-damage|p2a: Goodra|159/292 brn|[from] brn\n|upkeep\n|turn|7\n|\n|t:|1782868214\n|move|p2a: Goodra|Draco Meteor|p1a: Gastrodon\n|-damage|p1a: Gastrodon|171/331\n|-unboost|p2a: Goodra|spa|2\n|move|p1a: Gastrodon|Stealth Rock|p2a: Goodra\n|-sidestart|p2: testbotcif|move: Stealth Rock\n|\n|-heal|p1a: Gastrodon|191/331|[from] item: Leftovers\n|-damage|p2a: Goodra|141/292 brn|[from] brn\n|upkeep\n|turn|8\n|\n|t:|1782868222\n|move|p1a: Gastrodon|Recover|p1a: Gastrodon\n|-heal|p1a: Gastrodon|331/331\n|move|p2a: Goodra|Dragon Tail|p1a: Gastrodon\n|-damage|p1a: Gastrodon|292/331\n|drag|p1a: Chi-Yu|Chi-Yu, L77|152/211\n|-ability|p1a: Chi-Yu|Beads of Ruin\n|\n|-damage|p2a: Goodra|123/292 brn|[from] brn\n|upkeep\n|turn|9\n|\n|t:|1782868228\n|switch|p1a: Gastrodon|Gastrodon-East, L86, M|292/331\n|move|p2a: Goodra|Dragon Tail|p1a: Gastrodon\n|-damage|p1a: Gastrodon|251/331\n|drag|p1a: Zebstrika|Zebstrika, L87, F|272/272\n|\n|-damage|p2a: Goodra|105/292 brn|[from] brn\n|upkeep\n|turn|10\n|\n|t:|1782868237\n|move|p1a: Zebstrika|Volt Switch|p2a: Goodra\n|-resisted|p2a: Goodra\n|-damage|p2a: Goodra|86/292 brn\n|-damage|p1a: Zebstrika|245/272|[from] item: Life Orb\n|\n|t:|1782868242\n|switch|p1a: Alcremie|Alcremie-Lemon-Cream, L90, F|212/263 brn|[from] Volt Switch\n|move|p2a: Goodra|Dragon Tail|p1a: Alcremie\n|-immune|p1a: Alcremie\n|\n|-heal|p1a: Alcremie|228/263 brn|[from] item: Leftovers\n|-damage|p2a: Goodra|68/292 brn|[from] brn\n|-damage|p1a: Alcremie|212/263 brn|[from] brn\n|upkeep\n|turn|11\n|\n|t:|1782868250\n|switch|p2a: Solgaleo|Solgaleo, L74|325/325\n|-damage|p2a: Solgaleo|305/325|[from] Stealth Rock\n|move|p1a: Alcremie|Alluring Voice|p2a: Solgaleo\n|-resisted|p2a: Solgaleo\n|-damage|p2a: Solgaleo|248/325\n|\n|-heal|p2a: Solgaleo|268/325|[from] item: Leftovers\n|-heal|p1a: Alcremie|228/263 brn|[from] item: Leftovers\n|-damage|p1a: Alcremie|212/263 brn|[from] brn\n|upkeep\n|turn|12\n|\n|t:|1782868257\n|switch|p1a: Chi-Yu|Chi-Yu, L77|152/211\n|-ability|p1a: Chi-Yu|Beads of Ruin\n|move|p2a: Solgaleo|Sunsteel Strike|p1a: Chi-Yu\n|-resisted|p1a: Chi-Yu\n|-damage|p1a: Chi-Yu|86/211\n|\n|-heal|p2a: Solgaleo|288/325|[from] item: Leftovers\n|upkeep\n|turn|13\n|\n|t:|1782868264\n|switch|p2a: Goodra|Goodra, L85, M|68/292 brn\n|-damage|p2a: Goodra|32/292 brn|[from] Stealth Rock\n|move|p1a: Chi-Yu|Dark Pulse|p2a: Goodra\n|-damage|p2a: Goodra|0 fnt\n|faint|p2a: Goodra\n|\n|upkeep\n|\n|t:|1782868264\n|switch|p2a: Basculin|Basculin, L86, M|261/261\n|-damage|p2a: Basculin|229/261|[from] Stealth Rock\n|turn|14\n|\n|t:|1782868272\n|switch|p1a: Gastrodon|Gastrodon-East, L86, M|251/331\n|move|p2a: Basculin|Aqua Jet|p1a: Gastrodon\n|-ability|p1a: Gastrodon|Storm Drain|boost\n|-boost|p1a: Gastrodon|spa|1\n|\n|-heal|p1a: Gastrodon|271/331|[from] item: Leftovers\n|upkeep\n|turn|15\n|\n|t:|1782868280\n|switch|p2a: Meloetta|Meloetta, L82|298/298\n|-damage|p2a: Meloetta|261/298|[from] Stealth Rock\n|move|p1a: Gastrodon|Earthquake|p2a: Meloetta\n|-damage|p2a: Meloetta|159/298\n|\n|-heal|p1a: Gastrodon|291/331|[from] item: Leftovers\n|upkeep\n|turn|16\n|\n|t:|1782868288\n|move|p2a: Meloetta|Relic Song|p1a: Gastrodon\n|-damage|p1a: Gastrodon|162/331\n|-formechange|p2a: Meloetta|Meloetta-Pirouette|[msg]\n|-damage|p2a: Meloetta|130/298|[from] item: Life Orb\n|move|p1a: Gastrodon|Earthquake|p2a: Meloetta\n|-damage|p2a: Meloetta|27/298\n|\n|-heal|p1a: Gastrodon|182/331|[from] item: Leftovers\n|upkeep\n|turn|17\n|\n|t:|1782868296\n|move|p2a: Meloetta|Close Combat|p1a: Gastrodon\n|-damage|p1a: Gastrodon|0 fnt\n|-unboost|p2a: Meloetta|def|1\n|-unboost|p2a: Meloetta|spd|1\n|faint|p1a: Gastrodon\n|-damage|p2a: Meloetta|0 fnt|[from] item: Life Orb\n|faint|p2a: Meloetta\n|\n|upkeep\n|\n|t:|1782868300\n|switch|p2a: Basculin|Basculin, L86, M|229/261\n|switch|p1a: Chi-Yu|Chi-Yu, L77|86/211\n|-ability|p1a: Chi-Yu|Beads of Ruin\n|-damage|p2a: Basculin|197/261|[from] Stealth Rock\n|turn|18\n|\n|t:|1782868307\n|move|p2a: Basculin|Aqua Jet|p1a: Chi-Yu\n|-supereffective|p1a: Chi-Yu\n|-damage|p1a: Chi-Yu|0 fnt\n|faint|p1a: Chi-Yu\n|\n|upkeep\n|\n|t:|1782868310\n|switch|p1a: Alcremie|Alcremie-Lemon-Cream, L90, F|212/263 brn\n|turn|19\n|\n|t:|1782868312\n|switch|p2a: Solgaleo|Solgaleo, L74|288/325\n|-damage|p2a: Solgaleo|268/325|[from] Stealth Rock\n|move|p1a: Alcremie|Calm Mind|p1a: Alcremie\n|-boost|p1a: Alcremie|spa|1\n|-boost|p1a: Alcremie|spd|1\n|\n|-heal|p2a: Solgaleo|288/325|[from] item: Leftovers\n|-heal|p1a: Alcremie|228/263 brn|[from] item: Leftovers\n|-damage|p1a: Alcremie|212/263 brn|[from] brn\n|upkeep\n|turn|20\n|\n|t:|1782868316\n|switch|p1a: Zebstrika|Zebstrika, L87, F|245/272\n|move|p2a: Solgaleo|Sunsteel Strike|p1a: Zebstrika\n|-resisted|p1a: Zebstrika\n|-damage|p1a: Zebstrika|180/272\n|\n|-heal|p2a: Solgaleo|308/325|[from] item: Leftovers\n|upkeep\n|turn|21\n|\n|t:|1782868322\n|move|p1a: Zebstrika|Volt Switch|p2a: Solgaleo\n|-damage|p2a: Solgaleo|201/325\n|-damage|p1a: Zebstrika|153/272|[from] item: Life Orb\n|\n|t:|1782868327\n|switch|p1a: Reuniclus|Reuniclus, L88, M|337/337|[from] Volt Switch\n|move|p2a: Solgaleo|Psychic Fangs|p1a: Reuniclus\n|-resisted|p1a: Reuniclus\n|-damage|p1a: Reuniclus|283/337\n|\n|-heal|p2a: Solgaleo|221/325|[from] item: Leftovers\n|upkeep\n|turn|22\n|\n|t:|1782868333\n|move|p2a: Solgaleo|Sunsteel Strike|p1a: Reuniclus\n|-damage|p1a: Reuniclus|165/337\n|move|p1a: Reuniclus|Calm Mind|p1a: Reuniclus\n|-boost|p1a: Reuniclus|spa|1\n|-boost|p1a: Reuniclus|spd|1\n|\n|-heal|p2a: Solgaleo|241/325|[from] item: Leftovers\n|upkeep\n|turn|23\n|\n|t:|1782868339\n|move|p2a: Solgaleo|Sunsteel Strike|p1a: Reuniclus\n|-damage|p1a: Reuniclus|51/337\n|move|p1a: Reuniclus|Recover|p1a: Reuniclus\n|-heal|p1a: Reuniclus|220/337\n|\n|-heal|p2a: Solgaleo|261/325|[from] item: Leftovers\n|upkeep\n|turn|24\n|\n|t:|1782868345\n|move|p2a: Solgaleo|Sunsteel Strike|p1a: Reuniclus\n|-damage|p1a: Reuniclus|102/337\n|move|p1a: Reuniclus|Recover|p1a: Reuniclus\n|-heal|p1a: Reuniclus|271/337\n|\n|-heal|p2a: Solgaleo|281/325|[from] item: Leftovers\n|upkeep\n|turn|25\n|\n|t:|1782868352\n|move|p2a: Solgaleo|Sunsteel Strike|p1a: Reuniclus\n|-damage|p1a: Reuniclus|156/337\n|move|p1a: Reuniclus|Calm Mind|p1a: Reuniclus\n|-boost|p1a: Reuniclus|spa|1\n|-boost|p1a: Reuniclus|spd|1\n|\n|-heal|p2a: Solgaleo|301/325|[from] item: Leftovers\n|upkeep\n|turn|26\n|\n|t:|1782868356\n|move|p2a: Solgaleo|Sunsteel Strike|p1a: Reuniclus\n|-damage|p1a: Reuniclus|44/337\n|move|p1a: Reuniclus|Recover|p1a: Reuniclus\n|-heal|p1a: Reuniclus|213/337\n|\n|-heal|p2a: Solgaleo|321/325|[from] item: Leftovers\n|upkeep\n|turn|27\n|\n|t:|1782868363\n|move|p2a: Solgaleo|Psychic Fangs|p1a: Reuniclus\n|-resisted|p1a: Reuniclus\n|-damage|p1a: Reuniclus|165/337\n|move|p1a: Reuniclus|Recover|p1a: Reuniclus\n|-heal|p1a: Reuniclus|334/337\n|\n|-heal|p2a: Solgaleo|325/325|[from] item: Leftovers\n|upkeep\n|turn|28\n|\n|t:|1782868366\n|move|p2a: Solgaleo|Psychic Fangs|p1a: Reuniclus\n|-resisted|p1a: Reuniclus\n|-damage|p1a: Reuniclus|286/337\n|move|p1a: Reuniclus|Calm Mind|p1a: Reuniclus\n|-boost|p1a: Reuniclus|spa|1\n|-boost|p1a: Reuniclus|spd|1\n|\n|upkeep\n|turn|29\n|\n|t:|1782868368\n|move|p2a: Solgaleo|Psychic Fangs|p1a: Reuniclus\n|-resisted|p1a: Reuniclus\n|-damage|p1a: Reuniclus|238/337\n|move|p1a: Reuniclus|Calm Mind|p1a: Reuniclus\n|-boost|p1a: Reuniclus|spa|1\n|-boost|p1a: Reuniclus|spd|1\n|\n|upkeep\n|turn|30\n|\n|t:|1782868370\n|move|p2a: Solgaleo|Psychic Fangs|p1a: Reuniclus\n|-resisted|p1a: Reuniclus\n|-damage|p1a: Reuniclus|190/337\n|move|p1a: Reuniclus|Calm Mind|p1a: Reuniclus\n|-boost|p1a: Reuniclus|spa|1\n|-boost|p1a: Reuniclus|spd|1\n|\n|upkeep\n|turn|31\n|\n|t:|1782868373\n|move|p2a: Solgaleo|Psychic Fangs|p1a: Reuniclus\n|-resisted|p1a: Reuniclus\n|-damage|p1a: Reuniclus|140/337\n|move|p1a: Reuniclus|Calm Mind|p1a: Reuniclus\n|-boost|p1a: Reuniclus|spa|1\n|-boost|p1a: Reuniclus|spd|1\n|\n|upkeep\n|turn|32\n|\n|t:|1782868375\n|move|p2a: Solgaleo|Psychic Fangs|p1a: Reuniclus\n|-resisted|p1a: Reuniclus\n|-damage|p1a: Reuniclus|87/337\n|move|p1a: Reuniclus|Recover|p1a: Reuniclus\n|-heal|p1a: Reuniclus|256/337\n|\n|upkeep\n|turn|33\n|\n|t:|1782868377\n|move|p2a: Solgaleo|Psychic Fangs|p1a: Reuniclus\n|-resisted|p1a: Reuniclus\n|-damage|p1a: Reuniclus|209/337\n|move|p1a: Reuniclus|Recover|p1a: Reuniclus\n|-heal|p1a: Reuniclus|337/337\n|\n|upkeep\n|turn|34\n|\n|t:|1782868381\n|move|p2a: Solgaleo|Psychic Fangs|p1a: Reuniclus\n|-resisted|p1a: Reuniclus\n|-damage|p1a: Reuniclus|289/337\n|move|p1a: Reuniclus|Psyshock|p2a: Solgaleo\n|-resisted|p2a: Solgaleo\n|-damage|p2a: Solgaleo|187/325\n|\n|-heal|p2a: Solgaleo|207/325|[from] item: Leftovers\n|upkeep\n|turn|35\n|\n|t:|1782868386\n|move|p2a: Solgaleo|Psychic Fangs|p1a: Reuniclus\n|-resisted|p1a: Reuniclus\n|-damage|p1a: Reuniclus|237/337\n|move|p1a: Reuniclus|Focus Blast|p2a: Solgaleo|[miss]\n|-miss|p1a: Reuniclus|p2a: Solgaleo\n|\n|-heal|p2a: Solgaleo|227/325|[from] item: Leftovers\n|upkeep\n|turn|36\n|\n|t:|1782868392\n|move|p2a: Solgaleo|Psychic Fangs|p1a: Reuniclus\n|-resisted|p1a: Reuniclus\n|-damage|p1a: Reuniclus|185/337\n|move|p1a: Reuniclus|Recover|p1a: Reuniclus\n|-heal|p1a: Reuniclus|337/337\n|\n|-heal|p2a: Solgaleo|247/325|[from] item: Leftovers\n|upkeep\n|turn|37\n|\n|t:|1782868394\n|move|p2a: Solgaleo|Psychic Fangs|p1a: Reuniclus\n|-resisted|p1a: Reuniclus\n|-damage|p1a: Reuniclus|289/337\n|move|p1a: Reuniclus|Focus Blast|p2a: Solgaleo\n|-damage|p2a: Solgaleo|0 fnt\n|faint|p2a: Solgaleo\n|\n|upkeep\n|\n|t:|1782868395\n|switch|p2a: Basculin|Basculin, L86, M|197/261\n|-damage|p2a: Basculin|165/261|[from] Stealth Rock\n|turn|38\n|\n|t:|1782868402\n|move|p2a: Basculin|Wave Crash|p1a: Reuniclus\n|-damage|p1a: Reuniclus|7/337\n|-damage|p2a: Basculin|72/261|[from] Recoil\n|move|p1a: Reuniclus|Psyshock|p2a: Basculin\n|-damage|p2a: Basculin|0 fnt\n|faint|p2a: Basculin\n|\n|upkeep\n|\n|t:|1782868403\n|switch|p2a: Iron Jugulis|Iron Jugulis, L77|271/271\n|-damage|p2a: Iron Jugulis|204/271|[from] Stealth Rock\n|turn|39\n|\n|t:|1782868410\n|move|p2a: Iron Jugulis|Dark Pulse|p1a: Reuniclus\n|-supereffective|p1a: Reuniclus\n|-damage|p1a: Reuniclus|0 fnt\n|faint|p1a: Reuniclus\n|\n|upkeep\n|\n|t:|1782868412\n|switch|p1a: Zebstrika|Zebstrika, L87, F|153/272\n|turn|40\n|\n|t:|1782868416\n|-terastallize|p2a: Iron Jugulis|Ground\n|move|p1a: Zebstrika|Supercell Slam|p2a: Iron Jugulis\n|-immune|p2a: Iron Jugulis\n|-damage|p1a: Zebstrika|17/272|[from] supercellslam\n|move|p2a: Iron Jugulis|Dark Pulse|p1a: Zebstrika\n|-damage|p1a: Zebstrika|0 fnt\n|faint|p1a: Zebstrika\n|\n|upkeep\n|\n|t:|1782868418\n|switch|p1a: Froslass|Froslass, L87, F|263/263\n|turn|41\n|\n|t:|1782868423\n|move|p1a: Froslass|Triple Axel|p2a: Iron Jugulis\n|-supereffective|p2a: Iron Jugulis\n|-damage|p2a: Iron Jugulis|160/271\n|-supereffective|p2a: Iron Jugulis\n|-damage|p2a: Iron Jugulis|74/271\n|-supereffective|p2a: Iron Jugulis\n|-damage|p2a: Iron Jugulis|0 fnt\n|faint|p2a: Iron Jugulis\n|-end|p2a: Iron Jugulis|Quark Drive|[silent]\n|-hitcount|p2: Iron Jugulis|3\n|\n|upkeep\n|\n|t:|1782868423\n|switch|p2a: Pyroar|Pyroar, L88, M|295/295\n|-ability|p2a: Pyroar|Unnerve\n|turn|42\n|\n|t:|1782868435\n|move|p1a: Froslass|Destiny Bond|p1a: Froslass\n|-singlemove|p1a: Froslass|Destiny Bond\n|move|p2a: Pyroar|Fire Blast|p1a: Froslass\n|-supereffective|p1a: Froslass\n|-damage|p1a: Froslass|0 fnt\n|faint|p1a: Froslass\n|-activate|p1a: Froslass|move: Destiny Bond\n|faint|p2a: Pyroar\n|\n|win|Cece420\n|raw|Cece420's rating: 1299 &rarr; <strong>1322</strong><br />(+23 for winning)\n|raw|testbotcif's rating: 1267 &rarr; <strong>1244</strong><br />(-23 for losing)\n", "inputlog": ">version f8ac14003a5f27e1bdc8d8c59608a773c1cb96e5\n>start {\"formatid\":\"gen9randombattle\",\"seed\":\"sodium,13a0241ac9ea8e37a87e2c42c7529b11\",\"rated\":\"Rated battle\"}\n>player p1 {\"name\":\"Cece420\",\"avatar\":\"169\",\"rating\":1299,\"seed\":\"sodium,66e90cd5d0620c9609607cccaeef6756\"}\n>player p2 {\"name\":\"testbotcif\",\"avatar\":\"1\",\"rating\":1267,\"seed\":\"sodium,6826a37746b678c9d751c48681efd2ff\"}\n>chat \u2606testbotcif|rlhf\n>p1 move flamethrower\n>p2 switch 6\n>p1 switch 3\n>p2 move scald\n>p1 move calmmind\n>p2 switch 6\n>p1 switch 3\n>p2 move sunsteelstrike\n>p1 move flamethrower\n>p2 switch 6\n>p1 switch 2\n>p2 move scald\n>p1 move stealthrock\n>p2 move dracometeor\n>p1 move recover\n>p2 move dragontail\n>p1 switch 2\n>p2 move dragontail\n>p1 move voltswitch\n>p2 move dragontail\n>p1 switch 3\n>p1 move alluringvoice\n>p2 switch 6\n>p1 switch 2\n>p2 move sunsteelstrike\n>p1 move darkpulse\n>p2 switch 6\n>p2 switch 4\n>p1 switch 4\n>p2 move aquajet\n>p1 move earthquake\n>p2 switch 3\n>p1 move earthquake\n>p2 move relicsong\n>p1 move recover\n>p2 move closecombat\n>p1 switch 4\n>p2 switch 3\n>p1 move darkpulse\n>p2 move aquajet\n>p1 switch 2\n>p1 move calmmind\n>p2 switch 6\n>p1 switch 3\n>p2 move sunsteelstrike\n>p1 move voltswitch\n>p2 move psychicfangs\n>p1 switch 6\n>p1 move calmmind\n>p2 move sunsteelstrike\n>p1 move recover\n>p2 move sunsteelstrike\n>p1 move recover\n>p2 move sunsteelstrike\n>p1 move calmmind\n>p2 move sunsteelstrike\n>p1 move recover\n>p2 move sunsteelstrike\n>p1 move recover\n>p2 move psychicfangs\n>p1 move calmmind\n>p2 move psychicfangs\n>p1 move calmmind\n>p2 move psychicfangs\n>p1 move calmmind\n>p2 move psychicfangs\n>p1 move calmmind\n>p2 move psychicfangs\n>p1 move recover\n>p2 move psychicfangs\n>p1 move recover\n>p2 move psychicfangs\n>p1 move psyshock\n>p2 move psychicfangs\n>p1 move focusblast\n>p2 move psychicfangs\n>p1 move recover\n>p2 move psychicfangs\n>p1 move focusblast\n>p2 move psychicfangs\n>p2 switch 6\n>p1 move psyshock\n>p2 move wavecrash\n>p2 switch 5\n>p1 move focusblast\n>p2 move darkpulse\n>p1 switch 6\n>p1 move supercellslam\n>p2 move darkpulse terastallize\n>p1 switch 5\n>p1 move tripleaxel\n>p2 move darkpulse\n>p2 switch 2\n>p1 move destinybond\n>p2 move fireblast", "uploadtime": 1782868435, "views": 6, "formatid": "gen9randombattle", "rating": 1244, "private": 0, "password": null, "player_dets": [{"name": "Cece420", "avatar": "169", "rating": 1299, "seed": "sodium,66e90cd5d0620c9609607cccaeef6756"}, {"name": "testbotcif", "avatar": "1", "rating": 1267, "seed": "sodium,6826a37746b678c9d751c48681efd2ff"}], "teams_full": [{"Chi-Yu": {"name": "Chi-Yu", "species": "Chi-Yu", "speciesId": "chiyu", "gender": "N", "shiny": false, "level": 77, "moves": ["psychic", "overheat", "darkpulse", "flamethrower"], "ability": "Beads of Ruin", "evs": {"hp": 85, "atk": 0, "def": 85, "spa": 85, "spd": 85, "spe": 85}, "ivs": {"hp": 31, "atk": 0, "def": 31, "spa": 31, "spd": 31, "spe": 31}, "item": "Choice Scarf", "teraType": "Fire", "role": "Fast Attacker", "bvs": {"hp": 55, "atk": 80, "def": 80, "spa": 135, "spd": 120, "spe": 100}, "stats": {"hp": 211, "atk": 128, "def": 168, "spa": 252, "spd": 229, "spe": 199}, "types": ["Dark", "Fire"]}, "Gastrodon": {"name": "Gastrodon", "species": "Gastrodon-East", "speciesId": "gastrodon", "gender": "M", "shiny": false, "level": 86, "moves": ["surf", "earthquake", "stealthrock", "recover"], "ability": "Storm Drain", "evs": {"hp": 85, "atk": 85, "def": 85, "spa": 85, "spd": 85, "spe": 85}, "ivs": {"hp": 31, "atk": 31, "def": 31, "spa": 31, "spd": 31, "spe": 31}, "item": "Leftovers", "teraType": "Poison", "role": "Bulky Support", "bvs": {"hp": 111, "atk": 83, "def": 68, "spa": 92, "spd": 82, "spe": 39}, "stats": {"hp": 331, "atk": 192, "def": 166, "spa": 207, "spd": 190, "spe": 116}, "types": ["Water", "Ground"]}, "Alcremie": {"name": "Alcremie", "species": "Alcremie-Lemon-Cream", "speciesId": "alcremie", "gender": "F", "shiny": false, "level": 90, "moves": ["alluringvoice", "psyshock", "recover", "calmmind"], "ability": "Aroma Veil", "evs": {"hp": 85, "atk": 0, "def": 85, "spa": 85, "spd": 85, "spe": 85}, "ivs": {"hp": 31, "atk": 0, "def": 31, "spa": 31, "spd": 31, "spe": 31}, "item": "Leftovers", "teraType": "Poison", "role": "Bulky Setup", "bvs": {"hp": 65, "atk": 60, "def": 75, "spa": 110, "spd": 121, "spe": 64}, "stats": {"hp": 263, "atk": 113, "def": 186, "spa": 249, "spd": 269, "spe": 167}, "types": ["Fairy"]}, "Zebstrika": {"name": "Zebstrika", "species": "Zebstrika", "speciesId": "zebstrika", "gender": "F", "shiny": false, "level": 87, "moves": ["overheat", "voltswitch", "highhorsepower", "supercellslam"], "ability": "Sap Sipper", "evs": {"hp": 85, "atk": 85, "def": 85, "spa": 85, "spd": 85, "spe": 85}, "ivs": {"hp": 31, "atk": 31, "def": 31, "spa": 31, "spd": 31, "spe": 31}, "item": "Life Orb", "teraType": "Ground", "role": "Fast Attacker", "bvs": {"hp": 75, "atk": 100, "def": 63, "spa": 80, "spd": 63, "spe": 116}, "stats": {"hp": 272, "atk": 224, "def": 159, "spa": 189, "spd": 159, "spe": 252}, "types": ["Electric"]}, "Froslass": {"name": "Froslass", "species": "Froslass", "speciesId": "froslass", "gender": "F", "shiny": false, "level": 87, "moves": ["poltergeist", "destinybond", "tripleaxel", "spikes"], "ability": "Cursed Body", "evs": {"hp": 81, "atk": 85, "def": 85, "spa": 85, "spd": 85, "spe": 85}, "ivs": {"hp": 31, "atk": 31, "def": 31, "spa": 31, "spd": 31, "spe": 31}, "item": "Wide Lens", "teraType": "Ghost", "role": "Fast Support", "bvs": {"hp": 70, "atk": 80, "def": 70, "spa": 80, "spd": 70, "spe": 110}, "stats": {"hp": 263, "atk": 189, "def": 172, "spa": 189, "spd": 172, "spe": 241}, "types": ["Ice", "Ghost"]}, "Reuniclus": {"name": "Reuniclus", "species": "Reuniclus", "speciesId": "reuniclus", "gender": "M", "shiny": false, "level": 88, "moves": ["psyshock", "focusblast", "recover", "calmmind"], "ability": "Magic Guard", "evs": {"hp": 85, "atk": 0, "def": 85, "spa": 85, "spd": 85, "spe": 85}, "ivs": {"hp": 31, "atk": 0, "def": 31, "spa": 31, "spd": 31, "spe": 31}, "item": "Life Orb", "teraType": "Fighting", "role": "Bulky Setup", "bvs": {"hp": 110, "atk": 65, "def": 75, "spa": 125, "spd": 85, "spe": 30}, "stats": {"hp": 337, "atk": 119, "def": 182, "spa": 270, "spd": 200, "spe": 103}, "types": ["Psychic"]}}, {"Solgaleo": {"name": "Solgaleo", "species": "Solgaleo", "speciesId": "solgaleo", "gender": "N", "shiny": false, "level": 74, "moves": ["psychicfangs", "morningsun", "closecombat", "sunsteelstrike"], "ability": "Full Metal Body", "evs": {"hp": 85, "atk": 85, "def": 85, "spa": 85, "spd": 85, "spe": 85}, "ivs": {"hp": 31, "atk": 31, "def": 31, "spa": 31, "spd": 31, "spe": 31}, "item": "Leftovers", "teraType": "Water", "role": "Bulky Attacker", "bvs": {"hp": 137, "atk": 137, "def": 107, "spa": 113, "spd": 89, "spe": 97}, "stats": {"hp": 325, "atk": 246, "def": 201, "spa": 210, "spd": 175, "spe": 187}, "types": ["Psychic", "Steel"]}, "Pyroar": {"name": "Pyroar", "species": "Pyroar", "speciesId": "pyroar", "gender": "M", "shiny": false, "level": 88, "moves": ["hypervoice", "workup", "darkpulse", "fireblast"], "ability": "Unnerve", "evs": {"hp": 85, "atk": 0, "def": 85, "spa": 85, "spd": 85, "spe": 85}, "ivs": {"hp": 31, "atk": 0, "def": 31, "spa": 31, "spd": 31, "spe": 31}, "item": "Heavy-Duty Boots", "teraType": "Fire", "role": "Fast Attacker", "bvs": {"hp": 86, "atk": 68, "def": 72, "spa": 109, "spd": 66, "spe": 106}, "stats": {"hp": 295, "atk": 124, "def": 177, "spa": 242, "spd": 166, "spe": 237}, "types": ["Fire", "Normal"]}, "Meloetta": {"name": "Meloetta", "species": "Meloetta", "speciesId": "meloetta", "gender": "N", "shiny": false, "level": 82, "moves": ["closecombat", "tripleaxel", "knockoff", "relicsong"], "ability": "Serene Grace", "evs": {"hp": 85, "atk": 85, "def": 85, "spa": 85, "spd": 85, "spe": 85}, "ivs": {"hp": 31, "atk": 31, "def": 31, "spa": 31, "spd": 31, "spe": 31}, "item": "Life Orb", "teraType": "Fighting", "role": "Wallbreaker", "bvs": {"hp": 100, "atk": 77, "def": 77, "spa": 128, "spd": 128, "spe": 90}, "stats": {"hp": 298, "atk": 173, "def": 173, "spa": 257, "spd": 257, "spe": 195}, "types": ["Normal", "Psychic"]}, "Basculin": {"name": "Basculin", "species": "Basculin", "speciesId": "basculin", "gender": "M", "shiny": false, "level": 86, "moves": ["doubleedge", "aquajet", "wavecrash", "flipturn"], "ability": "Adaptability", "evs": {"hp": 85, "atk": 85, "def": 85, "spa": 85, "spd": 85, "spe": 85}, "ivs": {"hp": 31, "atk": 31, "def": 31, "spa": 31, "spd": 31, "spe": 31}, "item": "Choice Band", "teraType": "Water", "role": "Wallbreaker", "bvs": {"hp": 70, "atk": 92, "def": 65, "spa": 80, "spd": 55, "spe": 98}, "stats": {"hp": 261, "atk": 207, "def": 161, "spa": 187, "spd": 144, "spe": 218}, "types": ["Water"]}, "Iron Jugulis": {"name": "Iron Jugulis", "species": "Iron Jugulis", "speciesId": "ironjugulis", "gender": "N", "shiny": false, "level": 77, "moves": ["darkpulse", "uturn", "hurricane", "earthpower"], "ability": "Quark Drive", "evs": {"hp": 85, "atk": 85, "def": 85, "spa": 85, "spd": 85, "spe": 85}, "ivs": {"hp": 31, "atk": 31, "def": 31, "spa": 31, "spd": 31, "spe": 31}, "item": "Choice Specs", "teraType": "Ground", "role": "Wallbreaker", "bvs": {"hp": 94, "atk": 80, "def": 86, "spa": 122, "spd": 80, "spe": 108}, "stats": {"hp": 271, "atk": 168, "def": 177, "spa": 232, "spd": 168, "spe": 211}, "types": ["Dark", "Flying"]}, "Goodra": {"name": "Goodra", "species": "Goodra", "speciesId": "goodra", "gender": "M", "shiny": false, "level": 85, "moves": ["sludgebomb", "dracometeor", "scald", "dragontail"], "ability": "Sap Sipper", "evs": {"hp": 85, "atk": 85, "def": 85, "spa": 85, "spd": 85, "spe": 85}, "ivs": {"hp": 31, "atk": 31, "def": 31, "spa": 31, "spd": 31, "spe": 31}, "item": "Assault Vest", "teraType": "Steel", "role": "AV Pivot", "bvs": {"hp": 90, "atk": 100, "def": 70, "spa": 110, "spd": 150, "spe": 80}, "stats": {"hp": 292, "atk": 219, "def": 168, "spa": 236, "spd": 304, "spe": 185}, "types": ["Dragon"]}}]}