{"id": "gen9randombattle-2641853994", "format": "[Gen 9] Random Battle", "players": ["krikkediet", "ProfLaytonsPuzzle"], "log": "|j|\u2606krikkediet\n|j|\u2606ProfLaytonsPuzzle\n|t:|1782849838\n|gametype|singles\n|player|p1|krikkediet|265|1693\n|player|p2|ProfLaytonsPuzzle|backpacker|1674\n|gen|9\n|tier|[Gen 9] Random Battle\n|rated|\n|rule|Species Clause: Limit one of each Pok\u00e9mon\n|rule|HP Percentage Mod: HP is shown in percentages\n|rule|Sleep Clause Mod: Limit one foe put to sleep\n|rule|Illusion Level Mod: Illusion disguises the Pok\u00e9mon's true level\n|\n|t:|1782849839\n|teamsize|p1|6\n|teamsize|p2|6\n|start\n|switch|p1a: Toedscruel|Toedscruel, L87, M|281/281\n|switch|p2a: Kyurem|Kyurem-Black, L71|295/295\n|-ability|p2a: Kyurem|Teravolt\n|turn|1\n|inactive|Battle timer is ON: inactive players will automatically lose when time's up. (requested by ProfLaytonsPuzzle)\n|\n|t:|1782849867\n|switch|p1a: Copperajah|Copperajah, L86, F|350/350\n|move|p2a: Kyurem|Icicle Spear|p1a: Copperajah\n|-resisted|p1a: Copperajah\n|-damage|p1a: Copperajah|330/350\n|-resisted|p1a: Copperajah\n|-damage|p1a: Copperajah|313/350\n|-resisted|p1a: Copperajah\n|-damage|p1a: Copperajah|295/350\n|-resisted|p1a: Copperajah\n|-damage|p1a: Copperajah|276/350\n|-hitcount|p1a: Copperajah|4\n|\n|upkeep\n|turn|2\n|\n|t:|1782849886\n|switch|p2a: Lanturn|Lanturn, L89, M|367/367\n|move|p1a: Copperajah|Stealth Rock|p2a: Lanturn\n|-sidestart|p2: ProfLaytonsPuzzle|move: Stealth Rock\n|\n|upkeep\n|turn|3\n|\n|t:|1782849896\n|switch|p1a: Toedscruel|Toedscruel, L87, M|281/281\n|move|p2a: Lanturn|Scald|p1a: Toedscruel\n|-damage|p1a: Toedscruel|224/281\n|\n|-heal|p1a: Toedscruel|241/281|[from] item: Leftovers\n|upkeep\n|turn|4\n|\n|t:|1782849906\n|move|p2a: Lanturn|Ice Beam|p1a: Toedscruel\n|-supereffective|p1a: Toedscruel\n|-damage|p1a: Toedscruel|73/281\n|move|p1a: Toedscruel|Spore|p2a: Lanturn\n|-status|p2a: Lanturn|slp|[from] move: Spore\n|\n|-heal|p1a: Toedscruel|90/281|[from] item: Leftovers\n|upkeep\n|turn|5\n|\n|t:|1782849914\n|switch|p2a: Kyurem|Kyurem-Black, L71|295/295\n|-damage|p2a: Kyurem|222/295|[from] Stealth Rock\n|-ability|p2a: Kyurem|Teravolt\n|move|p1a: Toedscruel|Giga Drain|p2a: Kyurem\n|-resisted|p2a: Kyurem\n|-damage|p2a: Kyurem|180/295\n|-heal|p1a: Toedscruel|111/281|[from] drain|[of] p2a: Kyurem\n|\n|-heal|p1a: Toedscruel|128/281|[from] item: Leftovers\n|upkeep\n|turn|6\n|\n|t:|1782849928\n|switch|p1a: Copperajah|Copperajah, L86, F|276/350\n|move|p2a: Kyurem|Dragon Dance|p2a: Kyurem\n|-boost|p2a: Kyurem|atk|1\n|-boost|p2a: Kyurem|spe|1\n|\n|upkeep\n|turn|7\n|\n|t:|1782849936\n|-terastallize|p2a: Kyurem|Electric\n|move|p2a: Kyurem|Fusion Bolt|p1a: Copperajah\n|-damage|p1a: Copperajah|59/350\n|move|p1a: Copperajah|Iron Head|p2a: Kyurem\n|-resisted|p2a: Kyurem\n|-damage|p2a: Kyurem|86/295\n|\n|upkeep\n|turn|8\n|\n|t:|1782849953\n|move|p2a: Kyurem|Scale Shot|p1a: Copperajah\n|-resisted|p1a: Copperajah\n|-crit|p1a: Copperajah\n|-damage|p1a: Copperajah|20/350\n|-resisted|p1a: Copperajah\n|-damage|p1a: Copperajah|0 fnt\n|faint|p1a: Copperajah\n|-hitcount|p1: Copperajah|2\n|-unboost|p2a: Kyurem|def|1\n|-boost|p2a: Kyurem|spe|1\n|\n|upkeep\n|\n|t:|1782849959\n|switch|p1a: Ditto|Ditto, L87|225/225\n|-transform|p1a: Ditto|p2a: Kyurem|[from] ability: Imposter\n|-ability|p1a: Ditto|Teravolt\n|-start|p1a: Ditto|typechange|Dragon/Ice|[silent]\n|turn|9\n|\n|t:|1782849981\n|switch|p2a: Lanturn|Lanturn, L89, M|367/367 slp\n|-damage|p2a: Lanturn|322/367 slp|[from] Stealth Rock\n|move|p1a: Ditto|Scale Shot|p2a: Lanturn\n|-damage|p2a: Lanturn|253/367 slp\n|-damage|p2a: Lanturn|184/367 slp\n|-damage|p2a: Lanturn|118/367 slp\n|-hitcount|p2a: Lanturn|3\n|-unboost|p1a: Ditto|def|1\n|-boost|p1a: Ditto|spe|1\n|\n|-heal|p2a: Lanturn|140/367 slp|[from] item: Leftovers\n|upkeep\n|turn|10\n|\n|t:|1782849999\n|move|p1a: Ditto|Scale Shot|p2a: Lanturn\n|-damage|p2a: Lanturn|74/367 slp\n|-damage|p2a: Lanturn|5/367 slp\n|-hitcount|p2a: Lanturn|2\n|-unboost|p1a: Ditto|def|1\n|-boost|p1a: Ditto|spe|1\n|cant|p2a: Lanturn|slp\n|\n|-heal|p2a: Lanturn|27/367 slp|[from] item: Leftovers\n|upkeep\n|turn|11\n|\n|t:|1782850018\n|move|p1a: Ditto|Scale Shot|p2a: Lanturn\n|-damage|p2a: Lanturn|0 fnt\n|faint|p2a: Lanturn\n|-hitcount|p2: Lanturn|1\n|-unboost|p1a: Ditto|def|1\n|-boost|p1a: Ditto|spe|1\n|\n|upkeep\n|\n|t:|1782850043\n|switch|p2a: Hariyama|Hariyama, L87, F|392/392\n|-damage|p2a: Hariyama|368/392|[from] Stealth Rock\n|turn|12\n|inactive|ProfLaytonsPuzzle has 120 seconds left.\n|\n|t:|1782850061\n|switch|p1a: Toedscruel|Toedscruel, L87, M|128/281\n|move|p2a: Hariyama|Knock Off|p1a: Toedscruel\n|-damage|p1a: Toedscruel|21/281\n|-enditem|p1a: Toedscruel|Leftovers|[from] move: Knock Off|[of] p2a: Hariyama\n|\n|-status|p2a: Hariyama|brn|[from] item: Flame Orb\n|upkeep\n|turn|13\n|\n|t:|1782850070\n|move|p2a: Hariyama|Bullet Punch|p1a: Toedscruel\n|-damage|p1a: Toedscruel|0 fnt\n|faint|p1a: Toedscruel\n|\n|-damage|p2a: Hariyama|344/392 brn|[from] brn\n|upkeep\n|\n|t:|1782850079\n|switch|p1a: Bombirdier|Bombirdier, L85, M|258/258\n|turn|14\n|\n|t:|1782850088\n|switch|p2a: Kyurem|Kyurem-Black, L71, tera:Electric|86/295\n|-damage|p2a: Kyurem|50/295|[from] Stealth Rock\n|-ability|p2a: Kyurem|Teravolt\n|move|p1a: Bombirdier|Brave Bird|p2a: Kyurem\n|-resisted|p2a: Kyurem\n|-damage|p2a: Kyurem|0 fnt\n|faint|p2a: Kyurem\n|-damage|p1a: Bombirdier|241/258|[from] Recoil\n|\n|upkeep\n|\n|t:|1782850103\n|switch|p2a: Noctowl|Noctowl, L95, M|344/344\n|turn|15\n|\n|t:|1782850117\n|switch|p1a: Hydreigon|Hydreigon, L79, F|275/275\n|move|p2a: Noctowl|Hurricane|p1a: Hydreigon|[miss]\n|-miss|p2a: Noctowl|p1a: Hydreigon\n|\n|upkeep\n|turn|16\n|\n|t:|1782850135\n|move|p1a: Hydreigon|Dark Pulse|p2a: Noctowl\n|-damage|p2a: Noctowl|239/344\n|cant|p2a: Noctowl|flinch\n|\n|upkeep\n|turn|17\n|\n|t:|1782850145\n|switch|p1a: Bombirdier|Bombirdier, L85, M|241/258\n|move|p2a: Noctowl|Roost|p2a: Noctowl\n|-heal|p2a: Noctowl|344/344\n|-singleturn|p2a: Noctowl|move: Roost\n|\n|upkeep\n|turn|18\n|\n|t:|1782850152\n|move|p1a: Bombirdier|Knock Off|p2a: Noctowl\n|-damage|p2a: Noctowl|188/344\n|-enditem|p2a: Noctowl|Heavy-Duty Boots|[from] move: Knock Off|[of] p1a: Bombirdier\n|move|p2a: Noctowl|Roost|p2a: Noctowl\n|-heal|p2a: Noctowl|344/344\n|-singleturn|p2a: Noctowl|move: Roost\n|\n|upkeep\n|turn|19\n|\n|t:|1782850160\n|switch|p1a: Hydreigon|Hydreigon, L79, F|275/275\n|move|p2a: Noctowl|Calm Mind|p2a: Noctowl\n|-boost|p2a: Noctowl|spa|1\n|-boost|p2a: Noctowl|spd|1\n|\n|upkeep\n|turn|20\n|\n|t:|1782850188\n|move|p1a: Hydreigon|U-turn|p2a: Noctowl\n|-resisted|p2a: Noctowl\n|-damage|p2a: Noctowl|313/344\n|\n|t:|1782850190\n|switch|p1a: Bombirdier|Bombirdier, L85, M|241/258|[from] U-turn\n|move|p2a: Noctowl|Hyper Voice|p1a: Bombirdier\n|-damage|p1a: Bombirdier|57/258\n|\n|upkeep\n|turn|21\n|\n|t:|1782850205\n|move|p1a: Bombirdier|Stone Edge|p2a: Noctowl\n|-supereffective|p2a: Noctowl\n|-damage|p2a: Noctowl|0 fnt\n|faint|p2a: Noctowl\n|\n|upkeep\n|\n|t:|1782850221\n|switch|p2a: Leafeon|Leafeon, L88, M|258/258\n|-damage|p2a: Leafeon|226/258|[from] Stealth Rock\n|turn|22\n|\n|t:|1782850227\n|switch|p1a: Hydreigon|Hydreigon, L79, F|275/275\n|move|p2a: Leafeon|Double-Edge|p1a: Hydreigon\n|-damage|p1a: Hydreigon|142/275\n|-damage|p2a: Leafeon|182/258|[from] Recoil\n|-damage|p2a: Leafeon|157/258|[from] item: Life Orb\n|\n|upkeep\n|turn|23\n|\n|t:|1782850242\n|switch|p2a: Hariyama|Hariyama, L87, F|344/392 brn\n|-damage|p2a: Hariyama|320/392 brn|[from] Stealth Rock\n|move|p1a: Hydreigon|Dark Pulse|p2a: Hariyama\n|-resisted|p2a: Hariyama\n|-damage|p2a: Hariyama|231/392 brn\n|\n|-damage|p2a: Hariyama|207/392 brn|[from] brn\n|upkeep\n|turn|24\n|\n|t:|1782850255\n|move|p1a: Hydreigon|Dark Pulse|p2a: Hariyama\n|-resisted|p2a: Hariyama\n|-damage|p2a: Hariyama|119/392 brn\n|move|p2a: Hariyama|Facade|p1a: Hydreigon\n|-damage|p1a: Hydreigon|0 fnt\n|faint|p1a: Hydreigon\n|\n|-damage|p2a: Hariyama|95/392 brn|[from] brn\n|upkeep\n|\n|t:|1782850273\n|switch|p1a: Bombirdier|Bombirdier, L85, M|57/258\n|turn|25\n|\n|t:|1782850279\n|move|p2a: Hariyama|Bullet Punch|p1a: Bombirdier\n|-damage|p1a: Bombirdier|0 fnt\n|faint|p1a: Bombirdier\n|\n|-damage|p2a: Hariyama|71/392 brn|[from] brn\n|upkeep\n|\n|t:|1782850289\n|switch|p1a: Ditto|Ditto, L87|225/225\n|-transform|p1a: Ditto|p2a: Hariyama|[from] ability: Imposter\n|turn|26\n|\n|t:|1782850302\n|move|p2a: Hariyama|Bullet Punch|p1a: Ditto\n|-damage|p1a: Ditto|152/225\n|move|p1a: Ditto|Close Combat|p2a: Hariyama\n|-damage|p2a: Hariyama|0 fnt\n|-unboost|p1a: Ditto|def|1\n|-unboost|p1a: Ditto|spd|1\n|faint|p2a: Hariyama\n|\n|upkeep\n|\n|t:|1782850313\n|switch|p2a: Araquanid|Araquanid, L82, M|246/246\n|turn|27\n|\n|t:|1782850322\n|switch|p1a: Blastoise|Blastoise, L80, F|258/258\n|move|p2a: Araquanid|Sticky Web|p1a: Blastoise\n|-sidestart|p1: krikkediet|move: Sticky Web\n|\n|upkeep\n|turn|28\n|\n|t:|1782850334\n|move|p1a: Blastoise|Shell Smash|p1a: Blastoise\n|-unboost|p1a: Blastoise|def|1\n|-unboost|p1a: Blastoise|spd|1\n|-boost|p1a: Blastoise|atk|2\n|-boost|p1a: Blastoise|spa|2\n|-boost|p1a: Blastoise|spe|2\n|-enditem|p1a: Blastoise|White Herb\n|-clearnegativeboost|p1a: Blastoise|[silent]\n|move|p2a: Araquanid|Leech Life|p1a: Blastoise\n|-damage|p1a: Blastoise|200/258\n|\n|upkeep\n|turn|29\n|\n|t:|1782850346\n|move|p1a: Blastoise|Hydro Pump|p2a: Araquanid\n|-resisted|p2a: Araquanid\n|-damage|p2a: Araquanid|176/246\n|move|p2a: Araquanid|Leech Life|p1a: Blastoise\n|-damage|p1a: Blastoise|142/258\n|-heal|p2a: Araquanid|205/246|[from] drain|[of] p1a: Blastoise\n|\n|upkeep\n|turn|30\n|\n|t:|1782850359\n|move|p1a: Blastoise|Ice Beam|p2a: Araquanid\n|-resisted|p2a: Araquanid\n|-damage|p2a: Araquanid|166/246\n|move|p2a: Araquanid|Leech Life|p1a: Blastoise\n|-damage|p1a: Blastoise|85/258\n|-heal|p2a: Araquanid|195/246|[from] drain|[of] p1a: Blastoise\n|\n|upkeep\n|turn|31\n|\n|t:|1782850369\n|move|p1a: Blastoise|Hydro Pump|p2a: Araquanid|[miss]\n|-miss|p1a: Blastoise|p2a: Araquanid\n|move|p2a: Araquanid|Leech Life|p1a: Blastoise\n|-damage|p1a: Blastoise|21/258\n|-heal|p2a: Araquanid|227/246|[from] drain|[of] p1a: Blastoise\n|\n|upkeep\n|turn|32\n|\n|t:|1782850377\n|move|p1a: Blastoise|Hydro Pump|p2a: Araquanid\n|-resisted|p2a: Araquanid\n|-damage|p2a: Araquanid|116/246\n|move|p2a: Araquanid|Leech Life|p1a: Blastoise\n|-damage|p1a: Blastoise|0 fnt\n|-heal|p2a: Araquanid|127/246|[from] drain|[of] p1a: Blastoise\n|faint|p1a: Blastoise\n|\n|upkeep\n|\n|t:|1782850379\n|switch|p1a: Ditto|Ditto, L87|152/225\n|-activate|p1a: Ditto|move: Sticky Web\n|-unboost|p1a: Ditto|spe|1\n|-transform|p1a: Ditto|p2a: Araquanid|[from] ability: Imposter\n|turn|33\n|\n|t:|1782850392\n|move|p1a: Ditto|Leech Life|p2a: Araquanid\n|-damage|p2a: Araquanid|60/246\n|-heal|p1a: Ditto|186/225|[from] drain|[of] p2a: Araquanid\n|move|p2a: Araquanid|Leech Life|p1a: Ditto\n|-damage|p1a: Ditto|119/225\n|-heal|p2a: Araquanid|94/246|[from] drain|[of] p1a: Ditto\n|\n|upkeep\n|turn|34\n|\n|t:|1782850408\n|-terastallize|p1a: Ditto|Ghost\n|move|p1a: Ditto|Leech Life|p2a: Araquanid\n|-damage|p2a: Araquanid|31/246\n|-heal|p1a: Ditto|151/225|[from] drain|[of] p2a: Araquanid\n|move|p2a: Araquanid|Hydro Pump|p1a: Ditto\n|-damage|p1a: Ditto|43/225\n|\n|upkeep\n|turn|35\n|\n|t:|1782850416\n|move|p1a: Ditto|Leech Life|p2a: Araquanid\n|-damage|p2a: Araquanid|0 fnt\n|-heal|p1a: Ditto|59/225|[from] drain|[of] p2a: Araquanid\n|faint|p2a: Araquanid\n|\n|upkeep\n|\n|t:|1782850423\n|switch|p2a: Leafeon|Leafeon, L88, M|157/258\n|-damage|p2a: Leafeon|125/258|[from] Stealth Rock\n|turn|36\n|\n|t:|1782850432\n|move|p2a: Leafeon|Leaf Blade|p1a: Ditto\n|-damage|p1a: Ditto|0 fnt\n|faint|p1a: Ditto\n|-damage|p2a: Leafeon|100/258|[from] item: Life Orb\n|\n|win|ProfLaytonsPuzzle\n|raw|krikkediet's rating: 1693 &rarr; <strong>1672</strong><br />(-21 for losing)\n|raw|ProfLaytonsPuzzle's rating: 1674 &rarr; <strong>1695</strong><br />(+21 for winning)\n|l|\u2606krikkediet\n|player|p1|\n", "inputlog": ">version f8ac14003a5f27e1bdc8d8c59608a773c1cb96e5\n>start {\"formatid\":\"gen9randombattle\",\"seed\":\"sodium,dbbe29cf758a4b5c04ff9d0ebf0dfe50\",\"rated\":\"Rated battle\"}\n>player p1 {\"name\":\"krikkediet\",\"avatar\":\"265\",\"rating\":1693,\"seed\":\"sodium,1c8ee224c6aa512a3c51f961a1f52b3f\"}\n>player p2 {\"name\":\"ProfLaytonsPuzzle\",\"avatar\":\"backpacker\",\"rating\":1674,\"seed\":\"sodium,ac28a34f9fe91c3145c70dc3047803a7\"}\n>p1 switch 6\n>p2 move iciclespear\n>p1 move stealthrock\n>p2 switch 5\n>p1 switch 6\n>p2 move scald\n>p1 move spore\n>p2 move icebeam\n>p1 move gigadrain\n>p2 switch 5\n>p1 switch 6\n>p2 move dragondance\n>p1 move ironhead\n>p2 move fusionbolt terastallize\n>p1 move playrough\n>p2 move scaleshot\n>p1 switch 2\n>p1 move scaleshot\n>p2 switch 5\n>p1 move scaleshot\n>p2 move thunderwave\n>p1 move scaleshot\n>p2 move thunderwave\n>p2 switch 4\n>p1 switch 6\n>p2 move knockoff\n>p1 move earthpower\n>p2 move bulletpunch\n>p1 switch 4\n>p1 move bravebird\n>p2 switch 5\n>p2 switch 6\n>p1 switch 3\n>p2 move hurricane\n>p1 move darkpulse\n>p2 move calmmind\n>p1 switch 3\n>p2 move roost\n>p1 move knockoff\n>p2 move roost\n>p1 switch 3\n>p2 move calmmind\n>p1 move uturn\n>p2 move hypervoice\n>p1 switch 3\n>p1 move stoneedge\n>p2 move hypervoice\n>p2 switch 3\n>p1 switch 3\n>p2 move doubleedge\n>p1 move darkpulse\n>p2 switch 5\n>p1 move darkpulse\n>p2 move facade\n>p1 switch 3\n>p1 move bravebird\n>p2 move bulletpunch\n>p1 switch 6\n>p1 move closecombat\n>p2 move bulletpunch\n>p2 switch 2\n>p1 switch 5\n>p2 move stickyweb\n>p1 move shellsmash\n>p2 move leechlife\n>p1 move hydropump\n>p2 move leechlife\n>p1 move icebeam\n>p2 move leechlife\n>p1 move hydropump\n>p2 move leechlife\n>p1 move hydropump\n>p2 move leechlife\n>p1 switch 5\n>p1 move leechlife\n>p2 move leechlife\n>p1 move leechlife terastallize\n>p2 move hydropump\n>p1 move leechlife\n>p2 move leechlife\n>p2 switch 5\n>p1 move leechlife\n>p2 move leafblade", "uploadtime": 1782850460, "views": 13, "formatid": "gen9randombattle", "rating": 1672, "private": 0, "password": null, "player_dets": [{"name": "krikkediet", "avatar": "265", "rating": 1693, "seed": "sodium,1c8ee224c6aa512a3c51f961a1f52b3f"}, {"name": "ProfLaytonsPuzzle", "avatar": "backpacker", "rating": 1674, "seed": "sodium,ac28a34f9fe91c3145c70dc3047803a7"}], "teams_full": [{"Toedscruel": {"name": "Toedscruel", "species": "Toedscruel", "speciesId": "toedscruel", "gender": "M", "shiny": false, "level": 87, "moves": ["earthpower", "gigadrain", "rapidspin", "spore"], "ability": "Mycelium Might", "evs": {"hp": 85, "atk": 85, "def": 85, "spa": 85, "spd": 85, "spe": 85}, "ivs": {"hp": 31, "atk": 31, "def": 31, "spa": 31, "spd": 31, "spe": 31}, "item": "Leftovers", "teraType": "Water", "role": "Bulky Support", "bvs": {"hp": 80, "atk": 70, "def": 65, "spa": 80, "spd": 120, "spe": 100}, "stats": {"hp": 281, "atk": 172, "def": 163, "spa": 189, "spd": 259, "spe": 224}, "types": ["Ground", "Grass"]}, "Ditto": {"name": "Ditto", "species": "Ditto", "speciesId": "ditto", "gender": "N", "shiny": false, "level": 87, "moves": ["transform"], "ability": "Imposter", "evs": {"hp": 85, "atk": 85, "def": 85, "spa": 85, "spd": 85, "spe": 85}, "ivs": {"hp": 31, "atk": 31, "def": 31, "spa": 31, "spd": 31, "spe": 31}, "item": "Choice Scarf", "teraType": "Ghost", "role": "Fast Support", "bvs": {"hp": 48, "atk": 48, "def": 48, "spa": 48, "spd": 48, "spe": 48}, "stats": {"hp": 225, "atk": 133, "def": 133, "spa": 133, "spd": 133, "spe": 133}, "types": ["Normal"]}, "Hydreigon": {"name": "Hydreigon", "species": "Hydreigon", "speciesId": "hydreigon", "gender": "F", "shiny": false, "level": 79, "moves": ["darkpulse", "flashcannon", "dracometeor", "uturn"], "ability": "Levitate", "evs": {"hp": 85, "atk": 85, "def": 85, "spa": 85, "spd": 85, "spe": 85}, "ivs": {"hp": 31, "atk": 31, "def": 31, "spa": 31, "spd": 31, "spe": 31}, "item": "Choice Specs", "teraType": "Dragon", "role": "Fast Attacker", "bvs": {"hp": 92, "atk": 105, "def": 90, "spa": 125, "spd": 90, "spe": 98}, "stats": {"hp": 275, "atk": 211, "def": 188, "spa": 243, "spd": 188, "spe": 200}, "types": ["Dark", "Dragon"]}, "Bombirdier": {"name": "Bombirdier", "species": "Bombirdier", "speciesId": "bombirdier", "gender": "M", "shiny": false, "level": 85, "moves": ["uturn", "bravebird", "stoneedge", "knockoff"], "ability": "Rocky Payload", "evs": {"hp": 85, "atk": 85, "def": 85, "spa": 85, "spd": 85, "spe": 85}, "ivs": {"hp": 31, "atk": 31, "def": 31, "spa": 31, "spd": 31, "spe": 31}, "item": "Choice Scarf", "teraType": "Rock", "role": "Fast Attacker", "bvs": {"hp": 70, "atk": 103, "def": 85, "spa": 60, "spd": 85, "spe": 82}, "stats": {"hp": 258, "atk": 224, "def": 193, "spa": 151, "spd": 193, "spe": 188}, "types": ["Flying", "Dark"]}, "Blastoise": {"name": "Blastoise", "species": "Blastoise", "speciesId": "blastoise", "gender": "F", "shiny": false, "level": 80, "moves": ["icebeam", "earthquake", "shellsmash", "hydropump"], "ability": "Torrent", "evs": {"hp": 85, "atk": 85, "def": 85, "spa": 85, "spd": 85, "spe": 85}, "ivs": {"hp": 31, "atk": 31, "def": 31, "spa": 31, "spd": 31, "spe": 31}, "item": "White Herb", "teraType": "Water", "role": "Setup Sweeper", "bvs": {"hp": 79, "atk": 83, "def": 100, "spa": 85, "spd": 105, "spe": 78}, "stats": {"hp": 258, "atk": 179, "def": 206, "spa": 182, "spd": 214, "spe": 171}, "types": ["Water"]}, "Copperajah": {"name": "Copperajah", "species": "Copperajah", "speciesId": "copperajah", "gender": "F", "shiny": false, "level": 86, "moves": ["ironhead", "rockslide", "playrough", "stealthrock"], "ability": "Sheer Force", "evs": {"hp": 85, "atk": 85, "def": 85, "spa": 85, "spd": 85, "spe": 85}, "ivs": {"hp": 31, "atk": 31, "def": 31, "spa": 31, "spd": 31, "spe": 31}, "item": "Life Orb", "teraType": "Fairy", "role": "Wallbreaker", "bvs": {"hp": 122, "atk": 130, "def": 69, "spa": 80, "spd": 69, "spe": 30}, "stats": {"hp": 350, "atk": 273, "def": 168, "spa": 187, "spd": 168, "spe": 101}, "types": ["Steel"]}}, {"Kyurem": {"name": "Kyurem", "species": "Kyurem-Black", "speciesId": "kyuremblack", "gender": "N", "shiny": false, "level": 71, "moves": ["iciclespear", "scaleshot", "dragondance", "fusionbolt"], "ability": "Teravolt", "evs": {"hp": 85, "atk": 85, "def": 85, "spa": 85, "spd": 85, "spe": 85}, "ivs": {"hp": 31, "atk": 31, "def": 31, "spa": 31, "spd": 31, "spe": 31}, "item": "Loaded Dice", "teraType": "Electric", "role": "Setup Sweeper", "bvs": {"hp": 125, "atk": 170, "def": 100, "spa": 120, "spd": 90, "spe": 95}, "stats": {"hp": 295, "atk": 283, "def": 183, "spa": 212, "spd": 169, "spe": 176}, "types": ["Dragon", "Ice"]}, "Araquanid": {"name": "Araquanid", "species": "Araquanid", "speciesId": "araquanid", "gender": "M", "shiny": false, "level": 82, "moves": ["hydropump", "leechlife", "liquidation", "stickyweb"], "ability": "Water Bubble", "evs": {"hp": 85, "atk": 85, "def": 85, "spa": 85, "spd": 85, "spe": 85}, "ivs": {"hp": 31, "atk": 31, "def": 31, "spa": 31, "spd": 31, "spe": 31}, "item": "Heavy-Duty Boots", "teraType": "Ground", "role": "Bulky Attacker", "bvs": {"hp": 68, "atk": 70, "def": 92, "spa": 50, "spd": 132, "spe": 42}, "stats": {"hp": 246, "atk": 162, "def": 198, "spa": 129, "spd": 264, "spe": 116}, "types": ["Water", "Bug"]}, "Leafeon": {"name": "Leafeon", "species": "Leafeon", "speciesId": "leafeon", "gender": "M", "shiny": false, "level": 88, "moves": ["doubleedge", "synthesis", "leafblade", "swordsdance"], "ability": "Chlorophyll", "evs": {"hp": 85, "atk": 85, "def": 85, "spa": 85, "spd": 85, "spe": 85}, "ivs": {"hp": 31, "atk": 31, "def": 31, "spa": 31, "spd": 31, "spe": 31}, "item": "Life Orb", "teraType": "Normal", "role": "Setup Sweeper", "bvs": {"hp": 65, "atk": 110, "def": 130, "spa": 60, "spd": 65, "spe": 95}, "stats": {"hp": 258, "atk": 244, "def": 279, "spa": 156, "spd": 165, "spe": 217}, "types": ["Grass"]}, "Hariyama": {"name": "Hariyama", "species": "Hariyama", "speciesId": "hariyama", "gender": "F", "shiny": false, "level": 87, "moves": ["bulletpunch", "knockoff", "closecombat", "facade"], "ability": "Guts", "evs": {"hp": 85, "atk": 85, "def": 85, "spa": 85, "spd": 85, "spe": 85}, "ivs": {"hp": 31, "atk": 31, "def": 31, "spa": 31, "spd": 31, "spe": 31}, "item": "Flame Orb", "teraType": "Normal", "role": "Wallbreaker", "bvs": {"hp": 144, "atk": 120, "def": 60, "spa": 40, "spd": 60, "spe": 50}, "stats": {"hp": 392, "atk": 259, "def": 154, "spa": 119, "spd": 154, "spe": 137}, "types": ["Fighting"]}, "Lanturn": {"name": "Lanturn", "species": "Lanturn", "speciesId": "lanturn", "gender": "M", "shiny": false, "level": 89, "moves": ["scald", "thunderwave", "thunderbolt", "icebeam"], "ability": "Volt Absorb", "evs": {"hp": 85, "atk": 0, "def": 85, "spa": 85, "spd": 85, "spe": 85}, "ivs": {"hp": 31, "atk": 0, "def": 31, "spa": 31, "spd": 31, "spe": 31}, "item": "Leftovers", "teraType": "Flying", "role": "Bulky Attacker", "bvs": {"hp": 125, "atk": 58, "def": 58, "spa": 76, "spd": 76, "spe": 67}, "stats": {"hp": 367, "atk": 108, "def": 154, "spa": 186, "spd": 186, "spe": 170}, "types": ["Water", "Electric"]}, "Noctowl": {"name": "Noctowl", "species": "Noctowl", "speciesId": "noctowl", "gender": "M", "shiny": false, "level": 95, "moves": ["hurricane", "hypervoice", "calmmind", "roost"], "ability": "Tinted Lens", "evs": {"hp": 85, "atk": 0, "def": 85, "spa": 85, "spd": 85, "spe": 85}, "ivs": {"hp": 31, "atk": 0, "def": 31, "spa": 31, "spd": 31, "spe": 31}, "item": "Heavy-Duty Boots", "teraType": "Ground", "role": "Bulky Attacker", "bvs": {"hp": 100, "atk": 50, "def": 50, "spa": 86, "spd": 96, "spe": 70}, "stats": {"hp": 344, "atk": 100, "def": 149, "spa": 217, "spd": 236, "spe": 187}, "types": ["Normal", "Flying"]}}]}