{"id": "gen9randombattle-2641587103", "format": "[Gen 9] Random Battle", "players": ["lukerlike", "tejas98"], "log": "|j|\u2606lukerlike\n|j|\u2606tejas98\n|t:|1782813720\n|gametype|singles\n|player|p1|lukerlike|266|1556\n|player|p2|tejas98|265|1544\n|gen|9\n|tier|[Gen 9] Random Battle\n|rated|\n|rule|Species Clause: Limit one of each Pok\u00e9mon\n|rule|HP Percentage Mod: HP is shown in percentages\n|rule|Sleep Clause Mod: Limit one foe put to sleep\n|rule|Illusion Level Mod: Illusion disguises the Pok\u00e9mon's true level\n|\n|t:|1782813720\n|teamsize|p1|6\n|teamsize|p2|6\n|start\n|switch|p1a: Vigoroth|Vigoroth, L85, M|275/275\n|switch|p2a: Roaring Moon|Roaring Moon, L72|270/270\n|turn|1\n|inactive|Battle timer is ON: inactive players will automatically lose when time's up. (requested by lukerlike)\n|\n|t:|1782813739\n|move|p2a: Roaring Moon|Dragon Dance|p2a: Roaring Moon\n|-boost|p2a: Roaring Moon|atk|1\n|-boost|p2a: Roaring Moon|spe|1\n|move|p1a: Vigoroth|Bulk Up|p1a: Vigoroth\n|-boost|p1a: Vigoroth|atk|1\n|-boost|p1a: Vigoroth|def|1\n|\n|upkeep\n|turn|2\n|\n|t:|1782813748\n|move|p2a: Roaring Moon|Dragon Dance|p2a: Roaring Moon\n|-boost|p2a: Roaring Moon|atk|1\n|-boost|p2a: Roaring Moon|spe|1\n|move|p1a: Vigoroth|Body Slam|p2a: Roaring Moon\n|-damage|p2a: Roaring Moon|92/270\n|\n|upkeep\n|turn|3\n|\n|t:|1782813757\n|move|p2a: Roaring Moon|Knock Off|p1a: Vigoroth\n|-damage|p1a: Vigoroth|179/275\n|-enditem|p1a: Vigoroth|Eviolite|[from] move: Knock Off|[of] p2a: Roaring Moon\n|move|p1a: Vigoroth|Body Slam|p2a: Roaring Moon\n|-damage|p2a: Roaring Moon|0 fnt\n|faint|p2a: Roaring Moon\n|-end|p2a: Roaring Moon|Protosynthesis|[silent]\n|\n|upkeep\n|\n|t:|1782813772\n|switch|p2a: Glimmora|Glimmora, L75, M|248/248\n|turn|4\n|inactive|tejas98 has 120 seconds left.\n|\n|t:|1782813804\n|move|p1a: Vigoroth|Earthquake|p2a: Glimmora\n|-supereffective|p2a: Glimmora\n|-damage|p2a: Glimmora|0 fnt\n|-activate|p2a: Glimmora|ability: Toxic Debris\n|-sidestart|p1: lukerlike|move: Toxic Spikes\n|faint|p2a: Glimmora\n|\n|upkeep\n|\n|t:|1782813814\n|switch|p2a: Drifblim|Drifblim, L86, M|396/396\n|turn|5\n|inactive|tejas98 has 120 seconds left.\n|\n|t:|1782813827\n|switch|p1a: Pelipper|Pelipper, L86, F|243/243\n|-weather|RainDance|[from] ability: Drizzle|[of] p1a: Pelipper\n|move|p2a: Drifblim|Strength Sap|p1a: Pelipper\n|-unboost|p1a: Pelipper|atk|1\n|\n|-weather|RainDance|[upkeep]\n|upkeep\n|turn|6\n|inactive|tejas98 has 120 seconds left.\n|\n|t:|1782813845\n|move|p2a: Drifblim|Air Slash|p1a: Pelipper\n|-damage|p1a: Pelipper|156/243\n|move|p1a: Pelipper|Hurricane|p2a: Drifblim\n|-damage|p2a: Drifblim|161/396\n|-enditem|p2a: Drifblim|Sitrus Berry|[eat]\n|-heal|p2a: Drifblim|260/396|[from] item: Sitrus Berry\n|\n|-weather|RainDance|[upkeep]\n|upkeep\n|turn|7\n|inactive|tejas98 has 120 seconds left.\n|\n|t:|1782813860\n|move|p2a: Drifblim|Air Slash|p1a: Pelipper\n|-damage|p1a: Pelipper|72/243\n|cant|p1a: Pelipper|flinch\n|\n|-weather|RainDance|[upkeep]\n|upkeep\n|turn|8\n|\n|t:|1782813870\n|move|p2a: Drifblim|Air Slash|p1a: Pelipper\n|-damage|p1a: Pelipper|0 fnt\n|faint|p1a: Pelipper\n|\n|-weather|RainDance|[upkeep]\n|upkeep\n|inactive|lukerlike has 120 seconds left.\n|\n|t:|1782813907\n|switch|p1a: Ninetales|Ninetales-Alola, L78, F|242/242\n|-status|p1a: Ninetales|psn\n|-weather|Snowscape|[from] ability: Snow Warning|[of] p1a: Ninetales\n|turn|9\n|\n|t:|1782813918\n|switch|p2a: Banette|Banette, L93, M|270/270\n|move|p1a: Ninetales|Blizzard|p2a: Banette\n|-crit|p2a: Banette\n|-damage|p2a: Banette|107/270\n|\n|-weather|Snowscape|[upkeep]\n|-damage|p1a: Ninetales|212/242 psn|[from] psn\n|upkeep\n|turn|10\n|\n|t:|1782813932\n|move|p1a: Ninetales|Blizzard|p2a: Banette\n|-damage|p2a: Banette|0 fnt\n|faint|p2a: Banette\n|\n|-weather|Snowscape|[upkeep]\n|-damage|p1a: Ninetales|182/242 psn|[from] psn\n|upkeep\n|\n|t:|1782813942\n|switch|p2a: Drifblim|Drifblim, L86, M|260/396\n|turn|11\n|inactive|lukerlike has 120 seconds left.\n|\n|t:|1782813953\n|-terastallize|p2a: Drifblim|Steel\n|move|p1a: Ninetales|Aurora Veil|p1a: Ninetales\n|-sidestart|p1: lukerlike|move: Aurora Veil\n|move|p2a: Drifblim|Calm Mind|p2a: Drifblim\n|-boost|p2a: Drifblim|spa|1\n|-boost|p2a: Drifblim|spd|1\n|\n|-weather|Snowscape|[upkeep]\n|-damage|p1a: Ninetales|152/242 psn|[from] psn\n|upkeep\n|turn|12\n|inactive|lukerlike has 120 seconds left.\n|\n|t:|1782813965\n|switch|p1a: Vigoroth|Vigoroth, L85, M|179/275\n|-status|p1a: Vigoroth|psn\n|move|p2a: Drifblim|Calm Mind|p2a: Drifblim\n|-boost|p2a: Drifblim|spa|1\n|-boost|p2a: Drifblim|spd|1\n|\n|-weather|Snowscape|[upkeep]\n|-damage|p1a: Vigoroth|145/275 psn|[from] psn\n|upkeep\n|turn|13\n|\n|t:|1782813972\n|move|p1a: Vigoroth|Earthquake|p2a: Drifblim\n|-supereffective|p2a: Drifblim\n|-damage|p2a: Drifblim|78/396\n|move|p2a: Drifblim|Strength Sap|p1a: Vigoroth\n|-unboost|p1a: Vigoroth|atk|1\n|-heal|p2a: Drifblim|263/396\n|\n|-weather|none\n|-damage|p1a: Vigoroth|111/275 psn|[from] psn\n|upkeep\n|turn|14\n|inactive|tejas98 has 120 seconds left.\n|\n|t:|1782814005\n|move|p1a: Vigoroth|Body Slam|p2a: Drifblim\n|-resisted|p2a: Drifblim\n|-damage|p2a: Drifblim|221/396\n|move|p2a: Drifblim|Strength Sap|p1a: Vigoroth\n|-unboost|p1a: Vigoroth|atk|1\n|-heal|p2a: Drifblim|344/396\n|\n|-damage|p1a: Vigoroth|77/275 psn|[from] psn\n|upkeep\n|turn|15\n|inactive|tejas98 has 120 seconds left.\n|\n|t:|1782814023\n|move|p1a: Vigoroth|Earthquake|p2a: Drifblim\n|-supereffective|p2a: Drifblim\n|-damage|p2a: Drifblim|248/396\n|move|p2a: Drifblim|Air Slash|p1a: Vigoroth\n|-damage|p1a: Vigoroth|0 fnt\n|faint|p1a: Vigoroth\n|\n|upkeep\n|\n|t:|1782814033\n|switch|p1a: Salamence|Salamence, L77, F|273/273\n|-ability|p1a: Salamence|Intimidate|boost\n|-unboost|p2a: Drifblim|atk|1\n|turn|16\n|inactive|tejas98 has 120 seconds left.\n|l|\u2606tejas98\n|inactive|tejas98 disconnected and has a minute to reconnect!\n|player|p2|\n|j|\u2606tejas98\n|inactive|tejas98 reconnected and has 105 seconds left.\n|player|p2|tejas98|265|\n|\n|t:|1782814065\n|move|p1a: Salamence|Outrage|p2a: Drifblim\n|-resisted|p2a: Drifblim\n|-damage|p2a: Drifblim|149/396\n|move|p2a: Drifblim|Strength Sap|p1a: Salamence\n|-unboost|p1a: Salamence|atk|1\n|-heal|p2a: Drifblim|396/396\n|\n|upkeep\n|turn|17\n|\n|t:|1782814081\n|move|p1a: Salamence|Outrage|p2a: Drifblim|[from] lockedmove\n|-resisted|p2a: Drifblim\n|-damage|p2a: Drifblim|324/396\n|move|p2a: Drifblim|Shadow Ball|p1a: Salamence\n|-damage|p1a: Salamence|169/273\n|-unboost|p1a: Salamence|spd|1\n|\n|upkeep\n|turn|18\n|\n|t:|1782814091\n|move|p1a: Salamence|Outrage|p2a: Drifblim|[from] lockedmove\n|-resisted|p2a: Drifblim\n|-damage|p2a: Drifblim|255/396\n|-start|p1a: Salamence|confusion|[fatigue]\n|move|p2a: Drifblim|Shadow Ball|p1a: Salamence\n|-damage|p1a: Salamence|11/273\n|\n|-sideend|p1: lukerlike|move: Aurora Veil\n|upkeep\n|turn|19\n|inactive|lukerlike has 120 seconds left.\n|\n|t:|1782814117\n|-activate|p1a: Salamence|confusion\n|move|p1a: Salamence|Outrage|p2a: Drifblim\n|-resisted|p2a: Drifblim\n|-damage|p2a: Drifblim|186/396\n|move|p2a: Drifblim|Strength Sap|p1a: Salamence\n|-unboost|p1a: Salamence|atk|1\n|-heal|p2a: Drifblim|354/396\n|\n|upkeep\n|turn|20\n|\n|t:|1782814126\n|-end|p1a: Salamence|confusion\n|move|p1a: Salamence|Outrage|p2a: Drifblim|[from] lockedmove\n|-resisted|p2a: Drifblim\n|-damage|p2a: Drifblim|301/396\n|-start|p1a: Salamence|confusion|[fatigue]\n|move|p2a: Drifblim|Shadow Ball|p1a: Salamence\n|-damage|p1a: Salamence|0 fnt\n|faint|p1a: Salamence\n|\n|upkeep\n|\n|t:|1782814132\n|switch|p1a: Sneasler|Sneasler, L74, F|240/240\n|-sideend|p1: lukerlike|move: Toxic Spikes|[of] p1a: Sneasler\n|turn|21\n|inactive|tejas98 has 120 seconds left.\n|\n|t:|1782814138\n|move|p1a: Sneasler|Close Combat|p2a: Drifblim\n|-supereffective|p2a: Drifblim\n|-damage|p2a: Drifblim|0 fnt\n|-unboost|p1a: Sneasler|def|1\n|-unboost|p1a: Sneasler|spd|1\n|faint|p2a: Drifblim\n|\n|upkeep\n|inactive|tejas98 has 120 seconds left.\n|\n|t:|1782814151\n|switch|p2a: Arboliva|Arboliva, L91, F|288/288\n|turn|22\n|\n|t:|1782814158\n|switch|p1a: Ninetales|Ninetales-Alola, L78, F|152/242 psn\n|-weather|Snowscape|[from] ability: Snow Warning|[of] p1a: Ninetales\n|move|p2a: Arboliva|Substitute|p2a: Arboliva\n|-start|p2a: Arboliva|Substitute\n|-damage|p2a: Arboliva|216/288\n|\n|-weather|Snowscape|[upkeep]\n|-damage|p1a: Ninetales|122/242 psn|[from] psn\n|upkeep\n|turn|23\n|inactive|tejas98 has 120 seconds left.\n|\n|t:|1782814175\n|move|p2a: Arboliva|Protect|p2a: Arboliva\n|-singleturn|p2a: Arboliva|Protect\n|move|p1a: Ninetales|Aurora Veil|p1a: Ninetales\n|-sidestart|p1: lukerlike|move: Aurora Veil\n|\n|-weather|Snowscape|[upkeep]\n|-damage|p1a: Ninetales|92/242 psn|[from] psn\n|upkeep\n|turn|24\n|inactive|tejas98 has 120 seconds left.\n|\n|t:|1782814187\n|move|p1a: Ninetales|Blizzard|p2a: Arboliva\n|-supereffective|p2a: Arboliva\n|-end|p2a: Arboliva|Substitute\n|move|p2a: Arboliva|Leech Seed|p1a: Ninetales\n|-start|p1a: Ninetales|move: Leech Seed\n|\n|-weather|Snowscape|[upkeep]\n|-damage|p1a: Ninetales|62/242 psn|[from] Leech Seed|[of] p2a: Arboliva\n|-heal|p2a: Arboliva|246/288|[silent]\n|-damage|p1a: Ninetales|32/242 psn|[from] psn\n|upkeep\n|turn|25\n|\n|t:|1782814199\n|move|p2a: Arboliva|Protect|p2a: Arboliva\n|-singleturn|p2a: Arboliva|Protect\n|move|p1a: Ninetales|Blizzard|p2a: Arboliva\n|-activate|p2a: Arboliva|move: Protect\n|\n|-weather|Snowscape|[upkeep]\n|-damage|p1a: Ninetales|2/242 psn|[from] Leech Seed|[of] p2a: Arboliva\n|-heal|p2a: Arboliva|276/288|[silent]\n|-damage|p1a: Ninetales|0 fnt|[from] psn\n|faint|p1a: Ninetales\n|upkeep\n|\n|t:|1782814210\n|switch|p1a: Sneasler|Sneasler, L74, F|240/240\n|turn|26\n|\n|t:|1782814221\n|move|p1a: Sneasler|Dire Claw|p2a: Arboliva\n|-supereffective|p2a: Arboliva\n|-damage|p2a: Arboliva|70/288\n|-status|p2a: Arboliva|slp\n|-enditem|p2a: Arboliva|Sitrus Berry|[eat]\n|-heal|p2a: Arboliva|142/288 slp|[from] item: Sitrus Berry\n|cant|p2a: Arboliva|slp\n|\n|-weather|none\n|-item|p2a: Arboliva|Sitrus Berry|[from] ability: Harvest\n|upkeep\n|-enditem|p2a: Arboliva|Sitrus Berry|[eat]\n|-heal|p2a: Arboliva|214/288 slp|[from] item: Sitrus Berry\n|turn|27\n|\n|t:|1782814236\n|-curestatus|p2a: Arboliva|slp|[msg]\n|move|p2a: Arboliva|Protect|p2a: Arboliva\n|-singleturn|p2a: Arboliva|Protect\n|move|p1a: Sneasler|Dire Claw|p2a: Arboliva\n|-activate|p2a: Arboliva|move: Protect\n|\n|-item|p2a: Arboliva|Sitrus Berry|[from] ability: Harvest\n|upkeep\n|turn|28\n|\n|t:|1782814245\n|move|p1a: Sneasler|Dire Claw|p2a: Arboliva\n|-supereffective|p2a: Arboliva\n|-damage|p2a: Arboliva|0 fnt\n|faint|p2a: Arboliva\n|\n|upkeep\n|\n|t:|1782814248\n|switch|p2a: Ludicolo|Ludicolo, L90, F|290/290\n|turn|29\n|\n|t:|1782814253\n|move|p1a: Sneasler|Dire Claw|p2a: Ludicolo\n|-supereffective|p2a: Ludicolo\n|-damage|p2a: Ludicolo|30/290\n|-status|p2a: Ludicolo|psn\n|move|p2a: Ludicolo|Hydro Pump|p1a: Sneasler\n|-damage|p1a: Sneasler|117/240\n|\n|-damage|p2a: Ludicolo|0 fnt|[from] psn\n|faint|p2a: Ludicolo\n|\n|win|lukerlike\n|raw|lukerlike's rating: 1556 &rarr; <strong>1575</strong><br />(+19 for winning)\n|raw|tejas98's rating: 1544 &rarr; <strong>1525</strong><br />(-19 for losing)\n", "inputlog": ">version f8ac14003a5f27e1bdc8d8c59608a773c1cb96e5\n>start {\"formatid\":\"gen9randombattle\",\"seed\":\"sodium,d2413b6945dc968650f169affc56aa85\",\"rated\":\"Rated battle\"}\n>player p1 {\"name\":\"lukerlike\",\"avatar\":\"266\",\"rating\":1556,\"seed\":\"sodium,dff45cee74c4b21dd3879780f4b4181a\"}\n>player p2 {\"name\":\"tejas98\",\"avatar\":\"265\",\"rating\":1544,\"seed\":\"sodium,b0c82bdab1d6a0dbec9b81375ac054a1\"}\n>p1 move bulkup\n>p2 move dragondance\n>p1 move bodyslam\n>p2 move dragondance\n>p1 move bodyslam\n>p2 move knockoff\n>p2 switch 4\n>p1 move earthquake\n>p2 move sludgewave\n>p2 switch 2\n>p1 switch 4\n>p2 move strengthsap\n>p1 move hurricane\n>p2 move airslash\n>p1 move hurricane\n>p2 move airslash\n>p1 move hurricane\n>p2 move airslash\n>p1 switch 3\n>p1 move blizzard\n>p2 switch 3\n>p1 move blizzard\n>p2 move poltergeist\n>p2 switch 3\n>p1 move auroraveil\n>p2 move calmmind terastallize\n>p1 switch 4\n>p2 move calmmind\n>p1 move earthquake\n>p2 move strengthsap\n>p1 move bodyslam\n>p2 move strengthsap\n>p1 move earthquake\n>p2 move airslash\n>p1 switch 6\n>p1 move outrage\n>p2 move strengthsap\n>p1 move outrage\n>p2 move shadowball\n>p1 move outrage\n>p2 move shadowball\n>p1 move outrage\n>p2 move strengthsap\n>p1 move outrage\n>p2 move shadowball\n>p1 switch 5\n>p1 move closecombat\n>p2 move strengthsap\n>p2 switch 5\n>p1 switch 4\n>p2 move substitute\n>p1 move auroraveil\n>p2 move protect\n>p1 move blizzard\n>p2 move leechseed\n>p1 move blizzard\n>p2 move protect\n>p1 switch 4\n>p1 move direclaw\n>p2 move leechseed\n>p1 move direclaw\n>p2 move protect\n>p1 move direclaw\n>p2 move leechseed\n>p2 switch 6\n>p1 move direclaw\n>p2 move hydropump", "uploadtime": 1782814267, "views": 8, "formatid": "gen9randombattle", "rating": 1525, "private": 0, "password": null, "player_dets": [{"name": "lukerlike", "avatar": "266", "rating": 1556, "seed": "sodium,dff45cee74c4b21dd3879780f4b4181a"}, {"name": "tejas98", "avatar": "265", "rating": 1544, "seed": "sodium,b0c82bdab1d6a0dbec9b81375ac054a1"}], "teams_full": [{"Vigoroth": {"name": "Vigoroth", "species": "Vigoroth", "speciesId": "vigoroth", "gender": "M", "shiny": false, "level": 85, "moves": ["bulkup", "earthquake", "slackoff", "bodyslam"], "ability": "Vital Spirit", "evs": {"hp": 85, "atk": 85, "def": 85, "spa": 85, "spd": 85, "spe": 85}, "ivs": {"hp": 31, "atk": 31, "def": 31, "spa": 31, "spd": 31, "spe": 31}, "item": "Eviolite", "teraType": "Ground", "role": "Bulky Attacker", "bvs": {"hp": 80, "atk": 80, "def": 80, "spa": 55, "spd": 55, "spe": 90}, "stats": {"hp": 275, "atk": 185, "def": 185, "spa": 142, "spd": 142, "spe": 202}, "types": ["Normal"]}, "Revavroom": {"name": "Revavroom", "species": "Revavroom", "speciesId": "revavroom", "gender": "M", "shiny": false, "level": 79, "moves": ["highhorsepower", "shiftgear", "ironhead", "gunkshot"], "ability": "Filter", "evs": {"hp": 85, "atk": 85, "def": 85, "spa": 85, "spd": 85, "spe": 85}, "ivs": {"hp": 31, "atk": 31, "def": 31, "spa": 31, "spd": 31, "spe": 31}, "item": "Life Orb", "teraType": "Ground", "role": "Fast Attacker", "bvs": {"hp": 80, "atk": 119, "def": 90, "spa": 54, "spd": 67, "spe": 90}, "stats": {"hp": 256, "atk": 234, "def": 188, "spa": 131, "spd": 151, "spe": 188}, "types": ["Steel", "Poison"]}, "Ninetales": {"name": "Ninetales", "species": "Ninetales-Alola", "speciesId": "ninetalesalola", "gender": "F", "shiny": false, "level": 78, "moves": ["moonblast", "blizzard", "auroraveil", "freezedry"], "ability": "Snow Warning", "evs": {"hp": 85, "atk": 0, "def": 85, "spa": 85, "spd": 85, "spe": 85}, "ivs": {"hp": 31, "atk": 0, "def": 31, "spa": 31, "spd": 31, "spe": 31}, "item": "Light Clay", "teraType": "Steel", "role": "Fast Attacker", "bvs": {"hp": 73, "atk": 67, "def": 75, "spa": 81, "spd": 100, "spe": 109}, "stats": {"hp": 242, "atk": 109, "def": 162, "spa": 171, "spd": 201, "spe": 215}, "types": ["Ice", "Fairy"]}, "Pelipper": {"name": "Pelipper", "species": "Pelipper", "speciesId": "pelipper", "gender": "F", "shiny": false, "level": 86, "moves": ["hydropump", "uturn", "weatherball", "hurricane"], "ability": "Drizzle", "evs": {"hp": 85, "atk": 85, "def": 85, "spa": 85, "spd": 85, "spe": 85}, "ivs": {"hp": 31, "atk": 31, "def": 31, "spa": 31, "spd": 31, "spe": 31}, "item": "Choice Specs", "teraType": "Flying", "role": "Wallbreaker", "bvs": {"hp": 60, "atk": 50, "def": 100, "spa": 95, "spd": 70, "spe": 65}, "stats": {"hp": 243, "atk": 135, "def": 221, "spa": 213, "spd": 170, "spe": 161}, "types": ["Water", "Flying"]}, "Sneasler": {"name": "Sneasler", "species": "Sneasler", "speciesId": "sneasler", "gender": "F", "shiny": false, "level": 74, "moves": ["direclaw", "closecombat", "uturn", "throatchop"], "ability": "Poison Touch", "evs": {"hp": 85, "atk": 85, "def": 85, "spa": 85, "spd": 85, "spe": 85}, "ivs": {"hp": 31, "atk": 31, "def": 31, "spa": 31, "spd": 31, "spe": 31}, "item": "Choice Band", "teraType": "Dark", "role": "Fast Attacker", "bvs": {"hp": 80, "atk": 130, "def": 60, "spa": 40, "spd": 80, "spe": 120}, "stats": {"hp": 240, "atk": 235, "def": 132, "spa": 102, "spd": 161, "spe": 221}, "types": ["Fighting", "Poison"]}, "Salamence": {"name": "Salamence", "species": "Salamence", "speciesId": "salamence", "gender": "F", "shiny": false, "level": 77, "moves": ["roost", "dualwingbeat", "outrage", "dragondance"], "ability": "Intimidate", "evs": {"hp": 85, "atk": 85, "def": 85, "spa": 85, "spd": 85, "spe": 85}, "ivs": {"hp": 31, "atk": 31, "def": 31, "spa": 31, "spd": 31, "spe": 31}, "item": "Heavy-Duty Boots", "teraType": "Steel", "role": "Setup Sweeper", "bvs": {"hp": 95, "atk": 135, "def": 80, "spa": 110, "spd": 80, "spe": 100}, "stats": {"hp": 273, "atk": 252, "def": 168, "spa": 214, "spd": 168, "spe": 199}, "types": ["Dragon", "Flying"]}}, {"Roaring Moon": {"name": "Roaring Moon", "species": "Roaring Moon", "speciesId": "roaringmoon", "gender": "N", "shiny": false, "level": 72, "moves": ["knockoff", "roost", "dragondance", "outrage"], "ability": "Protosynthesis", "evs": {"hp": 85, "atk": 85, "def": 85, "spa": 85, "spd": 85, "spe": 85}, "ivs": {"hp": 31, "atk": 31, "def": 31, "spa": 31, "spd": 31, "spe": 31}, "item": "Lum Berry", "teraType": "Dark", "role": "Setup Sweeper", "bvs": {"hp": 105, "atk": 139, "def": 71, "spa": 55, "spd": 101, "spe": 119}, "stats": {"hp": 270, "atk": 242, "def": 144, "spa": 121, "spd": 187, "spe": 213}, "types": ["Dragon", "Dark"]}, "Drifblim": {"name": "Drifblim", "species": "Drifblim", "speciesId": "drifblim", "gender": "M", "shiny": false, "level": 86, "moves": ["shadowball", "calmmind", "airslash", "strengthsap"], "ability": "Unburden", "evs": {"hp": 73, "atk": 0, "def": 85, "spa": 85, "spd": 85, "spe": 85}, "ivs": {"hp": 31, "atk": 0, "def": 31, "spa": 31, "spd": 31, "spe": 31}, "item": "Sitrus Berry", "teraType": "Steel", "role": "Bulky Attacker", "bvs": {"hp": 150, "atk": 80, "def": 44, "spa": 90, "spd": 54, "spe": 80}, "stats": {"hp": 396, "atk": 142, "def": 125, "spa": 204, "spd": 142, "spe": 187}, "types": ["Ghost", "Flying"]}, "Banette": {"name": "Banette", "species": "Banette", "speciesId": "banette", "gender": "M", "shiny": false, "level": 93, "moves": ["thunderwave", "poltergeist", "shadowsneak", "gunkshot"], "ability": "Cursed Body", "evs": {"hp": 85, "atk": 85, "def": 85, "spa": 85, "spd": 85, "spe": 85}, "ivs": {"hp": 31, "atk": 31, "def": 31, "spa": 31, "spd": 31, "spe": 31}, "item": "Life Orb", "teraType": "Ghost", "role": "Wallbreaker", "bvs": {"hp": 64, "atk": 115, "def": 65, "spa": 83, "spd": 63, "spe": 65}, "stats": {"hp": 270, "atk": 267, "def": 174, "spa": 207, "spd": 170, "spe": 174}, "types": ["Ghost"]}, "Glimmora": {"name": "Glimmora", "species": "Glimmora", "speciesId": "glimmora", "gender": "M", "shiny": false, "level": 75, "moves": ["sludgewave", "earthpower", "mortalspin", "powergem"], "ability": "Toxic Debris", "evs": {"hp": 85, "atk": 85, "def": 85, "spa": 85, "spd": 85, "spe": 85}, "ivs": {"hp": 31, "atk": 31, "def": 31, "spa": 31, "spd": 31, "spe": 31}, "item": "Assault Vest", "teraType": "Ground", "role": "Fast Support", "bvs": {"hp": 83, "atk": 55, "def": 90, "spa": 130, "spd": 81, "spe": 86}, "stats": {"hp": 248, "atk": 126, "def": 179, "spa": 239, "spd": 165, "spe": 173}, "types": ["Rock", "Poison"]}, "Arboliva": {"name": "Arboliva", "species": "Arboliva", "speciesId": "arboliva", "gender": "F", "shiny": false, "level": 91, "moves": ["hypervoice", "protect", "substitute", "leechseed"], "ability": "Harvest", "evs": {"hp": 77, "atk": 0, "def": 85, "spa": 85, "spd": 85, "spe": 85}, "ivs": {"hp": 31, "atk": 0, "def": 31, "spa": 31, "spd": 31, "spe": 31}, "item": "Sitrus Berry", "teraType": "Water", "role": "Bulky Support", "bvs": {"hp": 78, "atk": 69, "def": 90, "spa": 125, "spd": 109, "spe": 39}, "stats": {"hp": 288, "atk": 130, "def": 216, "spa": 279, "spd": 250, "spe": 123}, "types": ["Grass", "Normal"]}, "Ludicolo": {"name": "Ludicolo", "species": "Ludicolo", "speciesId": "ludicolo", "gender": "F", "shiny": false, "level": 90, "moves": ["icebeam", "hydropump", "gigadrain", "leafstorm"], "ability": "Swift Swim", "evs": {"hp": 85, "atk": 0, "def": 85, "spa": 85, "spd": 85, "spe": 85}, "ivs": {"hp": 31, "atk": 0, "def": 31, "spa": 31, "spd": 31, "spe": 31}, "item": "Choice Specs", "teraType": "Grass", "role": "Fast Attacker", "bvs": {"hp": 80, "atk": 70, "def": 70, "spa": 90, "spd": 100, "spe": 70}, "stats": {"hp": 290, "atk": 131, "def": 177, "spa": 213, "spd": 231, "spe": 177}, "types": ["Water", "Grass"]}}]}