{"id": "gen9randombattle-2641791768", "format": "[Gen 9] Random Battle", "players": ["Chakraisgae", "dorapult"], "log": "|badge|p1|bronze|gen9randombattle|100-9\n|html|<div class=\"broadcast-red\"><strong>This battle is required to be public due to one or more player having a season medal.</strong><br />During the public phase, you can discuss the state of the ladder <a href=\"/seasondiscussion\">in a special chatroom.</a></div>\n|uhtml|medal-msg|<div class=\"broadcast-blue\">Curious what those medals under the avatar are? PS now has Ladder Seasons! For more information, check out the <a href=\"https://www.smogon.com/forums/threads/3740067/\">thread on Smogon.</a></div>\n|badge|p2|silver|gen9randombattle|30-9\n|uhtml|medal-msg|<div class=\"broadcast-blue\">Curious what those medals under the avatar are? PS now has Ladder Seasons! For more information, check out the <a href=\"https://www.smogon.com/forums/threads/3740067/\">thread on Smogon.</a></div>\n|raw|<div class=\"broadcast-blue\"><strong>This battle is required to be public due to a player having a name starting with 'medal'.</div>\n|j|\u2606Chakraisgae\n|j|\u2606dorapult\n|t:|1782842410\n|gametype|singles\n|player|p1|Chakraisgae|1|2357\n|player|p2|dorapult|dawn|2428\n|gen|9\n|tier|[Gen 9] Random Battle\n|rated|\n|rule|Species Clause: Limit one of each Pok\u00e9mon\n|rule|HP Percentage Mod: HP is shown in percentages\n|rule|Sleep Clause Mod: Limit one foe put to sleep\n|rule|Illusion Level Mod: Illusion disguises the Pok\u00e9mon's true level\n|\n|t:|1782842410\n|teamsize|p1|6\n|teamsize|p2|6\n|start\n|switch|p1a: Sableye|Sableye, L88, F|231/231\n|switch|p2a: Terapagos|Terapagos, L77, F|265/265\n|-activate|p2a: Terapagos|ability: Tera Shift\n|detailschange|p2a: Terapagos|Terapagos-Terastal, L77, F\n|-heal|p2a: Terapagos|273/273|[silent]\n|turn|1\n|\n|t:|1782842420\n|switch|p2a: Amoonguss|Amoonguss, L82, M|321/321\n|move|p1a: Sableye|Knock Off|p2a: Amoonguss\n|-damage|p2a: Amoonguss|215/321\n|-enditem|p2a: Amoonguss|Leftovers|[from] move: Knock Off|[of] p1a: Sableye\n|\n|upkeep\n|turn|2\n|inactive|Battle timer is ON: inactive players will automatically lose when time's up. (requested by Chakraisgae)\n|\n|t:|1782842449\n|switch|p1a: Skuntank|Skuntank, L84, F|310/310\n|move|p2a: Amoonguss|Spore|p1a: Skuntank\n|-status|p1a: Skuntank|slp|[from] move: Spore\n|\n|upkeep\n|turn|3\n|\n|t:|1782842464\n|switch|p1a: Quagsire|Quagsire, L84, M|297/297\n|move|p2a: Amoonguss|Stomping Tantrum|p1a: Quagsire\n|-damage|p1a: Quagsire|252/297\n|\n|-heal|p1a: Quagsire|270/297|[from] item: Leftovers\n|upkeep\n|turn|4\n|\n|t:|1782842471\n|switch|p1a: Sableye|Sableye, L88, F|231/231\n|move|p2a: Amoonguss|Stomping Tantrum|p1a: Sableye\n|-damage|p1a: Sableye|178/231\n|\n|-heal|p1a: Sableye|192/231|[from] item: Leftovers\n|upkeep\n|turn|5\n|\n|t:|1782842478\n|move|p1a: Sableye|Encore|p2a: Amoonguss\n|-start|p2a: Amoonguss|Encore\n|move|p2a: Amoonguss|Stomping Tantrum|p1a: Sableye\n|-damage|p1a: Sableye|139/231\n|\n|-heal|p1a: Sableye|153/231|[from] item: Leftovers\n|upkeep\n|turn|6\n|\n|t:|1782842482\n|move|p1a: Sableye|Will-O-Wisp|p2a: Amoonguss|[miss]\n|-miss|p1a: Sableye|p2a: Amoonguss\n|move|p2a: Amoonguss|Stomping Tantrum|p1a: Sableye\n|-damage|p1a: Sableye|101/231\n|\n|-heal|p1a: Sableye|115/231|[from] item: Leftovers\n|upkeep\n|turn|7\n|\n|t:|1782842503\n|switch|p2a: Bellibolt|Bellibolt, L84, M|320/320\n|move|p1a: Sableye|Recover|p1a: Sableye\n|-heal|p1a: Sableye|231/231\n|\n|upkeep\n|turn|8\n|\n|t:|1782842513\n|move|p1a: Sableye|Knock Off|p2a: Bellibolt\n|-damage|p2a: Bellibolt|227/320\n|-start|p2a: Bellibolt|Charge|Knock Off|[from] ability: Electromorphosis\n|-enditem|p2a: Bellibolt|Leftovers|[from] move: Knock Off|[of] p1a: Sableye\n|move|p2a: Bellibolt|Toxic|p1a: Sableye\n|-status|p1a: Sableye|tox\n|\n|-damage|p1a: Sableye|217/231 tox|[from] psn\n|upkeep\n|turn|9\n|\n|t:|1782842524\n|switch|p1a: Quagsire|Quagsire, L84, M|270/297\n|move|p2a: Bellibolt|Toxic|p1a: Quagsire\n|-status|p1a: Quagsire|tox\n|\n|-heal|p1a: Quagsire|288/297 tox|[from] item: Leftovers\n|-damage|p1a: Quagsire|270/297 tox|[from] psn\n|upkeep\n|turn|10\n|\n|t:|1782842544\n|switch|p2a: Amoonguss|Amoonguss, L82, M|321/321\n|move|p1a: Quagsire|Spikes|p2a: Amoonguss\n|-sidestart|p2: dorapult|Spikes\n|\n|-heal|p1a: Quagsire|288/297 tox|[from] item: Leftovers\n|-damage|p1a: Quagsire|252/297 tox|[from] psn\n|upkeep\n|turn|11\n|\n|t:|1782842551\n|switch|p1a: Skuntank|Skuntank, L84, F|310/310 slp\n|move|p2a: Amoonguss|Giga Drain|p1a: Skuntank\n|-resisted|p1a: Skuntank\n|-damage|p1a: Skuntank|268/310 slp\n|\n|upkeep\n|turn|12\n|\n|t:|1782842556\n|cant|p1a: Skuntank|slp\n|move|p2a: Amoonguss|Stomping Tantrum|p1a: Skuntank\n|-supereffective|p1a: Skuntank\n|-crit|p1a: Skuntank\n|-damage|p1a: Skuntank|88/310 slp\n|\n|upkeep\n|turn|13\n|\n|t:|1782842560\n|-curestatus|p1a: Skuntank|slp|[msg]\n|move|p1a: Skuntank|Fire Blast|p2a: Amoonguss\n|-supereffective|p2a: Amoonguss\n|-damage|p2a: Amoonguss|152/321\n|-status|p2a: Amoonguss|brn\n|-damage|p1a: Skuntank|57/310|[from] item: Life Orb\n|move|p2a: Amoonguss|Stomping Tantrum|p1a: Skuntank\n|-supereffective|p1a: Skuntank\n|-damage|p1a: Skuntank|0 fnt\n|-damage|p2a: Amoonguss|72/321 brn|[from] ability: Aftermath|[of] p1a: Skuntank\n|faint|p1a: Skuntank\n|\n|-damage|p2a: Amoonguss|52/321 brn|[from] brn\n|upkeep\n|\n|t:|1782842574\n|switch|p1a: Stonjourner|Stonjourner, L91, F|330/330\n|turn|14\n|j| The Blitz Battler\n|l| The Blitz Battler\n|\n|t:|1782842599\n|move|p1a: Stonjourner|Heat Crash|p2a: Amoonguss\n|-supereffective|p2a: Amoonguss\n|-damage|p2a: Amoonguss|0 fnt\n|faint|p2a: Amoonguss\n|-damage|p1a: Stonjourner|297/330|[from] item: Life Orb\n|\n|upkeep\n|inactive|dorapult has 120 seconds left.\n|\n|t:|1782842617\n|switch|p2a: Solgaleo|Solgaleo, L74|325/325\n|-damage|p2a: Solgaleo|285/325|[from] Spikes\n|turn|15\n|inactive|dorapult has 120 seconds left.\n|\n|t:|1782842629\n|switch|p1a: Blastoise|Blastoise, L80, M|258/258\n|move|p2a: Solgaleo|Sunsteel Strike|p1a: Blastoise\n|-resisted|p1a: Blastoise\n|-damage|p1a: Blastoise|210/258\n|\n|upkeep\n|turn|16\n|inactive|dorapult has 120 seconds left.\n|\n|t:|1782842645\n|switch|p2a: Slaking|Slaking, L84, M|389/389\n|-damage|p2a: Slaking|341/389|[from] Spikes\n|move|p1a: Blastoise|Shell Smash|p1a: Blastoise\n|-unboost|p1a: Blastoise|def|1\n|-unboost|p1a: Blastoise|spd|1\n|-boost|p1a: Blastoise|atk|2\n|-boost|p1a: Blastoise|spa|2\n|-boost|p1a: Blastoise|spe|2\n|-enditem|p1a: Blastoise|White Herb\n|-clearnegativeboost|p1a: Blastoise|[silent]\n|\n|upkeep\n|turn|17\n|inactive|dorapult has 120 seconds left.\n|\n|t:|1782842662\n|-terastallize|p1a: Blastoise|Steel\n|move|p1a: Blastoise|Shell Smash|p1a: Blastoise\n|-unboost|p1a: Blastoise|def|1\n|-unboost|p1a: Blastoise|spd|1\n|-boost|p1a: Blastoise|atk|2\n|-boost|p1a: Blastoise|spa|2\n|-boost|p1a: Blastoise|spe|2\n|move|p2a: Slaking|Double-Edge|p1a: Blastoise\n|-resisted|p1a: Blastoise\n|-damage|p1a: Blastoise|0 fnt\n|faint|p1a: Blastoise\n|-damage|p2a: Slaking|272/389|[from] Recoil\n|\n|upkeep\n|inactive|Chakraisgae has 120 seconds left.\n|\n|t:|1782842682\n|switch|p1a: Koraidon|Koraidon, L64|235/235\n|-weather|SunnyDay|[from] ability: Orichalcum Pulse|[of] p1a: Koraidon\n|-activate|p1a: Koraidon|Orichalcum Pulse|[source]\n|turn|18\n|inactive|dorapult has 120 seconds left.\n|\n|t:|1782842716\n|cant|p2a: Slaking|ability: Truant\n|move|p1a: Koraidon|Scale Shot|p2a: Slaking\n|-damage|p2a: Slaking|248/389\n|-damage|p2a: Slaking|221/389\n|-damage|p2a: Slaking|197/389\n|-damage|p2a: Slaking|172/389\n|-hitcount|p2a: Slaking|4\n|-unboost|p1a: Koraidon|def|1\n|-boost|p1a: Koraidon|spe|1\n|\n|-weather|SunnyDay|[upkeep]\n|upkeep\n|turn|19\n|\n|t:|1782842735\n|move|p1a: Koraidon|Collision Course|p2a: Slaking\n|-supereffective|p2a: Slaking\n|-damage|p2a: Slaking|0 fnt\n|faint|p2a: Slaking\n|\n|-weather|SunnyDay|[upkeep]\n|upkeep\n|inactive|dorapult has 90 seconds left.\n|inactive|dorapult has 60 seconds left.\n|\n|t:|1782842784\n|switch|p2a: Solgaleo|Solgaleo, L74|285/325\n|-damage|p2a: Solgaleo|245/325|[from] Spikes\n|turn|20\n|inactive|dorapult has 60 seconds left.\n|inactive|Chakraisgae has 120 seconds left.\n|inactive|Chakraisgae has 90 seconds left.\n|\n|t:|1782842843\n|switch|p1a: Quagsire|Quagsire, L84, M|252/297 tox\n|move|p2a: Solgaleo|Sunsteel Strike|p1a: Quagsire\n|-resisted|p1a: Quagsire\n|-damage|p1a: Quagsire|192/297 tox\n|\n|-weather|SunnyDay|[upkeep]\n|-heal|p1a: Quagsire|210/297 tox|[from] item: Leftovers\n|-damage|p1a: Quagsire|192/297 tox|[from] psn\n|upkeep\n|turn|21\n|inactive|dorapult has 60 seconds left.\n|\n|t:|1782842851\n|move|p2a: Solgaleo|Psychic|p1a: Quagsire\n|-damage|p1a: Quagsire|93/297 tox\n|move|p1a: Quagsire|Earthquake|p2a: Solgaleo\n|-supereffective|p2a: Solgaleo\n|-damage|p2a: Solgaleo|51/325\n|-enditem|p2a: Solgaleo|Weakness Policy\n|-boost|p2a: Solgaleo|atk|2|[from] item: Weakness Policy\n|-boost|p2a: Solgaleo|spa|2|[from] item: Weakness Policy\n|\n|-weather|SunnyDay|[upkeep]\n|-heal|p1a: Quagsire|111/297 tox|[from] item: Leftovers\n|-damage|p1a: Quagsire|75/297 tox|[from] psn\n|upkeep\n|turn|22\n|inactive|dorapult has 60 seconds left.\n|\n|t:|1782842861\n|move|p2a: Solgaleo|Psychic|p1a: Quagsire\n|-damage|p1a: Quagsire|0 fnt\n|faint|p1a: Quagsire\n|\n|-weather|none\n|upkeep\n|\n|t:|1782842864\n|switch|p1a: Koraidon|Koraidon, L64|235/235\n|-weather|SunnyDay|[from] ability: Orichalcum Pulse|[of] p1a: Koraidon\n|-activate|p1a: Koraidon|Orichalcum Pulse|[source]\n|turn|23\n|inactive|dorapult has 60 seconds left.\n|\n|t:|1782842880\n|move|p1a: Koraidon|Collision Course|p2a: Solgaleo\n|-damage|p2a: Solgaleo|0 fnt\n|faint|p2a: Solgaleo\n|\n|-weather|SunnyDay|[upkeep]\n|upkeep\n|inactive|dorapult has 60 seconds left.\n|\n|t:|1782842894\n|switch|p2a: Rotom|Rotom-Frost, L87|229/229\n|turn|24\n|inactive|dorapult has 60 seconds left.\n|\n|t:|1782842909\n|-terastallize|p2a: Rotom|Electric\n|move|p1a: Koraidon|Collision Course|p2a: Rotom\n|-damage|p2a: Rotom|133/229\n|move|p2a: Rotom|Will-O-Wisp|p1a: Koraidon\n|-status|p1a: Koraidon|brn\n|\n|-weather|SunnyDay|[upkeep]\n|-damage|p1a: Koraidon|221/235 brn|[from] brn\n|upkeep\n|turn|25\n|inactive|dorapult has 60 seconds left.\n|\n|t:|1782842930\n|move|p1a: Koraidon|Swords Dance|p1a: Koraidon\n|-boost|p1a: Koraidon|atk|2\n|move|p2a: Rotom|Thunderbolt|p1a: Koraidon\n|-resisted|p1a: Koraidon\n|-damage|p1a: Koraidon|140/235 brn\n|\n|-weather|SunnyDay|[upkeep]\n|-damage|p1a: Koraidon|126/235 brn|[from] brn\n|upkeep\n|turn|26\n|\n|t:|1782842938\n|move|p1a: Koraidon|Collision Course|p2a: Rotom\n|-damage|p2a: Rotom|38/229\n|move|p2a: Rotom|Thunderbolt|p1a: Koraidon\n|-resisted|p1a: Koraidon\n|-damage|p1a: Koraidon|42/235 brn\n|\n|-weather|SunnyDay|[upkeep]\n|-damage|p1a: Koraidon|28/235 brn|[from] brn\n|upkeep\n|turn|27\n|inactive|dorapult has 60 seconds left.\n|\n|t:|1782842948\n|switch|p2a: Bellibolt|Bellibolt, L84, M|227/320\n|-damage|p2a: Bellibolt|187/320|[from] Spikes\n|move|p1a: Koraidon|Scale Shot|p2a: Bellibolt\n|-damage|p2a: Bellibolt|160/320\n|-start|p2a: Bellibolt|Charge|Scale Shot|[from] ability: Electromorphosis\n|-damage|p2a: Bellibolt|136/320\n|-start|p2a: Bellibolt|Charge|Scale Shot|[from] ability: Electromorphosis\n|-damage|p2a: Bellibolt|110/320\n|-start|p2a: Bellibolt|Charge|Scale Shot|[from] ability: Electromorphosis\n|-damage|p2a: Bellibolt|84/320\n|-start|p2a: Bellibolt|Charge|Scale Shot|[from] ability: Electromorphosis\n|-hitcount|p2a: Bellibolt|4\n|-unboost|p1a: Koraidon|def|1\n|-boost|p1a: Koraidon|spe|1\n|\n|-weather|none\n|-damage|p1a: Koraidon|14/235 brn|[from] brn\n|upkeep\n|turn|28\n|inactive|Chakraisgae has 120 seconds left.\n|\n|t:|1782842955\n|move|p1a: Koraidon|Collision Course|p2a: Bellibolt\n|-damage|p2a: Bellibolt|6/320\n|-start|p2a: Bellibolt|Charge|Collision Course|[from] ability: Electromorphosis\n|move|p2a: Bellibolt|Slack Off|p2a: Bellibolt\n|-heal|p2a: Bellibolt|166/320\n|\n|-damage|p1a: Koraidon|0 fnt|[from] brn\n|faint|p1a: Koraidon\n|upkeep\n|inactive|Chakraisgae has 120 seconds left.\n|\n|t:|1782842962\n|switch|p1a: Stonjourner|Stonjourner, L91, F|297/330\n|turn|29\n|\n|t:|1782842971\n|move|p1a: Stonjourner|Earthquake|p2a: Bellibolt\n|-supereffective|p2a: Bellibolt\n|-damage|p2a: Bellibolt|0 fnt\n|faint|p2a: Bellibolt\n|-damage|p1a: Stonjourner|264/330|[from] item: Life Orb\n|\n|upkeep\n|\n|t:|1782842973\n|switch|p2a: Rotom|Rotom-Frost, L87, tera:Electric|38/229\n|turn|30\n|\n|t:|1782842975\n|switch|p1a: Sableye|Sableye, L88, F|217/231 tox\n|move|p2a: Rotom|Thunderbolt|p1a: Sableye\n|-damage|p1a: Sableye|37/231 tox\n|\n|-heal|p1a: Sableye|51/231 tox|[from] item: Leftovers\n|-damage|p1a: Sableye|37/231 tox|[from] psn\n|upkeep\n|turn|31\n|\n|t:|1782842988\n|move|p1a: Sableye|Encore|p2a: Rotom\n|-start|p2a: Rotom|Encore\n|move|p2a: Rotom|Thunderbolt|p1a: Sableye\n|-damage|p1a: Sableye|0 fnt\n|faint|p1a: Sableye\n|\n|upkeep\n|\n|t:|1782842992\n|switch|p1a: Stonjourner|Stonjourner, L91, F|264/330\n|turn|32\n|\n|t:|1782842999\n|move|p2a: Rotom|Thunderbolt|p1a: Stonjourner\n|-damage|p1a: Stonjourner|0 fnt\n|faint|p1a: Stonjourner\n|\n|win|dorapult\n|raw|Chakraisgae's rating: 2357 &rarr; <strong>2341</strong><br />(-16 for losing)\n|raw|dorapult's rating: 2428 &rarr; <strong>2444</strong><br />(+16 for winning)\n", "inputlog": ">version f8ac14003a5f27e1bdc8d8c59608a773c1cb96e5\n>start {\"formatid\":\"gen9randombattle\",\"seed\":\"sodium,aa9ee765862b982347203ff91453613f\",\"rated\":\"Rated battle\"}\n>player p1 {\"name\":\"Chakraisgae\",\"avatar\":\"1\",\"rating\":2357,\"seed\":\"sodium,dfbbec3b24c35a4ab5b9bccd25e2d74a\"}\n>player p2 {\"name\":\"dorapult\",\"avatar\":\"dawn\",\"rating\":2428,\"seed\":\"sodium,7b16a657119285cccfa10d8d8b156d30\"}\n>p1 move knockoff\n>p2 switch 2\n>p1 switch 2\n>p2 move spore\n>p1 switch 6\n>p2 move stompingtantrum\n>p1 switch 2\n>p2 move stompingtantrum\n>p1 move encore\n>p2 move gigadrain\n>p1 move willowisp\n>p2 move stompingtantrum\n>p1 move recover\n>p2 switch 3\n>p1 move knockoff\n>p2 move toxic\n>p1 switch 2\n>p2 move toxic\n>p1 move spikes\n>p2 switch 3\n>p1 switch 6\n>p2 move gigadrain\n>p1 move knockoff\n>p2 move stompingtantrum\n>p1 move fireblast\n>p2 move stompingtantrum\n>p1 switch 4\n>p1 move heatcrash\n>p2 move gigadrain\n>p2 switch 4\n>p1 switch 3\n>p2 move sunsteelstrike\n>p1 move shellsmash\n>p2 switch 6\n>p1 move shellsmash terastallize\n>p2 move doubleedge\n>p1 switch 5\n>p1 move scaleshot\n>p2 move doubleedge\n>p1 move collisioncourse\n>p2 move doubleedge\n>p2 switch 6\n>p1 switch 6\n>p2 move sunsteelstrike\n>p1 move earthquake\n>p2 move psychic\n>p1 move earthquake\n>p2 move psychic\n>p1 switch 6\n>p1 move collisioncourse\n>p2 move sunsteelstrike\n>p2 switch 5\n>p1 move collisioncourse\n>p2 move willowisp terastallize\n>p1 move swordsdance\n>p2 move thunderbolt\n>p1 move collisioncourse\n>p2 move thunderbolt\n>p1 move scaleshot\n>p2 switch 3\n>p1 move collisioncourse\n>p2 move slackoff\n>p1 switch 3\n>p1 move earthquake\n>p2 move thunderbolt\n>p2 switch 3\n>p1 switch 2\n>p2 move thunderbolt\n>p1 move encore\n>p2 move thunderbolt\n>p1 switch 2\n>p1 move heatcrash\n>p2 move thunderbolt", "uploadtime": 1782842999, "views": 10, "formatid": "gen9randombattle", "rating": 2341, "private": 0, "password": null, "player_dets": [{"name": "Chakraisgae", "avatar": "1", "rating": 2357, "seed": "sodium,dfbbec3b24c35a4ab5b9bccd25e2d74a"}, {"name": "dorapult", "avatar": "dawn", "rating": 2428, "seed": "sodium,7b16a657119285cccfa10d8d8b156d30"}], "teams_full": [{"Sableye": {"name": "Sableye", "species": "Sableye", "speciesId": "sableye", "gender": "F", "shiny": false, "level": 88, "moves": ["encore", "knockoff", "recover", "willowisp"], "ability": "Prankster", "evs": {"hp": 85, "atk": 85, "def": 85, "spa": 85, "spd": 85, "spe": 85}, "ivs": {"hp": 31, "atk": 31, "def": 31, "spa": 31, "spd": 31, "spe": 31}, "item": "Leftovers", "teraType": "Poison", "role": "Bulky Support", "bvs": {"hp": 50, "atk": 75, "def": 75, "spa": 65, "spd": 65, "spe": 50}, "stats": {"hp": 231, "atk": 182, "def": 182, "spa": 165, "spd": 165, "spe": 138}, "types": ["Dark", "Ghost"]}, "Skuntank": {"name": "Skuntank", "species": "Skuntank", "speciesId": "skuntank", "gender": "F", "shiny": false, "level": 84, "moves": ["knockoff", "gunkshot", "taunt", "fireblast"], "ability": "Aftermath", "evs": {"hp": 85, "atk": 85, "def": 85, "spa": 85, "spd": 85, "spe": 85}, "ivs": {"hp": 31, "atk": 31, "def": 31, "spa": 31, "spd": 31, "spe": 31}, "item": "Life Orb", "teraType": "Poison", "role": "Fast Support", "bvs": {"hp": 103, "atk": 93, "def": 67, "spa": 71, "spd": 61, "spe": 84}, "stats": {"hp": 310, "atk": 204, "def": 161, "spa": 167, "spd": 151, "spe": 189}, "types": ["Poison", "Dark"]}, "Blastoise": {"name": "Blastoise", "species": "Blastoise", "speciesId": "blastoise", "gender": "M", "shiny": false, "level": 80, "moves": ["shellsmash", "hydropump", "icebeam", "earthquake"], "ability": "Torrent", "evs": {"hp": 85, "atk": 85, "def": 85, "spa": 85, "spd": 85, "spe": 85}, "ivs": {"hp": 31, "atk": 31, "def": 31, "spa": 31, "spd": 31, "spe": 31}, "item": "White Herb", "teraType": "Steel", "role": "Setup Sweeper", "bvs": {"hp": 79, "atk": 83, "def": 100, "spa": 85, "spd": 105, "spe": 78}, "stats": {"hp": 258, "atk": 179, "def": 206, "spa": 182, "spd": 214, "spe": 171}, "types": ["Water"]}, "Stonjourner": {"name": "Stonjourner", "species": "Stonjourner", "speciesId": "stonjourner", "gender": "F", "shiny": false, "level": 91, "moves": ["heatcrash", "stoneedge", "rockpolish", "earthquake"], "ability": "Power Spot", "evs": {"hp": 85, "atk": 85, "def": 85, "spa": 85, "spd": 85, "spe": 85}, "ivs": {"hp": 31, "atk": 31, "def": 31, "spa": 31, "spd": 31, "spe": 31}, "item": "Life Orb", "teraType": "Ground", "role": "Fast Attacker", "bvs": {"hp": 100, "atk": 125, "def": 135, "spa": 20, "spd": 20, "spe": 70}, "stats": {"hp": 330, "atk": 279, "def": 298, "spa": 88, "spd": 88, "spe": 179}, "types": ["Rock"]}, "Koraidon": {"name": "Koraidon", "species": "Koraidon", "speciesId": "koraidon", "gender": "N", "shiny": false, "level": 64, "moves": ["collisioncourse", "swordsdance", "flareblitz", "scaleshot"], "ability": "Orichalcum Pulse", "evs": {"hp": 85, "atk": 85, "def": 85, "spa": 85, "spd": 85, "spe": 85}, "ivs": {"hp": 31, "atk": 31, "def": 31, "spa": 31, "spd": 31, "spe": 31}, "item": "Loaded Dice", "teraType": "Fire", "role": "Setup Sweeper", "bvs": {"hp": 100, "atk": 135, "def": 115, "spa": 85, "spd": 100, "spe": 135}, "stats": {"hp": 235, "atk": 211, "def": 185, "spa": 147, "spd": 166, "spe": 211}, "types": ["Fighting", "Dragon"]}, "Quagsire": {"name": "Quagsire", "species": "Quagsire", "speciesId": "quagsire", "gender": "M", "shiny": false, "level": 84, "moves": ["recover", "toxic", "spikes", "earthquake"], "ability": "Unaware", "evs": {"hp": 85, "atk": 85, "def": 85, "spa": 85, "spd": 85, "spe": 85}, "ivs": {"hp": 31, "atk": 31, "def": 31, "spa": 31, "spd": 31, "spe": 31}, "item": "Leftovers", "teraType": "Fairy", "role": "Bulky Support", "bvs": {"hp": 95, "atk": 85, "def": 85, "spa": 65, "spd": 65, "spe": 35}, "stats": {"hp": 297, "atk": 191, "def": 191, "spa": 157, "spd": 157, "spe": 107}, "types": ["Water", "Ground"]}}, {"Terapagos": {"name": "Terapagos", "species": "Terapagos", "speciesId": "terapagos", "gender": "F", "shiny": false, "level": 77, "moves": ["calmmind", "terastarstorm", "rest", "earthpower"], "ability": "Tera Shift", "evs": {"hp": 85, "atk": 0, "def": 85, "spa": 85, "spd": 85, "spe": 85}, "ivs": {"hp": 31, "atk": 0, "def": 31, "spa": 31, "spd": 31, "spe": 31}, "item": "Chesto Berry", "teraType": "Stellar", "role": "Fast Bulky Setup", "bvs": {"hp": 90, "atk": 65, "def": 85, "spa": 65, "spd": 85, "spe": 60}, "stats": {"hp": 265, "atk": 105, "def": 175, "spa": 145, "spd": 175, "spe": 137}, "types": ["Normal"]}, "Amoonguss": {"name": "Amoonguss", "species": "Amoonguss", "speciesId": "amoonguss", "gender": "M", "shiny": false, "level": 82, "moves": ["spore", "gigadrain", "stompingtantrum", "sludgebomb"], "ability": "Regenerator", "evs": {"hp": 85, "atk": 85, "def": 85, "spa": 85, "spd": 85, "spe": 85}, "ivs": {"hp": 31, "atk": 31, "def": 31, "spa": 31, "spd": 31, "spe": 31}, "item": "Leftovers", "teraType": "Water", "role": "Bulky Attacker", "bvs": {"hp": 114, "atk": 85, "def": 70, "spa": 85, "spd": 80, "spe": 30}, "stats": {"hp": 321, "atk": 187, "def": 162, "spa": 187, "spd": 178, "spe": 96}, "types": ["Grass", "Poison"]}, "Bellibolt": {"name": "Bellibolt", "species": "Bellibolt", "speciesId": "bellibolt", "gender": "M", "shiny": false, "level": 84, "moves": ["slackoff", "toxic", "muddywater", "thunderbolt"], "ability": "Electromorphosis", "evs": {"hp": 85, "atk": 0, "def": 85, "spa": 85, "spd": 85, "spe": 85}, "ivs": {"hp": 31, "atk": 0, "def": 31, "spa": 31, "spd": 31, "spe": 31}, "item": "Leftovers", "teraType": "Water", "role": "Bulky Attacker", "bvs": {"hp": 109, "atk": 64, "def": 91, "spa": 103, "spd": 83, "spe": 45}, "stats": {"hp": 320, "atk": 112, "def": 201, "spa": 221, "spd": 188, "spe": 124}, "types": ["Electric"]}, "Solgaleo": {"name": "Solgaleo", "species": "Solgaleo", "speciesId": "solgaleo", "gender": "N", "shiny": false, "level": 74, "moves": ["sunsteelstrike", "knockoff", "psychic", "flamecharge"], "ability": "Full Metal Body", "evs": {"hp": 85, "atk": 85, "def": 85, "spa": 85, "spd": 85, "spe": 85}, "ivs": {"hp": 31, "atk": 31, "def": 31, "spa": 31, "spd": 31, "spe": 31}, "item": "Weakness Policy", "teraType": "Dark", "role": "Bulky Setup", "bvs": {"hp": 137, "atk": 137, "def": 107, "spa": 113, "spd": 89, "spe": 97}, "stats": {"hp": 325, "atk": 246, "def": 201, "spa": 210, "spd": 175, "spe": 187}, "types": ["Psychic", "Steel"]}, "Rotom": {"name": "Rotom", "species": "Rotom-Frost", "speciesId": "rotomfrost", "gender": "N", "shiny": false, "level": 87, "moves": ["blizzard", "willowisp", "thunderbolt", "nastyplot"], "ability": "Levitate", "evs": {"hp": 85, "atk": 0, "def": 85, "spa": 85, "spd": 85, "spe": 85}, "ivs": {"hp": 31, "atk": 0, "def": 31, "spa": 31, "spd": 31, "spe": 31}, "item": "Heavy-Duty Boots", "teraType": "Electric", "role": "Fast Attacker", "bvs": {"hp": 50, "atk": 65, "def": 107, "spa": 105, "spd": 107, "spe": 86}, "stats": {"hp": 229, "atk": 118, "def": 236, "spa": 232, "spd": 236, "spe": 199}, "types": ["Electric", "Ice"]}, "Slaking": {"name": "Slaking", "species": "Slaking", "speciesId": "slaking", "gender": "M", "shiny": false, "level": 84, "moves": ["earthquake", "knockoff", "gigaimpact", "doubleedge"], "ability": "Truant", "evs": {"hp": 85, "atk": 85, "def": 85, "spa": 85, "spd": 85, "spe": 85}, "ivs": {"hp": 31, "atk": 31, "def": 31, "spa": 31, "spd": 31, "spe": 31}, "item": "Choice Band", "teraType": "Normal", "role": "Fast Attacker", "bvs": {"hp": 150, "atk": 160, "def": 100, "spa": 95, "spd": 65, "spe": 100}, "stats": {"hp": 389, "atk": 317, "def": 216, "spa": 208, "spd": 157, "spe": 216}, "types": ["Normal"]}}]}