{"id": "gen9randombattle-2641747818", "format": "[Gen 9] Random Battle", "players": ["Emkatt", "tobiaxy"], "log": "|badge|p2|bronze|gen9randombattle|100-9\n|html|<div class=\"broadcast-red\"><strong>This battle is required to be public due to one or more player having a season medal.</strong><br />During the public phase, you can discuss the state of the ladder <a href=\"/seasondiscussion\">in a special chatroom.</a></div>\n|uhtml|medal-msg|<div class=\"broadcast-blue\">Curious what those medals under the avatar are? PS now has Ladder Seasons! For more information, check out the <a href=\"https://www.smogon.com/forums/threads/3740067/\">thread on Smogon.</a></div>\n|raw|<div class=\"broadcast-blue\"><strong>This battle is required to be public due to a player having a name starting with 'medal'.</div>\n|j|\u2606Emkatt\n|j|\u2606tobiaxy\n|t:|1782837186\n|gametype|singles\n|player|p1|Emkatt|acetrainer-gen2|2263\n|player|p2|tobiaxy|mira|2270\n|gen|9\n|tier|[Gen 9] Random Battle\n|rated|\n|rule|Species Clause: Limit one of each Pok\u00e9mon\n|rule|HP Percentage Mod: HP is shown in percentages\n|rule|Sleep Clause Mod: Limit one foe put to sleep\n|rule|Illusion Level Mod: Illusion disguises the Pok\u00e9mon's true level\n|\n|t:|1782837186\n|teamsize|p1|6\n|teamsize|p2|6\n|start\n|switch|p1a: Regice|Regice, L88|284/284\n|switch|p2a: Jolteon|Jolteon, L84, F|246/246\n|turn|1\n|inactive|Battle timer is ON: inactive players will automatically lose when time's up. (requested by tobiaxy)\n|\n|t:|1782837198\n|move|p2a: Jolteon|Calm Mind|p2a: Jolteon\n|-boost|p2a: Jolteon|spa|1\n|-boost|p2a: Jolteon|spd|1\n|move|p1a: Regice|Body Press|p2a: Jolteon\n|-damage|p2a: Jolteon|164/246\n|\n|-heal|p2a: Jolteon|179/246|[from] item: Leftovers\n|upkeep\n|turn|2\n|\n|t:|1782837208\n|switch|p2a: Reuniclus|Reuniclus, L88, F|337/337\n|move|p1a: Regice|Body Press|p2a: Reuniclus\n|-resisted|p2a: Reuniclus\n|-damage|p2a: Reuniclus|304/337\n|\n|upkeep\n|turn|3\n|\n|t:|1782837219\n|switch|p1a: Gothitelle|Gothitelle, L90, M|272/272\n|move|p2a: Reuniclus|Calm Mind|p2a: Reuniclus\n|-boost|p2a: Reuniclus|spa|1\n|-boost|p2a: Reuniclus|spd|1\n|\n|upkeep\n|turn|4\n|\n|t:|1782837225\n|move|p1a: Gothitelle|Trick|p2a: Reuniclus\n|-activate|p1a: Gothitelle|move: Trick|[of] p2a: Reuniclus\n|-item|p2a: Reuniclus|Choice Scarf|[from] move: Trick\n|-item|p1a: Gothitelle|Life Orb|[from] move: Trick\n|move|p2a: Reuniclus|Psyshock|p1a: Gothitelle\n|-resisted|p1a: Gothitelle\n|-damage|p1a: Gothitelle|192/272\n|\n|upkeep\n|turn|5\n|\n|t:|1782837236\n|move|p1a: Gothitelle|Dark Pulse|p2a: Reuniclus\n|-supereffective|p2a: Reuniclus\n|-damage|p2a: Reuniclus|190/337\n|-damage|p1a: Gothitelle|165/272|[from] item: Life Orb\n|move|p2a: Reuniclus|Psyshock|p1a: Gothitelle\n|-resisted|p1a: Gothitelle\n|-damage|p1a: Gothitelle|83/272\n|\n|upkeep\n|turn|6\n|\n|t:|1782837242\n|move|p1a: Gothitelle|Dark Pulse|p2a: Reuniclus\n|-supereffective|p2a: Reuniclus\n|-damage|p2a: Reuniclus|73/337\n|-damage|p1a: Gothitelle|56/272|[from] item: Life Orb\n|move|p2a: Reuniclus|Psyshock|p1a: Gothitelle\n|-resisted|p1a: Gothitelle\n|-damage|p1a: Gothitelle|0 fnt\n|faint|p1a: Gothitelle\n|\n|upkeep\n|\n|t:|1782837262\n|switch|p1a: Tornadus|Tornadus-Therian, L79, M|254/254\n|turn|7\n|\n|t:|1782837279\n|move|p1a: Tornadus|U-turn|p2a: Reuniclus\n|-supereffective|p2a: Reuniclus\n|-damage|p2a: Reuniclus|0 fnt\n|faint|p2a: Reuniclus\n|\n|t:|1782837282\n|switch|p1a: Regice|Regice, L88|284/284|[from] U-turn\n|\n|upkeep\n|inactive|tobiaxy has 120 seconds left.\n|\n|t:|1782837337\n|switch|p2a: Slither Wing|Slither Wing, L81|270/270\n|-enditem|p2a: Slither Wing|Booster Energy\n|-activate|p2a: Slither Wing|ability: Protosynthesis|[fromitem]\n|-start|p2a: Slither Wing|protosynthesisatk\n|turn|8\n|inactive|Emkatt has 120 seconds left.\n|\n|t:|1782837381\n|move|p2a: Slither Wing|Flame Charge|p1a: Regice\n|-supereffective|p1a: Regice\n|-damage|p1a: Regice|184/284\n|-boost|p2a: Slither Wing|spe|1\n|move|p1a: Regice|Thunder Wave|p2a: Slither Wing\n|-status|p2a: Slither Wing|par\n|\n|upkeep\n|turn|9\n|\n|t:|1782837401\n|switch|p1a: Tornadus|Tornadus-Therian, L79, M|254/254\n|move|p2a: Slither Wing|Close Combat|p1a: Tornadus\n|-resisted|p1a: Tornadus\n|-damage|p1a: Tornadus|142/254\n|-unboost|p2a: Slither Wing|def|1\n|-unboost|p2a: Slither Wing|spd|1\n|\n|upkeep\n|turn|10\n|\n|t:|1782837415\n|move|p1a: Tornadus|Bleakwind Storm|p2a: Slither Wing\n|-supereffective|p2a: Slither Wing\n|-damage|p2a: Slither Wing|0 fnt\n|faint|p2a: Slither Wing\n|-end|p2a: Slither Wing|Protosynthesis|[silent]\n|\n|upkeep\n|inactive|tobiaxy has 90 seconds left.\n|\n|t:|1782837454\n|switch|p2a: Jolteon|Jolteon, L84, F|179/246\n|turn|11\n|inactive|Emkatt has 90 seconds left.\n|\n|t:|1782837486\n|switch|p1a: Regice|Regice, L88|184/284\n|move|p2a: Jolteon|Calm Mind|p2a: Jolteon\n|-boost|p2a: Jolteon|spa|1\n|-boost|p2a: Jolteon|spd|1\n|\n|-heal|p2a: Jolteon|194/246|[from] item: Leftovers\n|upkeep\n|turn|12\n|inactive|tobiaxy has 90 seconds left.\n|\n|t:|1782837511\n|move|p2a: Jolteon|Calm Mind|p2a: Jolteon\n|-boost|p2a: Jolteon|spa|1\n|-boost|p2a: Jolteon|spd|1\n|move|p1a: Regice|Body Press|p2a: Jolteon\n|-damage|p2a: Jolteon|103/246\n|\n|-heal|p2a: Jolteon|118/246|[from] item: Leftovers\n|upkeep\n|turn|13\n|\n|t:|1782837516\n|move|p2a: Jolteon|Thunderbolt|p1a: Regice\n|-damage|p1a: Regice|76/284\n|move|p1a: Regice|Body Press|p2a: Jolteon\n|-damage|p2a: Jolteon|33/246\n|\n|-heal|p2a: Jolteon|48/246|[from] item: Leftovers\n|upkeep\n|turn|14\n|\n|t:|1782837519\n|move|p2a: Jolteon|Thunderbolt|p1a: Regice\n|-damage|p1a: Regice|0 fnt\n|faint|p1a: Regice\n|\n|-heal|p2a: Jolteon|63/246|[from] item: Leftovers\n|upkeep\n|inactive|Emkatt has 120 seconds left.\n|\n|t:|1782837526\n|switch|p1a: Lucario|Lucario, L84, F|255/255\n|turn|15\n|inactive|tobiaxy has 90 seconds left.\n|\n|t:|1782837554\n|move|p1a: Lucario|Extreme Speed|p2a: Jolteon\n|-damage|p2a: Jolteon|0 fnt\n|faint|p2a: Jolteon\n|-damage|p1a: Lucario|230/255|[from] item: Life Orb\n|\n|upkeep\n|inactive|tobiaxy has 90 seconds left.\n|\n|t:|1782837565\n|switch|p2a: Haxorus|Haxorus, L77, M|244/244\n|-ability|p2a: Haxorus|Mold Breaker\n|turn|16\n|inactive|tobiaxy has 90 seconds left.\n|\n|t:|1782837579\n|move|p1a: Lucario|Close Combat|p2a: Haxorus\n|-damage|p2a: Haxorus|67/244\n|-unboost|p1a: Lucario|def|1\n|-unboost|p1a: Lucario|spd|1\n|-damage|p1a: Lucario|205/255|[from] item: Life Orb\n|move|p2a: Haxorus|Dragon Dance|p2a: Haxorus\n|-boost|p2a: Haxorus|atk|1\n|-boost|p2a: Haxorus|spe|1\n|\n|upkeep\n|turn|17\n|inactive|tobiaxy has 90 seconds left.\n|\n|t:|1782837613\n|-terastallize|p2a: Haxorus|Steel\n|move|p1a: Lucario|Extreme Speed|p2a: Haxorus\n|-resisted|p2a: Haxorus\n|-damage|p2a: Haxorus|20/244\n|-damage|p1a: Lucario|180/255|[from] item: Life Orb\n|move|p2a: Haxorus|Earthquake|p1a: Lucario\n|-supereffective|p1a: Lucario\n|-damage|p1a: Lucario|0 fnt\n|faint|p1a: Lucario\n|\n|upkeep\n|inactive|Emkatt has 120 seconds left.\n|\n|t:|1782837641\n|switch|p1a: Tropius|Tropius, L91, M|328/328\n|turn|18\n|\n|t:|1782837648\n|move|p2a: Haxorus|Iron Head|p1a: Tropius\n|-damage|p1a: Tropius|180/328\n|move|p1a: Tropius|Air Slash|p2a: Haxorus\n|-resisted|p2a: Haxorus\n|-damage|p2a: Haxorus|0 fnt\n|faint|p2a: Haxorus\n|\n|upkeep\n|\n|t:|1782837657\n|switch|p2a: Bellossom|Bellossom, L84, M|263/263\n|turn|19\n|\n|t:|1782837664\n|switch|p1a: Tornadus|Tornadus-Therian, L79, M|226/254\n|move|p2a: Bellossom|Quiver Dance|p2a: Bellossom\n|-boost|p2a: Bellossom|spa|1\n|-boost|p2a: Bellossom|spd|1\n|-boost|p2a: Bellossom|spe|1\n|\n|upkeep\n|turn|20\n|inactive|Emkatt has 120 seconds left.\n|\n|t:|1782837698\n|move|p1a: Tornadus|Bleakwind Storm|p2a: Bellossom\n|-supereffective|p2a: Bellossom\n|-damage|p2a: Bellossom|69/263\n|move|p2a: Bellossom|Quiver Dance|p2a: Bellossom\n|-boost|p2a: Bellossom|spa|1\n|-boost|p2a: Bellossom|spd|1\n|-boost|p2a: Bellossom|spe|1\n|\n|-heal|p2a: Bellossom|85/263|[from] item: Leftovers\n|upkeep\n|turn|21\n|inactive|tobiaxy has 90 seconds left.\n|\n|t:|1782837714\n|move|p2a: Bellossom|Strength Sap|p1a: Tornadus\n|-unboost|p1a: Tornadus|atk|1\n|-heal|p2a: Bellossom|263/263\n|move|p1a: Tornadus|Bleakwind Storm|p2a: Bellossom\n|-supereffective|p2a: Bellossom\n|-damage|p2a: Bellossom|113/263\n|-unboost|p2a: Bellossom|spe|1\n|\n|-heal|p2a: Bellossom|129/263|[from] item: Leftovers\n|upkeep\n|turn|22\n|inactive|Emkatt has 120 seconds left.\n|\n|t:|1782837724\n|move|p1a: Tornadus|Bleakwind Storm|p2a: Bellossom\n|-supereffective|p2a: Bellossom\n|-damage|p2a: Bellossom|0 fnt\n|faint|p2a: Bellossom\n|\n|upkeep\n|c|\u2606tobiaxy|lol\n|-message|tobiaxy forfeited.\n|\n|win|Emkatt\n|raw|Emkatt's rating: 2263 &rarr; <strong>2284</strong><br />(+21 for winning)\n|raw|tobiaxy's rating: 2288 &rarr; <strong>2267</strong><br />(-21 for losing)\n", "inputlog": ">version f8ac14003a5f27e1bdc8d8c59608a773c1cb96e5\n>start {\"formatid\":\"gen9randombattle\",\"seed\":\"sodium,9f7325a306f07310a134f174a2173dd2\",\"rated\":\"Rated battle\"}\n>player p1 {\"name\":\"Emkatt\",\"avatar\":\"acetrainer-gen2\",\"rating\":2263,\"seed\":\"sodium,c0dc06716920efbbf65c4934ce8d75e9\"}\n>player p2 {\"name\":\"tobiaxy\",\"avatar\":\"mira\",\"rating\":2270,\"seed\":\"sodium,f1fe4a3b55a0934e8c1b0d5fae3498f9\"}\n>p1 move bodypress\n>p2 move calmmind\n>p1 move bodypress\n>p2 switch 4\n>p1 switch 5\n>p2 move calmmind\n>p1 move trick\n>p2 move psyshock\n>p1 move darkpulse\n>p2 move psyshock\n>p1 move darkpulse\n>p2 move psyshock\n>p1 switch 4\n>p1 move uturn\n>p2 move psyshock\n>p1 switch 5\n>p2 switch 3\n>p1 move thunderwave\n>p2 move flamecharge\n>p1 switch 5\n>p2 move closecombat\n>p1 move bleakwindstorm\n>p2 move closecombat\n>p2 switch 4\n>p1 switch 5\n>p2 move calmmind\n>p1 move bodypress\n>p2 move calmmind\n>p1 move bodypress\n>p2 move thunderbolt\n>p1 move bodypress\n>p2 move thunderbolt\n>p1 switch 2\n>p1 move extremespeed\n>p2 move thunderbolt\n>p2 switch 5\n>p1 move closecombat\n>p2 move dragondance\n>p1 move extremespeed\n>p2 move earthquake terastallize\n>p1 switch 3\n>p1 move airslash\n>p2 move ironhead\n>p2 switch 6\n>p1 switch 5\n>p2 move quiverdance\n>p1 move bleakwindstorm\n>p2 move quiverdance\n>p1 move bleakwindstorm\n>p2 move strengthsap\n>p1 move bleakwindstorm\n>p2 move quiverdance\n>chat \u2606tobiaxy|lol\n>forcelose p2", "uploadtime": 1782837187, "views": 8, "formatid": "gen9randombattle", "rating": 2267, "private": 0, "password": null, "player_dets": [{"name": "Emkatt", "avatar": "acetrainer-gen2", "rating": 2263, "seed": "sodium,c0dc06716920efbbf65c4934ce8d75e9"}, {"name": "tobiaxy", "avatar": "mira", "rating": 2270, "seed": "sodium,f1fe4a3b55a0934e8c1b0d5fae3498f9"}], "teams_full": [{"Regice": {"name": "Regice", "species": "Regice", "speciesId": "regice", "gender": "N", "shiny": false, "level": 88, "moves": ["thunderwave", "bodypress", "icebeam", "thunderbolt"], "ability": "Clear Body", "evs": {"hp": 85, "atk": 0, "def": 85, "spa": 85, "spd": 85, "spe": 85}, "ivs": {"hp": 31, "atk": 0, "def": 31, "spa": 31, "spd": 31, "spe": 31}, "item": "Heavy-Duty Boots", "teraType": "Electric", "role": "Bulky Attacker", "bvs": {"hp": 80, "atk": 50, "def": 100, "spa": 100, "spd": 200, "spe": 50}, "stats": {"hp": 284, "atk": 93, "def": 226, "spa": 226, "spd": 402, "spe": 138}, "types": ["Ice"]}, "Lucario": {"name": "Lucario", "species": "Lucario", "speciesId": "lucario", "gender": "F", "shiny": false, "level": 84, "moves": ["closecombat", "meteormash", "swordsdance", "extremespeed"], "ability": "Justified", "evs": {"hp": 85, "atk": 85, "def": 85, "spa": 85, "spd": 85, "spe": 85}, "ivs": {"hp": 31, "atk": 31, "def": 31, "spa": 31, "spd": 31, "spe": 31}, "item": "Life Orb", "teraType": "Normal", "role": "Fast Attacker", "bvs": {"hp": 70, "atk": 110, "def": 70, "spa": 115, "spd": 70, "spe": 90}, "stats": {"hp": 255, "atk": 233, "def": 166, "spa": 241, "spd": 166, "spe": 199}, "types": ["Fighting", "Steel"]}, "Tropius": {"name": "Tropius", "species": "Tropius", "speciesId": "tropius", "gender": "M", "shiny": false, "level": 91, "moves": ["leechseed", "substitute", "airslash", "protect"], "ability": "Harvest", "evs": {"hp": 85, "atk": 0, "def": 85, "spa": 85, "spd": 85, "spe": 85}, "ivs": {"hp": 31, "atk": 0, "def": 31, "spa": 31, "spd": 31, "spe": 31}, "item": "Sitrus Berry", "teraType": "Steel", "role": "Bulky Support", "bvs": {"hp": 99, "atk": 68, "def": 83, "spa": 72, "spd": 87, "spe": 51}, "stats": {"hp": 328, "atk": 128, "def": 203, "spa": 183, "spd": 210, "spe": 145}, "types": ["Grass", "Flying"]}, "Tornadus": {"name": "Tornadus", "species": "Tornadus-Therian", "speciesId": "tornadustherian", "gender": "M", "shiny": false, "level": 79, "moves": ["uturn", "bleakwindstorm", "grassknot", "heatwave"], "ability": "Regenerator", "evs": {"hp": 85, "atk": 85, "def": 85, "spa": 85, "spd": 85, "spe": 85}, "ivs": {"hp": 31, "atk": 31, "def": 31, "spa": 31, "spd": 31, "spe": 31}, "item": "Choice Specs", "teraType": "Fire", "role": "Fast Attacker", "bvs": {"hp": 79, "atk": 100, "def": 80, "spa": 110, "spd": 90, "spe": 121}, "stats": {"hp": 254, "atk": 204, "def": 172, "spa": 219, "spd": 188, "spe": 237}, "types": ["Flying"]}, "Gothitelle": {"name": "Gothitelle", "species": "Gothitelle", "speciesId": "gothitelle", "gender": "M", "shiny": false, "level": 90, "moves": ["focusblast", "trick", "darkpulse", "psychic"], "ability": "Shadow Tag", "evs": {"hp": 85, "atk": 0, "def": 85, "spa": 85, "spd": 85, "spe": 85}, "ivs": {"hp": 31, "atk": 0, "def": 31, "spa": 31, "spd": 31, "spe": 31}, "item": "Choice Scarf", "teraType": "Ghost", "role": "Fast Attacker", "bvs": {"hp": 70, "atk": 55, "def": 95, "spa": 95, "spd": 110, "spe": 65}, "stats": {"hp": 272, "atk": 104, "def": 222, "spa": 222, "spd": 249, "spe": 168}, "types": ["Psychic"]}, "Regirock": {"name": "Regirock", "species": "Regirock", "speciesId": "regirock", "gender": "N", "shiny": false, "level": 83, "moves": ["irondefense", "stoneedge", "bodypress", "rest"], "ability": "Clear Body", "evs": {"hp": 85, "atk": 85, "def": 85, "spa": 85, "spd": 85, "spe": 85}, "ivs": {"hp": 31, "atk": 31, "def": 31, "spa": 31, "spd": 31, "spe": 31}, "item": "Chesto Berry", "teraType": "Fighting", "role": "Bulky Setup", "bvs": {"hp": 80, "atk": 100, "def": 200, "spa": 50, "spd": 100, "spe": 50}, "stats": {"hp": 268, "atk": 214, "def": 380, "spa": 131, "spd": 214, "spe": 131}, "types": ["Rock"]}}, {"Jolteon": {"name": "Jolteon", "species": "Jolteon", "speciesId": "jolteon", "gender": "F", "shiny": false, "level": 84, "moves": ["substitute", "thunderbolt", "calmmind", "terablast"], "ability": "Volt Absorb", "evs": {"hp": 85, "atk": 0, "def": 85, "spa": 85, "spd": 85, "spe": 85}, "ivs": {"hp": 31, "atk": 0, "def": 31, "spa": 31, "spd": 31, "spe": 31}, "item": "Leftovers", "teraType": "Ice", "role": "Tera Blast user", "bvs": {"hp": 65, "atk": 65, "def": 60, "spa": 110, "spd": 95, "spe": 130}, "stats": {"hp": 246, "atk": 114, "def": 149, "spa": 233, "spd": 208, "spe": 267}, "types": ["Electric"]}, "Sunflora": {"name": "Sunflora", "species": "Sunflora", "speciesId": "sunflora", "gender": "M", "shiny": false, "level": 100, "moves": ["solarbeam", "sunnyday", "earthpower", "weatherball"], "ability": "Chlorophyll", "evs": {"hp": 85, "atk": 0, "def": 85, "spa": 85, "spd": 85, "spe": 85}, "ivs": {"hp": 31, "atk": 0, "def": 31, "spa": 31, "spd": 31, "spe": 31}, "item": "Life Orb", "teraType": "Fire", "role": "Setup Sweeper", "bvs": {"hp": 75, "atk": 75, "def": 55, "spa": 105, "spd": 85, "spe": 30}, "stats": {"hp": 312, "atk": 155, "def": 167, "spa": 267, "spd": 227, "spe": 117}, "types": ["Grass"]}, "Slither Wing": {"name": "Slither Wing", "species": "Slither Wing", "speciesId": "slitherwing", "gender": "N", "shiny": false, "level": 81, "moves": ["closecombat", "bulkup", "flamecharge", "wildcharge"], "ability": "Protosynthesis", "evs": {"hp": 85, "atk": 85, "def": 85, "spa": 85, "spd": 85, "spe": 85}, "ivs": {"hp": 31, "atk": 31, "def": 31, "spa": 31, "spd": 31, "spe": 31}, "item": "Booster Energy", "teraType": "Electric", "role": "Fast Bulky Setup", "bvs": {"hp": 85, "atk": 135, "def": 79, "spa": 85, "spd": 105, "spe": 81}, "stats": {"hp": 270, "atk": 265, "def": 175, "spa": 184, "spd": 217, "spe": 178}, "types": ["Bug", "Fighting"]}, "Reuniclus": {"name": "Reuniclus", "species": "Reuniclus", "speciesId": "reuniclus", "gender": "F", "shiny": false, "level": 88, "moves": ["psyshock", "focusblast", "calmmind", "recover"], "ability": "Magic Guard", "evs": {"hp": 85, "atk": 0, "def": 85, "spa": 85, "spd": 85, "spe": 85}, "ivs": {"hp": 31, "atk": 0, "def": 31, "spa": 31, "spd": 31, "spe": 31}, "item": "Life Orb", "teraType": "Steel", "role": "Bulky Setup", "bvs": {"hp": 110, "atk": 65, "def": 75, "spa": 125, "spd": 85, "spe": 30}, "stats": {"hp": 337, "atk": 119, "def": 182, "spa": 270, "spd": 200, "spe": 103}, "types": ["Psychic"]}, "Haxorus": {"name": "Haxorus", "species": "Haxorus", "speciesId": "haxorus", "gender": "M", "shiny": false, "level": 77, "moves": ["earthquake", "ironhead", "outrage", "dragondance"], "ability": "Mold Breaker", "evs": {"hp": 85, "atk": 85, "def": 85, "spa": 85, "spd": 85, "spe": 85}, "ivs": {"hp": 31, "atk": 31, "def": 31, "spa": 31, "spd": 31, "spe": 31}, "item": "Lum Berry", "teraType": "Steel", "role": "Setup Sweeper", "bvs": {"hp": 76, "atk": 147, "def": 90, "spa": 60, "spd": 70, "spe": 97}, "stats": {"hp": 244, "atk": 271, "def": 183, "spa": 137, "spd": 152, "spe": 194}, "types": ["Dragon"]}, "Bellossom": {"name": "Bellossom", "species": "Bellossom", "speciesId": "bellossom", "gender": "M", "shiny": false, "level": 84, "moves": ["quiverdance", "sludgebomb", "strengthsap", "gigadrain"], "ability": "Chlorophyll", "evs": {"hp": 85, "atk": 0, "def": 85, "spa": 85, "spd": 85, "spe": 85}, "ivs": {"hp": 31, "atk": 0, "def": 31, "spa": 31, "spd": 31, "spe": 31}, "item": "Leftovers", "teraType": "Poison", "role": "Bulky Setup", "bvs": {"hp": 75, "atk": 80, "def": 95, "spa": 90, "spd": 100, "spe": 50}, "stats": {"hp": 263, "atk": 139, "def": 208, "spa": 199, "spd": 216, "spe": 132}, "types": ["Grass"]}}]}