{"id": "gen9randombattle-2642067217", "format": "[Gen 9] Random Battle", "players": ["jnpr010334", "pikajew444"], "log": "|j|\u2606jnpr010334\n|j|\u2606pikajew444\n|t:|1782882835\n|gametype|singles\n|player|p1|jnpr010334|265|1679\n|player|p2|pikajew444|1|1643\n|gen|9\n|tier|[Gen 9] Random Battle\n|rated|\n|rule|Species Clause: Limit one of each Pok\u00e9mon\n|rule|HP Percentage Mod: HP is shown in percentages\n|rule|Sleep Clause Mod: Limit one foe put to sleep\n|rule|Illusion Level Mod: Illusion disguises the Pok\u00e9mon's true level\n|\n|t:|1782882835\n|teamsize|p1|6\n|teamsize|p2|6\n|start\n|switch|p1a: Furret|Furret, L94, M|312/312\n|switch|p2a: Gogoat|Gogoat, L88, M|360/360\n|-item|p2a: Gogoat|Leftovers|[from] ability: Frisk|[of] p1a: Furret\n|turn|1\n|inactive|Battle timer is ON: inactive players will automatically lose when time's up. (requested by pikajew444)\n|inactive|jnpr010334 also wants the timer to be on.\n|\n|t:|1782882854\n|move|p1a: Furret|Tidy Up|p1a: Furret\n|-boost|p1a: Furret|atk|1\n|-boost|p1a: Furret|spe|1\n|move|p2a: Gogoat|Horn Leech|p1a: Furret\n|-damage|p1a: Furret|210/312\n|\n|upkeep\n|turn|2\n|\n|t:|1782882862\n|-terastallize|p1a: Furret|Normal\n|move|p1a: Furret|Double-Edge|p2a: Gogoat\n|-damage|p2a: Gogoat|0 fnt\n|faint|p2a: Gogoat\n|-damage|p1a: Furret|91/312|[from] Recoil\n|-damage|p1a: Furret|60/312|[from] item: Life Orb\n|\n|upkeep\n|\n|t:|1782882870\n|switch|p2a: Minior|Minior-Indigo, L79|224/224\n|-formechange|p2a: Minior|Minior-Meteor||[from] ability: Shields Down\n|turn|3\n|\n|t:|1782882873\n|move|p1a: Furret|Double-Edge|p2a: Minior\n|-resisted|p2a: Minior\n|-damage|p2a: Minior|55/224\n|-damage|p1a: Furret|4/312|[from] Recoil\n|-damage|p1a: Furret|0 fnt|[from] item: Life Orb\n|faint|p1a: Furret\n|move|p2a: Minior|Power Gem|p1: Furret|[notarget]\n|-fail|p2a: Minior\n|\n|-formechange|p2a: Minior|Minior-Indigo||[from] ability: Shields Down\n|upkeep\n|\n|t:|1782882875\n|switch|p1a: Samurott|Samurott-Hisui, L77, M|265/265\n|turn|4\n|\n|t:|1782882880\n|switch|p2a: Gastrodon|Gastrodon-East, L86, F|331/331\n|move|p1a: Samurott|Ceaseless Edge|p2a: Gastrodon\n|-damage|p2a: Gastrodon|213/331\n|-sidestart|p2: pikajew444|Spikes\n|\n|-heal|p2a: Gastrodon|233/331|[from] item: Leftovers\n|upkeep\n|turn|5\n|\n|t:|1782882887\n|switch|p1a: Squawkabilly|Squawkabilly-White, L89, F|291/291\n|move|p2a: Gastrodon|Earthquake|p1a: Squawkabilly\n|-immune|p1a: Squawkabilly\n|\n|-heal|p2a: Gastrodon|253/331|[from] item: Leftovers\n|upkeep\n|turn|6\n|\n|t:|1782882890\n|move|p1a: Squawkabilly|Brave Bird|p2a: Gastrodon\n|-damage|p2a: Gastrodon|0 fnt\n|faint|p2a: Gastrodon\n|-damage|p1a: Squawkabilly|208/291|[from] Recoil\n|\n|upkeep\n|\n|t:|1782882898\n|switch|p2a: Minior|Minior-Indigo, L79|55/224\n|turn|7\n|\n|t:|1782882901\n|move|p1a: Squawkabilly|Quick Attack|p2a: Minior\n|-resisted|p2a: Minior\n|-damage|p2a: Minior|2/224\n|move|p2a: Minior|Power Gem|p1a: Squawkabilly\n|-supereffective|p1a: Squawkabilly\n|-damage|p1a: Squawkabilly|8/291\n|\n|upkeep\n|turn|8\n|\n|t:|1782882905\n|move|p1a: Squawkabilly|Quick Attack|p2a: Minior|[miss]\n|-miss|p1a: Squawkabilly|p2a: Minior\n|move|p2a: Minior|Shell Smash|p2a: Minior\n|-unboost|p2a: Minior|def|1\n|-unboost|p2a: Minior|spd|1\n|-boost|p2a: Minior|atk|2\n|-boost|p2a: Minior|spa|2\n|-boost|p2a: Minior|spe|2\n|-enditem|p2a: Minior|White Herb\n|-clearnegativeboost|p2a: Minior|[silent]\n|\n|upkeep\n|turn|9\n|\n|t:|1782882907\n|move|p1a: Squawkabilly|Quick Attack|p2a: Minior\n|-resisted|p2a: Minior\n|-damage|p2a: Minior|0 fnt\n|faint|p2a: Minior\n|\n|upkeep\n|\n|t:|1782882911\n|switch|p2a: Goodra|Goodra, L85, F|292/292\n|-damage|p2a: Goodra|256/292|[from] Spikes\n|turn|10\n|\n|t:|1782882917\n|move|p1a: Squawkabilly|Double-Edge|p2a: Goodra\n|-damage|p2a: Goodra|15/292\n|-damage|p1a: Squawkabilly|0 fnt|[from] Recoil\n|faint|p1a: Squawkabilly\n|move|p2a: Goodra|Power Whip|p1: Squawkabilly|[notarget]\n|-fail|p2a: Goodra\n|\n|upkeep\n|\n|t:|1782882919\n|switch|p1a: Samurott|Samurott-Hisui, L77, M|265/265\n|turn|11\n|\n|t:|1782882922\n|move|p1a: Samurott|Ceaseless Edge|p2a: Goodra\n|-damage|p2a: Goodra|0 fnt\n|-sidestart|p2: pikajew444|Spikes\n|faint|p2a: Goodra\n|\n|upkeep\n|\n|t:|1782882925\n|switch|p2a: Iron Moth|Iron Moth, L78|253/253\n|turn|12\n|\n|t:|1782882928\n|switch|p1a: Ho-Oh|Ho-Oh, L71|268/268\n|move|p2a: Iron Moth|U-turn|p1a: Ho-Oh\n|-resisted|p1a: Ho-Oh\n|-damage|p1a: Ho-Oh|259/268\n|\n|t:|1782882933\n|-end|p2a: Iron Moth|Quark Drive|[silent]\n|switch|p2a: Venomoth|Venomoth, L84, M|255/255|[from] U-turn\n|\n|upkeep\n|turn|13\n|\n|t:|1782882937\n|-terastallize|p2a: Venomoth|Water\n|move|p2a: Venomoth|Quiver Dance|p2a: Venomoth\n|-boost|p2a: Venomoth|spa|1\n|-boost|p2a: Venomoth|spd|1\n|-boost|p2a: Venomoth|spe|1\n|move|p1a: Ho-Oh|Sacred Fire|p2a: Venomoth\n|-resisted|p2a: Venomoth\n|-damage|p2a: Venomoth|189/255\n|-status|p2a: Venomoth|brn\n|\n|-damage|p2a: Venomoth|174/255 brn|[from] brn\n|upkeep\n|turn|14\n|\n|t:|1782882953\n|move|p2a: Venomoth|Sludge Wave|p1a: Ho-Oh\n|-damage|p1a: Ho-Oh|148/268\n|move|p1a: Ho-Oh|Brave Bird|p2a: Venomoth\n|-damage|p2a: Venomoth|32/255 brn\n|-damage|p1a: Ho-Oh|101/268|[from] Recoil\n|\n|-damage|p2a: Venomoth|17/255 brn|[from] brn\n|upkeep\n|turn|15\n|\n|t:|1782882958\n|switch|p1a: Klefki|Klefki, L84, F|233/233\n|move|p2a: Venomoth|Sludge Wave|p1a: Klefki\n|-immune|p1a: Klefki\n|\n|-damage|p2a: Venomoth|2/255 brn|[from] brn\n|upkeep\n|turn|16\n|-message|pikajew444 forfeited.\n|\n|win|jnpr010334\n|raw|jnpr010334's rating: 1679 &rarr; <strong>1697</strong><br />(+18 for winning)\n|raw|pikajew444's rating: 1643 &rarr; <strong>1625</strong><br />(-18 for losing)\n|l|\u2606pikajew444\n|player|p2|\n", "inputlog": ">version f8ac14003a5f27e1bdc8d8c59608a773c1cb96e5\n>start {\"formatid\":\"gen9randombattle\",\"seed\":\"sodium,e01e227ae11ed4af1211fa0d5d9fea4a\",\"rated\":\"Rated battle\"}\n>player p1 {\"name\":\"jnpr010334\",\"avatar\":\"265\",\"rating\":1679,\"seed\":\"sodium,34591c5903260e46e94a088971ce7154\"}\n>player p2 {\"name\":\"pikajew444\",\"avatar\":\"1\",\"rating\":1643,\"seed\":\"sodium,34b221b40e4a352ddf0c4f74baa75554\"}\n>p1 move tidyup\n>p2 move hornleech\n>p1 move doubleedge terastallize\n>p2 move hornleech\n>p2 switch 5\n>p1 move doubleedge\n>p2 move powergem\n>p1 switch 5\n>p1 move ceaselessedge\n>p2 switch 2\n>p1 switch 3\n>p2 move earthquake\n>p1 move bravebird\n>p2 move surf\n>p2 switch 2\n>p1 move quickattack\n>p2 move powergem\n>p1 move quickattack\n>p2 move shellsmash\n>p1 move quickattack\n>p2 move powergem\n>p2 switch 4\n>p1 move doubleedge\n>p2 move powerwhip\n>p1 switch 3\n>p1 move ceaselessedge\n>p2 move dracometeor\n>p2 switch 3\n>p1 switch 6\n>p2 move uturn\n>p2 switch 6\n>p1 move sacredfire\n>p2 move quiverdance terastallize\n>p1 move bravebird\n>p2 move sludgewave\n>p1 switch 2\n>p2 move sludgewave\n>forcelose p2", "uploadtime": 1782882964, "views": 2, "formatid": "gen9randombattle", "rating": 1625, "private": 0, "password": null, "player_dets": [{"name": "jnpr010334", "avatar": "265", "rating": 1679, "seed": "sodium,34591c5903260e46e94a088971ce7154"}, {"name": "pikajew444", "avatar": "1", "rating": 1643, "seed": "sodium,34b221b40e4a352ddf0c4f74baa75554"}], "teams_full": [{"Furret": {"name": "Furret", "species": "Furret", "speciesId": "furret", "gender": "M", "shiny": false, "level": 94, "moves": ["doubleedge", "knockoff", "tidyup", "brickbreak"], "ability": "Frisk", "evs": {"hp": 85, "atk": 85, "def": 85, "spa": 85, "spd": 85, "spe": 85}, "ivs": {"hp": 31, "atk": 31, "def": 31, "spa": 31, "spd": 31, "spe": 31}, "item": "Life Orb", "teraType": "Normal", "role": "Setup Sweeper", "bvs": {"hp": 85, "atk": 76, "def": 64, "spa": 45, "spd": 55, "spe": 90}, "stats": {"hp": 312, "atk": 196, "def": 174, "spa": 138, "spd": 157, "spe": 223}, "types": ["Normal"]}, "Klefki": {"name": "Klefki", "species": "Klefki", "speciesId": "klefki", "gender": "F", "shiny": false, "level": 84, "moves": ["thunderwave", "playrough", "spikes", "magnetrise"], "ability": "Prankster", "evs": {"hp": 85, "atk": 85, "def": 85, "spa": 85, "spd": 85, "spe": 85}, "ivs": {"hp": 31, "atk": 31, "def": 31, "spa": 31, "spd": 31, "spe": 31}, "item": "Leftovers", "teraType": "Water", "role": "Bulky Support", "bvs": {"hp": 57, "atk": 80, "def": 91, "spa": 80, "spd": 87, "spe": 75}, "stats": {"hp": 233, "atk": 183, "def": 201, "spa": 183, "spd": 194, "spe": 174}, "types": ["Steel", "Fairy"]}, "Squawkabilly": {"name": "Squawkabilly", "species": "Squawkabilly-White", "speciesId": "squawkabillywhite", "gender": "F", "shiny": false, "level": 89, "moves": ["doubleedge", "bravebird", "quickattack", "partingshot"], "ability": "Hustle", "evs": {"hp": 85, "atk": 85, "def": 85, "spa": 85, "spd": 85, "spe": 85}, "ivs": {"hp": 31, "atk": 31, "def": 31, "spa": 31, "spd": 31, "spe": 31}, "item": "Heavy-Duty Boots", "teraType": "Flying", "role": "Wallbreaker", "bvs": {"hp": 82, "atk": 96, "def": 51, "spa": 45, "spd": 51, "spe": 92}, "stats": {"hp": 291, "atk": 222, "def": 142, "spa": 131, "spd": 142, "spe": 215}, "types": ["Normal", "Flying"]}, "Zebstrika": {"name": "Zebstrika", "species": "Zebstrika", "speciesId": "zebstrika", "gender": "M", "shiny": false, "level": 87, "moves": ["overheat", "highhorsepower", "supercellslam", "voltswitch"], "ability": "Sap Sipper", "evs": {"hp": 85, "atk": 85, "def": 85, "spa": 85, "spd": 85, "spe": 85}, "ivs": {"hp": 31, "atk": 31, "def": 31, "spa": 31, "spd": 31, "spe": 31}, "item": "Life Orb", "teraType": "Ground", "role": "Fast Attacker", "bvs": {"hp": 75, "atk": 100, "def": 63, "spa": 80, "spd": 63, "spe": 116}, "stats": {"hp": 272, "atk": 224, "def": 159, "spa": 189, "spd": 159, "spe": 252}, "types": ["Electric"]}, "Samurott": {"name": "Samurott", "species": "Samurott-Hisui", "speciesId": "samurotthisui", "gender": "M", "shiny": false, "level": 77, "moves": ["flipturn", "sacredsword", "ceaselessedge", "razorshell"], "ability": "Sharpness", "evs": {"hp": 85, "atk": 85, "def": 85, "spa": 85, "spd": 85, "spe": 85}, "ivs": {"hp": 31, "atk": 31, "def": 31, "spa": 31, "spd": 31, "spe": 31}, "item": "Choice Scarf", "teraType": "Poison", "role": "Fast Attacker", "bvs": {"hp": 90, "atk": 108, "def": 80, "spa": 100, "spd": 65, "spe": 85}, "stats": {"hp": 265, "atk": 211, "def": 168, "spa": 199, "spd": 145, "spe": 175}, "types": ["Water", "Dark"]}, "Ho-Oh": {"name": "Ho-Oh", "species": "Ho-Oh", "speciesId": "hooh", "gender": "N", "shiny": false, "level": 71, "moves": ["sacredfire", "earthquake", "bravebird", "recover"], "ability": "Regenerator", "evs": {"hp": 85, "atk": 85, "def": 85, "spa": 85, "spd": 85, "spe": 85}, "ivs": {"hp": 31, "atk": 31, "def": 31, "spa": 31, "spd": 31, "spe": 31}, "item": "Heavy-Duty Boots", "teraType": "Steel", "role": "Bulky Attacker", "bvs": {"hp": 106, "atk": 130, "def": 90, "spa": 110, "spd": 154, "spe": 90}, "stats": {"hp": 268, "atk": 226, "def": 169, "spa": 198, "spd": 260, "spe": 169}, "types": ["Fire", "Flying"]}}, {"Gogoat": {"name": "Gogoat", "species": "Gogoat", "speciesId": "gogoat", "gender": "M", "shiny": false, "level": 88, "moves": ["milkdrink", "hornleech", "bulkup", "earthquake"], "ability": "Sap Sipper", "evs": {"hp": 85, "atk": 85, "def": 85, "spa": 85, "spd": 85, "spe": 85}, "ivs": {"hp": 31, "atk": 31, "def": 31, "spa": 31, "spd": 31, "spe": 31}, "item": "Leftovers", "teraType": "Ground", "role": "Bulky Setup", "bvs": {"hp": 123, "atk": 100, "def": 62, "spa": 97, "spd": 81, "spe": 68}, "stats": {"hp": 360, "atk": 226, "def": 159, "spa": 221, "spd": 193, "spe": 170}, "types": ["Grass"]}, "Gastrodon": {"name": "Gastrodon", "species": "Gastrodon-East", "speciesId": "gastrodon", "gender": "F", "shiny": false, "level": 86, "moves": ["earthquake", "recover", "surf", "sludgebomb"], "ability": "Storm Drain", "evs": {"hp": 85, "atk": 85, "def": 85, "spa": 85, "spd": 85, "spe": 85}, "ivs": {"hp": 31, "atk": 31, "def": 31, "spa": 31, "spd": 31, "spe": 31}, "item": "Leftovers", "teraType": "Poison", "role": "Bulky Support", "bvs": {"hp": 111, "atk": 83, "def": 68, "spa": 92, "spd": 82, "spe": 39}, "stats": {"hp": 331, "atk": 192, "def": 166, "spa": 207, "spd": 190, "spe": 116}, "types": ["Water", "Ground"]}, "Iron Moth": {"name": "Iron Moth", "species": "Iron Moth", "speciesId": "ironmoth", "gender": "N", "shiny": false, "level": 78, "moves": ["fierydance", "sludgewave", "uturn", "toxicspikes"], "ability": "Quark Drive", "evs": {"hp": 85, "atk": 85, "def": 85, "spa": 85, "spd": 85, "spe": 85}, "ivs": {"hp": 31, "atk": 31, "def": 31, "spa": 31, "spd": 31, "spe": 31}, "item": "Heavy-Duty Boots", "teraType": "Fire", "role": "Fast Attacker", "bvs": {"hp": 80, "atk": 70, "def": 60, "spa": 140, "spd": 110, "spe": 110}, "stats": {"hp": 253, "atk": 154, "def": 139, "spa": 263, "spd": 217, "spe": 217}, "types": ["Fire", "Poison"]}, "Goodra": {"name": "Goodra", "species": "Goodra", "speciesId": "goodra", "gender": "F", "shiny": false, "level": 85, "moves": ["powerwhip", "fireblast", "dracometeor", "earthquake"], "ability": "Sap Sipper", "evs": {"hp": 85, "atk": 85, "def": 85, "spa": 85, "spd": 85, "spe": 85}, "ivs": {"hp": 31, "atk": 31, "def": 31, "spa": 31, "spd": 31, "spe": 31}, "item": "Assault Vest", "teraType": "Grass", "role": "AV Pivot", "bvs": {"hp": 90, "atk": 100, "def": 70, "spa": 110, "spd": 150, "spe": 80}, "stats": {"hp": 292, "atk": 219, "def": 168, "spa": 236, "spd": 304, "spe": 185}, "types": ["Dragon"]}, "Minior": {"name": "Minior", "species": "Minior-Indigo", "speciesId": "minior", "gender": "N", "shiny": false, "level": 79, "moves": ["acrobatics", "powergem", "earthquake", "shellsmash"], "ability": "Shields Down", "evs": {"hp": 85, "atk": 85, "def": 85, "spa": 85, "spd": 85, "spe": 85}, "ivs": {"hp": 31, "atk": 31, "def": 31, "spa": 31, "spd": 31, "spe": 31}, "item": "White Herb", "teraType": "Ground", "role": "Setup Sweeper", "bvs": {"hp": 60, "atk": 100, "def": 60, "spa": 100, "spd": 60, "spe": 120}, "stats": {"hp": 224, "atk": 204, "def": 140, "spa": 204, "spd": 140, "spe": 235}, "types": ["Rock", "Flying"]}, "Venomoth": {"name": "Venomoth", "species": "Venomoth", "speciesId": "venomoth", "gender": "M", "shiny": false, "level": 84, "moves": ["bugbuzz", "quiverdance", "sludgewave", "sleeppowder"], "ability": "Tinted Lens", "evs": {"hp": 85, "atk": 0, "def": 85, "spa": 85, "spd": 85, "spe": 85}, "ivs": {"hp": 31, "atk": 0, "def": 31, "spa": 31, "spd": 31, "spe": 31}, "item": "Heavy-Duty Boots", "teraType": "Water", "role": "Setup Sweeper", "bvs": {"hp": 70, "atk": 65, "def": 60, "spa": 90, "spd": 75, "spe": 90}, "stats": {"hp": 255, "atk": 114, "def": 149, "spa": 199, "spd": 174, "spe": 199}, "types": ["Bug", "Poison"]}}]}