{"id": "gen9randombattle-2641803512", "format": "[Gen 9] Random Battle", "players": ["mrongey10", "2blake2"], "log": "|j|\u203dmrongey10\n|j|\u203d2blake2\n|t:|1782843793\n|gametype|singles\n|player|p1|mrongey10|170|2030\n|player|p2|2blake2|waiter-gen4|2048\n|gen|9\n|tier|[Gen 9] Random Battle\n|rated|\n|rule|Species Clause: Limit one of each Pok\u00e9mon\n|rule|HP Percentage Mod: HP is shown in percentages\n|rule|Sleep Clause Mod: Limit one foe put to sleep\n|rule|Illusion Level Mod: Illusion disguises the Pok\u00e9mon's true level\n|\n|t:|1782843793\n|teamsize|p1|6\n|teamsize|p2|6\n|start\n|switch|p1a: Houndstone|Houndstone, L86, F|264/264\n|switch|p2a: Alcremie|Alcremie-Matcha-Cream, L90, F|263/263\n|turn|1\n|inactive|Battle timer is ON: inactive players will automatically lose when time's up. (requested by mrongey10)\n|inactive|2blake2 has 120 seconds left.\n|\n|t:|1782843827\n|switch|p2a: Entei|Entei, L78|307/307\n|move|p1a: Houndstone|Poltergeist|p2a: Entei\n|-activate|p2a: Entei|move: Poltergeist|Choice Band\n|-damage|p2a: Entei|180/307\n|\n|upkeep\n|turn|2\n|\n|t:|1782843843\n|move|p2a: Entei|Sacred Fire|p1a: Houndstone\n|-damage|p1a: Houndstone|0 fnt\n|faint|p1a: Houndstone\n|\n|upkeep\n|\n|t:|1782843846\n|switch|p1a: Phione|Phione, L91|293/293\n|turn|3\n|\n|t:|1782843859\n|switch|p2a: Cresselia|Cresselia, L80, F|323/323\n|move|p1a: Phione|Take Heart|p1a: Phione\n|-boost|p1a: Phione|spa|1\n|-boost|p1a: Phione|spd|1\n|\n|upkeep\n|turn|4\n|\n|t:|1782843866\n|switch|p1a: Grafaiai|Grafaiai, L86, M|249/249\n|move|p2a: Cresselia|Calm Mind|p2a: Cresselia\n|-boost|p2a: Cresselia|spa|1\n|-boost|p2a: Cresselia|spd|1\n|\n|upkeep\n|turn|5\n|\n|t:|1782843873\n|move|p1a: Grafaiai|Knock Off|p2a: Cresselia\n|-supereffective|p2a: Cresselia\n|-damage|p2a: Cresselia|193/323\n|-enditem|p2a: Cresselia|Leftovers|[from] move: Knock Off|[of] p1a: Grafaiai\n|move|p2a: Cresselia|Psyshock|p1a: Grafaiai\n|-supereffective|p1a: Grafaiai\n|-damage|p1a: Grafaiai|19/249\n|\n|upkeep\n|turn|6\n|\n|t:|1782843877\n|move|p1a: Grafaiai|Gunk Shot|p2a: Cresselia\n|-damage|p2a: Cresselia|76/323\n|move|p2a: Cresselia|Psyshock|p1a: Grafaiai\n|-supereffective|p1a: Grafaiai\n|-damage|p1a: Grafaiai|0 fnt\n|faint|p1a: Grafaiai\n|\n|upkeep\n|\n|t:|1782843879\n|switch|p1a: Zarude|Zarude-Dada, L77|288/288\n|turn|7\n|\n|t:|1782843890\n|move|p1a: Zarude|Swords Dance|p1a: Zarude\n|-boost|p1a: Zarude|atk|2\n|move|p2a: Cresselia|Moonlight|p2a: Cresselia\n|-heal|p2a: Cresselia|237/323\n|\n|upkeep\n|turn|8\n|\n|t:|1782843911\n|move|p1a: Zarude|Power Whip|p2a: Cresselia\n|-damage|p2a: Cresselia|0 fnt\n|faint|p2a: Cresselia\n|-damage|p1a: Zarude|260/288|[from] item: Life Orb\n|\n|upkeep\n|\n|t:|1782843912\n|switch|p2a: Flutter Mane|Flutter Mane, L74|203/203\n|turn|9\n|\n|t:|1782843917\n|switch|p1a: Phione|Phione, L91|293/293\n|move|p2a: Flutter Mane|Moonblast|p1a: Phione\n|-damage|p1a: Phione|151/293\n|-unboost|p1a: Phione|spa|1\n|\n|-heal|p1a: Phione|169/293|[from] item: Leftovers\n|upkeep\n|turn|10\n|\n|t:|1782843930\n|-end|p2a: Flutter Mane|Protosynthesis|[silent]\n|switch|p2a: Plusle|Plusle, L95, F|268/268\n|move|p1a: Phione|Scald|p2a: Plusle\n|-damage|p2a: Plusle|213/268\n|-status|p2a: Plusle|brn\n|\n|-heal|p1a: Phione|187/293|[from] item: Leftovers\n|-damage|p2a: Plusle|197/268 brn|[from] brn\n|upkeep\n|turn|11\n|\n|t:|1782843933\n|move|p2a: Plusle|Nasty Plot|p2a: Plusle\n|-boost|p2a: Plusle|spa|2\n|move|p1a: Phione|Scald|p2a: Plusle\n|-crit|p2a: Plusle\n|-damage|p2a: Plusle|59/268 brn\n|\n|-heal|p1a: Phione|205/293|[from] item: Leftovers\n|-damage|p2a: Plusle|43/268 brn|[from] brn\n|upkeep\n|turn|12\n|\n|t:|1782843934\n|move|p2a: Plusle|Thunderbolt|p1a: Phione\n|-supereffective|p1a: Phione\n|-damage|p1a: Phione|0 fnt\n|faint|p1a: Phione\n|-damage|p2a: Plusle|17/268 brn|[from] item: Life Orb\n|\n|-damage|p2a: Plusle|1/268 brn|[from] brn\n|upkeep\n|\n|t:|1782843940\n|switch|p1a: Scrafty|Scrafty, L83, F|244/244\n|turn|13\n|\n|t:|1782843950\n|move|p2a: Plusle|Alluring Voice|p1a: Scrafty\n|-supereffective|p1a: Scrafty\n|-damage|p1a: Scrafty|0 fnt\n|faint|p1a: Scrafty\n|-damage|p2a: Plusle|0 fnt|[from] item: Life Orb\n|faint|p2a: Plusle\n|\n|upkeep\n|l|\u203dmrongey10\n|inactive|mrongey10 disconnected and has a minute to reconnect!\n|player|p1|\n|inactive|mrongey10 has 30 seconds to reconnect!\n|inactive|mrongey10 has 20 seconds to reconnect!\n|inactive|mrongey10 has 15 seconds to reconnect!\n|inactive|mrongey10 has 10 seconds to reconnect!\n|inactive|mrongey10 has 5 seconds to reconnect!\n|-message|mrongey10 lost due to inactivity.\n|\n|win|2blake2\n|raw|mrongey10's rating: 2030 &rarr; <strong>2011</strong><br />(-19 for losing)\n|raw|2blake2's rating: 2048 &rarr; <strong>2067</strong><br />(+19 for winning)\n", "inputlog": ">version f8ac14003a5f27e1bdc8d8c59608a773c1cb96e5\n>start {\"formatid\":\"gen9randombattle\",\"seed\":\"sodium,497b2aee5bf8015d3ceb0e1126556bce\",\"rated\":\"Rated battle\"}\n>player p1 {\"name\":\"mrongey10\",\"avatar\":\"170\",\"rating\":2030,\"seed\":\"sodium,6bcebde0a0a2e7a524c41c5977a96de4\"}\n>player p2 {\"name\":\"2blake2\",\"avatar\":\"waiter-gen4\",\"rating\":2048,\"seed\":\"sodium,525d2b1a9eaf4753a748efec79cdc47a\"}\n>p1 move poltergeist\n>p2 switch 5\n>p1 move poltergeist\n>p2 move sacredfire\n>p1 switch 5\n>p1 move takeheart\n>p2 switch 3\n>p1 switch 6\n>p2 move calmmind\n>p1 move knockoff\n>p2 move psyshock\n>p1 move gunkshot\n>p2 move psyshock\n>p1 switch 3\n>p1 move swordsdance\n>p2 move moonlight\n>p1 move powerwhip\n>p2 move moonblast\n>p2 switch 6\n>p1 switch 6\n>p2 move moonblast\n>p1 move scald\n>p2 switch 4\n>p1 move scald\n>p2 move nastyplot\n>p1 move scald\n>p2 move thunderbolt\n>p1 switch 4\n>p1 move bulkup\n>p2 move alluringvoice\n>forcelose p1", "uploadtime": 1782844025, "views": 9, "formatid": "gen9randombattle", "rating": 2011, "private": 0, "password": null, "player_dets": [{"name": "mrongey10", "avatar": "170", "rating": 2030, "seed": "sodium,6bcebde0a0a2e7a524c41c5977a96de4"}, {"name": "2blake2", "avatar": "waiter-gen4", "rating": 2048, "seed": "sodium,525d2b1a9eaf4753a748efec79cdc47a"}], "teams_full": [{"Houndstone": {"name": "Houndstone", "species": "Houndstone", "speciesId": "houndstone", "gender": "F", "shiny": false, "level": 86, "moves": ["sleeptalk", "bodypress", "rest", "poltergeist"], "ability": "Fluffy", "evs": {"hp": 85, "atk": 85, "def": 85, "spa": 85, "spd": 85, "spe": 85}, "ivs": {"hp": 31, "atk": 31, "def": 31, "spa": 31, "spd": 31, "spe": 31}, "item": "Leftovers", "teraType": "Fighting", "role": "Bulky Support", "bvs": {"hp": 72, "atk": 101, "def": 100, "spa": 50, "spd": 97, "spe": 68}, "stats": {"hp": 264, "atk": 223, "def": 221, "spa": 135, "spd": 216, "spe": 166}, "types": ["Ghost"]}, "Pawmot": {"name": "Pawmot", "species": "Pawmot", "speciesId": "pawmot", "gender": "M", "shiny": false, "level": 80, "moves": ["knockoff", "closecombat", "doubleshock", "revivalblessing"], "ability": "Volt Absorb", "evs": {"hp": 85, "atk": 85, "def": 85, "spa": 85, "spd": 85, "spe": 85}, "ivs": {"hp": 31, "atk": 31, "def": 31, "spa": 31, "spd": 31, "spe": 31}, "item": "Life Orb", "teraType": "Electric", "role": "Fast Attacker", "bvs": {"hp": 70, "atk": 115, "def": 70, "spa": 70, "spd": 60, "spe": 105}, "stats": {"hp": 243, "atk": 230, "def": 158, "spa": 158, "spd": 142, "spe": 214}, "types": ["Electric", "Fighting"]}, "Zarude": {"name": "Zarude", "species": "Zarude-Dada", "speciesId": "zarude", "gender": "N", "shiny": false, "level": 77, "moves": ["powerwhip", "knockoff", "closecombat", "swordsdance"], "ability": "Leaf Guard", "evs": {"hp": 85, "atk": 85, "def": 85, "spa": 85, "spd": 85, "spe": 85}, "ivs": {"hp": 31, "atk": 31, "def": 31, "spa": 31, "spd": 31, "spe": 31}, "item": "Life Orb", "teraType": "Fighting", "role": "Fast Bulky Setup", "bvs": {"hp": 105, "atk": 120, "def": 105, "spa": 70, "spd": 95, "spe": 105}, "stats": {"hp": 288, "atk": 229, "def": 206, "spa": 152, "spd": 191, "spe": 206}, "types": ["Dark", "Grass"]}, "Scrafty": {"name": "Scrafty", "species": "Scrafty", "speciesId": "scrafty", "gender": "F", "shiny": false, "level": 83, "moves": ["knockoff", "drainpunch", "bulkup", "rest"], "ability": "Shed Skin", "evs": {"hp": 85, "atk": 85, "def": 85, "spa": 85, "spd": 85, "spe": 85}, "ivs": {"hp": 31, "atk": 31, "def": 31, "spa": 31, "spd": 31, "spe": 31}, "item": "Leftovers", "teraType": "Poison", "role": "Bulky Setup", "bvs": {"hp": 65, "atk": 90, "def": 115, "spa": 45, "spd": 115, "spe": 58}, "stats": {"hp": 244, "atk": 197, "def": 239, "spa": 122, "spd": 239, "spe": 144}, "types": ["Dark", "Fighting"]}, "Phione": {"name": "Phione", "species": "Phione", "speciesId": "phione", "gender": "N", "shiny": false, "level": 91, "moves": ["icebeam", "grassknot", "scald", "takeheart"], "ability": "Hydration", "evs": {"hp": 85, "atk": 0, "def": 85, "spa": 85, "spd": 85, "spe": 85}, "ivs": {"hp": 31, "atk": 0, "def": 31, "spa": 31, "spd": 31, "spe": 31}, "item": "Leftovers", "teraType": "Grass", "role": "Bulky Attacker", "bvs": {"hp": 80, "atk": 80, "def": 80, "spa": 80, "spd": 80, "spe": 80}, "stats": {"hp": 293, "atk": 150, "def": 197, "spa": 197, "spd": 197, "spe": 197}, "types": ["Water"]}, "Grafaiai": {"name": "Grafaiai", "species": "Grafaiai", "speciesId": "grafaiai", "gender": "M", "shiny": false, "level": 86, "moves": ["superfang", "knockoff", "gunkshot", "uturn"], "ability": "Poison Touch", "evs": {"hp": 85, "atk": 85, "def": 85, "spa": 85, "spd": 85, "spe": 85}, "ivs": {"hp": 31, "atk": 31, "def": 31, "spa": 31, "spd": 31, "spe": 31}, "item": "Assault Vest", "teraType": "Dark", "role": "AV Pivot", "bvs": {"hp": 63, "atk": 95, "def": 65, "spa": 80, "spd": 72, "spe": 110}, "stats": {"hp": 249, "atk": 213, "def": 161, "spa": 187, "spd": 173, "spe": 238}, "types": ["Poison", "Normal"]}}, {"Alcremie": {"name": "Alcremie", "species": "Alcremie-Matcha-Cream", "speciesId": "alcremie", "gender": "F", "shiny": false, "level": 90, "moves": ["calmmind", "alluringvoice", "recover", "terablast"], "ability": "Aroma Veil", "evs": {"hp": 85, "atk": 0, "def": 85, "spa": 85, "spd": 85, "spe": 85}, "ivs": {"hp": 31, "atk": 0, "def": 31, "spa": 31, "spd": 31, "spe": 31}, "item": "Leftovers", "teraType": "Ground", "role": "Tera Blast user", "bvs": {"hp": 65, "atk": 60, "def": 75, "spa": 110, "spd": 121, "spe": 64}, "stats": {"hp": 263, "atk": 113, "def": 186, "spa": 249, "spd": 269, "spe": 167}, "types": ["Fairy"]}, "Maushold": {"name": "Maushold", "species": "Maushold", "speciesId": "maushold", "gender": "N", "shiny": false, "level": 76, "moves": ["encore", "bite", "populationbomb", "tidyup"], "ability": "Technician", "evs": {"hp": 85, "atk": 85, "def": 85, "spa": 85, "spd": 85, "spe": 85}, "ivs": {"hp": 31, "atk": 31, "def": 31, "spa": 31, "spd": 31, "spe": 31}, "item": "Wide Lens", "teraType": "Normal", "role": "Setup Sweeper", "bvs": {"hp": 74, "atk": 75, "def": 70, "spa": 65, "spd": 75, "spe": 111}, "stats": {"hp": 238, "atk": 158, "def": 150, "spa": 143, "spd": 158, "spe": 213}, "types": ["Normal"]}, "Cresselia": {"name": "Cresselia", "species": "Cresselia", "speciesId": "cresselia", "gender": "F", "shiny": false, "level": 80, "moves": ["moonlight", "psyshock", "calmmind", "moonblast"], "ability": "Levitate", "evs": {"hp": 85, "atk": 0, "def": 85, "spa": 85, "spd": 85, "spe": 85}, "ivs": {"hp": 31, "atk": 0, "def": 31, "spa": 31, "spd": 31, "spe": 31}, "item": "Leftovers", "teraType": "Poison", "role": "Bulky Setup", "bvs": {"hp": 120, "atk": 70, "def": 110, "spa": 75, "spd": 120, "spe": 85}, "stats": {"hp": 323, "atk": 117, "def": 222, "spa": 166, "spd": 238, "spe": 182}, "types": ["Psychic"]}, "Plusle": {"name": "Plusle", "species": "Plusle", "speciesId": "plusle", "gender": "F", "shiny": false, "level": 95, "moves": ["thunderbolt", "grassknot", "nastyplot", "alluringvoice"], "ability": "Lightning Rod", "evs": {"hp": 85, "atk": 0, "def": 85, "spa": 85, "spd": 85, "spe": 85}, "ivs": {"hp": 31, "atk": 0, "def": 31, "spa": 31, "spd": 31, "spe": 31}, "item": "Life Orb", "teraType": "Fairy", "role": "Setup Sweeper", "bvs": {"hp": 60, "atk": 50, "def": 40, "spa": 85, "spd": 75, "spe": 95}, "stats": {"hp": 268, "atk": 100, "def": 130, "spa": 215, "spd": 196, "spe": 234}, "types": ["Electric"]}, "Entei": {"name": "Entei", "species": "Entei", "speciesId": "entei", "gender": "N", "shiny": false, "level": 78, "moves": ["stompingtantrum", "flareblitz", "sacredfire", "extremespeed"], "ability": "Inner Focus", "evs": {"hp": 85, "atk": 85, "def": 85, "spa": 85, "spd": 85, "spe": 85}, "ivs": {"hp": 31, "atk": 31, "def": 31, "spa": 31, "spd": 31, "spe": 31}, "item": "Choice Band", "teraType": "Normal", "role": "Wallbreaker", "bvs": {"hp": 115, "atk": 115, "def": 85, "spa": 90, "spd": 75, "spe": 100}, "stats": {"hp": 307, "atk": 224, "def": 178, "spa": 185, "spd": 162, "spe": 201}, "types": ["Fire"]}, "Flutter Mane": {"name": "Flutter Mane", "species": "Flutter Mane", "speciesId": "fluttermane", "gender": "N", "shiny": false, "level": 74, "moves": ["moonblast", "thunderbolt", "psyshock", "shadowball"], "ability": "Protosynthesis", "evs": {"hp": 85, "atk": 0, "def": 85, "spa": 85, "spd": 85, "spe": 85}, "ivs": {"hp": 31, "atk": 0, "def": 31, "spa": 31, "spd": 31, "spe": 31}, "item": "Choice Specs", "teraType": "Fairy", "role": "Wallbreaker", "bvs": {"hp": 55, "atk": 55, "def": 55, "spa": 135, "spd": 135, "spe": 135}, "stats": {"hp": 203, "atk": 86, "def": 124, "spa": 243, "spd": 243, "spe": 243}, "types": ["Ghost", "Fairy"]}}]}