{"id": "gen9randombattle-2641786038", "format": "[Gen 9] Random Battle", "players": ["N3KOGAMA", "rixxoxd"], "log": "|j|\u2606N3KOGAMA\n|j|\u2606rixxoxd\n|t:|1782841746\n|gametype|singles\n|player|p1|N3KOGAMA|unknownf|1035\n|player|p2|rixxoxd|266|1022\n|gen|9\n|tier|[Gen 9] Random Battle\n|rated|\n|rule|Species Clause: Limit one of each Pok\u00e9mon\n|rule|HP Percentage Mod: HP is shown in percentages\n|rule|Sleep Clause Mod: Limit one foe put to sleep\n|rule|Illusion Level Mod: Illusion disguises the Pok\u00e9mon's true level\n|\n|t:|1782841746\n|teamsize|p1|6\n|teamsize|p2|6\n|start\n|switch|p1a: Seviper|Seviper, L93, M|287/287\n|switch|p2a: Munkidori|Munkidori, L79, M|269/269\n|turn|1\n|\n|t:|1782841778\n|switch|p2a: Ceruledge|Ceruledge, L78, F|245/245\n|move|p1a: Seviper|Swords Dance|p1a: Seviper\n|-boost|p1a: Seviper|atk|2\n|\n|upkeep\n|turn|2\n|\n|t:|1782841790\n|-terastallize|p1a: Seviper|Ground\n|move|p2a: Ceruledge|Bitter Blade|p1a: Seviper\n|-damage|p1a: Seviper|163/287\n|move|p1a: Seviper|Earthquake|p2a: Ceruledge\n|-supereffective|p2a: Ceruledge\n|-damage|p2a: Ceruledge|0 fnt\n|faint|p2a: Ceruledge\n|\n|-heal|p1a: Seviper|180/287|[from] item: Leftovers\n|upkeep\n|\n|t:|1782841800\n|switch|p2a: Munkidori|Munkidori, L79, M|269/269\n|turn|3\n|\n|t:|1782841807\n|move|p2a: Munkidori|U-turn|p1a: Seviper\n|-damage|p1a: Seviper|139/287\n|-status|p1a: Seviper|tox|[from] ability: Toxic Chain|[of] p2a: Munkidori\n|\n|t:|1782841817\n|switch|p2a: Sceptile|Sceptile, L87, M|264/264|[from] U-turn\n|move|p1a: Seviper|Earthquake|p2a: Sceptile\n|-resisted|p2a: Sceptile\n|-damage|p2a: Sceptile|113/264\n|\n|-heal|p2a: Sceptile|129/264|[from] item: Leftovers\n|-heal|p1a: Seviper|156/287 tox|[from] item: Leftovers\n|-damage|p1a: Seviper|139/287 tox|[from] psn\n|upkeep\n|turn|4\n|\n|t:|1782841839\n|move|p2a: Sceptile|Giga Drain|p1a: Seviper\n|-supereffective|p1a: Seviper\n|-damage|p1a: Seviper|0 fnt\n|-heal|p2a: Sceptile|199/264|[from] drain|[of] p1a: Seviper\n|faint|p1a: Seviper\n|\n|-heal|p2a: Sceptile|215/264|[from] item: Leftovers\n|upkeep\n|\n|t:|1782841855\n|switch|p1a: Skeledirge|Skeledirge, L79, M|294/294\n|turn|5\n|\n|t:|1782841874\n|switch|p2a: Arceus|Arceus, L68|276/276\n|move|p1a: Skeledirge|Torch Song|p2a: Arceus\n|-damage|p2a: Arceus|200/276\n|-boost|p1a: Skeledirge|spa|1\n|\n|upkeep\n|turn|6\n|\n|t:|1782841893\n|move|p2a: Arceus|Earthquake|p1a: Skeledirge\n|-supereffective|p1a: Skeledirge\n|-damage|p1a: Skeledirge|151/294\n|-damage|p2a: Arceus|173/276|[from] item: Life Orb\n|move|p1a: Skeledirge|Torch Song|p2a: Arceus\n|-crit|p2a: Arceus\n|-damage|p2a: Arceus|0 fnt\n|-boost|p1a: Skeledirge|spa|1\n|faint|p2a: Arceus\n|\n|upkeep\n|\n|t:|1782841908\n|switch|p2a: Weavile|Weavile, L79, F|240/240\n|turn|7\n|\n|t:|1782841916\n|move|p2a: Weavile|Knock Off|p1a: Skeledirge\n|-supereffective|p1a: Skeledirge\n|-damage|p1a: Skeledirge|0 fnt\n|-enditem|p1a: Skeledirge|Heavy-Duty Boots|[from] move: Knock Off|[of] p2a: Weavile\n|faint|p1a: Skeledirge\n|\n|upkeep\n|\n|t:|1782841928\n|switch|p1a: Oranguru|Oranguru, L92, F|315/315\n|turn|8\n|inactive|Battle timer is ON: inactive players will automatically lose when time's up. (requested by N3KOGAMA)\n|inactive|rixxoxd has 120 seconds left.\n|\n|t:|1782842033\n|move|p2a: Weavile|Knock Off|p1a: Oranguru\n|-supereffective|p1a: Oranguru\n|-damage|p1a: Oranguru|99/315\n|-enditem|p1a: Oranguru|Choice Specs|[from] move: Knock Off|[of] p2a: Weavile\n|move|p1a: Oranguru|Thunderbolt|p2a: Weavile\n|-damage|p2a: Weavile|167/240\n|\n|upkeep\n|turn|9\n|\n|t:|1782842047\n|move|p2a: Weavile|Knock Off|p1a: Oranguru\n|-supereffective|p1a: Oranguru\n|-damage|p1a: Oranguru|0 fnt\n|faint|p1a: Oranguru\n|\n|upkeep\n|\n|t:|1782842058\n|switch|p1a: Cinccino|Cinccino, L83, F|260/260\n|turn|10\n|inactive|rixxoxd has 120 seconds left.\n|inactive|rixxoxd has 90 seconds left.\n|inactive|rixxoxd has 60 seconds left.\n|inactive|rixxoxd has 30 seconds left.\n|inactive|rixxoxd has 20 seconds left.\n|inactive|rixxoxd has 15 seconds left.\n|inactive|rixxoxd has 10 seconds left.\n|inactive|rixxoxd has 5 seconds left.\n|-message|rixxoxd lost due to inactivity.\n|\n|win|N3KOGAMA\n|raw|N3KOGAMA's rating: 1035 &rarr; <strong>1068</strong><br />(+33 for winning)\n|raw|rixxoxd's rating: 1022 &rarr; <strong>1009</strong><br />(-13 for losing)\n", "inputlog": ">version f8ac14003a5f27e1bdc8d8c59608a773c1cb96e5\n>start {\"formatid\":\"gen9randombattle\",\"seed\":\"sodium,1deba63192d781232a149dbbba14bad2\",\"rated\":\"Rated battle\"}\n>player p1 {\"name\":\"N3KOGAMA\",\"avatar\":\"unknownf\",\"rating\":1035,\"seed\":\"sodium,a537ade0a3364040b6555fde49524b57\"}\n>player p2 {\"name\":\"rixxoxd\",\"avatar\":\"266\",\"rating\":1022,\"seed\":\"sodium,eb62d46f1ee0bdb7399b06029e0c2064\"}\n>p1 move swordsdance\n>p2 switch 6\n>p1 move earthquake terastallize\n>p2 move bitterblade\n>p2 switch 6\n>p1 move earthquake\n>p2 move uturn\n>p2 switch 3\n>p1 move gunkshot\n>p2 move gigadrain\n>p1 switch 5\n>p1 move torchsong\n>p2 switch 5\n>p1 move torchsong\n>p2 move earthquake\n>p2 switch 4\n>p1 move willowisp\n>p2 move knockoff\n>p1 switch 2\n>p1 move thunderbolt\n>p2 move knockoff\n>p1 move hypervoice\n>p2 move knockoff\n>p1 switch 6\n>forcelose p2", "uploadtime": 1782842214, "views": 5, "formatid": "gen9randombattle", "rating": 1009, "private": 0, "password": null, "player_dets": [{"name": "N3KOGAMA", "avatar": "unknownf", "rating": 1035, "seed": "sodium,a537ade0a3364040b6555fde49524b57"}, {"name": "rixxoxd", "avatar": "266", "rating": 1022, "seed": "sodium,eb62d46f1ee0bdb7399b06029e0c2064"}], "teams_full": [{"Seviper": {"name": "Seviper", "species": "Seviper", "speciesId": "seviper", "gender": "M", "shiny": false, "level": 93, "moves": ["earthquake", "trailblaze", "swordsdance", "gunkshot"], "ability": "Shed Skin", "evs": {"hp": 85, "atk": 85, "def": 85, "spa": 85, "spd": 85, "spe": 85}, "ivs": {"hp": 31, "atk": 31, "def": 31, "spa": 31, "spd": 31, "spe": 31}, "item": "Leftovers", "teraType": "Ground", "role": "Bulky Setup", "bvs": {"hp": 73, "atk": 100, "def": 60, "spa": 100, "spd": 60, "spe": 65}, "stats": {"hp": 287, "atk": 239, "def": 164, "spa": 239, "spd": 164, "spe": 174}, "types": ["Poison"]}, "Oranguru": {"name": "Oranguru", "species": "Oranguru", "speciesId": "oranguru", "gender": "F", "shiny": false, "level": 92, "moves": ["trick", "psyshock", "hypervoice", "thunderbolt"], "ability": "Inner Focus", "evs": {"hp": 85, "atk": 0, "def": 85, "spa": 85, "spd": 85, "spe": 85}, "ivs": {"hp": 31, "atk": 0, "def": 31, "spa": 31, "spd": 31, "spe": 31}, "item": "Choice Specs", "teraType": "Normal", "role": "Wallbreaker", "bvs": {"hp": 90, "atk": 60, "def": 80, "spa": 90, "spd": 110, "spe": 60}, "stats": {"hp": 315, "atk": 115, "def": 200, "spa": 218, "spd": 255, "spe": 163}, "types": ["Normal", "Psychic"]}, "Calyrex": {"name": "Calyrex", "species": "Calyrex", "speciesId": "calyrex", "gender": "N", "shiny": false, "level": 93, "moves": ["psychic", "calmmind", "leechseed", "gigadrain"], "ability": "Unnerve", "evs": {"hp": 85, "atk": 0, "def": 85, "spa": 85, "spd": 85, "spe": 85}, "ivs": {"hp": 31, "atk": 0, "def": 31, "spa": 31, "spd": 31, "spe": 31}, "item": "Leftovers", "teraType": "Steel", "role": "Bulky Setup", "bvs": {"hp": 100, "atk": 80, "def": 80, "spa": 80, "spd": 80, "spe": 80}, "stats": {"hp": 337, "atk": 153, "def": 202, "spa": 202, "spd": 202, "spe": 202}, "types": ["Psychic", "Grass"]}, "Eternatus": {"name": "Eternatus", "species": "Eternatus", "speciesId": "eternatus", "gender": "N", "shiny": false, "level": 69, "moves": ["meteorbeam", "fireblast", "sludgebomb", "dynamaxcannon"], "ability": "Pressure", "evs": {"hp": 85, "atk": 0, "def": 85, "spa": 85, "spd": 85, "spe": 85}, "ivs": {"hp": 31, "atk": 0, "def": 31, "spa": 31, "spd": 31, "spe": 31}, "item": "Power Herb", "teraType": "Fire", "role": "Setup Sweeper", "bvs": {"hp": 140, "atk": 85, "def": 95, "spa": 145, "spd": 95, "spe": 130}, "stats": {"hp": 308, "atk": 122, "def": 171, "spa": 240, "spd": 171, "spe": 220}, "types": ["Poison", "Dragon"]}, "Skeledirge": {"name": "Skeledirge", "species": "Skeledirge", "speciesId": "skeledirge", "gender": "M", "shiny": false, "level": 79, "moves": ["torchsong", "slackoff", "hex", "willowisp"], "ability": "Unaware", "evs": {"hp": 85, "atk": 0, "def": 85, "spa": 85, "spd": 85, "spe": 85}, "ivs": {"hp": 31, "atk": 0, "def": 31, "spa": 31, "spd": 31, "spe": 31}, "item": "Heavy-Duty Boots", "teraType": "Water", "role": "Bulky Support", "bvs": {"hp": 104, "atk": 75, "def": 100, "spa": 110, "spd": 75, "spe": 66}, "stats": {"hp": 294, "atk": 123, "def": 204, "spa": 219, "spd": 164, "spe": 150}, "types": ["Fire", "Ghost"]}, "Cinccino": {"name": "Cinccino", "species": "Cinccino", "speciesId": "cinccino", "gender": "F", "shiny": false, "level": 83, "moves": ["tripleaxel", "tailslap", "bulletseed", "tidyup"], "ability": "Technician", "evs": {"hp": 85, "atk": 85, "def": 85, "spa": 85, "spd": 85, "spe": 85}, "ivs": {"hp": 31, "atk": 31, "def": 31, "spa": 31, "spd": 31, "spe": 31}, "item": "Loaded Dice", "teraType": "Ice", "role": "Fast Attacker", "bvs": {"hp": 75, "atk": 95, "def": 60, "spa": 65, "spd": 60, "spe": 115}, "stats": {"hp": 260, "atk": 205, "def": 147, "spa": 156, "spd": 147, "spe": 239}, "types": ["Normal"]}}, {"Munkidori": {"name": "Munkidori", "species": "Munkidori", "speciesId": "munkidori", "gender": "M", "shiny": false, "level": 79, "moves": ["fakeout", "sludgewave", "psychicnoise", "uturn"], "ability": "Toxic Chain", "evs": {"hp": 85, "atk": 85, "def": 85, "spa": 85, "spd": 85, "spe": 85}, "ivs": {"hp": 31, "atk": 31, "def": 31, "spa": 31, "spd": 31, "spe": 31}, "item": "Assault Vest", "teraType": "Dark", "role": "AV Pivot", "bvs": {"hp": 88, "atk": 75, "def": 66, "spa": 130, "spd": 90, "spe": 106}, "stats": {"hp": 269, "atk": 164, "def": 150, "spa": 251, "spd": 188, "spe": 213}, "types": ["Poison", "Psychic"]}, "Klefki": {"name": "Klefki", "species": "Klefki", "speciesId": "klefki", "gender": "M", "shiny": false, "level": 84, "moves": ["dazzlinggleam", "thunderwave", "spikes", "foulplay"], "ability": "Prankster", "evs": {"hp": 85, "atk": 0, "def": 85, "spa": 85, "spd": 85, "spe": 85}, "ivs": {"hp": 31, "atk": 0, "def": 31, "spa": 31, "spd": 31, "spe": 31}, "item": "Leftovers", "teraType": "Flying", "role": "Bulky Attacker", "bvs": {"hp": 57, "atk": 80, "def": 91, "spa": 80, "spd": 87, "spe": 75}, "stats": {"hp": 233, "atk": 139, "def": 201, "spa": 183, "spd": 194, "spe": 174}, "types": ["Steel", "Fairy"]}, "Sceptile": {"name": "Sceptile", "species": "Sceptile", "speciesId": "sceptile", "gender": "M", "shiny": false, "level": 87, "moves": ["leechseed", "focusblast", "substitute", "gigadrain"], "ability": "Overgrow", "evs": {"hp": 85, "atk": 0, "def": 85, "spa": 85, "spd": 85, "spe": 85}, "ivs": {"hp": 31, "atk": 0, "def": 31, "spa": 31, "spd": 31, "spe": 31}, "item": "Leftovers", "teraType": "Steel", "role": "Fast Support", "bvs": {"hp": 70, "atk": 85, "def": 65, "spa": 105, "spd": 85, "spe": 120}, "stats": {"hp": 264, "atk": 152, "def": 163, "spa": 232, "spd": 198, "spe": 259}, "types": ["Grass"]}, "Weavile": {"name": "Weavile", "species": "Weavile", "speciesId": "weavile", "gender": "F", "shiny": false, "level": 79, "moves": ["tripleaxel", "swordsdance", "knockoff", "lowkick"], "ability": "Pickpocket", "evs": {"hp": 85, "atk": 85, "def": 85, "spa": 85, "spd": 85, "spe": 85}, "ivs": {"hp": 31, "atk": 31, "def": 31, "spa": 31, "spd": 31, "spe": 31}, "item": "Heavy-Duty Boots", "teraType": "Fighting", "role": "Fast Attacker", "bvs": {"hp": 70, "atk": 120, "def": 65, "spa": 45, "spd": 85, "spe": 125}, "stats": {"hp": 240, "atk": 235, "def": 148, "spa": 117, "spd": 180, "spe": 243}, "types": ["Dark", "Ice"]}, "Arceus": {"name": "Arceus", "species": "Arceus", "speciesId": "arceus", "gender": "N", "shiny": false, "level": 68, "moves": ["recover", "extremespeed", "swordsdance", "earthquake"], "ability": "Multitype", "evs": {"hp": 85, "atk": 85, "def": 85, "spa": 85, "spd": 85, "spe": 85}, "ivs": {"hp": 31, "atk": 31, "def": 31, "spa": 31, "spd": 31, "spe": 31}, "item": "Life Orb", "teraType": "Normal", "role": "Setup Sweeper", "bvs": {"hp": 120, "atk": 120, "def": 120, "spa": 120, "spd": 120, "spe": 120}, "stats": {"hp": 276, "atk": 203, "def": 203, "spa": 203, "spd": 203, "spe": 203}, "types": ["Normal"]}, "Ceruledge": {"name": "Ceruledge", "species": "Ceruledge", "speciesId": "ceruledge", "gender": "F", "shiny": false, "level": 78, "moves": ["bitterblade", "swordsdance", "poltergeist", "shadowsneak"], "ability": "Weak Armor", "evs": {"hp": 85, "atk": 85, "def": 85, "spa": 85, "spd": 85, "spe": 85}, "ivs": {"hp": 31, "atk": 31, "def": 31, "spa": 31, "spd": 31, "spe": 31}, "item": "Heavy-Duty Boots", "teraType": "Ghost", "role": "Setup Sweeper", "bvs": {"hp": 75, "atk": 125, "def": 80, "spa": 60, "spd": 100, "spe": 85}, "stats": {"hp": 245, "atk": 240, "def": 170, "spa": 139, "spd": 201, "spe": 178}, "types": ["Fire", "Ghost"]}}]}