{"id": "gen9randombattle-2642023329", "format": "[Gen 9] Random Battle", "players": ["negag91", "123you'resoFREE"], "log": "|j|\u2606negag91\n|j|\u2606123you'resoFREE\n|t:|1782874889\n|gametype|singles\n|player|p1|negag91|red|1516\n|player|p2|123you'resoFREE|elesa|1512\n|gen|9\n|tier|[Gen 9] Random Battle\n|rated|\n|rule|Species Clause: Limit one of each Pok\u00e9mon\n|rule|HP Percentage Mod: HP is shown in percentages\n|rule|Sleep Clause Mod: Limit one foe put to sleep\n|rule|Illusion Level Mod: Illusion disguises the Pok\u00e9mon's true level\n|\n|t:|1782874889\n|teamsize|p1|6\n|teamsize|p2|6\n|start\n|switch|p1a: Heatran|Heatran, L79, M|273/273\n|switch|p2a: Excadrill|Excadrill, L79, M|303/303\n|-ability|p2a: Excadrill|Mold Breaker\n|-item|p1a: Heatran|Air Balloon\n|turn|1\n|inactive|Battle timer is ON: inactive players will automatically lose when time's up. (requested by 123you'resoFREE)\n|\n|t:|1782874903\n|move|p2a: Excadrill|Rapid Spin|p1a: Heatran\n|-resisted|p1a: Heatran\n|-damage|p1a: Heatran|255/273\n|-boost|p2a: Excadrill|spe|1\n|-enditem|p1a: Heatran|Air Balloon\n|move|p1a: Heatran|Earth Power|p2a: Excadrill\n|-supereffective|p2a: Excadrill\n|-damage|p2a: Excadrill|179/303\n|\n|upkeep\n|turn|2\n|\n|t:|1782874914\n|switch|p1a: Altaria|Altaria, L89, M|278/278\n|move|p2a: Excadrill|Earthquake|p1a: Altaria\n|-immune|p1a: Altaria\n|\n|upkeep\n|turn|3\n|\n|t:|1782874921\n|move|p2a: Excadrill|Rock Slide|p1a: Altaria\n|-supereffective|p1a: Altaria\n|-damage|p1a: Altaria|162/278\n|cant|p1a: Altaria|flinch\n|\n|upkeep\n|turn|4\n|\n|t:|1782874928\n|move|p2a: Excadrill|Rock Slide|p1a: Altaria\n|-supereffective|p1a: Altaria\n|-damage|p1a: Altaria|52/278\n|move|p1a: Altaria|Dragon Dance|p1a: Altaria\n|-boost|p1a: Altaria|atk|1\n|-boost|p1a: Altaria|spe|1\n|\n|upkeep\n|turn|5\n|\n|t:|1782874937\n|move|p1a: Altaria|Earthquake|p2a: Excadrill\n|-supereffective|p2a: Excadrill\n|-damage|p2a: Excadrill|0 fnt\n|faint|p2a: Excadrill\n|\n|upkeep\n|\n|t:|1782874953\n|switch|p2a: Slowking|Slowking, L88, F|310/310\n|turn|6\n|\n|t:|1782874958\n|move|p1a: Altaria|Roost|p1a: Altaria\n|-heal|p1a: Altaria|191/278\n|-singleturn|p1a: Altaria|move: Roost\n|-prepare|p2a: Slowking|Chilly Reception|[premajor]\n|move|p2a: Slowking|Chilly Reception|p2a: Slowking\n|-weather|Snowscape\n|\n|t:|1782874965\n|switch|p2a: Mamoswine|Mamoswine, L81, F|311/311|[from] Chilly Reception\n|\n|-weather|Snowscape|[upkeep]\n|upkeep\n|turn|7\n|\n|t:|1782874975\n|switch|p1a: Heatran|Heatran, L79, M|255/273\n|move|p2a: Mamoswine|Ice Shard|p1a: Heatran\n|-resisted|p1a: Heatran\n|-damage|p1a: Heatran|237/273\n|\n|-weather|Snowscape|[upkeep]\n|upkeep\n|turn|8\n|\n|t:|1782874983\n|switch|p2a: Slowking|Slowking, L88, F|310/310\n|move|p1a: Heatran|Magma Storm|p2a: Slowking\n|-resisted|p2a: Slowking\n|-damage|p2a: Slowking|262/310\n|-activate|p2a: Slowking|move: Magma Storm|[of] p1a: Heatran\n|\n|-weather|Snowscape|[upkeep]\n|-damage|p2a: Slowking|224/310|[from] move: Magma Storm|[partiallytrapped]\n|upkeep\n|turn|9\n|\n|t:|1782875002\n|move|p1a: Heatran|Stealth Rock|p2a: Slowking\n|-sidestart|p2: 123you'resoFREE|move: Stealth Rock\n|move|p2a: Slowking|Slack Off|p2a: Slowking\n|-heal|p2a: Slowking|310/310\n|\n|-weather|Snowscape|[upkeep]\n|-damage|p2a: Slowking|272/310|[from] move: Magma Storm|[partiallytrapped]\n|upkeep\n|turn|10\n|\n|t:|1782875012\n|switch|p1a: Articuno|Articuno, L86|295/295\n|-ability|p1a: Articuno|Pressure\n|move|p2a: Slowking|Scald|p1a: Articuno\n|-damage|p1a: Articuno|228/295\n|\n|-weather|none\n|-end|p2a: Slowking|Magma Storm|[partiallytrapped]|[silent]\n|upkeep\n|turn|11\n|\n|t:|1782875023\n|move|p1a: Articuno|Freeze-Dry|p2a: Slowking\n|-supereffective|p2a: Slowking\n|-damage|p2a: Slowking|156/310\n|move|p2a: Slowking|Psyshock|p1a: Articuno\n|-damage|p1a: Articuno|137/295\n|\n|upkeep\n|turn|12\n|\n|t:|1782875030\n|move|p1a: Articuno|Roost|p1a: Articuno\n|-heal|p1a: Articuno|285/295\n|-singleturn|p1a: Articuno|move: Roost\n|-prepare|p2a: Slowking|Chilly Reception|[premajor]\n|move|p2a: Slowking|Chilly Reception|p2a: Slowking\n|-weather|Snowscape\n|\n|t:|1782875043\n|switch|p2a: Mamoswine|Mamoswine, L81, F|311/311|[from] Chilly Reception\n|-damage|p2a: Mamoswine|273/311|[from] Stealth Rock\n|\n|-weather|Snowscape|[upkeep]\n|upkeep\n|turn|13\n|\n|t:|1782875050\n|move|p1a: Articuno|Substitute|p1a: Articuno\n|-start|p1a: Articuno|Substitute\n|-damage|p1a: Articuno|212/295\n|move|p2a: Mamoswine|Earthquake|p1a: Articuno\n|-immune|p1a: Articuno\n|\n|-weather|Snowscape|[upkeep]\n|upkeep\n|turn|14\n|-message|123you'resoFREE forfeited.\n|\n|win|negag91\n|raw|negag91's rating: 1516 &rarr; <strong>1536</strong><br />(+20 for winning)\n|raw|123you&apos;resoFREE's rating: 1512 &rarr; <strong>1492</strong><br />(-20 for losing)\n|l|\u2606123you'resoFREE\n|player|p2|\n", "inputlog": ">version f8ac14003a5f27e1bdc8d8c59608a773c1cb96e5\n>start {\"formatid\":\"gen9randombattle\",\"seed\":\"sodium,f52bdc09e89578eb762da9c6c26ba109\",\"rated\":\"Rated battle\"}\n>player p1 {\"name\":\"negag91\",\"avatar\":\"red\",\"rating\":1516,\"seed\":\"sodium,763988157d3d4d2f957d49507cac8543\"}\n>player p2 {\"name\":\"123you'resoFREE\",\"avatar\":\"elesa\",\"rating\":1512,\"seed\":\"sodium,231a3c14a7c00d24f883b306901b931c\"}\n>p1 move earthpower\n>p2 move rapidspin\n>p1 switch 2\n>p2 move earthquake\n>p1 move dragondance\n>p2 move rockslide\n>p1 move dragondance\n>p2 move rockslide\n>p1 move earthquake\n>p2 move rapidspin\n>p2 switch 4\n>p1 move roost\n>p2 move chillyreception\n>p2 switch 2\n>p1 switch 2\n>p2 move iceshard\n>p1 move magmastorm\n>p2 switch 2\n>p1 move stealthrock\n>p2 move slackoff\n>p1 switch 6\n>p2 move scald\n>p1 move freezedry\n>p2 move psyshock\n>p1 move roost\n>p2 move chillyreception\n>p2 switch 2\n>p1 move substitute\n>p2 move earthquake\n>forcelose p2", "uploadtime": 1782875056, "views": 2, "formatid": "gen9randombattle", "rating": 1492, "private": 0, "password": null, "player_dets": [{"name": "negag91", "avatar": "red", "rating": 1516, "seed": "sodium,763988157d3d4d2f957d49507cac8543"}, {"name": "123you'resoFREE", "avatar": "elesa", "rating": 1512, "seed": "sodium,231a3c14a7c00d24f883b306901b931c"}], "teams_full": [{"Heatran": {"name": "Heatran", "species": "Heatran", "speciesId": "heatran", "gender": "M", "shiny": false, "level": 79, "moves": ["earthpower", "magmastorm", "stealthrock", "heavyslam"], "ability": "Flash Fire", "evs": {"hp": 85, "atk": 85, "def": 85, "spa": 85, "spd": 85, "spe": 85}, "ivs": {"hp": 31, "atk": 31, "def": 31, "spa": 31, "spd": 31, "spe": 31}, "item": "Air Balloon", "teraType": "Flying", "role": "Bulky Support", "bvs": {"hp": 91, "atk": 90, "def": 106, "spa": 130, "spd": 106, "spe": 77}, "stats": {"hp": 273, "atk": 188, "def": 213, "spa": 251, "spd": 213, "spe": 167}, "types": ["Fire", "Steel"]}, "Altaria": {"name": "Altaria", "species": "Altaria", "speciesId": "altaria", "gender": "M", "shiny": false, "level": 89, "moves": ["roost", "bravebird", "dragondance", "earthquake"], "ability": "Natural Cure", "evs": {"hp": 85, "atk": 85, "def": 85, "spa": 85, "spd": 85, "spe": 85}, "ivs": {"hp": 31, "atk": 31, "def": 31, "spa": 31, "spd": 31, "spe": 31}, "item": "Heavy-Duty Boots", "teraType": "Steel", "role": "Bulky Setup", "bvs": {"hp": 75, "atk": 70, "def": 90, "spa": 70, "spd": 105, "spe": 80}, "stats": {"hp": 278, "atk": 175, "def": 211, "spa": 175, "spd": 238, "spe": 193}, "types": ["Dragon", "Flying"]}, "Dialga": {"name": "Dialga", "species": "Dialga", "speciesId": "dialga", "gender": "N", "shiny": false, "level": 73, "moves": ["dracometeor", "heavyslam", "fireblast", "dragontail"], "ability": "Pressure", "evs": {"hp": 85, "atk": 85, "def": 85, "spa": 85, "spd": 85, "spe": 85}, "ivs": {"hp": 31, "atk": 31, "def": 31, "spa": 31, "spd": 31, "spe": 31}, "item": "Assault Vest", "teraType": "Steel", "role": "AV Pivot", "bvs": {"hp": 100, "atk": 120, "def": 120, "spa": 150, "spd": 100, "spe": 90}, "stats": {"hp": 266, "atk": 218, "def": 218, "spa": 261, "spd": 188, "spe": 174}, "types": ["Steel", "Dragon"]}, "Scrafty": {"name": "Scrafty", "species": "Scrafty", "speciesId": "scrafty", "gender": "F", "shiny": false, "level": 83, "moves": ["knockoff", "rest", "bulkup", "drainpunch"], "ability": "Shed Skin", "evs": {"hp": 85, "atk": 85, "def": 85, "spa": 85, "spd": 85, "spe": 85}, "ivs": {"hp": 31, "atk": 31, "def": 31, "spa": 31, "spd": 31, "spe": 31}, "item": "Leftovers", "teraType": "Poison", "role": "Bulky Setup", "bvs": {"hp": 65, "atk": 90, "def": 115, "spa": 45, "spd": 115, "spe": 58}, "stats": {"hp": 244, "atk": 197, "def": 239, "spa": 122, "spd": 239, "spe": 144}, "types": ["Dark", "Fighting"]}, "Ampharos": {"name": "Ampharos", "species": "Ampharos", "speciesId": "ampharos", "gender": "F", "shiny": false, "level": 88, "moves": ["focusblast", "dazzlinggleam", "thunderbolt", "voltswitch"], "ability": "Static", "evs": {"hp": 85, "atk": 0, "def": 85, "spa": 85, "spd": 85, "spe": 85}, "ivs": {"hp": 31, "atk": 0, "def": 31, "spa": 31, "spd": 31, "spe": 31}, "item": "Assault Vest", "teraType": "Fairy", "role": "AV Pivot", "bvs": {"hp": 90, "atk": 75, "def": 85, "spa": 115, "spd": 90, "spe": 55}, "stats": {"hp": 302, "atk": 137, "def": 200, "spa": 253, "spd": 209, "spe": 147}, "types": ["Electric"]}, "Articuno": {"name": "Articuno", "species": "Articuno", "speciesId": "articuno", "gender": "N", "shiny": false, "level": 86, "moves": ["roost", "freezedry", "substitute", "bravebird"], "ability": "Pressure", "evs": {"hp": 85, "atk": 85, "def": 85, "spa": 85, "spd": 85, "spe": 85}, "ivs": {"hp": 31, "atk": 31, "def": 31, "spa": 31, "spd": 31, "spe": 31}, "item": "Heavy-Duty Boots", "teraType": "Steel", "role": "Bulky Support", "bvs": {"hp": 90, "atk": 85, "def": 100, "spa": 95, "spd": 125, "spe": 85}, "stats": {"hp": 295, "atk": 195, "def": 221, "spa": 213, "spd": 264, "spe": 195}, "types": ["Ice", "Flying"]}}, {"Excadrill": {"name": "Excadrill", "species": "Excadrill", "speciesId": "excadrill", "gender": "M", "shiny": false, "level": 79, "moves": ["ironhead", "earthquake", "rapidspin", "rockslide"], "ability": "Mold Breaker", "evs": {"hp": 85, "atk": 85, "def": 85, "spa": 85, "spd": 85, "spe": 85}, "ivs": {"hp": 31, "atk": 31, "def": 31, "spa": 31, "spd": 31, "spe": 31}, "item": "Assault Vest", "teraType": "Water", "role": "AV Pivot", "bvs": {"hp": 110, "atk": 135, "def": 60, "spa": 50, "spd": 65, "spe": 88}, "stats": {"hp": 303, "atk": 259, "def": 140, "spa": 125, "spd": 148, "spe": 185}, "types": ["Ground", "Steel"]}, "Mamoswine": {"name": "Mamoswine", "species": "Mamoswine", "speciesId": "mamoswine", "gender": "F", "shiny": false, "level": 81, "moves": ["earthquake", "iciclecrash", "iceshard", "knockoff"], "ability": "Thick Fat", "evs": {"hp": 85, "atk": 85, "def": 85, "spa": 85, "spd": 85, "spe": 85}, "ivs": {"hp": 31, "atk": 31, "def": 31, "spa": 31, "spd": 31, "spe": 31}, "item": "Choice Band", "teraType": "Ground", "role": "Wallbreaker", "bvs": {"hp": 110, "atk": 130, "def": 80, "spa": 70, "spd": 60, "spe": 80}, "stats": {"hp": 311, "atk": 257, "def": 176, "spa": 160, "spd": 144, "spe": 176}, "types": ["Ice", "Ground"]}, "Lumineon": {"name": "Lumineon", "species": "Lumineon", "speciesId": "lumineon", "gender": "M", "shiny": false, "level": 93, "moves": ["alluringvoice", "encore", "icebeam", "hydropump"], "ability": "Storm Drain", "evs": {"hp": 85, "atk": 0, "def": 85, "spa": 85, "spd": 85, "spe": 85}, "ivs": {"hp": 31, "atk": 0, "def": 31, "spa": 31, "spd": 31, "spe": 31}, "item": "Life Orb", "teraType": "Fairy", "role": "Fast Attacker", "bvs": {"hp": 69, "atk": 69, "def": 76, "spa": 69, "spd": 86, "spe": 91}, "stats": {"hp": 279, "atk": 133, "def": 194, "spa": 181, "spd": 213, "spe": 222}, "types": ["Water"]}, "Slowking": {"name": "Slowking", "species": "Slowking", "speciesId": "slowking", "gender": "F", "shiny": false, "level": 88, "moves": ["slackoff", "chillyreception", "psyshock", "scald"], "ability": "Regenerator", "evs": {"hp": 85, "atk": 0, "def": 85, "spa": 85, "spd": 85, "spe": 85}, "ivs": {"hp": 31, "atk": 0, "def": 31, "spa": 31, "spd": 31, "spe": 31}, "item": "Heavy-Duty Boots", "teraType": "Dragon", "role": "Bulky Attacker", "bvs": {"hp": 95, "atk": 75, "def": 80, "spa": 100, "spd": 110, "spe": 30}, "stats": {"hp": 310, "atk": 137, "def": 191, "spa": 226, "spd": 244, "spe": 103}, "types": ["Water", "Psychic"]}, "Sunflora": {"name": "Sunflora", "species": "Sunflora", "speciesId": "sunflora", "gender": "M", "shiny": false, "level": 100, "moves": ["sludgebomb", "leafstorm", "dazzlinggleam", "earthpower"], "ability": "Chlorophyll", "evs": {"hp": 85, "atk": 0, "def": 85, "spa": 85, "spd": 85, "spe": 85}, "ivs": {"hp": 31, "atk": 0, "def": 31, "spa": 31, "spd": 31, "spe": 31}, "item": "Choice Specs", "teraType": "Fairy", "role": "Wallbreaker", "bvs": {"hp": 75, "atk": 75, "def": 55, "spa": 105, "spd": 85, "spe": 30}, "stats": {"hp": 312, "atk": 155, "def": 167, "spa": 267, "spd": 227, "spe": 117}, "types": ["Grass"]}, "Volcarona": {"name": "Volcarona", "species": "Volcarona", "speciesId": "volcarona", "gender": "F", "shiny": false, "level": 77, "moves": ["gigadrain", "quiverdance", "terablast", "fireblast"], "ability": "Flame Body", "evs": {"hp": 85, "atk": 0, "def": 85, "spa": 85, "spd": 85, "spe": 85}, "ivs": {"hp": 31, "atk": 0, "def": 31, "spa": 31, "spd": 31, "spe": 31}, "item": "Heavy-Duty Boots", "teraType": "Ground", "role": "Tera Blast user", "bvs": {"hp": 85, "atk": 60, "def": 65, "spa": 135, "spd": 105, "spe": 100}, "stats": {"hp": 257, "atk": 97, "def": 145, "spa": 252, "spd": 206, "spe": 199}, "types": ["Bug", "Fire"]}}]}