{"id": "gen9randombattle-2641999712", "format": "[Gen 9] Random Battle", "players": ["doombot88", "testbotcif"], "log": "|j|\u2606doombot88\n|j|\u2606testbotcif\n|t:|1782871082\n|gametype|singles\n|player|p1|doombot88|hilbert|1334\n|player|p2|testbotcif|1|1309\n|gen|9\n|tier|[Gen 9] Random Battle\n|rated|\n|rule|Species Clause: Limit one of each Pok\u00e9mon\n|rule|HP Percentage Mod: HP is shown in percentages\n|rule|Sleep Clause Mod: Limit one foe put to sleep\n|rule|Illusion Level Mod: Illusion disguises the Pok\u00e9mon's true level\n|\n|t:|1782871082\n|teamsize|p1|6\n|teamsize|p2|6\n|start\n|switch|p1a: Forretress|Forretress, L84, M|263/263\n|switch|p2a: Dragalge|Dragalge, L88, M|258/258\n|turn|1\n|c|\u2606testbotcif|rlhf\n|inactive|Battle timer is ON: inactive players will automatically lose when time's up. (requested by doombot88)\n|inactive|testbotcif also wants the timer to be on.\n|c|\u2606doombot88|u2\n|\n|t:|1782871095\n|move|p2a: Dragalge|Toxic Spikes|p1a: Forretress\n|-sidestart|p1: doombot88|move: Toxic Spikes\n|move|p1a: Forretress|Stealth Rock|p2a: Dragalge\n|-sidestart|p2: testbotcif|move: Stealth Rock\n|\n|upkeep\n|turn|2\n|\n|t:|1782871102\n|move|p2a: Dragalge|Focus Blast|p1a: Forretress|[miss]\n|-miss|p2a: Dragalge|p1a: Forretress\n|move|p1a: Forretress|Rapid Spin|p2a: Dragalge\n|-damage|p2a: Dragalge|228/258\n|-boost|p1a: Forretress|spe|1\n|-sideend|p1: doombot88|Toxic Spikes|[from] move: Rapid Spin|[of] p1a: Forretress\n|\n|-heal|p2a: Dragalge|244/258|[from] item: Leftovers\n|upkeep\n|turn|3\n|\n|t:|1782871109\n|move|p1a: Forretress|Iron Head|p2a: Dragalge\n|-damage|p2a: Dragalge|169/258\n|move|p2a: Dragalge|Sludge Wave|p1a: Forretress\n|-immune|p1a: Forretress\n|\n|-heal|p2a: Dragalge|185/258|[from] item: Leftovers\n|upkeep\n|turn|4\n|\n|t:|1782871114\n|move|p1a: Forretress|Iron Head|p2a: Dragalge\n|-damage|p2a: Dragalge|109/258\n|move|p2a: Dragalge|Focus Blast|p1a: Forretress\n|-damage|p1a: Forretress|133/263\n|\n|-heal|p1a: Forretress|149/263|[from] item: Leftovers\n|-heal|p2a: Dragalge|125/258|[from] item: Leftovers\n|upkeep\n|turn|5\n|\n|t:|1782871119\n|move|p1a: Forretress|Iron Head|p2a: Dragalge\n|-damage|p2a: Dragalge|55/258\n|cant|p2a: Dragalge|flinch\n|\n|-heal|p1a: Forretress|165/263|[from] item: Leftovers\n|-heal|p2a: Dragalge|71/258|[from] item: Leftovers\n|upkeep\n|turn|6\n|\n|t:|1782871122\n|move|p1a: Forretress|Iron Head|p2a: Dragalge\n|-damage|p2a: Dragalge|0 fnt\n|faint|p2a: Dragalge\n|\n|-heal|p1a: Forretress|181/263|[from] item: Leftovers\n|upkeep\n|\n|t:|1782871122\n|switch|p2a: Magcargo|Magcargo, L95, F|268/268\n|turn|7\n|\n|t:|1782871130\n|move|p1a: Forretress|Body Press|p2a: Magcargo\n|-supereffective|p2a: Magcargo\n|-damage|p2a: Magcargo|152/268\n|move|p2a: Magcargo|Lava Plume|p1a: Forretress\n|-supereffective|p1a: Forretress\n|-damage|p1a: Forretress|0 fnt\n|faint|p1a: Forretress\n|\n|upkeep\n|\n|t:|1782871142\n|switch|p1a: Swampert|Swampert, L83, M|302/302\n|turn|8\n|\n|t:|1782871149\n|switch|p2a: Jumpluff|Jumpluff, L87, F|271/271\n|-damage|p2a: Jumpluff|204/271|[from] Stealth Rock\n|move|p1a: Swampert|Flip Turn|p2a: Jumpluff\n|-resisted|p2a: Jumpluff\n|-damage|p2a: Jumpluff|165/271\n|\n|t:|1782871158\n|switch|p1a: Yanmega|Yanmega, L82, M|275/275|[from] Flip Turn\n|\n|upkeep\n|turn|9\n|\n|t:|1782871162\n|-terastallize|p2a: Jumpluff|Steel\n|move|p1a: Yanmega|Protect|p1a: Yanmega\n|-singleturn|p1a: Yanmega|Protect\n|move|p2a: Jumpluff|Acrobatics|p1a: Yanmega\n|-activate|p1a: Yanmega|move: Protect\n|\n|-ability|p1a: Yanmega|Speed Boost|boost\n|-boost|p1a: Yanmega|spe|1\n|upkeep\n|turn|10\n|\n|t:|1782871172\n|-terastallize|p1a: Yanmega|Ground\n|move|p1a: Yanmega|Tera Blast|p2a: Jumpluff|[anim] Tera Blast Ground\n|-supereffective|p2a: Jumpluff\n|-damage|p2a: Jumpluff|13/271\n|move|p2a: Jumpluff|Acrobatics|p1a: Yanmega\n|-damage|p1a: Yanmega|191/275\n|\n|-ability|p1a: Yanmega|Speed Boost|boost\n|-boost|p1a: Yanmega|spe|1\n|upkeep\n|turn|11\n|\n|t:|1782871178\n|switch|p2a: Diancie|Diancie, L82|216/216\n|-damage|p2a: Diancie|189/216|[from] Stealth Rock\n|move|p1a: Yanmega|Tera Blast|p2a: Diancie|[anim] Tera Blast Ground\n|-supereffective|p2a: Diancie\n|-damage|p2a: Diancie|61/216\n|\n|-heal|p2a: Diancie|74/216|[from] item: Leftovers\n|-ability|p1a: Yanmega|Speed Boost|boost\n|-boost|p1a: Yanmega|spe|1\n|upkeep\n|turn|12\n|\n|t:|1782871180\n|move|p1a: Yanmega|Tera Blast|p2a: Diancie|[anim] Tera Blast Ground\n|-supereffective|p2a: Diancie\n|-damage|p2a: Diancie|0 fnt\n|faint|p2a: Diancie\n|\n|-ability|p1a: Yanmega|Speed Boost|boost\n|-boost|p1a: Yanmega|spe|1\n|upkeep\n|\n|t:|1782871180\n|switch|p2a: Magcargo|Magcargo, L95, F|152/268\n|turn|13\n|\n|t:|1782871185\n|move|p1a: Yanmega|Tera Blast|p2a: Magcargo|[anim] Tera Blast Ground\n|-supereffective|p2a: Magcargo\n|-damage|p2a: Magcargo|0 fnt\n|faint|p2a: Magcargo\n|\n|-ability|p1a: Yanmega|Speed Boost|boost\n|-boost|p1a: Yanmega|spe|1\n|upkeep\n|\n|t:|1782871186\n|switch|p2a: Cinccino|Cinccino, L83, F|260/260\n|-damage|p2a: Cinccino|228/260|[from] Stealth Rock\n|turn|14\n|\n|t:|1782871193\n|move|p1a: Yanmega|Bug Buzz|p2a: Cinccino\n|-damage|p2a: Cinccino|92/260\n|-unboost|p2a: Cinccino|spd|1\n|move|p2a: Cinccino|Triple Axel|p1a: Yanmega\n|-supereffective|p1a: Yanmega\n|-damage|p1a: Yanmega|149/275\n|-supereffective|p1a: Yanmega\n|-damage|p1a: Yanmega|65/275\n|-supereffective|p1a: Yanmega\n|-damage|p1a: Yanmega|0 fnt\n|faint|p1a: Yanmega\n|-hitcount|p1: Yanmega|3\n|\n|upkeep\n|\n|t:|1782871209\n|switch|p1a: Probopass|Probopass, L91, F|257/257\n|turn|15\n|\n|t:|1782871217\n|move|p2a: Cinccino|Tidy Up|p2a: Cinccino\n|-sideend|p2: testbotcif|Stealth Rock\n|-activate|p2a: Cinccino|move: Tidy Up\n|-boost|p2a: Cinccino|atk|1\n|-boost|p2a: Cinccino|spe|1\n|move|p1a: Probopass|Body Press|p2a: Cinccino\n|-supereffective|p2a: Cinccino\n|-damage|p2a: Cinccino|0 fnt\n|faint|p2a: Cinccino\n|\n|upkeep\n|\n|t:|1782871217\n|switch|p2a: Jumpluff|Jumpluff, L87, F, tera:Steel|13/271\n|turn|16\n|\n|t:|1782871221\n|move|p2a: Jumpluff|Leech Seed|p1a: Probopass\n|-start|p1a: Probopass|move: Leech Seed\n|move|p1a: Probopass|Body Press|p2a: Jumpluff\n|-supereffective|p2a: Jumpluff\n|-damage|p2a: Jumpluff|0 fnt\n|faint|p2a: Jumpluff\n|\n|upkeep\n|\n|t:|1782871222\n|switch|p2a: Porygon-Z|Porygon-Z, L83|277/277\n|turn|17\n|\n|t:|1782871225\n|move|p2a: Porygon-Z|Shadow Ball|p1a: Probopass\n|-damage|p1a: Probopass|216/257\n|move|p1a: Probopass|Body Press|p2a: Porygon-Z\n|-supereffective|p2a: Porygon-Z\n|-damage|p2a: Porygon-Z|47/277\n|\n|-heal|p1a: Probopass|232/257|[from] item: Leftovers\n|-damage|p1a: Probopass|200/257|[from] Leech Seed|[of] p2a: Porygon-Z\n|-heal|p2a: Porygon-Z|79/277|[silent]\n|upkeep\n|turn|18\n|\n|t:|1782871230\n|move|p2a: Porygon-Z|Shadow Ball|p1a: Probopass\n|-damage|p1a: Probopass|155/257\n|-unboost|p1a: Probopass|spd|1\n|move|p1a: Probopass|Body Press|p2a: Porygon-Z\n|-supereffective|p2a: Porygon-Z\n|-damage|p2a: Porygon-Z|0 fnt\n|faint|p2a: Porygon-Z\n|\n|win|doombot88\n|raw|doombot88's rating: 1334 &rarr; <strong>1353</strong><br />(+19 for winning)\n|raw|testbotcif's rating: 1309 &rarr; <strong>1290</strong><br />(-19 for losing)\n", "inputlog": ">version f8ac14003a5f27e1bdc8d8c59608a773c1cb96e5\n>start {\"formatid\":\"gen9randombattle\",\"seed\":\"sodium,3262e127591e05bcd6c3dd8fbf8d0c59\",\"rated\":\"Rated battle\"}\n>player p1 {\"name\":\"doombot88\",\"avatar\":\"hilbert\",\"rating\":1334,\"seed\":\"sodium,a4d412bdb540fc611c8a289f01b9b1a7\"}\n>player p2 {\"name\":\"testbotcif\",\"avatar\":\"1\",\"rating\":1309,\"seed\":\"sodium,b815d126f32584e618c6808454bc5ea7\"}\n>chat \u2606testbotcif|rlhf\n>chat \u2606doombot88|u2\n>p1 move stealthrock\n>p2 move toxicspikes\n>p1 move rapidspin\n>p2 move focusblast\n>p1 move ironhead\n>p2 move sludgewave\n>p1 move ironhead\n>p2 move focusblast\n>p1 move ironhead\n>p2 move focusblast\n>p1 move ironhead\n>p2 move focusblast\n>p2 switch 3\n>p1 move bodypress\n>p2 move lavaplume\n>p1 switch 6\n>p1 move flipturn\n>p2 switch 4\n>p1 switch 4\n>p1 move protect\n>p2 move acrobatics terastallize\n>p1 move terablast terastallize\n>p2 move acrobatics\n>p1 move terablast\n>p2 switch 6\n>p1 move terablast\n>p2 move diamondstorm\n>p2 switch 4\n>p1 move terablast\n>p2 move lavaplume\n>p2 switch 2\n>p1 move bugbuzz\n>p2 move tripleaxel\n>p1 switch 3\n>p1 move bodypress\n>p2 move tidyup\n>p2 switch 6\n>p1 move bodypress\n>p2 move leechseed\n>p2 switch 5\n>p1 move bodypress\n>p2 move shadowball\n>p1 move bodypress\n>p2 move shadowball", "uploadtime": 1782871230, "views": 5, "formatid": "gen9randombattle", "rating": 1290, "private": 0, "password": null, "player_dets": [{"name": "doombot88", "avatar": "hilbert", "rating": 1334, "seed": "sodium,a4d412bdb540fc611c8a289f01b9b1a7"}, {"name": "testbotcif", "avatar": "1", "rating": 1309, "seed": "sodium,b815d126f32584e618c6808454bc5ea7"}], "teams_full": [{"Forretress": {"name": "Forretress", "species": "Forretress", "speciesId": "forretress", "gender": "M", "shiny": false, "level": 84, "moves": ["rapidspin", "stealthrock", "ironhead", "bodypress"], "ability": "Sturdy", "evs": {"hp": 85, "atk": 85, "def": 85, "spa": 85, "spd": 85, "spe": 85}, "ivs": {"hp": 31, "atk": 31, "def": 31, "spa": 31, "spd": 31, "spe": 31}, "item": "Leftovers", "teraType": "Fighting", "role": "Bulky Attacker", "bvs": {"hp": 75, "atk": 90, "def": 140, "spa": 60, "spd": 60, "spe": 40}, "stats": {"hp": 263, "atk": 199, "def": 283, "spa": 149, "spd": 149, "spe": 115}, "types": ["Bug", "Steel"]}, "Ampharos": {"name": "Ampharos", "species": "Ampharos", "speciesId": "ampharos", "gender": "F", "shiny": false, "level": 88, "moves": ["thunderbolt", "focusblast", "voltswitch", "dazzlinggleam"], "ability": "Static", "evs": {"hp": 85, "atk": 0, "def": 85, "spa": 85, "spd": 85, "spe": 85}, "ivs": {"hp": 31, "atk": 0, "def": 31, "spa": 31, "spd": 31, "spe": 31}, "item": "Choice Specs", "teraType": "Fairy", "role": "Wallbreaker", "bvs": {"hp": 90, "atk": 75, "def": 85, "spa": 115, "spd": 90, "spe": 55}, "stats": {"hp": 302, "atk": 137, "def": 200, "spa": 253, "spd": 209, "spe": 147}, "types": ["Electric"]}, "Probopass": {"name": "Probopass", "species": "Probopass", "speciesId": "probopass", "gender": "F", "shiny": false, "level": 91, "moves": ["flashcannon", "irondefense", "bodypress", "powergem"], "ability": "Magnet Pull", "evs": {"hp": 85, "atk": 0, "def": 85, "spa": 85, "spd": 85, "spe": 85}, "ivs": {"hp": 31, "atk": 0, "def": 31, "spa": 31, "spd": 31, "spe": 31}, "item": "Leftovers", "teraType": "Fighting", "role": "Bulky Setup", "bvs": {"hp": 60, "atk": 55, "def": 145, "spa": 75, "spd": 150, "spe": 40}, "stats": {"hp": 257, "atk": 105, "def": 316, "spa": 188, "spd": 325, "spe": 125}, "types": ["Rock", "Steel"]}, "Yanmega": {"name": "Yanmega", "species": "Yanmega", "speciesId": "yanmega", "gender": "M", "shiny": false, "level": 82, "moves": ["terablast", "bugbuzz", "airslash", "protect"], "ability": "Speed Boost", "evs": {"hp": 85, "atk": 0, "def": 85, "spa": 85, "spd": 85, "spe": 85}, "ivs": {"hp": 31, "atk": 0, "def": 31, "spa": 31, "spd": 31, "spe": 31}, "item": "Heavy-Duty Boots", "teraType": "Ground", "role": "Tera Blast user", "bvs": {"hp": 86, "atk": 76, "def": 86, "spa": 116, "spd": 56, "spe": 95}, "stats": {"hp": 275, "atk": 129, "def": 188, "spa": 237, "spd": 139, "spe": 203}, "types": ["Bug", "Flying"]}, "Conkeldurr": {"name": "Conkeldurr", "species": "Conkeldurr", "speciesId": "conkeldurr", "gender": "F", "shiny": false, "level": 80, "moves": ["facade", "knockoff", "machpunch", "closecombat"], "ability": "Guts", "evs": {"hp": 85, "atk": 85, "def": 85, "spa": 85, "spd": 85, "spe": 85}, "ivs": {"hp": 31, "atk": 31, "def": 31, "spa": 31, "spd": 31, "spe": 31}, "item": "Flame Orb", "teraType": "Normal", "role": "Wallbreaker", "bvs": {"hp": 105, "atk": 140, "def": 95, "spa": 55, "spd": 65, "spe": 45}, "stats": {"hp": 299, "atk": 270, "def": 198, "spa": 134, "spd": 150, "spe": 118}, "types": ["Fighting"]}, "Swampert": {"name": "Swampert", "species": "Swampert", "speciesId": "swampert", "gender": "M", "shiny": false, "level": 83, "moves": ["icebeam", "earthquake", "roar", "flipturn"], "ability": "Torrent", "evs": {"hp": 85, "atk": 85, "def": 85, "spa": 85, "spd": 85, "spe": 85}, "ivs": {"hp": 31, "atk": 31, "def": 31, "spa": 31, "spd": 31, "spe": 31}, "item": "Leftovers", "teraType": "Poison", "role": "Bulky Support", "bvs": {"hp": 100, "atk": 110, "def": 90, "spa": 85, "spd": 90, "spe": 60}, "stats": {"hp": 302, "atk": 230, "def": 197, "spa": 189, "spd": 197, "spe": 147}, "types": ["Water", "Ground"]}}, {"Dragalge": {"name": "Dragalge", "species": "Dragalge", "speciesId": "dragalge", "gender": "M", "shiny": false, "level": 88, "moves": ["dracometeor", "sludgewave", "focusblast", "toxicspikes"], "ability": "Adaptability", "evs": {"hp": 85, "atk": 0, "def": 85, "spa": 85, "spd": 85, "spe": 85}, "ivs": {"hp": 31, "atk": 0, "def": 31, "spa": 31, "spd": 31, "spe": 31}, "item": "Leftovers", "teraType": "Fighting", "role": "Bulky Attacker", "bvs": {"hp": 65, "atk": 75, "def": 90, "spa": 97, "spd": 123, "spe": 44}, "stats": {"hp": 258, "atk": 137, "def": 209, "spa": 221, "spd": 267, "spe": 128}, "types": ["Poison", "Dragon"]}, "Cinccino": {"name": "Cinccino", "species": "Cinccino", "speciesId": "cinccino", "gender": "F", "shiny": false, "level": 83, "moves": ["tailslap", "tidyup", "bulletseed", "tripleaxel"], "ability": "Technician", "evs": {"hp": 85, "atk": 85, "def": 85, "spa": 85, "spd": 85, "spe": 85}, "ivs": {"hp": 31, "atk": 31, "def": 31, "spa": 31, "spd": 31, "spe": 31}, "item": "Loaded Dice", "teraType": "Ice", "role": "Fast Attacker", "bvs": {"hp": 75, "atk": 95, "def": 60, "spa": 65, "spd": 60, "spe": 115}, "stats": {"hp": 260, "atk": 205, "def": 147, "spa": 156, "spd": 147, "spe": 239}, "types": ["Normal"]}, "Magcargo": {"name": "Magcargo", "species": "Magcargo", "speciesId": "magcargo", "gender": "F", "shiny": false, "level": 95, "moves": ["lavaplume", "yawn", "recover", "powergem"], "ability": "Flame Body", "evs": {"hp": 85, "atk": 0, "def": 85, "spa": 85, "spd": 85, "spe": 85}, "ivs": {"hp": 31, "atk": 0, "def": 31, "spa": 31, "spd": 31, "spe": 31}, "item": "Heavy-Duty Boots", "teraType": "Grass", "role": "Bulky Support", "bvs": {"hp": 60, "atk": 50, "def": 120, "spa": 90, "spd": 80, "spe": 30}, "stats": {"hp": 268, "atk": 100, "def": 282, "spa": 225, "spd": 206, "spe": 111}, "types": ["Fire", "Rock"]}, "Jumpluff": {"name": "Jumpluff", "species": "Jumpluff", "speciesId": "jumpluff", "gender": "F", "shiny": false, "level": 87, "moves": ["leechseed", "acrobatics", "substitute", "strengthsap"], "ability": "Infiltrator", "evs": {"hp": 81, "atk": 85, "def": 85, "spa": 85, "spd": 85, "spe": 85}, "ivs": {"hp": 31, "atk": 31, "def": 31, "spa": 31, "spd": 31, "spe": 31}, "item": "", "teraType": "Steel", "role": "Bulky Support", "bvs": {"hp": 75, "atk": 55, "def": 70, "spa": 55, "spd": 95, "spe": 110}, "stats": {"hp": 271, "atk": 145, "def": 172, "spa": 145, "spd": 215, "spe": 241}, "types": ["Grass", "Flying"]}, "Porygon-Z": {"name": "Porygon-Z", "species": "Porygon-Z", "speciesId": "porygonz", "gender": "N", "shiny": false, "level": 83, "moves": ["trick", "icebeam", "shadowball", "triattack"], "ability": "Adaptability", "evs": {"hp": 85, "atk": 0, "def": 85, "spa": 85, "spd": 85, "spe": 85}, "ivs": {"hp": 31, "atk": 0, "def": 31, "spa": 31, "spd": 31, "spe": 31}, "item": "Choice Scarf", "teraType": "Ghost", "role": "Fast Attacker", "bvs": {"hp": 85, "atk": 80, "def": 70, "spa": 135, "spd": 75, "spe": 90}, "stats": {"hp": 277, "atk": 137, "def": 164, "spa": 272, "spd": 172, "spe": 197}, "types": ["Normal"]}, "Diancie": {"name": "Diancie", "species": "Diancie", "speciesId": "diancie", "gender": "N", "shiny": false, "level": 82, "moves": ["bodypress", "diamondstorm", "moonblast", "stealthrock"], "ability": "Clear Body", "evs": {"hp": 85, "atk": 85, "def": 85, "spa": 85, "spd": 85, "spe": 85}, "ivs": {"hp": 31, "atk": 31, "def": 31, "spa": 31, "spd": 31, "spe": 31}, "item": "Leftovers", "teraType": "Fighting", "role": "Bulky Attacker", "bvs": {"hp": 50, "atk": 100, "def": 150, "spa": 100, "spd": 150, "spe": 50}, "stats": {"hp": 216, "atk": 211, "def": 293, "spa": 211, "spd": 293, "spe": 129}, "types": ["Rock", "Fairy"]}}]}