{"id": "gen9randombattle-2641818775", "format": "[Gen 9] Random Battle", "players": ["Gonzo0o", "DAZHULAN"], "log": "|j|\u2606Gonzo0o\n|j|\u2606DAZHULAN\n|t:|1782845651\n|gametype|singles\n|player|p1|Gonzo0o|101|1998\n|player|p2|DAZHULAN|cynthia|2005\n|gen|9\n|tier|[Gen 9] Random Battle\n|rated|\n|rule|Species Clause: Limit one of each Pok\u00e9mon\n|rule|HP Percentage Mod: HP is shown in percentages\n|rule|Sleep Clause Mod: Limit one foe put to sleep\n|rule|Illusion Level Mod: Illusion disguises the Pok\u00e9mon's true level\n|\n|t:|1782845651\n|teamsize|p1|6\n|teamsize|p2|6\n|start\n|switch|p1a: Falinks|Falinks, L84|246/246\n|switch|p2a: Palkia|Palkia-Origin, L72|249/249\n|-ability|p2a: Palkia|Pressure\n|turn|1\n|inactive|Battle timer is ON: inactive players will automatically lose when time's up. (requested by DAZHULAN)\n|\n|t:|1782845677\n|switch|p1a: Zekrom|Zekrom, L71|259/259\n|-ability|p1a: Zekrom|Teravolt\n|move|p2a: Palkia|Thunder Wave|p1a: Zekrom\n|-immune|p1a: Zekrom\n|\n|upkeep\n|turn|2\n|\n|t:|1782845687\n|switch|p1a: Primarina|Primarina, L83, M|268/268\n|move|p2a: Palkia|Spacial Rend|p1a: Primarina\n|-immune|p1a: Primarina\n|\n|upkeep\n|turn|3\n|\n|t:|1782845707\n|switch|p2a: Frosmoth|Frosmoth, L82, F|249/249\n|move|p1a: Primarina|Moonblast|p2a: Frosmoth\n|-damage|p2a: Frosmoth|162/249\n|-unboost|p2a: Frosmoth|spa|1\n|\n|upkeep\n|turn|4\n|inactive|Gonzo0o has 120 seconds left.\n|\n|t:|1782845740\n|switch|p1a: Seviper|Seviper, L93, F|287/287\n|move|p2a: Frosmoth|Quiver Dance|p2a: Frosmoth\n|-boost|p2a: Frosmoth|spa|1\n|-boost|p2a: Frosmoth|spd|1\n|-boost|p2a: Frosmoth|spe|1\n|\n|upkeep\n|turn|5\n|inactive|DAZHULAN has 120 seconds left.\n|\n|t:|1782845767\n|switch|p2a: Garganacl|Garganacl, L80, F|291/291\n|move|p1a: Seviper|Flamethrower|p2a: Garganacl\n|-resisted|p2a: Garganacl\n|-damage|p2a: Garganacl|236/291\n|-damage|p1a: Seviper|259/287|[from] item: Life Orb\n|\n|-heal|p2a: Garganacl|254/291|[from] item: Leftovers\n|upkeep\n|turn|6\n|inactive|DAZHULAN has 120 seconds left.\n|\n|t:|1782845781\n|switch|p1a: Suicune|Suicune, L82|298/298\n|-ability|p1a: Suicune|Pressure\n|move|p2a: Garganacl|Stealth Rock|p1a: Suicune\n|-sidestart|p1: Gonzo0o|move: Stealth Rock\n|\n|-heal|p2a: Garganacl|272/291|[from] item: Leftovers\n|upkeep\n|turn|7\n|\n|t:|1782845790\n|move|p1a: Suicune|Scald|p2a: Garganacl\n|-supereffective|p2a: Garganacl\n|-damage|p2a: Garganacl|120/291\n|move|p2a: Garganacl|Salt Cure|p1a: Suicune\n|-damage|p1a: Suicune|262/298\n|-start|p1a: Suicune|Salt Cure\n|\n|-heal|p1a: Suicune|280/298|[from] item: Leftovers\n|-heal|p2a: Garganacl|138/291|[from] item: Leftovers\n|-damage|p1a: Suicune|206/298|[from] Salt Cure\n|upkeep\n|turn|8\n|inactive|DAZHULAN has 120 seconds left.\n|\n|t:|1782845811\n|switch|p1a: Primarina|Primarina, L83, M|268/268\n|-damage|p1a: Primarina|235/268|[from] Stealth Rock\n|switch|p2a: Palkia|Palkia-Origin, L72|249/249\n|-ability|p2a: Palkia|Pressure\n|\n|upkeep\n|turn|9\n|inactive|DAZHULAN has 120 seconds left.\n|\n|t:|1782845840\n|switch|p2a: Frosmoth|Frosmoth, L82, F|162/249\n|move|p1a: Primarina|Moonblast|p2a: Frosmoth\n|-damage|p2a: Frosmoth|78/249\n|\n|upkeep\n|turn|10\n|\n|t:|1782845848\n|move|p2a: Frosmoth|Giga Drain|p1a: Primarina\n|-supereffective|p1a: Primarina\n|-damage|p1a: Primarina|127/268\n|-heal|p2a: Frosmoth|132/249|[from] drain|[of] p1a: Primarina\n|move|p1a: Primarina|Moonblast|p2a: Frosmoth\n|-damage|p2a: Frosmoth|43/249\n|\n|upkeep\n|turn|11\n|\n|t:|1782845862\n|move|p2a: Frosmoth|Giga Drain|p1a: Primarina\n|-supereffective|p1a: Primarina\n|-damage|p1a: Primarina|25/268\n|-heal|p2a: Frosmoth|94/249|[from] drain|[of] p1a: Primarina\n|move|p1a: Primarina|Moonblast|p2a: Frosmoth\n|-damage|p2a: Frosmoth|0 fnt\n|faint|p2a: Frosmoth\n|\n|upkeep\n|inactive|DAZHULAN has 90 seconds left.\n|inactive|DAZHULAN has 60 seconds left.\n|\n|t:|1782845923\n|switch|p2a: Garganacl|Garganacl, L80, F|138/291\n|turn|12\n|\n|t:|1782845930\n|move|p1a: Primarina|Moonblast|p2a: Garganacl\n|-damage|p2a: Garganacl|0 fnt\n|faint|p2a: Garganacl\n|\n|upkeep\n|inactive|DAZHULAN has 60 seconds left.\n|\n|t:|1782845952\n|switch|p2a: Infernape|Infernape, L82, F|259/259\n|turn|13\n|\n|t:|1782845959\n|move|p2a: Infernape|Knock Off|p1a: Primarina\n|-resisted|p1a: Primarina\n|-damage|p1a: Primarina|0 fnt\n|-enditem|p1a: Primarina|Choice Specs|[from] move: Knock Off|[of] p2a: Infernape\n|faint|p1a: Primarina\n|\n|upkeep\n|\n|t:|1782845975\n|switch|p1a: Falinks|Falinks, L84|246/246\n|-damage|p1a: Falinks|231/246|[from] Stealth Rock\n|turn|14\n|inactive|DAZHULAN has 60 seconds left.\n|\n|t:|1782845992\n|switch|p2a: Palkia|Palkia-Origin, L72|249/249\n|-ability|p2a: Palkia|Pressure\n|move|p1a: Falinks|No Retreat|p1a: Falinks\n|-boost|p1a: Falinks|atk|1\n|-boost|p1a: Falinks|def|1\n|-boost|p1a: Falinks|spa|1\n|-boost|p1a: Falinks|spd|1\n|-boost|p1a: Falinks|spe|1\n|-start|p1a: Falinks|move: No Retreat\n|\n|upkeep\n|turn|15\n|inactive|DAZHULAN has 60 seconds left.\n|\n|t:|1782846000\n|move|p1a: Falinks|Close Combat|p2a: Palkia\n|-damage|p2a: Palkia|0 fnt\n|-unboost|p1a: Falinks|def|1\n|-unboost|p1a: Falinks|spd|1\n|faint|p2a: Palkia\n|-damage|p1a: Falinks|207/246|[from] item: Life Orb\n|\n|upkeep\n|inactive|DAZHULAN has 60 seconds left.\n|\n|t:|1782846024\n|switch|p2a: Primarina|Primarina, L83, F|268/268\n|turn|16\n|\n|t:|1782846045\n|move|p1a: Falinks|Iron Head|p2a: Primarina\n|-damage|p2a: Primarina|139/268\n|-damage|p1a: Falinks|183/246|[from] item: Life Orb\n|cant|p2a: Primarina|flinch\n|\n|-heal|p2a: Primarina|155/268|[from] item: Leftovers\n|upkeep\n|turn|17\n|\n|t:|1782846051\n|move|p1a: Falinks|Iron Head|p2a: Primarina\n|-damage|p2a: Primarina|21/268\n|-damage|p1a: Falinks|159/246|[from] item: Life Orb\n|cant|p2a: Primarina|flinch\n|\n|-heal|p2a: Primarina|37/268|[from] item: Leftovers\n|upkeep\n|turn|18\n|\n|t:|1782846062\n|move|p1a: Falinks|Iron Head|p2a: Primarina\n|-damage|p2a: Primarina|0 fnt\n|faint|p2a: Primarina\n|-damage|p1a: Falinks|135/246|[from] item: Life Orb\n|\n|upkeep\n|\n|t:|1782846068\n|switch|p2a: Mimikyu|Mimikyu, L79, M|216/216\n|turn|19\n|\n|t:|1782846080\n|move|p1a: Falinks|Iron Head|p2a: Mimikyu\n|-activate|p2a: Mimikyu|ability: Disguise\n|-damage|p2a: Mimikyu|216/216\n|detailschange|p2a: Mimikyu|Mimikyu-Busted, L79, M\n|-damage|p2a: Mimikyu|189/216|[from] pokemon: Mimikyu-Busted\n|-damage|p1a: Falinks|111/246|[from] item: Life Orb\n|move|p2a: Mimikyu|Swords Dance|p2a: Mimikyu\n|-boost|p2a: Mimikyu|atk|2\n|\n|upkeep\n|turn|20\n|\n|t:|1782846096\n|-terastallize|p2a: Mimikyu|Ghost\n|move|p2a: Mimikyu|Shadow Sneak|p1a: Falinks\n|-damage|p1a: Falinks|0 fnt\n|faint|p1a: Falinks\n|-damage|p2a: Mimikyu|168/216|[from] item: Life Orb\n|\n|upkeep\n|\n|t:|1782846126\n|switch|p1a: Suicune|Suicune, L82|206/298\n|-damage|p1a: Suicune|169/298|[from] Stealth Rock\n|-ability|p1a: Suicune|Pressure\n|turn|21\n|\n|t:|1782846149\n|move|p2a: Mimikyu|Play Rough|p1a: Suicune\n|-damage|p1a: Suicune|0 fnt\n|faint|p1a: Suicune\n|-damage|p2a: Mimikyu|147/216|[from] item: Life Orb\n|\n|upkeep\n|inactive|Gonzo0o has 120 seconds left.\n|\n|t:|1782846170\n|switch|p1a: Seviper|Seviper, L93, F|259/287\n|-damage|p1a: Seviper|224/287|[from] Stealth Rock\n|turn|22\n|\n|t:|1782846179\n|move|p2a: Mimikyu|Shadow Claw|p1a: Seviper\n|-damage|p1a: Seviper|0 fnt\n|faint|p1a: Seviper\n|-damage|p2a: Mimikyu|126/216|[from] item: Life Orb\n|\n|upkeep\n|inactive|Gonzo0o has 120 seconds left.\n|\n|t:|1782846195\n|switch|p1a: Zekrom|Zekrom, L71|259/259\n|-damage|p1a: Zekrom|227/259|[from] Stealth Rock\n|-ability|p1a: Zekrom|Teravolt\n|turn|23\n|inactive|Gonzo0o has 120 seconds left.\n|\n|t:|1782846204\n|-terastallize|p1a: Zekrom|Grass\n|move|p2a: Mimikyu|Play Rough|p1a: Zekrom\n|-crit|p1a: Zekrom\n|-damage|p1a: Zekrom|0 fnt\n|faint|p1a: Zekrom\n|-damage|p2a: Mimikyu|105/216|[from] item: Life Orb\n|\n|upkeep\n|inactive|Gonzo0o has 120 seconds left.\n|\n|t:|1782846209\n|switch|p1a: Medicham|Medicham, L86, F|243/243\n|-damage|p1a: Medicham|228/243|[from] Stealth Rock\n|turn|24\n|\n|t:|1782846215\n|move|p2a: Mimikyu|Shadow Sneak|p1a: Medicham\n|-supereffective|p1a: Medicham\n|-damage|p1a: Medicham|0 fnt\n|faint|p1a: Medicham\n|-damage|p2a: Mimikyu|84/216|[from] item: Life Orb\n|\n|win|DAZHULAN\n|raw|Gonzo0o's rating: 1998 &rarr; <strong>1978</strong><br />(-20 for losing)\n|raw|DAZHULAN's rating: 2005 &rarr; <strong>2025</strong><br />(+20 for winning)\n", "inputlog": ">version f8ac14003a5f27e1bdc8d8c59608a773c1cb96e5\n>start {\"formatid\":\"gen9randombattle\",\"seed\":\"sodium,7f2f42824f9cc4d9b63a6d0647e05494\",\"rated\":\"Rated battle\"}\n>player p1 {\"name\":\"Gonzo0o\",\"avatar\":\"101\",\"rating\":1998,\"seed\":\"sodium,8e0acdac3dacfba7f570df9b3a659db8\"}\n>player p2 {\"name\":\"DAZHULAN\",\"avatar\":\"cynthia\",\"rating\":2005,\"seed\":\"sodium,fa7ddfaaf3183eeaaade7726d8655ebf\"}\n>p1 switch 5\n>p2 move thunderwave\n>p1 switch 6\n>p2 move spacialrend\n>p1 move moonblast\n>p2 switch 3\n>p1 switch 2\n>p2 move quiverdance\n>p1 move flamethrower\n>p2 switch 4\n>p1 switch 3\n>p2 move stealthrock\n>p1 move scald\n>p2 move saltcure\n>p1 switch 2\n>p2 switch 3\n>p1 move moonblast\n>p2 switch 4\n>p1 move moonblast\n>p2 move gigadrain\n>p1 move moonblast\n>p2 move gigadrain\n>p2 switch 3\n>p1 move moonblast\n>p2 move recover\n>p2 switch 2\n>p1 move moonblast\n>p2 move knockoff\n>p1 switch 5\n>p1 move noretreat\n>p2 switch 4\n>p1 move closecombat\n>p2 move thunderwave\n>p2 switch 6\n>p1 move ironhead\n>p2 move drainingkiss\n>p1 move ironhead\n>p2 move drainingkiss\n>p1 move ironhead\n>p2 move drainingkiss\n>p2 switch 5\n>p1 move ironhead\n>p2 move swordsdance\n>p1 move ironhead\n>p2 move shadowsneak terastallize\n>p1 switch 2\n>p1 move scald\n>p2 move playrough\n>p1 switch 3\n>p1 move glare\n>p2 move shadowclaw\n>p1 switch 6\n>p1 move boltstrike terastallize\n>p2 move playrough\n>p1 switch 4\n>p1 move zenheadbutt\n>p2 move shadowsneak", "uploadtime": 1782846215, "views": 8, "formatid": "gen9randombattle", "rating": 1978, "private": 0, "password": null, "player_dets": [{"name": "Gonzo0o", "avatar": "101", "rating": 1998, "seed": "sodium,8e0acdac3dacfba7f570df9b3a659db8"}, {"name": "DAZHULAN", "avatar": "cynthia", "rating": 2005, "seed": "sodium,fa7ddfaaf3183eeaaade7726d8655ebf"}], "teams_full": [{"Falinks": {"name": "Falinks", "species": "Falinks", "speciesId": "falinks", "gender": "N", "shiny": false, "level": 84, "moves": ["ironhead", "knockoff", "noretreat", "closecombat"], "ability": "Defiant", "evs": {"hp": 85, "atk": 85, "def": 85, "spa": 85, "spd": 85, "spe": 85}, "ivs": {"hp": 31, "atk": 31, "def": 31, "spa": 31, "spd": 31, "spe": 31}, "item": "Life Orb", "teraType": "Dark", "role": "Setup Sweeper", "bvs": {"hp": 65, "atk": 100, "def": 100, "spa": 70, "spd": 60, "spe": 75}, "stats": {"hp": 246, "atk": 216, "def": 216, "spa": 166, "spd": 149, "spe": 174}, "types": ["Fighting"]}, "Seviper": {"name": "Seviper", "species": "Seviper", "speciesId": "seviper", "gender": "F", "shiny": false, "level": 93, "moves": ["gigadrain", "flamethrower", "glare", "gunkshot"], "ability": "Infiltrator", "evs": {"hp": 85, "atk": 85, "def": 85, "spa": 85, "spd": 85, "spe": 85}, "ivs": {"hp": 31, "atk": 31, "def": 31, "spa": 31, "spd": 31, "spe": 31}, "item": "Life Orb", "teraType": "Poison", "role": "Fast Attacker", "bvs": {"hp": 73, "atk": 100, "def": 60, "spa": 100, "spd": 60, "spe": 65}, "stats": {"hp": 287, "atk": 239, "def": 164, "spa": 239, "spd": 164, "spe": 174}, "types": ["Poison"]}, "Suicune": {"name": "Suicune", "species": "Suicune", "speciesId": "suicune", "gender": "N", "shiny": false, "level": 82, "moves": ["calmmind", "scald", "substitute", "icebeam"], "ability": "Pressure", "evs": {"hp": 85, "atk": 0, "def": 85, "spa": 85, "spd": 85, "spe": 85}, "ivs": {"hp": 31, "atk": 0, "def": 31, "spa": 31, "spd": 31, "spe": 31}, "item": "Leftovers", "teraType": "Steel", "role": "Bulky Setup", "bvs": {"hp": 100, "atk": 75, "def": 115, "spa": 90, "spd": 115, "spe": 85}, "stats": {"hp": 298, "atk": 127, "def": 236, "spa": 195, "spd": 236, "spe": 187}, "types": ["Water"]}, "Medicham": {"name": "Medicham", "species": "Medicham", "speciesId": "medicham", "gender": "F", "shiny": false, "level": 86, "moves": ["zenheadbutt", "icepunch", "closecombat", "poisonjab"], "ability": "Pure Power", "evs": {"hp": 85, "atk": 85, "def": 85, "spa": 85, "spd": 85, "spe": 85}, "ivs": {"hp": 31, "atk": 31, "def": 31, "spa": 31, "spd": 31, "spe": 31}, "item": "Choice Band", "teraType": "Fighting", "role": "Fast Attacker", "bvs": {"hp": 60, "atk": 60, "def": 75, "spa": 60, "spd": 75, "spe": 80}, "stats": {"hp": 243, "atk": 152, "def": 178, "spa": 152, "spd": 178, "spe": 187}, "types": ["Fighting", "Psychic"]}, "Zekrom": {"name": "Zekrom", "species": "Zekrom", "speciesId": "zekrom", "gender": "N", "shiny": false, "level": 71, "moves": ["outrage", "boltstrike", "substitute", "dragondance"], "ability": "Teravolt", "evs": {"hp": 85, "atk": 85, "def": 85, "spa": 85, "spd": 85, "spe": 85}, "ivs": {"hp": 31, "atk": 31, "def": 31, "spa": 31, "spd": 31, "spe": 31}, "item": "Leftovers", "teraType": "Grass", "role": "Setup Sweeper", "bvs": {"hp": 100, "atk": 150, "def": 120, "spa": 120, "spd": 100, "spe": 90}, "stats": {"hp": 259, "atk": 254, "def": 212, "spa": 212, "spd": 183, "spe": 169}, "types": ["Dragon", "Electric"]}, "Primarina": {"name": "Primarina", "species": "Primarina", "speciesId": "primarina", "gender": "M", "shiny": false, "level": 83, "moves": ["hydropump", "psychic", "flipturn", "moonblast"], "ability": "Torrent", "evs": {"hp": 85, "atk": 85, "def": 85, "spa": 85, "spd": 85, "spe": 85}, "ivs": {"hp": 31, "atk": 31, "def": 31, "spa": 31, "spd": 31, "spe": 31}, "item": "Choice Specs", "teraType": "Water", "role": "Wallbreaker", "bvs": {"hp": 80, "atk": 74, "def": 74, "spa": 126, "spd": 116, "spe": 60}, "stats": {"hp": 268, "atk": 171, "def": 171, "spa": 257, "spd": 240, "spe": 147}, "types": ["Water", "Fairy"]}}, {"Palkia": {"name": "Palkia", "species": "Palkia-Origin", "speciesId": "palkiaorigin", "gender": "N", "shiny": false, "level": 72, "moves": ["fireblast", "hydropump", "spacialrend", "thunderwave"], "ability": "Pressure", "evs": {"hp": 85, "atk": 0, "def": 85, "spa": 85, "spd": 85, "spe": 85}, "ivs": {"hp": 31, "atk": 0, "def": 31, "spa": 31, "spd": 31, "spe": 31}, "item": "Lustrous Globe", "teraType": "Fire", "role": "Bulky Attacker", "bvs": {"hp": 90, "atk": 100, "def": 100, "spa": 150, "spd": 120, "spe": 120}, "stats": {"hp": 249, "atk": 149, "def": 186, "spa": 258, "spd": 215, "spe": 215}, "types": ["Water", "Dragon"]}, "Infernape": {"name": "Infernape", "species": "Infernape", "speciesId": "infernape", "gender": "F", "shiny": false, "level": 82, "moves": ["uturn", "closecombat", "knockoff", "flareblitz"], "ability": "Blaze", "evs": {"hp": 85, "atk": 85, "def": 85, "spa": 85, "spd": 85, "spe": 85}, "ivs": {"hp": 31, "atk": 31, "def": 31, "spa": 31, "spd": 31, "spe": 31}, "item": "Choice Band", "teraType": "Fighting", "role": "Fast Support", "bvs": {"hp": 76, "atk": 104, "def": 71, "spa": 104, "spd": 71, "spe": 108}, "stats": {"hp": 259, "atk": 218, "def": 164, "spa": 218, "spd": 164, "spe": 224}, "types": ["Fire", "Fighting"]}, "Frosmoth": {"name": "Frosmoth", "species": "Frosmoth", "speciesId": "frosmoth", "gender": "F", "shiny": false, "level": 82, "moves": ["gigadrain", "bugbuzz", "icebeam", "quiverdance"], "ability": "Ice Scales", "evs": {"hp": 85, "atk": 0, "def": 85, "spa": 85, "spd": 85, "spe": 85}, "ivs": {"hp": 31, "atk": 0, "def": 31, "spa": 31, "spd": 31, "spe": 31}, "item": "Heavy-Duty Boots", "teraType": "Water", "role": "Setup Sweeper", "bvs": {"hp": 70, "atk": 65, "def": 60, "spa": 125, "spd": 90, "spe": 65}, "stats": {"hp": 249, "atk": 111, "def": 146, "spa": 252, "spd": 195, "spe": 154}, "types": ["Ice", "Bug"]}, "Garganacl": {"name": "Garganacl", "species": "Garganacl", "speciesId": "garganacl", "gender": "F", "shiny": false, "level": 80, "moves": ["earthquake", "stealthrock", "saltcure", "recover"], "ability": "Purifying Salt", "evs": {"hp": 85, "atk": 85, "def": 85, "spa": 85, "spd": 85, "spe": 85}, "ivs": {"hp": 31, "atk": 31, "def": 31, "spa": 31, "spd": 31, "spe": 31}, "item": "Leftovers", "teraType": "Dragon", "role": "Bulky Attacker", "bvs": {"hp": 100, "atk": 100, "def": 130, "spa": 45, "spd": 90, "spe": 35}, "stats": {"hp": 291, "atk": 206, "def": 254, "spa": 118, "spd": 190, "spe": 102}, "types": ["Rock"]}, "Mimikyu": {"name": "Mimikyu", "species": "Mimikyu", "speciesId": "mimikyu", "gender": "M", "shiny": false, "level": 79, "moves": ["shadowsneak", "shadowclaw", "swordsdance", "playrough"], "ability": "Disguise", "evs": {"hp": 85, "atk": 85, "def": 85, "spa": 85, "spd": 85, "spe": 85}, "ivs": {"hp": 31, "atk": 31, "def": 31, "spa": 31, "spd": 31, "spe": 31}, "item": "Life Orb", "teraType": "Ghost", "role": "Fast Bulky Setup", "bvs": {"hp": 55, "atk": 90, "def": 80, "spa": 50, "spd": 105, "spe": 96}, "stats": {"hp": 216, "atk": 188, "def": 172, "spa": 125, "spd": 211, "spe": 197}, "types": ["Ghost", "Fairy"]}, "Primarina": {"name": "Primarina", "species": "Primarina", "speciesId": "primarina", "gender": "F", "shiny": false, "level": 83, "moves": ["psychic", "sparklingaria", "calmmind", "drainingkiss"], "ability": "Torrent", "evs": {"hp": 85, "atk": 0, "def": 85, "spa": 85, "spd": 85, "spe": 85}, "ivs": {"hp": 31, "atk": 0, "def": 31, "spa": 31, "spd": 31, "spe": 31}, "item": "Leftovers", "teraType": "Poison", "role": "Bulky Attacker", "bvs": {"hp": 80, "atk": 74, "def": 74, "spa": 126, "spd": 116, "spe": 60}, "stats": {"hp": 268, "atk": 127, "def": 171, "spa": 257, "spd": 240, "spe": 147}, "types": ["Water", "Fairy"]}}]}