{"id": "gen9randombattle-2642004886", "format": "[Gen 9] Random Battle", "players": ["NoChrisNoWin", "notmetbh102"], "log": "|j|\u2606NoChrisNoWin\n|j|\u2606notmetbh102\n|t:|1782871893\n|gametype|singles\n|player|p1|NoChrisNoWin|102|2086\n|player|p2|notmetbh102|265|2288\n|gen|9\n|tier|[Gen 9] Random Battle\n|rated|\n|rule|Species Clause: Limit one of each Pok\u00e9mon\n|rule|HP Percentage Mod: HP is shown in percentages\n|rule|Sleep Clause Mod: Limit one foe put to sleep\n|rule|Illusion Level Mod: Illusion disguises the Pok\u00e9mon's true level\n|\n|t:|1782871893\n|teamsize|p1|6\n|teamsize|p2|6\n|start\n|switch|p1a: Araquanid|Araquanid, L82, F|246/246\n|switch|p2a: Moltres|Moltres-Galar, L79|271/271\n|turn|1\n|inactive|Battle timer is ON: inactive players will automatically lose when time's up. (requested by notmetbh102)\n|c|\u2606notmetbh102|hf\n|\n|t:|1782871898\n|switch|p1a: Sudowoodo|Sudowoodo, L94, F|284/284\n|move|p2a: Moltres|Nasty Plot|p2a: Moltres\n|-boost|p2a: Moltres|spa|2\n|\n|upkeep\n|turn|2\n|\n|t:|1782871901\n|move|p2a: Moltres|Fiery Wrath|p1a: Sudowoodo\n|-damage|p1a: Sudowoodo|97/284\n|cant|p1a: Sudowoodo|flinch\n|\n|-heal|p1a: Sudowoodo|114/284|[from] item: Leftovers\n|upkeep\n|turn|3\n|\n|t:|1782871910\n|move|p2a: Moltres|Fiery Wrath|p1a: Sudowoodo\n|-damage|p1a: Sudowoodo|0 fnt\n|faint|p1a: Sudowoodo\n|\n|upkeep\n|\n|t:|1782871911\n|switch|p1a: Iron Bundle|Iron Bundle, L78|215/215\n|turn|4\n|\n|t:|1782871914\n|-terastallize|p2a: Moltres|Dark\n|move|p1a: Iron Bundle|Freeze-Dry|p2a: Moltres\n|-damage|p2a: Moltres|205/271\n|move|p2a: Moltres|Fiery Wrath|p1a: Iron Bundle\n|-damage|p1a: Iron Bundle|0 fnt\n|faint|p1a: Iron Bundle\n|-end|p1a: Iron Bundle|Quark Drive|[silent]\n|\n|upkeep\n|\n|t:|1782871922\n|switch|p1a: Victreebel|Victreebel, L90, F|290/290\n|turn|5\n|\n|t:|1782871926\n|move|p2a: Moltres|Hurricane|p1a: Victreebel\n|-supereffective|p1a: Victreebel\n|-damage|p1a: Victreebel|0 fnt\n|faint|p1a: Victreebel\n|\n|upkeep\n|\n|t:|1782871927\n|switch|p1a: Thundurus|Thundurus, L80, M|258/258\n|turn|6\n|\n|t:|1782871930\n|move|p1a: Thundurus|Thunder Wave|p2a: Moltres\n|-hint|Since gen 7, Dark is immune to Prankster moves.\n|-immune|p2a: Moltres\n|move|p2a: Moltres|Fiery Wrath|p1a: Thundurus\n|-damage|p1a: Thundurus|14/258\n|\n|upkeep\n|turn|7\n|\n|t:|1782871934\n|move|p1a: Thundurus|Thunderbolt|p2a: Moltres\n|-damage|p2a: Moltres|114/271\n|-ability|p2a: Moltres|Berserk|boost\n|-boost|p2a: Moltres|spa|1\n|move|p2a: Moltres|Fiery Wrath|p1a: Thundurus\n|-damage|p1a: Thundurus|0 fnt\n|faint|p1a: Thundurus\n|\n|upkeep\n|-message|NoChrisNoWin forfeited.\n|\n|win|notmetbh102\n|raw|NoChrisNoWin's rating: 2086 &rarr; <strong>2076</strong><br />(-10 for losing)\n|raw|notmetbh102's rating: 2288 &rarr; <strong>2298</strong><br />(+10 for winning)\n|c|\u2606notmetbh102|gg\n|l|\u2606NoChrisNoWin\n|player|p1|\n", "inputlog": ">version f8ac14003a5f27e1bdc8d8c59608a773c1cb96e5\n>start {\"formatid\":\"gen9randombattle\",\"seed\":\"sodium,1404e432b792beeea32a761bc9354ecb\",\"rated\":\"Rated battle\"}\n>player p1 {\"name\":\"NoChrisNoWin\",\"avatar\":\"102\",\"rating\":2086,\"seed\":\"sodium,1b79f8da511f6fe2461ece9897a0f862\"}\n>player p2 {\"name\":\"notmetbh102\",\"avatar\":\"265\",\"rating\":2288,\"seed\":\"sodium,d341de279a96e2f6443c02d13ee5c32a\"}\n>chat \u2606notmetbh102|hf\n>p1 switch 3\n>p2 move nastyplot\n>p1 move headsmash\n>p2 move fierywrath\n>p1 move headsmash\n>p2 move fierywrath\n>p1 switch 2\n>p1 move freezedry\n>p2 move fierywrath terastallize\n>p1 switch 5\n>p1 move poisonjab\n>p2 move hurricane\n>p1 switch 4\n>p1 move thunderwave\n>p2 move fierywrath\n>p1 move thunderbolt\n>p2 move fierywrath\n>forcelose p1", "uploadtime": 1782871941, "views": 3, "formatid": "gen9randombattle", "rating": 2076, "private": 0, "password": null, "player_dets": [{"name": "NoChrisNoWin", "avatar": "102", "rating": 2086, "seed": "sodium,1b79f8da511f6fe2461ece9897a0f862"}, {"name": "notmetbh102", "avatar": "265", "rating": 2288, "seed": "sodium,d341de279a96e2f6443c02d13ee5c32a"}], "teams_full": [{"Araquanid": {"name": "Araquanid", "species": "Araquanid", "speciesId": "araquanid", "gender": "F", "shiny": false, "level": 82, "moves": ["liquidation", "leechlife", "stickyweb", "hydropump"], "ability": "Water Bubble", "evs": {"hp": 85, "atk": 85, "def": 85, "spa": 85, "spd": 85, "spe": 85}, "ivs": {"hp": 31, "atk": 31, "def": 31, "spa": 31, "spd": 31, "spe": 31}, "item": "Heavy-Duty Boots", "teraType": "Steel", "role": "Bulky Attacker", "bvs": {"hp": 68, "atk": 70, "def": 92, "spa": 50, "spd": 132, "spe": 42}, "stats": {"hp": 246, "atk": 162, "def": 198, "spa": 129, "spd": 264, "spe": 116}, "types": ["Water", "Bug"]}, "Iron Bundle": {"name": "Iron Bundle", "species": "Iron Bundle", "speciesId": "ironbundle", "gender": "N", "shiny": false, "level": 78, "moves": ["encore", "flipturn", "freezedry", "hydropump"], "ability": "Quark Drive", "evs": {"hp": 85, "atk": 85, "def": 85, "spa": 85, "spd": 85, "spe": 85}, "ivs": {"hp": 31, "atk": 31, "def": 31, "spa": 31, "spd": 31, "spe": 31}, "item": "Heavy-Duty Boots", "teraType": "Water", "role": "Fast Attacker", "bvs": {"hp": 56, "atk": 80, "def": 114, "spa": 124, "spd": 60, "spe": 136}, "stats": {"hp": 215, "atk": 170, "def": 223, "spa": 239, "spd": 139, "spe": 257}, "types": ["Ice", "Water"]}, "Sudowoodo": {"name": "Sudowoodo", "species": "Sudowoodo", "speciesId": "sudowoodo", "gender": "F", "shiny": false, "level": 94, "moves": ["woodhammer", "suckerpunch", "stealthrock", "headsmash"], "ability": "Rock Head", "evs": {"hp": 85, "atk": 85, "def": 85, "spa": 85, "spd": 85, "spe": 85}, "ivs": {"hp": 31, "atk": 31, "def": 31, "spa": 31, "spd": 31, "spe": 31}, "item": "Leftovers", "teraType": "Grass", "role": "Bulky Attacker", "bvs": {"hp": 70, "atk": 100, "def": 115, "spa": 30, "spd": 65, "spe": 30}, "stats": {"hp": 284, "atk": 241, "def": 270, "spa": 110, "spd": 176, "spe": 110}, "types": ["Rock"]}, "Thundurus": {"name": "Thundurus", "species": "Thundurus", "speciesId": "thundurus", "gender": "M", "shiny": false, "level": 80, "moves": ["thunderwave", "uturn", "thunderbolt", "sludgewave"], "ability": "Prankster", "evs": {"hp": 85, "atk": 85, "def": 85, "spa": 85, "spd": 85, "spe": 85}, "ivs": {"hp": 31, "atk": 31, "def": 31, "spa": 31, "spd": 31, "spe": 31}, "item": "Heavy-Duty Boots", "teraType": "Steel", "role": "Fast Attacker", "bvs": {"hp": 79, "atk": 115, "def": 70, "spa": 125, "spd": 80, "spe": 111}, "stats": {"hp": 258, "atk": 230, "def": 158, "spa": 246, "spd": 174, "spe": 224}, "types": ["Electric", "Flying"]}, "Victreebel": {"name": "Victreebel", "species": "Victreebel", "speciesId": "victreebel", "gender": "F", "shiny": false, "level": 90, "moves": ["poisonjab", "suckerpunch", "swordsdance", "powerwhip"], "ability": "Chlorophyll", "evs": {"hp": 85, "atk": 85, "def": 85, "spa": 85, "spd": 85, "spe": 85}, "ivs": {"hp": 31, "atk": 31, "def": 31, "spa": 31, "spd": 31, "spe": 31}, "item": "Life Orb", "teraType": "Dark", "role": "Setup Sweeper", "bvs": {"hp": 80, "atk": 105, "def": 65, "spa": 100, "spd": 70, "spe": 70}, "stats": {"hp": 290, "atk": 240, "def": 168, "spa": 231, "spd": 177, "spe": 177}, "types": ["Grass", "Poison"]}, "Shiftry": {"name": "Shiftry", "species": "Shiftry", "speciesId": "shiftry", "gender": "M", "shiny": false, "level": 89, "moves": ["leafblade", "swordsdance", "suckerpunch", "knockoff"], "ability": "Wind Rider", "evs": {"hp": 85, "atk": 85, "def": 85, "spa": 85, "spd": 85, "spe": 85}, "ivs": {"hp": 31, "atk": 31, "def": 31, "spa": 31, "spd": 31, "spe": 31}, "item": "Life Orb", "teraType": "Poison", "role": "Fast Bulky Setup", "bvs": {"hp": 90, "atk": 100, "def": 60, "spa": 90, "spd": 60, "spe": 80}, "stats": {"hp": 305, "atk": 229, "def": 158, "spa": 211, "spd": 158, "spe": 193}, "types": ["Grass", "Dark"]}}, {"Moltres": {"name": "Moltres", "species": "Moltres-Galar", "speciesId": "moltresgalar", "gender": "N", "shiny": false, "level": 79, "moves": ["nastyplot", "hurricane", "rest", "fierywrath"], "ability": "Berserk", "evs": {"hp": 81, "atk": 0, "def": 85, "spa": 85, "spd": 85, "spe": 85}, "ivs": {"hp": 31, "atk": 0, "def": 31, "spa": 31, "spd": 31, "spe": 31}, "item": "Chesto Berry", "teraType": "Dark", "role": "Bulky Setup", "bvs": {"hp": 90, "atk": 85, "def": 90, "spa": 100, "spd": 125, "spe": 90}, "stats": {"hp": 271, "atk": 139, "def": 188, "spa": 204, "spd": 243, "spe": 188}, "types": ["Dark", "Flying"]}, "Altaria": {"name": "Altaria", "species": "Altaria", "speciesId": "altaria", "gender": "F", "shiny": false, "level": 89, "moves": ["defog", "bravebird", "haze", "roost"], "ability": "Natural Cure", "evs": {"hp": 85, "atk": 85, "def": 85, "spa": 85, "spd": 85, "spe": 85}, "ivs": {"hp": 31, "atk": 31, "def": 31, "spa": 31, "spd": 31, "spe": 31}, "item": "Heavy-Duty Boots", "teraType": "Steel", "role": "Bulky Support", "bvs": {"hp": 75, "atk": 70, "def": 90, "spa": 70, "spd": 105, "spe": 80}, "stats": {"hp": 278, "atk": 175, "def": 211, "spa": 175, "spd": 238, "spe": 193}, "types": ["Dragon", "Flying"]}, "Wyrdeer": {"name": "Wyrdeer", "species": "Wyrdeer", "speciesId": "wyrdeer", "gender": "M", "shiny": false, "level": 87, "moves": ["earthquake", "bodyslam", "thunderwave", "psychicnoise"], "ability": "Intimidate", "evs": {"hp": 85, "atk": 85, "def": 85, "spa": 85, "spd": 85, "spe": 85}, "ivs": {"hp": 31, "atk": 31, "def": 31, "spa": 31, "spd": 31, "spe": 31}, "item": "Leftovers", "teraType": "Ground", "role": "Bulky Attacker", "bvs": {"hp": 103, "atk": 105, "def": 72, "spa": 105, "spd": 75, "spe": 65}, "stats": {"hp": 321, "atk": 232, "def": 175, "spa": 232, "spd": 180, "spe": 163}, "types": ["Normal", "Psychic"]}, "Latios": {"name": "Latios", "species": "Latios", "speciesId": "latios", "gender": "M", "shiny": false, "level": 78, "moves": ["recover", "aurasphere", "dracometeor", "lusterpurge"], "ability": "Levitate", "evs": {"hp": 85, "atk": 0, "def": 85, "spa": 85, "spd": 85, "spe": 85}, "ivs": {"hp": 31, "atk": 0, "def": 31, "spa": 31, "spd": 31, "spe": 31}, "item": "Soul Dew", "teraType": "Dragon", "role": "Bulky Attacker", "bvs": {"hp": 80, "atk": 90, "def": 80, "spa": 130, "spd": 110, "spe": 110}, "stats": {"hp": 253, "atk": 145, "def": 170, "spa": 248, "spd": 217, "spe": 217}, "types": ["Dragon", "Psychic"]}, "Seviper": {"name": "Seviper", "species": "Seviper", "speciesId": "seviper", "gender": "M", "shiny": false, "level": 93, "moves": ["earthquake", "gunkshot", "gigadrain", "glare"], "ability": "Infiltrator", "evs": {"hp": 85, "atk": 85, "def": 85, "spa": 85, "spd": 85, "spe": 85}, "ivs": {"hp": 31, "atk": 31, "def": 31, "spa": 31, "spd": 31, "spe": 31}, "item": "Life Orb", "teraType": "Ground", "role": "Fast Attacker", "bvs": {"hp": 73, "atk": 100, "def": 60, "spa": 100, "spd": 60, "spe": 65}, "stats": {"hp": 287, "atk": 239, "def": 164, "spa": 239, "spd": 164, "spe": 174}, "types": ["Poison"]}, "Lapras": {"name": "Lapras", "species": "Lapras", "speciesId": "lapras", "gender": "M", "shiny": false, "level": 87, "moves": ["rest", "sleeptalk", "freezedry", "sparklingaria"], "ability": "Water Absorb", "evs": {"hp": 85, "atk": 0, "def": 85, "spa": 85, "spd": 85, "spe": 85}, "ivs": {"hp": 31, "atk": 0, "def": 31, "spa": 31, "spd": 31, "spe": 31}, "item": "Heavy-Duty Boots", "teraType": "Ground", "role": "Bulky Attacker", "bvs": {"hp": 130, "atk": 85, "def": 80, "spa": 85, "spd": 95, "spe": 60}, "stats": {"hp": 368, "atk": 152, "def": 189, "spa": 198, "spd": 215, "spe": 154}, "types": ["Water", "Ice"]}}]}