{"id": "gen9randombattle-2642009689", "format": "[Gen 9] Random Battle", "players": ["Hyusu", "forcemajor14"], "log": "|j|\u2606Hyusu\n|j|\u2606forcemajor14\n|t:|1782872668\n|gametype|singles\n|player|p1|Hyusu|unknown|2092\n|player|p2|forcemajor14|169|2022\n|gen|9\n|tier|[Gen 9] Random Battle\n|rated|\n|rule|Species Clause: Limit one of each Pok\u00e9mon\n|rule|HP Percentage Mod: HP is shown in percentages\n|rule|Sleep Clause Mod: Limit one foe put to sleep\n|rule|Illusion Level Mod: Illusion disguises the Pok\u00e9mon's true level\n|\n|t:|1782872668\n|teamsize|p1|6\n|teamsize|p2|6\n|start\n|switch|p1a: Kilowattrel|Kilowattrel, L83, M|252/252\n|switch|p2a: Sandaconda|Sandaconda, L84, F|258/258\n|turn|1\n|inactive|Battle timer is ON: inactive players will automatically lose when time's up. (requested by Hyusu)\n|\n|t:|1782872672\n|move|p1a: Kilowattrel|U-turn|p2a: Sandaconda\n|-damage|p2a: Sandaconda|227/258\n|inactive|forcemajor14 also wants the timer to be on.\n|\n|t:|1782872680\n|switch|p1a: Meganium|Meganium, L90, F|290/290|[from] U-turn\n|move|p2a: Sandaconda|Stone Edge|p1a: Meganium\n|-damage|p1a: Meganium|227/290\n|\n|-heal|p1a: Meganium|245/290|[from] item: Leftovers\n|-heal|p2a: Sandaconda|243/258|[from] item: Leftovers\n|upkeep\n|turn|2\n|\n|t:|1782872685\n|move|p1a: Meganium|Knock Off|p2a: Sandaconda\n|-damage|p2a: Sandaconda|187/258\n|-enditem|p2a: Sandaconda|Leftovers|[from] move: Knock Off|[of] p1a: Meganium\n|move|p2a: Sandaconda|Glare|p1a: Meganium\n|-status|p1a: Meganium|par\n|\n|-heal|p1a: Meganium|263/290 par|[from] item: Leftovers\n|upkeep\n|turn|3\n|\n|t:|1782872689\n|switch|p2a: Maushold|Maushold, L76|238/238\n|move|p1a: Meganium|Petal Blizzard|p2a: Maushold\n|-damage|p2a: Maushold|108/238\n|\n|-heal|p1a: Meganium|281/290 par|[from] item: Leftovers\n|upkeep\n|turn|4\n|\n|t:|1782872698\n|switch|p1a: Glimmora|Glimmora, L75, M|248/248\n|move|p2a: Maushold|Tidy Up|p2a: Maushold\n|-boost|p2a: Maushold|atk|1\n|-boost|p2a: Maushold|spe|1\n|\n|upkeep\n|turn|5\n|\n|t:|1782872708\n|-terastallize|p2a: Maushold|Normal\n|move|p2a: Maushold|Population Bomb|p1a: Glimmora\n|-resisted|p1a: Glimmora\n|-damage|p1a: Glimmora|222/248\n|-activate|p1a: Glimmora|ability: Toxic Debris\n|-sidestart|p2: forcemajor14|move: Toxic Spikes\n|-resisted|p1a: Glimmora\n|-damage|p1a: Glimmora|198/248\n|-activate|p1a: Glimmora|ability: Toxic Debris\n|-sidestart|p2: forcemajor14|move: Toxic Spikes\n|-resisted|p1a: Glimmora\n|-damage|p1a: Glimmora|175/248\n|-resisted|p1a: Glimmora\n|-damage|p1a: Glimmora|152/248\n|-resisted|p1a: Glimmora\n|-damage|p1a: Glimmora|127/248\n|-resisted|p1a: Glimmora\n|-damage|p1a: Glimmora|101/248\n|-resisted|p1a: Glimmora\n|-damage|p1a: Glimmora|77/248\n|-resisted|p1a: Glimmora\n|-damage|p1a: Glimmora|51/248\n|-resisted|p1a: Glimmora\n|-damage|p1a: Glimmora|27/248\n|-resisted|p1a: Glimmora\n|-damage|p1a: Glimmora|3/248\n|-hitcount|p1a: Glimmora|10\n|move|p1a: Glimmora|Meteor Beam||[still]\n|-prepare|p1a: Glimmora|Meteor Beam\n|-boost|p1a: Glimmora|spa|1\n|-enditem|p1a: Glimmora|Power Herb\n|-anim|p1a: Glimmora|Meteor Beam|p2a: Maushold\n|-damage|p2a: Maushold|0 fnt\n|faint|p2a: Maushold\n|\n|upkeep\n|\n|t:|1782872710\n|switch|p2a: Volcanion|Volcanion, L79|256/256\n|turn|6\n|\n|t:|1782872721\n|move|p1a: Glimmora|Earth Power|p2a: Volcanion\n|-supereffective|p2a: Volcanion\n|-damage|p2a: Volcanion|60/256\n|move|p2a: Volcanion|Flamethrower|p1a: Glimmora\n|-resisted|p1a: Glimmora\n|-damage|p1a: Glimmora|0 fnt\n|faint|p1a: Glimmora\n|\n|upkeep\n|\n|t:|1782872731\n|switch|p1a: Groudon|Groudon, L72|263/263\n|-weather|SunnyDay|[from] ability: Drought|[of] p1a: Groudon\n|turn|7\n|\n|t:|1782872735\n|move|p1a: Groudon|Precipice Blades|p2a: Volcanion\n|-supereffective|p2a: Volcanion\n|-damage|p2a: Volcanion|0 fnt\n|faint|p2a: Volcanion\n|\n|-weather|SunnyDay|[upkeep]\n|upkeep\n|\n|t:|1782872740\n|switch|p2a: Sandaconda|Sandaconda, L84, F|187/258\n|-status|p2a: Sandaconda|tox\n|turn|8\n|\n|t:|1782872744\n|switch|p1a: Meganium|Meganium, L90, F|281/290 par\n|move|p2a: Sandaconda|Glare|p1a: Meganium\n|-fail|p1a: Meganium|par\n|\n|-weather|SunnyDay|[upkeep]\n|-heal|p1a: Meganium|290/290 par|[from] item: Leftovers\n|-damage|p2a: Sandaconda|171/258 tox|[from] psn\n|upkeep\n|turn|9\n|\n|t:|1782872749\n|switch|p2a: Dipplin|Dipplin, L88, F|284/284\n|-status|p2a: Dipplin|tox\n|move|p1a: Meganium|Petal Blizzard|p2a: Dipplin\n|-resisted|p2a: Dipplin\n|-damage|p2a: Dipplin|271/284 tox\n|\n|-weather|SunnyDay|[upkeep]\n|-damage|p2a: Dipplin|254/284 tox|[from] psn\n|upkeep\n|turn|10\n|\n|t:|1782872758\n|switch|p1a: Kilowattrel|Kilowattrel, L83, M|252/252\n|move|p2a: Dipplin|Dragon Pulse|p1a: Kilowattrel\n|-damage|p1a: Kilowattrel|129/252\n|\n|-weather|SunnyDay|[upkeep]\n|-damage|p2a: Dipplin|220/284 tox|[from] psn\n|upkeep\n|turn|11\n|\n|t:|1782872763\n|move|p1a: Kilowattrel|Roost|p1a: Kilowattrel\n|-heal|p1a: Kilowattrel|252/252\n|-singleturn|p1a: Kilowattrel|move: Roost\n|move|p2a: Dipplin|Dragon Pulse|p1a: Kilowattrel\n|-damage|p1a: Kilowattrel|122/252\n|\n|-weather|none\n|-damage|p2a: Dipplin|169/284 tox|[from] psn\n|upkeep\n|turn|12\n|\n|t:|1782872767\n|move|p1a: Kilowattrel|Roost|p1a: Kilowattrel\n|-heal|p1a: Kilowattrel|248/252\n|-singleturn|p1a: Kilowattrel|move: Roost\n|move|p2a: Dipplin|Dragon Pulse|p1a: Kilowattrel\n|-damage|p1a: Kilowattrel|122/252\n|\n|-damage|p2a: Dipplin|101/284 tox|[from] psn\n|upkeep\n|turn|13\n|\n|t:|1782872773\n|switch|p2a: Quagsire|Quagsire, L84, M|297/297\n|-status|p2a: Quagsire|tox\n|move|p1a: Kilowattrel|Hurricane|p2a: Quagsire|[miss]\n|-miss|p1a: Kilowattrel|p2a: Quagsire\n|\n|-damage|p2a: Quagsire|279/297 tox|[from] psn\n|upkeep\n|turn|14\n|\n|t:|1782872776\n|move|p1a: Kilowattrel|U-turn|p2a: Quagsire\n|-damage|p2a: Quagsire|238/297 tox\n|\n|t:|1782872779\n|switch|p1a: Meganium|Meganium, L90, F|290/290 par|[from] U-turn\n|move|p2a: Quagsire|Ice Beam|p1a: Meganium\n|-supereffective|p1a: Meganium\n|-crit|p1a: Meganium\n|-damage|p1a: Meganium|162/290 par\n|\n|-heal|p2a: Quagsire|256/297 tox|[from] item: Leftovers\n|-heal|p1a: Meganium|180/290 par|[from] item: Leftovers\n|-damage|p2a: Quagsire|220/297 tox|[from] psn\n|upkeep\n|turn|15\n|\n|t:|1782872786\n|switch|p2a: Dipplin|Dipplin, L88, F|101/284 tox\n|move|p1a: Meganium|Petal Blizzard|p2a: Dipplin\n|-resisted|p2a: Dipplin\n|-damage|p2a: Dipplin|87/284 tox\n|\n|-heal|p1a: Meganium|198/290 par|[from] item: Leftovers\n|-damage|p2a: Dipplin|70/284 tox|[from] psn\n|upkeep\n|turn|16\n|\n|t:|1782872791\n|switch|p1a: Mimikyu|Mimikyu, L79, F|216/216\n|move|p2a: Dipplin|Recover|p2a: Dipplin\n|-heal|p2a: Dipplin|212/284 tox\n|\n|-damage|p2a: Dipplin|178/284 tox|[from] psn\n|upkeep\n|turn|17\n|\n|t:|1782872796\n|switch|p2a: Quagsire|Quagsire, L84, M|220/297 tox\n|move|p1a: Mimikyu|Play Rough|p2a: Quagsire\n|-damage|p2a: Quagsire|115/297 tox\n|-damage|p1a: Mimikyu|195/216|[from] item: Life Orb\n|\n|-heal|p2a: Quagsire|133/297 tox|[from] item: Leftovers\n|-damage|p2a: Quagsire|115/297 tox|[from] psn\n|upkeep\n|turn|18\n|\n|t:|1782872806\n|-terastallize|p1a: Mimikyu|Ghost\n|move|p1a: Mimikyu|Shadow Claw|p2a: Quagsire\n|-damage|p2a: Quagsire|0 fnt\n|faint|p2a: Quagsire\n|-damage|p1a: Mimikyu|174/216|[from] item: Life Orb\n|\n|upkeep\n|\n|t:|1782872808\n|switch|p2a: Sandaconda|Sandaconda, L84, F|171/258 tox\n|turn|19\n|\n|t:|1782872812\n|switch|p1a: Meganium|Meganium, L90, F|198/290 par\n|move|p2a: Sandaconda|Glare|p1a: Meganium\n|-fail|p1a: Meganium|par\n|\n|-heal|p1a: Meganium|216/290 par|[from] item: Leftovers\n|-damage|p2a: Sandaconda|155/258 tox|[from] psn\n|upkeep\n|turn|20\n|\n|t:|1782872819\n|switch|p2a: Dipplin|Dipplin, L88, F|178/284 tox\n|switch|p1a: Kilowattrel|Kilowattrel, L83, M|122/252\n|\n|-damage|p2a: Dipplin|161/284 tox|[from] psn\n|upkeep\n|turn|21\n|\n|t:|1782872824\n|move|p1a: Kilowattrel|Hurricane|p2a: Dipplin\n|-supereffective|p2a: Dipplin\n|-damage|p2a: Dipplin|0 fnt\n|faint|p2a: Dipplin\n|\n|upkeep\n|\n|t:|1782872828\n|switch|p2a: Spiritomb|Spiritomb, L89, M|234/234\n|-status|p2a: Spiritomb|tox\n|turn|22\n|\n|t:|1782872832\n|move|p1a: Kilowattrel|U-turn|p2a: Spiritomb\n|-damage|p2a: Spiritomb|202/234 tox\n|\n|t:|1782872837\n|switch|p1a: Meganium|Meganium, L90, F|216/290 par|[from] U-turn\n|move|p2a: Spiritomb|Poltergeist|p1a: Meganium|[miss]\n|-miss|p2a: Spiritomb|p1a: Meganium\n|\n|-heal|p2a: Spiritomb|216/234 tox|[from] item: Leftovers\n|-heal|p1a: Meganium|234/290 par|[from] item: Leftovers\n|-damage|p2a: Spiritomb|202/234 tox|[from] psn\n|upkeep\n|turn|23\n|\n|t:|1782872843\n|move|p2a: Spiritomb|Poltergeist|p1a: Meganium\n|-activate|p1a: Meganium|move: Poltergeist|Leftovers\n|-crit|p1a: Meganium\n|-damage|p1a: Meganium|80/290 par\n|move|p1a: Meganium|Knock Off|p2a: Spiritomb\n|-damage|p2a: Spiritomb|145/234 tox\n|-enditem|p2a: Spiritomb|Leftovers|[from] move: Knock Off|[of] p1a: Meganium\n|\n|-heal|p1a: Meganium|98/290 par|[from] item: Leftovers\n|-damage|p2a: Spiritomb|117/234 tox|[from] psn\n|upkeep\n|turn|24\n|\n|t:|1782872850\n|move|p2a: Spiritomb|Poltergeist|p1a: Meganium\n|-activate|p1a: Meganium|move: Poltergeist|Leftovers\n|-damage|p1a: Meganium|0 fnt\n|faint|p1a: Meganium\n|\n|-damage|p2a: Spiritomb|75/234 tox|[from] psn\n|upkeep\n|\n|t:|1782872854\n|switch|p1a: Groudon|Groudon, L72|263/263\n|-weather|SunnyDay|[from] ability: Drought|[of] p1a: Groudon\n|turn|25\n|\n|t:|1782872858\n|move|p2a: Spiritomb|Sucker Punch|p1a: Groudon\n|-damage|p1a: Groudon|203/263\n|move|p1a: Groudon|Precipice Blades|p2a: Spiritomb\n|-damage|p2a: Spiritomb|0 fnt\n|faint|p2a: Spiritomb\n|\n|-weather|SunnyDay|[upkeep]\n|-heal|p1a: Groudon|219/263|[from] item: Leftovers\n|upkeep\n|\n|t:|1782872859\n|switch|p2a: Sandaconda|Sandaconda, L84, F|155/258 tox\n|turn|26\n|\n|t:|1782872866\n|move|p1a: Groudon|Swords Dance|p1a: Groudon\n|-boost|p1a: Groudon|atk|2\n|move|p2a: Sandaconda|Earthquake|p1a: Groudon\n|-damage|p1a: Groudon|119/263\n|\n|-weather|SunnyDay|[upkeep]\n|-heal|p1a: Groudon|135/263|[from] item: Leftovers\n|-damage|p2a: Sandaconda|139/258 tox|[from] psn\n|upkeep\n|turn|27\n|\n|t:|1782872871\n|move|p1a: Groudon|Heat Crash|p2a: Sandaconda\n|-damage|p2a: Sandaconda|0 fnt\n|faint|p2a: Sandaconda\n|\n|win|Hyusu\n|raw|Hyusu's rating: 2092 &rarr; <strong>2109</strong><br />(+17 for winning)\n|raw|forcemajor14's rating: 2043 &rarr; <strong>2026</strong><br />(-17 for losing)\n", "inputlog": ">version f8ac14003a5f27e1bdc8d8c59608a773c1cb96e5\n>start {\"formatid\":\"gen9randombattle\",\"seed\":\"sodium,02a2e213679149f11167d7ad0787896b\",\"rated\":\"Rated battle\"}\n>player p1 {\"name\":\"Hyusu\",\"avatar\":\"unknown\",\"rating\":2092,\"seed\":\"sodium,a6632c559ccd6a673d8e517b13647cc6\"}\n>player p2 {\"name\":\"forcemajor14\",\"avatar\":\"169\",\"rating\":2022,\"seed\":\"sodium,8cafcb1333442955e46d71cbaefef710\"}\n>p1 move uturn\n>p2 move stoneedge\n>p1 switch 3\n>p1 move knockoff\n>p2 move glare\n>p1 move petalblizzard\n>p2 switch 5\n>p1 switch 4\n>p2 move tidyup\n>p1 move meteorbeam\n>p2 move populationbomb terastallize\n>p2 switch 6\n>p1 move earthpower\n>p2 move flamethrower\n>p1 switch 2\n>p1 move precipiceblades\n>p2 move steameruption\n>p2 switch 5\n>p1 switch 4\n>p2 move glare\n>p1 move petalblizzard\n>p2 switch 2\n>p1 switch 3\n>p2 move dragonpulse\n>p1 move roost\n>p2 move dragonpulse\n>p1 move roost\n>p2 move dragonpulse\n>p1 move hurricane\n>p2 switch 4\n>p1 move uturn\n>p2 move icebeam\n>p1 switch 3\n>p1 move petalblizzard\n>p2 switch 4\n>p1 switch 6\n>p2 move recover\n>p1 move playrough\n>p2 switch 4\n>p1 move shadowclaw terastallize\n>p2 move recover\n>p2 switch 2\n>p1 switch 6\n>p2 move glare\n>p1 switch 3\n>p2 switch 4\n>p1 move hurricane\n>p2 move dragonpulse\n>p2 switch 3\n>p1 move uturn\n>p2 move poltergeist\n>p1 switch 3\n>p1 move knockoff\n>p2 move poltergeist\n>p1 move petalblizzard\n>p2 move poltergeist\n>p1 switch 4\n>p1 move precipiceblades\n>p2 move suckerpunch\n>p2 switch 4\n>p1 move swordsdance\n>p2 move earthquake\n>p1 move heatcrash\n>p2 move earthquake", "uploadtime": 1782872873, "views": 4, "formatid": "gen9randombattle", "rating": 2026, "private": 0, "password": null, "player_dets": [{"name": "Hyusu", "avatar": "unknown", "rating": 2092, "seed": "sodium,a6632c559ccd6a673d8e517b13647cc6"}, {"name": "forcemajor14", "avatar": "169", "rating": 2022, "seed": "sodium,8cafcb1333442955e46d71cbaefef710"}], "teams_full": [{"Kilowattrel": {"name": "Kilowattrel", "species": "Kilowattrel", "speciesId": "kilowattrel", "gender": "M", "shiny": false, "level": 83, "moves": ["thunderbolt", "uturn", "roost", "hurricane"], "ability": "Volt Absorb", "evs": {"hp": 85, "atk": 85, "def": 85, "spa": 85, "spd": 85, "spe": 85}, "ivs": {"hp": 31, "atk": 31, "def": 31, "spa": 31, "spd": 31, "spe": 31}, "item": "Heavy-Duty Boots", "teraType": "Steel", "role": "Bulky Attacker", "bvs": {"hp": 70, "atk": 70, "def": 60, "spa": 105, "spd": 60, "spe": 125}, "stats": {"hp": 252, "atk": 164, "def": 147, "spa": 222, "spd": 147, "spe": 255}, "types": ["Electric", "Flying"]}, "Groudon": {"name": "Groudon", "species": "Groudon", "speciesId": "groudon", "gender": "N", "shiny": false, "level": 72, "moves": ["precipiceblades", "stoneedge", "swordsdance", "heatcrash"], "ability": "Drought", "evs": {"hp": 85, "atk": 85, "def": 85, "spa": 85, "spd": 85, "spe": 85}, "ivs": {"hp": 31, "atk": 31, "def": 31, "spa": 31, "spd": 31, "spe": 31}, "item": "Leftovers", "teraType": "Fire", "role": "Bulky Setup", "bvs": {"hp": 100, "atk": 150, "def": 140, "spa": 100, "spd": 90, "spe": 90}, "stats": {"hp": 263, "atk": 258, "def": 244, "spa": 186, "spd": 172, "spe": 172}, "types": ["Ground"]}, "Meganium": {"name": "Meganium", "species": "Meganium", "speciesId": "meganium", "gender": "F", "shiny": false, "level": 90, "moves": ["earthquake", "petalblizzard", "swordsdance", "knockoff"], "ability": "Overgrow", "evs": {"hp": 85, "atk": 85, "def": 85, "spa": 85, "spd": 85, "spe": 85}, "ivs": {"hp": 31, "atk": 31, "def": 31, "spa": 31, "spd": 31, "spe": 31}, "item": "Leftovers", "teraType": "Ground", "role": "Bulky Setup", "bvs": {"hp": 80, "atk": 82, "def": 100, "spa": 83, "spd": 100, "spe": 80}, "stats": {"hp": 290, "atk": 199, "def": 231, "spa": 201, "spd": 231, "spe": 195}, "types": ["Grass"]}, "Glimmora": {"name": "Glimmora", "species": "Glimmora", "speciesId": "glimmora", "gender": "M", "shiny": false, "level": 75, "moves": ["sludgewave", "earthpower", "meteorbeam", "energyball"], "ability": "Toxic Debris", "evs": {"hp": 85, "atk": 0, "def": 85, "spa": 85, "spd": 85, "spe": 85}, "ivs": {"hp": 31, "atk": 0, "def": 31, "spa": 31, "spd": 31, "spe": 31}, "item": "Power Herb", "teraType": "Grass", "role": "Setup Sweeper", "bvs": {"hp": 83, "atk": 55, "def": 90, "spa": 130, "spd": 81, "spe": 86}, "stats": {"hp": 248, "atk": 87, "def": 179, "spa": 239, "spd": 165, "spe": 173}, "types": ["Rock", "Poison"]}, "Sudowoodo": {"name": "Sudowoodo", "species": "Sudowoodo", "speciesId": "sudowoodo", "gender": "F", "shiny": false, "level": 94, "moves": ["earthquake", "woodhammer", "headsmash", "suckerpunch"], "ability": "Rock Head", "evs": {"hp": 85, "atk": 85, "def": 85, "spa": 85, "spd": 85, "spe": 85}, "ivs": {"hp": 31, "atk": 31, "def": 31, "spa": 31, "spd": 31, "spe": 31}, "item": "Choice Band", "teraType": "Rock", "role": "Bulky Attacker", "bvs": {"hp": 70, "atk": 100, "def": 115, "spa": 30, "spd": 65, "spe": 30}, "stats": {"hp": 284, "atk": 241, "def": 270, "spa": 110, "spd": 176, "spe": 110}, "types": ["Rock"]}, "Mimikyu": {"name": "Mimikyu", "species": "Mimikyu", "speciesId": "mimikyu", "gender": "F", "shiny": false, "level": 79, "moves": ["shadowclaw", "swordsdance", "shadowsneak", "playrough"], "ability": "Disguise", "evs": {"hp": 85, "atk": 85, "def": 85, "spa": 85, "spd": 85, "spe": 85}, "ivs": {"hp": 31, "atk": 31, "def": 31, "spa": 31, "spd": 31, "spe": 31}, "item": "Life Orb", "teraType": "Ghost", "role": "Fast Bulky Setup", "bvs": {"hp": 55, "atk": 90, "def": 80, "spa": 50, "spd": 105, "spe": 96}, "stats": {"hp": 216, "atk": 188, "def": 172, "spa": 125, "spd": 211, "spe": 197}, "types": ["Ghost", "Fairy"]}}, {"Sandaconda": {"name": "Sandaconda", "species": "Sandaconda", "speciesId": "sandaconda", "gender": "F", "shiny": false, "level": 84, "moves": ["glare", "earthquake", "rest", "stoneedge"], "ability": "Shed Skin", "evs": {"hp": 85, "atk": 85, "def": 85, "spa": 85, "spd": 85, "spe": 85}, "ivs": {"hp": 31, "atk": 31, "def": 31, "spa": 31, "spd": 31, "spe": 31}, "item": "Leftovers", "teraType": "Dragon", "role": "Bulky Attacker", "bvs": {"hp": 72, "atk": 107, "def": 125, "spa": 65, "spd": 70, "spe": 71}, "stats": {"hp": 258, "atk": 228, "def": 258, "spa": 157, "spd": 166, "spe": 167}, "types": ["Ground"]}, "Dipplin": {"name": "Dipplin", "species": "Dipplin", "speciesId": "dipplin", "gender": "F", "shiny": false, "level": 88, "moves": ["suckerpunch", "recover", "gigadrain", "dragonpulse"], "ability": "Sticky Hold", "evs": {"hp": 85, "atk": 85, "def": 85, "spa": 85, "spd": 85, "spe": 85}, "ivs": {"hp": 31, "atk": 31, "def": 31, "spa": 31, "spd": 31, "spe": 31}, "item": "Eviolite", "teraType": "Steel", "role": "Bulky Attacker", "bvs": {"hp": 80, "atk": 80, "def": 110, "spa": 95, "spd": 80, "spe": 40}, "stats": {"hp": 284, "atk": 191, "def": 244, "spa": 217, "spd": 191, "spe": 121}, "types": ["Grass", "Dragon"]}, "Spiritomb": {"name": "Spiritomb", "species": "Spiritomb", "speciesId": "spiritomb", "gender": "M", "shiny": false, "level": 89, "moves": ["poltergeist", "suckerpunch", "foulplay", "willowisp"], "ability": "Infiltrator", "evs": {"hp": 85, "atk": 85, "def": 85, "spa": 85, "spd": 85, "spe": 85}, "ivs": {"hp": 31, "atk": 31, "def": 31, "spa": 31, "spd": 31, "spe": 31}, "item": "Leftovers", "teraType": "Ghost", "role": "Bulky Support", "bvs": {"hp": 50, "atk": 92, "def": 108, "spa": 92, "spd": 108, "spe": 35}, "stats": {"hp": 234, "atk": 215, "def": 243, "spa": 215, "spd": 243, "spe": 113}, "types": ["Ghost", "Dark"]}, "Quagsire": {"name": "Quagsire", "species": "Quagsire", "speciesId": "quagsire", "gender": "M", "shiny": false, "level": 84, "moves": ["icebeam", "recover", "toxic", "earthquake"], "ability": "Unaware", "evs": {"hp": 85, "atk": 85, "def": 85, "spa": 85, "spd": 85, "spe": 85}, "ivs": {"hp": 31, "atk": 31, "def": 31, "spa": 31, "spd": 31, "spe": 31}, "item": "Leftovers", "teraType": "Steel", "role": "Bulky Support", "bvs": {"hp": 95, "atk": 85, "def": 85, "spa": 65, "spd": 65, "spe": 35}, "stats": {"hp": 297, "atk": 191, "def": 191, "spa": 157, "spd": 157, "spe": 107}, "types": ["Water", "Ground"]}, "Maushold": {"name": "Maushold", "species": "Maushold", "speciesId": "maushold", "gender": "N", "shiny": false, "level": 76, "moves": ["encore", "tidyup", "populationbomb", "bite"], "ability": "Technician", "evs": {"hp": 85, "atk": 85, "def": 85, "spa": 85, "spd": 85, "spe": 85}, "ivs": {"hp": 31, "atk": 31, "def": 31, "spa": 31, "spd": 31, "spe": 31}, "item": "Wide Lens", "teraType": "Normal", "role": "Setup Sweeper", "bvs": {"hp": 74, "atk": 75, "def": 70, "spa": 65, "spd": 75, "spe": 111}, "stats": {"hp": 238, "atk": 158, "def": 150, "spa": 143, "spd": 158, "spe": 213}, "types": ["Normal"]}, "Volcanion": {"name": "Volcanion", "species": "Volcanion", "speciesId": "volcanion", "gender": "N", "shiny": false, "level": 79, "moves": ["earthpower", "steameruption", "haze", "flamethrower"], "ability": "Water Absorb", "evs": {"hp": 85, "atk": 0, "def": 85, "spa": 85, "spd": 85, "spe": 85}, "ivs": {"hp": 31, "atk": 0, "def": 31, "spa": 31, "spd": 31, "spe": 31}, "item": "Heavy-Duty Boots", "teraType": "Ground", "role": "Bulky Attacker", "bvs": {"hp": 80, "atk": 110, "def": 120, "spa": 130, "spd": 90, "spe": 70}, "stats": {"hp": 256, "atk": 178, "def": 235, "spa": 251, "spd": 188, "spe": 156}, "types": ["Fire", "Water"]}}]}