{"id": "gen9randombattle-2642105823", "format": "[Gen 9] Random Battle", "players": ["Sa!duck", "majex"], "log": "|j|\u2606Sa!duck\n|j|\u2606majex\n|t:|1782891165\n|gametype|singles\n|player|p1|Sa!duck|cress|1920\n|player|p2|majex|266|1996\n|gen|9\n|tier|[Gen 9] Random Battle\n|rated|\n|rule|Species Clause: Limit one of each Pok\u00e9mon\n|rule|HP Percentage Mod: HP is shown in percentages\n|rule|Sleep Clause Mod: Limit one foe put to sleep\n|rule|Illusion Level Mod: Illusion disguises the Pok\u00e9mon's true level\n|\n|t:|1782891165\n|teamsize|p1|6\n|teamsize|p2|6\n|start\n|switch|p1a: Vileplume|Vileplume, L85, M|266/266\n|switch|p2a: Spiritomb|Spiritomb, L89, F|234/234\n|turn|1\n|\n|t:|1782891197\n|switch|p2a: Farigiraf|Farigiraf, L90, M|362/362\n|move|p1a: Vileplume|Leech Seed|p2a: Farigiraf\n|-ability|p2a: Farigiraf|Sap Sipper|boost\n|-boost|p2a: Farigiraf|atk|1\n|\n|upkeep\n|turn|2\n|\n|t:|1782891203\n|switch|p1a: Pelipper|Pelipper, L86, F|243/243\n|-weather|RainDance|[from] ability: Drizzle|[of] p1a: Pelipper\n|move|p2a: Farigiraf|Body Slam|p1a: Pelipper\n|-damage|p1a: Pelipper|119/243\n|\n|-weather|RainDance|[upkeep]\n|upkeep\n|turn|3\n|\n|t:|1782891208\n|move|p1a: Pelipper|Hurricane|p2a: Farigiraf\n|-damage|p2a: Farigiraf|229/362\n|move|p2a: Farigiraf|Body Slam|p1a: Pelipper\n|-damage|p1a: Pelipper|0 fnt\n|faint|p1a: Pelipper\n|\n|-weather|RainDance|[upkeep]\n|-heal|p2a: Farigiraf|251/362|[from] item: Leftovers\n|upkeep\n|\n|t:|1782891216\n|switch|p1a: Sandaconda|Sandaconda, L84, F|258/258\n|turn|4\n|\n|t:|1782891222\n|move|p1a: Sandaconda|Coil|p1a: Sandaconda\n|-boost|p1a: Sandaconda|atk|1\n|-boost|p1a: Sandaconda|def|1\n|-boost|p1a: Sandaconda|accuracy|1\n|move|p2a: Farigiraf|Body Slam|p1a: Sandaconda\n|-damage|p1a: Sandaconda|179/258\n|\n|-weather|RainDance|[upkeep]\n|-heal|p1a: Sandaconda|195/258|[from] item: Leftovers\n|-heal|p2a: Farigiraf|273/362|[from] item: Leftovers\n|upkeep\n|turn|5\n|\n|t:|1782891249\n|move|p1a: Sandaconda|Earthquake|p2a: Farigiraf\n|-damage|p2a: Farigiraf|87/362\n|move|p2a: Farigiraf|Psychic Noise|p1a: Sandaconda\n|-damage|p1a: Sandaconda|80/258\n|-start|p1a: Sandaconda|move: Heal Block\n|\n|-weather|RainDance|[upkeep]\n|-heal|p2a: Farigiraf|109/362|[from] item: Leftovers\n|upkeep\n|turn|6\n|\n|t:|1782891256\n|move|p1a: Sandaconda|Earthquake|p2a: Farigiraf\n|-damage|p2a: Farigiraf|0 fnt\n|faint|p2a: Farigiraf\n|\n|-weather|none\n|-end|p1a: Sandaconda|move: Heal Block\n|upkeep\n|\n|t:|1782891260\n|switch|p2a: Uxie|Uxie, L83|260/260\n|turn|7\n|\n|t:|1782891274\n|switch|p1a: Altaria|Altaria, L89, F|278/278\n|move|p2a: Uxie|Psychic Noise|p1a: Altaria\n|-damage|p1a: Altaria|229/278\n|-start|p1a: Altaria|move: Heal Block\n|\n|upkeep\n|turn|8\n|\n|t:|1782891280\n|move|p2a: Uxie|Stealth Rock|p1a: Altaria\n|-sidestart|p1: Sa!duck|move: Stealth Rock\n|move|p1a: Altaria|Brave Bird|p2a: Uxie\n|-damage|p2a: Uxie|176/260\n|-damage|p1a: Altaria|201/278|[from] Recoil\n|\n|-heal|p2a: Uxie|192/260|[from] item: Leftovers\n|-end|p1a: Altaria|move: Heal Block\n|upkeep\n|turn|9\n|\n|t:|1782891283\n|move|p2a: Uxie|Thunder Wave|p1a: Altaria\n|-status|p1a: Altaria|par\n|cant|p1a: Altaria|par\n|\n|-heal|p2a: Uxie|208/260|[from] item: Leftovers\n|upkeep\n|turn|10\n|\n|t:|1782891287\n|move|p2a: Uxie|Knock Off|p1a: Altaria\n|-damage|p1a: Altaria|144/278 par\n|-enditem|p1a: Altaria|Heavy-Duty Boots|[from] move: Knock Off|[of] p2a: Uxie\n|cant|p1a: Altaria|par\n|\n|-heal|p2a: Uxie|224/260|[from] item: Leftovers\n|upkeep\n|turn|11\n|\n|t:|1782891289\n|move|p2a: Uxie|Psychic Noise|p1a: Altaria\n|-damage|p1a: Altaria|95/278 par\n|-start|p1a: Altaria|move: Heal Block\n|cant|p1a: Altaria|move: Heal Block|Roost\n|\n|-heal|p2a: Uxie|240/260|[from] item: Leftovers\n|upkeep\n|turn|12\n|\n|t:|1782891294\n|move|p2a: Uxie|Psychic Noise|p1a: Altaria\n|-damage|p1a: Altaria|40/278 par\n|move|p1a: Altaria|Brave Bird|p2a: Uxie\n|-damage|p2a: Uxie|159/260\n|-damage|p1a: Altaria|13/278 par|[from] Recoil\n|\n|-heal|p2a: Uxie|175/260|[from] item: Leftovers\n|-end|p1a: Altaria|move: Heal Block\n|upkeep\n|turn|13\n|\n|t:|1782891297\n|move|p2a: Uxie|Knock Off|p1a: Altaria\n|-damage|p1a: Altaria|0 fnt\n|faint|p1a: Altaria\n|\n|-heal|p2a: Uxie|191/260|[from] item: Leftovers\n|upkeep\n|inactive|Battle timer is ON: inactive players will automatically lose when time's up. (requested by majex)\n|\n|t:|1782891377\n|switch|p1a: Regieleki|Regieleki, L79|256/256\n|-damage|p1a: Regieleki|224/256|[from] Stealth Rock\n|turn|14\n|\n|t:|1782891396\n|move|p1a: Regieleki|Thunderbolt|p2a: Uxie\n|-damage|p2a: Uxie|86/260\n|move|p2a: Uxie|Knock Off|p1a: Regieleki\n|-damage|p1a: Regieleki|144/256\n|-enditem|p1a: Regieleki|Magnet|[from] move: Knock Off|[of] p2a: Uxie\n|\n|-heal|p2a: Uxie|102/260|[from] item: Leftovers\n|upkeep\n|turn|15\n|\n|t:|1782891401\n|move|p1a: Regieleki|Rapid Spin|p2a: Uxie\n|-damage|p2a: Uxie|80/260\n|-boost|p1a: Regieleki|spe|1\n|-sideend|p1: Sa!duck|Stealth Rock|[from] move: Rapid Spin|[of] p1a: Regieleki\n|move|p2a: Uxie|Psychic Noise|p1a: Regieleki\n|-damage|p1a: Regieleki|38/256\n|-start|p1a: Regieleki|move: Heal Block\n|\n|-heal|p2a: Uxie|96/260|[from] item: Leftovers\n|upkeep\n|turn|16\n|\n|t:|1782891406\n|switch|p2a: Spiritomb|Spiritomb, L89, F|234/234\n|move|p1a: Regieleki|Volt Switch|p2a: Spiritomb\n|-damage|p2a: Spiritomb|165/234\n|inactive|Sa!duck has 120 seconds left.\n|\n|t:|1782891438\n|switch|p1a: Vileplume|Vileplume, L85, M|266/266|[from] Volt Switch\n|\n|-heal|p2a: Spiritomb|179/234|[from] item: Leftovers\n|upkeep\n|turn|17\n|\n|t:|1782891453\n|move|p1a: Vileplume|Sludge Bomb|p2a: Spiritomb\n|-resisted|p2a: Spiritomb\n|-damage|p2a: Spiritomb|138/234\n|-status|p2a: Spiritomb|psn\n|move|p2a: Spiritomb|Poltergeist|p1a: Vileplume\n|-activate|p1a: Vileplume|move: Poltergeist|Leftovers\n|-damage|p1a: Vileplume|134/266\n|\n|-heal|p1a: Vileplume|150/266|[from] item: Leftovers\n|-heal|p2a: Spiritomb|152/234 psn|[from] item: Leftovers\n|-damage|p2a: Spiritomb|123/234 psn|[from] psn\n|upkeep\n|turn|18\n|\n|t:|1782891466\n|move|p1a: Vileplume|Strength Sap|p2a: Spiritomb\n|-unboost|p2a: Spiritomb|atk|1\n|-heal|p1a: Vileplume|266/266\n|move|p2a: Spiritomb|Poltergeist|p1a: Vileplume\n|-activate|p1a: Vileplume|move: Poltergeist|Leftovers\n|-damage|p1a: Vileplume|176/266\n|\n|-heal|p1a: Vileplume|192/266|[from] item: Leftovers\n|-heal|p2a: Spiritomb|137/234 psn|[from] item: Leftovers\n|-damage|p2a: Spiritomb|108/234 psn|[from] psn\n|upkeep\n|turn|19\n|\n|t:|1782891470\n|move|p1a: Vileplume|Giga Drain|p2a: Spiritomb\n|-damage|p2a: Spiritomb|39/234 psn\n|-heal|p1a: Vileplume|227/266|[from] drain|[of] p2a: Spiritomb\n|move|p2a: Spiritomb|Will-O-Wisp|p1a: Vileplume\n|-status|p1a: Vileplume|brn\n|\n|-heal|p1a: Vileplume|243/266 brn|[from] item: Leftovers\n|-heal|p2a: Spiritomb|53/234 psn|[from] item: Leftovers\n|-damage|p2a: Spiritomb|24/234 psn|[from] psn\n|-damage|p1a: Vileplume|227/266 brn|[from] brn\n|upkeep\n|turn|20\n|\n|t:|1782891478\n|move|p2a: Spiritomb|Sucker Punch|p1a: Vileplume\n|-damage|p1a: Vileplume|170/266 brn\n|move|p1a: Vileplume|Giga Drain|p2a: Spiritomb\n|-damage|p2a: Spiritomb|0 fnt\n|-heal|p1a: Vileplume|182/266 brn|[from] drain|[of] p2a: Spiritomb\n|faint|p2a: Spiritomb\n|\n|-heal|p1a: Vileplume|198/266 brn|[from] item: Leftovers\n|-damage|p1a: Vileplume|182/266 brn|[from] brn\n|upkeep\n|\n|t:|1782891482\n|switch|p2a: Bombirdier|Bombirdier, L85, F|258/258\n|turn|21\n|inactive|Sa!duck has 120 seconds left.\n|\n|t:|1782891513\n|-terastallize|p1a: Vileplume|Steel\n|move|p2a: Bombirdier|Brave Bird|p1a: Vileplume\n|-resisted|p1a: Vileplume\n|-damage|p1a: Vileplume|106/266 brn\n|-damage|p2a: Bombirdier|233/258|[from] Recoil\n|move|p1a: Vileplume|Strength Sap|p2a: Bombirdier\n|-unboost|p2a: Bombirdier|atk|1\n|-heal|p1a: Vileplume|266/266 brn\n|\n|-damage|p1a: Vileplume|250/266 brn|[from] brn\n|upkeep\n|turn|22\n|inactive|Sa!duck has 120 seconds left.\n|\n|t:|1782891525\n|move|p2a: Bombirdier|Knock Off|p1a: Vileplume\n|-damage|p1a: Vileplume|181/266 brn\n|-enditem|p1a: Vileplume|Leftovers|[from] move: Knock Off|[of] p2a: Bombirdier\n|move|p1a: Vileplume|Sludge Bomb|p2a: Bombirdier\n|-damage|p2a: Bombirdier|119/258\n|\n|-damage|p1a: Vileplume|165/266 brn|[from] brn\n|upkeep\n|turn|23\n|inactive|Sa!duck has 120 seconds left.\n|\n|t:|1782891540\n|switch|p2a: Iron Treads|Iron Treads, L77|265/265\n|move|p1a: Vileplume|Strength Sap|p2a: Iron Treads\n|-unboost|p2a: Iron Treads|atk|1\n|-heal|p1a: Vileplume|266/266 brn\n|\n|-damage|p1a: Vileplume|250/266 brn|[from] brn\n|upkeep\n|turn|24\n|inactive|Sa!duck has 120 seconds left.\n|\n|t:|1782891552\n|switch|p1a: Sandaconda|Sandaconda, L84, F|80/258\n|move|p2a: Iron Treads|Volt Switch|p1a: Sandaconda\n|-immune|p1a: Sandaconda\n|\n|-heal|p1a: Sandaconda|96/258|[from] item: Leftovers\n|upkeep\n|turn|25\n|\n|t:|1782891558\n|-end|p2a: Iron Treads|Quark Drive|[silent]\n|switch|p2a: Uxie|Uxie, L83|96/260\n|move|p1a: Sandaconda|Rest|p1a: Sandaconda\n|-status|p1a: Sandaconda|slp|[from] move: Rest\n|-heal|p1a: Sandaconda|258/258 slp|[silent]\n|\n|-heal|p2a: Uxie|112/260|[from] item: Leftovers\n|-activate|p1a: Sandaconda|ability: Shed Skin\n|-curestatus|p1a: Sandaconda|slp|[msg]\n|upkeep\n|turn|26\n|\n|t:|1782891567\n|move|p2a: Uxie|Stealth Rock|p1a: Sandaconda\n|-sidestart|p1: Sa!duck|move: Stealth Rock\n|move|p1a: Sandaconda|Coil|p1a: Sandaconda\n|-boost|p1a: Sandaconda|atk|1\n|-boost|p1a: Sandaconda|def|1\n|-boost|p1a: Sandaconda|accuracy|1\n|\n|-heal|p2a: Uxie|128/260|[from] item: Leftovers\n|upkeep\n|turn|27\n|\n|t:|1782891578\n|move|p2a: Uxie|Psychic Noise|p1a: Sandaconda\n|-damage|p1a: Sandaconda|182/258\n|-start|p1a: Sandaconda|move: Heal Block\n|move|p1a: Sandaconda|Coil|p1a: Sandaconda\n|-boost|p1a: Sandaconda|atk|1\n|-boost|p1a: Sandaconda|def|1\n|-boost|p1a: Sandaconda|accuracy|1\n|\n|-heal|p2a: Uxie|144/260|[from] item: Leftovers\n|upkeep\n|turn|28\n|\n|t:|1782891583\n|move|p2a: Uxie|Psychic Noise|p1a: Sandaconda\n|-damage|p1a: Sandaconda|104/258\n|move|p1a: Sandaconda|Stone Edge|p2a: Uxie\n|-damage|p2a: Uxie|34/260\n|\n|-heal|p2a: Uxie|50/260|[from] item: Leftovers\n|-end|p1a: Sandaconda|move: Heal Block\n|upkeep\n|turn|29\n|\n|t:|1782891590\n|move|p2a: Uxie|Psychic Noise|p1a: Sandaconda\n|-damage|p1a: Sandaconda|26/258\n|-start|p1a: Sandaconda|move: Heal Block\n|move|p1a: Sandaconda|Stone Edge|p2a: Uxie\n|-damage|p2a: Uxie|0 fnt\n|faint|p2a: Uxie\n|\n|upkeep\n|\n|t:|1782891597\n|switch|p2a: Iron Treads|Iron Treads, L77|265/265\n|turn|30\n|inactive|Sa!duck has 120 seconds left.\n|\n|t:|1782891640\n|move|p2a: Iron Treads|Earthquake|p1a: Sandaconda\n|-damage|p1a: Sandaconda|0 fnt\n|faint|p1a: Sandaconda\n|\n|upkeep\n|\n|t:|1782891645\n|switch|p1a: Vileplume|Vileplume, L85, M, tera:Steel|250/266 brn\n|-damage|p1a: Vileplume|234/266 brn|[from] Stealth Rock\n|turn|31\n|\n|t:|1782891650\n|move|p2a: Iron Treads|Earthquake|p1a: Vileplume\n|-supereffective|p1a: Vileplume\n|-damage|p1a: Vileplume|34/266 brn\n|move|p1a: Vileplume|Strength Sap|p2a: Iron Treads\n|-unboost|p2a: Iron Treads|atk|1\n|-heal|p1a: Vileplume|251/266 brn\n|\n|-damage|p1a: Vileplume|235/266 brn|[from] brn\n|upkeep\n|turn|32\n|\n|t:|1782891656\n|move|p2a: Iron Treads|Earthquake|p1a: Vileplume\n|-supereffective|p1a: Vileplume\n|-damage|p1a: Vileplume|109/266 brn\n|move|p1a: Vileplume|Strength Sap|p2a: Iron Treads\n|-unboost|p2a: Iron Treads|atk|1\n|-heal|p1a: Vileplume|253/266 brn\n|\n|-damage|p1a: Vileplume|237/266 brn|[from] brn\n|upkeep\n|turn|33\n|\n|t:|1782891664\n|move|p2a: Iron Treads|Earthquake|p1a: Vileplume\n|-supereffective|p1a: Vileplume\n|-damage|p1a: Vileplume|145/266 brn\n|move|p1a: Vileplume|Leech Seed|p2a: Iron Treads\n|-start|p2a: Iron Treads|move: Leech Seed\n|\n|-damage|p2a: Iron Treads|232/265|[from] Leech Seed|[of] p1a: Vileplume\n|-heal|p1a: Vileplume|178/266 brn|[silent]\n|-damage|p1a: Vileplume|162/266 brn|[from] brn\n|upkeep\n|turn|34\n|\n|t:|1782891671\n|move|p2a: Iron Treads|Volt Switch|p1a: Vileplume\n|-damage|p1a: Vileplume|126/266 brn\n|\n|t:|1782891672\n|-end|p2a: Iron Treads|Quark Drive|[silent]\n|switch|p2a: Bombirdier|Bombirdier, L85, F|119/258|[from] Volt Switch\n|move|p1a: Vileplume|Strength Sap|p2a: Bombirdier\n|-unboost|p2a: Bombirdier|atk|1\n|-heal|p1a: Vileplume|266/266 brn\n|\n|-damage|p1a: Vileplume|250/266 brn|[from] brn\n|upkeep\n|turn|35\n|\n|t:|1782891678\n|move|p2a: Bombirdier|Knock Off|p1a: Vileplume\n|-damage|p1a: Vileplume|201/266 brn\n|-status|p2a: Bombirdier|par|[from] ability: Effect Spore|[of] p1a: Vileplume\n|move|p1a: Vileplume|Sludge Bomb|p2a: Bombirdier\n|-damage|p2a: Bombirdier|0 fnt\n|faint|p2a: Bombirdier\n|\n|-damage|p1a: Vileplume|185/266 brn|[from] brn\n|upkeep\n|\n|t:|1782891685\n|switch|p2a: Iron Treads|Iron Treads, L77|232/265\n|turn|36\n|\n|t:|1782891689\n|move|p2a: Iron Treads|Earthquake|p1a: Vileplume\n|-supereffective|p1a: Vileplume\n|-damage|p1a: Vileplume|0 fnt\n|faint|p1a: Vileplume\n|\n|upkeep\n|\n|t:|1782891693\n|switch|p1a: Regieleki|Regieleki, L79|38/256\n|-damage|p1a: Regieleki|6/256|[from] Stealth Rock\n|turn|37\n|\n|t:|1782891700\n|-terastallize|p2a: Iron Treads|Ghost\n|move|p1a: Regieleki|Rapid Spin|p2a: Iron Treads\n|-immune|p2a: Iron Treads\n|move|p2a: Iron Treads|Rapid Spin|p1a: Regieleki\n|-damage|p1a: Regieleki|0 fnt\n|-boost|p2a: Iron Treads|spe|1\n|faint|p1a: Regieleki\n|\n|upkeep\n|\n|t:|1782891703\n|switch|p1a: Zangoose|Zangoose, L85, M|263/263\n|-damage|p1a: Zangoose|231/263|[from] Stealth Rock\n|turn|38\n|\n|t:|1782891710\n|move|p2a: Iron Treads|Earthquake|p1a: Zangoose\n|-damage|p1a: Zangoose|104/263\n|move|p1a: Zangoose|Knock Off|p2a: Iron Treads\n|-supereffective|p2a: Iron Treads\n|-damage|p2a: Iron Treads|88/265\n|-enditem|p2a: Iron Treads|Assault Vest|[from] move: Knock Off|[of] p1a: Zangoose\n|\n|-status|p1a: Zangoose|tox|[from] item: Toxic Orb\n|upkeep\n|turn|39\n|\n|t:|1782891716\n|move|p2a: Iron Treads|Earthquake|p1a: Zangoose\n|-damage|p1a: Zangoose|0 fnt\n|faint|p1a: Zangoose\n|\n|win|majex\n|raw|Sa!duck's rating: 1920 &rarr; <strong>1904</strong><br />(-16 for losing)\n|raw|majex's rating: 1996 &rarr; <strong>2012</strong><br />(+16 for winning)\n", "inputlog": ">version f8ac14003a5f27e1bdc8d8c59608a773c1cb96e5\n>start {\"formatid\":\"gen9randombattle\",\"seed\":\"sodium,49e101e8609fcaec9d1e01539d9d6337\",\"rated\":\"Rated battle\"}\n>player p1 {\"name\":\"Sa!duck\",\"avatar\":\"cress\",\"rating\":1920,\"seed\":\"sodium,0b5c96b30ea1050f58e779f954843caa\"}\n>player p2 {\"name\":\"majex\",\"avatar\":\"266\",\"rating\":1996,\"seed\":\"sodium,3d51f38aeb74cc3599a37401fde453ad\"}\n>p1 move leechseed\n>p2 switch 6\n>p1 switch 6\n>p2 move bodyslam\n>p1 move hurricane\n>p2 move bodyslam\n>p1 switch 3\n>p1 move coil\n>p2 move bodyslam\n>p1 move earthquake\n>p2 move psychicnoise\n>p1 move earthquake\n>p2 move psychicnoise\n>p2 switch 5\n>p1 switch 5\n>p2 move psychicnoise\n>p1 move bravebird\n>p2 move stealthrock\n>p1 move dragondance\n>p2 move thunderwave\n>p1 move roost\n>p2 move knockoff\n>p1 move roost\n>p2 move psychicnoise\n>p1 move bravebird\n>p2 move psychicnoise\n>p1 move bravebird\n>p2 move knockoff\n>p1 switch 2\n>p1 move thunderbolt\n>p2 move knockoff\n>p1 move rapidspin\n>p2 move psychicnoise\n>p1 move voltswitch\n>p2 switch 6\n>p1 switch 6\n>p1 move sludgebomb\n>p2 move poltergeist\n>p1 move strengthsap\n>p2 move poltergeist\n>p1 move gigadrain\n>p2 move willowisp\n>p1 move gigadrain\n>p2 move suckerpunch\n>p2 switch 3\n>p1 move strengthsap terastallize\n>p2 move bravebird\n>p1 move sludgebomb\n>p2 move knockoff\n>p1 move strengthsap\n>p2 switch 4\n>p1 switch 5\n>p2 move voltswitch\n>p1 move rest\n>p2 switch 6\n>p1 move coil\n>p2 move stealthrock\n>p1 move coil\n>p2 move psychicnoise\n>p1 move stoneedge\n>p2 move psychicnoise\n>p1 move stoneedge\n>p2 move psychicnoise\n>p2 switch 6\n>p1 move earthquake\n>p2 move earthquake\n>p1 switch 5\n>p1 move strengthsap\n>p2 move earthquake\n>p1 move strengthsap\n>p2 move earthquake\n>p1 move leechseed\n>p2 move earthquake\n>p1 move strengthsap\n>p2 move voltswitch\n>p2 switch 4\n>p1 move sludgebomb\n>p2 move knockoff\n>p2 switch 4\n>p1 move strengthsap\n>p2 move earthquake\n>p1 switch 6\n>p1 move rapidspin\n>p2 move rapidspin terastallize\n>p1 switch 4\n>p1 move knockoff\n>p2 move earthquake\n>p1 move knockoff\n>p2 move earthquake", "uploadtime": 1782891716, "views": 2, "formatid": "gen9randombattle", "rating": 1904, "private": 0, "password": null, "player_dets": [{"name": "Sa!duck", "avatar": "cress", "rating": 1920, "seed": "sodium,0b5c96b30ea1050f58e779f954843caa"}, {"name": "majex", "avatar": "266", "rating": 1996, "seed": "sodium,3d51f38aeb74cc3599a37401fde453ad"}], "teams_full": [{"Vileplume": {"name": "Vileplume", "species": "Vileplume", "speciesId": "vileplume", "gender": "M", "shiny": false, "level": 85, "moves": ["sludgebomb", "gigadrain", "strengthsap", "leechseed"], "ability": "Effect Spore", "evs": {"hp": 85, "atk": 0, "def": 85, "spa": 85, "spd": 85, "spe": 85}, "ivs": {"hp": 31, "atk": 0, "def": 31, "spa": 31, "spd": 31, "spe": 31}, "item": "Leftovers", "teraType": "Steel", "role": "Bulky Attacker", "bvs": {"hp": 75, "atk": 80, "def": 85, "spa": 110, "spd": 90, "spe": 50}, "stats": {"hp": 266, "atk": 141, "def": 193, "spa": 236, "spd": 202, "spe": 134}, "types": ["Grass", "Poison"]}, "Regieleki": {"name": "Regieleki", "species": "Regieleki", "speciesId": "regieleki", "gender": "N", "shiny": false, "level": 79, "moves": ["rapidspin", "thunderbolt", "voltswitch", "explosion"], "ability": "Transistor", "evs": {"hp": 85, "atk": 85, "def": 85, "spa": 85, "spd": 85, "spe": 85}, "ivs": {"hp": 31, "atk": 31, "def": 31, "spa": 31, "spd": 31, "spe": 31}, "item": "Magnet", "teraType": "Electric", "role": "Fast Support", "bvs": {"hp": 80, "atk": 100, "def": 50, "spa": 100, "spd": 50, "spe": 200}, "stats": {"hp": 256, "atk": 204, "def": 125, "spa": 204, "spd": 125, "spe": 362}, "types": ["Electric"]}, "Sandaconda": {"name": "Sandaconda", "species": "Sandaconda", "speciesId": "sandaconda", "gender": "F", "shiny": false, "level": 84, "moves": ["coil", "stoneedge", "earthquake", "rest"], "ability": "Shed Skin", "evs": {"hp": 85, "atk": 85, "def": 85, "spa": 85, "spd": 85, "spe": 85}, "ivs": {"hp": 31, "atk": 31, "def": 31, "spa": 31, "spd": 31, "spe": 31}, "item": "Leftovers", "teraType": "Steel", "role": "Bulky Setup", "bvs": {"hp": 72, "atk": 107, "def": 125, "spa": 65, "spd": 70, "spe": 71}, "stats": {"hp": 258, "atk": 228, "def": 258, "spa": 157, "spd": 166, "spe": 167}, "types": ["Ground"]}, "Zangoose": {"name": "Zangoose", "species": "Zangoose", "speciesId": "zangoose", "gender": "M", "shiny": false, "level": 85, "moves": ["facade", "closecombat", "knockoff", "quickattack"], "ability": "Toxic Boost", "evs": {"hp": 85, "atk": 85, "def": 85, "spa": 85, "spd": 85, "spe": 85}, "ivs": {"hp": 31, "atk": 31, "def": 31, "spa": 31, "spd": 31, "spe": 31}, "item": "Toxic Orb", "teraType": "Normal", "role": "Fast Attacker", "bvs": {"hp": 73, "atk": 115, "def": 60, "spa": 60, "spd": 60, "spe": 90}, "stats": {"hp": 263, "atk": 244, "def": 151, "spa": 151, "spd": 151, "spe": 202}, "types": ["Normal"]}, "Altaria": {"name": "Altaria", "species": "Altaria", "speciesId": "altaria", "gender": "F", "shiny": false, "level": 89, "moves": ["dragondance", "bravebird", "earthquake", "roost"], "ability": "Natural Cure", "evs": {"hp": 85, "atk": 85, "def": 85, "spa": 85, "spd": 85, "spe": 85}, "ivs": {"hp": 31, "atk": 31, "def": 31, "spa": 31, "spd": 31, "spe": 31}, "item": "Heavy-Duty Boots", "teraType": "Steel", "role": "Bulky Setup", "bvs": {"hp": 75, "atk": 70, "def": 90, "spa": 70, "spd": 105, "spe": 80}, "stats": {"hp": 278, "atk": 175, "def": 211, "spa": 175, "spd": 238, "spe": 193}, "types": ["Dragon", "Flying"]}, "Pelipper": {"name": "Pelipper", "species": "Pelipper", "speciesId": "pelipper", "gender": "F", "shiny": false, "level": 86, "moves": ["uturn", "hurricane", "hydropump", "roost"], "ability": "Drizzle", "evs": {"hp": 85, "atk": 85, "def": 85, "spa": 85, "spd": 85, "spe": 85}, "ivs": {"hp": 31, "atk": 31, "def": 31, "spa": 31, "spd": 31, "spe": 31}, "item": "Heavy-Duty Boots", "teraType": "Water", "role": "Bulky Attacker", "bvs": {"hp": 60, "atk": 50, "def": 100, "spa": 95, "spd": 70, "spe": 65}, "stats": {"hp": 243, "atk": 135, "def": 221, "spa": 213, "spd": 170, "spe": 161}, "types": ["Water", "Flying"]}}, {"Spiritomb": {"name": "Spiritomb", "species": "Spiritomb", "speciesId": "spiritomb", "gender": "F", "shiny": false, "level": 89, "moves": ["poltergeist", "suckerpunch", "willowisp", "foulplay"], "ability": "Infiltrator", "evs": {"hp": 85, "atk": 85, "def": 85, "spa": 85, "spd": 85, "spe": 85}, "ivs": {"hp": 31, "atk": 31, "def": 31, "spa": 31, "spd": 31, "spe": 31}, "item": "Leftovers", "teraType": "Poison", "role": "Bulky Support", "bvs": {"hp": 50, "atk": 92, "def": 108, "spa": 92, "spd": 108, "spe": 35}, "stats": {"hp": 234, "atk": 215, "def": 243, "spa": 215, "spd": 243, "spe": 113}, "types": ["Ghost", "Dark"]}, "Drednaw": {"name": "Drednaw", "species": "Drednaw", "speciesId": "drednaw", "gender": "F", "shiny": false, "level": 81, "moves": ["liquidation", "stoneedge", "shellsmash", "earthquake"], "ability": "Shell Armor", "evs": {"hp": 85, "atk": 85, "def": 85, "spa": 85, "spd": 85, "spe": 85}, "ivs": {"hp": 31, "atk": 31, "def": 31, "spa": 31, "spd": 31, "spe": 31}, "item": "White Herb", "teraType": "Water", "role": "Fast Bulky Setup", "bvs": {"hp": 90, "atk": 115, "def": 90, "spa": 48, "spd": 68, "spe": 74}, "stats": {"hp": 278, "atk": 233, "def": 192, "spa": 124, "spd": 157, "spe": 167}, "types": ["Water", "Rock"]}, "Bombirdier": {"name": "Bombirdier", "species": "Bombirdier", "speciesId": "bombirdier", "gender": "F", "shiny": false, "level": 85, "moves": ["suckerpunch", "knockoff", "roost", "bravebird"], "ability": "Big Pecks", "evs": {"hp": 85, "atk": 85, "def": 85, "spa": 85, "spd": 85, "spe": 85}, "ivs": {"hp": 31, "atk": 31, "def": 31, "spa": 31, "spd": 31, "spe": 31}, "item": "Heavy-Duty Boots", "teraType": "Steel", "role": "Bulky Support", "bvs": {"hp": 70, "atk": 103, "def": 85, "spa": 60, "spd": 85, "spe": 82}, "stats": {"hp": 258, "atk": 224, "def": 193, "spa": 151, "spd": 193, "spe": 188}, "types": ["Flying", "Dark"]}, "Iron Treads": {"name": "Iron Treads", "species": "Iron Treads", "speciesId": "irontreads", "gender": "N", "shiny": false, "level": 77, "moves": ["earthquake", "rapidspin", "voltswitch", "ironhead"], "ability": "Quark Drive", "evs": {"hp": 85, "atk": 85, "def": 85, "spa": 85, "spd": 85, "spe": 85}, "ivs": {"hp": 31, "atk": 31, "def": 31, "spa": 31, "spd": 31, "spe": 31}, "item": "Assault Vest", "teraType": "Ghost", "role": "Bulky Support", "bvs": {"hp": 90, "atk": 112, "def": 120, "spa": 72, "spd": 70, "spe": 106}, "stats": {"hp": 265, "atk": 217, "def": 229, "spa": 155, "spd": 152, "spe": 208}, "types": ["Ground", "Steel"]}, "Uxie": {"name": "Uxie", "species": "Uxie", "speciesId": "uxie", "gender": "N", "shiny": false, "level": 83, "moves": ["knockoff", "psychicnoise", "thunderwave", "stealthrock"], "ability": "Levitate", "evs": {"hp": 85, "atk": 85, "def": 85, "spa": 85, "spd": 85, "spe": 85}, "ivs": {"hp": 31, "atk": 31, "def": 31, "spa": 31, "spd": 31, "spe": 31}, "item": "Leftovers", "teraType": "Dark", "role": "Bulky Support", "bvs": {"hp": 75, "atk": 75, "def": 130, "spa": 75, "spd": 130, "spe": 95}, "stats": {"hp": 260, "atk": 172, "def": 263, "spa": 172, "spd": 263, "spe": 205}, "types": ["Psychic"]}, "Farigiraf": {"name": "Farigiraf", "species": "Farigiraf", "speciesId": "farigiraf", "gender": "M", "shiny": false, "level": 90, "moves": ["protect", "bodyslam", "wish", "psychicnoise"], "ability": "Sap Sipper", "evs": {"hp": 85, "atk": 85, "def": 85, "spa": 85, "spd": 85, "spe": 85}, "ivs": {"hp": 31, "atk": 31, "def": 31, "spa": 31, "spd": 31, "spe": 31}, "item": "Leftovers", "teraType": "Fairy", "role": "Bulky Support", "bvs": {"hp": 120, "atk": 90, "def": 70, "spa": 110, "spd": 70, "spe": 60}, "stats": {"hp": 362, "atk": 213, "def": 177, "spa": 249, "spd": 177, "spe": 159}, "types": ["Normal", "Psychic"]}}]}