{"id": "gen9randombattle-2642082602", "format": "[Gen 9] Random Battle", "players": ["Stiizyzzyx", "MalCumFleXXX"], "log": "|j|\u2606Stiizyzzyx\n|j|\u2606MalCumFleXXX\n|t:|1782886064\n|gametype|singles\n|player|p1|Stiizyzzyx|byron|1652\n|player|p2|MalCumFleXXX|1|1711\n|gen|9\n|tier|[Gen 9] Random Battle\n|rated|\n|rule|Species Clause: Limit one of each Pok\u00e9mon\n|rule|HP Percentage Mod: HP is shown in percentages\n|rule|Sleep Clause Mod: Limit one foe put to sleep\n|rule|Illusion Level Mod: Illusion disguises the Pok\u00e9mon's true level\n|\n|t:|1782886064\n|teamsize|p1|6\n|teamsize|p2|6\n|start\n|switch|p1a: Hitmonlee|Hitmonlee, L85, M|223/223\n|switch|p2a: Great Tusk|Great Tusk, L77|304/304\n|turn|1\n|inactive|Battle timer is ON: inactive players will automatically lose when time's up. (requested by Stiizyzzyx)\n|c|\u2606MalCumFleXXX|glhf\n|\n|t:|1782886077\n|move|p1a: Hitmonlee|High Jump Kick|p2a: Great Tusk\n|-damage|p2a: Great Tusk|76/304\n|move|p2a: Great Tusk|Rapid Spin|p1a: Hitmonlee\n|-damage|p1a: Hitmonlee|173/223\n|-boost|p2a: Great Tusk|spe|1\n|\n|-heal|p2a: Great Tusk|95/304|[from] item: Leftovers\n|upkeep\n|turn|2\n|\n|t:|1782886087\n|switch|p1a: Dodrio|Dodrio, L85, F|241/241\n|move|p2a: Great Tusk|Close Combat|p1a: Dodrio\n|-damage|p1a: Dodrio|90/241\n|-unboost|p2a: Great Tusk|def|1\n|-unboost|p2a: Great Tusk|spd|1\n|\n|-heal|p2a: Great Tusk|114/304|[from] item: Leftovers\n|upkeep\n|turn|3\n|\n|t:|1782886095\n|move|p2a: Great Tusk|Close Combat|p1a: Dodrio\n|-crit|p1a: Dodrio\n|-damage|p1a: Dodrio|0 fnt\n|-unboost|p2a: Great Tusk|def|1\n|-unboost|p2a: Great Tusk|spd|1\n|faint|p1a: Dodrio\n|\n|-heal|p2a: Great Tusk|133/304|[from] item: Leftovers\n|upkeep\n|\n|t:|1782886101\n|switch|p1a: Comfey|Comfey, L85, F|225/225\n|turn|4\n|\n|t:|1782886107\n|-end|p2a: Great Tusk|Protosynthesis|[silent]\n|switch|p2a: Muk|Muk, L86, M|321/321\n|move|p1a: Comfey|Draining Kiss|p2a: Muk\n|-resisted|p2a: Muk\n|-damage|p2a: Muk|300/321\n|\n|-heal|p2a: Muk|320/321|[from] item: Leftovers\n|upkeep\n|turn|5\n|\n|t:|1782886124\n|-terastallize|p1a: Comfey|Ground\n|move|p1a: Comfey|Calm Mind|p1a: Comfey\n|-boost|p1a: Comfey|spa|1\n|-boost|p1a: Comfey|spd|1\n|move|p2a: Muk|Toxic Spikes|p1a: Comfey\n|-sidestart|p1: Stiizyzzyx|move: Toxic Spikes\n|\n|-heal|p2a: Muk|321/321|[from] item: Leftovers\n|upkeep\n|turn|6\n|\n|t:|1782886137\n|switch|p2a: Chandelure|Chandelure, L83, F|235/235\n|move|p1a: Comfey|Tera Blast|p2a: Chandelure|[anim] Tera Blast Ground\n|-supereffective|p2a: Chandelure\n|-damage|p2a: Chandelure|17/235\n|\n|upkeep\n|turn|7\n|\n|t:|1782886145\n|move|p2a: Chandelure|Energy Ball|p1a: Comfey\n|-supereffective|p1a: Comfey\n|-damage|p1a: Comfey|133/225\n|move|p1a: Comfey|Tera Blast|p2a: Chandelure|[anim] Tera Blast Ground\n|-supereffective|p2a: Chandelure\n|-damage|p2a: Chandelure|0 fnt\n|faint|p2a: Chandelure\n|\n|-heal|p1a: Comfey|147/225|[from] item: Leftovers\n|upkeep\n|\n|t:|1782886156\n|switch|p2a: Scrafty|Scrafty, L83, M|244/244\n|-ability|p2a: Scrafty|Intimidate|boost\n|-unboost|p1a: Comfey|atk|1\n|turn|8\n|\n|t:|1782886162\n|-terastallize|p2a: Scrafty|Poison\n|move|p1a: Comfey|Draining Kiss|p2a: Scrafty\n|-resisted|p2a: Scrafty\n|-damage|p2a: Scrafty|215/244\n|-heal|p1a: Comfey|169/225|[from] drain|[of] p2a: Scrafty\n|move|p2a: Scrafty|Dragon Dance|p2a: Scrafty\n|-boost|p2a: Scrafty|atk|1\n|-boost|p2a: Scrafty|spe|1\n|\n|-heal|p1a: Comfey|183/225|[from] item: Leftovers\n|-heal|p2a: Scrafty|230/244|[from] item: Leftovers\n|upkeep\n|turn|9\n|\n|t:|1782886173\n|move|p1a: Comfey|Tera Blast|p2a: Scrafty|[anim] Tera Blast Ground\n|-supereffective|p2a: Scrafty\n|-damage|p2a: Scrafty|48/244\n|move|p2a: Scrafty|Knock Off|p1a: Comfey\n|-damage|p1a: Comfey|54/225\n|-enditem|p1a: Comfey|Leftovers|[from] move: Knock Off|[of] p2a: Scrafty\n|\n|-heal|p2a: Scrafty|63/244|[from] item: Leftovers\n|upkeep\n|turn|10\n|\n|t:|1782886181\n|move|p1a: Comfey|Synthesis|p1a: Comfey\n|-heal|p1a: Comfey|166/225\n|move|p2a: Scrafty|Drain Punch|p1a: Comfey\n|-damage|p1a: Comfey|66/225\n|-heal|p2a: Scrafty|113/244|[from] drain|[of] p1a: Comfey\n|\n|-heal|p2a: Scrafty|128/244|[from] item: Leftovers\n|upkeep\n|turn|11\n|\n|t:|1782886188\n|move|p1a: Comfey|Tera Blast|p2a: Scrafty|[anim] Tera Blast Ground\n|-supereffective|p2a: Scrafty\n|-damage|p2a: Scrafty|0 fnt\n|faint|p2a: Scrafty\n|\n|upkeep\n|\n|t:|1782886196\n|switch|p2a: Shiftry|Shiftry, L89, F|305/305\n|turn|12\n|\n|t:|1782886201\n|move|p1a: Comfey|Draining Kiss|p2a: Shiftry\n|-supereffective|p2a: Shiftry\n|-damage|p2a: Shiftry|125/305\n|-heal|p1a: Comfey|201/225|[from] drain|[of] p2a: Shiftry\n|move|p2a: Shiftry|Leaf Blade|p1a: Comfey\n|-supereffective|p1a: Comfey\n|-damage|p1a: Comfey|0 fnt\n|faint|p1a: Comfey\n|-damage|p2a: Shiftry|95/305|[from] item: Life Orb\n|\n|upkeep\n|\n|t:|1782886215\n|switch|p1a: Hitmonlee|Hitmonlee, L85, M|173/223\n|-status|p1a: Hitmonlee|psn\n|turn|13\n|\n|t:|1782886222\n|switch|p2a: Muk|Muk, L86, M|321/321\n|move|p1a: Hitmonlee|High Jump Kick|p2a: Muk\n|-resisted|p2a: Muk\n|-damage|p2a: Muk|156/321\n|\n|-heal|p2a: Muk|176/321|[from] item: Leftovers\n|-damage|p1a: Hitmonlee|146/223 psn|[from] psn\n|upkeep\n|turn|14\n|\n|t:|1782886231\n|move|p1a: Hitmonlee|High Jump Kick|p2a: Muk\n|-resisted|p2a: Muk\n|-damage|p2a: Muk|12/321\n|move|p2a: Muk|Poison Jab|p1a: Hitmonlee\n|-damage|p1a: Hitmonlee|7/223 psn\n|\n|-heal|p2a: Muk|32/321|[from] item: Leftovers\n|-damage|p1a: Hitmonlee|0 fnt|[from] psn\n|faint|p1a: Hitmonlee\n|upkeep\n|\n|t:|1782886236\n|switch|p1a: Plusle|Plusle, L95, M|268/268\n|-status|p1a: Plusle|psn\n|turn|15\n|\n|t:|1782886241\n|switch|p2a: Great Tusk|Great Tusk, L77|133/304\n|move|p1a: Plusle|Thunderbolt|p2a: Great Tusk\n|-immune|p2a: Great Tusk\n|\n|-heal|p2a: Great Tusk|152/304|[from] item: Leftovers\n|-damage|p1a: Plusle|235/268 psn|[from] psn\n|upkeep\n|turn|16\n|\n|t:|1782886253\n|-end|p2a: Great Tusk|Protosynthesis|[silent]\n|switch|p2a: Muk|Muk, L86, M|32/321\n|move|p1a: Plusle|Grass Knot|p2a: Muk\n|-resisted|p2a: Muk\n|-damage|p2a: Muk|2/321\n|-damage|p1a: Plusle|209/268 psn|[from] item: Life Orb\n|\n|-heal|p2a: Muk|22/321|[from] item: Leftovers\n|-damage|p1a: Plusle|176/268 psn|[from] psn\n|upkeep\n|turn|17\n|\n|t:|1782886260\n|move|p2a: Muk|Shadow Sneak|p1a: Plusle\n|-damage|p1a: Plusle|131/268 psn\n|move|p1a: Plusle|Grass Knot|p2a: Muk\n|-resisted|p2a: Muk\n|-damage|p2a: Muk|0 fnt\n|faint|p2a: Muk\n|-damage|p1a: Plusle|105/268 psn|[from] item: Life Orb\n|\n|-damage|p1a: Plusle|72/268 psn|[from] psn\n|upkeep\n|\n|t:|1782886265\n|switch|p2a: Shiftry|Shiftry, L89, F|95/305\n|turn|18\n|\n|t:|1782886280\n|move|p1a: Plusle|Nasty Plot|p1a: Plusle\n|-boost|p1a: Plusle|spa|2\n|move|p2a: Shiftry|Tailwind|p2a: Shiftry\n|-sidestart|p2: MalCumFleXXX|move: Tailwind\n|-ability|p2a: Shiftry|Wind Rider|boost\n|-boost|p2a: Shiftry|atk|1\n|\n|-damage|p1a: Plusle|39/268 psn|[from] psn\n|upkeep\n|turn|19\n|\n|t:|1782886285\n|move|p2a: Shiftry|Knock Off|p1a: Plusle\n|-damage|p1a: Plusle|0 fnt\n|-enditem|p1a: Plusle|Life Orb|[from] move: Knock Off|[of] p2a: Shiftry\n|faint|p1a: Plusle\n|-damage|p2a: Shiftry|65/305|[from] item: Life Orb\n|\n|upkeep\n|\n|t:|1782886298\n|switch|p1a: Basculegion|Basculegion-F, L83, F|335/335\n|-status|p1a: Basculegion|psn\n|turn|20\n|\n|t:|1782886303\n|move|p2a: Shiftry|Knock Off|p1a: Basculegion\n|-supereffective|p1a: Basculegion\n|-damage|p1a: Basculegion|0 fnt\n|-enditem|p1a: Basculegion|Choice Specs|[from] move: Knock Off|[of] p2a: Shiftry\n|faint|p1a: Basculegion\n|-damage|p2a: Shiftry|35/305|[from] item: Life Orb\n|\n|upkeep\n|\n|t:|1782886308\n|switch|p1a: Floatzel|Floatzel, L86, M|286/286\n|-status|p1a: Floatzel|psn\n|turn|21\n|\n|t:|1782886312\n|move|p2a: Shiftry|Leaf Blade|p1a: Floatzel\n|-supereffective|p1a: Floatzel\n|-damage|p1a: Floatzel|0 fnt\n|faint|p1a: Floatzel\n|-damage|p2a: Shiftry|5/305|[from] item: Life Orb\n|\n|win|MalCumFleXXX\n|raw|Stiizyzzyx's rating: 1652 &rarr; <strong>1635</strong><br />(-17 for losing)\n|raw|MalCumFleXXX's rating: 1711 &rarr; <strong>1728</strong><br />(+17 for winning)\n|l|\u2606Stiizyzzyx\n|player|p1|\n|c|\u2606MalCumFleXXX|gg\n", "inputlog": ">version f8ac14003a5f27e1bdc8d8c59608a773c1cb96e5\n>start {\"formatid\":\"gen9randombattle\",\"seed\":\"sodium,7f6aaa50ed1937e6d9accec9636390bd\",\"rated\":\"Rated battle\"}\n>player p1 {\"name\":\"Stiizyzzyx\",\"avatar\":\"byron\",\"rating\":1652,\"seed\":\"sodium,52c98255c00b2dca5aff50f8de38dbbe\"}\n>player p2 {\"name\":\"MalCumFleXXX\",\"avatar\":\"1\",\"rating\":1711,\"seed\":\"sodium,6669ca10b9464b6d4b3e8cf4def799a3\"}\n>chat \u2606MalCumFleXXX|glhf\n>p1 move highjumpkick\n>p2 move rapidspin\n>p1 switch 4\n>p2 move closecombat\n>p1 move bravebird\n>p2 move closecombat\n>p1 switch 5\n>p1 move drainingkiss\n>p2 switch 6\n>p1 move calmmind terastallize\n>p2 move toxicspikes\n>p1 move terablast\n>p2 switch 2\n>p1 move terablast\n>p2 move energyball\n>p2 switch 5\n>p1 move drainingkiss\n>p2 move dragondance terastallize\n>p1 move terablast\n>p2 move knockoff\n>p1 move synthesis\n>p2 move drainpunch\n>p1 move terablast\n>p2 move drainpunch\n>p2 switch 3\n>p1 move drainingkiss\n>p2 move leafblade\n>p1 switch 4\n>p1 move highjumpkick\n>p2 switch 2\n>p1 move highjumpkick\n>p2 move poisonjab\n>p1 switch 6\n>p1 move thunderbolt\n>p2 switch 6\n>p1 move grassknot\n>p2 switch 6\n>p1 move grassknot\n>p2 move shadowsneak\n>p2 switch 2\n>p1 move nastyplot\n>p2 move tailwind\n>p1 move encore\n>p2 move knockoff\n>p1 switch 2\n>p1 move icebeam\n>p2 move knockoff\n>p1 switch 3\n>p1 move crunch\n>p2 move leafblade", "uploadtime": 1782886319, "views": 4, "formatid": "gen9randombattle", "rating": 1635, "private": 0, "password": null, "player_dets": [{"name": "Stiizyzzyx", "avatar": "byron", "rating": 1652, "seed": "sodium,52c98255c00b2dca5aff50f8de38dbbe"}, {"name": "MalCumFleXXX", "avatar": "1", "rating": 1711, "seed": "sodium,6669ca10b9464b6d4b3e8cf4def799a3"}], "teams_full": [{"Hitmonlee": {"name": "Hitmonlee", "species": "Hitmonlee", "speciesId": "hitmonlee", "gender": "M", "shiny": false, "level": 85, "moves": ["knockoff", "highjumpkick", "machpunch", "poisonjab"], "ability": "Reckless", "evs": {"hp": 81, "atk": 85, "def": 85, "spa": 85, "spd": 85, "spe": 85}, "ivs": {"hp": 31, "atk": 31, "def": 31, "spa": 31, "spd": 31, "spe": 31}, "item": "Choice Band", "teraType": "Fighting", "role": "Fast Attacker", "bvs": {"hp": 50, "atk": 120, "def": 53, "spa": 35, "spd": 110, "spe": 87}, "stats": {"hp": 223, "atk": 253, "def": 139, "spa": 108, "spd": 236, "spe": 197}, "types": ["Fighting"]}, "Basculegion": {"name": "Basculegion", "species": "Basculegion-F", "speciesId": "basculegionf", "gender": "F", "shiny": false, "level": 83, "moves": ["icebeam", "hydropump", "flipturn", "shadowball"], "ability": "Adaptability", "evs": {"hp": 85, "atk": 85, "def": 85, "spa": 85, "spd": 85, "spe": 85}, "ivs": {"hp": 31, "atk": 31, "def": 31, "spa": 31, "spd": 31, "spe": 31}, "item": "Choice Specs", "teraType": "Water", "role": "Wallbreaker", "bvs": {"hp": 120, "atk": 92, "def": 65, "spa": 100, "spd": 75, "spe": 78}, "stats": {"hp": 335, "atk": 200, "def": 156, "spa": 214, "spd": 172, "spe": 177}, "types": ["Water", "Ghost"]}, "Floatzel": {"name": "Floatzel", "species": "Floatzel", "speciesId": "floatzel", "gender": "M", "shiny": false, "level": 86, "moves": ["wavecrash", "flipturn", "icespinner", "crunch"], "ability": "Water Veil", "evs": {"hp": 85, "atk": 85, "def": 85, "spa": 85, "spd": 85, "spe": 85}, "ivs": {"hp": 31, "atk": 31, "def": 31, "spa": 31, "spd": 31, "spe": 31}, "item": "Choice Band", "teraType": "Water", "role": "Wallbreaker", "bvs": {"hp": 85, "atk": 105, "def": 55, "spa": 85, "spd": 50, "spe": 115}, "stats": {"hp": 286, "atk": 230, "def": 144, "spa": 195, "spd": 135, "spe": 247}, "types": ["Water"]}, "Dodrio": {"name": "Dodrio", "species": "Dodrio", "speciesId": "dodrio", "gender": "F", "shiny": false, "level": 85, "moves": ["swordsdance", "bravebird", "drillrun", "knockoff"], "ability": "Early Bird", "evs": {"hp": 85, "atk": 85, "def": 85, "spa": 85, "spd": 85, "spe": 85}, "ivs": {"hp": 31, "atk": 31, "def": 31, "spa": 31, "spd": 31, "spe": 31}, "item": "Heavy-Duty Boots", "teraType": "Ground", "role": "Setup Sweeper", "bvs": {"hp": 60, "atk": 110, "def": 70, "spa": 60, "spd": 60, "spe": 110}, "stats": {"hp": 241, "atk": 236, "def": 168, "spa": 151, "spd": 151, "spe": 236}, "types": ["Normal", "Flying"]}, "Comfey": {"name": "Comfey", "species": "Comfey", "speciesId": "comfey", "gender": "F", "shiny": false, "level": 85, "moves": ["terablast", "drainingkiss", "synthesis", "calmmind"], "ability": "Triage", "evs": {"hp": 85, "atk": 0, "def": 85, "spa": 85, "spd": 85, "spe": 85}, "ivs": {"hp": 31, "atk": 0, "def": 31, "spa": 31, "spd": 31, "spe": 31}, "item": "Leftovers", "teraType": "Ground", "role": "Tera Blast user", "bvs": {"hp": 51, "atk": 52, "def": 90, "spa": 82, "spd": 110, "spe": 100}, "stats": {"hp": 225, "atk": 93, "def": 202, "spa": 188, "spd": 236, "spe": 219}, "types": ["Fairy"]}, "Plusle": {"name": "Plusle", "species": "Plusle", "speciesId": "plusle", "gender": "M", "shiny": false, "level": 95, "moves": ["grassknot", "nastyplot", "thunderbolt", "encore"], "ability": "Lightning Rod", "evs": {"hp": 85, "atk": 0, "def": 85, "spa": 85, "spd": 85, "spe": 85}, "ivs": {"hp": 31, "atk": 0, "def": 31, "spa": 31, "spd": 31, "spe": 31}, "item": "Life Orb", "teraType": "Grass", "role": "Setup Sweeper", "bvs": {"hp": 60, "atk": 50, "def": 40, "spa": 85, "spd": 75, "spe": 95}, "stats": {"hp": 268, "atk": 100, "def": 130, "spa": 215, "spd": 196, "spe": 234}, "types": ["Electric"]}}, {"Great Tusk": {"name": "Great Tusk", "species": "Great Tusk", "speciesId": "greattusk", "gender": "N", "shiny": false, "level": 77, "moves": ["headlongrush", "rapidspin", "stealthrock", "closecombat"], "ability": "Protosynthesis", "evs": {"hp": 85, "atk": 85, "def": 85, "spa": 85, "spd": 85, "spe": 85}, "ivs": {"hp": 31, "atk": 31, "def": 31, "spa": 31, "spd": 31, "spe": 31}, "item": "Leftovers", "teraType": "Ground", "role": "Bulky Support", "bvs": {"hp": 115, "atk": 131, "def": 131, "spa": 53, "spd": 53, "spe": 87}, "stats": {"hp": 304, "atk": 246, "def": 246, "spa": 126, "spd": 126, "spe": 179}, "types": ["Ground", "Fighting"]}, "Chandelure": {"name": "Chandelure", "species": "Chandelure", "speciesId": "chandelure", "gender": "F", "shiny": false, "level": 83, "moves": ["trick", "shadowball", "fireblast", "energyball"], "ability": "Flash Fire", "evs": {"hp": 85, "atk": 0, "def": 85, "spa": 85, "spd": 85, "spe": 85}, "ivs": {"hp": 31, "atk": 0, "def": 31, "spa": 31, "spd": 31, "spe": 31}, "item": "Choice Scarf", "teraType": "Ghost", "role": "Fast Attacker", "bvs": {"hp": 60, "atk": 55, "def": 90, "spa": 145, "spd": 90, "spe": 80}, "stats": {"hp": 235, "atk": 96, "def": 197, "spa": 288, "spd": 197, "spe": 180}, "types": ["Ghost", "Fire"]}, "Shiftry": {"name": "Shiftry", "species": "Shiftry", "speciesId": "shiftry", "gender": "F", "shiny": false, "level": 89, "moves": ["tailwind", "lowkick", "leafblade", "knockoff"], "ability": "Wind Rider", "evs": {"hp": 85, "atk": 85, "def": 85, "spa": 85, "spd": 85, "spe": 85}, "ivs": {"hp": 31, "atk": 31, "def": 31, "spa": 31, "spd": 31, "spe": 31}, "item": "Life Orb", "teraType": "Fighting", "role": "Setup Sweeper", "bvs": {"hp": 90, "atk": 100, "def": 60, "spa": 90, "spd": 60, "spe": 80}, "stats": {"hp": 305, "atk": 229, "def": 158, "spa": 211, "spd": 158, "spe": 193}, "types": ["Grass", "Dark"]}, "Grumpig": {"name": "Grumpig", "species": "Grumpig", "speciesId": "grumpig", "gender": "M", "shiny": false, "level": 92, "moves": ["focusblast", "psychic", "shadowball", "nastyplot"], "ability": "Thick Fat", "evs": {"hp": 85, "atk": 0, "def": 85, "spa": 85, "spd": 85, "spe": 85}, "ivs": {"hp": 31, "atk": 0, "def": 31, "spa": 31, "spd": 31, "spe": 31}, "item": "Leftovers", "teraType": "Fighting", "role": "Bulky Setup", "bvs": {"hp": 80, "atk": 45, "def": 65, "spa": 90, "spd": 110, "spe": 80}, "stats": {"hp": 297, "atk": 87, "def": 172, "spa": 218, "spd": 255, "spe": 200}, "types": ["Psychic"]}, "Scrafty": {"name": "Scrafty", "species": "Scrafty", "speciesId": "scrafty", "gender": "M", "shiny": false, "level": 83, "moves": ["knockoff", "poisonjab", "drainpunch", "dragondance"], "ability": "Intimidate", "evs": {"hp": 85, "atk": 85, "def": 85, "spa": 85, "spd": 85, "spe": 85}, "ivs": {"hp": 31, "atk": 31, "def": 31, "spa": 31, "spd": 31, "spe": 31}, "item": "Leftovers", "teraType": "Poison", "role": "Bulky Attacker", "bvs": {"hp": 65, "atk": 90, "def": 115, "spa": 45, "spd": 115, "spe": 58}, "stats": {"hp": 244, "atk": 197, "def": 239, "spa": 122, "spd": 239, "spe": 144}, "types": ["Dark", "Fighting"]}, "Muk": {"name": "Muk", "species": "Muk", "speciesId": "muk", "gender": "M", "shiny": false, "level": 86, "moves": ["toxicspikes", "knockoff", "poisonjab", "shadowsneak"], "ability": "Poison Touch", "evs": {"hp": 85, "atk": 85, "def": 85, "spa": 85, "spd": 85, "spe": 85}, "ivs": {"hp": 31, "atk": 31, "def": 31, "spa": 31, "spd": 31, "spe": 31}, "item": "Leftovers", "teraType": "Dark", "role": "Bulky Attacker", "bvs": {"hp": 105, "atk": 105, "def": 75, "spa": 65, "spd": 100, "spe": 50}, "stats": {"hp": 321, "atk": 230, "def": 178, "spa": 161, "spd": 221, "spe": 135}, "types": ["Poison"]}}]}