{"id": "gen9randombattle-2642220085", "format": "[Gen 9] Random Battle", "players": ["Pucho69", "koven04"], "log": "|j|\u2606Pucho69\n|j|\u2606koven04\n|t:|1782912763\n|gametype|singles\n|player|p1|Pucho69|nate|\n|player|p2|koven04|101|\n|gen|9\n|tier|[Gen 9] Random Battle\n|rule|Species Clause: Limit one of each Pok\u00e9mon\n|rule|HP Percentage Mod: HP is shown in percentages\n|rule|Sleep Clause Mod: Limit one foe put to sleep\n|rule|Illusion Level Mod: Illusion disguises the Pok\u00e9mon's true level\n|\n|t:|1782912763\n|teamsize|p1|6\n|teamsize|p2|6\n|start\n|switch|p1a: Annihilape|Annihilape, L76, M|292/292\n|switch|p2a: Arbok|Arbok, L87, M|246/246\n|-ability|p2a: Arbok|Intimidate|boost\n|-unboost|p1a: Annihilape|atk|1\n|-ability|p1a: Annihilape|Defiant|boost\n|-boost|p1a: Annihilape|atk|2\n|turn|1\n|inactive|Battle timer is ON: inactive players will automatically lose when time's up. (requested by koven04)\n|\n|t:|1782912816\n|move|p2a: Arbok|Toxic Spikes|p1a: Annihilape\n|-sidestart|p1: Pucho69|move: Toxic Spikes\n|move|p1a: Annihilape|Bulk Up|p1a: Annihilape\n|-boost|p1a: Annihilape|atk|1\n|-boost|p1a: Annihilape|def|1\n|\n|upkeep\n|turn|2\n|\n|t:|1782912827\n|move|p2a: Arbok|Toxic Spikes|p1a: Annihilape\n|-sidestart|p1: Pucho69|move: Toxic Spikes\n|move|p1a: Annihilape|Bulk Up|p1a: Annihilape\n|-boost|p1a: Annihilape|atk|1\n|-boost|p1a: Annihilape|def|1\n|\n|upkeep\n|turn|3\n|\n|t:|1782912844\n|-terastallize|p1a: Annihilape|Steel\n|move|p2a: Arbok|Gunk Shot|p1a: Annihilape\n|-immune|p1a: Annihilape\n|move|p1a: Annihilape|Rage Fist|p2a: Arbok\n|-damage|p2a: Arbok|95/246\n|\n|upkeep\n|turn|4\n|\n|t:|1782912866\n|switch|p2a: Ursaring|Ursaring, L84, M|288/288\n|move|p1a: Annihilape|Rage Fist|p2a: Ursaring\n|-immune|p2a: Ursaring\n|\n|upkeep\n|turn|5\n|inactive|koven04 has 270 seconds left.\n|\n|t:|1782912889\n|-terastallize|p2a: Ursaring|Ground\n|move|p1a: Annihilape|Drain Punch|p2a: Ursaring\n|-damage|p2a: Ursaring|140/288\n|move|p2a: Ursaring|Earthquake|p1a: Annihilape\n|-supereffective|p1a: Annihilape\n|-damage|p1a: Annihilape|146/292\n|\n|upkeep\n|turn|6\n|inactive|koven04 has 270 seconds left.\n|\n|t:|1782912911\n|switch|p2a: Arbok|Arbok, L87, M|95/246\n|-ability|p2a: Arbok|Intimidate|boost\n|-unboost|p1a: Annihilape|atk|1\n|-ability|p1a: Annihilape|Defiant|boost\n|-boost|p1a: Annihilape|atk|2\n|move|p1a: Annihilape|Drain Punch|p2a: Arbok\n|-resisted|p2a: Arbok\n|-damage|p2a: Arbok|0 fnt\n|-heal|p1a: Annihilape|194/292|[from] drain|[of] p2a: Arbok\n|faint|p2a: Arbok\n|\n|upkeep\n|\n|t:|1782912928\n|switch|p2a: Greninja|Greninja, L80, M|246/246\n|turn|7\n|\n|t:|1782912939\n|move|p2a: Greninja|Hydro Pump|p1a: Annihilape\n|-damage|p1a: Annihilape|25/292\n|-damage|p2a: Greninja|222/246|[from] item: Life Orb\n|move|p1a: Annihilape|Drain Punch|p2a: Greninja\n|-supereffective|p2a: Greninja\n|-damage|p2a: Greninja|0 fnt\n|-heal|p1a: Annihilape|136/292|[from] drain|[of] p2a: Greninja\n|faint|p2a: Greninja\n|\n|upkeep\n|inactive|koven04 has 240 seconds left.\n|\n|t:|1782912978\n|switch|p2a: Archaludon|Archaludon, L78, F|268/268\n|turn|8\n|\n|t:|1782912992\n|move|p1a: Annihilape|Drain Punch|p2a: Archaludon\n|-supereffective|p2a: Archaludon\n|-damage|p2a: Archaludon|0 fnt\n|-heal|p1a: Annihilape|270/292|[from] drain|[of] p2a: Archaludon\n|faint|p2a: Archaludon\n|\n|upkeep\n|\n|t:|1782913002\n|switch|p2a: Bruxish|Bruxish, L85, F|254/254\n|turn|9\n|\n|t:|1782913012\n|move|p2a: Bruxish|Wave Crash|p1a: Annihilape\n|-damage|p1a: Annihilape|155/292\n|-damage|p2a: Bruxish|216/254|[from] Recoil\n|move|p1a: Annihilape|Rage Fist|p2a: Bruxish\n|-supereffective|p2a: Bruxish\n|-damage|p2a: Bruxish|0 fnt\n|faint|p2a: Bruxish\n|\n|upkeep\n|\n|t:|1782913016\n|switch|p2a: Ursaring|Ursaring, L84, M, tera:Ground|140/288\n|turn|10\n|\n|t:|1782913021\n|move|p1a: Annihilape|Drain Punch|p2a: Ursaring\n|-damage|p2a: Ursaring|0 fnt\n|-heal|p1a: Annihilape|225/292|[from] drain|[of] p2a: Ursaring\n|faint|p2a: Ursaring\n|\n|upkeep\n|\n|t:|1782913023\n|switch|p2a: Tinkaton|Tinkaton, L82, F|274/274\n|-ability|p2a: Tinkaton|Mold Breaker\n|turn|11\n|inactive|koven04 has 240 seconds left.\n|\n|t:|1782913029\n|move|p2a: Tinkaton|Knock Off|p1a: Annihilape\n|-damage|p1a: Annihilape|191/292\n|-enditem|p1a: Annihilape|Chesto Berry|[from] move: Knock Off|[of] p2a: Tinkaton\n|move|p1a: Annihilape|Rage Fist|p2a: Tinkaton\n|-damage|p2a: Tinkaton|0 fnt\n|faint|p2a: Tinkaton\n|\n|win|Pucho69\n|l|\u2606koven04\n|player|p2|\n", "inputlog": ">version f8ac14003a5f27e1bdc8d8c59608a773c1cb96e5\n>start {\"formatid\":\"gen9randombattle\",\"seed\":\"sodium,36cb405621a1bf8cc3019d29e696561f\"}\n>player p1 {\"name\":\"Pucho69\",\"avatar\":\"nate\",\"rating\":0,\"seed\":\"sodium,d52e12aaeeaad4fde032c4ad277b108e\"}\n>player p2 {\"name\":\"koven04\",\"avatar\":\"101\",\"rating\":0,\"seed\":\"sodium,f63dad76e1dd33ca2a7dae3646780ebc\"}\n>p1 move bulkup\n>p2 move toxicspikes\n>p1 move bulkup\n>p2 move toxicspikes\n>p1 move ragefist terastallize\n>p2 move gunkshot\n>p1 move ragefist\n>p2 switch 4\n>p1 move drainpunch\n>p2 move earthquake terastallize\n>p1 move drainpunch\n>p2 switch 4\n>p2 switch 2\n>p1 move drainpunch\n>p2 move hydropump\n>p2 switch 6\n>p1 move drainpunch\n>p2 move earthquake\n>p2 switch 3\n>p1 move ragefist\n>p2 move wavecrash\n>p2 switch 4\n>p1 move drainpunch\n>p2 move earthquake\n>p2 switch 5\n>p1 move ragefist\n>p2 move knockoff", "uploadtime": 1782913046, "views": 3, "formatid": "gen9randombattle", "rating": null, "private": 0, "password": null, "player_dets": [{"name": "Pucho69", "avatar": "nate", "rating": 0, "seed": "sodium,d52e12aaeeaad4fde032c4ad277b108e"}, {"name": "koven04", "avatar": "101", "rating": 0, "seed": "sodium,f63dad76e1dd33ca2a7dae3646780ebc"}], "teams_full": [{"Annihilape": {"name": "Annihilape", "species": "Annihilape", "speciesId": "annihilape", "gender": "M", "shiny": false, "level": 76, "moves": ["bulkup", "ragefist", "rest", "drainpunch"], "ability": "Defiant", "evs": {"hp": 85, "atk": 85, "def": 85, "spa": 85, "spd": 85, "spe": 85}, "ivs": {"hp": 31, "atk": 31, "def": 31, "spa": 31, "spd": 31, "spe": 31}, "item": "Chesto Berry", "teraType": "Steel", "role": "Bulky Setup", "bvs": {"hp": 110, "atk": 115, "def": 80, "spa": 50, "spd": 90, "spe": 90}, "stats": {"hp": 292, "atk": 219, "def": 166, "spa": 120, "spd": 181, "spe": 181}, "types": ["Fighting", "Ghost"]}, "Froslass": {"name": "Froslass", "species": "Froslass", "speciesId": "froslass", "gender": "F", "shiny": false, "level": 87, "moves": ["tripleaxel", "destinybond", "spikes", "poltergeist"], "ability": "Cursed Body", "evs": {"hp": 81, "atk": 85, "def": 85, "spa": 85, "spd": 85, "spe": 85}, "ivs": {"hp": 31, "atk": 31, "def": 31, "spa": 31, "spd": 31, "spe": 31}, "item": "Wide Lens", "teraType": "Ghost", "role": "Fast Support", "bvs": {"hp": 70, "atk": 80, "def": 70, "spa": 80, "spd": 70, "spe": 110}, "stats": {"hp": 263, "atk": 189, "def": 172, "spa": 189, "spd": 172, "spe": 241}, "types": ["Ice", "Ghost"]}, "Dunsparce": {"name": "Dunsparce", "species": "Dunsparce", "speciesId": "dunsparce", "gender": "F", "shiny": false, "level": 86, "moves": ["bodyslam", "coil", "roost", "earthquake"], "ability": "Serene Grace", "evs": {"hp": 85, "atk": 85, "def": 85, "spa": 85, "spd": 85, "spe": 85}, "ivs": {"hp": 31, "atk": 31, "def": 31, "spa": 31, "spd": 31, "spe": 31}, "item": "Eviolite", "teraType": "Ground", "role": "Bulky Setup", "bvs": {"hp": 100, "atk": 70, "def": 70, "spa": 65, "spd": 65, "spe": 45}, "stats": {"hp": 312, "atk": 170, "def": 170, "spa": 161, "spd": 161, "spe": 127}, "types": ["Normal"]}, "Blissey": {"name": "Blissey", "species": "Blissey", "speciesId": "blissey", "gender": "F", "shiny": false, "level": 85, "moves": ["seismictoss", "softboiled", "stealthrock", "thunderwave"], "ability": "Natural Cure", "evs": {"hp": 85, "atk": 0, "def": 85, "spa": 85, "spd": 85, "spe": 85}, "ivs": {"hp": 31, "atk": 0, "def": 31, "spa": 31, "spd": 31, "spe": 31}, "item": "Leftovers", "teraType": "Poison", "role": "Bulky Support", "bvs": {"hp": 255, "atk": 10, "def": 10, "spa": 75, "spd": 135, "spe": 55}, "stats": {"hp": 572, "atk": 22, "def": 66, "spa": 176, "spd": 278, "spe": 142}, "types": ["Normal"]}, "Cinderace": {"name": "Cinderace", "species": "Cinderace", "speciesId": "cinderace", "gender": "M", "shiny": false, "level": 77, "moves": ["willowisp", "courtchange", "pyroball", "uturn"], "ability": "Libero", "evs": {"hp": 85, "atk": 85, "def": 85, "spa": 85, "spd": 85, "spe": 85}, "ivs": {"hp": 31, "atk": 31, "def": 31, "spa": 31, "spd": 31, "spe": 31}, "item": "Heavy-Duty Boots", "teraType": "Grass", "role": "Fast Support", "bvs": {"hp": 80, "atk": 116, "def": 75, "spa": 65, "spd": 75, "spe": 119}, "stats": {"hp": 250, "atk": 223, "def": 160, "spa": 145, "spd": 160, "spe": 228}, "types": ["Fire"]}, "Ariados": {"name": "Ariados", "species": "Ariados", "speciesId": "ariados", "gender": "F", "shiny": false, "level": 95, "moves": ["knockoff", "poisonjab", "stickyweb", "megahorn"], "ability": "Insomnia", "evs": {"hp": 85, "atk": 85, "def": 85, "spa": 85, "spd": 85, "spe": 85}, "ivs": {"hp": 31, "atk": 31, "def": 31, "spa": 31, "spd": 31, "spe": 31}, "item": "Heavy-Duty Boots", "teraType": "Ghost", "role": "Fast Support", "bvs": {"hp": 70, "atk": 90, "def": 70, "spa": 60, "spd": 70, "spe": 40}, "stats": {"hp": 287, "atk": 225, "def": 187, "spa": 168, "spd": 187, "spe": 130}, "types": ["Bug", "Poison"]}}, {"Arbok": {"name": "Arbok", "species": "Arbok", "speciesId": "arbok", "gender": "M", "shiny": false, "level": 87, "moves": ["suckerpunch", "knockoff", "toxicspikes", "gunkshot"], "ability": "Intimidate", "evs": {"hp": 85, "atk": 85, "def": 85, "spa": 85, "spd": 85, "spe": 85}, "ivs": {"hp": 31, "atk": 31, "def": 31, "spa": 31, "spd": 31, "spe": 31}, "item": "Focus Sash", "teraType": "Dark", "role": "Fast Support", "bvs": {"hp": 60, "atk": 95, "def": 69, "spa": 65, "spd": 79, "spe": 80}, "stats": {"hp": 246, "atk": 215, "def": 170, "spa": 163, "spd": 187, "spe": 189}, "types": ["Poison"]}, "Greninja": {"name": "Greninja", "species": "Greninja-Bond", "speciesId": "greninjabond", "gender": "M", "shiny": false, "level": 80, "moves": ["gunkshot", "hydropump", "icebeam", "darkpulse"], "ability": "Battle Bond", "evs": {"hp": 85, "atk": 85, "def": 85, "spa": 85, "spd": 85, "spe": 85}, "ivs": {"hp": 31, "atk": 31, "def": 31, "spa": 31, "spd": 31, "spe": 31}, "item": "Life Orb", "teraType": "Poison", "role": "Fast Attacker", "bvs": {"hp": 72, "atk": 95, "def": 67, "spa": 103, "spd": 71, "spe": 122}, "stats": {"hp": 246, "atk": 198, "def": 153, "spa": 211, "spd": 160, "spe": 241}, "types": ["Water", "Dark"]}, "Bruxish": {"name": "Bruxish", "species": "Bruxish", "speciesId": "bruxish", "gender": "F", "shiny": false, "level": 85, "moves": ["wavecrash", "psychicfangs", "flipturn", "crunch"], "ability": "Strong Jaw", "evs": {"hp": 85, "atk": 85, "def": 85, "spa": 85, "spd": 85, "spe": 85}, "ivs": {"hp": 31, "atk": 31, "def": 31, "spa": 31, "spd": 31, "spe": 31}, "item": "Choice Band", "teraType": "Psychic", "role": "Fast Attacker", "bvs": {"hp": 68, "atk": 105, "def": 70, "spa": 70, "spd": 70, "spe": 92}, "stats": {"hp": 254, "atk": 227, "def": 168, "spa": 168, "spd": 168, "spe": 205}, "types": ["Water", "Psychic"]}, "Ursaring": {"name": "Ursaring", "species": "Ursaring", "speciesId": "ursaring", "gender": "M", "shiny": false, "level": 84, "moves": ["sleeptalk", "earthquake", "bodyslam", "rest"], "ability": "Guts", "evs": {"hp": 85, "atk": 85, "def": 85, "spa": 85, "spd": 85, "spe": 85}, "ivs": {"hp": 31, "atk": 31, "def": 31, "spa": 31, "spd": 31, "spe": 31}, "item": "Eviolite", "teraType": "Ground", "role": "Bulky Attacker", "bvs": {"hp": 90, "atk": 130, "def": 75, "spa": 75, "spd": 75, "spe": 55}, "stats": {"hp": 288, "atk": 267, "def": 174, "spa": 174, "spd": 174, "spe": 141}, "types": ["Normal"]}, "Tinkaton": {"name": "Tinkaton", "species": "Tinkaton", "speciesId": "tinkaton", "gender": "F", "shiny": false, "level": 82, "moves": ["playrough", "knockoff", "swordsdance", "gigatonhammer"], "ability": "Mold Breaker", "evs": {"hp": 85, "atk": 85, "def": 85, "spa": 85, "spd": 85, "spe": 85}, "ivs": {"hp": 31, "atk": 31, "def": 31, "spa": 31, "spd": 31, "spe": 31}, "item": "Leftovers", "teraType": "Steel", "role": "Bulky Setup", "bvs": {"hp": 85, "atk": 75, "def": 77, "spa": 70, "spd": 105, "spe": 94}, "stats": {"hp": 274, "atk": 170, "def": 173, "spa": 162, "spd": 219, "spe": 201}, "types": ["Fairy", "Steel"]}, "Archaludon": {"name": "Archaludon", "species": "Archaludon", "speciesId": "archaludon", "gender": "F", "shiny": false, "level": 78, "moves": ["earthquake", "outrage", "swordsdance", "ironhead"], "ability": "Stamina", "evs": {"hp": 85, "atk": 85, "def": 85, "spa": 85, "spd": 85, "spe": 85}, "ivs": {"hp": 31, "atk": 31, "def": 31, "spa": 31, "spd": 31, "spe": 31}, "item": "Lum Berry", "teraType": "Ground", "role": "Bulky Setup", "bvs": {"hp": 90, "atk": 105, "def": 130, "spa": 125, "spd": 65, "spe": 85}, "stats": {"hp": 268, "atk": 209, "def": 248, "spa": 240, "spd": 146, "spe": 178}, "types": ["Steel", "Dragon"]}}]}