{"id": "gen9randombattle-2642166900", "format": "[Gen 9] Random Battle", "players": ["therealgahan", "Poka430"], "log": "|j|\u2606therealgahan\n|j|\u2606Poka430\n|t:|1782904049\n|gametype|singles\n|player|p1|therealgahan|101|1108\n|player|p2|Poka430|gentleman-gen4dp|1088\n|gen|9\n|tier|[Gen 9] Random Battle\n|rated|\n|rule|Species Clause: Limit one of each Pok\u00e9mon\n|rule|HP Percentage Mod: HP is shown in percentages\n|rule|Sleep Clause Mod: Limit one foe put to sleep\n|rule|Illusion Level Mod: Illusion disguises the Pok\u00e9mon's true level\n|\n|t:|1782904049\n|teamsize|p1|6\n|teamsize|p2|6\n|start\n|switch|p1a: Iron Treads|Iron Treads, L77|265/265\n|switch|p2a: Gallade|Gallade, L80, M|240/240\n|turn|1\n|inactive|Battle timer is ON: inactive players will automatically lose when time's up. (requested by Poka430)\n|\n|t:|1782904074\n|move|p1a: Iron Treads|Stealth Rock|p2a: Gallade\n|-sidestart|p2: Poka430|move: Stealth Rock\n|move|p2a: Gallade|Sacred Sword|p1a: Iron Treads\n|-supereffective|p1a: Iron Treads\n|-crit|p1a: Iron Treads\n|-damage|p1a: Iron Treads|0 fnt\n|faint|p1a: Iron Treads\n|-end|p1a: Iron Treads|Quark Drive|[silent]\n|\n|upkeep\n|\n|t:|1782904089\n|switch|p1a: Kleavor|Kleavor, L78, M|237/237\n|turn|2\n|\n|t:|1782904101\n|move|p1a: Kleavor|X-Scissor|p2a: Gallade\n|-damage|p2a: Gallade|56/240\n|move|p2a: Gallade|Sacred Sword|p1a: Kleavor\n|-damage|p1a: Kleavor|5/237\n|\n|upkeep\n|turn|3\n|\n|t:|1782904109\n|move|p1a: Kleavor|X-Scissor|p2a: Gallade\n|-damage|p2a: Gallade|0 fnt\n|faint|p2a: Gallade\n|\n|upkeep\n|\n|t:|1782904120\n|switch|p2a: Yanmega|Yanmega, L82, F|275/275\n|-damage|p2a: Yanmega|138/275|[from] Stealth Rock\n|turn|4\n|\n|t:|1782904133\n|move|p1a: Kleavor|X-Scissor|p2a: Yanmega\n|-resisted|p2a: Yanmega\n|-damage|p2a: Yanmega|64/275\n|move|p2a: Yanmega|Air Slash|p1a: Kleavor\n|-damage|p1a: Kleavor|0 fnt\n|faint|p1a: Kleavor\n|\n|upkeep\n|\n|t:|1782904139\n|switch|p1a: Charizard|Charizard, L85, M|271/271\n|turn|5\n|\n|t:|1782904148\n|move|p1a: Charizard|Swords Dance|p1a: Charizard\n|-boost|p1a: Charizard|atk|2\n|move|p2a: Yanmega|Air Slash|p1a: Charizard\n|-damage|p1a: Charizard|138/271\n|\n|upkeep\n|turn|6\n|\n|t:|1782904157\n|move|p1a: Charizard|Flare Blitz|p2a: Yanmega\n|-supereffective|p2a: Yanmega\n|-damage|p2a: Yanmega|0 fnt\n|faint|p2a: Yanmega\n|-damage|p1a: Charizard|117/271|[from] Recoil\n|\n|upkeep\n|\n|t:|1782904174\n|switch|p2a: Keldeo|Keldeo-Resolute, L79|273/273\n|-damage|p2a: Keldeo|256/273|[from] Stealth Rock\n|turn|7\n|\n|t:|1782904190\n|switch|p1a: Sunflora|Sunflora, M|312/312\n|move|p2a: Keldeo|Hydro Pump|p1a: Sunflora|[miss]\n|-miss|p2a: Keldeo|p1a: Sunflora\n|\n|-heal|p2a: Keldeo|273/273|[from] item: Leftovers\n|upkeep\n|turn|8\n|\n|t:|1782904204\n|switch|p2a: Chi-Yu|Chi-Yu, L77|211/211\n|-damage|p2a: Chi-Yu|159/211|[from] Stealth Rock\n|-ability|p2a: Chi-Yu|Beads of Ruin\n|move|p1a: Sunflora|Sunny Day|p1a: Sunflora\n|-weather|SunnyDay\n|\n|-weather|SunnyDay|[upkeep]\n|upkeep\n|turn|9\n|\n|t:|1782904221\n|move|p1a: Sunflora|Earth Power|p2a: Chi-Yu\n|-supereffective|p2a: Chi-Yu\n|-damage|p2a: Chi-Yu|0 fnt\n|faint|p2a: Chi-Yu\n|-damage|p1a: Sunflora|281/312|[from] item: Life Orb\n|\n|-weather|SunnyDay|[upkeep]\n|upkeep\n|inactive|Poka430 has 120 seconds left.\n|\n|t:|1782904237\n|switch|p2a: Lugia|Lugia, L73|275/275\n|turn|10\n|inactive|Poka430 has 120 seconds left.\n|\n|t:|1782904249\n|move|p1a: Sunflora|Weather Ball|p2a: Lugia\n|-damage|p2a: Lugia|198/275\n|-damage|p1a: Sunflora|250/312|[from] item: Life Orb\n|move|p2a: Lugia|Aeroblast|p1a: Sunflora\n|-supereffective|p1a: Sunflora\n|-damage|p1a: Sunflora|128/312\n|\n|-weather|SunnyDay|[upkeep]\n|upkeep\n|turn|11\n|inactive|Poka430 has 120 seconds left.\n|\n|t:|1782904263\n|move|p1a: Sunflora|Weather Ball|p2a: Lugia\n|-damage|p2a: Lugia|56/275\n|-damage|p1a: Sunflora|97/312|[from] item: Life Orb\n|move|p2a: Lugia|Aeroblast|p1a: Sunflora\n|-supereffective|p1a: Sunflora\n|-damage|p1a: Sunflora|0 fnt\n|faint|p1a: Sunflora\n|\n|-weather|SunnyDay|[upkeep]\n|upkeep\n|\n|t:|1782904271\n|switch|p1a: Charizard|Charizard, L85, M|117/271\n|turn|12\n|inactive|Poka430 has 120 seconds left.\n|\n|t:|1782904282\n|switch|p2a: Keldeo|Keldeo-Resolute, L79|273/273\n|-damage|p2a: Keldeo|256/273|[from] Stealth Rock\n|move|p1a: Charizard|Flare Blitz|p2a: Keldeo\n|-resisted|p2a: Keldeo\n|-damage|p2a: Keldeo|169/273\n|-damage|p1a: Charizard|88/271|[from] Recoil\n|\n|-weather|none\n|-heal|p2a: Keldeo|186/273|[from] item: Leftovers\n|upkeep\n|turn|13\n|inactive|Poka430 has 120 seconds left.\n|\n|t:|1782904299\n|switch|p1a: Meganium|Meganium, L90, F|290/290\n|move|p2a: Keldeo|Calm Mind|p2a: Keldeo\n|-boost|p2a: Keldeo|spa|1\n|-boost|p2a: Keldeo|spd|1\n|\n|-heal|p2a: Keldeo|203/273|[from] item: Leftovers\n|upkeep\n|turn|14\n|inactive|Poka430 has 120 seconds left.\n|inactive|Poka430 has 90 seconds left.\n|\n|t:|1782904341\n|move|p2a: Keldeo|Secret Sword|p1a: Meganium\n|-damage|p1a: Meganium|169/290\n|move|p1a: Meganium|Knock Off|p2a: Keldeo\n|-resisted|p2a: Keldeo\n|-damage|p2a: Keldeo|169/273\n|-ability|p2a: Keldeo|Justified|boost\n|-boost|p2a: Keldeo|atk|1\n|-enditem|p2a: Keldeo|Leftovers|[from] move: Knock Off|[of] p1a: Meganium\n|\n|-heal|p1a: Meganium|187/290|[from] item: Leftovers\n|upkeep\n|turn|15\n|inactive|Poka430 has 90 seconds left.\n|\n|t:|1782904369\n|move|p2a: Keldeo|Substitute|p2a: Keldeo\n|-start|p2a: Keldeo|Substitute\n|-damage|p2a: Keldeo|101/273\n|move|p1a: Meganium|Energy Ball|p2a: Keldeo\n|-supereffective|p2a: Keldeo\n|-end|p2a: Keldeo|Substitute\n|\n|-heal|p1a: Meganium|205/290|[from] item: Leftovers\n|upkeep\n|turn|16\n|\n|t:|1782904383\n|switch|p2a: Lugia|Lugia, L73|56/275\n|move|p1a: Meganium|Energy Ball|p2a: Lugia\n|-resisted|p2a: Lugia\n|-damage|p2a: Lugia|22/275\n|\n|-heal|p1a: Meganium|223/290|[from] item: Leftovers\n|upkeep\n|turn|17\n|\n|t:|1782904396\n|-terastallize|p1a: Meganium|Poison\n|move|p2a: Lugia|Aeroblast|p1a: Meganium\n|-damage|p1a: Meganium|160/290\n|move|p1a: Meganium|Knock Off|p2a: Lugia\n|-supereffective|p2a: Lugia\n|-damage|p2a: Lugia|0 fnt\n|-enditem|p2a: Lugia|Heavy-Duty Boots|[from] move: Knock Off|[of] p1a: Meganium\n|faint|p2a: Lugia\n|\n|-heal|p1a: Meganium|178/290|[from] item: Leftovers\n|upkeep\n|\n|t:|1782904409\n|switch|p2a: Piloswine|Piloswine, L85, F|309/309\n|-damage|p2a: Piloswine|271/309|[from] Stealth Rock\n|turn|18\n|inactive|Poka430 has 60 seconds left.\n|\n|t:|1782904437\n|-terastallize|p2a: Piloswine|Poison\n|move|p1a: Meganium|Energy Ball|p2a: Piloswine\n|-resisted|p2a: Piloswine\n|-damage|p2a: Piloswine|232/309\n|move|p2a: Piloswine|Earthquake|p1a: Meganium\n|-supereffective|p1a: Meganium\n|-damage|p1a: Meganium|0 fnt\n|faint|p1a: Meganium\n|\n|upkeep\n|\n|t:|1782904446\n|switch|p1a: Ambipom|Ambipom, L84, F|263/263\n|turn|19\n|\n|t:|1782904454\n|move|p1a: Ambipom|Knock Off|p2a: Piloswine\n|-damage|p2a: Piloswine|154/309\n|-enditem|p2a: Piloswine|Eviolite|[from] move: Knock Off|[of] p1a: Ambipom\n|move|p2a: Piloswine|Earthquake|p1a: Ambipom\n|-damage|p1a: Ambipom|125/263\n|\n|upkeep\n|turn|20\n|inactive|Poka430 has 60 seconds left.\n|\n|t:|1782904474\n|switch|p1a: Charizard|Charizard, L85, M|88/271\n|move|p2a: Piloswine|Ice Shard|p1a: Charizard\n|-damage|p1a: Charizard|37/271\n|\n|upkeep\n|turn|21\n|inactive|Poka430 has 60 seconds left.\n|\n|t:|1782904481\n|move|p2a: Piloswine|Ice Shard|p1a: Charizard\n|-crit|p1a: Charizard\n|-damage|p1a: Charizard|0 fnt\n|faint|p1a: Charizard\n|\n|upkeep\n|\n|t:|1782904483\n|switch|p1a: Ambipom|Ambipom, L84, F|125/263\n|turn|22\n|\n|t:|1782904499\n|move|p2a: Piloswine|Ice Shard|p1a: Ambipom\n|-crit|p1a: Ambipom\n|-damage|p1a: Ambipom|40/263\n|move|p1a: Ambipom|Double-Edge|p2a: Piloswine\n|-damage|p2a: Piloswine|0 fnt\n|faint|p2a: Piloswine\n|-damage|p1a: Ambipom|0 fnt|[from] Recoil\n|faint|p1a: Ambipom\n|\n|win|Poka430\n|raw|therealgahan's rating: 1108 &rarr; <strong>1082</strong><br />(-26 for losing)\n|raw|Poka430's rating: 1088 &rarr; <strong>1116</strong><br />(+28 for winning)\n|l|\u2606therealgahan\n|player|p1|\n", "inputlog": ">version f8ac14003a5f27e1bdc8d8c59608a773c1cb96e5\n>start {\"formatid\":\"gen9randombattle\",\"seed\":\"sodium,8841f5a34284196bbbc47614d45a8b3c\",\"rated\":\"Rated battle\"}\n>player p1 {\"name\":\"therealgahan\",\"avatar\":\"101\",\"rating\":1108,\"seed\":\"sodium,6618f19b6327efd5dd64338414d499bf\"}\n>player p2 {\"name\":\"Poka430\",\"avatar\":\"gentleman-gen4dp\",\"rating\":1088,\"seed\":\"sodium,6c1a6769c95a8388fb88fbad1acae3cb\"}\n>p1 move stealthrock\n>p2 move sacredsword\n>p1 switch 4\n>p1 move xscissor\n>p2 move sacredsword\n>p1 move xscissor\n>p2 move sacredsword\n>p2 switch 3\n>p1 move xscissor\n>p2 move airslash\n>p1 switch 2\n>p1 move swordsdance\n>p2 move airslash\n>p1 move flareblitz\n>p2 move airslash\n>p2 switch 5\n>p1 switch 3\n>p2 move hydropump\n>p1 move sunnyday\n>p2 switch 4\n>p1 move earthpower\n>p2 move flamethrower\n>p2 switch 2\n>p1 move weatherball\n>p2 move aeroblast\n>p1 move weatherball\n>p2 move aeroblast\n>p1 switch 3\n>p1 move flareblitz\n>p2 switch 4\n>p1 switch 5\n>p2 move calmmind\n>p1 move knockoff\n>p2 move secretsword\n>p1 move energyball\n>p2 move substitute\n>p1 move energyball\n>p2 switch 4\n>p1 move knockoff terastallize\n>p2 move aeroblast\n>p2 switch 6\n>p1 move energyball\n>p2 move earthquake terastallize\n>p1 switch 6\n>p1 move knockoff\n>p2 move earthquake\n>p1 switch 5\n>p2 move iceshard\n>p1 move earthquake\n>p2 move iceshard\n>p1 switch 5\n>p1 move doubleedge\n>p2 move iceshard", "uploadtime": 1782904515, "views": 3, "formatid": "gen9randombattle", "rating": 1082, "private": 0, "password": null, "player_dets": [{"name": "therealgahan", "avatar": "101", "rating": 1108, "seed": "sodium,6618f19b6327efd5dd64338414d499bf"}, {"name": "Poka430", "avatar": "gentleman-gen4dp", "rating": 1088, "seed": "sodium,6c1a6769c95a8388fb88fbad1acae3cb"}], "teams_full": [{"Iron Treads": {"name": "Iron Treads", "species": "Iron Treads", "speciesId": "irontreads", "gender": "N", "shiny": false, "level": 77, "moves": ["earthquake", "ironhead", "rapidspin", "stealthrock"], "ability": "Quark Drive", "evs": {"hp": 85, "atk": 85, "def": 85, "spa": 85, "spd": 85, "spe": 85}, "ivs": {"hp": 31, "atk": 31, "def": 31, "spa": 31, "spd": 31, "spe": 31}, "item": "Leftovers", "teraType": "Ghost", "role": "Bulky Support", "bvs": {"hp": 90, "atk": 112, "def": 120, "spa": 72, "spd": 70, "spe": 106}, "stats": {"hp": 265, "atk": 217, "def": 229, "spa": 155, "spd": 152, "spe": 208}, "types": ["Ground", "Steel"]}, "Charizard": {"name": "Charizard", "species": "Charizard", "speciesId": "charizard", "gender": "M", "shiny": false, "level": 85, "moves": ["flareblitz", "earthquake", "outrage", "swordsdance"], "ability": "Blaze", "evs": {"hp": 85, "atk": 85, "def": 85, "spa": 85, "spd": 85, "spe": 85}, "ivs": {"hp": 31, "atk": 31, "def": 31, "spa": 31, "spd": 31, "spe": 31}, "item": "Heavy-Duty Boots", "teraType": "Ground", "role": "Setup Sweeper", "bvs": {"hp": 78, "atk": 84, "def": 78, "spa": 109, "spd": 85, "spe": 100}, "stats": {"hp": 271, "atk": 192, "def": 181, "spa": 234, "spd": 193, "spe": 219}, "types": ["Fire", "Flying"]}, "Sunflora": {"name": "Sunflora", "species": "Sunflora", "speciesId": "sunflora", "gender": "M", "shiny": false, "level": 100, "moves": ["sunnyday", "earthpower", "weatherball", "solarbeam"], "ability": "Chlorophyll", "evs": {"hp": 85, "atk": 0, "def": 85, "spa": 85, "spd": 85, "spe": 85}, "ivs": {"hp": 31, "atk": 0, "def": 31, "spa": 31, "spd": 31, "spe": 31}, "item": "Life Orb", "teraType": "Fire", "role": "Setup Sweeper", "bvs": {"hp": 75, "atk": 75, "def": 55, "spa": 105, "spd": 85, "spe": 30}, "stats": {"hp": 312, "atk": 155, "def": 167, "spa": 267, "spd": 227, "spe": 117}, "types": ["Grass"]}, "Kleavor": {"name": "Kleavor", "species": "Kleavor", "speciesId": "kleavor", "gender": "M", "shiny": false, "level": 78, "moves": ["xscissor", "stoneaxe", "uturn", "closecombat"], "ability": "Sharpness", "evs": {"hp": 85, "atk": 85, "def": 85, "spa": 85, "spd": 85, "spe": 85}, "ivs": {"hp": 31, "atk": 31, "def": 31, "spa": 31, "spd": 31, "spe": 31}, "item": "Choice Scarf", "teraType": "Fighting", "role": "Bulky Attacker", "bvs": {"hp": 70, "atk": 135, "def": 95, "spa": 45, "spd": 70, "spe": 85}, "stats": {"hp": 237, "atk": 256, "def": 193, "spa": 115, "spd": 154, "spe": 178}, "types": ["Bug", "Rock"]}, "Meganium": {"name": "Meganium", "species": "Meganium", "speciesId": "meganium", "gender": "F", "shiny": false, "level": 90, "moves": ["energyball", "synthesis", "leechseed", "knockoff"], "ability": "Overgrow", "evs": {"hp": 85, "atk": 85, "def": 85, "spa": 85, "spd": 85, "spe": 85}, "ivs": {"hp": 31, "atk": 31, "def": 31, "spa": 31, "spd": 31, "spe": 31}, "item": "Leftovers", "teraType": "Poison", "role": "Bulky Attacker", "bvs": {"hp": 80, "atk": 82, "def": 100, "spa": 83, "spd": 100, "spe": 80}, "stats": {"hp": 290, "atk": 199, "def": 231, "spa": 201, "spd": 231, "spe": 195}, "types": ["Grass"]}, "Ambipom": {"name": "Ambipom", "species": "Ambipom", "speciesId": "ambipom", "gender": "F", "shiny": false, "level": 84, "moves": ["tripleaxel", "knockoff", "uturn", "doubleedge"], "ability": "Technician", "evs": {"hp": 85, "atk": 85, "def": 85, "spa": 85, "spd": 85, "spe": 85}, "ivs": {"hp": 31, "atk": 31, "def": 31, "spa": 31, "spd": 31, "spe": 31}, "item": "Choice Band", "teraType": "Ice", "role": "Fast Attacker", "bvs": {"hp": 75, "atk": 100, "def": 66, "spa": 60, "spd": 66, "spe": 115}, "stats": {"hp": 263, "atk": 216, "def": 159, "spa": 149, "spd": 159, "spe": 241}, "types": ["Normal"]}}, {"Gallade": {"name": "Gallade", "species": "Gallade", "speciesId": "gallade", "gender": "M", "shiny": false, "level": 80, "moves": ["nightslash", "sacredsword", "leafblade", "psychocut"], "ability": "Sharpness", "evs": {"hp": 85, "atk": 85, "def": 85, "spa": 85, "spd": 85, "spe": 85}, "ivs": {"hp": 31, "atk": 31, "def": 31, "spa": 31, "spd": 31, "spe": 31}, "item": "Choice Band", "teraType": "Grass", "role": "Fast Attacker", "bvs": {"hp": 68, "atk": 125, "def": 65, "spa": 65, "spd": 115, "spe": 80}, "stats": {"hp": 240, "atk": 246, "def": 150, "spa": 150, "spd": 230, "spe": 174}, "types": ["Psychic", "Fighting"]}, "Lugia": {"name": "Lugia", "species": "Lugia", "speciesId": "lugia", "gender": "N", "shiny": false, "level": 73, "moves": ["aeroblast", "earthpower", "recover", "calmmind"], "ability": "Multiscale", "evs": {"hp": 85, "atk": 0, "def": 85, "spa": 85, "spd": 85, "spe": 85}, "ivs": {"hp": 31, "atk": 0, "def": 31, "spa": 31, "spd": 31, "spe": 31}, "item": "Heavy-Duty Boots", "teraType": "Steel", "role": "Bulky Setup", "bvs": {"hp": 106, "atk": 90, "def": 130, "spa": 90, "spd": 154, "spe": 110}, "stats": {"hp": 275, "atk": 136, "def": 232, "spa": 174, "spd": 267, "spe": 203}, "types": ["Psychic", "Flying"]}, "Yanmega": {"name": "Yanmega", "species": "Yanmega", "speciesId": "yanmega", "gender": "F", "shiny": false, "level": 82, "moves": ["bugbuzz", "gigadrain", "airslash", "uturn"], "ability": "Tinted Lens", "evs": {"hp": 85, "atk": 85, "def": 85, "spa": 85, "spd": 85, "spe": 85}, "ivs": {"hp": 31, "atk": 31, "def": 31, "spa": 31, "spd": 31, "spe": 31}, "item": "Choice Specs", "teraType": "Bug", "role": "Wallbreaker", "bvs": {"hp": 86, "atk": 76, "def": 86, "spa": 116, "spd": 56, "spe": 95}, "stats": {"hp": 275, "atk": 172, "def": 188, "spa": 237, "spd": 139, "spe": 203}, "types": ["Bug", "Flying"]}, "Chi-Yu": {"name": "Chi-Yu", "species": "Chi-Yu", "speciesId": "chiyu", "gender": "N", "shiny": false, "level": 77, "moves": ["flamethrower", "overheat", "psychic", "darkpulse"], "ability": "Beads of Ruin", "evs": {"hp": 85, "atk": 0, "def": 85, "spa": 85, "spd": 85, "spe": 85}, "ivs": {"hp": 31, "atk": 0, "def": 31, "spa": 31, "spd": 31, "spe": 31}, "item": "Choice Specs", "teraType": "Fire", "role": "Fast Attacker", "bvs": {"hp": 55, "atk": 80, "def": 80, "spa": 135, "spd": 120, "spe": 100}, "stats": {"hp": 211, "atk": 128, "def": 168, "spa": 252, "spd": 229, "spe": 199}, "types": ["Dark", "Fire"]}, "Keldeo": {"name": "Keldeo", "species": "Keldeo-Resolute", "speciesId": "keldeoresolute", "gender": "N", "shiny": false, "level": 79, "moves": ["hydropump", "substitute", "calmmind", "secretsword"], "ability": "Justified", "evs": {"hp": 85, "atk": 0, "def": 85, "spa": 85, "spd": 85, "spe": 85}, "ivs": {"hp": 31, "atk": 0, "def": 31, "spa": 31, "spd": 31, "spe": 31}, "item": "Leftovers", "teraType": "Steel", "role": "Bulky Setup", "bvs": {"hp": 91, "atk": 72, "def": 90, "spa": 129, "spd": 90, "spe": 108}, "stats": {"hp": 273, "atk": 118, "def": 188, "spa": 249, "spd": 188, "spe": 216}, "types": ["Water", "Fighting"]}, "Piloswine": {"name": "Piloswine", "species": "Piloswine", "speciesId": "piloswine", "gender": "F", "shiny": false, "level": 85, "moves": ["roar", "iciclecrash", "earthquake", "iceshard"], "ability": "Thick Fat", "evs": {"hp": 85, "atk": 85, "def": 85, "spa": 85, "spd": 85, "spe": 85}, "ivs": {"hp": 31, "atk": 31, "def": 31, "spa": 31, "spd": 31, "spe": 31}, "item": "Eviolite", "teraType": "Poison", "role": "Bulky Support", "bvs": {"hp": 100, "atk": 100, "def": 80, "spa": 60, "spd": 60, "spe": 50}, "stats": {"hp": 309, "atk": 219, "def": 185, "spa": 151, "spd": 151, "spe": 134}, "types": ["Ice", "Ground"]}}]}