{"id": "gen9randombattle-2641577722", "format": "[Gen 9] Random Battle", "players": ["Cplaceopadremeo", "Mr. Mt. Mooner"], "log": "|j|\u2606Cplaceopadremeo\n|j|\u2606Mr. Mt. Mooner\n|t:|1782811795\n|gametype|singles\n|player|p1|Cplaceopadremeo|2|1302\n|player|p2|Mr. Mt. Mooner|bruno|1336\n|gen|9\n|tier|[Gen 9] Random Battle\n|rated|\n|rule|Species Clause: Limit one of each Pok\u00e9mon\n|rule|HP Percentage Mod: HP is shown in percentages\n|rule|Sleep Clause Mod: Limit one foe put to sleep\n|rule|Illusion Level Mod: Illusion disguises the Pok\u00e9mon's true level\n|\n|t:|1782811795\n|teamsize|p1|6\n|teamsize|p2|6\n|start\n|switch|p1a: Noctowl|Noctowl, L95, M|344/344\n|switch|p2a: Hippowdon|Hippowdon, L82, M|311/311\n|-weather|Sandstorm|[from] ability: Sand Stream|[of] p2a: Hippowdon\n|turn|1\n|inactive|Battle timer is ON: inactive players will automatically lose when time's up. (requested by Cplaceopadremeo)\n|\n|t:|1782811812\n|switch|p1a: Ursaluna|Ursaluna, L79, F|335/335\n|move|p2a: Hippowdon|Curse|p2a: Hippowdon\n|-unboost|p2a: Hippowdon|spe|1\n|-boost|p2a: Hippowdon|atk|1\n|-boost|p2a: Hippowdon|def|1\n|\n|-weather|Sandstorm|[upkeep]\n|-status|p1a: Ursaluna|brn|[from] item: Flame Orb\n|upkeep\n|turn|2\n|l|\u2606Cplaceopadremeo\n|inactive|Cplaceopadremeo disconnected and has a minute to reconnect!\n|player|p1|\n|\n|t:|1782811838\n|move|p1a: Ursaluna|Trailblaze|p2a: Hippowdon\n|-supereffective|p2a: Hippowdon\n|-damage|p2a: Hippowdon|239/311\n|-boost|p1a: Ursaluna|spe|1\n|move|p2a: Hippowdon|Earthquake|p1a: Ursaluna\n|-damage|p1a: Ursaluna|173/335 brn\n|\n|-weather|Sandstorm|[upkeep]\n|-heal|p2a: Hippowdon|258/311|[from] item: Leftovers\n|-damage|p1a: Ursaluna|153/335 brn|[from] brn\n|upkeep\n|turn|3\n|j|\u2606Cplaceopadremeo\n|inactive|Cplaceopadremeo reconnected and has 150 seconds left.\n|player|p1|Cplaceopadremeo|2|\n|\n|t:|1782811853\n|move|p1a: Ursaluna|Facade|p2a: Hippowdon\n|-damage|p2a: Hippowdon|119/311\n|move|p2a: Hippowdon|Earthquake|p1a: Ursaluna\n|-damage|p1a: Ursaluna|6/335 brn\n|\n|-weather|Sandstorm|[upkeep]\n|-heal|p2a: Hippowdon|138/311|[from] item: Leftovers\n|-damage|p1a: Ursaluna|0 fnt|[from] brn\n|faint|p1a: Ursaluna\n|upkeep\n|\n|t:|1782811860\n|switch|p1a: Toxapex|Toxapex, L82, F|216/216\n|turn|4\n|\n|t:|1782811875\n|switch|p1a: Noctowl|Noctowl, L95, M|344/344\n|move|p2a: Hippowdon|Earthquake|p1a: Noctowl\n|-immune|p1a: Noctowl\n|\n|-weather|Sandstorm|[upkeep]\n|-damage|p1a: Noctowl|323/344|[from] Sandstorm\n|-heal|p2a: Hippowdon|157/311|[from] item: Leftovers\n|upkeep\n|turn|5\n|\n|t:|1782811886\n|move|p1a: Noctowl|Hyper Voice|p2a: Hippowdon\n|-damage|p2a: Hippowdon|22/311\n|move|p2a: Hippowdon|Stone Edge|p1a: Noctowl\n|-supereffective|p1a: Noctowl\n|-damage|p1a: Noctowl|21/344\n|\n|-weather|none\n|-heal|p2a: Hippowdon|41/311|[from] item: Leftovers\n|upkeep\n|turn|6\n|\n|t:|1782811901\n|move|p1a: Noctowl|Hyper Voice|p2a: Hippowdon\n|-damage|p2a: Hippowdon|0 fnt\n|faint|p2a: Hippowdon\n|\n|upkeep\n|\n|t:|1782811908\n|switch|p2a: Ambipom|Ambipom, L84, M|263/263\n|turn|7\n|\n|t:|1782811915\n|switch|p1a: Chandelure|Chandelure, L83, F|235/235\n|move|p2a: Ambipom|Fake Out|p1a: Chandelure\n|-immune|p1a: Chandelure\n|\n|upkeep\n|turn|8\n|\n|t:|1782811932\n|move|p1a: Chandelure|Fire Blast|p2a: Ambipom\n|-damage|p2a: Ambipom|70/263\n|move|p2a: Ambipom|Knock Off|p1a: Chandelure\n|-supereffective|p1a: Chandelure\n|-damage|p1a: Chandelure|91/235\n|-enditem|p1a: Chandelure|Choice Scarf|[from] move: Knock Off|[of] p2a: Ambipom\n|\n|upkeep\n|turn|9\n|\n|t:|1782811940\n|move|p2a: Ambipom|Knock Off|p1a: Chandelure\n|-supereffective|p1a: Chandelure\n|-damage|p1a: Chandelure|0 fnt\n|faint|p1a: Chandelure\n|\n|upkeep\n|l|\u2606Cplaceopadremeo\n|inactive|Cplaceopadremeo disconnected and has a minute to reconnect!\n|player|p1|\n|inactive|Cplaceopadremeo has 30 seconds to reconnect!\n|inactive|Cplaceopadremeo has 20 seconds to reconnect!\n|inactive|Cplaceopadremeo has 15 seconds to reconnect!\n|inactive|Cplaceopadremeo has 10 seconds to reconnect!\n|inactive|Cplaceopadremeo has 5 seconds to reconnect!\n|-message|Cplaceopadremeo lost due to inactivity.\n|\n|win|Mr. Mt. Mooner\n|raw|Cplaceopadremeo's rating: 1302 &rarr; <strong>1284</strong><br />(-18 for losing)\n|raw|Mr. Mt. Mooner's rating: 1336 &rarr; <strong>1354</strong><br />(+18 for winning)\n", "inputlog": ">version f8ac14003a5f27e1bdc8d8c59608a773c1cb96e5\n>start {\"formatid\":\"gen9randombattle\",\"seed\":\"sodium,d424e8c7b32c97a292af7b63428bc942\",\"rated\":\"Rated battle\"}\n>player p1 {\"name\":\"Cplaceopadremeo\",\"avatar\":\"2\",\"rating\":1302,\"seed\":\"sodium,fd43685de46156af2753af42d13d7d86\"}\n>player p2 {\"name\":\"Mr. Mt. Mooner\",\"avatar\":\"bruno\",\"rating\":1336,\"seed\":\"sodium,a49d8e8e085c51a580f7e14264dd07e0\"}\n>p1 switch 3\n>p2 move curse\n>p1 move trailblaze\n>p2 move earthquake\n>p1 move facade\n>p2 move earthquake\n>p1 switch 6\n>p1 switch 3\n>p2 move earthquake\n>p1 move hypervoice\n>p2 move stoneedge\n>p1 move hypervoice\n>p2 move stoneedge\n>p2 switch 2\n>p1 switch 5\n>p2 move fakeout\n>p1 move fireblast\n>p2 move knockoff\n>p1 move fireblast\n>p2 move knockoff\n>forcelose p1", "uploadtime": 1782812018, "views": 5, "formatid": "gen9randombattle", "rating": 1284, "private": 0, "password": null, "player_dets": [{"name": "Cplaceopadremeo", "avatar": "2", "rating": 1302, "seed": "sodium,fd43685de46156af2753af42d13d7d86"}, {"name": "Mr. Mt. Mooner", "avatar": "bruno", "rating": 1336, "seed": "sodium,a49d8e8e085c51a580f7e14264dd07e0"}], "teams_full": [{"Noctowl": {"name": "Noctowl", "species": "Noctowl", "speciesId": "noctowl", "gender": "M", "shiny": false, "level": 95, "moves": ["hypervoice", "roost", "hurricane", "calmmind"], "ability": "Tinted Lens", "evs": {"hp": 85, "atk": 0, "def": 85, "spa": 85, "spd": 85, "spe": 85}, "ivs": {"hp": 31, "atk": 0, "def": 31, "spa": 31, "spd": 31, "spe": 31}, "item": "Heavy-Duty Boots", "teraType": "Normal", "role": "Bulky Attacker", "bvs": {"hp": 100, "atk": 50, "def": 50, "spa": 86, "spd": 96, "spe": 70}, "stats": {"hp": 344, "atk": 100, "def": 149, "spa": 217, "spd": 236, "spe": 187}, "types": ["Normal", "Flying"]}, "Sandslash": {"name": "Sandslash", "species": "Sandslash", "speciesId": "sandslash", "gender": "M", "shiny": false, "level": 89, "moves": ["swordsdance", "rapidspin", "stoneedge", "earthquake"], "ability": "Sand Rush", "evs": {"hp": 85, "atk": 85, "def": 85, "spa": 85, "spd": 85, "spe": 85}, "ivs": {"hp": 31, "atk": 31, "def": 31, "spa": 31, "spd": 31, "spe": 31}, "item": "Leftovers", "teraType": "Dragon", "role": "Bulky Support", "bvs": {"hp": 75, "atk": 100, "def": 110, "spa": 45, "spd": 55, "spe": 65}, "stats": {"hp": 278, "atk": 229, "def": 247, "spa": 131, "spd": 149, "spe": 166}, "types": ["Ground"]}, "Ursaluna": {"name": "Ursaluna", "species": "Ursaluna", "speciesId": "ursaluna", "gender": "F", "shiny": false, "level": 79, "moves": ["facade", "trailblaze", "throatchop", "headlongrush"], "ability": "Guts", "evs": {"hp": 85, "atk": 85, "def": 85, "spa": 85, "spd": 85, "spe": 85}, "ivs": {"hp": 31, "atk": 31, "def": 31, "spa": 31, "spd": 31, "spe": 31}, "item": "Flame Orb", "teraType": "Normal", "role": "Bulky Attacker", "bvs": {"hp": 130, "atk": 140, "def": 105, "spa": 45, "spd": 80, "spe": 50}, "stats": {"hp": 335, "atk": 267, "def": 211, "spa": 117, "spd": 172, "spe": 125}, "types": ["Ground", "Normal"]}, "Medicham": {"name": "Medicham", "species": "Medicham", "speciesId": "medicham", "gender": "M", "shiny": false, "level": 86, "moves": ["poisonjab", "closecombat", "zenheadbutt", "trick"], "ability": "Pure Power", "evs": {"hp": 85, "atk": 85, "def": 85, "spa": 85, "spd": 85, "spe": 85}, "ivs": {"hp": 31, "atk": 31, "def": 31, "spa": 31, "spd": 31, "spe": 31}, "item": "Choice Scarf", "teraType": "Fighting", "role": "Fast Attacker", "bvs": {"hp": 60, "atk": 60, "def": 75, "spa": 60, "spd": 75, "spe": 80}, "stats": {"hp": 243, "atk": 152, "def": 178, "spa": 152, "spd": 178, "spe": 187}, "types": ["Fighting", "Psychic"]}, "Chandelure": {"name": "Chandelure", "species": "Chandelure", "speciesId": "chandelure", "gender": "F", "shiny": false, "level": 83, "moves": ["fireblast", "trick", "energyball", "shadowball"], "ability": "Flash Fire", "evs": {"hp": 85, "atk": 0, "def": 85, "spa": 85, "spd": 85, "spe": 85}, "ivs": {"hp": 31, "atk": 0, "def": 31, "spa": 31, "spd": 31, "spe": 31}, "item": "Choice Scarf", "teraType": "Fire", "role": "Fast Attacker", "bvs": {"hp": 60, "atk": 55, "def": 90, "spa": 145, "spd": 90, "spe": 80}, "stats": {"hp": 235, "atk": 96, "def": 197, "spa": 288, "spd": 197, "spe": 180}, "types": ["Ghost", "Fire"]}, "Toxapex": {"name": "Toxapex", "species": "Toxapex", "speciesId": "toxapex", "gender": "F", "shiny": false, "level": 82, "moves": ["recover", "toxic", "haze", "liquidation"], "ability": "Regenerator", "evs": {"hp": 85, "atk": 85, "def": 85, "spa": 85, "spd": 85, "spe": 85}, "ivs": {"hp": 31, "atk": 31, "def": 31, "spa": 31, "spd": 31, "spe": 31}, "item": "Leftovers", "teraType": "Fairy", "role": "Bulky Support", "bvs": {"hp": 50, "atk": 63, "def": 152, "spa": 53, "spd": 142, "spe": 35}, "stats": {"hp": 216, "atk": 150, "def": 296, "spa": 134, "spd": 280, "spe": 105}, "types": ["Poison", "Water"]}}, {"Hippowdon": {"name": "Hippowdon", "species": "Hippowdon", "speciesId": "hippowdon", "gender": "M", "shiny": false, "level": 82, "moves": ["curse", "slackoff", "stoneedge", "earthquake"], "ability": "Sand Stream", "evs": {"hp": 85, "atk": 85, "def": 85, "spa": 85, "spd": 85, "spe": 85}, "ivs": {"hp": 31, "atk": 31, "def": 31, "spa": 31, "spd": 31, "spe": 31}, "item": "Leftovers", "teraType": "Steel", "role": "Bulky Setup", "bvs": {"hp": 108, "atk": 112, "def": 118, "spa": 68, "spd": 72, "spe": 47}, "stats": {"hp": 311, "atk": 231, "def": 241, "spa": 159, "spd": 165, "spe": 124}, "types": ["Ground"]}, "Ambipom": {"name": "Ambipom", "species": "Ambipom", "speciesId": "ambipom", "gender": "M", "shiny": false, "level": 84, "moves": ["doubleedge", "uturn", "fakeout", "knockoff"], "ability": "Technician", "evs": {"hp": 85, "atk": 85, "def": 85, "spa": 85, "spd": 85, "spe": 85}, "ivs": {"hp": 31, "atk": 31, "def": 31, "spa": 31, "spd": 31, "spe": 31}, "item": "Silk Scarf", "teraType": "Normal", "role": "Wallbreaker", "bvs": {"hp": 75, "atk": 100, "def": 66, "spa": 60, "spd": 66, "spe": 115}, "stats": {"hp": 263, "atk": 216, "def": 159, "spa": 149, "spd": 159, "spe": 241}, "types": ["Normal"]}, "Haxorus": {"name": "Haxorus", "species": "Haxorus", "speciesId": "haxorus", "gender": "F", "shiny": false, "level": 77, "moves": ["outrage", "dragondance", "ironhead", "earthquake"], "ability": "Mold Breaker", "evs": {"hp": 85, "atk": 85, "def": 85, "spa": 85, "spd": 85, "spe": 85}, "ivs": {"hp": 31, "atk": 31, "def": 31, "spa": 31, "spd": 31, "spe": 31}, "item": "Lum Berry", "teraType": "Steel", "role": "Setup Sweeper", "bvs": {"hp": 76, "atk": 147, "def": 90, "spa": 60, "spd": 70, "spe": 97}, "stats": {"hp": 244, "atk": 271, "def": 183, "spa": 137, "spd": 152, "spe": 194}, "types": ["Dragon"]}, "Camerupt": {"name": "Camerupt", "species": "Camerupt", "speciesId": "camerupt", "gender": "M", "shiny": false, "level": 91, "moves": ["willowisp", "earthquake", "overheat", "stealthrock"], "ability": "Solid Rock", "evs": {"hp": 85, "atk": 85, "def": 85, "spa": 85, "spd": 85, "spe": 85}, "ivs": {"hp": 31, "atk": 31, "def": 31, "spa": 31, "spd": 31, "spe": 31}, "item": "Leftovers", "teraType": "Grass", "role": "Bulky Support", "bvs": {"hp": 70, "atk": 100, "def": 70, "spa": 105, "spd": 75, "spe": 40}, "stats": {"hp": 275, "atk": 234, "def": 179, "spa": 243, "spd": 188, "spe": 125}, "types": ["Fire", "Ground"]}, "Typhlosion": {"name": "Typhlosion", "species": "Typhlosion-Hisui", "speciesId": "typhlosionhisui", "gender": "F", "shiny": false, "level": 83, "moves": ["fireblast", "calmmind", "substitute", "shadowball"], "ability": "Blaze", "evs": {"hp": 85, "atk": 0, "def": 85, "spa": 85, "spd": 85, "spe": 85}, "ivs": {"hp": 31, "atk": 0, "def": 31, "spa": 31, "spd": 31, "spe": 31}, "item": "Leftovers", "teraType": "Ghost", "role": "Fast Bulky Setup", "bvs": {"hp": 73, "atk": 84, "def": 78, "spa": 119, "spd": 85, "spe": 95}, "stats": {"hp": 257, "atk": 144, "def": 177, "spa": 245, "spd": 189, "spe": 205}, "types": ["Fire", "Ghost"]}, "Dragonite": {"name": "Dragonite", "species": "Dragonite", "speciesId": "dragonite", "gender": "M", "shiny": false, "level": 74, "moves": ["earthquake", "dragondance", "terablast", "outrage"], "ability": "Multiscale", "evs": {"hp": 85, "atk": 85, "def": 85, "spa": 85, "spd": 85, "spe": 85}, "ivs": {"hp": 31, "atk": 31, "def": 31, "spa": 31, "spd": 31, "spe": 31}, "item": "Heavy-Duty Boots", "teraType": "Flying", "role": "Tera Blast user", "bvs": {"hp": 91, "atk": 134, "def": 95, "spa": 100, "spd": 100, "spe": 80}, "stats": {"hp": 257, "atk": 241, "def": 184, "spa": 191, "spd": 191, "spe": 161}, "types": ["Dragon", "Flying"]}}]}