{"id": "gen9randombattle-2642025601", "format": "[Gen 9] Random Battle", "players": ["ggond", "Roseblood Garden"], "log": "|j|\u2606ggond\n|j|\u2606Roseblood Garden\n|t:|1782875245\n|gametype|singles\n|player|p1|ggond|2|1446\n|player|p2|Roseblood Garden|170|1474\n|gen|9\n|tier|[Gen 9] Random Battle\n|rated|\n|rule|Species Clause: Limit one of each Pok\u00e9mon\n|rule|HP Percentage Mod: HP is shown in percentages\n|rule|Sleep Clause Mod: Limit one foe put to sleep\n|rule|Illusion Level Mod: Illusion disguises the Pok\u00e9mon's true level\n|\n|t:|1782875245\n|teamsize|p1|6\n|teamsize|p2|6\n|start\n|switch|p1a: Cobalion|Cobalion, L80|277/277\n|switch|p2a: Entei|Entei, L78|307/307\n|turn|1\n|\n|t:|1782875254\n|move|p1a: Cobalion|Volt Switch|p2a: Entei\n|-damage|p2a: Entei|254/307\n|\n|t:|1782875262\n|switch|p1a: Keldeo|Keldeo-Resolute, L79|273/273|[from] Volt Switch\n|move|p2a: Entei|Sacred Fire|p1a: Keldeo\n|-resisted|p1a: Keldeo\n|-crit|p1a: Keldeo\n|-damage|p1a: Keldeo|147/273\n|\n|-heal|p1a: Keldeo|164/273|[from] item: Leftovers\n|upkeep\n|turn|2\n|\n|t:|1782875269\n|switch|p2a: Klefki|Klefki, L84, M|233/233\n|move|p1a: Keldeo|Hydro Pump|p2a: Klefki\n|-damage|p2a: Klefki|101/233\n|\n|-heal|p1a: Keldeo|181/273|[from] item: Leftovers\n|-heal|p2a: Klefki|115/233|[from] item: Leftovers\n|upkeep\n|turn|3\n|\n|t:|1782875283\n|switch|p1a: Bellibolt|Bellibolt, L84, M|320/320\n|move|p2a: Klefki|Thunder Wave|p1a: Bellibolt\n|-immune|p1a: Bellibolt\n|\n|-heal|p2a: Klefki|129/233|[from] item: Leftovers\n|upkeep\n|turn|4\n|\n|t:|1782875287\n|move|p2a: Klefki|Spikes|p1a: Bellibolt\n|-sidestart|p1: ggond|Spikes\n|move|p1a: Bellibolt|Thunderbolt|p2a: Klefki\n|-damage|p2a: Klefki|35/233\n|\n|-heal|p2a: Klefki|49/233|[from] item: Leftovers\n|upkeep\n|turn|5\n|\n|t:|1782875307\n|switch|p2a: Ariados|Ariados, L95, F|287/287\n|move|p1a: Bellibolt|Thunderbolt|p2a: Ariados\n|-damage|p2a: Ariados|179/287\n|\n|upkeep\n|turn|6\n|\n|t:|1782875322\n|switch|p1a: Skarmory|Skarmory, L80, M|235/235\n|move|p2a: Ariados|Sticky Web|p1a: Skarmory\n|-sidestart|p1: ggond|move: Sticky Web\n|\n|upkeep\n|turn|7\n|\n|t:|1782875325\n|move|p1a: Skarmory|Iron Defense|p1a: Skarmory\n|-boost|p1a: Skarmory|def|2\n|move|p2a: Ariados|Knock Off|p1a: Skarmory\n|-damage|p1a: Skarmory|204/235\n|-enditem|p1a: Skarmory|Leftovers|[from] move: Knock Off|[of] p2a: Ariados\n|\n|upkeep\n|turn|8\n|\n|t:|1782875333\n|switch|p2a: Entei|Entei, L78|254/307\n|move|p1a: Skarmory|Iron Defense|p1a: Skarmory\n|-boost|p1a: Skarmory|def|2\n|\n|upkeep\n|turn|9\n|\n|t:|1782875340\n|-terastallize|p1a: Skarmory|Fighting\n|move|p2a: Entei|Sacred Fire|p1a: Skarmory\n|-damage|p1a: Skarmory|162/235\n|move|p1a: Skarmory|Iron Defense|p1a: Skarmory\n|-boost|p1a: Skarmory|def|2\n|\n|upkeep\n|turn|10\n|\n|t:|1782875347\n|move|p2a: Entei|Sacred Fire|p1a: Skarmory\n|-damage|p1a: Skarmory|132/235\n|move|p1a: Skarmory|Body Press|p2a: Entei\n|-damage|p2a: Entei|0 fnt\n|faint|p2a: Entei\n|\n|upkeep\n|\n|t:|1782875351\n|switch|p2a: Pecharunt|Pecharunt, L77|262/262\n|turn|11\n|\n|t:|1782875358\n|switch|p1a: Cobalion|Cobalion, L80|277/277\n|-damage|p1a: Cobalion|243/277|[from] Spikes\n|-activate|p1a: Cobalion|move: Sticky Web\n|-unboost|p1a: Cobalion|spe|1\n|move|p2a: Pecharunt|Malignant Chain|p1a: Cobalion\n|-immune|p1a: Cobalion\n|\n|-heal|p1a: Cobalion|260/277|[from] item: Leftovers\n|upkeep\n|turn|12\n|\n|t:|1782875368\n|move|p2a: Pecharunt|Parting Shot|p1a: Cobalion\n|-unboost|p1a: Cobalion|atk|1\n|-unboost|p1a: Cobalion|spa|1\n|\n|t:|1782875371\n|switch|p2a: Hitmonchan|Hitmonchan, L87, M|229/229|[from] Parting Shot\n|move|p1a: Cobalion|Stealth Rock|p2a: Hitmonchan\n|-sidestart|p2: Roseblood Garden|move: Stealth Rock\n|\n|-heal|p1a: Cobalion|277/277|[from] item: Leftovers\n|upkeep\n|turn|13\n|\n|t:|1782875379\n|switch|p1a: Skarmory|Skarmory, L80, M, tera:Fighting|132/235\n|-damage|p1a: Skarmory|103/235|[from] Spikes\n|-activate|p1a: Skarmory|move: Sticky Web\n|-unboost|p1a: Skarmory|spe|1\n|move|p2a: Hitmonchan|Swords Dance|p2a: Hitmonchan\n|-boost|p2a: Hitmonchan|atk|2\n|\n|upkeep\n|turn|14\n|\n|t:|1782875386\n|move|p2a: Hitmonchan|Drain Punch|p1a: Skarmory\n|-damage|p1a: Skarmory|0 fnt\n|faint|p1a: Skarmory\n|-damage|p2a: Hitmonchan|207/229|[from] item: Life Orb\n|\n|upkeep\n|\n|t:|1782875392\n|switch|p1a: Bellibolt|Bellibolt, L84, M|320/320\n|-damage|p1a: Bellibolt|280/320|[from] Spikes\n|-activate|p1a: Bellibolt|move: Sticky Web\n|-unboost|p1a: Bellibolt|spe|1\n|turn|15\n|\n|t:|1782875399\n|move|p2a: Hitmonchan|Knock Off|p1a: Bellibolt\n|-damage|p1a: Bellibolt|92/320\n|-start|p1a: Bellibolt|Charge|Knock Off|[from] ability: Electromorphosis\n|-enditem|p1a: Bellibolt|Leftovers|[from] move: Knock Off|[of] p2a: Hitmonchan\n|-damage|p2a: Hitmonchan|185/229|[from] item: Life Orb\n|move|p1a: Bellibolt|Thunderbolt|p2a: Hitmonchan\n|-damage|p2a: Hitmonchan|13/229\n|-end|p1a: Bellibolt|Charge|[silent]\n|\n|upkeep\n|turn|16\n|\n|t:|1782875409\n|move|p2a: Hitmonchan|Drain Punch|p1a: Bellibolt\n|-damage|p1a: Bellibolt|0 fnt\n|-heal|p2a: Hitmonchan|59/229|[from] drain|[of] p1a: Bellibolt\n|faint|p1a: Bellibolt\n|-damage|p2a: Hitmonchan|37/229|[from] item: Life Orb\n|\n|upkeep\n|\n|t:|1782875416\n|switch|p1a: Cobalion|Cobalion, L80|277/277\n|-damage|p1a: Cobalion|243/277|[from] Spikes\n|-activate|p1a: Cobalion|move: Sticky Web\n|-unboost|p1a: Cobalion|spe|1\n|turn|17\n|\n|t:|1782875420\n|move|p2a: Hitmonchan|Drain Punch|p1a: Cobalion\n|-supereffective|p1a: Cobalion\n|-damage|p1a: Cobalion|0 fnt\n|-heal|p2a: Hitmonchan|159/229|[from] drain|[of] p1a: Cobalion\n|faint|p1a: Cobalion\n|-damage|p2a: Hitmonchan|137/229|[from] item: Life Orb\n|\n|upkeep\n|-message|ggond forfeited.\n|\n|win|Roseblood Garden\n|raw|ggond's rating: 1446 &rarr; <strong>1428</strong><br />(-18 for losing)\n|raw|Roseblood Garden's rating: 1474 &rarr; <strong>1492</strong><br />(+18 for winning)\n|l|\u2606ggond\n|player|p1|\n", "inputlog": ">version f8ac14003a5f27e1bdc8d8c59608a773c1cb96e5\n>start {\"formatid\":\"gen9randombattle\",\"seed\":\"sodium,49a91dc7f86dd67e031e72b7593d9f5c\",\"rated\":\"Rated battle\"}\n>player p1 {\"name\":\"ggond\",\"avatar\":\"2\",\"rating\":1446,\"seed\":\"sodium,c0a64428b309605cc038ebf1dfdfcdca\"}\n>player p2 {\"name\":\"Roseblood Garden\",\"avatar\":\"170\",\"rating\":1474,\"seed\":\"sodium,20e2a593eba49f54ffb5971de3c5d6e3\"}\n>p1 move voltswitch\n>p2 move sacredfire\n>p1 switch 3\n>p1 move hydropump\n>p2 switch 3\n>p1 switch 5\n>p2 move thunderwave\n>p1 move thunderbolt\n>p2 move spikes\n>p1 move thunderbolt\n>p2 switch 5\n>p1 switch 4\n>p2 move stickyweb\n>p1 move irondefense\n>p2 move knockoff\n>p1 move irondefense\n>p2 switch 3\n>p1 move irondefense terastallize\n>p2 move sacredfire\n>p1 move bodypress\n>p2 move sacredfire\n>p2 switch 4\n>p1 switch 3\n>p2 move malignantchain\n>p1 move stealthrock\n>p2 move partingshot\n>p2 switch 2\n>p1 switch 3\n>p2 move swordsdance\n>p1 move roost\n>p2 move drainpunch\n>p1 switch 4\n>p1 move thunderbolt\n>p2 move knockoff\n>p1 move toxic\n>p2 move drainpunch\n>p1 switch 3\n>p1 move voltswitch\n>p2 move drainpunch\n>forcelose p1", "uploadtime": 1782875428, "views": 6, "formatid": "gen9randombattle", "rating": 1428, "private": 0, "password": null, "player_dets": [{"name": "ggond", "avatar": "2", "rating": 1446, "seed": "sodium,c0a64428b309605cc038ebf1dfdfcdca"}, {"name": "Roseblood Garden", "avatar": "170", "rating": 1474, "seed": "sodium,20e2a593eba49f54ffb5971de3c5d6e3"}], "teams_full": [{"Cobalion": {"name": "Cobalion", "species": "Cobalion", "speciesId": "cobalion", "gender": "N", "shiny": false, "level": 80, "moves": ["ironhead", "voltswitch", "stealthrock", "bodypress"], "ability": "Justified", "evs": {"hp": 85, "atk": 85, "def": 85, "spa": 85, "spd": 85, "spe": 85}, "ivs": {"hp": 31, "atk": 31, "def": 31, "spa": 31, "spd": 31, "spe": 31}, "item": "Leftovers", "teraType": "Water", "role": "Bulky Support", "bvs": {"hp": 91, "atk": 90, "def": 129, "spa": 90, "spd": 72, "spe": 108}, "stats": {"hp": 277, "atk": 190, "def": 253, "spa": 190, "spd": 161, "spe": 219}, "types": ["Steel", "Fighting"]}, "Suicune": {"name": "Suicune", "species": "Suicune", "speciesId": "suicune", "gender": "N", "shiny": false, "level": 82, "moves": ["substitute", "calmmind", "icebeam", "scald"], "ability": "Pressure", "evs": {"hp": 85, "atk": 0, "def": 85, "spa": 85, "spd": 85, "spe": 85}, "ivs": {"hp": 31, "atk": 0, "def": 31, "spa": 31, "spd": 31, "spe": 31}, "item": "Leftovers", "teraType": "Steel", "role": "Bulky Setup", "bvs": {"hp": 100, "atk": 75, "def": 115, "spa": 90, "spd": 115, "spe": 85}, "stats": {"hp": 298, "atk": 127, "def": 236, "spa": 195, "spd": 236, "spe": 187}, "types": ["Water"]}, "Keldeo": {"name": "Keldeo", "species": "Keldeo-Resolute", "speciesId": "keldeoresolute", "gender": "N", "shiny": false, "level": 79, "moves": ["hydropump", "substitute", "calmmind", "secretsword"], "ability": "Justified", "evs": {"hp": 85, "atk": 0, "def": 85, "spa": 85, "spd": 85, "spe": 85}, "ivs": {"hp": 31, "atk": 0, "def": 31, "spa": 31, "spd": 31, "spe": 31}, "item": "Leftovers", "teraType": "Steel", "role": "Bulky Setup", "bvs": {"hp": 91, "atk": 72, "def": 90, "spa": 129, "spd": 90, "spe": 108}, "stats": {"hp": 273, "atk": 118, "def": 188, "spa": 249, "spd": 188, "spe": 216}, "types": ["Water", "Fighting"]}, "Skarmory": {"name": "Skarmory", "species": "Skarmory", "speciesId": "skarmory", "gender": "M", "shiny": false, "level": 80, "moves": ["bodypress", "roost", "bravebird", "irondefense"], "ability": "Sturdy", "evs": {"hp": 85, "atk": 85, "def": 85, "spa": 85, "spd": 85, "spe": 85}, "ivs": {"hp": 31, "atk": 31, "def": 31, "spa": 31, "spd": 31, "spe": 31}, "item": "Leftovers", "teraType": "Fighting", "role": "Bulky Setup", "bvs": {"hp": 65, "atk": 80, "def": 140, "spa": 40, "spd": 70, "spe": 70}, "stats": {"hp": 235, "atk": 174, "def": 270, "spa": 110, "spd": 158, "spe": 158}, "types": ["Steel", "Flying"]}, "Bellibolt": {"name": "Bellibolt", "species": "Bellibolt", "speciesId": "bellibolt", "gender": "M", "shiny": false, "level": 84, "moves": ["slackoff", "muddywater", "toxic", "thunderbolt"], "ability": "Electromorphosis", "evs": {"hp": 85, "atk": 0, "def": 85, "spa": 85, "spd": 85, "spe": 85}, "ivs": {"hp": 31, "atk": 0, "def": 31, "spa": 31, "spd": 31, "spe": 31}, "item": "Leftovers", "teraType": "Electric", "role": "Bulky Attacker", "bvs": {"hp": 109, "atk": 64, "def": 91, "spa": 103, "spd": 83, "spe": 45}, "stats": {"hp": 320, "atk": 112, "def": 201, "spa": 221, "spd": 188, "spe": 124}, "types": ["Electric"]}, "Arceus": {"name": "Arceus", "species": "Arceus-Ice", "speciesId": "arceusice", "gender": "N", "shiny": false, "level": 72, "moves": ["calmmind", "judgment", "earthpower", "recover"], "ability": "Multitype", "evs": {"hp": 81, "atk": 0, "def": 85, "spa": 85, "spd": 85, "spe": 85}, "ivs": {"hp": 31, "atk": 0, "def": 31, "spa": 31, "spd": 31, "spe": 31}, "item": "Icicle Plate", "teraType": "Ground", "role": "Bulky Setup", "bvs": {"hp": 120, "atk": 120, "def": 120, "spa": 120, "spd": 120, "spe": 120}, "stats": {"hp": 291, "atk": 177, "def": 215, "spa": 215, "spd": 215, "spe": 215}, "types": ["Ice"]}}, {"Entei": {"name": "Entei", "species": "Entei", "speciesId": "entei", "gender": "N", "shiny": false, "level": 78, "moves": ["sacredfire", "flareblitz", "extremespeed", "stoneedge"], "ability": "Inner Focus", "evs": {"hp": 85, "atk": 85, "def": 85, "spa": 85, "spd": 85, "spe": 85}, "ivs": {"hp": 31, "atk": 31, "def": 31, "spa": 31, "spd": 31, "spe": 31}, "item": "Choice Band", "teraType": "Normal", "role": "Fast Attacker", "bvs": {"hp": 115, "atk": 115, "def": 85, "spa": 90, "spd": 75, "spe": 100}, "stats": {"hp": 307, "atk": 224, "def": 178, "spa": 185, "spd": 162, "spe": 201}, "types": ["Fire"]}, "Hitmonchan": {"name": "Hitmonchan", "species": "Hitmonchan", "speciesId": "hitmonchan", "gender": "M", "shiny": false, "level": 87, "moves": ["knockoff", "swordsdance", "drainpunch", "machpunch"], "ability": "Iron Fist", "evs": {"hp": 85, "atk": 85, "def": 85, "spa": 85, "spd": 85, "spe": 85}, "ivs": {"hp": 31, "atk": 31, "def": 31, "spa": 31, "spd": 31, "spe": 31}, "item": "Life Orb", "teraType": "Dark", "role": "Setup Sweeper", "bvs": {"hp": 50, "atk": 105, "def": 79, "spa": 35, "spd": 110, "spe": 76}, "stats": {"hp": 229, "atk": 232, "def": 187, "spa": 111, "spd": 241, "spe": 182}, "types": ["Fighting"]}, "Klefki": {"name": "Klefki", "species": "Klefki", "speciesId": "klefki", "gender": "M", "shiny": false, "level": 84, "moves": ["dazzlinggleam", "foulplay", "thunderwave", "spikes"], "ability": "Prankster", "evs": {"hp": 85, "atk": 0, "def": 85, "spa": 85, "spd": 85, "spe": 85}, "ivs": {"hp": 31, "atk": 0, "def": 31, "spa": 31, "spd": 31, "spe": 31}, "item": "Leftovers", "teraType": "Flying", "role": "Bulky Attacker", "bvs": {"hp": 57, "atk": 80, "def": 91, "spa": 80, "spd": 87, "spe": 75}, "stats": {"hp": 233, "atk": 139, "def": 201, "spa": 183, "spd": 194, "spe": 174}, "types": ["Steel", "Fairy"]}, "Pecharunt": {"name": "Pecharunt", "species": "Pecharunt", "speciesId": "pecharunt", "gender": "N", "shiny": false, "level": 77, "moves": ["malignantchain", "shadowball", "recover", "partingshot"], "ability": "Poison Puppeteer", "evs": {"hp": 85, "atk": 0, "def": 85, "spa": 85, "spd": 85, "spe": 85}, "ivs": {"hp": 31, "atk": 0, "def": 31, "spa": 31, "spd": 31, "spe": 31}, "item": "Leftovers", "teraType": "Dark", "role": "Bulky Attacker", "bvs": {"hp": 88, "atk": 88, "def": 160, "spa": 88, "spd": 88, "spe": 88}, "stats": {"hp": 262, "atk": 140, "def": 291, "spa": 180, "spd": 180, "spe": 180}, "types": ["Poison", "Ghost"]}, "Ariados": {"name": "Ariados", "species": "Ariados", "speciesId": "ariados", "gender": "F", "shiny": false, "level": 95, "moves": ["megahorn", "knockoff", "poisonjab", "stickyweb"], "ability": "Swarm", "evs": {"hp": 85, "atk": 85, "def": 85, "spa": 85, "spd": 85, "spe": 85}, "ivs": {"hp": 31, "atk": 31, "def": 31, "spa": 31, "spd": 31, "spe": 31}, "item": "Heavy-Duty Boots", "teraType": "Ghost", "role": "Fast Support", "bvs": {"hp": 70, "atk": 90, "def": 70, "spa": 60, "spd": 70, "spe": 40}, "stats": {"hp": 287, "atk": 225, "def": 187, "spa": 168, "spd": 187, "spe": 130}, "types": ["Bug", "Poison"]}, "Electrode": {"name": "Electrode", "species": "Electrode-Hisui", "speciesId": "electrodehisui", "gender": "N", "shiny": false, "level": 87, "moves": ["thunderbolt", "leafstorm", "taunt", "voltswitch"], "ability": "Aftermath", "evs": {"hp": 85, "atk": 0, "def": 85, "spa": 85, "spd": 85, "spe": 85}, "ivs": {"hp": 31, "atk": 0, "def": 31, "spa": 31, "spd": 31, "spe": 31}, "item": "Life Orb", "teraType": "Grass", "role": "Fast Attacker", "bvs": {"hp": 60, "atk": 50, "def": 70, "spa": 80, "spd": 80, "spe": 150}, "stats": {"hp": 246, "atk": 92, "def": 172, "spa": 189, "spd": 189, "spe": 311}, "types": ["Electric", "Grass"]}}]}