{"id": "gen9randombattle-2642071698", "format": "[Gen 9] Random Battle", "players": ["fts", "dooob"], "log": "|j|\u2606fts\n|j|\u2606dooob\n|t:|1782883769\n|gametype|singles\n|player|p1|fts|2|1924\n|player|p2|dooob|102|1865\n|gen|9\n|tier|[Gen 9] Random Battle\n|rated|\n|rule|Species Clause: Limit one of each Pok\u00e9mon\n|rule|HP Percentage Mod: HP is shown in percentages\n|rule|Sleep Clause Mod: Limit one foe put to sleep\n|rule|Illusion Level Mod: Illusion disguises the Pok\u00e9mon's true level\n|\n|t:|1782883769\n|teamsize|p1|6\n|teamsize|p2|6\n|start\n|switch|p1a: Deoxys|Deoxys-Defense, L84|221/221\n|switch|p2a: Walking Wake|Walking Wake, L79|286/286\n|-ability|p1a: Deoxys|Pressure\n|turn|1\n|inactive|Battle timer is ON: inactive players will automatically lose when time's up. (requested by dooob)\n|\n|t:|1782883782\n|move|p2a: Walking Wake|Flip Turn|p1a: Deoxys\n|-damage|p1a: Deoxys|190/221\n|\n|t:|1782883784\n|-end|p2a: Walking Wake|Protosynthesis|[silent]\n|switch|p2a: Ribombee|Ribombee, L83, M|235/235|[from] Flip Turn\n|move|p1a: Deoxys|Stealth Rock|p2a: Ribombee\n|-sidestart|p2: dooob|move: Stealth Rock\n|\n|-heal|p1a: Deoxys|203/221|[from] item: Leftovers\n|upkeep\n|turn|2\n|\n|t:|1782883798\n|switch|p1a: Glimmora|Glimmora, L75, F|248/248\n|move|p2a: Ribombee|Quiver Dance|p2a: Ribombee\n|-boost|p2a: Ribombee|spa|1\n|-boost|p2a: Ribombee|spd|1\n|-boost|p2a: Ribombee|spe|1\n|\n|upkeep\n|turn|3\n|\n|t:|1782883813\n|move|p2a: Ribombee|Quiver Dance|p2a: Ribombee\n|-boost|p2a: Ribombee|spa|1\n|-boost|p2a: Ribombee|spd|1\n|-boost|p2a: Ribombee|spe|1\n|move|p1a: Glimmora|Meteor Beam||[still]\n|-prepare|p1a: Glimmora|Meteor Beam\n|-boost|p1a: Glimmora|spa|1\n|-enditem|p1a: Glimmora|Power Herb\n|-anim|p1a: Glimmora|Meteor Beam|p2a: Ribombee\n|-supereffective|p2a: Ribombee\n|-damage|p2a: Ribombee|0 fnt\n|faint|p2a: Ribombee\n|\n|upkeep\n|\n|t:|1782883821\n|switch|p2a: Walking Wake|Walking Wake, L79|286/286\n|-damage|p2a: Walking Wake|251/286|[from] Stealth Rock\n|turn|4\n|\n|t:|1782883828\n|-terastallize|p1a: Glimmora|Grass\n|move|p2a: Walking Wake|Hydro Pump|p1a: Glimmora\n|-resisted|p1a: Glimmora\n|-damage|p1a: Glimmora|134/248\n|move|p1a: Glimmora|Sludge Wave|p2a: Walking Wake\n|-damage|p2a: Walking Wake|65/286\n|\n|upkeep\n|turn|5\n|\n|t:|1782883840\n|move|p2a: Walking Wake|Hydro Pump|p1a: Glimmora\n|-resisted|p1a: Glimmora\n|-damage|p1a: Glimmora|16/248\n|move|p1a: Glimmora|Energy Ball|p2a: Walking Wake\n|-damage|p2a: Walking Wake|0 fnt\n|faint|p2a: Walking Wake\n|-end|p2a: Walking Wake|Protosynthesis|[silent]\n|\n|upkeep\n|\n|t:|1782883843\n|switch|p2a: Keldeo|Keldeo-Resolute, L79|273/273\n|-damage|p2a: Keldeo|256/273|[from] Stealth Rock\n|turn|6\n|\n|t:|1782883853\n|move|p2a: Keldeo|Secret Sword|p1a: Glimmora\n|-damage|p1a: Glimmora|0 fnt\n|faint|p1a: Glimmora\n|\n|-heal|p2a: Keldeo|273/273|[from] item: Leftovers\n|upkeep\n|\n|t:|1782883860\n|switch|p1a: Deoxys|Deoxys-Defense, L84|203/221\n|-ability|p1a: Deoxys|Pressure\n|turn|7\n|\n|t:|1782883864\n|move|p2a: Keldeo|Calm Mind|p2a: Keldeo\n|-boost|p2a: Keldeo|spa|1\n|-boost|p2a: Keldeo|spd|1\n|move|p1a: Deoxys|Psychic Noise|p2a: Keldeo\n|-supereffective|p2a: Keldeo\n|-damage|p2a: Keldeo|193/273\n|-start|p2a: Keldeo|move: Heal Block\n|\n|-heal|p1a: Deoxys|216/221|[from] item: Leftovers\n|upkeep\n|turn|8\n|\n|t:|1782883868\n|move|p2a: Keldeo|Calm Mind|p2a: Keldeo\n|-boost|p2a: Keldeo|spa|1\n|-boost|p2a: Keldeo|spd|1\n|move|p1a: Deoxys|Psychic Noise|p2a: Keldeo\n|-supereffective|p2a: Keldeo\n|-damage|p2a: Keldeo|121/273\n|\n|-heal|p1a: Deoxys|221/221|[from] item: Leftovers\n|-end|p2a: Keldeo|move: Heal Block\n|upkeep\n|turn|9\n|\n|t:|1782883879\n|-terastallize|p2a: Keldeo|Steel\n|move|p2a: Keldeo|Calm Mind|p2a: Keldeo\n|-boost|p2a: Keldeo|spa|1\n|-boost|p2a: Keldeo|spd|1\n|move|p1a: Deoxys|Psychic Noise|p2a: Keldeo\n|-resisted|p2a: Keldeo\n|-damage|p2a: Keldeo|108/273\n|-start|p2a: Keldeo|move: Heal Block\n|\n|upkeep\n|turn|10\n|\n|t:|1782883894\n|move|p2a: Keldeo|Hydro Pump|p1a: Deoxys|[miss]\n|-miss|p2a: Keldeo|p1a: Deoxys\n|move|p1a: Deoxys|Psychic Noise|p2a: Keldeo\n|-resisted|p2a: Keldeo\n|-damage|p2a: Keldeo|96/273\n|\n|-end|p2a: Keldeo|move: Heal Block\n|upkeep\n|turn|11\n|\n|t:|1782883900\n|move|p2a: Keldeo|Calm Mind|p2a: Keldeo\n|-boost|p2a: Keldeo|spa|1\n|-boost|p2a: Keldeo|spd|1\n|move|p1a: Deoxys|Psychic Noise|p2a: Keldeo\n|-resisted|p2a: Keldeo\n|-crit|p2a: Keldeo\n|-damage|p2a: Keldeo|48/273\n|-start|p2a: Keldeo|move: Heal Block\n|\n|upkeep\n|turn|12\n|\n|t:|1782883902\n|move|p2a: Keldeo|Hydro Pump|p1a: Deoxys\n|-damage|p1a: Deoxys|0 fnt\n|faint|p1a: Deoxys\n|\n|-end|p2a: Keldeo|move: Heal Block\n|upkeep\n|\n|t:|1782883905\n|switch|p1a: Clefable|Clefable, L83, F|293/293\n|turn|13\n|\n|t:|1782883908\n|move|p2a: Keldeo|Hydro Pump|p1a: Clefable\n|-damage|p1a: Clefable|0 fnt\n|faint|p1a: Clefable\n|\n|-heal|p2a: Keldeo|65/273|[from] item: Leftovers\n|upkeep\n|\n|t:|1782883916\n|switch|p1a: Oranguru|Oranguru, L92, M|315/315\n|turn|14\n|c|\u2606dooob|Not fallen for no bluff\n|c|\u2606dooob|We all in on this dude\n|\n|t:|1782883929\n|move|p2a: Keldeo|Secret Sword|p1a: Oranguru\n|-damage|p1a: Oranguru|44/315\n|move|p1a: Oranguru|Focus Blast|p2a: Keldeo\n|-supereffective|p2a: Keldeo\n|-damage|p2a: Keldeo|3/273\n|\n|-heal|p2a: Keldeo|20/273|[from] item: Leftovers\n|-heal|p1a: Oranguru|63/315|[from] item: Leftovers\n|upkeep\n|turn|15\n|-message|fts forfeited.\n|\n|win|dooob\n|raw|fts's rating: 1924 &rarr; <strong>1901</strong><br />(-23 for losing)\n|raw|dooob's rating: 1865 &rarr; <strong>1888</strong><br />(+23 for winning)\n", "inputlog": ">version f8ac14003a5f27e1bdc8d8c59608a773c1cb96e5\n>start {\"formatid\":\"gen9randombattle\",\"seed\":\"sodium,70f1c16ea8f7e9998559417dad631103\",\"rated\":\"Rated battle\"}\n>player p1 {\"name\":\"fts\",\"avatar\":\"2\",\"rating\":1924,\"seed\":\"sodium,18e50447ac69d0c672cd113070993678\"}\n>player p2 {\"name\":\"dooob\",\"avatar\":\"102\",\"rating\":1865,\"seed\":\"sodium,b4e7767e1d2df7d69caa40993c29ac5f\"}\n>p1 move stealthrock\n>p2 move flipturn\n>p2 switch 4\n>p1 switch 3\n>p2 move quiverdance\n>p1 move meteorbeam\n>p2 move quiverdance\n>p2 switch 4\n>p1 move sludgewave terastallize\n>p2 move hydropump\n>p1 move energyball\n>p2 move hydropump\n>p2 switch 6\n>p1 move energyball\n>p2 move secretsword\n>p1 switch 3\n>p1 move psychicnoise\n>p2 move calmmind\n>p1 move psychicnoise\n>p2 move calmmind\n>p1 move psychicnoise\n>p2 move calmmind terastallize\n>p1 move psychicnoise\n>p2 move hydropump\n>p1 move psychicnoise\n>p2 move calmmind\n>p1 move psychicnoise\n>p2 move hydropump\n>p1 switch 2\n>p1 move fireblast\n>p2 move hydropump\n>p1 switch 5\n>chat \u2606dooob|Not fallen for no bluff\n>chat \u2606dooob|We all in on this dude\n>p1 move focusblast\n>p2 move secretsword\n>forcelose p1", "uploadtime": 1782883940, "views": 2, "formatid": "gen9randombattle", "rating": 1888, "private": 0, "password": null, "player_dets": [{"name": "fts", "avatar": "2", "rating": 1924, "seed": "sodium,18e50447ac69d0c672cd113070993678"}, {"name": "dooob", "avatar": "102", "rating": 1865, "seed": "sodium,b4e7767e1d2df7d69caa40993c29ac5f"}], "teams_full": [{"Deoxys": {"name": "Deoxys", "species": "Deoxys-Defense", "speciesId": "deoxysdefense", "gender": "N", "shiny": false, "level": 84, "moves": ["stealthrock", "teleport", "psychicnoise", "recover"], "ability": "Pressure", "evs": {"hp": 85, "atk": 0, "def": 85, "spa": 85, "spd": 85, "spe": 85}, "ivs": {"hp": 31, "atk": 0, "def": 31, "spa": 31, "spd": 31, "spe": 31}, "item": "Leftovers", "teraType": "Steel", "role": "Bulky Support", "bvs": {"hp": 50, "atk": 70, "def": 160, "spa": 70, "spd": 160, "spe": 90}, "stats": {"hp": 221, "atk": 122, "def": 317, "spa": 166, "spd": 317, "spe": 199}, "types": ["Psychic"]}, "Clefable": {"name": "Clefable", "species": "Clefable", "speciesId": "clefable", "gender": "F", "shiny": false, "level": 83, "moves": ["fireblast", "calmmind", "moonblast", "moonlight"], "ability": "Magic Guard", "evs": {"hp": 85, "atk": 0, "def": 85, "spa": 85, "spd": 85, "spe": 85}, "ivs": {"hp": 31, "atk": 0, "def": 31, "spa": 31, "spd": 31, "spe": 31}, "item": "Life Orb", "teraType": "Steel", "role": "Bulky Setup", "bvs": {"hp": 95, "atk": 70, "def": 73, "spa": 95, "spd": 90, "spe": 60}, "stats": {"hp": 293, "atk": 121, "def": 169, "spa": 205, "spd": 197, "spe": 147}, "types": ["Fairy"]}, "Glimmora": {"name": "Glimmora", "species": "Glimmora", "speciesId": "glimmora", "gender": "F", "shiny": false, "level": 75, "moves": ["energyball", "meteorbeam", "earthpower", "sludgewave"], "ability": "Toxic Debris", "evs": {"hp": 85, "atk": 0, "def": 85, "spa": 85, "spd": 85, "spe": 85}, "ivs": {"hp": 31, "atk": 0, "def": 31, "spa": 31, "spd": 31, "spe": 31}, "item": "Power Herb", "teraType": "Grass", "role": "Setup Sweeper", "bvs": {"hp": 83, "atk": 55, "def": 90, "spa": 130, "spd": 81, "spe": 86}, "stats": {"hp": 248, "atk": 87, "def": 179, "spa": 239, "spd": 165, "spe": 173}, "types": ["Rock", "Poison"]}, "Samurott": {"name": "Samurott", "species": "Samurott-Hisui", "speciesId": "samurotthisui", "gender": "F", "shiny": false, "level": 77, "moves": ["flipturn", "ceaselessedge", "sacredsword", "razorshell"], "ability": "Sharpness", "evs": {"hp": 85, "atk": 85, "def": 85, "spa": 85, "spd": 85, "spe": 85}, "ivs": {"hp": 31, "atk": 31, "def": 31, "spa": 31, "spd": 31, "spe": 31}, "item": "Choice Band", "teraType": "Water", "role": "Fast Attacker", "bvs": {"hp": 90, "atk": 108, "def": 80, "spa": 100, "spd": 65, "spe": 85}, "stats": {"hp": 265, "atk": 211, "def": 168, "spa": 199, "spd": 145, "spe": 175}, "types": ["Water", "Dark"]}, "Oranguru": {"name": "Oranguru", "species": "Oranguru", "speciesId": "oranguru", "gender": "M", "shiny": false, "level": 92, "moves": ["nastyplot", "thunderbolt", "focusblast", "psyshock"], "ability": "Inner Focus", "evs": {"hp": 85, "atk": 0, "def": 85, "spa": 85, "spd": 85, "spe": 85}, "ivs": {"hp": 31, "atk": 0, "def": 31, "spa": 31, "spd": 31, "spe": 31}, "item": "Leftovers", "teraType": "Electric", "role": "Bulky Attacker", "bvs": {"hp": 90, "atk": 60, "def": 80, "spa": 90, "spd": 110, "spe": 60}, "stats": {"hp": 315, "atk": 115, "def": 200, "spa": 218, "spd": 255, "spe": 163}, "types": ["Normal", "Psychic"]}, "Scovillain": {"name": "Scovillain", "species": "Scovillain", "speciesId": "scovillain", "gender": "M", "shiny": false, "level": 91, "moves": ["leechseed", "substitute", "flamethrower", "protect"], "ability": "Chlorophyll", "evs": {"hp": 85, "atk": 0, "def": 85, "spa": 85, "spd": 85, "spe": 85}, "ivs": {"hp": 31, "atk": 0, "def": 31, "spa": 31, "spd": 31, "spe": 31}, "item": "Leftovers", "teraType": "Steel", "role": "Bulky Attacker", "bvs": {"hp": 65, "atk": 108, "def": 65, "spa": 108, "spd": 65, "spe": 75}, "stats": {"hp": 266, "atk": 201, "def": 170, "spa": 248, "spd": 170, "spe": 188}, "types": ["Grass", "Fire"]}}, {"Walking Wake": {"name": "Walking Wake", "species": "Walking Wake", "speciesId": "walkingwake", "gender": "N", "shiny": false, "level": 79, "moves": ["flipturn", "dracometeor", "hydropump", "flamethrower"], "ability": "Protosynthesis", "evs": {"hp": 85, "atk": 85, "def": 85, "spa": 85, "spd": 85, "spe": 85}, "ivs": {"hp": 31, "atk": 31, "def": 31, "spa": 31, "spd": 31, "spe": 31}, "item": "Choice Specs", "teraType": "Water", "role": "Wallbreaker", "bvs": {"hp": 99, "atk": 83, "def": 91, "spa": 125, "spd": 83, "spe": 109}, "stats": {"hp": 286, "atk": 177, "def": 189, "spa": 243, "spd": 177, "spe": 218}, "types": ["Water", "Dragon"]}, "Dudunsparce": {"name": "Dudunsparce", "species": "Dudunsparce", "speciesId": "dudunsparce", "gender": "M", "shiny": false, "level": 83, "moves": ["calmmind", "boomburst", "earthpower", "roost"], "ability": "Rattled", "evs": {"hp": 85, "atk": 0, "def": 85, "spa": 85, "spd": 85, "spe": 85}, "ivs": {"hp": 31, "atk": 0, "def": 31, "spa": 31, "spd": 31, "spe": 31}, "item": "Leftovers", "teraType": "Poison", "role": "Bulky Setup", "bvs": {"hp": 125, "atk": 100, "def": 80, "spa": 85, "spd": 75, "spe": 55}, "stats": {"hp": 343, "atk": 171, "def": 180, "spa": 189, "spd": 172, "spe": 139}, "types": ["Normal"]}, "Eiscue": {"name": "Eiscue", "species": "Eiscue", "speciesId": "eiscue", "gender": "F", "shiny": false, "level": 88, "moves": ["icespinner", "liquidation", "bellydrum", "ironhead"], "ability": "Ice Face", "evs": {"hp": 81, "atk": 85, "def": 85, "spa": 85, "spd": 85, "spe": 85}, "ivs": {"hp": 31, "atk": 31, "def": 31, "spa": 31, "spd": 31, "spe": 31}, "item": "Sitrus Berry", "teraType": "Water", "role": "Setup Sweeper", "bvs": {"hp": 75, "atk": 80, "def": 110, "spa": 65, "spd": 90, "spe": 50}, "stats": {"hp": 274, "atk": 191, "def": 244, "spa": 165, "spd": 209, "spe": 138}, "types": ["Ice"]}, "Ribombee": {"name": "Ribombee", "species": "Ribombee", "speciesId": "ribombee", "gender": "M", "shiny": false, "level": 83, "moves": ["bugbuzz", "quiverdance", "terablast", "moonblast"], "ability": "Shield Dust", "evs": {"hp": 85, "atk": 0, "def": 85, "spa": 85, "spd": 85, "spe": 85}, "ivs": {"hp": 31, "atk": 0, "def": 31, "spa": 31, "spd": 31, "spe": 31}, "item": "Heavy-Duty Boots", "teraType": "Ground", "role": "Tera Blast user", "bvs": {"hp": 60, "atk": 55, "def": 60, "spa": 95, "spd": 70, "spe": 124}, "stats": {"hp": 235, "atk": 96, "def": 147, "spa": 205, "spd": 164, "spe": 254}, "types": ["Bug", "Fairy"]}, "Spiritomb": {"name": "Spiritomb", "species": "Spiritomb", "speciesId": "spiritomb", "gender": "F", "shiny": false, "level": 89, "moves": ["poltergeist", "shadowsneak", "foulplay", "painsplit"], "ability": "Infiltrator", "evs": {"hp": 85, "atk": 85, "def": 85, "spa": 85, "spd": 85, "spe": 85}, "ivs": {"hp": 31, "atk": 31, "def": 31, "spa": 31, "spd": 31, "spe": 31}, "item": "Leftovers", "teraType": "Ghost", "role": "Bulky Support", "bvs": {"hp": 50, "atk": 92, "def": 108, "spa": 92, "spd": 108, "spe": 35}, "stats": {"hp": 234, "atk": 215, "def": 243, "spa": 215, "spd": 243, "spe": 113}, "types": ["Ghost", "Dark"]}, "Keldeo": {"name": "Keldeo", "species": "Keldeo-Resolute", "speciesId": "keldeoresolute", "gender": "N", "shiny": false, "level": 79, "moves": ["secretsword", "calmmind", "hydropump", "substitute"], "ability": "Justified", "evs": {"hp": 85, "atk": 0, "def": 85, "spa": 85, "spd": 85, "spe": 85}, "ivs": {"hp": 31, "atk": 0, "def": 31, "spa": 31, "spd": 31, "spe": 31}, "item": "Leftovers", "teraType": "Steel", "role": "Bulky Setup", "bvs": {"hp": 91, "atk": 72, "def": 90, "spa": 129, "spd": 90, "spe": 108}, "stats": {"hp": 273, "atk": 118, "def": 188, "spa": 249, "spd": 188, "spe": 216}, "types": ["Water", "Fighting"]}}]}