{"id": "gen9randombattle-2642018739", "format": "[Gen 9] Random Battle", "players": ["zaniom", "Tototomega"], "log": "|j|\u2606zaniom\n|j|\u2606Tototomega\n|t:|1782874163\n|gametype|singles\n|player|p1|zaniom|wallace-gen6|1311\n|player|p2|Tototomega|101|1322\n|gen|9\n|tier|[Gen 9] Random Battle\n|rated|\n|rule|Species Clause: Limit one of each Pok\u00e9mon\n|rule|HP Percentage Mod: HP is shown in percentages\n|rule|Sleep Clause Mod: Limit one foe put to sleep\n|rule|Illusion Level Mod: Illusion disguises the Pok\u00e9mon's true level\n|\n|t:|1782874163\n|teamsize|p1|6\n|teamsize|p2|6\n|start\n|switch|p1a: Beartic|Beartic, L91, M|321/321\n|switch|p2a: Inteleon|Inteleon, L81, M|246/246\n|turn|1\n|\n|t:|1782874172\n|move|p2a: Inteleon|U-turn|p1a: Beartic\n|-damage|p1a: Beartic|280/321\n|inactive|Battle timer is ON: inactive players will automatically lose when time's up. (requested by Tototomega)\n|\n|t:|1782874180\n|switch|p2a: Seviper|Seviper, L93, F|287/287|[from] U-turn\n|move|p1a: Beartic|Close Combat|p2a: Seviper\n|-resisted|p2a: Seviper\n|-damage|p2a: Seviper|166/287\n|-unboost|p1a: Beartic|def|1\n|-unboost|p1a: Beartic|spd|1\n|\n|-heal|p2a: Seviper|183/287|[from] item: Leftovers\n|upkeep\n|turn|2\n|\n|t:|1782874195\n|switch|p1a: Reuniclus|Reuniclus, L88, F|337/337\n|move|p2a: Seviper|Trailblaze|p1a: Reuniclus\n|-damage|p1a: Reuniclus|290/337\n|-boost|p2a: Seviper|spe|1\n|\n|-heal|p2a: Seviper|200/287|[from] item: Leftovers\n|upkeep\n|turn|3\n|\n|t:|1782874208\n|-terastallize|p2a: Seviper|Grass\n|move|p2a: Seviper|Swords Dance|p2a: Seviper\n|-boost|p2a: Seviper|atk|2\n|move|p1a: Reuniclus|Calm Mind|p1a: Reuniclus\n|-boost|p1a: Reuniclus|spa|1\n|-boost|p1a: Reuniclus|spd|1\n|\n|-heal|p2a: Seviper|217/287|[from] item: Leftovers\n|upkeep\n|turn|4\n|\n|t:|1782874235\n|move|p2a: Seviper|Earthquake|p1a: Reuniclus\n|-damage|p1a: Reuniclus|91/337\n|move|p1a: Reuniclus|Focus Blast|p2a: Seviper\n|-damage|p2a: Seviper|0 fnt\n|faint|p2a: Seviper\n|\n|upkeep\n|\n|t:|1782874247\n|switch|p2a: Inteleon|Inteleon, L81, M|246/246\n|turn|5\n|\n|t:|1782874254\n|move|p2a: Inteleon|U-turn|p1a: Reuniclus\n|-supereffective|p1a: Reuniclus\n|-damage|p1a: Reuniclus|1/337\n|\n|t:|1782874257\n|switch|p2a: Alomomola|Alomomola, L87, M|429/429|[from] U-turn\n|move|p1a: Reuniclus|Recover|p1a: Reuniclus\n|-heal|p1a: Reuniclus|170/337\n|\n|upkeep\n|turn|6\n|\n|t:|1782874266\n|move|p2a: Alomomola|Wish|p2a: Alomomola\n|move|p1a: Reuniclus|Recover|p1a: Reuniclus\n|-heal|p1a: Reuniclus|337/337\n|\n|upkeep\n|turn|7\n|\n|t:|1782874271\n|move|p2a: Alomomola|Scald|p1a: Reuniclus\n|-damage|p1a: Reuniclus|307/337\n|move|p1a: Reuniclus|Calm Mind|p1a: Reuniclus\n|-boost|p1a: Reuniclus|spa|1\n|-boost|p1a: Reuniclus|spd|1\n|\n|upkeep\n|turn|8\n|\n|t:|1782874279\n|move|p2a: Alomomola|Flip Turn|p1a: Reuniclus\n|-damage|p1a: Reuniclus|249/337\n|\n|t:|1782874288\n|switch|p2a: Rhyperior|Rhyperior, L82, F|323/323|[from] Flip Turn\n|move|p1a: Reuniclus|Psyshock|p2a: Rhyperior\n|-damage|p2a: Rhyperior|107/323\n|\n|upkeep\n|turn|9\n|\n|t:|1782874297\n|move|p2a: Rhyperior|Megahorn|p1a: Reuniclus\n|-supereffective|p1a: Reuniclus\n|-damage|p1a: Reuniclus|3/337\n|move|p1a: Reuniclus|Psyshock|p2a: Rhyperior\n|-damage|p2a: Rhyperior|0 fnt\n|faint|p2a: Rhyperior\n|\n|upkeep\n|\n|t:|1782874305\n|switch|p2a: Inteleon|Inteleon, L81, M|246/246\n|turn|10\n|\n|t:|1782874312\n|move|p2a: Inteleon|U-turn|p1a: Reuniclus\n|-supereffective|p1a: Reuniclus\n|-damage|p1a: Reuniclus|0 fnt\n|faint|p1a: Reuniclus\n|\n|t:|1782874319\n|switch|p2a: Noivern|Noivern, L82, F|274/274|[from] U-turn\n|\n|upkeep\n|\n|t:|1782874330\n|switch|p1a: Magcargo|Magcargo, L95, M|268/268\n|turn|11\n|\n|t:|1782874342\n|move|p2a: Noivern|Draco Meteor|p1a: Magcargo\n|-damage|p1a: Magcargo|141/268\n|-unboost|p2a: Noivern|spa|2\n|move|p1a: Magcargo|Yawn|p2a: Noivern\n|-start|p2a: Noivern|move: Yawn|[of] p1a: Magcargo\n|\n|upkeep\n|turn|12\n|\n|t:|1782874356\n|switch|p1a: Lurantis|Lurantis, L87, M|264/264\n|move|p2a: Noivern|Draco Meteor|p1a: Lurantis\n|-damage|p1a: Lurantis|224/264\n|-unboost|p2a: Noivern|spa|2\n|\n|-end|p2a: Noivern|move: Yawn|[silent]\n|-status|p2a: Noivern|slp\n|upkeep\n|turn|13\n|\n|t:|1782874379\n|switch|p2a: Alomomola|Alomomola, L87, M|429/429\n|move|p1a: Lurantis|Leaf Storm|p2a: Alomomola\n|-supereffective|p2a: Alomomola\n|-damage|p2a: Alomomola|51/429\n|-boost|p1a: Lurantis|spa|2\n|\n|-heal|p2a: Alomomola|77/429|[from] item: Leftovers\n|upkeep\n|turn|14\n|\n|t:|1782874391\n|move|p2a: Alomomola|Wish|p2a: Alomomola\n|move|p1a: Lurantis|Superpower|p2a: Alomomola\n|-damage|p2a: Alomomola|0 fnt\n|-boost|p1a: Lurantis|atk|1\n|-boost|p1a: Lurantis|def|1\n|faint|p2a: Alomomola\n|\n|upkeep\n|\n|t:|1782874399\n|switch|p2a: Iron Moth|Iron Moth, L78|253/253\n|turn|15\n|\n|t:|1782874406\n|move|p2a: Iron Moth|Sludge Wave|p1a: Lurantis\n|-supereffective|p1a: Lurantis\n|-damage|p1a: Lurantis|80/264\n|move|p1a: Lurantis|Knock Off|p2a: Iron Moth\n|-crit|p2a: Iron Moth\n|-damage|p2a: Iron Moth|0 fnt\n|-enditem|p2a: Iron Moth|Heavy-Duty Boots|[from] move: Knock Off|[of] p1a: Lurantis\n|faint|p2a: Iron Moth\n|-end|p2a: Iron Moth|Quark Drive|[silent]\n|\n|upkeep\n|\n|t:|1782874416\n|switch|p2a: Inteleon|Inteleon, L81, M|246/246\n|turn|16\n|\n|t:|1782874423\n|-terastallize|p1a: Lurantis|Steel\n|move|p2a: Inteleon|Ice Beam|p1a: Lurantis\n|-resisted|p1a: Lurantis\n|-damage|p1a: Lurantis|44/264\n|move|p1a: Lurantis|Leaf Storm|p2a: Inteleon\n|-supereffective|p2a: Inteleon\n|-damage|p2a: Inteleon|0 fnt\n|-boost|p1a: Lurantis|spa|2\n|faint|p2a: Inteleon\n|\n|upkeep\n|\n|t:|1782874434\n|switch|p2a: Noivern|Noivern, L82, F|274/274 slp\n|turn|17\n|\n|t:|1782874438\n|cant|p2a: Noivern|slp\n|move|p1a: Lurantis|Knock Off|p2a: Noivern\n|-damage|p2a: Noivern|149/274 slp\n|-enditem|p2a: Noivern|Heavy-Duty Boots|[from] move: Knock Off|[of] p1a: Lurantis\n|\n|upkeep\n|turn|18\n|\n|t:|1782874445\n|cant|p2a: Noivern|slp\n|move|p1a: Lurantis|Leaf Storm|p2a: Noivern\n|-resisted|p2a: Noivern\n|-damage|p2a: Noivern|47/274 slp\n|-boost|p1a: Lurantis|spa|2\n|\n|upkeep\n|turn|19\n|\n|t:|1782874452\n|cant|p2a: Noivern|slp\n|move|p1a: Lurantis|Leaf Storm|p2a: Noivern\n|-resisted|p2a: Noivern\n|-crit|p2a: Noivern\n|-damage|p2a: Noivern|0 fnt\n|faint|p2a: Noivern\n|\n|win|zaniom\n|raw|zaniom's rating: 1311 &rarr; <strong>1332</strong><br />(+21 for winning)\n|raw|Tototomega's rating: 1322 &rarr; <strong>1301</strong><br />(-21 for losing)\n|c|\u2606zaniom|gg wp\n", "inputlog": ">version f8ac14003a5f27e1bdc8d8c59608a773c1cb96e5\n>start {\"formatid\":\"gen9randombattle\",\"seed\":\"sodium,1d7fa16843209abb62041d3bb407da12\",\"rated\":\"Rated battle\"}\n>player p1 {\"name\":\"zaniom\",\"avatar\":\"wallace-gen6\",\"rating\":1311,\"seed\":\"sodium,ce55281cc032430fd282b54242bc3b79\"}\n>player p2 {\"name\":\"Tototomega\",\"avatar\":\"101\",\"rating\":1322,\"seed\":\"sodium,9903c43d3bbd3b2a9eb9576d0ffc8636\"}\n>p1 move closecombat\n>p2 move uturn\n>p2 switch 5\n>p1 switch 3\n>p2 move trailblaze\n>p1 move calmmind\n>p2 move swordsdance terastallize\n>p1 move focusblast\n>p2 move earthquake\n>p2 switch 5\n>p1 move recover\n>p2 move uturn\n>p2 switch 4\n>p1 move recover\n>p2 move wish\n>p1 move calmmind\n>p2 move scald\n>p1 move psyshock\n>p2 move flipturn\n>p2 switch 2\n>p1 move psyshock\n>p2 move megahorn\n>p2 switch 4\n>p1 move recover\n>p2 move uturn\n>p2 switch 6\n>p1 switch 5\n>p1 move yawn\n>p2 move dracometeor\n>p1 switch 4\n>p2 move dracometeor\n>p1 move leafstorm\n>p2 switch 2\n>p1 move superpower\n>p2 move wish\n>p2 switch 3\n>p1 move knockoff\n>p2 move sludgewave\n>p2 switch 6\n>p1 move leafstorm terastallize\n>p2 move icebeam\n>p2 switch 2\n>p1 move knockoff\n>p2 move flamethrower\n>p1 move leafstorm\n>p2 move flamethrower\n>p1 move leafstorm\n>p2 move flamethrower", "uploadtime": 1782874461, "views": 2, "formatid": "gen9randombattle", "rating": 1301, "private": 0, "password": null, "player_dets": [{"name": "zaniom", "avatar": "wallace-gen6", "rating": 1311, "seed": "sodium,ce55281cc032430fd282b54242bc3b79"}, {"name": "Tototomega", "avatar": "101", "rating": 1322, "seed": "sodium,9903c43d3bbd3b2a9eb9576d0ffc8636"}], "teams_full": [{"Beartic": {"name": "Beartic", "species": "Beartic", "speciesId": "beartic", "gender": "M", "shiny": false, "level": 91, "moves": ["closecombat", "iciclecrash", "earthquake", "aquajet"], "ability": "Slush Rush", "evs": {"hp": 85, "atk": 85, "def": 85, "spa": 85, "spd": 85, "spe": 85}, "ivs": {"hp": 31, "atk": 31, "def": 31, "spa": 31, "spd": 31, "spe": 31}, "item": "Choice Band", "teraType": "Fighting", "role": "Wallbreaker", "bvs": {"hp": 95, "atk": 130, "def": 80, "spa": 70, "spd": 80, "spe": 50}, "stats": {"hp": 321, "atk": 288, "def": 197, "spa": 179, "spd": 197, "spe": 143}, "types": ["Ice"]}, "Sceptile": {"name": "Sceptile", "species": "Sceptile", "speciesId": "sceptile", "gender": "F", "shiny": false, "level": 87, "moves": ["shedtail", "leafstorm", "rockslide", "earthquake"], "ability": "Overgrow", "evs": {"hp": 85, "atk": 85, "def": 85, "spa": 85, "spd": 85, "spe": 85}, "ivs": {"hp": 31, "atk": 31, "def": 31, "spa": 31, "spd": 31, "spe": 31}, "item": "Life Orb", "teraType": "Steel", "role": "Fast Attacker", "bvs": {"hp": 70, "atk": 85, "def": 65, "spa": 105, "spd": 85, "spe": 120}, "stats": {"hp": 264, "atk": 198, "def": 163, "spa": 232, "spd": 198, "spe": 259}, "types": ["Grass"]}, "Reuniclus": {"name": "Reuniclus", "species": "Reuniclus", "speciesId": "reuniclus", "gender": "F", "shiny": false, "level": 88, "moves": ["calmmind", "recover", "focusblast", "psyshock"], "ability": "Magic Guard", "evs": {"hp": 85, "atk": 0, "def": 85, "spa": 85, "spd": 85, "spe": 85}, "ivs": {"hp": 31, "atk": 0, "def": 31, "spa": 31, "spd": 31, "spe": 31}, "item": "Life Orb", "teraType": "Steel", "role": "Bulky Setup", "bvs": {"hp": 110, "atk": 65, "def": 75, "spa": 125, "spd": 85, "spe": 30}, "stats": {"hp": 337, "atk": 119, "def": 182, "spa": 270, "spd": 200, "spe": 103}, "types": ["Psychic"]}, "Lurantis": {"name": "Lurantis", "species": "Lurantis", "speciesId": "lurantis", "gender": "M", "shiny": false, "level": 87, "moves": ["knockoff", "superpower", "leafstorm", "leechlife"], "ability": "Contrary", "evs": {"hp": 85, "atk": 85, "def": 85, "spa": 85, "spd": 85, "spe": 85}, "ivs": {"hp": 31, "atk": 31, "def": 31, "spa": 31, "spd": 31, "spe": 31}, "item": "Assault Vest", "teraType": "Steel", "role": "AV Pivot", "bvs": {"hp": 70, "atk": 105, "def": 90, "spa": 80, "spd": 90, "spe": 45}, "stats": {"hp": 264, "atk": 232, "def": 206, "spa": 189, "spd": 206, "spe": 128}, "types": ["Grass"]}, "Magcargo": {"name": "Magcargo", "species": "Magcargo", "speciesId": "magcargo", "gender": "M", "shiny": false, "level": 95, "moves": ["powergem", "lavaplume", "yawn", "recover"], "ability": "Flame Body", "evs": {"hp": 85, "atk": 0, "def": 85, "spa": 85, "spd": 85, "spe": 85}, "ivs": {"hp": 31, "atk": 0, "def": 31, "spa": 31, "spd": 31, "spe": 31}, "item": "Heavy-Duty Boots", "teraType": "Grass", "role": "Bulky Support", "bvs": {"hp": 60, "atk": 50, "def": 120, "spa": 90, "spd": 80, "spe": 30}, "stats": {"hp": 268, "atk": 100, "def": 282, "spa": 225, "spd": 206, "spe": 111}, "types": ["Fire", "Rock"]}, "Mienshao": {"name": "Mienshao", "species": "Mienshao", "speciesId": "mienshao", "gender": "M", "shiny": false, "level": 83, "moves": ["uturn", "fakeout", "knockoff", "closecombat"], "ability": "Regenerator", "evs": {"hp": 85, "atk": 85, "def": 85, "spa": 85, "spd": 85, "spe": 85}, "ivs": {"hp": 31, "atk": 31, "def": 31, "spa": 31, "spd": 31, "spe": 31}, "item": "Assault Vest", "teraType": "Steel", "role": "AV Pivot", "bvs": {"hp": 65, "atk": 125, "def": 60, "spa": 95, "spd": 60, "spe": 105}, "stats": {"hp": 244, "atk": 255, "def": 147, "spa": 205, "spd": 147, "spe": 222}, "types": ["Fighting"]}}, {"Inteleon": {"name": "Inteleon", "species": "Inteleon", "speciesId": "inteleon", "gender": "M", "shiny": false, "level": 81, "moves": ["hydropump", "uturn", "icebeam", "scald"], "ability": "Torrent", "evs": {"hp": 85, "atk": 85, "def": 85, "spa": 85, "spd": 85, "spe": 85}, "ivs": {"hp": 31, "atk": 31, "def": 31, "spa": 31, "spd": 31, "spe": 31}, "item": "Choice Specs", "teraType": "Water", "role": "Wallbreaker", "bvs": {"hp": 70, "atk": 85, "def": 65, "spa": 125, "spd": 65, "spe": 120}, "stats": {"hp": 246, "atk": 184, "def": 152, "spa": 249, "spd": 152, "spe": 241}, "types": ["Water"]}, "Rhyperior": {"name": "Rhyperior", "species": "Rhyperior", "speciesId": "rhyperior", "gender": "F", "shiny": false, "level": 82, "moves": ["dragontail", "earthquake", "megahorn", "stoneedge"], "ability": "Solid Rock", "evs": {"hp": 85, "atk": 85, "def": 85, "spa": 85, "spd": 85, "spe": 85}, "ivs": {"hp": 31, "atk": 31, "def": 31, "spa": 31, "spd": 31, "spe": 31}, "item": "Assault Vest", "teraType": "Bug", "role": "Bulky Attacker", "bvs": {"hp": 115, "atk": 140, "def": 130, "spa": 55, "spd": 55, "spe": 40}, "stats": {"hp": 323, "atk": 277, "def": 260, "spa": 137, "spd": 137, "spe": 113}, "types": ["Ground", "Rock"]}, "Iron Moth": {"name": "Iron Moth", "species": "Iron Moth", "speciesId": "ironmoth", "gender": "N", "shiny": false, "level": 78, "moves": ["fireblast", "morningsun", "energyball", "sludgewave"], "ability": "Quark Drive", "evs": {"hp": 85, "atk": 0, "def": 85, "spa": 85, "spd": 85, "spe": 85}, "ivs": {"hp": 31, "atk": 0, "def": 31, "spa": 31, "spd": 31, "spe": 31}, "item": "Heavy-Duty Boots", "teraType": "Grass", "role": "Fast Attacker", "bvs": {"hp": 80, "atk": 70, "def": 60, "spa": 140, "spd": 110, "spe": 110}, "stats": {"hp": 253, "atk": 114, "def": 139, "spa": 263, "spd": 217, "spe": 217}, "types": ["Fire", "Poison"]}, "Alomomola": {"name": "Alomomola", "species": "Alomomola", "speciesId": "alomomola", "gender": "M", "shiny": false, "level": 87, "moves": ["flipturn", "protect", "wish", "scald"], "ability": "Regenerator", "evs": {"hp": 85, "atk": 85, "def": 85, "spa": 85, "spd": 85, "spe": 85}, "ivs": {"hp": 31, "atk": 31, "def": 31, "spa": 31, "spd": 31, "spe": 31}, "item": "Leftovers", "teraType": "Steel", "role": "Bulky Support", "bvs": {"hp": 165, "atk": 75, "def": 80, "spa": 40, "spd": 45, "spe": 65}, "stats": {"hp": 429, "atk": 180, "def": 189, "spa": 119, "spd": 128, "spe": 163}, "types": ["Water"]}, "Seviper": {"name": "Seviper", "species": "Seviper", "speciesId": "seviper", "gender": "F", "shiny": false, "level": 93, "moves": ["swordsdance", "trailblaze", "earthquake", "gunkshot"], "ability": "Shed Skin", "evs": {"hp": 85, "atk": 85, "def": 85, "spa": 85, "spd": 85, "spe": 85}, "ivs": {"hp": 31, "atk": 31, "def": 31, "spa": 31, "spd": 31, "spe": 31}, "item": "Leftovers", "teraType": "Grass", "role": "Bulky Setup", "bvs": {"hp": 73, "atk": 100, "def": 60, "spa": 100, "spd": 60, "spe": 65}, "stats": {"hp": 287, "atk": 239, "def": 164, "spa": 239, "spd": 164, "spe": 174}, "types": ["Poison"]}, "Noivern": {"name": "Noivern", "species": "Noivern", "speciesId": "noivern", "gender": "F", "shiny": false, "level": 82, "moves": ["dracometeor", "hurricane", "flamethrower", "defog"], "ability": "Infiltrator", "evs": {"hp": 85, "atk": 0, "def": 85, "spa": 85, "spd": 85, "spe": 85}, "ivs": {"hp": 31, "atk": 0, "def": 31, "spa": 31, "spd": 31, "spe": 31}, "item": "Heavy-Duty Boots", "teraType": "Fire", "role": "Fast Support", "bvs": {"hp": 85, "atk": 70, "def": 80, "spa": 97, "spd": 80, "spe": 123}, "stats": {"hp": 274, "atk": 119, "def": 178, "spa": 206, "spd": 178, "spe": 249}, "types": ["Flying", "Dragon"]}}]}