{"id": "gen9randombattle-2641775702", "format": "[Gen 9] Random Battle", "players": ["Smucky", "Emkatt"], "log": "|badge|p2|bronze|gen9randombattle|100-9\n|html|<div class=\"broadcast-red\"><strong>This battle is required to be public due to one or more player having a season medal.</strong><br />During the public phase, you can discuss the state of the ladder <a href=\"/seasondiscussion\">in a special chatroom.</a></div>\n|uhtml|medal-msg|<div class=\"broadcast-blue\">Curious what those medals under the avatar are? PS now has Ladder Seasons! For more information, check out the <a href=\"https://www.smogon.com/forums/threads/3740067/\">thread on Smogon.</a></div>\n|j|\u2606Smucky\n|j|\u2606Emkatt\n|t:|1782840501\n|gametype|singles\n|player|p1|Smucky|cynthia-gen7|2255\n|player|p2|Emkatt|acetrainer-gen2|2265\n|gen|9\n|tier|[Gen 9] Random Battle\n|rated|\n|rule|Species Clause: Limit one of each Pok\u00e9mon\n|rule|HP Percentage Mod: HP is shown in percentages\n|rule|Sleep Clause Mod: Limit one foe put to sleep\n|rule|Illusion Level Mod: Illusion disguises the Pok\u00e9mon's true level\n|\n|t:|1782840501\n|teamsize|p1|6\n|teamsize|p2|6\n|start\n|switch|p1a: Gyarados|Gyarados, L79, M|280/280\n|switch|p2a: Blastoise|Blastoise, L80, M|258/258\n|turn|1\n|\n|t:|1782840517\n|switch|p1a: Bellibolt|Bellibolt, L84, M|320/320\n|move|p2a: Blastoise|Shell Smash|p2a: Blastoise\n|-unboost|p2a: Blastoise|def|1\n|-unboost|p2a: Blastoise|spd|1\n|-boost|p2a: Blastoise|atk|2\n|-boost|p2a: Blastoise|spa|2\n|-boost|p2a: Blastoise|spe|2\n|-enditem|p2a: Blastoise|White Herb\n|-clearnegativeboost|p2a: Blastoise|[silent]\n|\n|upkeep\n|turn|2\n|inactive|Battle timer is ON: inactive players will automatically lose when time's up. (requested by Smucky)\n|\n|t:|1782840525\n|move|p2a: Blastoise|Earthquake|p1a: Bellibolt\n|-supereffective|p1a: Bellibolt\n|-damage|p1a: Bellibolt|80/320\n|-start|p1a: Bellibolt|Charge|Earthquake|[from] ability: Electromorphosis\n|move|p1a: Bellibolt|Thunderbolt|p2a: Blastoise\n|-supereffective|p2a: Blastoise\n|-damage|p2a: Blastoise|0 fnt\n|faint|p2a: Blastoise\n|-end|p1a: Bellibolt|Charge|[silent]\n|\n|-heal|p1a: Bellibolt|100/320|[from] item: Leftovers\n|upkeep\n|\n|t:|1782840543\n|switch|p2a: Heatran|Heatran, L79, M|273/273\n|-item|p2a: Heatran|Air Balloon\n|turn|3\n|\n|t:|1782840552\n|move|p2a: Heatran|Stealth Rock|p1a: Bellibolt\n|-sidestart|p1: Smucky|move: Stealth Rock\n|move|p1a: Bellibolt|Slack Off|p1a: Bellibolt\n|-heal|p1a: Bellibolt|260/320\n|\n|-heal|p1a: Bellibolt|280/320|[from] item: Leftovers\n|upkeep\n|turn|4\n|\n|t:|1782840558\n|move|p2a: Heatran|Earth Power|p1a: Bellibolt\n|-supereffective|p1a: Bellibolt\n|-damage|p1a: Bellibolt|132/320\n|-start|p1a: Bellibolt|Charge|Earth Power|[from] ability: Electromorphosis\n|move|p1a: Bellibolt|Muddy Water|p2a: Heatran\n|-supereffective|p2a: Heatran\n|-damage|p2a: Heatran|157/273\n|-enditem|p2a: Heatran|Air Balloon\n|\n|-heal|p1a: Bellibolt|152/320|[from] item: Leftovers\n|upkeep\n|turn|5\n|\n|t:|1782840572\n|move|p2a: Heatran|Earth Power|p1a: Bellibolt\n|-supereffective|p1a: Bellibolt\n|-damage|p1a: Bellibolt|2/320\n|-start|p1a: Bellibolt|Charge|Earth Power|[from] ability: Electromorphosis\n|move|p1a: Bellibolt|Thunderbolt|p2a: Heatran\n|-damage|p2a: Heatran|0 fnt\n|faint|p2a: Heatran\n|-end|p1a: Bellibolt|Charge|[silent]\n|\n|-heal|p1a: Bellibolt|22/320|[from] item: Leftovers\n|upkeep\n|\n|t:|1782840575\n|switch|p2a: Enamorus|Enamorus, L79, F|247/247\n|turn|6\n|\n|t:|1782840578\n|move|p2a: Enamorus|Superpower|p1a: Bellibolt\n|-damage|p1a: Bellibolt|0 fnt\n|-boost|p2a: Enamorus|atk|1\n|-boost|p2a: Enamorus|def|1\n|faint|p1a: Bellibolt\n|\n|upkeep\n|\n|t:|1782840594\n|switch|p1a: Electivire|Electivire, L84, F|263/263\n|-damage|p1a: Electivire|231/263|[from] Stealth Rock\n|turn|7\n|\n|t:|1782840606\n|move|p2a: Enamorus|Superpower|p1a: Electivire\n|-damage|p1a: Electivire|84/263\n|-boost|p2a: Enamorus|atk|1\n|-boost|p2a: Enamorus|def|1\n|move|p1a: Electivire|Supercell Slam|p2a: Enamorus\n|-supereffective|p2a: Enamorus\n|-damage|p2a: Enamorus|36/247\n|-damage|p1a: Electivire|58/263|[from] item: Life Orb\n|\n|-heal|p2a: Enamorus|51/247|[from] item: Leftovers\n|upkeep\n|turn|8\n|\n|t:|1782840622\n|move|p2a: Enamorus|Superpower|p1a: Electivire\n|-damage|p1a: Electivire|0 fnt\n|-boost|p2a: Enamorus|atk|1\n|-boost|p2a: Enamorus|def|1\n|faint|p1a: Electivire\n|\n|-heal|p2a: Enamorus|66/247|[from] item: Leftovers\n|upkeep\n|\n|t:|1782840624\n|switch|p1a: Persian|Persian-Alola, L86, F|252/252\n|-damage|p1a: Persian|221/252|[from] Stealth Rock\n|turn|9\n|\n|t:|1782840639\n|-terastallize|p2a: Enamorus|Fighting\n|move|p1a: Persian|Thunderbolt|p2a: Enamorus\n|-damage|p2a: Enamorus|0 fnt\n|faint|p2a: Enamorus\n|-damage|p1a: Persian|196/252|[from] item: Life Orb\n|\n|upkeep\n|\n|t:|1782840660\n|switch|p2a: Okidogi|Okidogi, L77, M|262/262\n|turn|10\n|\n|t:|1782840684\n|switch|p1a: Gyarados|Gyarados, L79, M|280/280\n|move|p2a: Okidogi|Bulk Up|p2a: Okidogi\n|-boost|p2a: Okidogi|atk|1\n|-boost|p2a: Okidogi|def|1\n|\n|upkeep\n|turn|11\n|\n|t:|1782840693\n|move|p1a: Gyarados|Dragon Dance|p1a: Gyarados\n|-boost|p1a: Gyarados|atk|1\n|-boost|p1a: Gyarados|spe|1\n|move|p2a: Okidogi|Bulk Up|p2a: Okidogi\n|-boost|p2a: Okidogi|atk|1\n|-boost|p2a: Okidogi|def|1\n|\n|upkeep\n|turn|12\n|\n|t:|1782840700\n|move|p1a: Gyarados|Earthquake|p2a: Okidogi\n|-supereffective|p2a: Okidogi\n|-damage|p2a: Okidogi|162/262\n|move|p2a: Okidogi|Gunk Shot|p1a: Gyarados|[miss]\n|-miss|p2a: Okidogi|p1a: Gyarados\n|\n|-heal|p2a: Okidogi|178/262|[from] item: Leftovers\n|upkeep\n|turn|13\n|\n|t:|1782840713\n|move|p1a: Gyarados|Waterfall|p2a: Okidogi\n|-damage|p2a: Okidogi|115/262\n|cant|p2a: Okidogi|flinch\n|\n|-heal|p2a: Okidogi|131/262|[from] item: Leftovers\n|upkeep\n|turn|14\n|\n|t:|1782840719\n|-terastallize|p1a: Gyarados|Flying\n|move|p1a: Gyarados|Tera Blast|p2a: Okidogi|[anim] Tera Blast Flying\n|-supereffective|p2a: Okidogi\n|-damage|p2a: Okidogi|0 fnt\n|faint|p2a: Okidogi\n|-ability|p1a: Gyarados|Moxie|boost\n|-boost|p1a: Gyarados|atk|1\n|\n|upkeep\n|c|\u2606Emkatt|so thats how its gonna be\n|c|\u2606Smucky|my b\n|\n|t:|1782840746\n|switch|p2a: Drednaw|Drednaw, L81, M|278/278\n|turn|15\n|inactive|Smucky has 120 seconds left.\n|\n|t:|1782840789\n|move|p1a: Gyarados|Earthquake|p2a: Drednaw\n|-supereffective|p2a: Drednaw\n|-damage|p2a: Drednaw|0 fnt\n|faint|p2a: Drednaw\n|-ability|p1a: Gyarados|Moxie|boost\n|-boost|p1a: Gyarados|atk|1\n|\n|upkeep\n|\n|t:|1782840791\n|switch|p2a: Ditto|Ditto, L87|225/225\n|-transform|p2a: Ditto|p1a: Gyarados|[from] ability: Imposter\n|-start|p2a: Ditto|typechange|Water/Flying|[silent]\n|turn|16\n|\n|t:|1782840795\n|move|p2a: Ditto|Waterfall|p1a: Gyarados\n|-crit|p1a: Gyarados\n|-damage|p1a: Gyarados|0 fnt\n|faint|p1a: Gyarados\n|-ability|p2a: Ditto|Moxie|boost\n|-boost|p2a: Ditto|atk|1\n|\n|upkeep\n|c|\u2606Smucky|welp\n|inactive|Smucky has 120 seconds left.\n|\n|t:|1782840807\n|switch|p1a: Persian|Persian-Alola, L86, F|196/252\n|-damage|p1a: Persian|165/252|[from] Stealth Rock\n|turn|17\n|c|\u2606Emkatt|wait does this actually win\n|c|\u2606Smucky|yes\n|c|\u2606Emkatt|pls\n|\n|t:|1782840817\n|move|p2a: Ditto|Waterfall|p1a: Persian\n|-damage|p1a: Persian|0 fnt\n|faint|p1a: Persian\n|-ability|p2a: Ditto|Moxie|boost\n|-boost|p2a: Ditto|atk|1\n|\n|upkeep\n|\n|t:|1782840819\n|switch|p1a: Porygon-Z|Porygon-Z, L83|277/277\n|-damage|p1a: Porygon-Z|243/277|[from] Stealth Rock\n|-ability|p1a: Porygon-Z|Download|boost\n|-boost|p1a: Porygon-Z|atk|1\n|turn|18\n|c|\u2606Emkatt|lmao\n|\n|t:|1782840825\n|move|p2a: Ditto|Waterfall|p1a: Porygon-Z\n|-damage|p1a: Porygon-Z|0 fnt\n|faint|p1a: Porygon-Z\n|-ability|p2a: Ditto|Moxie|boost\n|-boost|p2a: Ditto|atk|1\n|\n|upkeep\n|c|\u2606Smucky|classic ditto\n|\n|t:|1782840827\n|switch|p1a: Heatran|Heatran, L79, M|273/273\n|-damage|p1a: Heatran|239/273|[from] Stealth Rock\n|-item|p1a: Heatran|Air Balloon\n|turn|19\n|c|\u2606Emkatt|gg\n|\n|t:|1782840833\n|move|p2a: Ditto|Waterfall|p1a: Heatran\n|-supereffective|p1a: Heatran\n|-damage|p1a: Heatran|0 fnt\n|-enditem|p1a: Heatran|Air Balloon\n|faint|p1a: Heatran\n|\n|win|Emkatt\n|raw|Smucky's rating: 2255 &rarr; <strong>2236</strong><br />(-19 for losing)\n|raw|Emkatt's rating: 2265 &rarr; <strong>2284</strong><br />(+19 for winning)\n", "inputlog": ">version f8ac14003a5f27e1bdc8d8c59608a773c1cb96e5\n>start {\"formatid\":\"gen9randombattle\",\"seed\":\"sodium,605c8c1fc026ba38361b6571c642ffc5\",\"rated\":\"Rated battle\"}\n>player p1 {\"name\":\"Smucky\",\"avatar\":\"cynthia-gen7\",\"rating\":2255,\"seed\":\"sodium,691048cc391950e0f2a562f2bb884cf5\"}\n>player p2 {\"name\":\"Emkatt\",\"avatar\":\"acetrainer-gen2\",\"rating\":2265,\"seed\":\"sodium,863dcaa6c293235d8013983d75420027\"}\n>p1 switch 4\n>p2 move shellsmash\n>p1 move thunderbolt\n>p2 move earthquake\n>p2 switch 6\n>p1 move slackoff\n>p2 move stealthrock\n>p1 move muddywater\n>p2 move earthpower\n>p1 move thunderbolt\n>p2 move earthpower\n>p2 switch 4\n>p1 move voltswitch\n>p2 move superpower\n>p1 switch 5\n>p1 move supercellslam\n>p2 move superpower\n>p1 move supercellslam\n>p2 move superpower\n>p1 switch 2\n>p1 move thunderbolt\n>p2 move superpower terastallize\n>p2 switch 3\n>p1 switch 4\n>p2 move bulkup\n>p1 move dragondance\n>p2 move bulkup\n>p1 move earthquake\n>p2 move gunkshot\n>p1 move waterfall\n>p2 move gunkshot\n>p1 move terablast terastallize\n>p2 move gunkshot\n>chat \u2606Emkatt|so thats how its gonna be\n>chat \u2606Smucky|my b \n>p2 switch 2\n>p1 move earthquake\n>p2 move stoneedge\n>p2 switch 5\n>p1 move terablast\n>p2 move waterfall\n>chat \u2606Smucky|welp\n>p1 switch 4\n>chat \u2606Emkatt|wait does this actually win\n>chat \u2606Smucky|yes\n>chat \u2606Emkatt|pls\n>p1 move thunderbolt\n>p2 move waterfall\n>p1 switch 6\n>chat \u2606Emkatt|lmao\n>p1 move triattack\n>p2 move waterfall\n>chat \u2606Smucky|classic ditto\n>p1 switch 3\n>chat \u2606Emkatt|gg\n>p1 move magmastorm\n>p2 move waterfall", "uploadtime": 1782840833, "views": 8, "formatid": "gen9randombattle", "rating": 2236, "private": 0, "password": null, "player_dets": [{"name": "Smucky", "avatar": "cynthia-gen7", "rating": 2255, "seed": "sodium,691048cc391950e0f2a562f2bb884cf5"}, {"name": "Emkatt", "avatar": "acetrainer-gen2", "rating": 2265, "seed": "sodium,863dcaa6c293235d8013983d75420027"}], "teams_full": [{"Gyarados": {"name": "Gyarados", "species": "Gyarados", "speciesId": "gyarados", "gender": "M", "shiny": false, "level": 79, "moves": ["terablast", "earthquake", "waterfall", "dragondance"], "ability": "Moxie", "evs": {"hp": 85, "atk": 85, "def": 85, "spa": 85, "spd": 85, "spe": 85}, "ivs": {"hp": 31, "atk": 31, "def": 31, "spa": 31, "spd": 31, "spe": 31}, "item": "Heavy-Duty Boots", "teraType": "Flying", "role": "Tera Blast user", "bvs": {"hp": 95, "atk": 125, "def": 79, "spa": 60, "spd": 100, "spe": 81}, "stats": {"hp": 280, "atk": 243, "def": 170, "spa": 140, "spd": 204, "spe": 174}, "types": ["Water", "Flying"]}, "Persian": {"name": "Persian", "species": "Persian-Alola", "speciesId": "persianalola", "gender": "F", "shiny": false, "level": 86, "moves": ["nastyplot", "darkpulse", "thunderbolt", "burningjealousy"], "ability": "Fur Coat", "evs": {"hp": 85, "atk": 0, "def": 85, "spa": 85, "spd": 85, "spe": 85}, "ivs": {"hp": 31, "atk": 0, "def": 31, "spa": 31, "spd": 31, "spe": 31}, "item": "Life Orb", "teraType": "Electric", "role": "Fast Bulky Setup", "bvs": {"hp": 65, "atk": 60, "def": 60, "spa": 75, "spd": 65, "spe": 115}, "stats": {"hp": 252, "atk": 108, "def": 152, "spa": 178, "spd": 161, "spe": 247}, "types": ["Dark"]}, "Heatran": {"name": "Heatran", "species": "Heatran", "speciesId": "heatran", "gender": "M", "shiny": false, "level": 79, "moves": ["stealthrock", "magmastorm", "heavyslam", "earthpower"], "ability": "Flash Fire", "evs": {"hp": 85, "atk": 85, "def": 85, "spa": 85, "spd": 85, "spe": 85}, "ivs": {"hp": 31, "atk": 31, "def": 31, "spa": 31, "spd": 31, "spe": 31}, "item": "Air Balloon", "teraType": "Flying", "role": "Bulky Support", "bvs": {"hp": 91, "atk": 90, "def": 106, "spa": 130, "spd": 106, "spe": 77}, "stats": {"hp": 273, "atk": 188, "def": 213, "spa": 251, "spd": 213, "spe": 167}, "types": ["Fire", "Steel"]}, "Bellibolt": {"name": "Bellibolt", "species": "Bellibolt", "speciesId": "bellibolt", "gender": "M", "shiny": false, "level": 84, "moves": ["muddywater", "thunderbolt", "slackoff", "voltswitch"], "ability": "Electromorphosis", "evs": {"hp": 85, "atk": 0, "def": 85, "spa": 85, "spd": 85, "spe": 85}, "ivs": {"hp": 31, "atk": 0, "def": 31, "spa": 31, "spd": 31, "spe": 31}, "item": "Leftovers", "teraType": "Electric", "role": "Bulky Attacker", "bvs": {"hp": 109, "atk": 64, "def": 91, "spa": 103, "spd": 83, "spe": 45}, "stats": {"hp": 320, "atk": 112, "def": 201, "spa": 221, "spd": 188, "spe": 124}, "types": ["Electric"]}, "Electivire": {"name": "Electivire", "species": "Electivire", "speciesId": "electivire", "gender": "F", "shiny": false, "level": 84, "moves": ["supercellslam", "flamethrower", "voltswitch", "earthquake"], "ability": "Motor Drive", "evs": {"hp": 85, "atk": 85, "def": 85, "spa": 85, "spd": 85, "spe": 85}, "ivs": {"hp": 31, "atk": 31, "def": 31, "spa": 31, "spd": 31, "spe": 31}, "item": "Life Orb", "teraType": "Ground", "role": "Fast Attacker", "bvs": {"hp": 75, "atk": 123, "def": 67, "spa": 95, "spd": 85, "spe": 95}, "stats": {"hp": 263, "atk": 255, "def": 161, "spa": 208, "spd": 191, "spe": 208}, "types": ["Electric"]}, "Porygon-Z": {"name": "Porygon-Z", "species": "Porygon-Z", "speciesId": "porygonz", "gender": "N", "shiny": false, "level": 83, "moves": ["triattack", "icebeam", "nastyplot", "shadowball"], "ability": "Download", "evs": {"hp": 85, "atk": 0, "def": 85, "spa": 85, "spd": 85, "spe": 85}, "ivs": {"hp": 31, "atk": 0, "def": 31, "spa": 31, "spd": 31, "spe": 31}, "item": "Life Orb", "teraType": "Ghost", "role": "Fast Attacker", "bvs": {"hp": 85, "atk": 80, "def": 70, "spa": 135, "spd": 75, "spe": 90}, "stats": {"hp": 277, "atk": 137, "def": 164, "spa": 272, "spd": 172, "spe": 197}, "types": ["Normal"]}}, {"Blastoise": {"name": "Blastoise", "species": "Blastoise", "speciesId": "blastoise", "gender": "M", "shiny": false, "level": 80, "moves": ["earthquake", "shellsmash", "icebeam", "hydropump"], "ability": "Torrent", "evs": {"hp": 85, "atk": 85, "def": 85, "spa": 85, "spd": 85, "spe": 85}, "ivs": {"hp": 31, "atk": 31, "def": 31, "spa": 31, "spd": 31, "spe": 31}, "item": "White Herb", "teraType": "Water", "role": "Setup Sweeper", "bvs": {"hp": 79, "atk": 83, "def": 100, "spa": 85, "spd": 105, "spe": 78}, "stats": {"hp": 258, "atk": 179, "def": 206, "spa": 182, "spd": 214, "spe": 171}, "types": ["Water"]}, "Drednaw": {"name": "Drednaw", "species": "Drednaw", "speciesId": "drednaw", "gender": "M", "shiny": false, "level": 81, "moves": ["earthquake", "liquidation", "shellsmash", "stoneedge"], "ability": "Shell Armor", "evs": {"hp": 85, "atk": 85, "def": 85, "spa": 85, "spd": 85, "spe": 85}, "ivs": {"hp": 31, "atk": 31, "def": 31, "spa": 31, "spd": 31, "spe": 31}, "item": "White Herb", "teraType": "Water", "role": "Fast Bulky Setup", "bvs": {"hp": 90, "atk": 115, "def": 90, "spa": 48, "spd": 68, "spe": 74}, "stats": {"hp": 278, "atk": 233, "def": 192, "spa": 124, "spd": 157, "spe": 167}, "types": ["Water", "Rock"]}, "Okidogi": {"name": "Okidogi", "species": "Okidogi", "speciesId": "okidogi", "gender": "M", "shiny": false, "level": 77, "moves": ["drainpunch", "bulkup", "gunkshot", "knockoff"], "ability": "Toxic Chain", "evs": {"hp": 85, "atk": 85, "def": 85, "spa": 85, "spd": 85, "spe": 85}, "ivs": {"hp": 31, "atk": 31, "def": 31, "spa": 31, "spd": 31, "spe": 31}, "item": "Leftovers", "teraType": "Dark", "role": "Bulky Setup", "bvs": {"hp": 88, "atk": 128, "def": 115, "spa": 58, "spd": 86, "spe": 80}, "stats": {"hp": 262, "atk": 242, "def": 222, "spa": 134, "spd": 177, "spe": 168}, "types": ["Poison", "Fighting"]}, "Enamorus": {"name": "Enamorus", "species": "Enamorus", "speciesId": "enamorus", "gender": "F", "shiny": false, "level": 79, "moves": ["playrough", "substitute", "taunt", "superpower"], "ability": "Contrary", "evs": {"hp": 85, "atk": 85, "def": 85, "spa": 85, "spd": 85, "spe": 85}, "ivs": {"hp": 31, "atk": 31, "def": 31, "spa": 31, "spd": 31, "spe": 31}, "item": "Leftovers", "teraType": "Fighting", "role": "Setup Sweeper", "bvs": {"hp": 74, "atk": 115, "def": 70, "spa": 135, "spd": 80, "spe": 106}, "stats": {"hp": 247, "atk": 227, "def": 156, "spa": 259, "spd": 172, "spe": 213}, "types": ["Fairy", "Flying"]}, "Ditto": {"name": "Ditto", "species": "Ditto", "speciesId": "ditto", "gender": "N", "shiny": false, "level": 87, "moves": ["transform"], "ability": "Imposter", "evs": {"hp": 85, "atk": 85, "def": 85, "spa": 85, "spd": 85, "spe": 85}, "ivs": {"hp": 31, "atk": 31, "def": 31, "spa": 31, "spd": 31, "spe": 31}, "item": "Choice Scarf", "teraType": "Ghost", "role": "Fast Support", "bvs": {"hp": 48, "atk": 48, "def": 48, "spa": 48, "spd": 48, "spe": 48}, "stats": {"hp": 225, "atk": 133, "def": 133, "spa": 133, "spd": 133, "spe": 133}, "types": ["Normal"]}, "Heatran": {"name": "Heatran", "species": "Heatran", "speciesId": "heatran", "gender": "M", "shiny": false, "level": 79, "moves": ["heavyslam", "stealthrock", "earthpower", "lavaplume"], "ability": "Flash Fire", "evs": {"hp": 85, "atk": 85, "def": 85, "spa": 85, "spd": 85, "spe": 85}, "ivs": {"hp": 31, "atk": 31, "def": 31, "spa": 31, "spd": 31, "spe": 31}, "item": "Air Balloon", "teraType": "Flying", "role": "Bulky Support", "bvs": {"hp": 91, "atk": 90, "def": 106, "spa": 130, "spd": 106, "spe": 77}, "stats": {"hp": 273, "atk": 188, "def": 213, "spa": 251, "spd": 213, "spe": 167}, "types": ["Fire", "Steel"]}}]}