{"id": "gen9randombattle-2641803643", "format": "[Gen 9] Random Battle", "players": ["sharky101993", "children game pro"], "log": "|j|\u2606sharky101993\n|j|\u203dchildren game pro\n|t:|1782843808\n|gametype|singles\n|player|p1|sharky101993|ethan|1962\n|player|p2|children game pro|preschooler|2030\n|gen|9\n|tier|[Gen 9] Random Battle\n|rated|\n|rule|Species Clause: Limit one of each Pok\u00e9mon\n|rule|HP Percentage Mod: HP is shown in percentages\n|rule|Sleep Clause Mod: Limit one foe put to sleep\n|rule|Illusion Level Mod: Illusion disguises the Pok\u00e9mon's true level\n|\n|t:|1782843808\n|teamsize|p1|6\n|teamsize|p2|6\n|start\n|switch|p1a: Polteageist|Polteageist, L78|222/222\n|switch|p2a: Hatterene|Hatterene, L85, F|236/236\n|turn|1\n|inactive|Battle timer is ON: inactive players will automatically lose when time's up. (requested by children game pro)\n|\n|t:|1782843910\n|move|p1a: Polteageist|Shell Smash|p1a: Polteageist\n|-unboost|p1a: Polteageist|def|1\n|-unboost|p1a: Polteageist|spd|1\n|-boost|p1a: Polteageist|atk|2\n|-boost|p1a: Polteageist|spa|2\n|-boost|p1a: Polteageist|spe|2\n|-enditem|p1a: Polteageist|White Herb\n|-clearnegativeboost|p1a: Polteageist|[silent]\n|move|p2a: Hatterene|Psyshock|p1a: Polteageist\n|-damage|p1a: Polteageist|71/222\n|\n|upkeep\n|turn|2\n|\n|t:|1782843915\n|switch|p2a: Persian|Persian-Alola, L86, M|252/252\n|move|p1a: Polteageist|Shadow Ball|p2a: Persian\n|-resisted|p2a: Persian\n|-damage|p2a: Persian|141/252\n|\n|upkeep\n|turn|3\n|\n|t:|1782843934\n|move|p1a: Polteageist|Shadow Ball|p2a: Persian\n|-resisted|p2a: Persian\n|-damage|p2a: Persian|24/252\n|move|p2a: Persian|Foul Play|p1a: Polteageist\n|-supereffective|p1a: Polteageist\n|-damage|p1a: Polteageist|0 fnt\n|-start|p2a: Persian|Disable|Foul Play|[from] ability: Cursed Body|[of] p1a: Polteageist\n|faint|p1a: Polteageist\n|\n|upkeep\n|\n|t:|1782843946\n|switch|p1a: Qwilfish|Qwilfish-Hisui, L83, F|244/244\n|-ability|p1a: Qwilfish|Intimidate|boost\n|-unboost|p2a: Persian|atk|1\n|turn|4\n|\n|t:|1782843955\n|move|p2a: Persian|Taunt|p1a: Qwilfish\n|-start|p1a: Qwilfish|move: Taunt\n|move|p1a: Qwilfish|Crunch|p2a: Persian\n|-resisted|p2a: Persian\n|-damage|p2a: Persian|0 fnt\n|faint|p2a: Persian\n|\n|upkeep\n|\n|t:|1782843970\n|switch|p2a: Groudon|Groudon, L72|263/263\n|-weather|SunnyDay|[from] ability: Drought|[of] p2a: Groudon\n|turn|5\n|\n|t:|1782843988\n|switch|p1a: Medicham|Medicham, L86, M|243/243\n|move|p2a: Groudon|Swords Dance|p2a: Groudon\n|-boost|p2a: Groudon|atk|2\n|\n|-weather|SunnyDay|[upkeep]\n|upkeep\n|turn|6\n|\n|t:|1782844012\n|-terastallize|p1a: Medicham|Fighting\n|move|p1a: Medicham|Close Combat|p2a: Groudon\n|-damage|p2a: Groudon|0 fnt\n|-unboost|p1a: Medicham|def|1\n|-unboost|p1a: Medicham|spd|1\n|faint|p2a: Groudon\n|\n|-weather|SunnyDay|[upkeep]\n|upkeep\n|\n|t:|1782844019\n|switch|p2a: Froslass|Froslass, L87, F|263/263\n|turn|7\n|\n|t:|1782844031\n|switch|p1a: Qwilfish|Qwilfish-Hisui, L83, F|244/244\n|-ability|p1a: Qwilfish|Intimidate|boost\n|-unboost|p2a: Froslass|atk|1\n|move|p2a: Froslass|Spikes|p1a: Qwilfish\n|-sidestart|p1: sharky101993|Spikes\n|\n|-weather|SunnyDay|[upkeep]\n|upkeep\n|turn|8\n|\n|t:|1782844039\n|switch|p2a: Archaludon|Archaludon, L78, M|268/268\n|move|p1a: Qwilfish|Crunch|p2a: Archaludon\n|-damage|p2a: Archaludon|207/268\n|-ability|p2a: Archaludon|Stamina|boost\n|-boost|p2a: Archaludon|def|1\n|\n|-weather|SunnyDay|[upkeep]\n|upkeep\n|turn|9\n|\n|t:|1782844053\n|move|p1a: Qwilfish|Taunt|p2a: Archaludon\n|-start|p2a: Archaludon|move: Taunt\n|cant|p2a: Archaludon|move: Taunt|Swords Dance\n|\n|-weather|none\n|upkeep\n|turn|10\n|\n|t:|1782844078\n|switch|p1a: Urshifu|Urshifu, L74, F|270/270\n|-damage|p1a: Urshifu|237/270|[from] Spikes\n|move|p2a: Archaludon|Earthquake|p1a: Urshifu\n|-damage|p1a: Urshifu|169/270\n|\n|upkeep\n|turn|11\n|\n|t:|1782844102\n|move|p1a: Urshifu|Wicked Blow|p2a: Archaludon\n|-crit|p2a: Archaludon\n|-damage|p2a: Archaludon|74/268\n|-ability|p2a: Archaludon|Stamina|boost\n|-boost|p2a: Archaludon|def|1\n|-damage|p1a: Urshifu|142/270|[from] item: Life Orb\n|move|p2a: Archaludon|Outrage|p1a: Urshifu\n|-damage|p1a: Urshifu|18/270\n|\n|-end|p2a: Archaludon|move: Taunt\n|upkeep\n|turn|12\n|\n|t:|1782844111\n|move|p1a: Urshifu|Wicked Blow|p2a: Archaludon\n|-crit|p2a: Archaludon\n|-damage|p2a: Archaludon|0 fnt\n|faint|p2a: Archaludon\n|-damage|p1a: Urshifu|0 fnt|[from] item: Life Orb\n|faint|p1a: Urshifu\n|\n|upkeep\n|\n|t:|1782844122\n|switch|p1a: Qwilfish|Qwilfish-Hisui, L83, F|244/244\n|switch|p2a: Lanturn|Lanturn, L89, F|367/367\n|-damage|p1a: Qwilfish|214/244|[from] Spikes\n|-ability|p1a: Qwilfish|Intimidate|boost\n|-unboost|p2a: Lanturn|atk|1\n|turn|13\n|inactive|sharky101993 has 120 seconds left.\n|\n|t:|1782844143\n|switch|p1a: Medicham|Medicham, L86, M, tera:Fighting|243/243\n|-damage|p1a: Medicham|213/243|[from] Spikes\n|move|p2a: Lanturn|Scald|p1a: Medicham\n|-damage|p1a: Medicham|122/243\n|\n|upkeep\n|turn|14\n|inactive|children game pro has 120 seconds left.\n|inactive|children game pro has 90 seconds left.\n|\n|t:|1782844211\n|move|p1a: Medicham|Zen Headbutt|p2a: Lanturn\n|-damage|p2a: Lanturn|133/367\n|cant|p2a: Lanturn|flinch\n|\n|-heal|p2a: Lanturn|155/367|[from] item: Leftovers\n|upkeep\n|turn|15\n|\n|t:|1782844215\n|switch|p2a: Hatterene|Hatterene, L85, F|236/236\n|move|p1a: Medicham|Zen Headbutt|p2a: Hatterene\n|-resisted|p2a: Hatterene\n|-damage|p2a: Hatterene|154/236\n|\n|-heal|p2a: Hatterene|168/236|[from] item: Leftovers\n|upkeep\n|turn|16\n|\n|t:|1782844224\n|switch|p1a: Excadrill|Excadrill, L79, M|303/303\n|-damage|p1a: Excadrill|266/303|[from] Spikes\n|-ability|p1a: Excadrill|Mold Breaker\n|move|p2a: Hatterene|Draining Kiss|p1a: Excadrill\n|-resisted|p1a: Excadrill\n|-damage|p1a: Excadrill|216/303\n|-heal|p2a: Hatterene|206/236|[from] drain|[of] p1a: Excadrill\n|\n|-heal|p1a: Excadrill|234/303|[from] item: Leftovers\n|-heal|p2a: Hatterene|220/236|[from] item: Leftovers\n|upkeep\n|turn|17\n|inactive|children game pro has 90 seconds left.\n|\n|t:|1782844272\n|move|p1a: Excadrill|Iron Head|p2a: Hatterene\n|-supereffective|p2a: Hatterene\n|-damage|p2a: Hatterene|28/236\n|cant|p2a: Hatterene|flinch\n|\n|-heal|p1a: Excadrill|252/303|[from] item: Leftovers\n|-heal|p2a: Hatterene|42/236|[from] item: Leftovers\n|upkeep\n|turn|18\n|\n|t:|1782844284\n|move|p1a: Excadrill|Iron Head|p2a: Hatterene\n|-supereffective|p2a: Hatterene\n|-damage|p2a: Hatterene|0 fnt\n|faint|p2a: Hatterene\n|\n|-heal|p1a: Excadrill|270/303|[from] item: Leftovers\n|upkeep\n|inactive|children game pro has 60 seconds left.\n|\n|t:|1782844300\n|switch|p2a: Froslass|Froslass, L87, F|263/263\n|turn|19\n|\n|t:|1782844309\n|switch|p1a: Qwilfish|Qwilfish-Hisui, L83, F|214/244\n|-damage|p1a: Qwilfish|184/244|[from] Spikes\n|-ability|p1a: Qwilfish|Intimidate|boost\n|-unboost|p2a: Froslass|atk|1\n|-terastallize|p2a: Froslass|Ghost\n|move|p2a: Froslass|Poltergeist|p1a: Qwilfish\n|-activate|p1a: Qwilfish|move: Poltergeist|Eviolite\n|-resisted|p1a: Qwilfish\n|-damage|p1a: Qwilfish|150/244\n|\n|upkeep\n|turn|20\n|-message|children game pro forfeited.\n|\n|win|sharky101993\n|raw|sharky101993's rating: 1962 &rarr; <strong>1986</strong><br />(+24 for winning)\n|raw|children game pro's rating: 2030 &rarr; <strong>2006</strong><br />(-24 for losing)\n", "inputlog": ">version f8ac14003a5f27e1bdc8d8c59608a773c1cb96e5\n>start {\"formatid\":\"gen9randombattle\",\"seed\":\"sodium,112e58f459153f6ca0d093845f4b75c7\",\"rated\":\"Rated battle\"}\n>player p1 {\"name\":\"sharky101993\",\"avatar\":\"ethan\",\"rating\":1962,\"seed\":\"sodium,258f1cb7e5218ae5eb97f75b08c561f9\"}\n>player p2 {\"name\":\"children game pro\",\"avatar\":\"preschooler\",\"rating\":2030,\"seed\":\"sodium,a5905a14c6045e701129801f62f9e3b6\"}\n>p1 move shellsmash\n>p2 move psyshock\n>p1 move shadowball\n>p2 switch 5\n>p1 move shadowball\n>p2 move foulplay\n>p1 switch 4\n>p1 move crunch\n>p2 move taunt\n>p2 switch 6\n>p1 switch 6\n>p2 move swordsdance\n>p1 move closecombat terastallize\n>p2 move heatcrash\n>p2 switch 2\n>p1 switch 6\n>p2 move spikes\n>p1 move crunch\n>p2 switch 3\n>p1 move taunt\n>p2 move swordsdance\n>p1 switch 5\n>p2 move earthquake\n>p1 move wickedblow\n>p2 move outrage\n>p1 move wickedblow\n>p2 move outrage\n>p1 switch 5\n>p2 switch 4\n>p1 switch 6\n>p2 move scald\n>p1 move zenheadbutt\n>p2 move thunderwave\n>p1 move zenheadbutt\n>p2 switch 5\n>p1 switch 3\n>p2 move drainingkiss\n>p1 move ironhead\n>p2 move mysticalfire\n>p1 move ironhead\n>p2 move mysticalfire\n>p2 switch 3\n>p1 switch 6\n>p2 move poltergeist terastallize\n>forcelose p2", "uploadtime": 1782844316, "views": 8, "formatid": "gen9randombattle", "rating": 1986, "private": 0, "password": null, "player_dets": [{"name": "sharky101993", "avatar": "ethan", "rating": 1962, "seed": "sodium,258f1cb7e5218ae5eb97f75b08c561f9"}, {"name": "children game pro", "avatar": "preschooler", "rating": 2030, "seed": "sodium,a5905a14c6045e701129801f62f9e3b6"}], "teams_full": [{"Polteageist": {"name": "Polteageist", "species": "Polteageist", "speciesId": "polteageist", "gender": "N", "shiny": false, "level": 78, "moves": ["storedpower", "shadowball", "strengthsap", "shellsmash"], "ability": "Cursed Body", "evs": {"hp": 85, "atk": 0, "def": 85, "spa": 85, "spd": 85, "spe": 85}, "ivs": {"hp": 31, "atk": 0, "def": 31, "spa": 31, "spd": 31, "spe": 31}, "item": "White Herb", "teraType": "Psychic", "role": "Setup Sweeper", "bvs": {"hp": 60, "atk": 65, "def": 65, "spa": 134, "spd": 114, "spe": 70}, "stats": {"hp": 222, "atk": 106, "def": 146, "spa": 254, "spd": 223, "spe": 154}, "types": ["Ghost"]}, "Tauros": {"name": "Tauros", "species": "Tauros", "speciesId": "tauros", "gender": "M", "shiny": false, "level": 82, "moves": ["bodyslam", "closecombat", "throatchop", "zenheadbutt"], "ability": "Sheer Force", "evs": {"hp": 85, "atk": 85, "def": 85, "spa": 85, "spd": 85, "spe": 85}, "ivs": {"hp": 31, "atk": 31, "def": 31, "spa": 31, "spd": 31, "spe": 31}, "item": "Life Orb", "teraType": "Psychic", "role": "Wallbreaker", "bvs": {"hp": 75, "atk": 100, "def": 95, "spa": 40, "spd": 70, "spe": 110}, "stats": {"hp": 257, "atk": 211, "def": 203, "spa": 113, "spd": 162, "spe": 228}, "types": ["Normal"]}, "Excadrill": {"name": "Excadrill", "species": "Excadrill", "speciesId": "excadrill", "gender": "M", "shiny": false, "level": 79, "moves": ["rapidspin", "ironhead", "swordsdance", "earthquake"], "ability": "Mold Breaker", "evs": {"hp": 85, "atk": 85, "def": 85, "spa": 85, "spd": 85, "spe": 85}, "ivs": {"hp": 31, "atk": 31, "def": 31, "spa": 31, "spd": 31, "spe": 31}, "item": "Leftovers", "teraType": "Water", "role": "Bulky Setup", "bvs": {"hp": 110, "atk": 135, "def": 60, "spa": 50, "spd": 65, "spe": 88}, "stats": {"hp": 303, "atk": 259, "def": 140, "spa": 125, "spd": 148, "spe": 185}, "types": ["Ground", "Steel"]}, "Qwilfish": {"name": "Qwilfish", "species": "Qwilfish-Hisui", "speciesId": "qwilfishhisui", "gender": "F", "shiny": false, "level": 83, "moves": ["crunch", "gunkshot", "spikes", "taunt"], "ability": "Intimidate", "evs": {"hp": 85, "atk": 85, "def": 85, "spa": 85, "spd": 85, "spe": 85}, "ivs": {"hp": 31, "atk": 31, "def": 31, "spa": 31, "spd": 31, "spe": 31}, "item": "Eviolite", "teraType": "Flying", "role": "Bulky Support", "bvs": {"hp": 65, "atk": 95, "def": 85, "spa": 55, "spd": 55, "spe": 85}, "stats": {"hp": 244, "atk": 205, "def": 189, "spa": 139, "spd": 139, "spe": 189}, "types": ["Dark", "Poison"]}, "Urshifu": {"name": "Urshifu", "species": "Urshifu", "speciesId": "urshifu", "gender": "F", "shiny": false, "level": 74, "moves": ["suckerpunch", "swordsdance", "wickedblow", "closecombat"], "ability": "Unseen Fist", "evs": {"hp": 85, "atk": 85, "def": 85, "spa": 85, "spd": 85, "spe": 85}, "ivs": {"hp": 31, "atk": 31, "def": 31, "spa": 31, "spd": 31, "spe": 31}, "item": "Life Orb", "teraType": "Fighting", "role": "Fast Attacker", "bvs": {"hp": 100, "atk": 130, "def": 100, "spa": 63, "spd": 60, "spe": 97}, "stats": {"hp": 270, "atk": 235, "def": 191, "spa": 136, "spd": 132, "spe": 187}, "types": ["Fighting", "Dark"]}, "Medicham": {"name": "Medicham", "species": "Medicham", "speciesId": "medicham", "gender": "M", "shiny": false, "level": 86, "moves": ["bulletpunch", "poisonjab", "closecombat", "zenheadbutt"], "ability": "Pure Power", "evs": {"hp": 85, "atk": 85, "def": 85, "spa": 85, "spd": 85, "spe": 85}, "ivs": {"hp": 31, "atk": 31, "def": 31, "spa": 31, "spd": 31, "spe": 31}, "item": "Choice Band", "teraType": "Fighting", "role": "Fast Attacker", "bvs": {"hp": 60, "atk": 60, "def": 75, "spa": 60, "spd": 75, "spe": 80}, "stats": {"hp": 243, "atk": 152, "def": 178, "spa": 152, "spd": 178, "spe": 187}, "types": ["Fighting", "Psychic"]}}, {"Hatterene": {"name": "Hatterene", "species": "Hatterene", "speciesId": "hatterene", "gender": "F", "shiny": false, "level": 85, "moves": ["psyshock", "drainingkiss", "calmmind", "mysticalfire"], "ability": "Magic Bounce", "evs": {"hp": 85, "atk": 0, "def": 85, "spa": 85, "spd": 85, "spe": 85}, "ivs": {"hp": 31, "atk": 0, "def": 31, "spa": 31, "spd": 31, "spe": 31}, "item": "Leftovers", "teraType": "Fairy", "role": "Bulky Setup", "bvs": {"hp": 57, "atk": 90, "def": 95, "spa": 136, "spd": 103, "spe": 29}, "stats": {"hp": 236, "atk": 158, "def": 210, "spa": 280, "spd": 224, "spe": 98}, "types": ["Psychic", "Fairy"]}, "Froslass": {"name": "Froslass", "species": "Froslass", "speciesId": "froslass", "gender": "F", "shiny": false, "level": 87, "moves": ["poltergeist", "spikes", "tripleaxel", "taunt"], "ability": "Cursed Body", "evs": {"hp": 81, "atk": 85, "def": 85, "spa": 85, "spd": 85, "spe": 85}, "ivs": {"hp": 31, "atk": 31, "def": 31, "spa": 31, "spd": 31, "spe": 31}, "item": "Wide Lens", "teraType": "Ghost", "role": "Fast Support", "bvs": {"hp": 70, "atk": 80, "def": 70, "spa": 80, "spd": 70, "spe": 110}, "stats": {"hp": 263, "atk": 189, "def": 172, "spa": 189, "spd": 172, "spe": 241}, "types": ["Ice", "Ghost"]}, "Archaludon": {"name": "Archaludon", "species": "Archaludon", "speciesId": "archaludon", "gender": "M", "shiny": false, "level": 78, "moves": ["ironhead", "swordsdance", "earthquake", "outrage"], "ability": "Stamina", "evs": {"hp": 85, "atk": 85, "def": 85, "spa": 85, "spd": 85, "spe": 85}, "ivs": {"hp": 31, "atk": 31, "def": 31, "spa": 31, "spd": 31, "spe": 31}, "item": "Lum Berry", "teraType": "Ground", "role": "Bulky Setup", "bvs": {"hp": 90, "atk": 105, "def": 130, "spa": 125, "spd": 65, "spe": 85}, "stats": {"hp": 268, "atk": 209, "def": 248, "spa": 240, "spd": 146, "spe": 178}, "types": ["Steel", "Dragon"]}, "Lanturn": {"name": "Lanturn", "species": "Lanturn", "speciesId": "lanturn", "gender": "F", "shiny": false, "level": 89, "moves": ["scald", "thunderbolt", "icebeam", "thunderwave"], "ability": "Volt Absorb", "evs": {"hp": 85, "atk": 0, "def": 85, "spa": 85, "spd": 85, "spe": 85}, "ivs": {"hp": 31, "atk": 0, "def": 31, "spa": 31, "spd": 31, "spe": 31}, "item": "Leftovers", "teraType": "Flying", "role": "Bulky Attacker", "bvs": {"hp": 125, "atk": 58, "def": 58, "spa": 76, "spd": 76, "spe": 67}, "stats": {"hp": 367, "atk": 108, "def": 154, "spa": 186, "spd": 186, "spe": 170}, "types": ["Water", "Electric"]}, "Persian": {"name": "Persian", "species": "Persian-Alola", "speciesId": "persianalola", "gender": "M", "shiny": false, "level": 86, "moves": ["thunderwave", "taunt", "foulplay", "partingshot"], "ability": "Fur Coat", "evs": {"hp": 85, "atk": 0, "def": 85, "spa": 85, "spd": 85, "spe": 85}, "ivs": {"hp": 31, "atk": 0, "def": 31, "spa": 31, "spd": 31, "spe": 31}, "item": "Heavy-Duty Boots", "teraType": "Poison", "role": "Fast Support", "bvs": {"hp": 65, "atk": 60, "def": 60, "spa": 75, "spd": 65, "spe": 115}, "stats": {"hp": 252, "atk": 108, "def": 152, "spa": 178, "spd": 161, "spe": 247}, "types": ["Dark"]}, "Groudon": {"name": "Groudon", "species": "Groudon", "speciesId": "groudon", "gender": "N", "shiny": false, "level": 72, "moves": ["precipiceblades", "heatcrash", "swordsdance", "stoneedge"], "ability": "Drought", "evs": {"hp": 85, "atk": 85, "def": 85, "spa": 85, "spd": 85, "spe": 85}, "ivs": {"hp": 31, "atk": 31, "def": 31, "spa": 31, "spd": 31, "spe": 31}, "item": "Leftovers", "teraType": "Fire", "role": "Bulky Setup", "bvs": {"hp": 100, "atk": 150, "def": 140, "spa": 100, "spd": 90, "spe": 90}, "stats": {"hp": 263, "atk": 258, "def": 244, "spa": 186, "spd": 172, "spe": 172}, "types": ["Ground"]}}]}