{"id": "gen9randombattle-2641791509", "format": "[Gen 9] Random Battle", "players": ["Chowtime877", "Nhxwilly"], "log": "|j|\u2606Chowtime877\n|j|\u2606Nhxwilly\n|t:|1782842380\n|gametype|singles\n|player|p1|Chowtime877|veteran|\n|player|p2|Nhxwilly|102|\n|gen|9\n|tier|[Gen 9] Random Battle\n|rule|Species Clause: Limit one of each Pok\u00e9mon\n|rule|HP Percentage Mod: HP is shown in percentages\n|rule|Sleep Clause Mod: Limit one foe put to sleep\n|rule|Illusion Level Mod: Illusion disguises the Pok\u00e9mon's true level\n|\n|t:|1782842380\n|teamsize|p1|6\n|teamsize|p2|6\n|start\n|switch|p1a: Sneasler|Sneasler, L74, M|240/240\n|switch|p2a: Magnezone|Magnezone, L85|258/258\n|turn|1\n|l|\u2606Chowtime877\n|player|p1|\n|\n|t:|1782842512\n|switch|p2a: Tsareena|Tsareena, L87, F|267/267\n|move|p1a: Sneasler|Swords Dance|p1a: Sneasler\n|-boost|p1a: Sneasler|atk|2\n|\n|upkeep\n|turn|2\n|j|\u2606Chowtime877\n|player|p1|Chowtime877|veteran|\n|\n|t:|1782842585\n|switch|p2a: Groudon|Groudon, L72|263/263\n|-weather|SunnyDay|[from] ability: Drought|[of] p2a: Groudon\n|move|p1a: Sneasler|Gunk Shot|p2a: Groudon\n|-resisted|p2a: Groudon\n|-crit|p2a: Groudon\n|-damage|p2a: Groudon|124/263\n|\n|-weather|SunnyDay|[upkeep]\n|-heal|p2a: Groudon|140/263|[from] item: Leftovers\n|upkeep\n|turn|3\n|\n|t:|1782842603\n|-terastallize|p1a: Sneasler|Flying\n|move|p1a: Sneasler|Close Combat|p2a: Groudon\n|-damage|p2a: Groudon|0 fnt\n|-unboost|p1a: Sneasler|def|1\n|-unboost|p1a: Sneasler|spd|1\n|faint|p2a: Groudon\n|-enditem|p1a: Sneasler|White Herb\n|-clearnegativeboost|p1a: Sneasler|[silent]\n|\n|-weather|SunnyDay|[upkeep]\n|upkeep\n|l|\u2606Chowtime877\n|player|p1|\n|j|\u2606Chowtime877\n|player|p1|Chowtime877|veteran|\n|\n|t:|1782842620\n|switch|p2a: Magnezone|Magnezone, L85|258/258\n|turn|4\n|\n|t:|1782842630\n|move|p1a: Sneasler|Close Combat|p2a: Magnezone\n|-supereffective|p2a: Magnezone\n|-crit|p2a: Magnezone\n|-damage|p2a: Magnezone|0 fnt\n|-unboost|p1a: Sneasler|def|1\n|-unboost|p1a: Sneasler|spd|1\n|faint|p2a: Magnezone\n|\n|-weather|SunnyDay|[upkeep]\n|upkeep\n|\n|t:|1782842646\n|switch|p2a: Dusknoir|Dusknoir, L89, F|225/225\n|turn|5\n|\n|t:|1782842656\n|move|p1a: Sneasler|Acrobatics|p2a: Dusknoir\n|-damage|p2a: Dusknoir|78/225\n|move|p2a: Dusknoir|Poltergeist||[still]\n|-fail|p2a: Dusknoir\n|\n|-weather|SunnyDay|[upkeep]\n|upkeep\n|turn|6\n|l|\u2606Chowtime877\n|player|p1|\n|\n|t:|1782842670\n|move|p1a: Sneasler|Acrobatics|p2a: Dusknoir\n|-damage|p2a: Dusknoir|0 fnt\n|faint|p2a: Dusknoir\n|\n|-weather|none\n|upkeep\n|\n|t:|1782842676\n|switch|p2a: Tsareena|Tsareena, L87, F|267/267\n|turn|7\n|j|\u2606Chowtime877\n|player|p1|Chowtime877|veteran|\n|\n|t:|1782842708\n|move|p1a: Sneasler|Acrobatics|p2a: Tsareena\n|-supereffective|p2a: Tsareena\n|-damage|p2a: Tsareena|0 fnt\n|faint|p2a: Tsareena\n|\n|upkeep\n|l|\u2606Chowtime877\n|player|p1|\n|\n|t:|1782842718\n|switch|p2a: Dodrio|Dodrio, L85, F|241/241\n|turn|8\n|j|\u2606Chowtime877\n|player|p1|Chowtime877|veteran|\n|\n|t:|1782842913\n|move|p1a: Sneasler|Acrobatics|p2a: Dodrio\n|-damage|p2a: Dodrio|0 fnt\n|faint|p2a: Dodrio\n|\n|upkeep\n|\n|t:|1782842921\n|switch|p2a: Scovillain|Scovillain, L91, F|266/266\n|turn|9\n|\n|t:|1782842926\n|move|p1a: Sneasler|Acrobatics|p2a: Scovillain\n|-supereffective|p2a: Scovillain\n|-damage|p2a: Scovillain|0 fnt\n|faint|p2a: Scovillain\n|\n|win|Chowtime877\n|l|\u2606Nhxwilly\n|player|p2|\n|l|\u2606Chowtime877\n|player|p1|\n|j|\u2606Chowtime877\n|player|p1|Chowtime877|veteran|\n", "inputlog": ">version f8ac14003a5f27e1bdc8d8c59608a773c1cb96e5\n>start {\"formatid\":\"gen9randombattle\",\"seed\":\"sodium,d562bbcb15db88e897cf123fa0779ccb\"}\n>player p1 {\"name\":\"Chowtime877\",\"avatar\":\"veteran\",\"rating\":0,\"seed\":\"sodium,9b6df1aa98e1d60a80c77132ae49b0c5\"}\n>player p2 {\"name\":\"Nhxwilly\",\"avatar\":\"102\",\"rating\":0,\"seed\":\"sodium,9bc369d3f10d77e1c23af0ee2f87332c\"}\n>p1 move swordsdance\n>p2 switch 4\n>p1 move gunkshot\n>p2 switch 2\n>p1 move closecombat terastallize\n>p2 move precipiceblades\n>p2 switch 4\n>p1 move closecombat\n>p2 move irondefense\n>p2 switch 6\n>p1 move acrobatics\n>p2 move poltergeist\n>p1 move acrobatics\n>p2 move poltergeist\n>p2 switch 2\n>p1 move acrobatics\n>p2 move rapidspin\n>p2 switch 3\n>p1 move acrobatics\n>p2 move knockoff\n>p2 switch 5\n>p1 move acrobatics\n>p2 move flamethrower", "uploadtime": 1782842941, "views": 23, "formatid": "gen9randombattle", "rating": null, "private": 0, "password": null, "player_dets": [{"name": "Chowtime877", "avatar": "veteran", "rating": 0, "seed": "sodium,9b6df1aa98e1d60a80c77132ae49b0c5"}, {"name": "Nhxwilly", "avatar": "102", "rating": 0, "seed": "sodium,9bc369d3f10d77e1c23af0ee2f87332c"}], "teams_full": [{"Sneasler": {"name": "Sneasler", "species": "Sneasler", "speciesId": "sneasler", "gender": "M", "shiny": false, "level": 74, "moves": ["swordsdance", "gunkshot", "closecombat", "acrobatics"], "ability": "Unburden", "evs": {"hp": 85, "atk": 85, "def": 85, "spa": 85, "spd": 85, "spe": 85}, "ivs": {"hp": 31, "atk": 31, "def": 31, "spa": 31, "spd": 31, "spe": 31}, "item": "White Herb", "teraType": "Flying", "role": "Setup Sweeper", "bvs": {"hp": 80, "atk": 130, "def": 60, "spa": 40, "spd": 80, "spe": 120}, "stats": {"hp": 240, "atk": 235, "def": 132, "spa": 102, "spd": 161, "spe": 221}, "types": ["Fighting", "Poison"]}, "Gengar": {"name": "Gengar", "species": "Gengar", "speciesId": "gengar", "gender": "F", "shiny": false, "level": 81, "moves": ["focusblast", "encore", "sludgewave", "shadowball"], "ability": "Cursed Body", "evs": {"hp": 85, "atk": 0, "def": 85, "spa": 85, "spd": 85, "spe": 85}, "ivs": {"hp": 31, "atk": 0, "def": 31, "spa": 31, "spd": 31, "spe": 31}, "item": "Life Orb", "teraType": "Fighting", "role": "Fast Attacker", "bvs": {"hp": 60, "atk": 65, "def": 60, "spa": 130, "spd": 75, "spe": 110}, "stats": {"hp": 230, "atk": 110, "def": 144, "spa": 257, "spd": 168, "spe": 225}, "types": ["Ghost", "Poison"]}, "Vikavolt": {"name": "Vikavolt", "species": "Vikavolt", "speciesId": "vikavolt", "gender": "F", "shiny": false, "level": 83, "moves": ["stickyweb", "discharge", "bugbuzz", "energyball"], "ability": "Levitate", "evs": {"hp": 85, "atk": 0, "def": 85, "spa": 85, "spd": 85, "spe": 85}, "ivs": {"hp": 31, "atk": 0, "def": 31, "spa": 31, "spd": 31, "spe": 31}, "item": "Heavy-Duty Boots", "teraType": "Electric", "role": "Bulky Support", "bvs": {"hp": 77, "atk": 70, "def": 90, "spa": 145, "spd": 75, "spe": 43}, "stats": {"hp": 263, "atk": 121, "def": 197, "spa": 288, "spd": 172, "spe": 119}, "types": ["Bug", "Electric"]}, "Swampert": {"name": "Swampert", "species": "Swampert", "speciesId": "swampert", "gender": "M", "shiny": false, "level": 83, "moves": ["knockoff", "earthquake", "roar", "icebeam"], "ability": "Damp", "evs": {"hp": 85, "atk": 85, "def": 85, "spa": 85, "spd": 85, "spe": 85}, "ivs": {"hp": 31, "atk": 31, "def": 31, "spa": 31, "spd": 31, "spe": 31}, "item": "Leftovers", "teraType": "Steel", "role": "Bulky Support", "bvs": {"hp": 100, "atk": 110, "def": 90, "spa": 85, "spd": 90, "spe": 60}, "stats": {"hp": 302, "atk": 230, "def": 197, "spa": 189, "spd": 197, "spe": 147}, "types": ["Water", "Ground"]}, "Metagross": {"name": "Metagross", "species": "Metagross", "speciesId": "metagross", "gender": "N", "shiny": false, "level": 79, "moves": ["heavyslam", "bulletpunch", "earthquake", "knockoff"], "ability": "Clear Body", "evs": {"hp": 85, "atk": 85, "def": 85, "spa": 85, "spd": 85, "spe": 85}, "ivs": {"hp": 31, "atk": 31, "def": 31, "spa": 31, "spd": 31, "spe": 31}, "item": "Choice Band", "teraType": "Water", "role": "Bulky Support", "bvs": {"hp": 80, "atk": 135, "def": 130, "spa": 95, "spd": 90, "spe": 70}, "stats": {"hp": 256, "atk": 259, "def": 251, "spa": 196, "spd": 188, "spe": 156}, "types": ["Steel", "Psychic"]}, "Bellossom": {"name": "Bellossom", "species": "Bellossom", "speciesId": "bellossom", "gender": "F", "shiny": false, "level": 84, "moves": ["quiverdance", "strengthsap", "gigadrain", "sludgebomb"], "ability": "Chlorophyll", "evs": {"hp": 85, "atk": 0, "def": 85, "spa": 85, "spd": 85, "spe": 85}, "ivs": {"hp": 31, "atk": 0, "def": 31, "spa": 31, "spd": 31, "spe": 31}, "item": "Leftovers", "teraType": "Poison", "role": "Bulky Setup", "bvs": {"hp": 75, "atk": 80, "def": 95, "spa": 90, "spd": 100, "spe": 50}, "stats": {"hp": 263, "atk": 139, "def": 208, "spa": 199, "spd": 216, "spe": 132}, "types": ["Grass"]}}, {"Magnezone": {"name": "Magnezone", "species": "Magnezone", "speciesId": "magnezone", "gender": "N", "shiny": false, "level": 85, "moves": ["thunderbolt", "flashcannon", "irondefense", "bodypress"], "ability": "Analytic", "evs": {"hp": 85, "atk": 0, "def": 85, "spa": 85, "spd": 85, "spe": 85}, "ivs": {"hp": 31, "atk": 0, "def": 31, "spa": 31, "spd": 31, "spe": 31}, "item": "Leftovers", "teraType": "Fighting", "role": "Bulky Setup", "bvs": {"hp": 70, "atk": 70, "def": 115, "spa": 130, "spd": 90, "spe": 60}, "stats": {"hp": 258, "atk": 124, "def": 244, "spa": 270, "spd": 202, "spe": 151}, "types": ["Electric", "Steel"]}, "Groudon": {"name": "Groudon", "species": "Groudon", "speciesId": "groudon", "gender": "N", "shiny": false, "level": 72, "moves": ["heatcrash", "swordsdance", "precipiceblades", "stoneedge"], "ability": "Drought", "evs": {"hp": 85, "atk": 85, "def": 85, "spa": 85, "spd": 85, "spe": 85}, "ivs": {"hp": 31, "atk": 31, "def": 31, "spa": 31, "spd": 31, "spe": 31}, "item": "Leftovers", "teraType": "Fire", "role": "Bulky Setup", "bvs": {"hp": 100, "atk": 150, "def": 140, "spa": 100, "spd": 90, "spe": 90}, "stats": {"hp": 263, "atk": 258, "def": 244, "spa": 186, "spd": 172, "spe": 172}, "types": ["Ground"]}, "Dodrio": {"name": "Dodrio", "species": "Dodrio", "speciesId": "dodrio", "gender": "F", "shiny": false, "level": 85, "moves": ["drillrun", "knockoff", "quickattack", "bravebird"], "ability": "Early Bird", "evs": {"hp": 85, "atk": 85, "def": 85, "spa": 85, "spd": 85, "spe": 85}, "ivs": {"hp": 31, "atk": 31, "def": 31, "spa": 31, "spd": 31, "spe": 31}, "item": "Choice Band", "teraType": "Ground", "role": "Fast Attacker", "bvs": {"hp": 60, "atk": 110, "def": 70, "spa": 60, "spd": 60, "spe": 110}, "stats": {"hp": 241, "atk": 236, "def": 168, "spa": 151, "spd": 151, "spe": 236}, "types": ["Normal", "Flying"]}, "Tsareena": {"name": "Tsareena", "species": "Tsareena", "speciesId": "tsareena", "gender": "F", "shiny": false, "level": 87, "moves": ["powerwhip", "highjumpkick", "knockoff", "rapidspin"], "ability": "Queenly Majesty", "evs": {"hp": 85, "atk": 85, "def": 85, "spa": 85, "spd": 85, "spe": 85}, "ivs": {"hp": 31, "atk": 31, "def": 31, "spa": 31, "spd": 31, "spe": 31}, "item": "Assault Vest", "teraType": "Fighting", "role": "Fast Support", "bvs": {"hp": 72, "atk": 120, "def": 98, "spa": 50, "spd": 98, "spe": 72}, "stats": {"hp": 267, "atk": 259, "def": 220, "spa": 137, "spd": 220, "spe": 175}, "types": ["Grass"]}, "Scovillain": {"name": "Scovillain", "species": "Scovillain", "speciesId": "scovillain", "gender": "F", "shiny": false, "level": 91, "moves": ["leafstorm", "energyball", "flamethrower", "overheat"], "ability": "Chlorophyll", "evs": {"hp": 85, "atk": 0, "def": 85, "spa": 85, "spd": 85, "spe": 85}, "ivs": {"hp": 31, "atk": 0, "def": 31, "spa": 31, "spd": 31, "spe": 31}, "item": "Choice Specs", "teraType": "Grass", "role": "Fast Attacker", "bvs": {"hp": 65, "atk": 108, "def": 65, "spa": 108, "spd": 65, "spe": 75}, "stats": {"hp": 266, "atk": 201, "def": 170, "spa": 248, "spd": 170, "spe": 188}, "types": ["Grass", "Fire"]}, "Dusknoir": {"name": "Dusknoir", "species": "Dusknoir", "speciesId": "dusknoir", "gender": "F", "shiny": false, "level": 89, "moves": ["earthquake", "leechlife", "poltergeist", "shadowsneak"], "ability": "Frisk", "evs": {"hp": 85, "atk": 85, "def": 85, "spa": 85, "spd": 85, "spe": 85}, "ivs": {"hp": 31, "atk": 31, "def": 31, "spa": 31, "spd": 31, "spe": 31}, "item": "Choice Band", "teraType": "Ghost", "role": "Wallbreaker", "bvs": {"hp": 45, "atk": 100, "def": 135, "spa": 65, "spd": 135, "spe": 45}, "stats": {"hp": 225, "atk": 229, "def": 291, "spa": 166, "spd": 291, "spe": 131}, "types": ["Ghost"]}}]}