{"id": "gen9randombattle-2642216372", "format": "[Gen 9] Random Battle", "players": ["Edward St. James", "iplaywhilepoopin"], "log": "|j|\u2606Edward St. James\n|j|\u2606iplaywhilepoopin\n|t:|1782912247\n|gametype|singles\n|player|p1|Edward St. James|101|1689\n|player|p2|iplaywhilepoopin|2|1637\n|gen|9\n|tier|[Gen 9] Random Battle\n|rated|\n|rule|Species Clause: Limit one of each Pok\u00e9mon\n|rule|HP Percentage Mod: HP is shown in percentages\n|rule|Sleep Clause Mod: Limit one foe put to sleep\n|rule|Illusion Level Mod: Illusion disguises the Pok\u00e9mon's true level\n|\n|t:|1782912247\n|teamsize|p1|6\n|teamsize|p2|6\n|start\n|switch|p1a: Wigglytuff|Wigglytuff, L96, F|424/424\n|switch|p2a: Armarouge|Armarouge, L80, F|267/267\n|turn|1\n|c|\u2606Edward St. James|gl hf\n|\n|t:|1782912272\n|switch|p2a: Vileplume|Vileplume, L85, F|266/266\n|move|p1a: Wigglytuff|Thunder Wave|p2a: Vileplume|[miss]\n|-miss|p1a: Wigglytuff|p2a: Vileplume\n|\n|upkeep\n|turn|2\n|\n|t:|1782912296\n|switch|p1a: Moltres|Moltres-Galar, L79|271/271\n|move|p2a: Vileplume|Leech Seed|p1a: Moltres\n|-start|p1a: Moltres|move: Leech Seed\n|\n|-damage|p1a: Moltres|238/271|[from] Leech Seed|[of] p2a: Vileplume\n|upkeep\n|turn|3\n|\n|t:|1782912307\n|move|p1a: Moltres|Nasty Plot|p1a: Moltres\n|-boost|p1a: Moltres|spa|2\n|move|p2a: Vileplume|Sludge Bomb|p1a: Moltres\n|-damage|p1a: Moltres|147/271\n|-status|p1a: Moltres|psn\n|\n|-damage|p1a: Moltres|114/271 psn|[from] Leech Seed|[of] p2a: Vileplume\n|-damage|p1a: Moltres|81/271 psn|[from] psn\n|upkeep\n|turn|4\n|\n|t:|1782912326\n|move|p1a: Moltres|Hurricane|p2a: Vileplume\n|-supereffective|p2a: Vileplume\n|-damage|p2a: Vileplume|0 fnt\n|faint|p2a: Vileplume\n|\n|-damage|p1a: Moltres|48/271 psn|[from] psn\n|upkeep\n|\n|t:|1782912354\n|switch|p2a: Basculin|Basculin, L86, F|261/261\n|turn|5\n|\n|t:|1782912363\n|switch|p1a: Chesnaught|Chesnaught, L84, M|285/285\n|move|p2a: Basculin|Flip Turn|p1a: Chesnaught\n|-resisted|p1a: Chesnaught\n|-damage|p1a: Chesnaught|237/285\n|\n|t:|1782912367\n|switch|p2a: Armarouge|Armarouge, L80, F|267/267|[from] Flip Turn\n|\n|-heal|p1a: Chesnaught|254/285|[from] item: Leftovers\n|upkeep\n|turn|6\n|\n|t:|1782912376\n|switch|p1a: Alomomola|Alomomola, L87, F|429/429\n|move|p2a: Armarouge|Meteor Beam||[still]\n|-prepare|p2a: Armarouge|Meteor Beam\n|-boost|p2a: Armarouge|spa|1\n|-enditem|p2a: Armarouge|Power Herb\n|-anim|p2a: Armarouge|Meteor Beam|p1a: Alomomola\n|-damage|p1a: Alomomola|192/429\n|\n|upkeep\n|turn|7\n|\n|t:|1782912382\n|move|p2a: Armarouge|Energy Ball|p1a: Alomomola\n|-supereffective|p1a: Alomomola\n|-damage|p1a: Alomomola|0 fnt\n|faint|p1a: Alomomola\n|\n|upkeep\n|\n|t:|1782912390\n|switch|p1a: Misdreavus|Misdreavus, L90, M|254/254\n|turn|8\n|\n|t:|1782912397\n|move|p1a: Misdreavus|Calm Mind|p1a: Misdreavus\n|-boost|p1a: Misdreavus|spa|1\n|-boost|p1a: Misdreavus|spd|1\n|move|p2a: Armarouge|Psyshock|p1a: Misdreavus\n|-damage|p1a: Misdreavus|140/254\n|\n|upkeep\n|turn|9\n|\n|t:|1782912406\n|switch|p2a: Dodrio|Dodrio, L85, M|241/241\n|move|p1a: Misdreavus|Shadow Ball|p2a: Dodrio\n|-immune|p2a: Dodrio\n|\n|upkeep\n|turn|10\n|\n|t:|1782912410\n|move|p2a: Dodrio|Knock Off|p1a: Misdreavus\n|-supereffective|p1a: Misdreavus\n|-damage|p1a: Misdreavus|14/254\n|-enditem|p1a: Misdreavus|Eviolite|[from] move: Knock Off|[of] p2a: Dodrio\n|move|p1a: Misdreavus|Draining Kiss|p2a: Dodrio\n|-damage|p2a: Dodrio|163/241\n|-heal|p1a: Misdreavus|73/254|[from] drain|[of] p2a: Dodrio\n|\n|upkeep\n|turn|11\n|\n|t:|1782912414\n|move|p2a: Dodrio|Brave Bird|p1a: Misdreavus\n|-damage|p1a: Misdreavus|0 fnt\n|faint|p1a: Misdreavus\n|-damage|p2a: Dodrio|139/241|[from] Recoil\n|\n|upkeep\n|\n|t:|1782912420\n|switch|p1a: Wigglytuff|Wigglytuff, L96, F|424/424\n|turn|12\n|\n|t:|1782912430\n|switch|p2a: Armarouge|Armarouge, L80, F|267/267\n|move|p1a: Wigglytuff|Thunder Wave|p2a: Armarouge|[miss]\n|-miss|p1a: Wigglytuff|p2a: Armarouge\n|\n|upkeep\n|turn|13\n|\n|t:|1782912434\n|move|p2a: Armarouge|Meteor Beam||[still]\n|-prepare|p2a: Armarouge|Meteor Beam\n|-boost|p2a: Armarouge|spa|1\n|move|p1a: Wigglytuff|Thunder Wave|p2a: Armarouge\n|-status|p2a: Armarouge|par\n|\n|upkeep\n|turn|14\n|\n|t:|1782912440\n|move|p1a: Wigglytuff|Dazzling Gleam|p2a: Armarouge\n|-resisted|p2a: Armarouge\n|-damage|p2a: Armarouge|212/267 par\n|cant|p2a: Armarouge|par\n|\n|upkeep\n|turn|15\n|\n|t:|1782912451\n|switch|p1a: Moltres|Moltres-Galar, L79|48/271 psn\n|move|p2a: Armarouge|Psyshock|p1a: Moltres\n|-immune|p1a: Moltres\n|\n|-damage|p1a: Moltres|15/271 psn|[from] psn\n|upkeep\n|turn|16\n|\n|t:|1782912455\n|switch|p2a: Hariyama|Hariyama, L87, F|392/392\n|move|p1a: Moltres|Rest|p1a: Moltres\n|-status|p1a: Moltres|slp|[from] move: Rest\n|-heal|p1a: Moltres|271/271 slp|[silent]\n|-enditem|p1a: Moltres|Chesto Berry|[eat]\n|-curestatus|p1a: Moltres|slp|[msg]\n|\n|upkeep\n|turn|17\n|\n|t:|1782912466\n|move|p1a: Moltres|Hurricane|p2a: Hariyama\n|-supereffective|p2a: Hariyama\n|-damage|p2a: Hariyama|222/392\n|move|p2a: Hariyama|Close Combat|p1a: Moltres\n|-damage|p1a: Moltres|109/271\n|-unboost|p2a: Hariyama|def|1\n|-unboost|p2a: Hariyama|spd|1\n|-ability|p1a: Moltres|Berserk|boost\n|-boost|p1a: Moltres|spa|1\n|\n|upkeep\n|turn|18\n|\n|t:|1782912477\n|switch|p2a: Armarouge|Armarouge, L80, F|212/267 par\n|move|p1a: Moltres|Hurricane|p2a: Armarouge\n|-damage|p2a: Armarouge|41/267 par\n|\n|upkeep\n|turn|19\n|\n|t:|1782912480\n|move|p1a: Moltres|Fiery Wrath|p2a: Armarouge\n|-supereffective|p2a: Armarouge\n|-damage|p2a: Armarouge|0 fnt\n|faint|p2a: Armarouge\n|\n|upkeep\n|\n|t:|1782912481\n|switch|p2a: Dodrio|Dodrio, L85, M|139/241\n|turn|20\n|\n|t:|1782912484\n|move|p2a: Dodrio|Brave Bird|p1a: Moltres\n|-damage|p1a: Moltres|0 fnt\n|faint|p1a: Moltres\n|-damage|p2a: Dodrio|103/241|[from] Recoil\n|\n|upkeep\n|\n|t:|1782912491\n|switch|p1a: Wigglytuff|Wigglytuff, L96, F|424/424\n|turn|21\n|\n|t:|1782912499\n|move|p2a: Dodrio|Brave Bird|p1a: Wigglytuff\n|-damage|p1a: Wigglytuff|226/424\n|-damage|p2a: Dodrio|38/241|[from] Recoil\n|move|p1a: Wigglytuff|Dazzling Gleam|p2a: Dodrio\n|-damage|p2a: Dodrio|0 fnt\n|faint|p2a: Dodrio\n|\n|-heal|p1a: Wigglytuff|252/424|[from] item: Leftovers\n|upkeep\n|\n|t:|1782912503\n|switch|p2a: Basculin|Basculin, L86, F|261/261\n|turn|22\n|\n|t:|1782912515\n|move|p1a: Wigglytuff|Protect|p1a: Wigglytuff\n|-singleturn|p1a: Wigglytuff|Protect\n|move|p2a: Basculin|Wave Crash|p1a: Wigglytuff\n|-activate|p1a: Wigglytuff|move: Protect\n|\n|-heal|p1a: Wigglytuff|278/424|[from] item: Leftovers\n|upkeep\n|turn|23\n|\n|t:|1782912524\n|switch|p2a: Hariyama|Hariyama, L87, F|222/392\n|switch|p1a: Chesnaught|Chesnaught, L84, M|254/285\n|\n|-heal|p1a: Chesnaught|271/285|[from] item: Leftovers\n|upkeep\n|turn|24\n|\n|t:|1782912532\n|move|p1a: Chesnaught|Iron Defense|p1a: Chesnaught\n|-boost|p1a: Chesnaught|def|2\n|move|p2a: Hariyama|Knock Off|p1a: Chesnaught\n|-resisted|p1a: Chesnaught\n|-damage|p1a: Chesnaught|254/285\n|-enditem|p1a: Chesnaught|Leftovers|[from] move: Knock Off|[of] p2a: Hariyama\n|\n|upkeep\n|turn|25\n|\n|t:|1782912536\n|move|p1a: Chesnaught|Iron Defense|p1a: Chesnaught\n|-boost|p1a: Chesnaught|def|2\n|move|p2a: Hariyama|Heavy Slam|p1a: Chesnaught\n|-damage|p1a: Chesnaught|239/285\n|\n|upkeep\n|turn|26\n|\n|t:|1782912543\n|move|p1a: Chesnaught|Trailblaze|p2a: Hariyama\n|-damage|p2a: Hariyama|149/392\n|-boost|p1a: Chesnaught|spe|1\n|move|p2a: Hariyama|Heavy Slam|p1a: Chesnaught\n|-damage|p1a: Chesnaught|224/285\n|\n|upkeep\n|turn|27\n|\n|t:|1782912553\n|move|p1a: Chesnaught|Body Press|p2a: Hariyama\n|-crit|p2a: Hariyama\n|-damage|p2a: Hariyama|0 fnt\n|faint|p2a: Hariyama\n|\n|upkeep\n|\n|t:|1782912555\n|switch|p2a: Ditto|Ditto, L87|225/225\n|-transform|p2a: Ditto|p1a: Chesnaught|[from] ability: Imposter\n|turn|28\n|\n|t:|1782912563\n|move|p2a: Ditto|Body Press|p1a: Chesnaught\n|-damage|p1a: Chesnaught|146/285\n|move|p1a: Chesnaught|Body Press|p2a: Ditto\n|-damage|p2a: Ditto|143/225\n|\n|upkeep\n|turn|29\n|\n|t:|1782912566\n|move|p2a: Ditto|Body Press|p1a: Chesnaught\n|-damage|p1a: Chesnaught|70/285\n|move|p1a: Chesnaught|Synthesis|p1a: Chesnaught\n|-heal|p1a: Chesnaught|212/285\n|\n|upkeep\n|turn|30\n|\n|t:|1782912569\n|move|p2a: Ditto|Body Press|p1a: Chesnaught\n|-damage|p1a: Chesnaught|137/285\n|move|p1a: Chesnaught|Body Press|p2a: Ditto\n|-damage|p2a: Ditto|68/225\n|\n|upkeep\n|turn|31\n|\n|t:|1782912571\n|move|p2a: Ditto|Body Press|p1a: Chesnaught\n|-damage|p1a: Chesnaught|62/285\n|move|p1a: Chesnaught|Synthesis|p1a: Chesnaught\n|-heal|p1a: Chesnaught|204/285\n|\n|upkeep\n|turn|32\n|\n|t:|1782912574\n|move|p2a: Ditto|Body Press|p1a: Chesnaught\n|-damage|p1a: Chesnaught|125/285\n|move|p1a: Chesnaught|Body Press|p2a: Ditto\n|-damage|p2a: Ditto|0 fnt\n|faint|p2a: Ditto\n|\n|upkeep\n|-message|iplaywhilepoopin forfeited.\n|\n|win|Edward St. James\n|raw|Edward St. James's rating: 1689 &rarr; <strong>1706</strong><br />(+17 for winning)\n|raw|iplaywhilepoopin's rating: 1637 &rarr; <strong>1620</strong><br />(-17 for losing)\n|l|\u2606iplaywhilepoopin\n|player|p2|\n|c|\u2606Edward St. James|gg\n", "inputlog": ">version f8ac14003a5f27e1bdc8d8c59608a773c1cb96e5\n>start {\"formatid\":\"gen9randombattle\",\"seed\":\"sodium,4b221baa8e3b9170852be45781a119e4\",\"rated\":\"Rated battle\"}\n>player p1 {\"name\":\"Edward St. James\",\"avatar\":\"101\",\"rating\":1689,\"seed\":\"sodium,9fa2701b43657c543a3631d22a3b8432\"}\n>player p2 {\"name\":\"iplaywhilepoopin\",\"avatar\":\"2\",\"rating\":1637,\"seed\":\"sodium,a1eac674fb8f089e96e1f1ffc9b09ecd\"}\n>chat \u2606Edward St. James|gl hf\n>p1 move thunderwave\n>p2 switch 2\n>p1 switch 5\n>p2 move leechseed\n>p1 move nastyplot\n>p2 move sludgebomb\n>p1 move hurricane\n>p2 move sludgebomb\n>p2 switch 4\n>p1 switch 6\n>p2 move flipturn\n>p2 switch 2\n>p1 switch 4\n>p2 move meteorbeam\n>p1 move flipturn\n>p2 move energyball\n>p1 switch 2\n>p1 move calmmind\n>p2 move psyshock\n>p1 move shadowball\n>p2 switch 6\n>p1 move drainingkiss\n>p2 move knockoff\n>p1 move drainingkiss\n>p2 move bravebird\n>p1 switch 5\n>p1 move thunderwave\n>p2 switch 6\n>p1 move thunderwave\n>p2 move meteorbeam\n>p1 move dazzlinggleam\n>p2 move meteorbeam\n>p1 switch 6\n>p2 move psyshock\n>p1 move rest\n>p2 switch 5\n>p1 move hurricane\n>p2 move closecombat\n>p1 move hurricane\n>p2 switch 5\n>p1 move fierywrath\n>p2 move meteorbeam\n>p2 switch 6\n>p1 move fierywrath\n>p2 move bravebird\n>p1 switch 6\n>p1 move dazzlinggleam\n>p2 move bravebird\n>p2 switch 2\n>p1 move protect\n>p2 move wavecrash\n>p1 switch 4\n>p2 switch 5\n>p1 move irondefense\n>p2 move knockoff\n>p1 move irondefense\n>p2 move heavyslam\n>p1 move trailblaze\n>p2 move heavyslam\n>p1 move bodypress\n>p2 move heavyslam\n>p2 switch 3\n>p1 move bodypress\n>p2 move bodypress\n>p1 move synthesis\n>p2 move bodypress\n>p1 move bodypress\n>p2 move bodypress\n>p1 move synthesis\n>p2 move bodypress\n>p1 move bodypress\n>p2 move bodypress\n>forcelose p2", "uploadtime": 1782912581, "views": 2, "formatid": "gen9randombattle", "rating": 1620, "private": 0, "password": null, "player_dets": [{"name": "Edward St. James", "avatar": "101", "rating": 1689, "seed": "sodium,9fa2701b43657c543a3631d22a3b8432"}, {"name": "iplaywhilepoopin", "avatar": "2", "rating": 1637, "seed": "sodium,a1eac674fb8f089e96e1f1ffc9b09ecd"}], "teams_full": [{"Wigglytuff": {"name": "Wigglytuff", "species": "Wigglytuff", "speciesId": "wigglytuff", "gender": "F", "shiny": false, "level": 96, "moves": ["wish", "dazzlinggleam", "thunderwave", "protect"], "ability": "Competitive", "evs": {"hp": 85, "atk": 0, "def": 85, "spa": 85, "spd": 85, "spe": 85}, "ivs": {"hp": 31, "atk": 0, "def": 31, "spa": 31, "spd": 31, "spe": 31}, "item": "Leftovers", "teraType": "Steel", "role": "Bulky Support", "bvs": {"hp": 140, "atk": 70, "def": 45, "spa": 85, "spd": 50, "spe": 45}, "stats": {"hp": 424, "atk": 139, "def": 141, "spa": 218, "spd": 150, "spe": 141}, "types": ["Normal", "Fairy"]}, "Misdreavus": {"name": "Misdreavus", "species": "Misdreavus", "speciesId": "misdreavus", "gender": "M", "shiny": false, "level": 90, "moves": ["calmmind", "shadowball", "drainingkiss", "willowisp"], "ability": "Levitate", "evs": {"hp": 85, "atk": 0, "def": 85, "spa": 85, "spd": 85, "spe": 85}, "ivs": {"hp": 31, "atk": 0, "def": 31, "spa": 31, "spd": 31, "spe": 31}, "item": "Eviolite", "teraType": "Fairy", "role": "Bulky Setup", "bvs": {"hp": 60, "atk": 60, "def": 60, "spa": 85, "spd": 85, "spe": 85}, "stats": {"hp": 254, "atk": 113, "def": 159, "spa": 204, "spd": 204, "spe": 204}, "types": ["Ghost"]}, "Maushold": {"name": "Maushold", "species": "Maushold-Four", "speciesId": "maushold", "gender": "N", "shiny": false, "level": 76, "moves": ["populationbomb", "bite", "encore", "tidyup"], "ability": "Technician", "evs": {"hp": 85, "atk": 85, "def": 85, "spa": 85, "spd": 85, "spe": 85}, "ivs": {"hp": 31, "atk": 31, "def": 31, "spa": 31, "spd": 31, "spe": 31}, "item": "Wide Lens", "teraType": "Ghost", "role": "Setup Sweeper", "bvs": {"hp": 74, "atk": 75, "def": 70, "spa": 65, "spd": 75, "spe": 111}, "stats": {"hp": 238, "atk": 158, "def": 150, "spa": 143, "spd": 158, "spe": 213}, "types": ["Normal"]}, "Alomomola": {"name": "Alomomola", "species": "Alomomola", "speciesId": "alomomola", "gender": "F", "shiny": false, "level": 87, "moves": ["wish", "protect", "flipturn", "scald"], "ability": "Regenerator", "evs": {"hp": 85, "atk": 85, "def": 85, "spa": 85, "spd": 85, "spe": 85}, "ivs": {"hp": 31, "atk": 31, "def": 31, "spa": 31, "spd": 31, "spe": 31}, "item": "Rocky Helmet", "teraType": "Steel", "role": "Bulky Support", "bvs": {"hp": 165, "atk": 75, "def": 80, "spa": 40, "spd": 45, "spe": 65}, "stats": {"hp": 429, "atk": 180, "def": 189, "spa": 119, "spd": 128, "spe": 163}, "types": ["Water"]}, "Moltres": {"name": "Moltres", "species": "Moltres-Galar", "speciesId": "moltresgalar", "gender": "N", "shiny": false, "level": 79, "moves": ["rest", "hurricane", "nastyplot", "fierywrath"], "ability": "Berserk", "evs": {"hp": 81, "atk": 0, "def": 85, "spa": 85, "spd": 85, "spe": 85}, "ivs": {"hp": 31, "atk": 0, "def": 31, "spa": 31, "spd": 31, "spe": 31}, "item": "Chesto Berry", "teraType": "Dark", "role": "Bulky Setup", "bvs": {"hp": 90, "atk": 85, "def": 90, "spa": 100, "spd": 125, "spe": 90}, "stats": {"hp": 271, "atk": 139, "def": 188, "spa": 204, "spd": 243, "spe": 188}, "types": ["Dark", "Flying"]}, "Chesnaught": {"name": "Chesnaught", "species": "Chesnaught", "speciesId": "chesnaught", "gender": "M", "shiny": false, "level": 84, "moves": ["trailblaze", "irondefense", "bodypress", "synthesis"], "ability": "Bulletproof", "evs": {"hp": 85, "atk": 85, "def": 85, "spa": 85, "spd": 85, "spe": 85}, "ivs": {"hp": 31, "atk": 31, "def": 31, "spa": 31, "spd": 31, "spe": 31}, "item": "Leftovers", "teraType": "Steel", "role": "Fast Bulky Setup", "bvs": {"hp": 88, "atk": 107, "def": 122, "spa": 74, "spd": 75, "spe": 64}, "stats": {"hp": 285, "atk": 228, "def": 253, "spa": 173, "spd": 174, "spe": 156}, "types": ["Grass", "Fighting"]}}, {"Armarouge": {"name": "Armarouge", "species": "Armarouge", "speciesId": "armarouge", "gender": "F", "shiny": false, "level": 80, "moves": ["psyshock", "energyball", "armorcannon", "meteorbeam"], "ability": "Weak Armor", "evs": {"hp": 85, "atk": 0, "def": 85, "spa": 85, "spd": 85, "spe": 85}, "ivs": {"hp": 31, "atk": 0, "def": 31, "spa": 31, "spd": 31, "spe": 31}, "item": "Power Herb", "teraType": "Grass", "role": "Setup Sweeper", "bvs": {"hp": 85, "atk": 60, "def": 100, "spa": 125, "spd": 80, "spe": 75}, "stats": {"hp": 267, "atk": 101, "def": 206, "spa": 246, "spd": 174, "spe": 166}, "types": ["Fire", "Psychic"]}, "Vileplume": {"name": "Vileplume", "species": "Vileplume", "speciesId": "vileplume", "gender": "F", "shiny": false, "level": 85, "moves": ["strengthsap", "sludgebomb", "leechseed", "gigadrain"], "ability": "Effect Spore", "evs": {"hp": 85, "atk": 0, "def": 85, "spa": 85, "spd": 85, "spe": 85}, "ivs": {"hp": 31, "atk": 0, "def": 31, "spa": 31, "spd": 31, "spe": 31}, "item": "Leftovers", "teraType": "Steel", "role": "Bulky Attacker", "bvs": {"hp": 75, "atk": 80, "def": 85, "spa": 110, "spd": 90, "spe": 50}, "stats": {"hp": 266, "atk": 141, "def": 193, "spa": 236, "spd": 202, "spe": 134}, "types": ["Grass", "Poison"]}, "Ditto": {"name": "Ditto", "species": "Ditto", "speciesId": "ditto", "gender": "N", "shiny": false, "level": 87, "moves": ["transform"], "ability": "Imposter", "evs": {"hp": 85, "atk": 85, "def": 85, "spa": 85, "spd": 85, "spe": 85}, "ivs": {"hp": 31, "atk": 31, "def": 31, "spa": 31, "spd": 31, "spe": 31}, "item": "Choice Scarf", "teraType": "Steel", "role": "Fast Support", "bvs": {"hp": 48, "atk": 48, "def": 48, "spa": 48, "spd": 48, "spe": 48}, "stats": {"hp": 225, "atk": 133, "def": 133, "spa": 133, "spd": 133, "spe": 133}, "types": ["Normal"]}, "Basculin": {"name": "Basculin", "species": "Basculin", "speciesId": "basculin", "gender": "F", "shiny": false, "level": 86, "moves": ["wavecrash", "aquajet", "doubleedge", "flipturn"], "ability": "Adaptability", "evs": {"hp": 85, "atk": 85, "def": 85, "spa": 85, "spd": 85, "spe": 85}, "ivs": {"hp": 31, "atk": 31, "def": 31, "spa": 31, "spd": 31, "spe": 31}, "item": "Choice Band", "teraType": "Water", "role": "Wallbreaker", "bvs": {"hp": 70, "atk": 92, "def": 65, "spa": 80, "spd": 55, "spe": 98}, "stats": {"hp": 261, "atk": 207, "def": 161, "spa": 187, "spd": 144, "spe": 218}, "types": ["Water"]}, "Hariyama": {"name": "Hariyama", "species": "Hariyama", "speciesId": "hariyama", "gender": "F", "shiny": false, "level": 87, "moves": ["heavyslam", "closecombat", "knockoff", "bulletpunch"], "ability": "Thick Fat", "evs": {"hp": 85, "atk": 85, "def": 85, "spa": 85, "spd": 85, "spe": 85}, "ivs": {"hp": 31, "atk": 31, "def": 31, "spa": 31, "spd": 31, "spe": 31}, "item": "Assault Vest", "teraType": "Steel", "role": "AV Pivot", "bvs": {"hp": 144, "atk": 120, "def": 60, "spa": 40, "spd": 60, "spe": 50}, "stats": {"hp": 392, "atk": 259, "def": 154, "spa": 119, "spd": 154, "spe": 137}, "types": ["Fighting"]}, "Dodrio": {"name": "Dodrio", "species": "Dodrio", "speciesId": "dodrio", "gender": "M", "shiny": false, "level": 85, "moves": ["bravebird", "swordsdance", "drillrun", "knockoff"], "ability": "Early Bird", "evs": {"hp": 85, "atk": 85, "def": 85, "spa": 85, "spd": 85, "spe": 85}, "ivs": {"hp": 31, "atk": 31, "def": 31, "spa": 31, "spd": 31, "spe": 31}, "item": "Heavy-Duty Boots", "teraType": "Flying", "role": "Setup Sweeper", "bvs": {"hp": 60, "atk": 110, "def": 70, "spa": 60, "spd": 60, "spe": 110}, "stats": {"hp": 241, "atk": 236, "def": 168, "spa": 151, "spd": 151, "spe": 236}, "types": ["Normal", "Flying"]}}]}