{"id": "gen9randombattle-2642089306", "format": "[Gen 9] Random Battle", "players": ["testbotcif", "juicy"], "log": "|j|\u2606testbotcif\n|j|\u2606juicy\n|t:|1782887524\n|gametype|singles\n|player|p1|testbotcif|1|1450\n|player|p2|juicy|jasmine|1452\n|gen|9\n|tier|[Gen 9] Random Battle\n|rated|\n|rule|Species Clause: Limit one of each Pok\u00e9mon\n|rule|HP Percentage Mod: HP is shown in percentages\n|rule|Sleep Clause Mod: Limit one foe put to sleep\n|rule|Illusion Level Mod: Illusion disguises the Pok\u00e9mon's true level\n|\n|t:|1782887524\n|teamsize|p1|6\n|teamsize|p2|6\n|start\n|switch|p1a: Iron Hands|Iron Hands, L79|373/373\n|switch|p2a: Annihilape|Annihilape, L76, F|292/292\n|turn|1\n|inactive|Battle timer is ON: inactive players will automatically lose when time's up. (requested by testbotcif)\n|c|\u2606testbotcif|rlhf\n|\n|t:|1782887535\n|move|p2a: Annihilape|Bulk Up|p2a: Annihilape\n|-boost|p2a: Annihilape|atk|1\n|-boost|p2a: Annihilape|def|1\n|move|p1a: Iron Hands|Volt Switch|p2a: Annihilape\n|-damage|p2a: Annihilape|246/292\n|\n|t:|1782887536\n|-end|p1a: Iron Hands|Quark Drive|[silent]\n|switch|p1a: Giratina|Giratina-Origin, L72|335/335|[from] Volt Switch\n|\n|-heal|p2a: Annihilape|264/292|[from] item: Leftovers\n|upkeep\n|turn|2\n|\n|t:|1782887549\n|move|p2a: Annihilape|Rage Fist|p1a: Giratina\n|-supereffective|p1a: Giratina\n|-damage|p1a: Giratina|15/335\n|move|p1a: Giratina|Draco Meteor|p2a: Annihilape\n|-damage|p2a: Annihilape|119/292\n|-unboost|p1a: Giratina|spa|2\n|\n|-heal|p2a: Annihilape|137/292|[from] item: Leftovers\n|upkeep\n|turn|3\n|\n|t:|1782887557\n|move|p2a: Annihilape|Rage Fist|p1a: Giratina\n|-supereffective|p1a: Giratina\n|-damage|p1a: Giratina|0 fnt\n|faint|p1a: Giratina\n|\n|-heal|p2a: Annihilape|155/292|[from] item: Leftovers\n|upkeep\n|\n|t:|1782887558\n|switch|p1a: Iron Hands|Iron Hands, L79|373/373\n|turn|4\n|\n|t:|1782887568\n|move|p2a: Annihilape|Drain Punch|p1a: Iron Hands\n|-damage|p1a: Iron Hands|276/373\n|-heal|p2a: Annihilape|204/292|[from] drain|[of] p1a: Iron Hands\n|move|p1a: Iron Hands|Volt Switch|p2a: Annihilape\n|-damage|p2a: Annihilape|161/292\n|\n|t:|1782887568\n|-end|p1a: Iron Hands|Quark Drive|[silent]\n|switch|p1a: Slowking|Slowking, L88, M|310/310|[from] Volt Switch\n|\n|-heal|p2a: Annihilape|179/292|[from] item: Leftovers\n|upkeep\n|turn|5\n|\n|t:|1782887580\n|move|p2a: Annihilape|Rage Fist|p1a: Slowking\n|-supereffective|p1a: Slowking\n|-damage|p1a: Slowking|0 fnt\n|faint|p1a: Slowking\n|\n|-heal|p2a: Annihilape|197/292|[from] item: Leftovers\n|upkeep\n|\n|t:|1782887581\n|switch|p1a: Iron Hands|Iron Hands, L79|276/373\n|turn|6\n|\n|t:|1782887591\n|move|p2a: Annihilape|Drain Punch|p1a: Iron Hands\n|-damage|p1a: Iron Hands|174/373\n|-heal|p2a: Annihilape|248/292|[from] drain|[of] p1a: Iron Hands\n|move|p1a: Iron Hands|Volt Switch|p2a: Annihilape\n|-damage|p2a: Annihilape|206/292\n|\n|t:|1782887591\n|-end|p1a: Iron Hands|Quark Drive|[silent]\n|switch|p1a: Electivire|Electivire, L84, F|263/263|[from] Volt Switch\n|\n|-heal|p2a: Annihilape|224/292|[from] item: Leftovers\n|upkeep\n|turn|7\n|\n|t:|1782887604\n|move|p1a: Electivire|Supercell Slam|p2a: Annihilape\n|-damage|p2a: Annihilape|90/292\n|-damage|p1a: Electivire|237/263|[from] item: Life Orb\n|move|p2a: Annihilape|Rage Fist|p1a: Electivire\n|-damage|p1a: Electivire|0 fnt\n|faint|p1a: Electivire\n|\n|-heal|p2a: Annihilape|108/292|[from] item: Leftovers\n|upkeep\n|\n|t:|1782887604\n|switch|p1a: Iron Hands|Iron Hands, L79|174/373\n|turn|8\n|\n|t:|1782887618\n|move|p2a: Annihilape|Drain Punch|p1a: Iron Hands\n|-damage|p1a: Iron Hands|69/373\n|-heal|p2a: Annihilape|161/292|[from] drain|[of] p1a: Iron Hands\n|move|p1a: Iron Hands|Volt Switch|p2a: Annihilape\n|-damage|p2a: Annihilape|116/292\n|\n|t:|1782887618\n|-end|p1a: Iron Hands|Quark Drive|[silent]\n|switch|p1a: Kommo-o|Kommo-o, L78, M|245/245|[from] Volt Switch\n|\n|-heal|p2a: Annihilape|134/292|[from] item: Leftovers\n|upkeep\n|turn|9\n|\n|t:|1782887630\n|move|p2a: Annihilape|Rage Fist|p1a: Kommo-o\n|-damage|p1a: Kommo-o|0 fnt\n|faint|p1a: Kommo-o\n|\n|-heal|p2a: Annihilape|152/292|[from] item: Leftovers\n|upkeep\n|\n|t:|1782887630\n|switch|p1a: Iron Hands|Iron Hands, L79|69/373\n|turn|10\n|\n|t:|1782887640\n|move|p2a: Annihilape|Drain Punch|p1a: Iron Hands\n|-damage|p1a: Iron Hands|0 fnt\n|-heal|p2a: Annihilape|187/292|[from] drain|[of] p1a: Iron Hands\n|faint|p1a: Iron Hands\n|-end|p1a: Iron Hands|Quark Drive|[silent]\n|\n|-heal|p2a: Annihilape|205/292|[from] item: Leftovers\n|upkeep\n|\n|t:|1782887640\n|switch|p1a: Dunsparce|Dunsparce, L86, F|312/312\n|turn|11\n|\n|t:|1782887650\n|-terastallize|p1a: Dunsparce|Ghost\n|move|p2a: Annihilape|Drain Punch|p1a: Dunsparce\n|-immune|p1a: Dunsparce\n|move|p1a: Dunsparce|Coil|p1a: Dunsparce\n|-boost|p1a: Dunsparce|atk|1\n|-boost|p1a: Dunsparce|def|1\n|-boost|p1a: Dunsparce|accuracy|1\n|\n|-heal|p2a: Annihilape|223/292|[from] item: Leftovers\n|upkeep\n|turn|12\n|\n|t:|1782887658\n|move|p2a: Annihilape|Rage Fist|p1a: Dunsparce\n|-supereffective|p1a: Dunsparce\n|-damage|p1a: Dunsparce|0 fnt\n|faint|p1a: Dunsparce\n|\n|win|juicy\n|raw|testbotcif's rating: 1450 &rarr; <strong>1430</strong><br />(-20 for losing)\n|raw|juicy's rating: 1452 &rarr; <strong>1472</strong><br />(+20 for winning)\n", "inputlog": ">version f8ac14003a5f27e1bdc8d8c59608a773c1cb96e5\n>start {\"formatid\":\"gen9randombattle\",\"seed\":\"sodium,f42e1f89111a2dfca3d1341f8b62d814\",\"rated\":\"Rated battle\"}\n>player p1 {\"name\":\"testbotcif\",\"avatar\":\"1\",\"rating\":1450,\"seed\":\"sodium,e41de796037847f02da69ea34c4c7100\"}\n>player p2 {\"name\":\"juicy\",\"avatar\":\"jasmine\",\"rating\":1452,\"seed\":\"sodium,a662fd90076b7a40db20280be74f2833\"}\n>chat \u2606testbotcif|rlhf\n>p1 move voltswitch\n>p2 move bulkup\n>p1 switch 3\n>p1 move dracometeor\n>p2 move ragefist\n>p1 move poltergeist\n>p2 move ragefist\n>p1 switch 3\n>p1 move voltswitch\n>p2 move drainpunch\n>p1 switch 4\n>p1 move futuresight\n>p2 move ragefist\n>p1 switch 4\n>p1 move voltswitch\n>p2 move drainpunch\n>p1 switch 2\n>p1 move supercellslam\n>p2 move ragefist\n>p1 switch 2\n>p1 move voltswitch\n>p2 move drainpunch\n>p1 switch 5\n>p1 move swordsdance\n>p2 move ragefist\n>p1 switch 5\n>p1 move voltswitch\n>p2 move drainpunch\n>p1 switch 6\n>p1 move coil terastallize\n>p2 move drainpunch\n>p1 move coil\n>p2 move ragefist", "uploadtime": 1782887658, "views": 7, "formatid": "gen9randombattle", "rating": 1430, "private": 0, "password": null, "player_dets": [{"name": "testbotcif", "avatar": "1", "rating": 1450, "seed": "sodium,e41de796037847f02da69ea34c4c7100"}, {"name": "juicy", "avatar": "jasmine", "rating": 1452, "seed": "sodium,a662fd90076b7a40db20280be74f2833"}], "teams_full": [{"Iron Hands": {"name": "Iron Hands", "species": "Iron Hands", "speciesId": "ironhands", "gender": "N", "shiny": false, "level": 79, "moves": ["voltswitch", "fakeout", "closecombat", "wildcharge"], "ability": "Quark Drive", "evs": {"hp": 85, "atk": 85, "def": 85, "spa": 85, "spd": 85, "spe": 85}, "ivs": {"hp": 31, "atk": 31, "def": 31, "spa": 31, "spd": 31, "spe": 31}, "item": "Assault Vest", "teraType": "Electric", "role": "AV Pivot", "bvs": {"hp": 154, "atk": 140, "def": 108, "spa": 50, "spd": 68, "spe": 50}, "stats": {"hp": 373, "atk": 267, "def": 216, "spa": 125, "spd": 153, "spe": 125}, "types": ["Fighting", "Electric"]}, "Electivire": {"name": "Electivire", "species": "Electivire", "speciesId": "electivire", "gender": "F", "shiny": false, "level": 84, "moves": ["supercellslam", "icepunch", "earthquake", "bulkup"], "ability": "Motor Drive", "evs": {"hp": 85, "atk": 85, "def": 85, "spa": 85, "spd": 85, "spe": 85}, "ivs": {"hp": 31, "atk": 31, "def": 31, "spa": 31, "spd": 31, "spe": 31}, "item": "Life Orb", "teraType": "Ground", "role": "Setup Sweeper", "bvs": {"hp": 75, "atk": 123, "def": 67, "spa": 95, "spd": 85, "spe": 95}, "stats": {"hp": 263, "atk": 255, "def": 161, "spa": 208, "spd": 191, "spe": 208}, "types": ["Electric"]}, "Giratina": {"name": "Giratina", "species": "Giratina-Origin", "speciesId": "giratinaorigin", "gender": "N", "shiny": false, "level": 72, "moves": ["dragontail", "defog", "dracometeor", "poltergeist"], "ability": "Levitate", "evs": {"hp": 85, "atk": 85, "def": 85, "spa": 85, "spd": 85, "spe": 85}, "ivs": {"hp": 31, "atk": 31, "def": 31, "spa": 31, "spd": 31, "spe": 31}, "item": "Griseous Core", "teraType": "Steel", "role": "Fast Attacker", "bvs": {"hp": 150, "atk": 120, "def": 100, "spa": 120, "spd": 100, "spe": 90}, "stats": {"hp": 335, "atk": 215, "def": 186, "spa": 215, "spd": 186, "spe": 172}, "types": ["Ghost", "Dragon"]}, "Slowking": {"name": "Slowking", "species": "Slowking", "speciesId": "slowking", "gender": "M", "shiny": false, "level": 88, "moves": ["futuresight", "slackoff", "scald", "chillyreception"], "ability": "Regenerator", "evs": {"hp": 85, "atk": 0, "def": 85, "spa": 85, "spd": 85, "spe": 85}, "ivs": {"hp": 31, "atk": 0, "def": 31, "spa": 31, "spd": 31, "spe": 31}, "item": "Heavy-Duty Boots", "teraType": "Dragon", "role": "Fast Support", "bvs": {"hp": 95, "atk": 75, "def": 80, "spa": 100, "spd": 110, "spe": 30}, "stats": {"hp": 310, "atk": 137, "def": 191, "spa": 226, "spd": 244, "spe": 103}, "types": ["Water", "Psychic"]}, "Kommo-o": {"name": "Kommo-o", "species": "Kommo-o", "speciesId": "kommoo", "gender": "M", "shiny": false, "level": 78, "moves": ["scaleshot", "ironhead", "closecombat", "swordsdance"], "ability": "Soundproof", "evs": {"hp": 85, "atk": 85, "def": 85, "spa": 85, "spd": 85, "spe": 85}, "ivs": {"hp": 31, "atk": 31, "def": 31, "spa": 31, "spd": 31, "spe": 31}, "item": "Loaded Dice", "teraType": "Steel", "role": "Setup Sweeper", "bvs": {"hp": 75, "atk": 110, "def": 125, "spa": 100, "spd": 105, "spe": 85}, "stats": {"hp": 245, "atk": 217, "def": 240, "spa": 201, "spd": 209, "spe": 178}, "types": ["Dragon", "Fighting"]}, "Dunsparce": {"name": "Dunsparce", "species": "Dunsparce", "speciesId": "dunsparce", "gender": "F", "shiny": false, "level": 86, "moves": ["coil", "earthquake", "bodyslam", "roost"], "ability": "Serene Grace", "evs": {"hp": 85, "atk": 85, "def": 85, "spa": 85, "spd": 85, "spe": 85}, "ivs": {"hp": 31, "atk": 31, "def": 31, "spa": 31, "spd": 31, "spe": 31}, "item": "Eviolite", "teraType": "Ghost", "role": "Bulky Setup", "bvs": {"hp": 100, "atk": 70, "def": 70, "spa": 65, "spd": 65, "spe": 45}, "stats": {"hp": 312, "atk": 170, "def": 170, "spa": 161, "spd": 161, "spe": 127}, "types": ["Normal"]}}, {"Annihilape": {"name": "Annihilape", "species": "Annihilape", "speciesId": "annihilape", "gender": "F", "shiny": false, "level": 76, "moves": ["bulkup", "taunt", "drainpunch", "ragefist"], "ability": "Defiant", "evs": {"hp": 85, "atk": 85, "def": 85, "spa": 85, "spd": 85, "spe": 85}, "ivs": {"hp": 31, "atk": 31, "def": 31, "spa": 31, "spd": 31, "spe": 31}, "item": "Leftovers", "teraType": "Fairy", "role": "Bulky Setup", "bvs": {"hp": 110, "atk": 115, "def": 80, "spa": 50, "spd": 90, "spe": 90}, "stats": {"hp": 292, "atk": 219, "def": 166, "spa": 120, "spd": 181, "spe": 181}, "types": ["Fighting", "Ghost"]}, "Mandibuzz": {"name": "Mandibuzz", "species": "Mandibuzz", "speciesId": "mandibuzz", "gender": "F", "shiny": false, "level": 85, "moves": ["roost", "toxic", "foulplay", "bravebird"], "ability": "Overcoat", "evs": {"hp": 85, "atk": 85, "def": 85, "spa": 85, "spd": 85, "spe": 85}, "ivs": {"hp": 31, "atk": 31, "def": 31, "spa": 31, "spd": 31, "spe": 31}, "item": "Heavy-Duty Boots", "teraType": "Steel", "role": "Bulky Attacker", "bvs": {"hp": 110, "atk": 65, "def": 105, "spa": 55, "spd": 95, "spe": 80}, "stats": {"hp": 326, "atk": 159, "def": 227, "spa": 142, "spd": 210, "spe": 185}, "types": ["Dark", "Flying"]}, "Excadrill": {"name": "Excadrill", "species": "Excadrill", "speciesId": "excadrill", "gender": "F", "shiny": false, "level": 79, "moves": ["rapidspin", "rockslide", "ironhead", "earthquake"], "ability": "Mold Breaker", "evs": {"hp": 85, "atk": 85, "def": 85, "spa": 85, "spd": 85, "spe": 85}, "ivs": {"hp": 31, "atk": 31, "def": 31, "spa": 31, "spd": 31, "spe": 31}, "item": "Assault Vest", "teraType": "Grass", "role": "AV Pivot", "bvs": {"hp": 110, "atk": 135, "def": 60, "spa": 50, "spd": 65, "spe": 88}, "stats": {"hp": 303, "atk": 259, "def": 140, "spa": 125, "spd": 148, "spe": 185}, "types": ["Ground", "Steel"]}, "Orthworm": {"name": "Orthworm", "species": "Orthworm", "speciesId": "orthworm", "gender": "F", "shiny": false, "level": 88, "moves": ["bodypress", "shedtail", "heavyslam", "spikes"], "ability": "Earth Eater", "evs": {"hp": 85, "atk": 85, "def": 85, "spa": 85, "spd": 85, "spe": 85}, "ivs": {"hp": 31, "atk": 31, "def": 31, "spa": 31, "spd": 31, "spe": 31}, "item": "Leftovers", "teraType": "Fighting", "role": "Bulky Attacker", "bvs": {"hp": 70, "atk": 85, "def": 145, "spa": 60, "spd": 55, "spe": 65}, "stats": {"hp": 266, "atk": 200, "def": 305, "spa": 156, "spd": 147, "spe": 165}, "types": ["Steel"]}, "Charizard": {"name": "Charizard", "species": "Charizard", "speciesId": "charizard", "gender": "M", "shiny": false, "level": 85, "moves": ["flamethrower", "earthquake", "focusblast", "hurricane"], "ability": "Blaze", "evs": {"hp": 85, "atk": 85, "def": 85, "spa": 85, "spd": 85, "spe": 85}, "ivs": {"hp": 31, "atk": 31, "def": 31, "spa": 31, "spd": 31, "spe": 31}, "item": "Heavy-Duty Boots", "teraType": "Ground", "role": "Fast Attacker", "bvs": {"hp": 78, "atk": 84, "def": 78, "spa": 109, "spd": 85, "spe": 100}, "stats": {"hp": 271, "atk": 192, "def": 181, "spa": 234, "spd": 193, "spe": 219}, "types": ["Fire", "Flying"]}, "Ribombee": {"name": "Ribombee", "species": "Ribombee", "speciesId": "ribombee", "gender": "F", "shiny": false, "level": 83, "moves": ["stickyweb", "stunspore", "uturn", "moonblast"], "ability": "Shield Dust", "evs": {"hp": 85, "atk": 85, "def": 85, "spa": 85, "spd": 85, "spe": 85}, "ivs": {"hp": 31, "atk": 31, "def": 31, "spa": 31, "spd": 31, "spe": 31}, "item": "Heavy-Duty Boots", "teraType": "Ghost", "role": "Fast Support", "bvs": {"hp": 60, "atk": 55, "def": 60, "spa": 95, "spd": 70, "spe": 124}, "stats": {"hp": 235, "atk": 139, "def": 147, "spa": 205, "spd": 164, "spe": 254}, "types": ["Bug", "Fairy"]}}]}