{"id": "gen9randombattle-2641902267", "format": "[Gen 9] Random Battle", "players": ["DragonSoul_9", "jaykingrising"], "log": "|j|\u2606DragonSoul_9\n|j|\u2606jaykingrising\n|t:|1782855995\n|gametype|singles\n|player|p1|DragonSoul_9|1|1472\n|player|p2|jaykingrising|marlon|1474\n|gen|9\n|tier|[Gen 9] Random Battle\n|rated|\n|rule|Species Clause: Limit one of each Pok\u00e9mon\n|rule|HP Percentage Mod: HP is shown in percentages\n|rule|Sleep Clause Mod: Limit one foe put to sleep\n|rule|Illusion Level Mod: Illusion disguises the Pok\u00e9mon's true level\n|\n|t:|1782855995\n|teamsize|p1|6\n|teamsize|p2|6\n|start\n|switch|p1a: Cobalion|Cobalion, L80|277/277\n|switch|p2a: Lucario|Lucario, L84, M|255/255\n|turn|1\n|inactive|Battle timer is ON: inactive players will automatically lose when time's up. (requested by DragonSoul_9)\n|\n|t:|1782856012\n|move|p2a: Lucario|Vacuum Wave|p1a: Cobalion\n|-supereffective|p1a: Cobalion\n|-damage|p1a: Cobalion|126/277\n|-damage|p2a: Lucario|230/255|[from] item: Life Orb\n|move|p1a: Cobalion|Aura Sphere|p2a: Lucario\n|-supereffective|p2a: Lucario\n|-damage|p2a: Lucario|42/255\n|\n|-heal|p1a: Cobalion|143/277|[from] item: Leftovers\n|upkeep\n|turn|2\n|\n|t:|1782856020\n|move|p1a: Cobalion|Vacuum Wave|p2a: Lucario\n|-supereffective|p2a: Lucario\n|-damage|p2a: Lucario|0 fnt\n|faint|p2a: Lucario\n|\n|-heal|p1a: Cobalion|160/277|[from] item: Leftovers\n|upkeep\n|\n|t:|1782856038\n|switch|p2a: Cinderace|Cinderace, L77, F|249/249\n|turn|3\n|\n|t:|1782856046\n|switch|p1a: Slowbro|Slowbro, L85, M|300/300\n|move|p2a: Cinderace|Pyro Ball|p1a: Slowbro\n|-resisted|p1a: Slowbro\n|-damage|p1a: Slowbro|222/300\n|-status|p1a: Slowbro|brn\n|\n|-heal|p1a: Slowbro|240/300 brn|[from] item: Leftovers\n|-damage|p1a: Slowbro|222/300 brn|[from] brn\n|upkeep\n|turn|4\n|\n|t:|1782856054\n|switch|p2a: Ariados|Ariados, L95, F|287/287\n|move|p1a: Slowbro|Scald|p2a: Ariados\n|-damage|p2a: Ariados|191/287\n|\n|-heal|p1a: Slowbro|240/300 brn|[from] item: Leftovers\n|-damage|p1a: Slowbro|222/300 brn|[from] brn\n|upkeep\n|turn|5\n|\n|t:|1782856065\n|switch|p1a: Perrserker|Perrserker, L89, F|269/269\n|move|p2a: Ariados|Sticky Web|p1a: Perrserker\n|-sidestart|p1: DragonSoul_9|move: Sticky Web\n|\n|upkeep\n|turn|6\n|\n|t:|1782856070\n|move|p1a: Perrserker|Stealth Rock|p2a: Ariados\n|-sidestart|p2: jaykingrising|move: Stealth Rock\n|move|p2a: Ariados|Toxic Spikes|p1a: Perrserker\n|-sidestart|p1: DragonSoul_9|move: Toxic Spikes\n|\n|upkeep\n|turn|7\n|\n|t:|1782856084\n|move|p1a: Perrserker|Iron Head|p2a: Ariados\n|-damage|p2a: Ariados|0 fnt\n|faint|p2a: Ariados\n|-damage|p1a: Perrserker|243/269|[from] item: Life Orb\n|\n|upkeep\n|\n|t:|1782856096\n|switch|p2a: Cinderace|Cinderace, L77, F|249/249\n|-damage|p2a: Cinderace|187/249|[from] Stealth Rock\n|turn|8\n|\n|t:|1782856100\n|move|p2a: Cinderace|U-turn|p1a: Perrserker\n|-start|p2a: Cinderace|typechange|Bug|[from] ability: Libero\n|-resisted|p1a: Perrserker\n|-damage|p1a: Perrserker|198/269\n|\n|t:|1782856104\n|switch|p2a: Salamence|Salamence, L77, M|273/273|[from] U-turn\n|move|p1a: Perrserker|Close Combat|p2a: Salamence\n|-resisted|p2a: Salamence\n|-damage|p2a: Salamence|174/273\n|-unboost|p1a: Perrserker|def|1\n|-unboost|p1a: Perrserker|spd|1\n|-damage|p1a: Perrserker|172/269|[from] item: Life Orb\n|\n|upkeep\n|turn|9\n|\n|t:|1782856108\n|move|p2a: Salamence|Earthquake|p1a: Perrserker\n|-supereffective|p1a: Perrserker\n|-damage|p1a: Perrserker|0 fnt\n|faint|p1a: Perrserker\n|-ability|p2a: Salamence|Moxie|boost\n|-boost|p2a: Salamence|atk|1\n|\n|upkeep\n|\n|t:|1782856119\n|switch|p1a: Cobalion|Cobalion, L80|160/277\n|-activate|p1a: Cobalion|move: Sticky Web\n|-unboost|p1a: Cobalion|spe|1\n|turn|10\n|\n|t:|1782856123\n|move|p2a: Salamence|Earthquake|p1a: Cobalion\n|-supereffective|p1a: Cobalion\n|-damage|p1a: Cobalion|0 fnt\n|faint|p1a: Cobalion\n|-ability|p2a: Salamence|Moxie|boost\n|-boost|p2a: Salamence|atk|1\n|\n|upkeep\n|\n|t:|1782856133\n|switch|p1a: Slowbro|Slowbro, L85, M|300/300 brn\n|-activate|p1a: Slowbro|move: Sticky Web\n|-unboost|p1a: Slowbro|spe|1\n|turn|11\n|\n|t:|1782856140\n|move|p2a: Salamence|Outrage|p1a: Slowbro\n|-damage|p1a: Slowbro|62/300 brn\n|move|p1a: Slowbro|Scald|p2a: Salamence\n|-resisted|p2a: Salamence\n|-damage|p2a: Salamence|126/273\n|\n|-heal|p1a: Slowbro|80/300 brn|[from] item: Leftovers\n|-damage|p1a: Slowbro|62/300 brn|[from] brn\n|upkeep\n|turn|12\n|\n|t:|1782856149\n|move|p2a: Salamence|Outrage|p1a: Slowbro|[from] lockedmove\n|-damage|p1a: Slowbro|0 fnt\n|faint|p1a: Slowbro\n|-ability|p2a: Salamence|Moxie|boost\n|-boost|p2a: Salamence|atk|1\n|\n|upkeep\n|\n|t:|1782856155\n|switch|p1a: Arceus|Arceus-Fighting, L70|284/284\n|-activate|p1a: Arceus|move: Sticky Web\n|-unboost|p1a: Arceus|spe|1\n|-status|p1a: Arceus|psn\n|turn|13\n|\n|t:|1782856160\n|-terastallize|p1a: Arceus|Steel\n|move|p2a: Salamence|Outrage|p1a: Arceus|[from] lockedmove\n|-resisted|p1a: Arceus\n|-damage|p1a: Arceus|131/284 psn\n|-start|p2a: Salamence|confusion|[fatigue]\n|move|p1a: Arceus|Shadow Ball|p2a: Salamence\n|-damage|p2a: Salamence|73/273\n|\n|-damage|p1a: Arceus|96/284 psn|[from] psn\n|upkeep\n|turn|14\n|\n|t:|1782856165\n|-activate|p2a: Salamence|confusion\n|move|p2a: Salamence|Earthquake|p1a: Arceus\n|-supereffective|p1a: Arceus\n|-damage|p1a: Arceus|0 fnt\n|faint|p1a: Arceus\n|-ability|p2a: Salamence|Moxie|boost\n|-boost|p2a: Salamence|atk|1\n|\n|upkeep\n|-message|DragonSoul_9 forfeited.\n|\n|win|jaykingrising\n|raw|DragonSoul_9's rating: 1472 &rarr; <strong>1452</strong><br />(-20 for losing)\n|raw|jaykingrising's rating: 1474 &rarr; <strong>1494</strong><br />(+20 for winning)\n|l|\u2606DragonSoul_9\n|player|p1|\n", "inputlog": ">version f8ac14003a5f27e1bdc8d8c59608a773c1cb96e5\n>start {\"formatid\":\"gen9randombattle\",\"seed\":\"sodium,3e59cd6d6af521a73663b26543995f57\",\"rated\":\"Rated battle\"}\n>player p1 {\"name\":\"DragonSoul_9\",\"avatar\":\"1\",\"rating\":1472,\"seed\":\"sodium,cd7a47773a609d08d943d6fad4be0474\"}\n>player p2 {\"name\":\"jaykingrising\",\"avatar\":\"marlon\",\"rating\":1474,\"seed\":\"sodium,49fef7c340fec82f7aa670c535daf0a5\"}\n>p1 move aurasphere\n>p2 move vacuumwave\n>p1 move vacuumwave\n>p2 move vacuumwave\n>p2 switch 4\n>p1 switch 3\n>p2 move pyroball\n>p1 move scald\n>p2 switch 3\n>p1 switch 4\n>p2 move stickyweb\n>p1 move stealthrock\n>p2 move toxicspikes\n>p1 move ironhead\n>p2 move toxicspikes\n>p2 switch 3\n>p1 move closecombat\n>p2 move uturn\n>p2 switch 5\n>p1 move ironhead\n>p2 move earthquake\n>p1 switch 3\n>p1 move flashcannon\n>p2 move earthquake\n>p1 switch 4\n>p1 move scald\n>p2 move outrage\n>p1 move scald\n>p2 move outrage\n>p1 switch 2\n>p1 move shadowball terastallize\n>p2 move outrage\n>p1 move shadowball\n>p2 move earthquake\n>forcelose p1", "uploadtime": 1782856170, "views": 14, "formatid": "gen9randombattle", "rating": 1452, "private": 0, "password": null, "player_dets": [{"name": "DragonSoul_9", "avatar": "1", "rating": 1472, "seed": "sodium,cd7a47773a609d08d943d6fad4be0474"}, {"name": "jaykingrising", "avatar": "marlon", "rating": 1474, "seed": "sodium,49fef7c340fec82f7aa670c535daf0a5"}], "teams_full": [{"Cobalion": {"name": "Cobalion", "species": "Cobalion", "speciesId": "cobalion", "gender": "N", "shiny": false, "level": 80, "moves": ["calmmind", "flashcannon", "aurasphere", "vacuumwave"], "ability": "Justified", "evs": {"hp": 85, "atk": 0, "def": 85, "spa": 85, "spd": 85, "spe": 85}, "ivs": {"hp": 31, "atk": 0, "def": 31, "spa": 31, "spd": 31, "spe": 31}, "item": "Leftovers", "teraType": "Ghost", "role": "Bulky Setup", "bvs": {"hp": 91, "atk": 90, "def": 129, "spa": 90, "spd": 72, "spe": 108}, "stats": {"hp": 277, "atk": 149, "def": 253, "spa": 190, "spd": 161, "spe": 219}, "types": ["Steel", "Fighting"]}, "Arceus": {"name": "Arceus", "species": "Arceus-Fighting", "speciesId": "arceusfighting", "gender": "N", "shiny": false, "level": 70, "moves": ["shadowball", "irondefense", "bodypress", "recover"], "ability": "Multitype", "evs": {"hp": 85, "atk": 0, "def": 85, "spa": 85, "spd": 85, "spe": 85}, "ivs": {"hp": 31, "atk": 0, "def": 31, "spa": 31, "spd": 31, "spe": 31}, "item": "Fist Plate", "teraType": "Steel", "role": "Bulky Setup", "bvs": {"hp": 120, "atk": 120, "def": 120, "spa": 120, "spd": 120, "spe": 120}, "stats": {"hp": 284, "atk": 173, "def": 209, "spa": 209, "spd": 209, "spe": 209}, "types": ["Fighting"]}, "Slowbro": {"name": "Slowbro", "species": "Slowbro", "speciesId": "slowbro", "gender": "M", "shiny": false, "level": 85, "moves": ["scald", "slackoff", "irondefense", "bodypress"], "ability": "Regenerator", "evs": {"hp": 85, "atk": 0, "def": 85, "spa": 85, "spd": 85, "spe": 85}, "ivs": {"hp": 31, "atk": 0, "def": 31, "spa": 31, "spd": 31, "spe": 31}, "item": "Leftovers", "teraType": "Fighting", "role": "Bulky Setup", "bvs": {"hp": 95, "atk": 75, "def": 110, "spa": 100, "spd": 80, "spe": 30}, "stats": {"hp": 300, "atk": 132, "def": 236, "spa": 219, "spd": 185, "spe": 100}, "types": ["Water", "Psychic"]}, "Perrserker": {"name": "Perrserker", "species": "Perrserker", "speciesId": "perrserker", "gender": "F", "shiny": false, "level": 89, "moves": ["ironhead", "closecombat", "stealthrock", "uturn"], "ability": "Tough Claws", "evs": {"hp": 85, "atk": 85, "def": 85, "spa": 85, "spd": 85, "spe": 85}, "ivs": {"hp": 31, "atk": 31, "def": 31, "spa": 31, "spd": 31, "spe": 31}, "item": "Life Orb", "teraType": "Fighting", "role": "Fast Attacker", "bvs": {"hp": 70, "atk": 110, "def": 100, "spa": 50, "spd": 60, "spe": 50}, "stats": {"hp": 269, "atk": 247, "def": 229, "spa": 140, "spd": 158, "spe": 140}, "types": ["Steel"]}, "Gumshoos": {"name": "Gumshoos", "species": "Gumshoos", "speciesId": "gumshoos", "gender": "F", "shiny": false, "level": 95, "moves": ["knockoff", "uturn", "doubleedge", "earthquake"], "ability": "Adaptability", "evs": {"hp": 85, "atk": 85, "def": 85, "spa": 85, "spd": 85, "spe": 85}, "ivs": {"hp": 31, "atk": 31, "def": 31, "spa": 31, "spd": 31, "spe": 31}, "item": "Choice Band", "teraType": "Ground", "role": "Fast Attacker", "bvs": {"hp": 88, "atk": 110, "def": 60, "spa": 55, "spd": 60, "spe": 45}, "stats": {"hp": 321, "atk": 263, "def": 168, "spa": 158, "spd": 168, "spe": 139}, "types": ["Normal"]}, "Scovillain": {"name": "Scovillain", "species": "Scovillain", "speciesId": "scovillain", "gender": "M", "shiny": false, "level": 91, "moves": ["energyball", "sunnyday", "fireblast", "stompingtantrum"], "ability": "Chlorophyll", "evs": {"hp": 85, "atk": 85, "def": 85, "spa": 85, "spd": 85, "spe": 85}, "ivs": {"hp": 31, "atk": 31, "def": 31, "spa": 31, "spd": 31, "spe": 31}, "item": "Heavy-Duty Boots", "teraType": "Ground", "role": "Wallbreaker", "bvs": {"hp": 65, "atk": 108, "def": 65, "spa": 108, "spd": 65, "spe": 75}, "stats": {"hp": 266, "atk": 248, "def": 170, "spa": 248, "spd": 170, "spe": 188}, "types": ["Grass", "Fire"]}}, {"Lucario": {"name": "Lucario", "species": "Lucario", "speciesId": "lucario", "gender": "M", "shiny": false, "level": 84, "moves": ["flashcannon", "focusblast", "nastyplot", "vacuumwave"], "ability": "Inner Focus", "evs": {"hp": 85, "atk": 0, "def": 85, "spa": 85, "spd": 85, "spe": 85}, "ivs": {"hp": 31, "atk": 0, "def": 31, "spa": 31, "spd": 31, "spe": 31}, "item": "Life Orb", "teraType": "Fighting", "role": "Setup Sweeper", "bvs": {"hp": 70, "atk": 110, "def": 70, "spa": 115, "spd": 70, "spe": 90}, "stats": {"hp": 255, "atk": 189, "def": 166, "spa": 241, "spd": 166, "spe": 199}, "types": ["Fighting", "Steel"]}, "Greedent": {"name": "Greedent", "species": "Greedent", "speciesId": "greedent", "gender": "M", "shiny": false, "level": 86, "moves": ["earthquake", "swordsdance", "bodyslam", "knockoff"], "ability": "Cheek Pouch", "evs": {"hp": 85, "atk": 85, "def": 85, "spa": 85, "spd": 85, "spe": 85}, "ivs": {"hp": 31, "atk": 31, "def": 31, "spa": 31, "spd": 31, "spe": 31}, "item": "Sitrus Berry", "teraType": "Ghost", "role": "Bulky Setup", "bvs": {"hp": 120, "atk": 95, "def": 95, "spa": 55, "spd": 75, "spe": 20}, "stats": {"hp": 347, "atk": 213, "def": 213, "spa": 144, "spd": 178, "spe": 84}, "types": ["Normal"]}, "Ariados": {"name": "Ariados", "species": "Ariados", "speciesId": "ariados", "gender": "F", "shiny": false, "level": 95, "moves": ["toxicspikes", "stickyweb", "megahorn", "poisonjab"], "ability": "Insomnia", "evs": {"hp": 85, "atk": 85, "def": 85, "spa": 85, "spd": 85, "spe": 85}, "ivs": {"hp": 31, "atk": 31, "def": 31, "spa": 31, "spd": 31, "spe": 31}, "item": "Heavy-Duty Boots", "teraType": "Ghost", "role": "Fast Support", "bvs": {"hp": 70, "atk": 90, "def": 70, "spa": 60, "spd": 70, "spe": 40}, "stats": {"hp": 287, "atk": 225, "def": 187, "spa": 168, "spd": 187, "spe": 130}, "types": ["Bug", "Poison"]}, "Cinderace": {"name": "Cinderace", "species": "Cinderace", "speciesId": "cinderace", "gender": "F", "shiny": false, "level": 77, "moves": ["uturn", "highjumpkick", "pyroball", "gunkshot"], "ability": "Libero", "evs": {"hp": 81, "atk": 85, "def": 85, "spa": 85, "spd": 85, "spe": 85}, "ivs": {"hp": 31, "atk": 31, "def": 31, "spa": 31, "spd": 31, "spe": 31}, "item": "Choice Band", "teraType": "Fire", "role": "Wallbreaker", "bvs": {"hp": 80, "atk": 116, "def": 75, "spa": 65, "spd": 75, "spe": 119}, "stats": {"hp": 249, "atk": 223, "def": 160, "spa": 145, "spd": 160, "spe": 228}, "types": ["Fire"]}, "Salamence": {"name": "Salamence", "species": "Salamence", "speciesId": "salamence", "gender": "M", "shiny": false, "level": 77, "moves": ["dragondance", "dualwingbeat", "outrage", "earthquake"], "ability": "Moxie", "evs": {"hp": 85, "atk": 85, "def": 85, "spa": 85, "spd": 85, "spe": 85}, "ivs": {"hp": 31, "atk": 31, "def": 31, "spa": 31, "spd": 31, "spe": 31}, "item": "Heavy-Duty Boots", "teraType": "Ground", "role": "Setup Sweeper", "bvs": {"hp": 95, "atk": 135, "def": 80, "spa": 110, "spd": 80, "spe": 100}, "stats": {"hp": 273, "atk": 252, "def": 168, "spa": 214, "spd": 168, "spe": 199}, "types": ["Dragon", "Flying"]}, "Zangoose": {"name": "Zangoose", "species": "Zangoose", "speciesId": "zangoose", "gender": "F", "shiny": false, "level": 85, "moves": ["quickattack", "facade", "knockoff", "closecombat"], "ability": "Toxic Boost", "evs": {"hp": 85, "atk": 85, "def": 85, "spa": 85, "spd": 85, "spe": 85}, "ivs": {"hp": 31, "atk": 31, "def": 31, "spa": 31, "spd": 31, "spe": 31}, "item": "Toxic Orb", "teraType": "Normal", "role": "Fast Attacker", "bvs": {"hp": 73, "atk": 115, "def": 60, "spa": 60, "spd": 60, "spe": 90}, "stats": {"hp": 263, "atk": 244, "def": 151, "spa": 151, "spd": 151, "spe": 202}, "types": ["Normal"]}}]}