{"id": "gen9randombattle-2642093784", "format": "[Gen 9] Random Battle", "players": ["A1212121212", "jister64"], "log": "|j|\u203dA1212121212\n|j|\u2606jister64\n|t:|1782888507\n|gametype|singles\n|player|p1|A1212121212|169|1065\n|player|p2|jister64|101|1080\n|gen|9\n|tier|[Gen 9] Random Battle\n|rated|\n|rule|Species Clause: Limit one of each Pok\u00e9mon\n|rule|HP Percentage Mod: HP is shown in percentages\n|rule|Sleep Clause Mod: Limit one foe put to sleep\n|rule|Illusion Level Mod: Illusion disguises the Pok\u00e9mon's true level\n|\n|t:|1782888507\n|teamsize|p1|6\n|teamsize|p2|6\n|start\n|switch|p1a: Leavanny|Leavanny, L86, F|269/269\n|switch|p2a: Mewtwo|Mewtwo, L72|272/272\n|-ability|p2a: Mewtwo|Pressure\n|turn|1\n|inactive|Battle timer is ON: inactive players will automatically lose when time's up. (requested by A1212121212)\n|\n|t:|1782888528\n|move|p2a: Mewtwo|Fire Blast|p1a: Leavanny|[miss]\n|-miss|p2a: Mewtwo|p1a: Leavanny\n|move|p1a: Leavanny|Sticky Web|p2a: Mewtwo\n|-sidestart|p2: jister64|move: Sticky Web\n|\n|upkeep\n|turn|2\n|\n|t:|1782888552\n|switch|p1a: Dodrio|Dodrio, L85, M|241/241\n|move|p2a: Mewtwo|Fire Blast|p1a: Dodrio\n|-damage|p1a: Dodrio|89/241\n|-damage|p2a: Mewtwo|245/272|[from] item: Life Orb\n|\n|upkeep\n|turn|3\n|\n|t:|1782888582\n|move|p1a: Dodrio|Knock Off|p2a: Mewtwo\n|-supereffective|p2a: Mewtwo\n|-damage|p2a: Mewtwo|57/272\n|-enditem|p2a: Mewtwo|Life Orb|[from] move: Knock Off|[of] p1a: Dodrio\n|move|p2a: Mewtwo|Psystrike|p1a: Dodrio\n|-damage|p1a: Dodrio|0 fnt\n|faint|p1a: Dodrio\n|\n|upkeep\n|inactive|A1212121212 has 120 seconds left.\n|\n|t:|1782888608\n|switch|p1a: Leavanny|Leavanny, L86, F|269/269\n|turn|4\n|\n|t:|1782888612\n|move|p2a: Mewtwo|Fire Blast|p1a: Leavanny\n|-supereffective|p1a: Leavanny\n|-enditem|p1a: Leavanny|Focus Sash\n|-damage|p1a: Leavanny|1/269\n|move|p1a: Leavanny|Lunge|p2a: Mewtwo\n|-supereffective|p2a: Mewtwo\n|-damage|p2a: Mewtwo|0 fnt\n|faint|p2a: Mewtwo\n|\n|upkeep\n|inactive|jister64 has 120 seconds left.\n|\n|t:|1782888638\n|switch|p2a: Cramorant|Cramorant, L86, M|261/261\n|turn|5\n|inactive|jister64 has 120 seconds left.\n|inactive|A1212121212 has 120 seconds left.\n|\n|t:|1782888661\n|move|p1a: Leavanny|Lunge|p2a: Cramorant\n|-resisted|p2a: Cramorant\n|-damage|p2a: Cramorant|174/261\n|-unboost|p2a: Cramorant|atk|1\n|move|p2a: Cramorant|Defog|p1a: Leavanny\n|-unboost|p1a: Leavanny|evasion|1\n|-sideend|p2: jister64|Sticky Web|[from] move: Defog|[of] p2a: Cramorant\n|\n|upkeep\n|turn|6\n|inactive|A1212121212 has 120 seconds left.\n|inactive|jister64 has 120 seconds left.\n|\n|t:|1782888681\n|move|p1a: Leavanny|Lunge|p2a: Cramorant\n|-resisted|p2a: Cramorant\n|-damage|p2a: Cramorant|82/261\n|-unboost|p2a: Cramorant|atk|1\n|move|p2a: Cramorant|Surf|p1a: Leavanny\n|-formechange|p2a: Cramorant|Cramorant-Gorging|\n|-resisted|p1a: Leavanny\n|-damage|p1a: Leavanny|0 fnt\n|faint|p1a: Leavanny\n|\n|upkeep\n|inactive|A1212121212 has 120 seconds left.\n|\n|t:|1782888700\n|switch|p1a: Quaquaval|Quaquaval, L79, F|264/264\n|turn|7\n|inactive|jister64 has 120 seconds left.\n|\n|t:|1782888719\n|switch|p2a: Koraidon|Koraidon, L64|235/235\n|-weather|SunnyDay|[from] ability: Orichalcum Pulse|[of] p2a: Koraidon\n|-activate|p2a: Koraidon|Orichalcum Pulse|[source]\n|switch|p1a: Munkidori|Munkidori, L79, M|269/269\n|\n|-weather|SunnyDay|[upkeep]\n|upkeep\n|turn|8\n|inactive|A1212121212 has 120 seconds left.\n|\n|t:|1782888742\n|switch|p2a: Dugtrio|Dugtrio-Alola, L84, F|196/196\n|move|p1a: Munkidori|Psyshock|p2a: Dugtrio\n|-resisted|p2a: Dugtrio\n|-damage|p2a: Dugtrio|100/196\n|\n|-weather|SunnyDay|[upkeep]\n|upkeep\n|turn|9\n|inactive|A1212121212 has 120 seconds left.\n|\n|t:|1782888759\n|move|p2a: Dugtrio|Earthquake|p1a: Munkidori\n|-supereffective|p1a: Munkidori\n|-damage|p1a: Munkidori|0 fnt\n|faint|p1a: Munkidori\n|\n|-weather|SunnyDay|[upkeep]\n|upkeep\n|\n|t:|1782888773\n|switch|p1a: Moltres|Moltres-Galar, L79|271/271\n|turn|10\n|inactive|A1212121212 has 90 seconds left.\n|\n|t:|1782888813\n|switch|p2a: Cramorant|Cramorant, L86, M|82/261\n|move|p1a: Moltres|Fiery Wrath|p2a: Cramorant\n|-damage|p2a: Cramorant|0 fnt\n|faint|p2a: Cramorant\n|\n|-weather|SunnyDay|[upkeep]\n|upkeep\n|inactive|jister64 has 90 seconds left.\n|\n|t:|1782888829\n|switch|p2a: Koraidon|Koraidon, L64|235/235\n|-activate|p2a: Koraidon|ability: Orichalcum Pulse\n|turn|11\n|inactive|A1212121212 has 90 seconds left.\n|inactive|jister64 has 90 seconds left.\n|\n|t:|1782888844\n|move|p2a: Koraidon|Scale Shot|p1a: Moltres\n|-damage|p1a: Moltres|241/271\n|-damage|p1a: Moltres|213/271\n|-damage|p1a: Moltres|180/271\n|-damage|p1a: Moltres|150/271\n|-hitcount|p1a: Moltres|4\n|-unboost|p2a: Koraidon|def|1\n|-boost|p2a: Koraidon|spe|1\n|move|p1a: Moltres|Hurricane|p2a: Koraidon|[miss]\n|-miss|p1a: Moltres|p2a: Koraidon\n|\n|-weather|none\n|upkeep\n|turn|12\n|inactive|A1212121212 has 90 seconds left.\n|inactive|jister64 has 90 seconds left.\n|\n|t:|1782888878\n|move|p2a: Koraidon|Swords Dance|p2a: Koraidon\n|-boost|p2a: Koraidon|atk|2\n|move|p1a: Moltres|Hurricane|p2a: Koraidon\n|-supereffective|p2a: Koraidon\n|-damage|p2a: Koraidon|1/235\n|-start|p2a: Koraidon|confusion\n|\n|upkeep\n|turn|13\n|inactive|jister64 has 90 seconds left.\n|\n|t:|1782888888\n|-activate|p2a: Koraidon|confusion\n|move|p2a: Koraidon|Scale Shot|p1a: Moltres|[miss]\n|-miss|p2a: Koraidon|p1a: Moltres\n|move|p1a: Moltres|Fiery Wrath|p2a: Koraidon\n|-resisted|p2a: Koraidon\n|-damage|p2a: Koraidon|0 fnt\n|faint|p2a: Koraidon\n|\n|upkeep\n|\n|t:|1782888896\n|switch|p2a: Hatterene|Hatterene, L85, F|236/236\n|turn|14\n|\n|t:|1782888909\n|move|p1a: Moltres|Fiery Wrath|p2a: Hatterene\n|-damage|p2a: Hatterene|157/236\n|move|p2a: Hatterene|Draining Kiss|p1a: Moltres\n|-supereffective|p1a: Moltres\n|-damage|p1a: Moltres|24/271\n|-heal|p2a: Hatterene|236/236|[from] drain|[of] p1a: Moltres\n|-ability|p1a: Moltres|Berserk|boost\n|-boost|p1a: Moltres|spa|1\n|\n|upkeep\n|turn|15\n|\n|t:|1782888931\n|move|p1a: Moltres|Rest|p1a: Moltres\n|-status|p1a: Moltres|slp|[from] move: Rest\n|-heal|p1a: Moltres|271/271 slp|[silent]\n|-enditem|p1a: Moltres|Chesto Berry|[eat]\n|-curestatus|p1a: Moltres|slp|[msg]\n|move|p2a: Hatterene|Draining Kiss|p1a: Moltres\n|-supereffective|p1a: Moltres\n|-damage|p1a: Moltres|145/271\n|\n|upkeep\n|turn|16\n|\n|t:|1782888941\n|move|p1a: Moltres|Hurricane|p2a: Hatterene|[miss]\n|-miss|p1a: Moltres|p2a: Hatterene\n|move|p2a: Hatterene|Calm Mind|p2a: Hatterene\n|-boost|p2a: Hatterene|spa|1\n|-boost|p2a: Hatterene|spd|1\n|\n|upkeep\n|turn|17\n|\n|t:|1782888950\n|move|p1a: Moltres|Hurricane|p2a: Hatterene\n|-damage|p2a: Hatterene|142/236\n|-start|p2a: Hatterene|confusion\n|-activate|p2a: Hatterene|confusion\n|-damage|p2a: Hatterene|121/236|[from] confusion\n|\n|-heal|p2a: Hatterene|135/236|[from] item: Leftovers\n|upkeep\n|turn|18\n|\n|t:|1782888970\n|move|p1a: Moltres|Fiery Wrath|p2a: Hatterene\n|-damage|p2a: Hatterene|53/236\n|-activate|p2a: Hatterene|confusion\n|move|p2a: Hatterene|Draining Kiss|p1a: Moltres\n|-supereffective|p1a: Moltres\n|-damage|p1a: Moltres|0 fnt\n|-heal|p2a: Hatterene|162/236|[from] drain|[of] p1a: Moltres\n|faint|p1a: Moltres\n|\n|-heal|p2a: Hatterene|176/236|[from] item: Leftovers\n|upkeep\n|inactive|A1212121212 has 60 seconds left.\n|\n|t:|1782888987\n|switch|p1a: Minun|Minun, L95, F|268/268\n|turn|19\n|\n|t:|1782889001\n|move|p1a: Minun|Nasty Plot|p1a: Minun\n|-boost|p1a: Minun|spa|2\n|-activate|p2a: Hatterene|confusion\n|move|p2a: Hatterene|Mystical Fire|p1a: Minun\n|-damage|p1a: Minun|169/268\n|-unboost|p1a: Minun|spa|1\n|\n|-heal|p2a: Hatterene|190/236|[from] item: Leftovers\n|upkeep\n|turn|20\n|inactive|A1212121212 has 60 seconds left.\n|l|\u203dA1212121212\n|inactive|A1212121212 disconnected and has a minute to reconnect!\n|player|p1|\n|inactive|A1212121212 has 30 seconds left.\n|inactive|A1212121212 has 20 seconds left.\n|inactive|A1212121212 has 15 seconds left.\n|inactive|A1212121212 has 10 seconds left.\n|inactive|A1212121212 has 5 seconds left.\n|-message|A1212121212 lost due to inactivity.\n|\n|win|jister64\n|raw|A1212121212's rating: 1065 &rarr; <strong>1046</strong><br />(-19 for losing)\n|raw|jister64's rating: 1080 &rarr; <strong>1107</strong><br />(+27 for winning)\n", "inputlog": ">version f8ac14003a5f27e1bdc8d8c59608a773c1cb96e5\n>start {\"formatid\":\"gen9randombattle\",\"seed\":\"sodium,e77dbf15961ba35025ee0ad3f0d5a29d\",\"rated\":\"Rated battle\"}\n>player p1 {\"name\":\"A1212121212\",\"avatar\":\"169\",\"rating\":1065,\"seed\":\"sodium,0d944fbf4754226d0e3d6563674d09c1\"}\n>player p2 {\"name\":\"jister64\",\"avatar\":\"101\",\"rating\":1080,\"seed\":\"sodium,bf2da1a155b01ac6b99d05cdf62e7d80\"}\n>p1 move stickyweb\n>p2 move fireblast\n>p1 switch 2\n>p2 move fireblast\n>p1 move knockoff\n>p2 move psystrike\n>p1 switch 2\n>p1 move lunge\n>p2 move fireblast\n>p2 switch 4\n>p1 move lunge\n>p2 move defog\n>p1 move lunge\n>p2 move surf\n>p1 switch 4\n>p1 switch 5\n>p2 switch 2\n>p1 move psyshock\n>p2 switch 3\n>p1 move psyshock\n>p2 move earthquake\n>p1 switch 3\n>p1 move fierywrath\n>p2 switch 2\n>p2 switch 3\n>p1 move hurricane\n>p2 move scaleshot\n>p1 move hurricane\n>p2 move swordsdance\n>p1 move fierywrath\n>p2 move scaleshot\n>p2 switch 5\n>p1 move fierywrath\n>p2 move drainingkiss\n>p1 move rest\n>p2 move drainingkiss\n>p1 move hurricane\n>p2 move calmmind\n>p1 move hurricane\n>p2 move drainingkiss\n>p1 move fierywrath\n>p2 move drainingkiss\n>p1 switch 6\n>p1 move nastyplot\n>p2 move mysticalfire\n>forcelose p1", "uploadtime": 1782889100, "views": 2, "formatid": "gen9randombattle", "rating": 1046, "private": 0, "password": null, "player_dets": [{"name": "A1212121212", "avatar": "169", "rating": 1065, "seed": "sodium,0d944fbf4754226d0e3d6563674d09c1"}, {"name": "jister64", "avatar": "101", "rating": 1080, "seed": "sodium,bf2da1a155b01ac6b99d05cdf62e7d80"}], "teams_full": [{"Leavanny": {"name": "Leavanny", "species": "Leavanny", "speciesId": "leavanny", "gender": "F", "shiny": false, "level": 86, "moves": ["stickyweb", "knockoff", "leafblade", "lunge"], "ability": "Swarm", "evs": {"hp": 85, "atk": 85, "def": 85, "spa": 85, "spd": 85, "spe": 85}, "ivs": {"hp": 31, "atk": 31, "def": 31, "spa": 31, "spd": 31, "spe": 31}, "item": "Focus Sash", "teraType": "Rock", "role": "Fast Support", "bvs": {"hp": 75, "atk": 103, "def": 80, "spa": 70, "spd": 80, "spe": 92}, "stats": {"hp": 269, "atk": 226, "def": 187, "spa": 170, "spd": 187, "spe": 207}, "types": ["Bug", "Grass"]}, "Dodrio": {"name": "Dodrio", "species": "Dodrio", "speciesId": "dodrio", "gender": "M", "shiny": false, "level": 85, "moves": ["swordsdance", "knockoff", "drillrun", "bravebird"], "ability": "Early Bird", "evs": {"hp": 85, "atk": 85, "def": 85, "spa": 85, "spd": 85, "spe": 85}, "ivs": {"hp": 31, "atk": 31, "def": 31, "spa": 31, "spd": 31, "spe": 31}, "item": "Heavy-Duty Boots", "teraType": "Flying", "role": "Setup Sweeper", "bvs": {"hp": 60, "atk": 110, "def": 70, "spa": 60, "spd": 60, "spe": 110}, "stats": {"hp": 241, "atk": 236, "def": 168, "spa": 151, "spd": 151, "spe": 236}, "types": ["Normal", "Flying"]}, "Moltres": {"name": "Moltres", "species": "Moltres-Galar", "speciesId": "moltresgalar", "gender": "N", "shiny": false, "level": 79, "moves": ["nastyplot", "fierywrath", "rest", "hurricane"], "ability": "Berserk", "evs": {"hp": 81, "atk": 0, "def": 85, "spa": 85, "spd": 85, "spe": 85}, "ivs": {"hp": 31, "atk": 0, "def": 31, "spa": 31, "spd": 31, "spe": 31}, "item": "Chesto Berry", "teraType": "Dark", "role": "Bulky Setup", "bvs": {"hp": 90, "atk": 85, "def": 90, "spa": 100, "spd": 125, "spe": 90}, "stats": {"hp": 271, "atk": 139, "def": 188, "spa": 204, "spd": 243, "spe": 188}, "types": ["Dark", "Flying"]}, "Quaquaval": {"name": "Quaquaval", "species": "Quaquaval", "speciesId": "quaquaval", "gender": "F", "shiny": false, "level": 79, "moves": ["roost", "closecombat", "aquastep", "swordsdance"], "ability": "Moxie", "evs": {"hp": 85, "atk": 85, "def": 85, "spa": 85, "spd": 85, "spe": 85}, "ivs": {"hp": 31, "atk": 31, "def": 31, "spa": 31, "spd": 31, "spe": 31}, "item": "Leftovers", "teraType": "Steel", "role": "Bulky Attacker", "bvs": {"hp": 85, "atk": 120, "def": 80, "spa": 85, "spd": 75, "spe": 85}, "stats": {"hp": 264, "atk": 235, "def": 172, "spa": 180, "spd": 164, "spe": 180}, "types": ["Water", "Fighting"]}, "Munkidori": {"name": "Munkidori", "species": "Munkidori", "speciesId": "munkidori", "gender": "M", "shiny": false, "level": 79, "moves": ["psyshock", "focusblast", "sludgewave", "uturn"], "ability": "Toxic Chain", "evs": {"hp": 85, "atk": 85, "def": 85, "spa": 85, "spd": 85, "spe": 85}, "ivs": {"hp": 31, "atk": 31, "def": 31, "spa": 31, "spd": 31, "spe": 31}, "item": "Choice Specs", "teraType": "Poison", "role": "Fast Attacker", "bvs": {"hp": 88, "atk": 75, "def": 66, "spa": 130, "spd": 90, "spe": 106}, "stats": {"hp": 269, "atk": 164, "def": 150, "spa": 251, "spd": 188, "spe": 213}, "types": ["Poison", "Psychic"]}, "Minun": {"name": "Minun", "species": "Minun", "speciesId": "minun", "gender": "F", "shiny": false, "level": 95, "moves": ["thunderbolt", "grassknot", "nastyplot", "encore"], "ability": "Volt Absorb", "evs": {"hp": 85, "atk": 0, "def": 85, "spa": 85, "spd": 85, "spe": 85}, "ivs": {"hp": 31, "atk": 0, "def": 31, "spa": 31, "spd": 31, "spe": 31}, "item": "Life Orb", "teraType": "Grass", "role": "Setup Sweeper", "bvs": {"hp": 60, "atk": 40, "def": 50, "spa": 75, "spd": 85, "spe": 95}, "stats": {"hp": 268, "atk": 81, "def": 149, "spa": 196, "spd": 215, "spe": 234}, "types": ["Electric"]}}, {"Mewtwo": {"name": "Mewtwo", "species": "Mewtwo", "speciesId": "mewtwo", "gender": "N", "shiny": false, "level": 72, "moves": ["darkpulse", "nastyplot", "psystrike", "fireblast"], "ability": "Pressure", "evs": {"hp": 85, "atk": 0, "def": 85, "spa": 85, "spd": 85, "spe": 85}, "ivs": {"hp": 31, "atk": 0, "def": 31, "spa": 31, "spd": 31, "spe": 31}, "item": "Life Orb", "teraType": "Psychic", "role": "Setup Sweeper", "bvs": {"hp": 106, "atk": 110, "def": 90, "spa": 154, "spd": 90, "spe": 130}, "stats": {"hp": 272, "atk": 163, "def": 172, "spa": 264, "spd": 172, "spe": 229}, "types": ["Psychic"]}, "Koraidon": {"name": "Koraidon", "species": "Koraidon", "speciesId": "koraidon", "gender": "N", "shiny": false, "level": 64, "moves": ["flareblitz", "scaleshot", "collisioncourse", "swordsdance"], "ability": "Orichalcum Pulse", "evs": {"hp": 85, "atk": 85, "def": 85, "spa": 85, "spd": 85, "spe": 85}, "ivs": {"hp": 31, "atk": 31, "def": 31, "spa": 31, "spd": 31, "spe": 31}, "item": "Loaded Dice", "teraType": "Fire", "role": "Setup Sweeper", "bvs": {"hp": 100, "atk": 135, "def": 115, "spa": 85, "spd": 100, "spe": 135}, "stats": {"hp": 235, "atk": 211, "def": 185, "spa": 147, "spd": 166, "spe": 211}, "types": ["Fighting", "Dragon"]}, "Dugtrio": {"name": "Dugtrio", "species": "Dugtrio-Alola", "speciesId": "dugtrioalola", "gender": "F", "shiny": false, "level": 84, "moves": ["suckerpunch", "earthquake", "stoneedge", "ironhead"], "ability": "Tangling Hair", "evs": {"hp": 85, "atk": 85, "def": 85, "spa": 85, "spd": 85, "spe": 85}, "ivs": {"hp": 31, "atk": 31, "def": 31, "spa": 31, "spd": 31, "spe": 31}, "item": "Choice Band", "teraType": "Steel", "role": "Fast Attacker", "bvs": {"hp": 35, "atk": 100, "def": 60, "spa": 50, "spd": 70, "spe": 110}, "stats": {"hp": 196, "atk": 216, "def": 149, "spa": 132, "spd": 166, "spe": 233}, "types": ["Ground", "Steel"]}, "Cramorant": {"name": "Cramorant", "species": "Cramorant", "speciesId": "cramorant", "gender": "M", "shiny": false, "level": 86, "moves": ["roost", "bravebird", "defog", "surf"], "ability": "Gulp Missile", "evs": {"hp": 85, "atk": 85, "def": 85, "spa": 85, "spd": 85, "spe": 85}, "ivs": {"hp": 31, "atk": 31, "def": 31, "spa": 31, "spd": 31, "spe": 31}, "item": "Heavy-Duty Boots", "teraType": "Ground", "role": "Bulky Support", "bvs": {"hp": 70, "atk": 85, "def": 55, "spa": 85, "spd": 95, "spe": 85}, "stats": {"hp": 261, "atk": 195, "def": 144, "spa": 195, "spd": 213, "spe": 195}, "types": ["Flying", "Water"]}, "Hatterene": {"name": "Hatterene", "species": "Hatterene", "speciesId": "hatterene", "gender": "F", "shiny": false, "level": 85, "moves": ["calmmind", "mysticalfire", "drainingkiss", "psyshock"], "ability": "Magic Bounce", "evs": {"hp": 85, "atk": 0, "def": 85, "spa": 85, "spd": 85, "spe": 85}, "ivs": {"hp": 31, "atk": 0, "def": 31, "spa": 31, "spd": 31, "spe": 31}, "item": "Leftovers", "teraType": "Fairy", "role": "Bulky Setup", "bvs": {"hp": 57, "atk": 90, "def": 95, "spa": 136, "spd": 103, "spe": 29}, "stats": {"hp": 236, "atk": 158, "def": 210, "spa": 280, "spd": 224, "spe": 98}, "types": ["Psychic", "Fairy"]}, "Sawsbuck": {"name": "Sawsbuck", "species": "Sawsbuck-Summer", "speciesId": "sawsbuck", "gender": "F", "shiny": false, "level": 88, "moves": ["hornleech", "swordsdance", "highhorsepower", "headbutt"], "ability": "Serene Grace", "evs": {"hp": 85, "atk": 85, "def": 85, "spa": 85, "spd": 85, "spe": 85}, "ivs": {"hp": 31, "atk": 31, "def": 31, "spa": 31, "spd": 31, "spe": 31}, "item": "Life Orb", "teraType": "Normal", "role": "Fast Attacker", "bvs": {"hp": 80, "atk": 100, "def": 70, "spa": 60, "spd": 70, "spe": 95}, "stats": {"hp": 284, "atk": 226, "def": 173, "spa": 156, "spd": 173, "spe": 217}, "types": ["Normal", "Grass"]}}]}