{"id": "gen9randombattle-2642115743", "format": "[Gen 9] Random Battle", "players": ["TheRealWolluf", "Niganmahaihaiaiyo"], "log": "|j|\u2606TheRealWolluf\n|j|\u2606Niganmahaihaiaiyo\n|t:|1782893340\n|gametype|singles\n|player|p1|TheRealWolluf|gambler|1655\n|player|p2|Niganmahaihaiaiyo|shadowtriad|1645\n|gen|9\n|tier|[Gen 9] Random Battle\n|rated|\n|rule|Species Clause: Limit one of each Pok\u00e9mon\n|rule|HP Percentage Mod: HP is shown in percentages\n|rule|Sleep Clause Mod: Limit one foe put to sleep\n|rule|Illusion Level Mod: Illusion disguises the Pok\u00e9mon's true level\n|\n|t:|1782893340\n|teamsize|p1|6\n|teamsize|p2|6\n|start\n|switch|p1a: Venusaur|Venusaur, L84, M|272/272\n|switch|p2a: Gastrodon|Gastrodon, L86, M|331/331\n|turn|1\n|\n|t:|1782893360\n|move|p1a: Venusaur|Substitute|p1a: Venusaur\n|-start|p1a: Venusaur|Substitute\n|-damage|p1a: Venusaur|204/272\n|move|p2a: Gastrodon|Stealth Rock|p1a: Venusaur\n|-sidestart|p1: TheRealWolluf|move: Stealth Rock\n|\n|-heal|p1a: Venusaur|221/272|[from] item: Leftovers\n|upkeep\n|turn|2\n|\n|t:|1782893367\n|switch|p2a: Charizard|Charizard, L85, F|271/271\n|move|p1a: Venusaur|Leech Seed|p2a: Charizard\n|-start|p2a: Charizard|move: Leech Seed\n|\n|-heal|p1a: Venusaur|238/272|[from] item: Leftovers\n|-damage|p2a: Charizard|238/271|[from] Leech Seed|[of] p1a: Venusaur\n|-heal|p1a: Venusaur|271/272|[silent]\n|upkeep\n|turn|3\n|\n|t:|1782893376\n|move|p2a: Charizard|Flare Blitz|p1a: Venusaur\n|-supereffective|p1a: Venusaur\n|-end|p1a: Venusaur|Substitute\n|-damage|p2a: Charizard|216/271|[from] Recoil|[of] p1a: Venusaur\n|move|p1a: Venusaur|Sleep Powder|p2a: Charizard\n|-status|p2a: Charizard|slp|[from] move: Sleep Powder\n|\n|-heal|p1a: Venusaur|272/272|[from] item: Leftovers\n|-damage|p2a: Charizard|183/271 slp|[from] Leech Seed|[of] p1a: Venusaur\n|upkeep\n|turn|4\n|\n|t:|1782893382\n|switch|p2a: Iron Bundle|Iron Bundle, L78|215/215\n|move|p1a: Venusaur|Substitute|p1a: Venusaur\n|-start|p1a: Venusaur|Substitute\n|-damage|p1a: Venusaur|204/272\n|\n|-heal|p1a: Venusaur|221/272|[from] item: Leftovers\n|upkeep\n|turn|5\n|\n|t:|1782893386\n|move|p2a: Iron Bundle|Encore|p1a: Venusaur\n|-start|p1a: Venusaur|Encore\n|move|p1a: Venusaur|Substitute|p1a: Venusaur\n|-fail|p1a: Venusaur|move: Substitute\n|\n|-heal|p1a: Venusaur|238/272|[from] item: Leftovers\n|upkeep\n|turn|6\n|\n|t:|1782893393\n|switch|p1a: Komala|Komala, L88, F|258/258\n|-damage|p1a: Komala|226/258|[from] Stealth Rock\n|-ability|p1a: Komala|Comatose\n|move|p2a: Iron Bundle|Freeze-Dry|p1a: Komala\n|-damage|p1a: Komala|174/258\n|\n|upkeep\n|turn|7\n|\n|t:|1782893403\n|move|p2a: Iron Bundle|Hydro Pump|p1a: Komala\n|-damage|p1a: Komala|101/258\n|move|p1a: Komala|Rapid Spin|p2a: Iron Bundle\n|-damage|p2a: Iron Bundle|154/215\n|-boost|p1a: Komala|spe|1\n|-sideend|p1: TheRealWolluf|Stealth Rock|[from] move: Rapid Spin|[of] p1a: Komala\n|\n|upkeep\n|turn|8\n|\n|t:|1782893416\n|-end|p2a: Iron Bundle|Quark Drive|[silent]\n|switch|p2a: Torkoal|Torkoal, L88, F|266/266\n|-weather|SunnyDay|[from] ability: Drought|[of] p2a: Torkoal\n|move|p1a: Komala|Knock Off|p2a: Torkoal\n|-damage|p2a: Torkoal|212/266\n|-enditem|p2a: Torkoal|Heavy-Duty Boots|[from] move: Knock Off|[of] p1a: Komala\n|\n|-weather|SunnyDay|[upkeep]\n|upkeep\n|turn|9\n|\n|t:|1782893427\n|move|p1a: Komala|U-turn|p2a: Torkoal\n|-resisted|p2a: Torkoal\n|-damage|p2a: Torkoal|189/266\n|\n|t:|1782893431\n|switch|p1a: Coalossal|Coalossal, L89, M|341/341|[from] U-turn\n|move|p2a: Torkoal|Lava Plume|p1a: Coalossal\n|-resisted|p1a: Coalossal\n|-damage|p1a: Coalossal|311/341\n|\n|-weather|SunnyDay|[upkeep]\n|upkeep\n|turn|10\n|\n|t:|1782893439\n|move|p1a: Coalossal|Stealth Rock|p2a: Torkoal\n|-sidestart|p2: Niganmahaihaiaiyo|move: Stealth Rock\n|move|p2a: Torkoal|Yawn|p1a: Coalossal\n|-start|p1a: Coalossal|move: Yawn|[of] p2a: Torkoal\n|\n|-weather|SunnyDay|[upkeep]\n|upkeep\n|turn|11\n|\n|t:|1782893449\n|switch|p1a: Komala|Komala, L88, F|101/258\n|-ability|p1a: Komala|Comatose\n|move|p2a: Torkoal|Rapid Spin|p1a: Komala\n|-damage|p1a: Komala|62/258\n|-boost|p2a: Torkoal|spe|1\n|-sideend|p2: Niganmahaihaiaiyo|Stealth Rock|[from] move: Rapid Spin|[of] p2a: Torkoal\n|\n|-weather|SunnyDay|[upkeep]\n|upkeep\n|turn|12\n|\n|t:|1782893458\n|move|p1a: Komala|Body Slam|p2a: Torkoal\n|-damage|p2a: Torkoal|120/266\n|-status|p2a: Torkoal|par\n|move|p2a: Torkoal|Lava Plume|p1a: Komala\n|-damage|p1a: Komala|0 fnt\n|faint|p1a: Komala\n|\n|-weather|none\n|upkeep\n|\n|t:|1782893468\n|switch|p1a: Coalossal|Coalossal, L89, M|311/341\n|turn|13\n|\n|t:|1782893472\n|switch|p2a: Gastrodon|Gastrodon, L86, M|331/331\n|move|p1a: Coalossal|Stealth Rock|p2a: Gastrodon\n|-sidestart|p2: Niganmahaihaiaiyo|move: Stealth Rock\n|\n|upkeep\n|turn|14\n|\n|t:|1782893481\n|switch|p1a: Ariados|Ariados, L95, M|287/287\n|move|p2a: Gastrodon|Stealth Rock|p1a: Ariados\n|-sidestart|p1: TheRealWolluf|move: Stealth Rock\n|\n|upkeep\n|turn|15\n|\n|t:|1782893492\n|switch|p2a: Ursaluna|Ursaluna, L79, M|335/335\n|-damage|p2a: Ursaluna|315/335|[from] Stealth Rock\n|move|p1a: Ariados|Sticky Web|p2a: Ursaluna\n|-sidestart|p2: Niganmahaihaiaiyo|move: Sticky Web\n|\n|-status|p2a: Ursaluna|brn|[from] item: Flame Orb\n|upkeep\n|turn|16\n|\n|t:|1782893500\n|-terastallize|p1a: Ariados|Ghost\n|move|p1a: Ariados|Toxic Spikes|p2a: Ursaluna\n|-sidestart|p2: Niganmahaihaiaiyo|move: Toxic Spikes\n|move|p2a: Ursaluna|Trailblaze|p1a: Ariados\n|-damage|p1a: Ariados|225/287\n|-boost|p2a: Ursaluna|spe|1\n|\n|-damage|p2a: Ursaluna|295/335 brn|[from] brn\n|upkeep\n|turn|17\n|\n|t:|1782893505\n|move|p2a: Ursaluna|Trailblaze|p1a: Ariados\n|-damage|p1a: Ariados|162/287\n|-boost|p2a: Ursaluna|spe|1\n|move|p1a: Ariados|Toxic Spikes|p2a: Ursaluna\n|-sidestart|p2: Niganmahaihaiaiyo|move: Toxic Spikes\n|\n|-damage|p2a: Ursaluna|275/335 brn|[from] brn\n|upkeep\n|turn|18\n|\n|t:|1782893509\n|move|p2a: Ursaluna|Crunch|p1a: Ariados\n|-supereffective|p1a: Ariados\n|-damage|p1a: Ariados|0 fnt\n|faint|p1a: Ariados\n|\n|-damage|p2a: Ursaluna|255/335 brn|[from] brn\n|upkeep\n|\n|t:|1782893513\n|switch|p1a: Coalossal|Coalossal, L89, M|311/341\n|turn|19\n|\n|t:|1782893519\n|move|p2a: Ursaluna|Headlong Rush|p1a: Coalossal\n|-supereffective|p1a: Coalossal\n|-damage|p1a: Coalossal|0 fnt\n|-unboost|p2a: Ursaluna|def|1\n|-unboost|p2a: Ursaluna|spd|1\n|faint|p1a: Coalossal\n|\n|-damage|p2a: Ursaluna|235/335 brn|[from] brn\n|upkeep\n|\n|t:|1782893528\n|switch|p1a: Beartic|Beartic, L91, F|321/321\n|turn|20\n|\n|t:|1782893540\n|-terastallize|p2a: Ursaluna|Normal\n|move|p2a: Ursaluna|Facade|p1a: Beartic\n|-damage|p1a: Beartic|0 fnt\n|faint|p1a: Beartic\n|\n|-damage|p2a: Ursaluna|215/335 brn|[from] brn\n|upkeep\n|-message|TheRealWolluf forfeited.\n|\n|win|Niganmahaihaiaiyo\n|raw|TheRealWolluf's rating: 1655 &rarr; <strong>1634</strong><br />(-21 for losing)\n|raw|Niganmahaihaiaiyo's rating: 1645 &rarr; <strong>1666</strong><br />(+21 for winning)\n|l|\u2606TheRealWolluf\n|player|p1|\n", "inputlog": ">version f8ac14003a5f27e1bdc8d8c59608a773c1cb96e5\n>start {\"formatid\":\"gen9randombattle\",\"seed\":\"sodium,feb4e72b625086dd048aeaaca7accc39\",\"rated\":\"Rated battle\"}\n>player p1 {\"name\":\"TheRealWolluf\",\"avatar\":\"gambler\",\"rating\":1655,\"seed\":\"sodium,d56774273d593e6804ab2689734a31f8\"}\n>player p2 {\"name\":\"Niganmahaihaiaiyo\",\"avatar\":\"shadowtriad\",\"rating\":1645,\"seed\":\"sodium,80baee43494c1978a5f4d8fb59e130ba\"}\n>p1 move substitute\n>p2 move stealthrock\n>p1 move leechseed\n>p2 switch 3\n>p1 move sleeppowder\n>p2 move flareblitz\n>p1 move substitute\n>p2 switch 5\n>p1 move leechseed\n>p2 move encore\n>p1 switch 3\n>p2 move freezedry\n>p1 move rapidspin\n>p2 move hydropump\n>p1 move knockoff\n>p2 switch 2\n>p1 move uturn\n>p2 move lavaplume\n>p1 switch 4\n>p1 move stealthrock\n>p2 move yawn\n>p1 switch 4\n>p2 move rapidspin\n>p1 move bodyslam\n>p2 move lavaplume\n>p1 switch 4\n>p1 move stealthrock\n>p2 switch 3\n>p1 switch 6\n>p2 move stealthrock\n>p1 move stickyweb\n>p2 switch 6\n>p1 move toxicspikes terastallize\n>p2 move trailblaze\n>p1 move toxicspikes\n>p2 move trailblaze\n>p1 move poisonjab\n>p2 move crunch\n>p1 switch 6\n>p1 move overheat\n>p2 move headlongrush\n>p1 switch 2\n>p1 move snowscape\n>p2 move facade terastallize\n>forcelose p1", "uploadtime": 1782893550, "views": 2, "formatid": "gen9randombattle", "rating": 1634, "private": 0, "password": null, "player_dets": [{"name": "TheRealWolluf", "avatar": "gambler", "rating": 1655, "seed": "sodium,d56774273d593e6804ab2689734a31f8"}, {"name": "Niganmahaihaiaiyo", "avatar": "shadowtriad", "rating": 1645, "seed": "sodium,80baee43494c1978a5f4d8fb59e130ba"}], "teams_full": [{"Venusaur": {"name": "Venusaur", "species": "Venusaur", "speciesId": "venusaur", "gender": "M", "shiny": false, "level": 84, "moves": ["substitute", "leechseed", "sleeppowder", "sludgebomb"], "ability": "Chlorophyll", "evs": {"hp": 85, "atk": 0, "def": 85, "spa": 85, "spd": 85, "spe": 85}, "ivs": {"hp": 31, "atk": 0, "def": 31, "spa": 31, "spd": 31, "spe": 31}, "item": "Leftovers", "teraType": "Steel", "role": "Bulky Support", "bvs": {"hp": 80, "atk": 82, "def": 83, "spa": 100, "spd": 100, "spe": 80}, "stats": {"hp": 272, "atk": 142, "def": 188, "spa": 216, "spd": 216, "spe": 183}, "types": ["Grass", "Poison"]}, "Beartic": {"name": "Beartic", "species": "Beartic", "speciesId": "beartic", "gender": "F", "shiny": false, "level": 91, "moves": ["earthquake", "snowscape", "iciclecrash", "swordsdance"], "ability": "Slush Rush", "evs": {"hp": 85, "atk": 85, "def": 85, "spa": 85, "spd": 85, "spe": 85}, "ivs": {"hp": 31, "atk": 31, "def": 31, "spa": 31, "spd": 31, "spe": 31}, "item": "Heavy-Duty Boots", "teraType": "Ground", "role": "Wallbreaker", "bvs": {"hp": 95, "atk": 130, "def": 80, "spa": 70, "spd": 80, "spe": 50}, "stats": {"hp": 321, "atk": 288, "def": 197, "spa": 179, "spd": 197, "spe": 143}, "types": ["Ice"]}, "Komala": {"name": "Komala", "species": "Komala", "speciesId": "komala", "gender": "F", "shiny": false, "level": 88, "moves": ["rapidspin", "knockoff", "uturn", "bodyslam"], "ability": "Comatose", "evs": {"hp": 85, "atk": 85, "def": 85, "spa": 85, "spd": 85, "spe": 85}, "ivs": {"hp": 31, "atk": 31, "def": 31, "spa": 31, "spd": 31, "spe": 31}, "item": "Assault Vest", "teraType": "Ghost", "role": "Bulky Support", "bvs": {"hp": 65, "atk": 115, "def": 65, "spa": 75, "spd": 95, "spe": 65}, "stats": {"hp": 258, "atk": 253, "def": 165, "spa": 182, "spd": 217, "spe": 165}, "types": ["Normal"]}, "Coalossal": {"name": "Coalossal", "species": "Coalossal", "speciesId": "coalossal", "gender": "M", "shiny": false, "level": 89, "moves": ["stealthrock", "overheat", "willowisp", "stoneedge"], "ability": "Flame Body", "evs": {"hp": 85, "atk": 85, "def": 85, "spa": 85, "spd": 85, "spe": 85}, "ivs": {"hp": 31, "atk": 31, "def": 31, "spa": 31, "spd": 31, "spe": 31}, "item": "Heavy-Duty Boots", "teraType": "Grass", "role": "Bulky Support", "bvs": {"hp": 110, "atk": 80, "def": 120, "spa": 80, "spd": 90, "spe": 30}, "stats": {"hp": 341, "atk": 193, "def": 264, "spa": 193, "spd": 211, "spe": 104}, "types": ["Rock", "Fire"]}, "Blaziken": {"name": "Blaziken", "species": "Blaziken", "speciesId": "blaziken", "gender": "F", "shiny": false, "level": 76, "moves": ["closecombat", "knockoff", "swordsdance", "flareblitz"], "ability": "Speed Boost", "evs": {"hp": 85, "atk": 85, "def": 85, "spa": 85, "spd": 85, "spe": 85}, "ivs": {"hp": 31, "atk": 31, "def": 31, "spa": 31, "spd": 31, "spe": 31}, "item": "Life Orb", "teraType": "Dark", "role": "Setup Sweeper", "bvs": {"hp": 80, "atk": 120, "def": 70, "spa": 110, "spd": 70, "spe": 80}, "stats": {"hp": 247, "atk": 226, "def": 150, "spa": 211, "spd": 150, "spe": 166}, "types": ["Fire", "Fighting"]}, "Ariados": {"name": "Ariados", "species": "Ariados", "speciesId": "ariados", "gender": "M", "shiny": false, "level": 95, "moves": ["poisonjab", "stickyweb", "toxicspikes", "megahorn"], "ability": "Insomnia", "evs": {"hp": 85, "atk": 85, "def": 85, "spa": 85, "spd": 85, "spe": 85}, "ivs": {"hp": 31, "atk": 31, "def": 31, "spa": 31, "spd": 31, "spe": 31}, "item": "Heavy-Duty Boots", "teraType": "Ghost", "role": "Fast Support", "bvs": {"hp": 70, "atk": 90, "def": 70, "spa": 60, "spd": 70, "spe": 40}, "stats": {"hp": 287, "atk": 225, "def": 187, "spa": 168, "spd": 187, "spe": 130}, "types": ["Bug", "Poison"]}}, {"Gastrodon": {"name": "Gastrodon", "species": "Gastrodon", "speciesId": "gastrodon", "gender": "M", "shiny": false, "level": 86, "moves": ["stealthrock", "earthquake", "recover", "surf"], "ability": "Storm Drain", "evs": {"hp": 85, "atk": 85, "def": 85, "spa": 85, "spd": 85, "spe": 85}, "ivs": {"hp": 31, "atk": 31, "def": 31, "spa": 31, "spd": 31, "spe": 31}, "item": "Leftovers", "teraType": "Steel", "role": "Bulky Attacker", "bvs": {"hp": 111, "atk": 83, "def": 68, "spa": 92, "spd": 82, "spe": 39}, "stats": {"hp": 331, "atk": 192, "def": 166, "spa": 207, "spd": 190, "spe": 116}, "types": ["Water", "Ground"]}, "Torkoal": {"name": "Torkoal", "species": "Torkoal", "speciesId": "torkoal", "gender": "F", "shiny": false, "level": 88, "moves": ["rapidspin", "solarbeam", "yawn", "lavaplume"], "ability": "Drought", "evs": {"hp": 85, "atk": 85, "def": 85, "spa": 85, "spd": 85, "spe": 85}, "ivs": {"hp": 31, "atk": 31, "def": 31, "spa": 31, "spd": 31, "spe": 31}, "item": "Heavy-Duty Boots", "teraType": "Grass", "role": "Bulky Support", "bvs": {"hp": 70, "atk": 85, "def": 140, "spa": 85, "spd": 70, "spe": 20}, "stats": {"hp": 266, "atk": 200, "def": 297, "spa": 200, "spd": 173, "spe": 85}, "types": ["Fire"]}, "Charizard": {"name": "Charizard", "species": "Charizard", "speciesId": "charizard", "gender": "F", "shiny": false, "level": 85, "moves": ["swordsdance", "earthquake", "outrage", "flareblitz"], "ability": "Blaze", "evs": {"hp": 85, "atk": 85, "def": 85, "spa": 85, "spd": 85, "spe": 85}, "ivs": {"hp": 31, "atk": 31, "def": 31, "spa": 31, "spd": 31, "spe": 31}, "item": "Heavy-Duty Boots", "teraType": "Dragon", "role": "Setup Sweeper", "bvs": {"hp": 78, "atk": 84, "def": 78, "spa": 109, "spd": 85, "spe": 100}, "stats": {"hp": 271, "atk": 192, "def": 181, "spa": 234, "spd": 193, "spe": 219}, "types": ["Fire", "Flying"]}, "Fezandipiti": {"name": "Fezandipiti", "species": "Fezandipiti", "speciesId": "fezandipiti", "gender": "M", "shiny": false, "level": 82, "moves": ["gunkshot", "playrough", "terablast", "swordsdance"], "ability": "Toxic Chain", "evs": {"hp": 85, "atk": 85, "def": 85, "spa": 85, "spd": 85, "spe": 85}, "ivs": {"hp": 31, "atk": 31, "def": 31, "spa": 31, "spd": 31, "spe": 31}, "item": "Leftovers", "teraType": "Ground", "role": "Tera Blast user", "bvs": {"hp": 88, "atk": 91, "def": 82, "spa": 70, "spd": 125, "spe": 99}, "stats": {"hp": 278, "atk": 196, "def": 182, "spa": 162, "spd": 252, "spe": 210}, "types": ["Poison", "Fairy"]}, "Iron Bundle": {"name": "Iron Bundle", "species": "Iron Bundle", "speciesId": "ironbundle", "gender": "N", "shiny": false, "level": 78, "moves": ["encore", "flipturn", "hydropump", "freezedry"], "ability": "Quark Drive", "evs": {"hp": 85, "atk": 85, "def": 85, "spa": 85, "spd": 85, "spe": 85}, "ivs": {"hp": 31, "atk": 31, "def": 31, "spa": 31, "spd": 31, "spe": 31}, "item": "Heavy-Duty Boots", "teraType": "Water", "role": "Fast Attacker", "bvs": {"hp": 56, "atk": 80, "def": 114, "spa": 124, "spd": 60, "spe": 136}, "stats": {"hp": 215, "atk": 170, "def": 223, "spa": 239, "spd": 139, "spe": 257}, "types": ["Ice", "Water"]}, "Ursaluna": {"name": "Ursaluna", "species": "Ursaluna", "speciesId": "ursaluna", "gender": "M", "shiny": false, "level": 79, "moves": ["headlongrush", "trailblaze", "facade", "crunch"], "ability": "Guts", "evs": {"hp": 85, "atk": 85, "def": 85, "spa": 85, "spd": 85, "spe": 85}, "ivs": {"hp": 31, "atk": 31, "def": 31, "spa": 31, "spd": 31, "spe": 31}, "item": "Flame Orb", "teraType": "Normal", "role": "Bulky Attacker", "bvs": {"hp": 130, "atk": 140, "def": 105, "spa": 45, "spd": 80, "spe": 50}, "stats": {"hp": 335, "atk": 267, "def": 211, "spa": 117, "spd": 172, "spe": 125}, "types": ["Ground", "Normal"]}}]}