{"id": "gen9randombattle-2642107826", "format": "[Gen 9] Random Battle", "players": ["notmetbh102", "Seit417"], "log": "|j|\u2606notmetbh102\n|j|\u2606Seit417\n|t:|1782891601\n|gametype|singles\n|player|p1|notmetbh102|265|2165\n|player|p2|Seit417|burglar|2249\n|gen|9\n|tier|[Gen 9] Random Battle\n|rated|\n|rule|Species Clause: Limit one of each Pok\u00e9mon\n|rule|HP Percentage Mod: HP is shown in percentages\n|rule|Sleep Clause Mod: Limit one foe put to sleep\n|rule|Illusion Level Mod: Illusion disguises the Pok\u00e9mon's true level\n|\n|t:|1782891601\n|teamsize|p1|6\n|teamsize|p2|6\n|start\n|switch|p1a: Clodsire|Clodsire, L81, M|343/343\n|switch|p2a: Primarina|Primarina, L83, M|268/268\n|turn|1\n|inactive|Battle timer is ON: inactive players will automatically lose when time's up. (requested by notmetbh102)\n|c|\u2606notmetbh102|hf\n|\n|t:|1782891611\n|move|p2a: Primarina|Psychic|p1a: Clodsire\n|-supereffective|p1a: Clodsire\n|-damage|p1a: Clodsire|133/343\n|move|p1a: Clodsire|Poison Jab|p2a: Primarina\n|-supereffective|p2a: Primarina\n|-damage|p2a: Primarina|110/268\n|\n|-heal|p1a: Clodsire|154/343|[from] item: Leftovers\n|upkeep\n|turn|2\n|\n|t:|1782891631\n|switch|p2a: Delphox|Delphox, L84, F|263/263\n|switch|p1a: Mew|Mew, L82|298/298\n|\n|upkeep\n|turn|3\n|\n|t:|1782891637\n|move|p2a: Delphox|Fire Blast|p1a: Mew|[miss]\n|-miss|p2a: Delphox|p1a: Mew\n|move|p1a: Mew|Nasty Plot|p1a: Mew\n|-boost|p1a: Mew|spa|2\n|\n|upkeep\n|turn|4\n|\n|t:|1782891644\n|switch|p2a: Tsareena|Tsareena, L87, F|267/267\n|move|p1a: Mew|Psyshock|p2a: Tsareena\n|-damage|p2a: Tsareena|71/267\n|-damage|p1a: Mew|269/298|[from] item: Life Orb\n|\n|upkeep\n|turn|5\n|\n|t:|1782891656\n|move|p2a: Tsareena|Power Whip|p1a: Mew\n|-damage|p1a: Mew|127/298\n|move|p1a: Mew|Psyshock|p2a: Tsareena\n|-damage|p2a: Tsareena|0 fnt\n|faint|p2a: Tsareena\n|-damage|p1a: Mew|98/298|[from] item: Life Orb\n|\n|upkeep\n|inactive|Seit417 has 120 seconds left.\n|\n|t:|1782891682\n|switch|p2a: Barraskewda|Barraskewda, L81, M|231/231\n|turn|6\n|\n|t:|1782891687\n|switch|p1a: Clodsire|Clodsire, L81, M|154/343\n|move|p2a: Barraskewda|Flip Turn|p1a: Clodsire\n|-heal|p1a: Clodsire|239/343|[from] ability: Water Absorb|[of] p2a: Barraskewda\n|\n|-heal|p1a: Clodsire|260/343|[from] item: Leftovers\n|upkeep\n|turn|7\n|\n|t:|1782891700\n|switch|p2a: Delphox|Delphox, L84, F|263/263\n|move|p1a: Clodsire|Earthquake|p2a: Delphox\n|-supereffective|p2a: Delphox\n|-damage|p2a: Delphox|65/263\n|\n|-heal|p1a: Clodsire|281/343|[from] item: Leftovers\n|upkeep\n|turn|8\n|\n|t:|1782891709\n|move|p2a: Delphox|Psyshock|p1a: Clodsire\n|-supereffective|p1a: Clodsire\n|-damage|p1a: Clodsire|27/343\n|move|p1a: Clodsire|Poison Jab|p2a: Delphox\n|-damage|p2a: Delphox|0 fnt\n|faint|p2a: Delphox\n|\n|-heal|p1a: Clodsire|48/343|[from] item: Leftovers\n|upkeep\n|\n|t:|1782891716\n|switch|p2a: Primarina|Primarina, L83, M|110/268\n|turn|9\n|\n|t:|1782891719\n|move|p2a: Primarina|Moonblast|p1a: Clodsire\n|-resisted|p1a: Clodsire\n|-damage|p1a: Clodsire|0 fnt\n|faint|p1a: Clodsire\n|\n|upkeep\n|\n|t:|1782891720\n|switch|p1a: Sandslash|Sandslash, L89, F|278/278\n|turn|10\n|\n|t:|1782891727\n|move|p1a: Sandslash|Earthquake|p2a: Primarina\n|-damage|p2a: Primarina|0 fnt\n|faint|p2a: Primarina\n|\n|upkeep\n|\n|t:|1782891735\n|switch|p2a: Sunflora|Sunflora, M|312/312\n|turn|11\n|\n|t:|1782891738\n|switch|p1a: Volbeat|Volbeat, L90, M|263/263\n|move|p2a: Sunflora|Sunny Day|p2a: Sunflora\n|-weather|SunnyDay\n|\n|-weather|SunnyDay|[upkeep]\n|upkeep\n|turn|12\n|\n|t:|1782891740\n|switch|p2a: Magnezone|Magnezone, L85|258/258\n|move|p1a: Volbeat|Encore||[still]\n|-fail|p1a: Volbeat\n|\n|-weather|SunnyDay|[upkeep]\n|upkeep\n|turn|13\n|\n|t:|1782891745\n|switch|p2a: Sunflora|Sunflora, M|312/312\n|switch|p1a: Bastiodon|Bastiodon, L89, F|252/252\n|\n|-weather|SunnyDay|[upkeep]\n|upkeep\n|turn|14\n|\n|t:|1782891760\n|-terastallize|p1a: Bastiodon|Fighting\n|move|p2a: Sunflora|Weather Ball|p1a: Bastiodon\n|-damage|p1a: Bastiodon|121/252\n|-damage|p2a: Sunflora|281/312|[from] item: Life Orb\n|move|p1a: Bastiodon|Rest|p1a: Bastiodon\n|-status|p1a: Bastiodon|slp|[from] move: Rest\n|-heal|p1a: Bastiodon|252/252 slp|[silent]\n|-enditem|p1a: Bastiodon|Chesto Berry|[eat]\n|-curestatus|p1a: Bastiodon|slp|[msg]\n|\n|-weather|SunnyDay|[upkeep]\n|upkeep\n|turn|15\n|\n|t:|1782891777\n|move|p2a: Sunflora|Solar Beam||[still]\n|-prepare|p2a: Sunflora|Solar Beam\n|-anim|p2a: Sunflora|Solar Beam|p1a: Bastiodon\n|-damage|p1a: Bastiodon|91/252\n|-damage|p2a: Sunflora|250/312|[from] item: Life Orb\n|move|p1a: Bastiodon|Body Press|p2a: Sunflora\n|-damage|p2a: Sunflora|88/312\n|\n|-weather|none\n|upkeep\n|turn|16\n|\n|t:|1782891792\n|move|p2a: Sunflora|Earth Power|p1a: Bastiodon\n|-damage|p1a: Bastiodon|5/252\n|-damage|p2a: Sunflora|57/312|[from] item: Life Orb\n|move|p1a: Bastiodon|Rest|p1a: Bastiodon\n|-status|p1a: Bastiodon|slp|[from] move: Rest\n|-heal|p1a: Bastiodon|252/252 slp|[silent]\n|\n|upkeep\n|turn|17\n|\n|t:|1782891799\n|switch|p1a: Volbeat|Volbeat, L90, M|263/263\n|move|p2a: Sunflora|Sunny Day|p2a: Sunflora\n|-weather|SunnyDay\n|\n|-weather|SunnyDay|[upkeep]\n|upkeep\n|turn|18\n|\n|t:|1782891806\n|switch|p2a: Magnezone|Magnezone, L85|258/258\n|move|p1a: Volbeat|Encore||[still]\n|-fail|p1a: Volbeat\n|\n|-weather|SunnyDay|[upkeep]\n|upkeep\n|turn|19\n|\n|t:|1782891813\n|switch|p2a: Sunflora|Sunflora, M|57/312\n|move|p1a: Volbeat|Lunge|p2a: Sunflora\n|-supereffective|p2a: Sunflora\n|-damage|p2a: Sunflora|0 fnt\n|faint|p2a: Sunflora\n|\n|-weather|SunnyDay|[upkeep]\n|upkeep\n|\n|t:|1782891817\n|switch|p2a: Magnezone|Magnezone, L85|258/258\n|turn|20\n|\n|t:|1782891823\n|move|p2a: Magnezone|Flash Cannon|p1a: Volbeat\n|-damage|p1a: Volbeat|152/263\n|move|p1a: Volbeat|Lunge|p2a: Magnezone\n|-resisted|p2a: Magnezone\n|-damage|p2a: Magnezone|227/258\n|-unboost|p2a: Magnezone|atk|1\n|\n|-weather|SunnyDay|[upkeep]\n|upkeep\n|turn|21\n|\n|t:|1782891826\n|move|p1a: Volbeat|Roost|p1a: Volbeat\n|-heal|p1a: Volbeat|263/263\n|-singleturn|p1a: Volbeat|move: Roost\n|move|p2a: Magnezone|Flash Cannon|p1a: Volbeat\n|-damage|p1a: Volbeat|163/263\n|\n|-weather|none\n|upkeep\n|turn|22\n|\n|t:|1782891828\n|move|p2a: Magnezone|Flash Cannon|p1a: Volbeat\n|-damage|p1a: Volbeat|49/263\n|move|p1a: Volbeat|Lunge|p2a: Magnezone\n|-resisted|p2a: Magnezone\n|-damage|p2a: Magnezone|196/258\n|-unboost|p2a: Magnezone|atk|1\n|\n|upkeep\n|turn|23\n|\n|t:|1782891830\n|switch|p1a: Sandslash|Sandslash, L89, F|278/278\n|move|p2a: Magnezone|Flash Cannon|p1a: Sandslash\n|-damage|p1a: Sandslash|130/278\n|\n|-heal|p1a: Sandslash|147/278|[from] item: Leftovers\n|upkeep\n|turn|24\n|\n|t:|1782891834\n|switch|p2a: Barraskewda|Barraskewda, L81, M|231/231\n|move|p1a: Sandslash|Knock Off|p2a: Barraskewda\n|-damage|p2a: Barraskewda|115/231\n|-enditem|p2a: Barraskewda|Choice Band|[from] move: Knock Off|[of] p1a: Sandslash\n|\n|-heal|p1a: Sandslash|164/278|[from] item: Leftovers\n|upkeep\n|turn|25\n|\n|t:|1782891840\n|switch|p1a: Wigglytuff|Wigglytuff, L96, M|424/424\n|move|p2a: Barraskewda|Waterfall|p1a: Wigglytuff\n|-damage|p1a: Wigglytuff|294/424\n|\n|-heal|p1a: Wigglytuff|320/424|[from] item: Leftovers\n|upkeep\n|turn|26\n|\n|t:|1782891853\n|move|p1a: Wigglytuff|Protect|p1a: Wigglytuff\n|-singleturn|p1a: Wigglytuff|Protect\n|move|p2a: Barraskewda|Waterfall|p1a: Wigglytuff\n|-activate|p1a: Wigglytuff|move: Protect\n|\n|-heal|p1a: Wigglytuff|346/424|[from] item: Leftovers\n|upkeep\n|turn|27\n|\n|t:|1782891866\n|move|p2a: Barraskewda|Waterfall|p1a: Wigglytuff\n|-damage|p1a: Wigglytuff|222/424\n|move|p1a: Wigglytuff|Wish|p1a: Wigglytuff\n|\n|-heal|p1a: Wigglytuff|248/424|[from] item: Leftovers\n|upkeep\n|turn|28\n|\n|t:|1782891870\n|move|p2a: Barraskewda|Waterfall|p1a: Wigglytuff\n|-damage|p1a: Wigglytuff|118/424\n|move|p1a: Wigglytuff|Knock Off|p2a: Barraskewda\n|-damage|p2a: Barraskewda|55/231\n|\n|-heal|p1a: Wigglytuff|330/424|[from] move: Wish|[wisher] Wigglytuff\n|-heal|p1a: Wigglytuff|356/424|[from] item: Leftovers\n|upkeep\n|turn|29\n|\n|t:|1782891872\n|switch|p2a: Magnezone|Magnezone, L85|196/258\n|move|p1a: Wigglytuff|Protect||[still]\n|-fail|p1a: Wigglytuff\n|\n|-heal|p1a: Wigglytuff|382/424|[from] item: Leftovers\n|upkeep\n|turn|30\n|\n|t:|1782891878\n|move|p2a: Magnezone|Flash Cannon|p1a: Wigglytuff\n|-supereffective|p1a: Wigglytuff\n|-damage|p1a: Wigglytuff|92/424\n|move|p1a: Wigglytuff|Wish|p1a: Wigglytuff\n|\n|-heal|p1a: Wigglytuff|118/424|[from] item: Leftovers\n|upkeep\n|turn|31\n|\n|t:|1782891883\n|move|p1a: Wigglytuff|Protect|p1a: Wigglytuff\n|-singleturn|p1a: Wigglytuff|Protect\n|move|p2a: Magnezone|Flash Cannon|p1a: Wigglytuff\n|-activate|p1a: Wigglytuff|move: Protect\n|\n|-heal|p1a: Wigglytuff|330/424|[from] move: Wish|[wisher] Wigglytuff\n|-heal|p1a: Wigglytuff|356/424|[from] item: Leftovers\n|upkeep\n|turn|32\n|\n|t:|1782891884\n|move|p2a: Magnezone|Flash Cannon|p1a: Wigglytuff\n|-supereffective|p1a: Wigglytuff\n|-damage|p1a: Wigglytuff|74/424\n|move|p1a: Wigglytuff|Wish|p1a: Wigglytuff\n|\n|-heal|p1a: Wigglytuff|100/424|[from] item: Leftovers\n|upkeep\n|turn|33\n|\n|t:|1782891888\n|move|p1a: Wigglytuff|Protect|p1a: Wigglytuff\n|-singleturn|p1a: Wigglytuff|Protect\n|move|p2a: Magnezone|Flash Cannon|p1a: Wigglytuff\n|-activate|p1a: Wigglytuff|move: Protect\n|\n|-heal|p1a: Wigglytuff|312/424|[from] move: Wish|[wisher] Wigglytuff\n|-heal|p1a: Wigglytuff|338/424|[from] item: Leftovers\n|upkeep\n|turn|34\n|\n|t:|1782891889\n|switch|p1a: Volbeat|Volbeat, L90, M|49/263\n|move|p2a: Magnezone|Flash Cannon|p1a: Volbeat\n|-damage|p1a: Volbeat|0 fnt\n|faint|p1a: Volbeat\n|\n|upkeep\n|\n|t:|1782891890\n|switch|p1a: Sandslash|Sandslash, L89, F|164/278\n|turn|35\n|\n|t:|1782891892\n|-terastallize|p2a: Magnezone|Fighting\n|move|p2a: Magnezone|Flash Cannon|p1a: Sandslash\n|-damage|p1a: Sandslash|14/278\n|move|p1a: Sandslash|Knock Off|p2a: Magnezone\n|-resisted|p2a: Magnezone\n|-damage|p2a: Magnezone|163/258\n|-enditem|p2a: Magnezone|Choice Scarf|[from] move: Knock Off|[of] p1a: Sandslash\n|\n|-heal|p1a: Sandslash|31/278|[from] item: Leftovers\n|upkeep\n|turn|36\n|\n|t:|1782891899\n|move|p1a: Sandslash|Earthquake|p2a: Magnezone\n|-damage|p2a: Magnezone|73/258\n|move|p2a: Magnezone|Flash Cannon|p1a: Sandslash\n|-damage|p1a: Sandslash|0 fnt\n|faint|p1a: Sandslash\n|\n|upkeep\n|\n|t:|1782891900\n|switch|p1a: Mew|Mew, L82|98/298\n|turn|37\n|\n|t:|1782891902\n|move|p1a: Mew|Psyshock|p2a: Magnezone\n|-supereffective|p2a: Magnezone\n|-damage|p2a: Magnezone|0 fnt\n|faint|p2a: Magnezone\n|-damage|p1a: Mew|69/298|[from] item: Life Orb\n|\n|upkeep\n|\n|t:|1782891904\n|switch|p2a: Barraskewda|Barraskewda, L81, M|55/231\n|turn|38\n|\n|t:|1782891910\n|move|p2a: Barraskewda|Waterfall|p1a: Mew\n|-damage|p1a: Mew|0 fnt\n|faint|p1a: Mew\n|\n|upkeep\n|\n|t:|1782891911\n|switch|p1a: Wigglytuff|Wigglytuff, L96, M|338/424\n|turn|39\n|\n|t:|1782891913\n|move|p2a: Barraskewda|Waterfall|p1a: Wigglytuff\n|-damage|p1a: Wigglytuff|202/424\n|move|p1a: Wigglytuff|Alluring Voice|p2a: Barraskewda\n|-damage|p2a: Barraskewda|0 fnt\n|faint|p2a: Barraskewda\n|\n|win|notmetbh102\n|raw|notmetbh102's rating: 2165 &rarr; <strong>2190</strong><br />(+25 for winning)\n|raw|Seit417's rating: 2249 &rarr; <strong>2224</strong><br />(-25 for losing)\n|c|\u2606notmetbh102|gg\n", "inputlog": ">version f8ac14003a5f27e1bdc8d8c59608a773c1cb96e5\n>start {\"formatid\":\"gen9randombattle\",\"seed\":\"sodium,e06adb7a32e08392301221dfcc48267f\",\"rated\":\"Rated battle\"}\n>player p1 {\"name\":\"notmetbh102\",\"avatar\":\"265\",\"rating\":2165,\"seed\":\"sodium,ba45bdf05343fb0380a5c3d072d70100\"}\n>player p2 {\"name\":\"Seit417\",\"avatar\":\"burglar\",\"rating\":2249,\"seed\":\"sodium,5dd5627997df28d260e1e4f5609b2e29\"}\n>chat \u2606notmetbh102|hf\n>p1 move poisonjab\n>p2 move psychic\n>p1 switch 5\n>p2 switch 5\n>p1 move nastyplot\n>p2 move fireblast\n>p1 move psyshock\n>p2 switch 3\n>p1 move psyshock\n>p2 move powerwhip\n>p2 switch 4\n>p1 switch 5\n>p2 move flipturn\n>p1 move earthquake\n>p2 switch 3\n>p1 move poisonjab\n>p2 move psyshock\n>p2 switch 5\n>p1 move poisonjab\n>p2 move moonblast\n>p1 switch 6\n>p1 move earthquake\n>p2 move moonblast\n>p2 switch 6\n>p1 switch 4\n>p2 move sunnyday\n>p1 move encore\n>p2 switch 2\n>p1 switch 2\n>p2 switch 2\n>p1 move rest terastallize\n>p2 move weatherball\n>p1 move bodypress\n>p2 move solarbeam\n>p1 move rest\n>p2 move earthpower\n>p1 switch 2\n>p2 move sunnyday\n>p1 move encore\n>p2 switch 2\n>p1 move lunge\n>p2 switch 2\n>p2 switch 2\n>p1 move lunge\n>p2 move flashcannon\n>p1 move roost\n>p2 move flashcannon\n>p1 move lunge\n>p2 move flashcannon\n>p1 switch 4\n>p2 move flashcannon\n>p1 move knockoff\n>p2 switch 3\n>p1 switch 3\n>p2 move waterfall\n>p1 move protect\n>p2 move waterfall\n>p1 move wish\n>p2 move waterfall\n>p1 move knockoff\n>p2 move waterfall\n>p1 move protect\n>p2 switch 3\n>p1 move wish\n>p2 move flashcannon\n>p1 move protect\n>p2 move flashcannon\n>p1 move wish\n>p2 move flashcannon\n>p1 move protect\n>p2 move flashcannon\n>p1 switch 4\n>p2 move flashcannon\n>p1 switch 3\n>p1 move knockoff\n>p2 move flashcannon terastallize\n>p1 move earthquake\n>p2 move flashcannon\n>p1 switch 5\n>p1 move psyshock\n>p2 move flashcannon\n>p2 switch 3\n>p1 move psyshock\n>p2 move waterfall\n>p1 switch 4\n>p1 move alluringvoice\n>p2 move waterfall", "uploadtime": 1782891914, "views": 3, "formatid": "gen9randombattle", "rating": 2190, "private": 0, "password": null, "player_dets": [{"name": "notmetbh102", "avatar": "265", "rating": 2165, "seed": "sodium,ba45bdf05343fb0380a5c3d072d70100"}, {"name": "Seit417", "avatar": "burglar", "rating": 2249, "seed": "sodium,5dd5627997df28d260e1e4f5609b2e29"}], "teams_full": [{"Clodsire": {"name": "Clodsire", "species": "Clodsire", "speciesId": "clodsire", "gender": "M", "shiny": false, "level": 81, "moves": ["spikes", "poisonjab", "recover", "earthquake"], "ability": "Water Absorb", "evs": {"hp": 85, "atk": 85, "def": 85, "spa": 85, "spd": 85, "spe": 85}, "ivs": {"hp": 31, "atk": 31, "def": 31, "spa": 31, "spd": 31, "spe": 31}, "item": "Leftovers", "teraType": "Steel", "role": "Bulky Support", "bvs": {"hp": 130, "atk": 75, "def": 60, "spa": 45, "spd": 100, "spe": 20}, "stats": {"hp": 343, "atk": 168, "def": 144, "spa": 120, "spd": 209, "spe": 79}, "types": ["Poison", "Ground"]}, "Bastiodon": {"name": "Bastiodon", "species": "Bastiodon", "speciesId": "bastiodon", "gender": "F", "shiny": false, "level": 89, "moves": ["foulplay", "rest", "bodypress", "irondefense"], "ability": "Soundproof", "evs": {"hp": 85, "atk": 0, "def": 85, "spa": 85, "spd": 85, "spe": 85}, "ivs": {"hp": 31, "atk": 0, "def": 31, "spa": 31, "spd": 31, "spe": 31}, "item": "Chesto Berry", "teraType": "Fighting", "role": "Bulky Setup", "bvs": {"hp": 60, "atk": 52, "def": 168, "spa": 47, "spd": 138, "spe": 30}, "stats": {"hp": 252, "atk": 97, "def": 350, "spa": 134, "spd": 296, "spe": 104}, "types": ["Rock", "Steel"]}, "Wigglytuff": {"name": "Wigglytuff", "species": "Wigglytuff", "speciesId": "wigglytuff", "gender": "M", "shiny": false, "level": 96, "moves": ["alluringvoice", "knockoff", "wish", "protect"], "ability": "Competitive", "evs": {"hp": 85, "atk": 85, "def": 85, "spa": 85, "spd": 85, "spe": 85}, "ivs": {"hp": 31, "atk": 31, "def": 31, "spa": 31, "spd": 31, "spe": 31}, "item": "Leftovers", "teraType": "Poison", "role": "Bulky Support", "bvs": {"hp": 140, "atk": 70, "def": 45, "spa": 85, "spd": 50, "spe": 45}, "stats": {"hp": 424, "atk": 189, "def": 141, "spa": 218, "spd": 150, "spe": 141}, "types": ["Normal", "Fairy"]}, "Volbeat": {"name": "Volbeat", "species": "Volbeat", "speciesId": "volbeat", "gender": "M", "shiny": false, "level": 90, "moves": ["lunge", "thunderwave", "encore", "roost"], "ability": "Prankster", "evs": {"hp": 85, "atk": 85, "def": 85, "spa": 85, "spd": 85, "spe": 85}, "ivs": {"hp": 31, "atk": 31, "def": 31, "spa": 31, "spd": 31, "spe": 31}, "item": "Heavy-Duty Boots", "teraType": "Water", "role": "Bulky Attacker", "bvs": {"hp": 65, "atk": 73, "def": 75, "spa": 47, "spd": 85, "spe": 85}, "stats": {"hp": 263, "atk": 183, "def": 186, "spa": 136, "spd": 204, "spe": 204}, "types": ["Bug"]}, "Mew": {"name": "Mew", "species": "Mew", "speciesId": "mew", "gender": "N", "shiny": false, "level": 82, "moves": ["darkpulse", "aurasphere", "nastyplot", "psyshock"], "ability": "Synchronize", "evs": {"hp": 85, "atk": 0, "def": 85, "spa": 85, "spd": 85, "spe": 85}, "ivs": {"hp": 31, "atk": 0, "def": 31, "spa": 31, "spd": 31, "spe": 31}, "item": "Life Orb", "teraType": "Dark", "role": "Fast Bulky Setup", "bvs": {"hp": 100, "atk": 100, "def": 100, "spa": 100, "spd": 100, "spe": 100}, "stats": {"hp": 298, "atk": 169, "def": 211, "spa": 211, "spd": 211, "spe": 211}, "types": ["Psychic"]}, "Sandslash": {"name": "Sandslash", "species": "Sandslash", "speciesId": "sandslash", "gender": "F", "shiny": false, "level": 89, "moves": ["earthquake", "spikes", "knockoff", "rapidspin"], "ability": "Sand Rush", "evs": {"hp": 85, "atk": 85, "def": 85, "spa": 85, "spd": 85, "spe": 85}, "ivs": {"hp": 31, "atk": 31, "def": 31, "spa": 31, "spd": 31, "spe": 31}, "item": "Leftovers", "teraType": "Dragon", "role": "Bulky Support", "bvs": {"hp": 75, "atk": 100, "def": 110, "spa": 45, "spd": 55, "spe": 65}, "stats": {"hp": 278, "atk": 229, "def": 247, "spa": 131, "spd": 149, "spe": 166}, "types": ["Ground"]}}, {"Primarina": {"name": "Primarina", "species": "Primarina", "speciesId": "primarina", "gender": "M", "shiny": false, "level": 83, "moves": ["flipturn", "moonblast", "psychic", "hydropump"], "ability": "Torrent", "evs": {"hp": 85, "atk": 85, "def": 85, "spa": 85, "spd": 85, "spe": 85}, "ivs": {"hp": 31, "atk": 31, "def": 31, "spa": 31, "spd": 31, "spe": 31}, "item": "Choice Specs", "teraType": "Water", "role": "Wallbreaker", "bvs": {"hp": 80, "atk": 74, "def": 74, "spa": 126, "spd": 116, "spe": 60}, "stats": {"hp": 268, "atk": 171, "def": 171, "spa": 257, "spd": 240, "spe": 147}, "types": ["Water", "Fairy"]}, "Magnezone": {"name": "Magnezone", "species": "Magnezone", "speciesId": "magnezone", "gender": "N", "shiny": false, "level": 85, "moves": ["thunderbolt", "bodypress", "flashcannon", "voltswitch"], "ability": "Magnet Pull", "evs": {"hp": 85, "atk": 0, "def": 85, "spa": 85, "spd": 85, "spe": 85}, "ivs": {"hp": 31, "atk": 0, "def": 31, "spa": 31, "spd": 31, "spe": 31}, "item": "Choice Scarf", "teraType": "Fighting", "role": "Fast Attacker", "bvs": {"hp": 70, "atk": 70, "def": 115, "spa": 130, "spd": 90, "spe": 60}, "stats": {"hp": 258, "atk": 124, "def": 244, "spa": 270, "spd": 202, "spe": 151}, "types": ["Electric", "Steel"]}, "Tsareena": {"name": "Tsareena", "species": "Tsareena", "speciesId": "tsareena", "gender": "F", "shiny": false, "level": 87, "moves": ["powerwhip", "tripleaxel", "knockoff", "highjumpkick"], "ability": "Queenly Majesty", "evs": {"hp": 85, "atk": 85, "def": 85, "spa": 85, "spd": 85, "spe": 85}, "ivs": {"hp": 31, "atk": 31, "def": 31, "spa": 31, "spd": 31, "spe": 31}, "item": "Choice Scarf", "teraType": "Fighting", "role": "Fast Support", "bvs": {"hp": 72, "atk": 120, "def": 98, "spa": 50, "spd": 98, "spe": 72}, "stats": {"hp": 267, "atk": 259, "def": 220, "spa": 137, "spd": 220, "spe": 175}, "types": ["Grass"]}, "Barraskewda": {"name": "Barraskewda", "species": "Barraskewda", "speciesId": "barraskewda", "gender": "M", "shiny": false, "level": 81, "moves": ["flipturn", "psychicfangs", "waterfall", "closecombat"], "ability": "Swift Swim", "evs": {"hp": 85, "atk": 85, "def": 85, "spa": 85, "spd": 85, "spe": 85}, "ivs": {"hp": 31, "atk": 31, "def": 31, "spa": 31, "spd": 31, "spe": 31}, "item": "Choice Band", "teraType": "Water", "role": "Wallbreaker", "bvs": {"hp": 61, "atk": 123, "def": 60, "spa": 60, "spd": 50, "spe": 136}, "stats": {"hp": 231, "atk": 246, "def": 144, "spa": 144, "spd": 128, "spe": 267}, "types": ["Water"]}, "Delphox": {"name": "Delphox", "species": "Delphox", "speciesId": "delphox", "gender": "F", "shiny": false, "level": 84, "moves": ["focusblast", "psyshock", "fireblast", "grassknot"], "ability": "Blaze", "evs": {"hp": 85, "atk": 0, "def": 85, "spa": 85, "spd": 85, "spe": 85}, "ivs": {"hp": 31, "atk": 0, "def": 31, "spa": 31, "spd": 31, "spe": 31}, "item": "Choice Scarf", "teraType": "Fighting", "role": "Fast Attacker", "bvs": {"hp": 75, "atk": 69, "def": 72, "spa": 114, "spd": 100, "spe": 104}, "stats": {"hp": 263, "atk": 120, "def": 169, "spa": 240, "spd": 216, "spe": 223}, "types": ["Fire", "Psychic"]}, "Sunflora": {"name": "Sunflora", "species": "Sunflora", "speciesId": "sunflora", "gender": "M", "shiny": false, "level": 100, "moves": ["weatherball", "solarbeam", "earthpower", "sunnyday"], "ability": "Chlorophyll", "evs": {"hp": 85, "atk": 0, "def": 85, "spa": 85, "spd": 85, "spe": 85}, "ivs": {"hp": 31, "atk": 0, "def": 31, "spa": 31, "spd": 31, "spe": 31}, "item": "Life Orb", "teraType": "Fire", "role": "Setup Sweeper", "bvs": {"hp": 75, "atk": 75, "def": 55, "spa": 105, "spd": 85, "spe": 30}, "stats": {"hp": 312, "atk": 155, "def": 167, "spa": 267, "spd": 227, "spe": 117}, "types": ["Grass"]}}]}