{"id": "gen9randombattle-2641986103", "format": "[Gen 9] Random Battle", "players": ["darkrai_mtr", "LucarioSolosYou2"], "log": "|j|\u2606darkrai_mtr\n|j|\u2606LucarioSolosYou2\n|t:|1782869008\n|gametype|singles\n|player|p1|darkrai_mtr|266|\n|player|p2|LucarioSolosYou2|2|\n|gen|9\n|tier|[Gen 9] Random Battle\n|rule|Species Clause: Limit one of each Pok\u00e9mon\n|rule|HP Percentage Mod: HP is shown in percentages\n|rule|Sleep Clause Mod: Limit one foe put to sleep\n|rule|Illusion Level Mod: Illusion disguises the Pok\u00e9mon's true level\n|\n|t:|1782869008\n|teamsize|p1|6\n|teamsize|p2|6\n|start\n|switch|p1a: Flamigo|Flamigo, L82, M|269/269\n|switch|p2a: Feraligatr|Feraligatr, L79, F|264/264\n|turn|1\n|\n|t:|1782869043\n|move|p1a: Flamigo|U-turn|p2a: Feraligatr\n|-damage|p2a: Feraligatr|215/264\n|\n|t:|1782869055\n|switch|p1a: Smeargle|Smeargle, L95, M|258/258|[from] U-turn\n|move|p2a: Feraligatr|Trailblaze|p1a: Smeargle\n|-damage|p1a: Smeargle|166/258\n|\n|upkeep\n|turn|2\n|\n|t:|1782869072\n|move|p1a: Smeargle|Spore|p2a: Feraligatr\n|-status|p2a: Feraligatr|slp|[from] move: Spore\n|cant|p2a: Feraligatr|slp\n|\n|upkeep\n|turn|3\n|\n|t:|1782869080\n|move|p1a: Smeargle|Shell Smash|p1a: Smeargle\n|-unboost|p1a: Smeargle|def|1\n|-unboost|p1a: Smeargle|spd|1\n|-boost|p1a: Smeargle|atk|2\n|-boost|p1a: Smeargle|spa|2\n|-boost|p1a: Smeargle|spe|2\n|-curestatus|p2a: Feraligatr|slp|[msg]\n|move|p2a: Feraligatr|Dragon Dance|p2a: Feraligatr\n|-boost|p2a: Feraligatr|atk|1\n|-boost|p2a: Feraligatr|spe|1\n|\n|upkeep\n|turn|4\n|\n|t:|1782869097\n|move|p1a: Smeargle|Population Bomb|p2a: Feraligatr\n|-damage|p2a: Feraligatr|182/264\n|-damage|p2a: Feraligatr|154/264\n|-damage|p2a: Feraligatr|126/264\n|-crit|p2a: Feraligatr\n|-damage|p2a: Feraligatr|83/264\n|-damage|p2a: Feraligatr|49/264\n|-damage|p2a: Feraligatr|16/264\n|-damage|p2a: Feraligatr|0 fnt\n|faint|p2a: Feraligatr\n|-hitcount|p2: Feraligatr|7\n|\n|upkeep\n|\n|t:|1782869109\n|switch|p2a: Raging Bolt|Raging Bolt, L78|323/323\n|turn|5\n|\n|t:|1782869123\n|move|p1a: Smeargle|Spore|p2a: Raging Bolt\n|-status|p2a: Raging Bolt|slp|[from] move: Spore\n|cant|p2a: Raging Bolt|slp\n|\n|upkeep\n|turn|6\n|\n|t:|1782869141\n|move|p1a: Smeargle|Shell Smash|p1a: Smeargle\n|-unboost|p1a: Smeargle|def|1\n|-unboost|p1a: Smeargle|spd|1\n|-boost|p1a: Smeargle|atk|2\n|-boost|p1a: Smeargle|spa|2\n|-boost|p1a: Smeargle|spe|2\n|cant|p2a: Raging Bolt|slp\n|\n|upkeep\n|turn|7\n|\n|t:|1782869149\n|-curestatus|p2a: Raging Bolt|slp|[msg]\n|move|p2a: Raging Bolt|Thunderclap|p1a: Smeargle\n|-crit|p1a: Smeargle\n|-damage|p1a: Smeargle|0 fnt\n|faint|p1a: Smeargle\n|\n|upkeep\n|\n|t:|1782869163\n|switch|p1a: Perrserker|Perrserker, L89, F|269/269\n|turn|8\n|\n|t:|1782869177\n|move|p2a: Raging Bolt|Calm Mind|p2a: Raging Bolt\n|-boost|p2a: Raging Bolt|spa|1\n|-boost|p2a: Raging Bolt|spd|1\n|move|p1a: Perrserker|Stealth Rock|p2a: Raging Bolt\n|-sidestart|p2: LucarioSolosYou2|move: Stealth Rock\n|\n|upkeep\n|turn|9\n|\n|t:|1782869187\n|move|p2a: Raging Bolt|Calm Mind|p2a: Raging Bolt\n|-boost|p2a: Raging Bolt|spa|1\n|-boost|p2a: Raging Bolt|spd|1\n|move|p1a: Perrserker|Iron Head|p2a: Raging Bolt\n|-resisted|p2a: Raging Bolt\n|-damage|p2a: Raging Bolt|229/323\n|-damage|p1a: Perrserker|243/269|[from] item: Life Orb\n|\n|-heal|p2a: Raging Bolt|249/323|[from] item: Leftovers\n|upkeep\n|turn|10\n|\n|t:|1782869199\n|move|p2a: Raging Bolt|Thunderbolt|p1a: Perrserker\n|-damage|p1a: Perrserker|0 fnt\n|faint|p1a: Perrserker\n|\n|-heal|p2a: Raging Bolt|269/323|[from] item: Leftovers\n|upkeep\n|\n|t:|1782869219\n|switch|p1a: Lapras|Lapras, L87, F|367/367\n|turn|11\n|\n|t:|1782869243\n|-terastallize|p1a: Lapras|Ground\n|move|p2a: Raging Bolt|Draco Meteor|p1a: Lapras\n|-damage|p1a: Lapras|84/367\n|-unboost|p2a: Raging Bolt|spa|2\n|move|p1a: Lapras|Icicle Spear|p2a: Raging Bolt\n|-supereffective|p2a: Raging Bolt\n|-damage|p2a: Raging Bolt|215/323\n|-supereffective|p2a: Raging Bolt\n|-damage|p2a: Raging Bolt|165/323\n|-supereffective|p2a: Raging Bolt\n|-crit|p2a: Raging Bolt\n|-damage|p2a: Raging Bolt|73/323\n|-supereffective|p2a: Raging Bolt\n|-damage|p2a: Raging Bolt|17/323\n|-hitcount|p2a: Raging Bolt|4\n|\n|-heal|p2a: Raging Bolt|37/323|[from] item: Leftovers\n|upkeep\n|turn|12\n|\n|t:|1782869277\n|switch|p1a: Diancie|Diancie, L82|216/216\n|move|p2a: Raging Bolt|Draco Meteor|p1a: Diancie\n|-immune|p1a: Diancie\n|\n|-heal|p2a: Raging Bolt|57/323|[from] item: Leftovers\n|upkeep\n|turn|13\n|\n|t:|1782869302\n|switch|p1a: Lapras|Lapras, L87, F, tera:Ground|84/367\n|move|p2a: Raging Bolt|Thunderbolt|p1a: Lapras\n|-immune|p1a: Lapras\n|\n|-heal|p2a: Raging Bolt|77/323|[from] item: Leftovers\n|upkeep\n|turn|14\n|\n|t:|1782869314\n|move|p2a: Raging Bolt|Draco Meteor|p1a: Lapras\n|-damage|p1a: Lapras|0 fnt\n|-unboost|p2a: Raging Bolt|spa|2\n|faint|p1a: Lapras\n|\n|-heal|p2a: Raging Bolt|97/323|[from] item: Leftovers\n|upkeep\n|\n|t:|1782869357\n|switch|p1a: Diancie|Diancie, L82|216/216\n|turn|15\n|\n|t:|1782869369\n|move|p2a: Raging Bolt|Thunderclap||[still]\n|-fail|p2a: Raging Bolt\n|move|p1a: Diancie|Rock Polish|p1a: Diancie\n|-boost|p1a: Diancie|spe|2\n|\n|-heal|p2a: Raging Bolt|117/323|[from] item: Leftovers\n|upkeep\n|turn|16\n|\n|t:|1782869385\n|move|p1a: Diancie|Diamond Storm|p2a: Raging Bolt\n|-damage|p2a: Raging Bolt|15/323\n|move|p2a: Raging Bolt|Thunderbolt|p1a: Diancie\n|-damage|p1a: Diancie|180/216\n|-status|p1a: Diancie|par\n|\n|-heal|p2a: Raging Bolt|35/323|[from] item: Leftovers\n|-heal|p1a: Diancie|193/216 par|[from] item: Leftovers\n|upkeep\n|turn|17\n|\n|t:|1782869396\n|move|p2a: Raging Bolt|Calm Mind|p2a: Raging Bolt\n|-boost|p2a: Raging Bolt|spa|1\n|-boost|p2a: Raging Bolt|spd|1\n|move|p1a: Diancie|Rock Polish|p1a: Diancie\n|-boost|p1a: Diancie|spe|2\n|\n|-heal|p1a: Diancie|206/216 par|[from] item: Leftovers\n|-heal|p2a: Raging Bolt|55/323|[from] item: Leftovers\n|upkeep\n|turn|18\n|\n|t:|1782869410\n|move|p2a: Raging Bolt|Thunderclap|p1a: Diancie\n|-damage|p1a: Diancie|169/216 par\n|move|p1a: Diancie|Diamond Storm|p2a: Raging Bolt\n|-damage|p2a: Raging Bolt|0 fnt\n|faint|p2a: Raging Bolt\n|-end|p2a: Raging Bolt|Protosynthesis|[silent]\n|\n|-heal|p1a: Diancie|182/216 par|[from] item: Leftovers\n|upkeep\n|\n|t:|1782869417\n|switch|p2a: Rabsca|Rabsca, L91, F|284/284\n|turn|19\n|\n|t:|1782869430\n|move|p1a: Diancie|Diamond Storm|p2a: Rabsca\n|-supereffective|p2a: Rabsca\n|-damage|p2a: Rabsca|78/284\n|move|p2a: Rabsca|Trick Room|p2a: Rabsca\n|-fieldstart|move: Trick Room|[of] p2a: Rabsca\n|\n|-heal|p1a: Diancie|195/216 par|[from] item: Leftovers\n|upkeep\n|turn|20\n|\n|t:|1782869440\n|move|p2a: Rabsca|Revival Blessing|p2a: Rabsca\n|\n|t:|1782869445\n|-heal|p2: Raging Bolt|161/323|[from] move: Revival Blessing\n|move|p1a: Diancie|Diamond Storm|p2a: Rabsca\n|-supereffective|p2a: Rabsca\n|-damage|p2a: Rabsca|0 fnt\n|faint|p2a: Rabsca\n|\n|-heal|p1a: Diancie|208/216 par|[from] item: Leftovers\n|upkeep\n|\n|t:|1782869457\n|switch|p2a: Donphan|Donphan, L84, F|288/288\n|-damage|p2a: Donphan|270/288|[from] Stealth Rock\n|turn|21\n|\n|t:|1782869475\n|move|p2a: Donphan|Earthquake|p1a: Diancie\n|-supereffective|p1a: Diancie\n|-damage|p1a: Diancie|56/216 par\n|cant|p1a: Diancie|par\n|\n|-heal|p1a: Diancie|69/216 par|[from] item: Leftovers\n|upkeep\n|turn|22\n|\n|t:|1782869490\n|switch|p1a: Swanna|Swanna, L89, F|278/278\n|move|p2a: Donphan|Earthquake|p1a: Swanna\n|-immune|p1a: Swanna\n|\n|upkeep\n|turn|23\n|\n|t:|1782869505\n|move|p2a: Donphan|Ice Spinner|p1a: Swanna\n|-damage|p1a: Swanna|198/278\n|move|p1a: Swanna|Defog|p2a: Donphan\n|-unboost|p2a: Donphan|evasion|1\n|-sideend|p2: LucarioSolosYou2|Stealth Rock|[from] move: Defog|[of] p1a: Swanna\n|\n|-fieldend|move: Trick Room\n|upkeep\n|turn|24\n|\n|t:|1782869515\n|move|p1a: Swanna|Hydro Pump|p2a: Donphan\n|-supereffective|p2a: Donphan\n|-damage|p2a: Donphan|64/288\n|move|p2a: Donphan|Rapid Spin|p1a: Swanna\n|-damage|p1a: Swanna|145/278\n|-boost|p2a: Donphan|spe|1\n|\n|upkeep\n|turn|25\n|\n|t:|1782869524\n|move|p1a: Swanna|Hydro Pump|p2a: Donphan\n|-supereffective|p2a: Donphan\n|-damage|p2a: Donphan|0 fnt\n|faint|p2a: Donphan\n|\n|upkeep\n|\n|t:|1782869532\n|switch|p2a: Raging Bolt|Raging Bolt, L78|161/323\n|turn|26\n|\n|t:|1782869542\n|move|p1a: Swanna|Roost|p1a: Swanna\n|-heal|p1a: Swanna|278/278\n|-singleturn|p1a: Swanna|move: Roost\n|move|p2a: Raging Bolt|Draco Meteor|p1a: Swanna\n|-damage|p1a: Swanna|97/278\n|-unboost|p2a: Raging Bolt|spa|2\n|\n|-heal|p2a: Raging Bolt|181/323|[from] item: Leftovers\n|upkeep\n|turn|27\n|\n|t:|1782869556\n|move|p1a: Swanna|Roost|p1a: Swanna\n|-heal|p1a: Swanna|236/278\n|-singleturn|p1a: Swanna|move: Roost\n|move|p2a: Raging Bolt|Thunderbolt|p1a: Swanna\n|-supereffective|p1a: Swanna\n|-damage|p1a: Swanna|104/278\n|\n|-heal|p2a: Raging Bolt|201/323|[from] item: Leftovers\n|upkeep\n|turn|28\n|\n|t:|1782869576\n|-terastallize|p2a: Raging Bolt|Electric\n|move|p1a: Swanna|Defog|p2a: Raging Bolt\n|-unboost|p2a: Raging Bolt|evasion|1\n|move|p2a: Raging Bolt|Thunderbolt|p1a: Swanna\n|-supereffective|p1a: Swanna\n|-damage|p1a: Swanna|0 fnt\n|faint|p1a: Swanna\n|\n|-heal|p2a: Raging Bolt|221/323|[from] item: Leftovers\n|upkeep\n|\n|t:|1782869595\n|switch|p1a: Flamigo|Flamigo, L82, M|269/269\n|turn|29\n|\n|t:|1782869607\n|move|p2a: Raging Bolt|Thunderclap|p1a: Flamigo\n|-supereffective|p1a: Flamigo\n|-damage|p1a: Flamigo|117/269\n|move|p1a: Flamigo|Close Combat|p2a: Raging Bolt\n|-crit|p2a: Raging Bolt\n|-damage|p2a: Raging Bolt|7/323\n|-unboost|p1a: Flamigo|def|1\n|-unboost|p1a: Flamigo|spd|1\n|\n|-heal|p2a: Raging Bolt|27/323|[from] item: Leftovers\n|upkeep\n|turn|30\n|\n|t:|1782869622\n|switch|p1a: Diancie|Diancie, L82|69/216 par\n|move|p2a: Raging Bolt|Thunderclap||[still]\n|-fail|p2a: Raging Bolt\n|\n|-heal|p2a: Raging Bolt|47/323|[from] item: Leftovers\n|-heal|p1a: Diancie|82/216 par|[from] item: Leftovers\n|upkeep\n|turn|31\n|\n|t:|1782869688\n|move|p2a: Raging Bolt|Thunderbolt|p1a: Diancie\n|-damage|p1a: Diancie|26/216 par\n|cant|p1a: Diancie|par\n|\n|-heal|p2a: Raging Bolt|67/323|[from] item: Leftovers\n|-heal|p1a: Diancie|39/216 par|[from] item: Leftovers\n|upkeep\n|turn|32\n|\n|t:|1782869700\n|move|p2a: Raging Bolt|Thunderbolt|p1a: Diancie\n|-damage|p1a: Diancie|0 fnt\n|faint|p1a: Diancie\n|\n|-heal|p2a: Raging Bolt|87/323|[from] item: Leftovers\n|upkeep\n|\n|t:|1782869708\n|switch|p1a: Flamigo|Flamigo, L82, M|117/269\n|turn|33\n|\n|t:|1782869719\n|move|p2a: Raging Bolt|Thunderclap|p1a: Flamigo\n|-supereffective|p1a: Flamigo\n|-crit|p1a: Flamigo\n|-damage|p1a: Flamigo|0 fnt\n|faint|p1a: Flamigo\n|\n|win|LucarioSolosYou2\n", "inputlog": ">version f8ac14003a5f27e1bdc8d8c59608a773c1cb96e5\n>start {\"formatid\":\"gen9randombattle\",\"seed\":\"sodium,67c4bd8d4c6824cb22ce99acb4e165d6\"}\n>player p1 {\"name\":\"darkrai_mtr\",\"avatar\":\"266\",\"rating\":0,\"seed\":\"sodium,275c01993c30c829f68536dda0f56487\"}\n>player p2 {\"name\":\"LucarioSolosYou2\",\"avatar\":\"2\",\"rating\":0,\"seed\":\"sodium,98febca1a519a31792068381943bb102\"}\n>p1 move uturn\n>p2 move trailblaze\n>p1 switch 5\n>p1 move spore\n>p2 move dragondance\n>p1 move shellsmash\n>p2 move dragondance\n>p1 move populationbomb\n>p2 move liquidation\n>p2 switch 2\n>p1 move spore\n>p2 move dracometeor\n>p1 move shellsmash\n>p2 move dracometeor\n>p1 move populationbomb\n>p2 move thunderclap\n>p1 switch 3\n>p1 move stealthrock\n>p2 move calmmind\n>p1 move ironhead\n>p2 move calmmind\n>p1 move closecombat\n>p2 move thunderbolt\n>p1 switch 2\n>p1 move iciclespear terastallize\n>p2 move dracometeor\n>p1 switch 4\n>p2 move dracometeor\n>p1 switch 4\n>p2 move thunderbolt\n>p1 move earthquake\n>p2 move dracometeor\n>p1 switch 4\n>p1 move rockpolish\n>p2 move thunderclap\n>p1 move diamondstorm\n>p2 move thunderbolt\n>p1 move rockpolish\n>p2 move calmmind\n>p1 move diamondstorm\n>p2 move thunderclap\n>p2 switch 4\n>p1 move diamondstorm\n>p2 move trickroom\n>p1 move diamondstorm\n>p2 move revivalblessing\n>p2 switch 4\n>p2 switch 3\n>p1 move moonblast\n>p2 move earthquake\n>p1 switch 6\n>p2 move earthquake\n>p1 move defog\n>p2 move icespinner\n>p1 move hydropump\n>p2 move rapidspin\n>p1 move hydropump\n>p2 move knockoff\n>p2 switch 4\n>p1 move roost\n>p2 move dracometeor\n>p1 move roost\n>p2 move thunderbolt\n>p1 move defog\n>p2 move thunderbolt terastallize\n>p1 switch 5\n>p1 move closecombat\n>p2 move thunderclap\n>p1 switch 6\n>p2 move thunderclap\n>p1 move diamondstorm\n>p2 move thunderbolt\n>p1 move diamondstorm\n>p2 move thunderbolt\n>p1 switch 6\n>p1 move closecombat\n>p2 move thunderclap", "uploadtime": 1782869725, "views": 5, "formatid": "gen9randombattle", "rating": null, "private": 0, "password": null, "player_dets": [{"name": "darkrai_mtr", "avatar": "266", "rating": 0, "seed": "sodium,275c01993c30c829f68536dda0f56487"}, {"name": "LucarioSolosYou2", "avatar": "2", "rating": 0, "seed": "sodium,98febca1a519a31792068381943bb102"}], "teams_full": [{"Flamigo": {"name": "Flamigo", "species": "Flamigo", "speciesId": "flamigo", "gender": "M", "shiny": false, "level": 82, "moves": ["closecombat", "uturn", "bravebird", "throatchop"], "ability": "Scrappy", "evs": {"hp": 85, "atk": 85, "def": 85, "spa": 85, "spd": 85, "spe": 85}, "ivs": {"hp": 31, "atk": 31, "def": 31, "spa": 31, "spd": 31, "spe": 31}, "item": "Choice Scarf", "teraType": "Fighting", "role": "Fast Attacker", "bvs": {"hp": 82, "atk": 115, "def": 74, "spa": 75, "spd": 64, "spe": 90}, "stats": {"hp": 269, "atk": 236, "def": 169, "spa": 170, "spd": 152, "spe": 195}, "types": ["Flying", "Fighting"]}, "Lapras": {"name": "Lapras", "species": "Lapras", "speciesId": "lapras", "gender": "F", "shiny": false, "level": 87, "moves": ["waterfall", "earthquake", "iciclespear", "dragondance"], "ability": "Water Absorb", "evs": {"hp": 81, "atk": 85, "def": 85, "spa": 85, "spd": 85, "spe": 85}, "ivs": {"hp": 31, "atk": 31, "def": 31, "spa": 31, "spd": 31, "spe": 31}, "item": "Loaded Dice", "teraType": "Ground", "role": "Setup Sweeper", "bvs": {"hp": 130, "atk": 85, "def": 80, "spa": 85, "spd": 95, "spe": 60}, "stats": {"hp": 367, "atk": 198, "def": 189, "spa": 198, "spd": 215, "spe": 154}, "types": ["Water", "Ice"]}, "Perrserker": {"name": "Perrserker", "species": "Perrserker", "speciesId": "perrserker", "gender": "F", "shiny": false, "level": 89, "moves": ["uturn", "ironhead", "stealthrock", "closecombat"], "ability": "Tough Claws", "evs": {"hp": 85, "atk": 85, "def": 85, "spa": 85, "spd": 85, "spe": 85}, "ivs": {"hp": 31, "atk": 31, "def": 31, "spa": 31, "spd": 31, "spe": 31}, "item": "Life Orb", "teraType": "Fighting", "role": "Fast Attacker", "bvs": {"hp": 70, "atk": 110, "def": 100, "spa": 50, "spd": 60, "spe": 50}, "stats": {"hp": 269, "atk": 247, "def": 229, "spa": 140, "spd": 158, "spe": 140}, "types": ["Steel"]}, "Diancie": {"name": "Diancie", "species": "Diancie", "speciesId": "diancie", "gender": "N", "shiny": false, "level": 82, "moves": ["diamondstorm", "bodypress", "rockpolish", "moonblast"], "ability": "Clear Body", "evs": {"hp": 85, "atk": 85, "def": 85, "spa": 85, "spd": 85, "spe": 85}, "ivs": {"hp": 31, "atk": 31, "def": 31, "spa": 31, "spd": 31, "spe": 31}, "item": "Leftovers", "teraType": "Fighting", "role": "Bulky Attacker", "bvs": {"hp": 50, "atk": 100, "def": 150, "spa": 100, "spd": 150, "spe": 50}, "stats": {"hp": 216, "atk": 211, "def": 293, "spa": 211, "spd": 293, "spe": 129}, "types": ["Rock", "Fairy"]}, "Smeargle": {"name": "Smeargle", "species": "Smeargle", "speciesId": "smeargle", "gender": "M", "shiny": false, "level": 95, "moves": ["populationbomb", "spore", "powertrip", "shellsmash"], "ability": "Technician", "evs": {"hp": 85, "atk": 85, "def": 85, "spa": 85, "spd": 85, "spe": 85}, "ivs": {"hp": 31, "atk": 31, "def": 31, "spa": 31, "spd": 31, "spe": 31}, "item": "Wide Lens", "teraType": "Normal", "role": "Setup Sweeper", "bvs": {"hp": 55, "atk": 20, "def": 35, "spa": 20, "spd": 45, "spe": 75}, "stats": {"hp": 258, "atk": 92, "def": 120, "spa": 92, "spd": 139, "spe": 196}, "types": ["Normal"]}, "Swanna": {"name": "Swanna", "species": "Swanna", "speciesId": "swanna", "gender": "F", "shiny": false, "level": 89, "moves": ["defog", "roost", "hydropump", "bravebird"], "ability": "Hydration", "evs": {"hp": 85, "atk": 85, "def": 85, "spa": 85, "spd": 85, "spe": 85}, "ivs": {"hp": 31, "atk": 31, "def": 31, "spa": 31, "spd": 31, "spe": 31}, "item": "Heavy-Duty Boots", "teraType": "Ground", "role": "Bulky Support", "bvs": {"hp": 75, "atk": 87, "def": 63, "spa": 87, "spd": 63, "spe": 98}, "stats": {"hp": 278, "atk": 206, "def": 163, "spa": 206, "spd": 163, "spe": 225}, "types": ["Water", "Flying"]}}, {"Feraligatr": {"name": "Feraligatr", "species": "Feraligatr", "speciesId": "feraligatr", "gender": "F", "shiny": false, "level": 79, "moves": ["dragondance", "trailblaze", "icepunch", "liquidation"], "ability": "Sheer Force", "evs": {"hp": 85, "atk": 85, "def": 85, "spa": 85, "spd": 85, "spe": 85}, "ivs": {"hp": 31, "atk": 31, "def": 31, "spa": 31, "spd": 31, "spe": 31}, "item": "Life Orb", "teraType": "Water", "role": "Setup Sweeper", "bvs": {"hp": 85, "atk": 105, "def": 100, "spa": 79, "spd": 83, "spe": 78}, "stats": {"hp": 264, "atk": 211, "def": 204, "spa": 170, "spd": 177, "spe": 169}, "types": ["Water"]}, "Raging Bolt": {"name": "Raging Bolt", "species": "Raging Bolt", "speciesId": "ragingbolt", "gender": "N", "shiny": false, "level": 78, "moves": ["dracometeor", "calmmind", "thunderbolt", "thunderclap"], "ability": "Protosynthesis", "evs": {"hp": 85, "atk": 0, "def": 85, "spa": 85, "spd": 85, "spe": 85}, "ivs": {"hp": 31, "atk": 0, "def": 31, "spa": 31, "spd": 31, "spe": 31}, "item": "Leftovers", "teraType": "Electric", "role": "Bulky Setup", "bvs": {"hp": 125, "atk": 73, "def": 91, "spa": 137, "spd": 89, "spe": 75}, "stats": {"hp": 323, "atk": 118, "def": 187, "spa": 259, "spd": 184, "spe": 162}, "types": ["Electric", "Dragon"]}, "Donphan": {"name": "Donphan", "species": "Donphan", "speciesId": "donphan", "gender": "F", "shiny": false, "level": 84, "moves": ["icespinner", "rapidspin", "earthquake", "knockoff"], "ability": "Sturdy", "evs": {"hp": 85, "atk": 85, "def": 85, "spa": 85, "spd": 85, "spe": 85}, "ivs": {"hp": 31, "atk": 31, "def": 31, "spa": 31, "spd": 31, "spe": 31}, "item": "Assault Vest", "teraType": "Dragon", "role": "Bulky Support", "bvs": {"hp": 90, "atk": 120, "def": 120, "spa": 60, "spd": 60, "spe": 50}, "stats": {"hp": 288, "atk": 250, "def": 250, "spa": 149, "spd": 149, "spe": 132}, "types": ["Ground"]}, "Rabsca": {"name": "Rabsca", "species": "Rabsca", "speciesId": "rabsca", "gender": "F", "shiny": false, "level": 91, "moves": ["trickroom", "revivalblessing", "psychic", "bugbuzz"], "ability": "Synchronize", "evs": {"hp": 85, "atk": 0, "def": 85, "spa": 85, "spd": 85, "spe": 0}, "ivs": {"hp": 31, "atk": 0, "def": 31, "spa": 31, "spd": 31, "spe": 0}, "item": "Heavy-Duty Boots", "teraType": "Steel", "role": "Wallbreaker", "bvs": {"hp": 75, "atk": 50, "def": 85, "spa": 115, "spd": 100, "spe": 45}, "stats": {"hp": 284, "atk": 96, "def": 207, "spa": 261, "spd": 234, "spe": 86}, "types": ["Bug", "Psychic"]}, "Braviary": {"name": "Braviary", "species": "Braviary", "speciesId": "braviary", "gender": "M", "shiny": false, "level": 85, "moves": ["bulkup", "bravebird", "roost", "closecombat"], "ability": "Defiant", "evs": {"hp": 85, "atk": 85, "def": 85, "spa": 85, "spd": 85, "spe": 85}, "ivs": {"hp": 31, "atk": 31, "def": 31, "spa": 31, "spd": 31, "spe": 31}, "item": "Heavy-Duty Boots", "teraType": "Steel", "role": "Fast Bulky Setup", "bvs": {"hp": 100, "atk": 123, "def": 75, "spa": 57, "spd": 75, "spe": 80}, "stats": {"hp": 309, "atk": 258, "def": 176, "spa": 146, "spd": 176, "spe": 185}, "types": ["Normal", "Flying"]}, "Sylveon": {"name": "Sylveon", "species": "Sylveon", "speciesId": "sylveon", "gender": "M", "shiny": false, "level": 85, "moves": ["hypervoice", "protect", "calmmind", "wish"], "ability": "Pixilate", "evs": {"hp": 85, "atk": 0, "def": 85, "spa": 85, "spd": 85, "spe": 85}, "ivs": {"hp": 31, "atk": 0, "def": 31, "spa": 31, "spd": 31, "spe": 31}, "item": "Leftovers", "teraType": "Steel", "role": "Bulky Setup", "bvs": {"hp": 95, "atk": 65, "def": 65, "spa": 110, "spd": 130, "spe": 60}, "stats": {"hp": 300, "atk": 115, "def": 159, "spa": 236, "spd": 270, "spe": 151}, "types": ["Fairy"]}}]}