{"id": "gen9randombattle-2641781798", "format": "[Gen 9] Random Battle", "players": ["Sowla", "yaserkira5"], "log": "|j|\u2606Sowla\n|j|\u2606yaserkira5\n|t:|1782841230\n|gametype|singles\n|player|p1|Sowla|265|1991\n|player|p2|yaserkira5|2|2033\n|gen|9\n|tier|[Gen 9] Random Battle\n|rated|\n|rule|Species Clause: Limit one of each Pok\u00e9mon\n|rule|HP Percentage Mod: HP is shown in percentages\n|rule|Sleep Clause Mod: Limit one foe put to sleep\n|rule|Illusion Level Mod: Illusion disguises the Pok\u00e9mon's true level\n|\n|t:|1782841230\n|teamsize|p1|6\n|teamsize|p2|6\n|start\n|switch|p1a: Palafin|Palafin, L77, M|281/281\n|switch|p2a: Salazzle|Salazzle, L83, F|249/249\n|turn|1\n|inactive|Battle timer is ON: inactive players will automatically lose when time's up. (requested by Sowla)\n|inactive|yaserkira5 has 120 seconds left.\n|inactive|yaserkira5 has 90 seconds left.\n|\n|t:|1782841309\n|move|p2a: Salazzle|Protect|p2a: Salazzle\n|-singleturn|p2a: Salazzle|Protect\n|move|p1a: Palafin|Flip Turn|p2a: Salazzle\n|-activate|p2a: Salazzle|move: Protect\n|\n|upkeep\n|turn|2\n|\n|t:|1782841326\n|move|p2a: Salazzle|Substitute|p2a: Salazzle\n|-start|p2a: Salazzle|Substitute\n|-damage|p2a: Salazzle|187/249\n|move|p1a: Palafin|Flip Turn|p2a: Salazzle\n|-supereffective|p2a: Salazzle\n|-end|p2a: Salazzle|Substitute\n|\n|t:|1782841341\n|detailschange|p1a: Palafin|Palafin-Hero, L77, M\n|switch|p1a: Vaporeon|Vaporeon, L86, F|364/364|[from] Flip Turn\n|\n|-heal|p2a: Salazzle|202/249|[from] item: Leftovers\n|upkeep\n|turn|3\n|\n|t:|1782841347\n|move|p2a: Salazzle|Protect|p2a: Salazzle\n|-singleturn|p2a: Salazzle|Protect\n|move|p1a: Vaporeon|Scald|p2a: Salazzle\n|-activate|p2a: Salazzle|move: Protect\n|\n|-heal|p2a: Salazzle|217/249|[from] item: Leftovers\n|upkeep\n|turn|4\n|\n|t:|1782841351\n|-terastallize|p2a: Salazzle|Grass\n|move|p2a: Salazzle|Toxic|p1a: Vaporeon\n|-status|p1a: Vaporeon|tox\n|move|p1a: Vaporeon|Scald|p2a: Salazzle\n|-resisted|p2a: Salazzle\n|-damage|p2a: Salazzle|146/249\n|-status|p2a: Salazzle|brn\n|\n|-heal|p2a: Salazzle|161/249 brn|[from] item: Leftovers\n|-damage|p1a: Vaporeon|342/364 tox|[from] psn\n|-damage|p2a: Salazzle|146/249 brn|[from] brn\n|upkeep\n|turn|5\n|\n|t:|1782841360\n|move|p2a: Salazzle|Substitute|p2a: Salazzle\n|-start|p2a: Salazzle|Substitute\n|-damage|p2a: Salazzle|84/249 brn\n|move|p1a: Vaporeon|Wish|p1a: Vaporeon\n|\n|-heal|p2a: Salazzle|99/249 brn|[from] item: Leftovers\n|-heal|p1a: Vaporeon|364/364 tox|[from] item: Leftovers\n|-damage|p1a: Vaporeon|320/364 tox|[from] psn\n|-damage|p2a: Salazzle|84/249 brn|[from] brn\n|upkeep\n|turn|6\n|\n|t:|1782841364\n|move|p2a: Salazzle|Protect|p2a: Salazzle\n|-singleturn|p2a: Salazzle|Protect\n|move|p1a: Vaporeon|Roar|p2a: Salazzle\n|drag|p2a: Tsareena|Tsareena, L87, F|267/267\n|\n|-heal|p1a: Vaporeon|364/364 tox|[from] move: Wish|[wisher] Vaporeon\n|-damage|p1a: Vaporeon|298/364 tox|[from] psn\n|upkeep\n|turn|7\n|\n|t:|1782841381\n|move|p2a: Tsareena|U-turn|p1a: Vaporeon\n|-damage|p1a: Vaporeon|214/364 tox\n|\n|t:|1782841389\n|switch|p2a: Electrode|Electrode, L92|260/260|[from] U-turn\n|move|p1a: Vaporeon|Scald|p2a: Electrode\n|-damage|p2a: Electrode|158/260\n|-status|p2a: Electrode|brn\n|\n|-heal|p1a: Vaporeon|236/364 tox|[from] item: Leftovers\n|-damage|p1a: Vaporeon|148/364 tox|[from] psn\n|-damage|p2a: Electrode|142/260 brn|[from] brn\n|upkeep\n|turn|8\n|\n|t:|1782841396\n|switch|p1a: Toedscruel|Toedscruel, L87, F|281/281\n|move|p2a: Electrode|Volt Switch|p1a: Toedscruel\n|-immune|p1a: Toedscruel\n|\n|-damage|p2a: Electrode|126/260 brn|[from] brn\n|upkeep\n|turn|9\n|\n|t:|1782841401\n|move|p2a: Electrode|Taunt|p1a: Toedscruel\n|-start|p1a: Toedscruel|move: Taunt\n|move|p1a: Toedscruel|Knock Off|p2a: Electrode\n|-damage|p2a: Electrode|65/260 brn\n|-enditem|p2a: Electrode|Life Orb|[from] move: Knock Off|[of] p1a: Toedscruel\n|\n|-damage|p2a: Electrode|49/260 brn|[from] brn\n|upkeep\n|turn|10\n|\n|t:|1782841410\n|switch|p2a: Tsareena|Tsareena, L87, F|267/267\n|switch|p1a: Vaporeon|Vaporeon, L86, F|148/364 tox\n|\n|-heal|p1a: Vaporeon|170/364 tox|[from] item: Leftovers\n|-damage|p1a: Vaporeon|148/364 tox|[from] psn\n|upkeep\n|turn|11\n|\n|t:|1782841415\n|switch|p1a: Ho-Oh|Ho-Oh, L71|268/268\n|move|p2a: Tsareena|Power Whip|p1a: Ho-Oh\n|-resisted|p1a: Ho-Oh\n|-damage|p1a: Ho-Oh|223/268\n|\n|upkeep\n|turn|12\n|\n|t:|1782841422\n|move|p2a: Tsareena|U-turn|p1a: Ho-Oh\n|-resisted|p1a: Ho-Oh\n|-crit|p1a: Ho-Oh\n|-damage|p1a: Ho-Oh|195/268\n|\n|t:|1782841428\n|switch|p2a: Oranguru|Oranguru, L92, M|315/315|[from] U-turn\n|move|p1a: Ho-Oh|Sacred Fire|p2a: Oranguru\n|-damage|p2a: Oranguru|212/315\n|-status|p2a: Oranguru|brn\n|\n|-heal|p2a: Oranguru|231/315 brn|[from] item: Leftovers\n|-damage|p2a: Oranguru|212/315 brn|[from] brn\n|upkeep\n|turn|13\n|\n|t:|1782841446\n|switch|p1a: Toedscruel|Toedscruel, L87, F|281/281\n|move|p2a: Oranguru|Thunderbolt|p1a: Toedscruel\n|-immune|p1a: Toedscruel\n|\n|-heal|p2a: Oranguru|231/315 brn|[from] item: Leftovers\n|-damage|p2a: Oranguru|212/315 brn|[from] brn\n|upkeep\n|turn|14\n|\n|t:|1782841451\n|move|p1a: Toedscruel|Knock Off|p2a: Oranguru\n|-supereffective|p2a: Oranguru\n|-damage|p2a: Oranguru|96/315 brn\n|-enditem|p2a: Oranguru|Leftovers|[from] move: Knock Off|[of] p1a: Toedscruel\n|move|p2a: Oranguru|Psychic|p1a: Toedscruel\n|-damage|p1a: Toedscruel|223/281\n|\n|-damage|p2a: Oranguru|77/315 brn|[from] brn\n|upkeep\n|turn|15\n|\n|t:|1782841458\n|move|p1a: Toedscruel|Earth Power|p2a: Oranguru\n|-damage|p2a: Oranguru|2/315 brn\n|move|p2a: Oranguru|Psychic|p1a: Toedscruel\n|-damage|p1a: Toedscruel|165/281\n|\n|-damage|p2a: Oranguru|0 fnt|[from] brn\n|faint|p2a: Oranguru\n|upkeep\n|\n|t:|1782841461\n|switch|p2a: Tsareena|Tsareena, L87, F|267/267\n|turn|16\n|\n|t:|1782841466\n|move|p1a: Toedscruel|Knock Off|p2a: Tsareena\n|-damage|p2a: Tsareena|214/267\n|-enditem|p2a: Tsareena|Heavy-Duty Boots|[from] move: Knock Off|[of] p1a: Toedscruel\n|move|p2a: Tsareena|U-turn|p1a: Toedscruel\n|-supereffective|p1a: Toedscruel\n|-damage|p1a: Toedscruel|1/281\n|\n|t:|1782841473\n|switch|p2a: Salazzle|Salazzle, L83, F, tera:Grass|84/249 brn|[from] U-turn\n|\n|-heal|p2a: Salazzle|99/249 brn|[from] item: Leftovers\n|-damage|p2a: Salazzle|84/249 brn|[from] brn\n|upkeep\n|turn|17\n|\n|t:|1782841479\n|move|p2a: Salazzle|Flamethrower|p1a: Toedscruel\n|-supereffective|p1a: Toedscruel\n|-damage|p1a: Toedscruel|0 fnt\n|faint|p1a: Toedscruel\n|\n|-heal|p2a: Salazzle|99/249 brn|[from] item: Leftovers\n|-damage|p2a: Salazzle|84/249 brn|[from] brn\n|upkeep\n|\n|t:|1782841487\n|switch|p1a: Ho-Oh|Ho-Oh, L71|268/268\n|turn|18\n|\n|t:|1782841500\n|move|p2a: Salazzle|Toxic|p1a: Ho-Oh\n|-status|p1a: Ho-Oh|tox\n|move|p1a: Ho-Oh|Brave Bird|p2a: Salazzle\n|-supereffective|p2a: Salazzle\n|-damage|p2a: Salazzle|0 fnt\n|faint|p2a: Salazzle\n|-damage|p1a: Ho-Oh|240/268 tox|[from] Recoil\n|\n|-damage|p1a: Ho-Oh|224/268 tox|[from] psn\n|upkeep\n|\n|t:|1782841504\n|switch|p2a: Electrode|Electrode, L92|49/260 brn\n|turn|19\n|\n|t:|1782841526\n|move|p2a: Electrode|Volt Switch|p1a: Ho-Oh\n|-supereffective|p1a: Ho-Oh\n|-damage|p1a: Ho-Oh|116/268 tox\n|inactive|yaserkira5 has 120 seconds left.\n|\n|t:|1782841580\n|switch|p2a: Copperajah|Copperajah, L86, F|350/350|[from] Volt Switch\n|move|p1a: Ho-Oh|Recover|p1a: Ho-Oh\n|-heal|p1a: Ho-Oh|250/268 tox\n|\n|-damage|p1a: Ho-Oh|218/268 tox|[from] psn\n|upkeep\n|turn|20\n|\n|t:|1782841588\n|switch|p1a: Orthworm|Orthworm, L88, M|266/266\n|move|p2a: Copperajah|Heavy Slam|p1a: Orthworm\n|-resisted|p1a: Orthworm\n|-damage|p1a: Orthworm|200/266\n|\n|-heal|p1a: Orthworm|216/266|[from] item: Leftovers\n|upkeep\n|turn|21\n|\n|t:|1782841593\n|switch|p2a: Tsareena|Tsareena, L87, F|214/267\n|move|p1a: Orthworm|Stealth Rock|p2a: Tsareena\n|-sidestart|p2: yaserkira5|move: Stealth Rock\n|\n|-heal|p1a: Orthworm|232/266|[from] item: Leftovers\n|upkeep\n|turn|22\n|\n|t:|1782841598\n|switch|p1a: Ho-Oh|Ho-Oh, L71|268/268 tox\n|move|p2a: Tsareena|High Jump Kick|p1a: Ho-Oh|[miss]\n|-miss|p2a: Tsareena|p1a: Ho-Oh\n|-damage|p2a: Tsareena|81/267|[from] highjumpkick\n|\n|-damage|p1a: Ho-Oh|252/268 tox|[from] psn\n|upkeep\n|turn|23\n|\n|t:|1782841609\n|move|p2a: Tsareena|U-turn|p1a: Ho-Oh\n|-resisted|p1a: Ho-Oh\n|-damage|p1a: Ho-Oh|233/268 tox\n|\n|t:|1782841612\n|switch|p2a: Electrode|Electrode, L92|49/260 brn|[from] U-turn\n|-damage|p2a: Electrode|17/260 brn|[from] Stealth Rock\n|move|p1a: Ho-Oh|Brave Bird|p2a: Electrode\n|-resisted|p2a: Electrode\n|-damage|p2a: Electrode|0 fnt\n|-damage|p1a: Ho-Oh|166/268 tox|[from] ability: Aftermath|[of] p2a: Electrode\n|faint|p2a: Electrode\n|-damage|p1a: Ho-Oh|160/268 tox|[from] Recoil\n|\n|-damage|p1a: Ho-Oh|128/268 tox|[from] psn\n|upkeep\n|\n|t:|1782841617\n|switch|p2a: Lilligant|Lilligant, L86, F|261/261\n|-damage|p2a: Lilligant|229/261|[from] Stealth Rock\n|turn|24\n|\n|t:|1782841642\n|switch|p2a: Tsareena|Tsareena, L87, F|81/267\n|-damage|p2a: Tsareena|48/267|[from] Stealth Rock\n|move|p1a: Ho-Oh|Sacred Fire|p2a: Tsareena\n|-supereffective|p2a: Tsareena\n|-damage|p2a: Tsareena|0 fnt\n|faint|p2a: Tsareena\n|\n|-damage|p1a: Ho-Oh|80/268 tox|[from] psn\n|upkeep\n|\n|t:|1782841644\n|switch|p2a: Copperajah|Copperajah, L86, F|350/350\n|-damage|p2a: Copperajah|329/350|[from] Stealth Rock\n|turn|25\n|\n|t:|1782841656\n|switch|p1a: Vaporeon|Vaporeon, L86, F|148/364 tox\n|move|p2a: Copperajah|Superpower|p1a: Vaporeon\n|-damage|p1a: Vaporeon|0 fnt\n|-unboost|p2a: Copperajah|atk|1\n|-unboost|p2a: Copperajah|def|1\n|faint|p1a: Vaporeon\n|\n|upkeep\n|\n|t:|1782841667\n|switch|p1a: Ho-Oh|Ho-Oh, L71|169/268 tox\n|turn|26\n|\n|t:|1782841674\n|move|p1a: Ho-Oh|Sacred Fire|p2a: Copperajah\n|-supereffective|p2a: Copperajah\n|-damage|p2a: Copperajah|5/350\n|-status|p2a: Copperajah|brn\n|move|p2a: Copperajah|Superpower|p1a: Ho-Oh\n|-resisted|p1a: Ho-Oh\n|-damage|p1a: Ho-Oh|137/268 tox\n|-unboost|p2a: Copperajah|atk|1\n|-unboost|p2a: Copperajah|def|1\n|\n|-damage|p1a: Ho-Oh|121/268 tox|[from] psn\n|-damage|p2a: Copperajah|0 fnt|[from] brn\n|faint|p2a: Copperajah\n|upkeep\n|\n|t:|1782841678\n|switch|p2a: Lilligant|Lilligant, L86, F|229/261\n|-damage|p2a: Lilligant|197/261|[from] Stealth Rock\n|turn|27\n|\n|t:|1782841705\n|move|p2a: Lilligant|Quiver Dance|p2a: Lilligant\n|-boost|p2a: Lilligant|spa|1\n|-boost|p2a: Lilligant|spd|1\n|-boost|p2a: Lilligant|spe|1\n|move|p1a: Ho-Oh|Brave Bird|p2a: Lilligant\n|-supereffective|p2a: Lilligant\n|-damage|p2a: Lilligant|0 fnt\n|faint|p2a: Lilligant\n|-damage|p1a: Ho-Oh|56/268 tox|[from] Recoil\n|\n|win|Sowla\n|raw|Sowla's rating: 1991 &rarr; <strong>2013</strong><br />(+22 for winning)\n|raw|yaserkira5's rating: 2033 &rarr; <strong>2011</strong><br />(-22 for losing)\n", "inputlog": ">version f8ac14003a5f27e1bdc8d8c59608a773c1cb96e5\n>start {\"formatid\":\"gen9randombattle\",\"seed\":\"sodium,14478fe4f808bb663e1b3cbb8b8be9f3\",\"rated\":\"Rated battle\"}\n>player p1 {\"name\":\"Sowla\",\"avatar\":\"265\",\"rating\":1991,\"seed\":\"sodium,09f933eef199b58b0e58d494a778cce2\"}\n>player p2 {\"name\":\"yaserkira5\",\"avatar\":\"2\",\"rating\":2033,\"seed\":\"sodium,64243492cb71c66c6e44cfd3e41fb228\"}\n>p1 move flipturn\n>p2 move protect\n>p1 move flipturn\n>p2 move substitute\n>p1 switch 2\n>p1 move scald\n>p2 move protect\n>p1 move scald\n>p2 move toxic terastallize\n>p1 move wish\n>p2 move substitute\n>p1 move roar\n>p2 move protect\n>p1 move scald\n>p2 move uturn\n>p2 switch 2\n>p1 switch 4\n>p2 move voltswitch\n>p1 move knockoff\n>p2 move taunt\n>p1 switch 4\n>p2 switch 2\n>p1 switch 3\n>p2 move powerwhip\n>p1 move sacredfire\n>p2 move uturn\n>p2 switch 4\n>p1 switch 4\n>p2 move thunderbolt\n>p1 move knockoff\n>p2 move psychic\n>p1 move earthpower\n>p2 move psychic\n>p2 switch 4\n>p1 move knockoff\n>p2 move uturn\n>p2 switch 5\n>p1 move knockoff\n>p2 move flamethrower\n>p1 switch 4\n>p1 move bravebird\n>p2 move toxic\n>p2 switch 2\n>p1 move recover\n>p2 move voltswitch\n>p2 switch 3\n>p1 switch 6\n>p2 move heavyslam\n>p1 move stealthrock\n>p2 switch 5\n>p1 switch 6\n>p2 move highjumpkick\n>p1 move bravebird\n>p2 move uturn\n>p2 switch 3\n>p2 switch 6\n>p1 move sacredfire\n>p2 switch 3\n>p2 switch 5\n>p1 switch 3\n>p2 move superpower\n>p1 switch 3\n>p1 move sacredfire\n>p2 move superpower\n>p2 switch 3\n>p1 move bravebird\n>p2 move quiverdance", "uploadtime": 1782841705, "views": 5, "formatid": "gen9randombattle", "rating": 2011, "private": 0, "password": null, "player_dets": [{"name": "Sowla", "avatar": "265", "rating": 1991, "seed": "sodium,09f933eef199b58b0e58d494a778cce2"}, {"name": "yaserkira5", "avatar": "2", "rating": 2033, "seed": "sodium,64243492cb71c66c6e44cfd3e41fb228"}], "teams_full": [{"Palafin": {"name": "Palafin", "species": "Palafin", "speciesId": "palafin", "gender": "M", "shiny": false, "level": 77, "moves": ["flipturn", "closecombat", "jetpunch", "wavecrash"], "ability": "Zero to Hero", "evs": {"hp": 85, "atk": 85, "def": 85, "spa": 85, "spd": 85, "spe": 85}, "ivs": {"hp": 31, "atk": 31, "def": 31, "spa": 31, "spd": 31, "spe": 31}, "item": "Choice Band", "teraType": "Water", "role": "Wallbreaker", "bvs": {"hp": 100, "atk": 70, "def": 72, "spa": 53, "spd": 62, "spe": 100}, "stats": {"hp": 281, "atk": 152, "def": 155, "spa": 126, "spd": 140, "spe": 199}, "types": ["Water"]}, "Vaporeon": {"name": "Vaporeon", "species": "Vaporeon", "speciesId": "vaporeon", "gender": "F", "shiny": false, "level": 86, "moves": ["wish", "scald", "roar", "protect"], "ability": "Water Absorb", "evs": {"hp": 85, "atk": 0, "def": 85, "spa": 85, "spd": 85, "spe": 85}, "ivs": {"hp": 31, "atk": 0, "def": 31, "spa": 31, "spd": 31, "spe": 31}, "item": "Leftovers", "teraType": "Ground", "role": "Bulky Attacker", "bvs": {"hp": 130, "atk": 65, "def": 60, "spa": 110, "spd": 95, "spe": 65}, "stats": {"hp": 364, "atk": 116, "def": 152, "spa": 238, "spd": 213, "spe": 161}, "types": ["Water"]}, "Ho-Oh": {"name": "Ho-Oh", "species": "Ho-Oh", "speciesId": "hooh", "gender": "N", "shiny": false, "level": 71, "moves": ["recover", "bravebird", "sacredfire", "earthquake"], "ability": "Regenerator", "evs": {"hp": 85, "atk": 85, "def": 85, "spa": 85, "spd": 85, "spe": 85}, "ivs": {"hp": 31, "atk": 31, "def": 31, "spa": 31, "spd": 31, "spe": 31}, "item": "Heavy-Duty Boots", "teraType": "Ground", "role": "Bulky Attacker", "bvs": {"hp": 106, "atk": 130, "def": 90, "spa": 110, "spd": 154, "spe": 90}, "stats": {"hp": 268, "atk": 226, "def": 169, "spa": 198, "spd": 260, "spe": 169}, "types": ["Fire", "Flying"]}, "Toedscruel": {"name": "Toedscruel", "species": "Toedscruel", "speciesId": "toedscruel", "gender": "F", "shiny": false, "level": 87, "moves": ["rapidspin", "earthpower", "leafstorm", "knockoff"], "ability": "Mycelium Might", "evs": {"hp": 85, "atk": 85, "def": 85, "spa": 85, "spd": 85, "spe": 85}, "ivs": {"hp": 31, "atk": 31, "def": 31, "spa": 31, "spd": 31, "spe": 31}, "item": "Assault Vest", "teraType": "Water", "role": "Bulky Support", "bvs": {"hp": 80, "atk": 70, "def": 65, "spa": 80, "spd": 120, "spe": 100}, "stats": {"hp": 281, "atk": 172, "def": 163, "spa": 189, "spd": 259, "spe": 224}, "types": ["Ground", "Grass"]}, "Glaceon": {"name": "Glaceon", "species": "Glaceon", "speciesId": "glaceon", "gender": "M", "shiny": false, "level": 94, "moves": ["wish", "freezedry", "protect", "calmmind"], "ability": "Ice Body", "evs": {"hp": 85, "atk": 0, "def": 85, "spa": 85, "spd": 85, "spe": 85}, "ivs": {"hp": 31, "atk": 0, "def": 31, "spa": 31, "spd": 31, "spe": 31}, "item": "Heavy-Duty Boots", "teraType": "Water", "role": "Bulky Setup", "bvs": {"hp": 65, "atk": 60, "def": 110, "spa": 130, "spd": 95, "spe": 65}, "stats": {"hp": 275, "atk": 117, "def": 260, "spa": 298, "spd": 232, "spe": 176}, "types": ["Ice"]}, "Orthworm": {"name": "Orthworm", "species": "Orthworm", "speciesId": "orthworm", "gender": "M", "shiny": false, "level": 88, "moves": ["spikes", "heavyslam", "bodypress", "stealthrock"], "ability": "Earth Eater", "evs": {"hp": 85, "atk": 85, "def": 85, "spa": 85, "spd": 85, "spe": 85}, "ivs": {"hp": 31, "atk": 31, "def": 31, "spa": 31, "spd": 31, "spe": 31}, "item": "Leftovers", "teraType": "Poison", "role": "Bulky Attacker", "bvs": {"hp": 70, "atk": 85, "def": 145, "spa": 60, "spd": 55, "spe": 65}, "stats": {"hp": 266, "atk": 200, "def": 305, "spa": 156, "spd": 147, "spe": 165}, "types": ["Steel"]}}, {"Salazzle": {"name": "Salazzle", "species": "Salazzle", "speciesId": "salazzle", "gender": "F", "shiny": false, "level": 83, "moves": ["toxic", "substitute", "flamethrower", "protect"], "ability": "Corrosion", "evs": {"hp": 85, "atk": 0, "def": 85, "spa": 85, "spd": 85, "spe": 85}, "ivs": {"hp": 31, "atk": 0, "def": 31, "spa": 31, "spd": 31, "spe": 31}, "item": "Leftovers", "teraType": "Grass", "role": "Fast Support", "bvs": {"hp": 68, "atk": 64, "def": 60, "spa": 111, "spd": 60, "spe": 117}, "stats": {"hp": 249, "atk": 111, "def": 147, "spa": 232, "spd": 147, "spe": 242}, "types": ["Poison", "Fire"]}, "Electrode": {"name": "Electrode", "species": "Electrode", "speciesId": "electrode", "gender": "N", "shiny": false, "level": 92, "moves": ["voltswitch", "thunderbolt", "terablast", "taunt"], "ability": "Aftermath", "evs": {"hp": 85, "atk": 0, "def": 85, "spa": 85, "spd": 85, "spe": 85}, "ivs": {"hp": 31, "atk": 0, "def": 31, "spa": 31, "spd": 31, "spe": 31}, "item": "Life Orb", "teraType": "Ice", "role": "Tera Blast user", "bvs": {"hp": 60, "atk": 50, "def": 70, "spa": 80, "spd": 80, "spe": 150}, "stats": {"hp": 260, "atk": 97, "def": 181, "spa": 200, "spd": 200, "spe": 328}, "types": ["Electric"]}, "Copperajah": {"name": "Copperajah", "species": "Copperajah", "speciesId": "copperajah", "gender": "F", "shiny": false, "level": 86, "moves": ["heavyslam", "superpower", "earthquake", "heatcrash"], "ability": "Heavy Metal", "evs": {"hp": 85, "atk": 85, "def": 85, "spa": 85, "spd": 85, "spe": 85}, "ivs": {"hp": 31, "atk": 31, "def": 31, "spa": 31, "spd": 31, "spe": 31}, "item": "Choice Band", "teraType": "Flying", "role": "Bulky Attacker", "bvs": {"hp": 122, "atk": 130, "def": 69, "spa": 80, "spd": 69, "spe": 30}, "stats": {"hp": 350, "atk": 273, "def": 168, "spa": 187, "spd": 168, "spe": 101}, "types": ["Steel"]}, "Oranguru": {"name": "Oranguru", "species": "Oranguru", "speciesId": "oranguru", "gender": "M", "shiny": false, "level": 92, "moves": ["focusblast", "nastyplot", "psychic", "thunderbolt"], "ability": "Inner Focus", "evs": {"hp": 85, "atk": 0, "def": 85, "spa": 85, "spd": 85, "spe": 85}, "ivs": {"hp": 31, "atk": 0, "def": 31, "spa": 31, "spd": 31, "spe": 31}, "item": "Leftovers", "teraType": "Electric", "role": "Bulky Attacker", "bvs": {"hp": 90, "atk": 60, "def": 80, "spa": 90, "spd": 110, "spe": 60}, "stats": {"hp": 315, "atk": 115, "def": 200, "spa": 218, "spd": 255, "spe": 163}, "types": ["Normal", "Psychic"]}, "Tsareena": {"name": "Tsareena", "species": "Tsareena", "speciesId": "tsareena", "gender": "F", "shiny": false, "level": 87, "moves": ["powerwhip", "highjumpkick", "synthesis", "uturn"], "ability": "Queenly Majesty", "evs": {"hp": 85, "atk": 85, "def": 85, "spa": 85, "spd": 85, "spe": 85}, "ivs": {"hp": 31, "atk": 31, "def": 31, "spa": 31, "spd": 31, "spe": 31}, "item": "Heavy-Duty Boots", "teraType": "Fighting", "role": "Fast Support", "bvs": {"hp": 72, "atk": 120, "def": 98, "spa": 50, "spd": 98, "spe": 72}, "stats": {"hp": 267, "atk": 259, "def": 220, "spa": 137, "spd": 220, "spe": 175}, "types": ["Grass"]}, "Lilligant": {"name": "Lilligant", "species": "Lilligant", "speciesId": "lilligant", "gender": "F", "shiny": false, "level": 86, "moves": ["sleeppowder", "petaldance", "alluringvoice", "quiverdance"], "ability": "Own Tempo", "evs": {"hp": 85, "atk": 0, "def": 85, "spa": 85, "spd": 85, "spe": 85}, "ivs": {"hp": 31, "atk": 0, "def": 31, "spa": 31, "spd": 31, "spe": 31}, "item": "Life Orb", "teraType": "Fairy", "role": "Setup Sweeper", "bvs": {"hp": 70, "atk": 60, "def": 75, "spa": 110, "spd": 75, "spe": 90}, "stats": {"hp": 261, "atk": 108, "def": 178, "spa": 238, "spd": 178, "spe": 204}, "types": ["Grass"]}}]}