{"id": "gen9randombattle-2642162815", "format": "[Gen 9] Random Battle", "players": ["Markusistschlecht", "forcemajor14"], "log": "|j|\u2606Markusistschlecht\n|j|\u2606forcemajor14\n|t:|1782903247\n|gametype|singles\n|player|p1|Markusistschlecht|101|2034\n|player|p2|forcemajor14|266|2074\n|gen|9\n|tier|[Gen 9] Random Battle\n|rated|\n|rule|Species Clause: Limit one of each Pok\u00e9mon\n|rule|HP Percentage Mod: HP is shown in percentages\n|rule|Sleep Clause Mod: Limit one foe put to sleep\n|rule|Illusion Level Mod: Illusion disguises the Pok\u00e9mon's true level\n|\n|t:|1782903247\n|teamsize|p1|6\n|teamsize|p2|6\n|start\n|switch|p1a: Latios|Latios, L78, M|253/253\n|switch|p2a: Rabsca|Rabsca, L91, M|284/284\n|turn|1\n|inactive|Battle timer is ON: inactive players will automatically lose when time's up. (requested by forcemajor14)\n|\n|t:|1782903271\n|switch|p1a: Empoleon|Empoleon, L84, M|278/278\n|move|p2a: Rabsca|Bug Buzz|p1a: Empoleon\n|-resisted|p1a: Empoleon\n|-damage|p1a: Empoleon|221/278\n|-unboost|p1a: Empoleon|spd|1\n|-ability|p1a: Empoleon|Competitive|boost\n|-boost|p1a: Empoleon|spa|2\n|\n|-heal|p1a: Empoleon|238/278|[from] item: Leftovers\n|upkeep\n|turn|2\n|\n|t:|1782903278\n|switch|p2a: Iron Hands|Iron Hands, L79|373/373\n|move|p1a: Empoleon|Surf|p2a: Iron Hands\n|-damage|p2a: Iron Hands|193/373\n|\n|-heal|p1a: Empoleon|255/278|[from] item: Leftovers\n|upkeep\n|turn|3\n|\n|t:|1782903287\n|move|p1a: Empoleon|Flip Turn|p2a: Iron Hands\n|-damage|p2a: Iron Hands|144/373\n|\n|t:|1782903298\n|switch|p1a: Spiritomb|Spiritomb, L89, F|234/234|[from] Flip Turn\n|move|p2a: Iron Hands|Thunder Punch|p1a: Spiritomb\n|-damage|p1a: Spiritomb|156/234\n|\n|-heal|p1a: Spiritomb|170/234|[from] item: Leftovers\n|upkeep\n|turn|4\n|\n|t:|1782903307\n|move|p2a: Iron Hands|Volt Switch|p1a: Spiritomb\n|-damage|p1a: Spiritomb|134/234\n|\n|t:|1782903310\n|-end|p2a: Iron Hands|Quark Drive|[silent]\n|switch|p2a: Meowscarada|Meowscarada, L78, M|247/247|[from] Volt Switch\n|move|p1a: Spiritomb|Will-O-Wisp|p2a: Meowscarada\n|-status|p2a: Meowscarada|brn\n|\n|-heal|p1a: Spiritomb|148/234|[from] item: Leftovers\n|-damage|p2a: Meowscarada|232/247 brn|[from] brn\n|upkeep\n|turn|5\n|\n|t:|1782903319\n|move|p2a: Meowscarada|U-turn|p1a: Spiritomb\n|-start|p2a: Meowscarada|typechange|Bug|[from] ability: Protean\n|-crit|p1a: Spiritomb\n|-damage|p1a: Spiritomb|85/234\n|\n|t:|1782903322\n|switch|p2a: Talonflame|Talonflame, L83, F|265/265|[from] U-turn\n|move|p1a: Spiritomb|Pain Split|p2a: Talonflame\n|-sethp|p2a: Talonflame|175/265|[from] move: Pain Split|[silent]\n|-sethp|p1a: Spiritomb|175/234|[from] move: Pain Split\n|\n|-heal|p1a: Spiritomb|189/234|[from] item: Leftovers\n|upkeep\n|turn|6\n|\n|t:|1782903338\n|move|p2a: Talonflame|Swords Dance|p2a: Talonflame\n|-boost|p2a: Talonflame|atk|2\n|move|p1a: Spiritomb|Poltergeist|p2a: Talonflame\n|-activate|p2a: Talonflame|move: Poltergeist|Heavy-Duty Boots\n|-crit|p2a: Talonflame\n|-damage|p2a: Talonflame|0 fnt\n|faint|p2a: Talonflame\n|\n|-heal|p1a: Spiritomb|203/234|[from] item: Leftovers\n|upkeep\n|\n|t:|1782903340\n|switch|p2a: Meowscarada|Meowscarada, L78, M|232/247 brn\n|turn|7\n|\n|t:|1782903347\n|move|p2a: Meowscarada|U-turn|p1a: Spiritomb\n|-start|p2a: Meowscarada|typechange|Bug|[from] ability: Protean\n|-damage|p1a: Spiritomb|158/234\n|\n|t:|1782903349\n|switch|p2a: Iron Hands|Iron Hands, L79|144/373|[from] U-turn\n|move|p1a: Spiritomb|Foul Play|p2a: Iron Hands\n|-resisted|p2a: Iron Hands\n|-damage|p2a: Iron Hands|80/373\n|\n|-heal|p1a: Spiritomb|172/234|[from] item: Leftovers\n|upkeep\n|turn|8\n|\n|t:|1782903358\n|move|p2a: Iron Hands|Thunder Punch|p1a: Spiritomb\n|-damage|p1a: Spiritomb|93/234\n|move|p1a: Spiritomb|Poltergeist|p2a: Iron Hands\n|-activate|p2a: Iron Hands|move: Poltergeist|Assault Vest\n|-damage|p2a: Iron Hands|0 fnt\n|faint|p2a: Iron Hands\n|-end|p2a: Iron Hands|Quark Drive|[silent]\n|\n|-heal|p1a: Spiritomb|107/234|[from] item: Leftovers\n|upkeep\n|\n|t:|1782903360\n|switch|p2a: Meowscarada|Meowscarada, L78, M|232/247 brn\n|turn|9\n|\n|t:|1782903366\n|move|p2a: Meowscarada|U-turn|p1a: Spiritomb\n|-start|p2a: Meowscarada|typechange|Bug|[from] ability: Protean\n|-damage|p1a: Spiritomb|62/234\n|\n|t:|1782903367\n|switch|p2a: Salamence|Salamence, L77, F|273/273|[from] U-turn\n|move|p1a: Spiritomb|Pain Split|p2a: Salamence\n|-sethp|p2a: Salamence|167/273|[from] move: Pain Split|[silent]\n|-sethp|p1a: Spiritomb|167/234|[from] move: Pain Split\n|\n|-heal|p1a: Spiritomb|181/234|[from] item: Leftovers\n|upkeep\n|turn|10\n|\n|t:|1782903378\n|switch|p2a: Meowscarada|Meowscarada, L78, M|232/247 brn\n|move|p1a: Spiritomb|Foul Play|p2a: Meowscarada\n|-resisted|p2a: Meowscarada\n|-damage|p2a: Meowscarada|165/247 brn\n|\n|-heal|p1a: Spiritomb|195/234|[from] item: Leftovers\n|-damage|p2a: Meowscarada|150/247 brn|[from] brn\n|upkeep\n|turn|11\n|\n|t:|1782903385\n|move|p2a: Meowscarada|U-turn|p1a: Spiritomb\n|-start|p2a: Meowscarada|typechange|Bug|[from] ability: Protean\n|-damage|p1a: Spiritomb|148/234\n|\n|t:|1782903387\n|switch|p2a: Orthworm|Orthworm, L88, F|266/266|[from] U-turn\n|move|p1a: Spiritomb|Foul Play|p2a: Orthworm\n|-damage|p2a: Orthworm|197/266\n|\n|-heal|p1a: Spiritomb|162/234|[from] item: Leftovers\n|upkeep\n|turn|12\n|\n|t:|1782903396\n|move|p2a: Orthworm|Coil|p2a: Orthworm\n|-boost|p2a: Orthworm|atk|1\n|-boost|p2a: Orthworm|def|1\n|-boost|p2a: Orthworm|accuracy|1\n|move|p1a: Spiritomb|Will-O-Wisp|p2a: Orthworm\n|-status|p2a: Orthworm|brn\n|\n|-heal|p1a: Spiritomb|176/234|[from] item: Leftovers\n|-damage|p2a: Orthworm|181/266 brn|[from] brn\n|upkeep\n|turn|13\n|\n|t:|1782903400\n|move|p2a: Orthworm|Coil|p2a: Orthworm\n|-boost|p2a: Orthworm|atk|1\n|-boost|p2a: Orthworm|def|1\n|-boost|p2a: Orthworm|accuracy|1\n|move|p1a: Spiritomb|Foul Play|p2a: Orthworm\n|-crit|p2a: Orthworm\n|-damage|p2a: Orthworm|0 fnt\n|faint|p2a: Orthworm\n|\n|-heal|p1a: Spiritomb|190/234|[from] item: Leftovers\n|upkeep\n|\n|t:|1782903402\n|switch|p2a: Meowscarada|Meowscarada, L78, M|150/247 brn\n|turn|14\n|\n|t:|1782903406\n|move|p2a: Meowscarada|U-turn|p1a: Spiritomb\n|-start|p2a: Meowscarada|typechange|Bug|[from] ability: Protean\n|-damage|p1a: Spiritomb|148/234\n|\n|t:|1782903408\n|switch|p2a: Salamence|Salamence, L77, F|167/273|[from] U-turn\n|move|p1a: Spiritomb|Foul Play|p2a: Salamence\n|-damage|p2a: Salamence|16/273\n|\n|-heal|p1a: Spiritomb|162/234|[from] item: Leftovers\n|upkeep\n|turn|15\n|\n|t:|1782903416\n|move|p2a: Salamence|Roost|p2a: Salamence\n|-heal|p2a: Salamence|153/273\n|-singleturn|p2a: Salamence|move: Roost\n|move|p1a: Spiritomb|Foul Play|p2a: Salamence\n|-damage|p2a: Salamence|6/273\n|\n|-heal|p1a: Spiritomb|176/234|[from] item: Leftovers\n|upkeep\n|turn|16\n|\n|t:|1782903419\n|move|p2a: Salamence|Outrage|p1a: Spiritomb\n|-damage|p1a: Spiritomb|68/234\n|move|p1a: Spiritomb|Foul Play|p2a: Salamence\n|-damage|p2a: Salamence|0 fnt\n|faint|p2a: Salamence\n|\n|-heal|p1a: Spiritomb|82/234|[from] item: Leftovers\n|upkeep\n|\n|t:|1782903421\n|switch|p2a: Meowscarada|Meowscarada, L78, M|150/247 brn\n|turn|17\n|l|\u2606forcemajor14\n|inactive|forcemajor14 disconnected and has a minute to reconnect!\n|player|p2|\n|j|\u2606forcemajor14\n|inactive|forcemajor14 reconnected and has 145 seconds left.\n|player|p2|forcemajor14|266|\n|\n|t:|1782903434\n|move|p2a: Meowscarada|U-turn|p1a: Spiritomb\n|-start|p2a: Meowscarada|typechange|Bug|[from] ability: Protean\n|-crit|p1a: Spiritomb\n|-damage|p1a: Spiritomb|12/234\n|\n|t:|1782903442\n|switch|p2a: Rabsca|Rabsca, L91, M|284/284|[from] U-turn\n|move|p1a: Spiritomb|Pain Split|p2a: Rabsca\n|-sethp|p2a: Rabsca|148/284|[from] move: Pain Split|[silent]\n|-sethp|p1a: Spiritomb|148/234|[from] move: Pain Split\n|\n|-heal|p1a: Spiritomb|162/234|[from] item: Leftovers\n|upkeep\n|turn|18\n|\n|t:|1782903446\n|move|p1a: Spiritomb|Poltergeist|p2a: Rabsca\n|-activate|p2a: Rabsca|move: Poltergeist|Heavy-Duty Boots\n|-supereffective|p2a: Rabsca\n|-damage|p2a: Rabsca|0 fnt\n|faint|p2a: Rabsca\n|\n|-heal|p1a: Spiritomb|176/234|[from] item: Leftovers\n|upkeep\n|\n|t:|1782903448\n|switch|p2a: Meowscarada|Meowscarada, L78, M|150/247 brn\n|turn|19\n|\n|t:|1782903451\n|move|p2a: Meowscarada|U-turn|p1a: Spiritomb\n|-start|p2a: Meowscarada|typechange|Bug|[from] ability: Protean\n|-damage|p1a: Spiritomb|134/234\n|move|p1a: Spiritomb|Foul Play|p2a: Meowscarada\n|-damage|p2a: Meowscarada|18/247 brn\n|\n|-heal|p1a: Spiritomb|148/234|[from] item: Leftovers\n|-damage|p2a: Meowscarada|3/247 brn|[from] brn\n|upkeep\n|turn|20\n|\n|t:|1782903463\n|switch|p1a: Orthworm|Orthworm, L88, F|266/266\n|move|p2a: Meowscarada|U-turn|p1a: Orthworm\n|-resisted|p1a: Orthworm\n|-damage|p1a: Orthworm|248/266\n|\n|-heal|p1a: Orthworm|264/266|[from] item: Leftovers\n|-damage|p2a: Meowscarada|0 fnt|[from] brn\n|faint|p2a: Meowscarada\n|\n|win|Markusistschlecht\n|raw|Markusistschlecht's rating: 2034 &rarr; <strong>2058</strong><br />(+24 for winning)\n|raw|forcemajor14's rating: 2104 &rarr; <strong>2080</strong><br />(-24 for losing)\n", "inputlog": ">version f8ac14003a5f27e1bdc8d8c59608a773c1cb96e5\n>start {\"formatid\":\"gen9randombattle\",\"seed\":\"sodium,3ba89a02a438533329b260ca7b0079c6\",\"rated\":\"Rated battle\"}\n>player p1 {\"name\":\"Markusistschlecht\",\"avatar\":\"101\",\"rating\":2034,\"seed\":\"sodium,588d057cad5145a17fadece09f0707d8\"}\n>player p2 {\"name\":\"forcemajor14\",\"avatar\":\"266\",\"rating\":2074,\"seed\":\"sodium,06b65daccfb457eae6d970656faf091c\"}\n>p1 switch 4\n>p2 move bugbuzz\n>p1 move surf\n>p2 switch 3\n>p1 move flipturn\n>p2 move thunderpunch\n>p1 switch 6\n>p1 move willowisp\n>p2 move voltswitch\n>p2 switch 2\n>p1 move painsplit\n>p2 move uturn\n>p2 switch 4\n>p1 move poltergeist\n>p2 move swordsdance\n>p2 switch 4\n>p1 move foulplay\n>p2 move uturn\n>p2 switch 2\n>p1 move poltergeist\n>p2 move thunderpunch\n>p2 switch 2\n>p1 move painsplit\n>p2 move uturn\n>p2 switch 5\n>p1 move foulplay\n>p2 switch 5\n>p1 move foulplay\n>p2 move uturn\n>p2 switch 6\n>p1 move willowisp\n>p2 move coil\n>p1 move foulplay\n>p2 move coil\n>p2 switch 6\n>p1 move foulplay\n>p2 move uturn\n>p2 switch 5\n>p1 move foulplay\n>p2 move roost\n>p1 move foulplay\n>p2 move outrage\n>p2 switch 5\n>p1 move painsplit\n>p2 move uturn\n>p2 switch 3\n>p1 move poltergeist\n>p2 move trickroom\n>p2 switch 3\n>p1 move foulplay\n>p2 move uturn\n>p1 switch 3\n>p2 move uturn", "uploadtime": 1782903463, "views": 3, "formatid": "gen9randombattle", "rating": 2058, "private": 0, "password": null, "player_dets": [{"name": "Markusistschlecht", "avatar": "101", "rating": 2034, "seed": "sodium,588d057cad5145a17fadece09f0707d8"}, {"name": "forcemajor14", "avatar": "266", "rating": 2074, "seed": "sodium,06b65daccfb457eae6d970656faf091c"}], "teams_full": [{"Latios": {"name": "Latios", "species": "Latios", "speciesId": "latios", "gender": "M", "shiny": false, "level": 78, "moves": ["dracometeor", "recover", "psyshock", "calmmind"], "ability": "Levitate", "evs": {"hp": 85, "atk": 0, "def": 85, "spa": 85, "spd": 85, "spe": 85}, "ivs": {"hp": 31, "atk": 0, "def": 31, "spa": 31, "spd": 31, "spe": 31}, "item": "Soul Dew", "teraType": "Steel", "role": "Bulky Setup", "bvs": {"hp": 80, "atk": 90, "def": 80, "spa": 130, "spd": 110, "spe": 110}, "stats": {"hp": 253, "atk": 145, "def": 170, "spa": 248, "spd": 217, "spe": 217}, "types": ["Dragon", "Psychic"]}, "Girafarig": {"name": "Girafarig", "species": "Girafarig", "speciesId": "girafarig", "gender": "F", "shiny": false, "level": 89, "moves": ["nastyplot", "hypervoice", "psyshock", "thunderbolt"], "ability": "Sap Sipper", "evs": {"hp": 85, "atk": 0, "def": 85, "spa": 85, "spd": 85, "spe": 85}, "ivs": {"hp": 31, "atk": 0, "def": 31, "spa": 31, "spd": 31, "spe": 31}, "item": "Eviolite", "teraType": "Electric", "role": "Fast Bulky Setup", "bvs": {"hp": 70, "atk": 80, "def": 65, "spa": 90, "spd": 65, "spe": 85}, "stats": {"hp": 269, "atk": 147, "def": 166, "spa": 211, "spd": 166, "spe": 202}, "types": ["Normal", "Psychic"]}, "Orthworm": {"name": "Orthworm", "species": "Orthworm", "speciesId": "orthworm", "gender": "F", "shiny": false, "level": 88, "moves": ["shedtail", "stealthrock", "heavyslam", "bodypress"], "ability": "Earth Eater", "evs": {"hp": 85, "atk": 85, "def": 85, "spa": 85, "spd": 85, "spe": 85}, "ivs": {"hp": 31, "atk": 31, "def": 31, "spa": 31, "spd": 31, "spe": 31}, "item": "Leftovers", "teraType": "Poison", "role": "Bulky Attacker", "bvs": {"hp": 70, "atk": 85, "def": 145, "spa": 60, "spd": 55, "spe": 65}, "stats": {"hp": 266, "atk": 200, "def": 305, "spa": 156, "spd": 147, "spe": 165}, "types": ["Steel"]}, "Empoleon": {"name": "Empoleon", "species": "Empoleon", "speciesId": "empoleon", "gender": "M", "shiny": false, "level": 84, "moves": ["roost", "flipturn", "surf", "icebeam"], "ability": "Competitive", "evs": {"hp": 85, "atk": 85, "def": 85, "spa": 85, "spd": 85, "spe": 85}, "ivs": {"hp": 31, "atk": 31, "def": 31, "spa": 31, "spd": 31, "spe": 31}, "item": "Leftovers", "teraType": "Grass", "role": "Bulky Support", "bvs": {"hp": 84, "atk": 86, "def": 88, "spa": 111, "spd": 101, "spe": 60}, "stats": {"hp": 278, "atk": 193, "def": 196, "spa": 235, "spd": 218, "spe": 149}, "types": ["Water", "Steel"]}, "Scovillain": {"name": "Scovillain", "species": "Scovillain", "speciesId": "scovillain", "gender": "M", "shiny": false, "level": 91, "moves": ["energyball", "stompingtantrum", "fireblast", "sunnyday"], "ability": "Chlorophyll", "evs": {"hp": 85, "atk": 85, "def": 85, "spa": 85, "spd": 85, "spe": 85}, "ivs": {"hp": 31, "atk": 31, "def": 31, "spa": 31, "spd": 31, "spe": 31}, "item": "Heavy-Duty Boots", "teraType": "Fire", "role": "Wallbreaker", "bvs": {"hp": 65, "atk": 108, "def": 65, "spa": 108, "spd": 65, "spe": 75}, "stats": {"hp": 266, "atk": 248, "def": 170, "spa": 248, "spd": 170, "spe": 188}, "types": ["Grass", "Fire"]}, "Spiritomb": {"name": "Spiritomb", "species": "Spiritomb", "speciesId": "spiritomb", "gender": "F", "shiny": false, "level": 89, "moves": ["poltergeist", "willowisp", "foulplay", "painsplit"], "ability": "Infiltrator", "evs": {"hp": 85, "atk": 85, "def": 85, "spa": 85, "spd": 85, "spe": 85}, "ivs": {"hp": 31, "atk": 31, "def": 31, "spa": 31, "spd": 31, "spe": 31}, "item": "Leftovers", "teraType": "Poison", "role": "Bulky Support", "bvs": {"hp": 50, "atk": 92, "def": 108, "spa": 92, "spd": 108, "spe": 35}, "stats": {"hp": 234, "atk": 215, "def": 243, "spa": 215, "spd": 243, "spe": 113}, "types": ["Ghost", "Dark"]}}, {"Rabsca": {"name": "Rabsca", "species": "Rabsca", "speciesId": "rabsca", "gender": "M", "shiny": false, "level": 91, "moves": ["revivalblessing", "trickroom", "psychic", "bugbuzz"], "ability": "Synchronize", "evs": {"hp": 85, "atk": 0, "def": 85, "spa": 85, "spd": 85, "spe": 0}, "ivs": {"hp": 31, "atk": 0, "def": 31, "spa": 31, "spd": 31, "spe": 0}, "item": "Heavy-Duty Boots", "teraType": "Steel", "role": "Wallbreaker", "bvs": {"hp": 75, "atk": 50, "def": 85, "spa": 115, "spd": 100, "spe": 45}, "stats": {"hp": 284, "atk": 96, "def": 207, "spa": 261, "spd": 234, "spe": 86}, "types": ["Bug", "Psychic"]}, "Meowscarada": {"name": "Meowscarada", "species": "Meowscarada", "speciesId": "meowscarada", "gender": "M", "shiny": false, "level": 78, "moves": ["knockoff", "uturn", "flowertrick", "tripleaxel"], "ability": "Protean", "evs": {"hp": 85, "atk": 85, "def": 85, "spa": 85, "spd": 85, "spe": 85}, "ivs": {"hp": 31, "atk": 31, "def": 31, "spa": 31, "spd": 31, "spe": 31}, "item": "Choice Band", "teraType": "Dark", "role": "Fast Support", "bvs": {"hp": 76, "atk": 110, "def": 70, "spa": 81, "spd": 70, "spe": 123}, "stats": {"hp": 247, "atk": 217, "def": 154, "spa": 171, "spd": 154, "spe": 237}, "types": ["Grass", "Dark"]}, "Iron Hands": {"name": "Iron Hands", "species": "Iron Hands", "speciesId": "ironhands", "gender": "N", "shiny": false, "level": 79, "moves": ["voltswitch", "thunderpunch", "icepunch", "closecombat"], "ability": "Quark Drive", "evs": {"hp": 85, "atk": 85, "def": 85, "spa": 85, "spd": 85, "spe": 85}, "ivs": {"hp": 31, "atk": 31, "def": 31, "spa": 31, "spd": 31, "spe": 31}, "item": "Assault Vest", "teraType": "Electric", "role": "AV Pivot", "bvs": {"hp": 154, "atk": 140, "def": 108, "spa": 50, "spd": 68, "spe": 50}, "stats": {"hp": 373, "atk": 267, "def": 216, "spa": 125, "spd": 153, "spe": 125}, "types": ["Fighting", "Electric"]}, "Talonflame": {"name": "Talonflame", "species": "Talonflame", "speciesId": "talonflame", "gender": "F", "shiny": false, "level": 83, "moves": ["flareblitz", "terablast", "bravebird", "swordsdance"], "ability": "Flame Body", "evs": {"hp": 85, "atk": 85, "def": 85, "spa": 85, "spd": 85, "spe": 85}, "ivs": {"hp": 31, "atk": 31, "def": 31, "spa": 31, "spd": 31, "spe": 31}, "item": "Heavy-Duty Boots", "teraType": "Ground", "role": "Tera Blast user", "bvs": {"hp": 78, "atk": 81, "def": 71, "spa": 74, "spd": 69, "spe": 126}, "stats": {"hp": 265, "atk": 182, "def": 166, "spa": 171, "spd": 162, "spe": 257}, "types": ["Fire", "Flying"]}, "Salamence": {"name": "Salamence", "species": "Salamence", "speciesId": "salamence", "gender": "F", "shiny": false, "level": 77, "moves": ["dragondance", "roost", "dualwingbeat", "outrage"], "ability": "Moxie", "evs": {"hp": 85, "atk": 85, "def": 85, "spa": 85, "spd": 85, "spe": 85}, "ivs": {"hp": 31, "atk": 31, "def": 31, "spa": 31, "spd": 31, "spe": 31}, "item": "Heavy-Duty Boots", "teraType": "Steel", "role": "Setup Sweeper", "bvs": {"hp": 95, "atk": 135, "def": 80, "spa": 110, "spd": 80, "spe": 100}, "stats": {"hp": 273, "atk": 252, "def": 168, "spa": 214, "spd": 168, "spe": 199}, "types": ["Dragon", "Flying"]}, "Orthworm": {"name": "Orthworm", "species": "Orthworm", "speciesId": "orthworm", "gender": "F", "shiny": false, "level": 88, "moves": ["bodypress", "rest", "irontail", "coil"], "ability": "Earth Eater", "evs": {"hp": 85, "atk": 85, "def": 85, "spa": 85, "spd": 85, "spe": 85}, "ivs": {"hp": 31, "atk": 31, "def": 31, "spa": 31, "spd": 31, "spe": 31}, "item": "Chesto Berry", "teraType": "Fighting", "role": "Bulky Setup", "bvs": {"hp": 70, "atk": 85, "def": 145, "spa": 60, "spd": 55, "spe": 65}, "stats": {"hp": 266, "atk": 200, "def": 305, "spa": 156, "spd": 147, "spe": 165}, "types": ["Steel"]}}]}