{"id": "gen9randombattle-2642099256", "format": "[Gen 9] Random Battle", "players": ["majex", "notmetbh102"], "log": "|j|\u2606majex\n|j|\u2606notmetbh102\n|t:|1782889717\n|gametype|singles\n|player|p1|majex|266|2038\n|player|p2|notmetbh102|265|2197\n|gen|9\n|tier|[Gen 9] Random Battle\n|rated|\n|rule|Species Clause: Limit one of each Pok\u00e9mon\n|rule|HP Percentage Mod: HP is shown in percentages\n|rule|Sleep Clause Mod: Limit one foe put to sleep\n|rule|Illusion Level Mod: Illusion disguises the Pok\u00e9mon's true level\n|\n|t:|1782889717\n|teamsize|p1|6\n|teamsize|p2|6\n|start\n|switch|p1a: Minun|Minun, L95, M|268/268\n|switch|p2a: Quaquaval|Quaquaval, L79, M|264/264\n|turn|1\n|inactive|Battle timer is ON: inactive players will automatically lose when time's up. (requested by notmetbh102)\n|c|\u2606notmetbh102|hf\n|\n|t:|1782889727\n|switch|p2a: Archaludon|Archaludon, L78, F|268/268\n|move|p1a: Minun|Thunderbolt|p2a: Archaludon\n|-resisted|p2a: Archaludon\n|-crit|p2a: Archaludon\n|-damage|p2a: Archaludon|139/268\n|-ability|p2a: Archaludon|Stamina|boost\n|-boost|p2a: Archaludon|def|1\n|-damage|p1a: Minun|242/268|[from] item: Life Orb\n|\n|upkeep\n|turn|2\n|\n|t:|1782889732\n|switch|p2a: Heatran|Heatran, L79, M|273/273\n|-item|p2a: Heatran|Air Balloon\n|move|p1a: Minun|Alluring Voice|p2a: Heatran\n|-resisted|p2a: Heatran\n|-damage|p2a: Heatran|256/273\n|-enditem|p2a: Heatran|Air Balloon\n|-damage|p1a: Minun|216/268|[from] item: Life Orb\n|\n|upkeep\n|turn|3\n|\n|t:|1782889736\n|move|p1a: Minun|Nasty Plot|p1a: Minun\n|-boost|p1a: Minun|spa|2\n|move|p2a: Heatran|Earth Power|p1a: Minun\n|-supereffective|p1a: Minun\n|-damage|p1a: Minun|84/268\n|\n|upkeep\n|turn|4\n|\n|t:|1782889738\n|switch|p2a: Ampharos|Ampharos, L88, M|302/302\n|move|p1a: Minun|Thunderbolt|p2a: Ampharos\n|-resisted|p2a: Ampharos\n|-damage|p2a: Ampharos|212/302\n|-damage|p1a: Minun|58/268|[from] item: Life Orb\n|\n|upkeep\n|turn|5\n|\n|t:|1782889745\n|move|p1a: Minun|Alluring Voice|p2a: Ampharos\n|-damage|p2a: Ampharos|118/302\n|-damage|p1a: Minun|32/268|[from] item: Life Orb\n|move|p2a: Ampharos|Dazzling Gleam|p1a: Minun\n|-damage|p1a: Minun|0 fnt\n|faint|p1a: Minun\n|\n|upkeep\n|\n|t:|1782889751\n|switch|p1a: Eternatus|Eternatus, L69|308/308\n|-ability|p1a: Eternatus|Pressure\n|turn|6\n|\n|t:|1782889753\n|move|p1a: Eternatus|Toxic Spikes|p2a: Ampharos\n|-sidestart|p2: notmetbh102|move: Toxic Spikes\n|move|p2a: Ampharos|Volt Switch|p1a: Eternatus\n|-resisted|p1a: Eternatus\n|-damage|p1a: Eternatus|252/308\n|\n|t:|1782889754\n|switch|p2a: Heatran|Heatran, L79, M|256/273|[from] Volt Switch\n|\n|-heal|p1a: Eternatus|271/308|[from] item: Leftovers\n|upkeep\n|turn|7\n|\n|t:|1782889759\n|switch|p1a: Swalot|Swalot, L90, M|326/326\n|move|p2a: Heatran|Stealth Rock|p1a: Swalot\n|-sidestart|p1: majex|move: Stealth Rock\n|\n|upkeep\n|turn|8\n|\n|t:|1782889763\n|switch|p2a: Latias|Latias, L79, F|256/256\n|move|p1a: Swalot|Swords Dance|p1a: Swalot\n|-boost|p1a: Swalot|atk|2\n|\n|upkeep\n|turn|9\n|\n|t:|1782889768\n|-terastallize|p2a: Latias|Steel\n|move|p2a: Latias|Psyshock|p1a: Swalot\n|-supereffective|p1a: Swalot\n|-damage|p1a: Swalot|132/326\n|move|p1a: Swalot|Knock Off|p2a: Latias\n|-damage|p2a: Latias|129/256\n|-enditem|p2a: Latias|Soul Dew|[from] move: Knock Off|[of] p1a: Swalot\n|\n|-heal|p1a: Swalot|152/326|[from] item: Leftovers\n|upkeep\n|turn|10\n|\n|t:|1782889775\n|switch|p1a: Vikavolt|Vikavolt, L83, M|263/263\n|move|p2a: Latias|Draco Meteor|p1a: Vikavolt\n|-damage|p1a: Vikavolt|97/263\n|-unboost|p2a: Latias|spa|2\n|\n|upkeep\n|turn|11\n|\n|t:|1782889779\n|switch|p2a: Heatran|Heatran, L79, M|256/273\n|move|p1a: Vikavolt|Sticky Web|p2a: Heatran\n|-sidestart|p2: notmetbh102|move: Sticky Web\n|\n|upkeep\n|turn|12\n|\n|t:|1782889782\n|move|p2a: Heatran|Magma Storm|p1a: Vikavolt|[miss]\n|-miss|p2a: Heatran|p1a: Vikavolt\n|move|p1a: Vikavolt|Discharge|p2a: Heatran\n|-damage|p2a: Heatran|151/273\n|\n|upkeep\n|turn|13\n|\n|t:|1782889783\n|move|p2a: Heatran|Magma Storm|p1a: Vikavolt|[miss]\n|-miss|p2a: Heatran|p1a: Vikavolt\n|move|p1a: Vikavolt|Discharge|p2a: Heatran\n|-damage|p2a: Heatran|42/273\n|\n|upkeep\n|turn|14\n|\n|t:|1782889784\n|move|p2a: Heatran|Magma Storm|p1a: Vikavolt\n|-supereffective|p1a: Vikavolt\n|-damage|p1a: Vikavolt|0 fnt\n|faint|p1a: Vikavolt\n|\n|upkeep\n|\n|t:|1782889788\n|switch|p1a: Manaphy|Manaphy, L78|284/284\n|-damage|p1a: Manaphy|249/284|[from] Stealth Rock\n|turn|15\n|\n|t:|1782889790\n|move|p1a: Manaphy|Surf|p2a: Heatran\n|-supereffective|p2a: Heatran\n|-damage|p2a: Heatran|0 fnt\n|faint|p2a: Heatran\n|\n|-heal|p1a: Manaphy|266/284|[from] item: Leftovers\n|upkeep\n|\n|t:|1782889791\n|switch|p2a: Latias|Latias, L79, F, tera:Steel|129/256\n|turn|16\n|\n|t:|1782889798\n|move|p2a: Latias|Calm Mind|p2a: Latias\n|-boost|p2a: Latias|spa|1\n|-boost|p2a: Latias|spd|1\n|move|p1a: Manaphy|Tail Glow|p1a: Manaphy\n|-boost|p1a: Manaphy|spa|3\n|\n|-heal|p1a: Manaphy|283/284|[from] item: Leftovers\n|upkeep\n|turn|17\n|\n|t:|1782889799\n|move|p2a: Latias|Calm Mind|p2a: Latias\n|-boost|p2a: Latias|spa|1\n|-boost|p2a: Latias|spd|1\n|move|p1a: Manaphy|Surf|p2a: Latias\n|-damage|p2a: Latias|48/256\n|\n|-heal|p1a: Manaphy|284/284|[from] item: Leftovers\n|upkeep\n|turn|18\n|\n|t:|1782889801\n|move|p2a: Latias|Recover|p2a: Latias\n|-heal|p2a: Latias|176/256\n|move|p1a: Manaphy|Surf|p2a: Latias\n|-damage|p2a: Latias|97/256\n|\n|upkeep\n|turn|19\n|\n|t:|1782889805\n|move|p2a: Latias|Calm Mind|p2a: Latias\n|-boost|p2a: Latias|spa|1\n|-boost|p2a: Latias|spd|1\n|move|p1a: Manaphy|Tail Glow|p1a: Manaphy\n|-boost|p1a: Manaphy|spa|3\n|\n|upkeep\n|turn|20\n|\n|t:|1782889806\n|move|p2a: Latias|Draco Meteor|p1a: Manaphy|[miss]\n|-miss|p2a: Latias|p1a: Manaphy\n|move|p1a: Manaphy|Surf|p2a: Latias\n|-damage|p2a: Latias|0 fnt\n|faint|p2a: Latias\n|\n|upkeep\n|\n|t:|1782889807\n|switch|p2a: Archaludon|Archaludon, L78, F|139/268\n|-activate|p2a: Archaludon|move: Sticky Web\n|-unboost|p2a: Archaludon|spe|1\n|turn|21\n|\n|t:|1782889809\n|switch|p2a: Suicune|Suicune, L82|298/298\n|-status|p2a: Suicune|psn\n|-activate|p2a: Suicune|move: Sticky Web\n|-unboost|p2a: Suicune|spe|1\n|-ability|p2a: Suicune|Pressure\n|move|p1a: Manaphy|Ice Beam|p2a: Suicune\n|-resisted|p2a: Suicune\n|-damage|p2a: Suicune|199/298 psn\n|\n|-heal|p2a: Suicune|217/298 psn|[from] item: Leftovers\n|-damage|p2a: Suicune|180/298 psn|[from] psn\n|upkeep\n|turn|22\n|\n|t:|1782889813\n|switch|p2a: Archaludon|Archaludon, L78, F|139/268\n|-activate|p2a: Archaludon|move: Sticky Web\n|-unboost|p2a: Archaludon|spe|1\n|move|p1a: Manaphy|Energy Ball|p2a: Archaludon\n|-resisted|p2a: Archaludon\n|-damage|p2a: Archaludon|66/268\n|-ability|p2a: Archaludon|Stamina|boost\n|-boost|p2a: Archaludon|def|1\n|\n|upkeep\n|turn|23\n|\n|t:|1782889815\n|move|p1a: Manaphy|Ice Beam|p2a: Archaludon\n|-damage|p2a: Archaludon|0 fnt\n|faint|p2a: Archaludon\n|\n|upkeep\n|\n|t:|1782889816\n|switch|p2a: Ampharos|Ampharos, L88, M|118/302\n|-status|p2a: Ampharos|psn\n|-activate|p2a: Ampharos|move: Sticky Web\n|-unboost|p2a: Ampharos|spe|1\n|turn|24\n|\n|t:|1782889818\n|move|p1a: Manaphy|Surf|p2a: Ampharos\n|-damage|p2a: Ampharos|0 fnt\n|faint|p2a: Ampharos\n|\n|upkeep\n|\n|t:|1782889819\n|switch|p2a: Quaquaval|Quaquaval, L79, M|264/264\n|-status|p2a: Quaquaval|psn\n|-activate|p2a: Quaquaval|move: Sticky Web\n|-unboost|p2a: Quaquaval|spe|1\n|turn|25\n|\n|t:|1782889821\n|move|p1a: Manaphy|Energy Ball|p2a: Quaquaval\n|-supereffective|p2a: Quaquaval\n|-damage|p2a: Quaquaval|0 fnt\n|faint|p2a: Quaquaval\n|\n|upkeep\n|\n|t:|1782889822\n|switch|p2a: Suicune|Suicune, L82|180/298 psn\n|-activate|p2a: Suicune|move: Sticky Web\n|-unboost|p2a: Suicune|spe|1\n|-ability|p2a: Suicune|Pressure\n|turn|26\n|\n|t:|1782889824\n|move|p1a: Manaphy|Energy Ball|p2a: Suicune\n|-supereffective|p2a: Suicune\n|-damage|p2a: Suicune|0 fnt\n|faint|p2a: Suicune\n|\n|win|majex\n|raw|majex's rating: 2038 &rarr; <strong>2067</strong><br />(+29 for winning)\n|raw|notmetbh102's rating: 2197 &rarr; <strong>2168</strong><br />(-29 for losing)\n|c|\u2606notmetbh102|gg\n", "inputlog": ">version f8ac14003a5f27e1bdc8d8c59608a773c1cb96e5\n>start {\"formatid\":\"gen9randombattle\",\"seed\":\"sodium,87f298d3914b976e612bb834e9d594c6\",\"rated\":\"Rated battle\"}\n>player p1 {\"name\":\"majex\",\"avatar\":\"266\",\"rating\":2038,\"seed\":\"sodium,2483b01b79fa284225f46177ca308d85\"}\n>player p2 {\"name\":\"notmetbh102\",\"avatar\":\"265\",\"rating\":2197,\"seed\":\"sodium,81790c1cc391334c7c172bc43427a7e7\"}\n>chat \u2606notmetbh102|hf\n>p1 move thunderbolt\n>p2 switch 2\n>p1 move alluringvoice\n>p2 switch 4\n>p1 move nastyplot\n>p2 move earthpower\n>p1 move thunderbolt\n>p2 switch 6\n>p1 move alluringvoice\n>p2 move dazzlinggleam\n>p1 switch 2\n>p1 move toxicspikes\n>p2 move voltswitch\n>p2 switch 6\n>p1 switch 3\n>p2 move stealthrock\n>p1 move swordsdance\n>p2 switch 5\n>p1 move knockoff\n>p2 move psyshock terastallize\n>p1 switch 6\n>p2 move dracometeor\n>p1 move stickyweb\n>p2 switch 5\n>p1 move discharge\n>p2 move magmastorm\n>p1 move discharge\n>p2 move magmastorm\n>p1 move discharge\n>p2 move magmastorm\n>p1 switch 5\n>p1 move surf\n>p2 move magmastorm\n>p2 switch 5\n>p1 move tailglow\n>p2 move calmmind\n>p1 move surf\n>p2 move calmmind\n>p1 move surf\n>p2 move recover\n>p1 move tailglow\n>p2 move calmmind\n>p1 move surf\n>p2 move dracometeor\n>p2 switch 4\n>p1 move icebeam\n>p2 switch 3\n>p1 move energyball\n>p2 switch 3\n>p1 move icebeam\n>p2 move ironhead\n>p2 switch 6\n>p1 move surf\n>p2 move thunderbolt\n>p2 switch 2\n>p1 move energyball\n>p2 move aquastep\n>p2 switch 3\n>p1 move energyball\n>p2 move sleeptalk", "uploadtime": 1782889825, "views": 2, "formatid": "gen9randombattle", "rating": 2067, "private": 0, "password": null, "player_dets": [{"name": "majex", "avatar": "266", "rating": 2038, "seed": "sodium,2483b01b79fa284225f46177ca308d85"}, {"name": "notmetbh102", "avatar": "265", "rating": 2197, "seed": "sodium,81790c1cc391334c7c172bc43427a7e7"}], "teams_full": [{"Minun": {"name": "Minun", "species": "Minun", "speciesId": "minun", "gender": "M", "shiny": false, "level": 95, "moves": ["thunderbolt", "nastyplot", "alluringvoice", "grassknot"], "ability": "Volt Absorb", "evs": {"hp": 85, "atk": 0, "def": 85, "spa": 85, "spd": 85, "spe": 85}, "ivs": {"hp": 31, "atk": 0, "def": 31, "spa": 31, "spd": 31, "spe": 31}, "item": "Life Orb", "teraType": "Fairy", "role": "Setup Sweeper", "bvs": {"hp": 60, "atk": 40, "def": 50, "spa": 75, "spd": 85, "spe": 95}, "stats": {"hp": 268, "atk": 81, "def": 149, "spa": 196, "spd": 215, "spe": 234}, "types": ["Electric"]}, "Eternatus": {"name": "Eternatus", "species": "Eternatus", "speciesId": "eternatus", "gender": "N", "shiny": false, "level": 69, "moves": ["recover", "flamethrower", "dynamaxcannon", "toxicspikes"], "ability": "Pressure", "evs": {"hp": 85, "atk": 0, "def": 85, "spa": 85, "spd": 85, "spe": 85}, "ivs": {"hp": 31, "atk": 0, "def": 31, "spa": 31, "spd": 31, "spe": 31}, "item": "Leftovers", "teraType": "Dragon", "role": "Bulky Support", "bvs": {"hp": 140, "atk": 85, "def": 95, "spa": 145, "spd": 95, "spe": 130}, "stats": {"hp": 308, "atk": 122, "def": 171, "spa": 240, "spd": 171, "spe": 220}, "types": ["Poison", "Dragon"]}, "Swalot": {"name": "Swalot", "species": "Swalot", "speciesId": "swalot", "gender": "M", "shiny": false, "level": 90, "moves": ["knockoff", "gunkshot", "earthquake", "swordsdance"], "ability": "Liquid Ooze", "evs": {"hp": 85, "atk": 85, "def": 85, "spa": 85, "spd": 85, "spe": 85}, "ivs": {"hp": 31, "atk": 31, "def": 31, "spa": 31, "spd": 31, "spe": 31}, "item": "Leftovers", "teraType": "Dark", "role": "Bulky Setup", "bvs": {"hp": 100, "atk": 73, "def": 83, "spa": 73, "spd": 83, "spe": 55}, "stats": {"hp": 326, "atk": 183, "def": 201, "spa": 183, "spd": 201, "spe": 150}, "types": ["Poison"]}, "Kyogre": {"name": "Kyogre", "species": "Kyogre", "speciesId": "kyogre", "gender": "N", "shiny": false, "level": 71, "moves": ["originpulse", "thunder", "icebeam", "calmmind"], "ability": "Drizzle", "evs": {"hp": 85, "atk": 0, "def": 85, "spa": 85, "spd": 85, "spe": 85}, "ivs": {"hp": 31, "atk": 0, "def": 31, "spa": 31, "spd": 31, "spe": 31}, "item": "Leftovers", "teraType": "Electric", "role": "Bulky Setup", "bvs": {"hp": 100, "atk": 100, "def": 90, "spa": 150, "spd": 140, "spe": 90}, "stats": {"hp": 259, "atk": 147, "def": 169, "spa": 254, "spd": 240, "spe": 169}, "types": ["Water"]}, "Manaphy": {"name": "Manaphy", "species": "Manaphy", "speciesId": "manaphy", "gender": "N", "shiny": false, "level": 78, "moves": ["surf", "icebeam", "tailglow", "energyball"], "ability": "Hydration", "evs": {"hp": 85, "atk": 0, "def": 85, "spa": 85, "spd": 85, "spe": 85}, "ivs": {"hp": 31, "atk": 0, "def": 31, "spa": 31, "spd": 31, "spe": 31}, "item": "Leftovers", "teraType": "Water", "role": "Bulky Setup", "bvs": {"hp": 100, "atk": 100, "def": 100, "spa": 100, "spd": 100, "spe": 100}, "stats": {"hp": 284, "atk": 161, "def": 201, "spa": 201, "spd": 201, "spe": 201}, "types": ["Water"]}, "Vikavolt": {"name": "Vikavolt", "species": "Vikavolt", "speciesId": "vikavolt", "gender": "M", "shiny": false, "level": 83, "moves": ["bugbuzz", "energyball", "discharge", "stickyweb"], "ability": "Levitate", "evs": {"hp": 85, "atk": 0, "def": 85, "spa": 85, "spd": 85, "spe": 85}, "ivs": {"hp": 31, "atk": 0, "def": 31, "spa": 31, "spd": 31, "spe": 31}, "item": "Heavy-Duty Boots", "teraType": "Electric", "role": "Bulky Support", "bvs": {"hp": 77, "atk": 70, "def": 90, "spa": 145, "spd": 75, "spe": 43}, "stats": {"hp": 263, "atk": 121, "def": 197, "spa": 288, "spd": 172, "spe": 119}, "types": ["Bug", "Electric"]}}, {"Quaquaval": {"name": "Quaquaval", "species": "Quaquaval", "speciesId": "quaquaval", "gender": "M", "shiny": false, "level": 79, "moves": ["closecombat", "knockoff", "tripleaxel", "aquastep"], "ability": "Moxie", "evs": {"hp": 85, "atk": 85, "def": 85, "spa": 85, "spd": 85, "spe": 85}, "ivs": {"hp": 31, "atk": 31, "def": 31, "spa": 31, "spd": 31, "spe": 31}, "item": "Choice Band", "teraType": "Water", "role": "Wallbreaker", "bvs": {"hp": 85, "atk": 120, "def": 80, "spa": 85, "spd": 75, "spe": 85}, "stats": {"hp": 264, "atk": 235, "def": 172, "spa": 180, "spd": 164, "spe": 180}, "types": ["Water", "Fighting"]}, "Archaludon": {"name": "Archaludon", "species": "Archaludon", "speciesId": "archaludon", "gender": "F", "shiny": false, "level": 78, "moves": ["ironhead", "swordsdance", "outrage", "earthquake"], "ability": "Stamina", "evs": {"hp": 85, "atk": 85, "def": 85, "spa": 85, "spd": 85, "spe": 85}, "ivs": {"hp": 31, "atk": 31, "def": 31, "spa": 31, "spd": 31, "spe": 31}, "item": "Lum Berry", "teraType": "Ground", "role": "Bulky Setup", "bvs": {"hp": 90, "atk": 105, "def": 130, "spa": 125, "spd": 65, "spe": 85}, "stats": {"hp": 268, "atk": 209, "def": 248, "spa": 240, "spd": 146, "spe": 178}, "types": ["Steel", "Dragon"]}, "Suicune": {"name": "Suicune", "species": "Suicune", "speciesId": "suicune", "gender": "N", "shiny": false, "level": 82, "moves": ["rest", "calmmind", "sleeptalk", "scald"], "ability": "Pressure", "evs": {"hp": 85, "atk": 0, "def": 85, "spa": 85, "spd": 85, "spe": 85}, "ivs": {"hp": 31, "atk": 0, "def": 31, "spa": 31, "spd": 31, "spe": 31}, "item": "Leftovers", "teraType": "Steel", "role": "Bulky Attacker", "bvs": {"hp": 100, "atk": 75, "def": 115, "spa": 90, "spd": 115, "spe": 85}, "stats": {"hp": 298, "atk": 127, "def": 236, "spa": 195, "spd": 236, "spe": 187}, "types": ["Water"]}, "Heatran": {"name": "Heatran", "species": "Heatran", "speciesId": "heatran", "gender": "M", "shiny": false, "level": 79, "moves": ["heavyslam", "earthpower", "magmastorm", "stealthrock"], "ability": "Flash Fire", "evs": {"hp": 85, "atk": 85, "def": 85, "spa": 85, "spd": 85, "spe": 85}, "ivs": {"hp": 31, "atk": 31, "def": 31, "spa": 31, "spd": 31, "spe": 31}, "item": "Air Balloon", "teraType": "Flying", "role": "Bulky Support", "bvs": {"hp": 91, "atk": 90, "def": 106, "spa": 130, "spd": 106, "spe": 77}, "stats": {"hp": 273, "atk": 188, "def": 213, "spa": 251, "spd": 213, "spe": 167}, "types": ["Fire", "Steel"]}, "Latias": {"name": "Latias", "species": "Latias", "speciesId": "latias", "gender": "F", "shiny": false, "level": 79, "moves": ["calmmind", "dracometeor", "recover", "psyshock"], "ability": "Levitate", "evs": {"hp": 85, "atk": 0, "def": 85, "spa": 85, "spd": 85, "spe": 85}, "ivs": {"hp": 31, "atk": 0, "def": 31, "spa": 31, "spd": 31, "spe": 31}, "item": "Soul Dew", "teraType": "Steel", "role": "Fast Bulky Setup", "bvs": {"hp": 80, "atk": 80, "def": 90, "spa": 110, "spd": 130, "spe": 110}, "stats": {"hp": 256, "atk": 131, "def": 188, "spa": 219, "spd": 251, "spe": 219}, "types": ["Dragon", "Psychic"]}, "Ampharos": {"name": "Ampharos", "species": "Ampharos", "speciesId": "ampharos", "gender": "M", "shiny": false, "level": 88, "moves": ["voltswitch", "dazzlinggleam", "focusblast", "thunderbolt"], "ability": "Static", "evs": {"hp": 85, "atk": 0, "def": 85, "spa": 85, "spd": 85, "spe": 85}, "ivs": {"hp": 31, "atk": 0, "def": 31, "spa": 31, "spd": 31, "spe": 31}, "item": "Assault Vest", "teraType": "Fairy", "role": "AV Pivot", "bvs": {"hp": 90, "atk": 75, "def": 85, "spa": 115, "spd": 90, "spe": 55}, "stats": {"hp": 302, "atk": 137, "def": 200, "spa": 253, "spd": 209, "spe": 147}, "types": ["Electric"]}}]}