{"id": "gen9randombattle-2641898130", "format": "[Gen 9] Random Battle", "players": ["Sclauns", "MoopMerr"], "log": "|j|\u2606Sclauns\n|j|\u2606MoopMerr\n|t:|1782855435\n|gametype|singles\n|player|p1|Sclauns|drayden|1915\n|player|p2|MoopMerr|harlequin|1958\n|gen|9\n|tier|[Gen 9] Random Battle\n|rated|\n|rule|Species Clause: Limit one of each Pok\u00e9mon\n|rule|HP Percentage Mod: HP is shown in percentages\n|rule|Sleep Clause Mod: Limit one foe put to sleep\n|rule|Illusion Level Mod: Illusion disguises the Pok\u00e9mon's true level\n|\n|t:|1782855435\n|teamsize|p1|6\n|teamsize|p2|6\n|start\n|switch|p1a: Swampert|Swampert, L83, M|302/302\n|switch|p2a: Krookodile|Krookodile, L79, M|280/280\n|-ability|p2a: Krookodile|Intimidate|boost\n|-unboost|p1a: Swampert|atk|1\n|turn|1\n|inactive|Battle timer is ON: inactive players will automatically lose when time's up. (requested by MoopMerr)\n|\n|t:|1782855464\n|switch|p2a: Swanna|Swanna, L89, F|278/278\n|move|p1a: Swampert|Stealth Rock|p2a: Swanna\n|-sidestart|p2: MoopMerr|move: Stealth Rock\n|\n|upkeep\n|turn|2\n|\n|t:|1782855473\n|move|p2a: Swanna|Knock Off|p1a: Swampert\n|-crit|p1a: Swampert\n|-damage|p1a: Swampert|190/302\n|-enditem|p1a: Swampert|Leftovers|[from] move: Knock Off|[of] p2a: Swanna\n|move|p1a: Swampert|Roar|p2a: Swanna\n|drag|p2a: Salamence|Salamence, L77, M|273/273\n|-ability|p2a: Salamence|Intimidate|boost\n|-unboost|p1a: Swampert|atk|1\n|\n|upkeep\n|turn|3\n|\n|t:|1782855481\n|switch|p2a: Swanna|Swanna, L89, F|278/278\n|move|p1a: Swampert|Roar|p2a: Swanna\n|drag|p2a: Dunsparce|Dunsparce, L86, M|312/312\n|-damage|p2a: Dunsparce|273/312|[from] Stealth Rock\n|\n|upkeep\n|turn|4\n|\n|t:|1782855485\n|move|p2a: Dunsparce|Body Slam|p1a: Swampert\n|-damage|p1a: Swampert|114/302\n|-status|p1a: Swampert|par\n|move|p1a: Swampert|Roar|p2a: Dunsparce\n|drag|p2a: Salamence|Salamence, L77, M|273/273\n|-ability|p2a: Salamence|Intimidate|boost\n|-unboost|p1a: Swampert|atk|1\n|\n|upkeep\n|turn|5\n|\n|t:|1782855497\n|switch|p2a: Sandslash|Sandslash-Alola, L88, M|275/275\n|-damage|p2a: Sandslash|241/275|[from] Stealth Rock\n|move|p1a: Swampert|Roar|p2a: Sandslash\n|drag|p2a: Dunsparce|Dunsparce, L86, M|273/312\n|-damage|p2a: Dunsparce|234/312|[from] Stealth Rock\n|\n|upkeep\n|turn|6\n|\n|t:|1782855506\n|move|p2a: Dunsparce|Roost|p2a: Dunsparce\n|-heal|p2a: Dunsparce|312/312\n|-singleturn|p2a: Dunsparce|move: Roost\n|move|p1a: Swampert|Roar|p2a: Dunsparce\n|drag|p2a: Hitmontop|Hitmontop, L88, M|231/231\n|-damage|p2a: Hitmontop|217/231|[from] Stealth Rock\n|\n|-heal|p2a: Hitmontop|231/231|[from] item: Leftovers\n|upkeep\n|turn|7\n|\n|t:|1782855513\n|move|p2a: Hitmontop|Rapid Spin|p1a: Swampert\n|-damage|p1a: Swampert|55/302 par\n|-boost|p2a: Hitmontop|spe|1\n|-sideend|p2: MoopMerr|Stealth Rock|[from] move: Rapid Spin|[of] p2a: Hitmontop\n|move|p1a: Swampert|Roar|p2a: Hitmontop\n|drag|p2a: Dunsparce|Dunsparce, L86, M|312/312\n|\n|upkeep\n|turn|8\n|\n|t:|1782855520\n|move|p2a: Dunsparce|Body Slam|p1a: Swampert\n|-damage|p1a: Swampert|0 fnt\n|faint|p1a: Swampert\n|\n|upkeep\n|\n|t:|1782855533\n|switch|p1a: Spectrier|Spectrier, L75|274/274\n|turn|9\n|\n|t:|1782855550\n|move|p1a: Spectrier|Will-O-Wisp|p2a: Dunsparce\n|-status|p2a: Dunsparce|brn\n|move|p2a: Dunsparce|Earthquake|p1a: Spectrier\n|-damage|p1a: Spectrier|233/274\n|\n|-damage|p2a: Dunsparce|293/312 brn|[from] brn\n|upkeep\n|turn|10\n|\n|t:|1782855570\n|switch|p2a: Swanna|Swanna, L89, F|278/278\n|move|p1a: Spectrier|Will-O-Wisp|p2a: Swanna\n|-status|p2a: Swanna|brn\n|\n|-damage|p2a: Swanna|261/278 brn|[from] brn\n|upkeep\n|turn|11\n|\n|t:|1782855577\n|switch|p1a: Clefable|Clefable, L83, M|293/293\n|move|p2a: Swanna|Knock Off|p1a: Clefable\n|-resisted|p1a: Clefable\n|-damage|p1a: Clefable|273/293\n|-enditem|p1a: Clefable|Leftovers|[from] move: Knock Off|[of] p2a: Swanna\n|\n|-damage|p2a: Swanna|244/278 brn|[from] brn\n|upkeep\n|turn|12\n|\n|t:|1782855587\n|switch|p2a: Sandslash|Sandslash-Alola, L88, M|241/275\n|move|p1a: Clefable|Fire Blast|p2a: Sandslash\n|-supereffective|p2a: Sandslash\n|-damage|p2a: Sandslash|0 fnt\n|faint|p2a: Sandslash\n|\n|upkeep\n|\n|t:|1782855596\n|switch|p2a: Dunsparce|Dunsparce, L86, M|293/312 brn\n|turn|13\n|\n|t:|1782855599\n|switch|p1a: Spectrier|Spectrier, L75|233/274\n|move|p2a: Dunsparce|Coil|p2a: Dunsparce\n|-boost|p2a: Dunsparce|atk|1\n|-boost|p2a: Dunsparce|def|1\n|-boost|p2a: Dunsparce|accuracy|1\n|\n|-damage|p2a: Dunsparce|274/312 brn|[from] brn\n|upkeep\n|turn|14\n|\n|t:|1782855604\n|move|p1a: Spectrier|Nasty Plot|p1a: Spectrier\n|-boost|p1a: Spectrier|spa|2\n|move|p2a: Dunsparce|Earthquake|p1a: Spectrier\n|-damage|p1a: Spectrier|165/274\n|\n|-damage|p2a: Dunsparce|255/312 brn|[from] brn\n|upkeep\n|turn|15\n|\n|t:|1782855606\n|move|p1a: Spectrier|Dark Pulse|p2a: Dunsparce\n|-damage|p2a: Dunsparce|128/312 brn\n|-damage|p1a: Spectrier|138/274|[from] item: Life Orb\n|move|p2a: Dunsparce|Earthquake|p1a: Spectrier\n|-damage|p1a: Spectrier|75/274\n|\n|-damage|p2a: Dunsparce|109/312 brn|[from] brn\n|upkeep\n|turn|16\n|\n|t:|1782855617\n|switch|p2a: Hitmontop|Hitmontop, L88, M|231/231\n|move|p1a: Spectrier|Dark Pulse|p2a: Hitmontop\n|-resisted|p2a: Hitmontop\n|-damage|p2a: Hitmontop|165/231\n|-damage|p1a: Spectrier|48/274|[from] item: Life Orb\n|\n|-heal|p2a: Hitmontop|179/231|[from] item: Leftovers\n|upkeep\n|turn|17\n|\n|t:|1782855620\n|switch|p2a: Dunsparce|Dunsparce, L86, M|109/312 brn\n|move|p1a: Spectrier|Shadow Ball|p2a: Dunsparce\n|-immune|p2a: Dunsparce\n|\n|-damage|p2a: Dunsparce|90/312 brn|[from] brn\n|upkeep\n|turn|18\n|\n|t:|1782855623\n|move|p1a: Spectrier|Dark Pulse|p2a: Dunsparce\n|-damage|p2a: Dunsparce|0 fnt\n|faint|p2a: Dunsparce\n|-ability|p1a: Spectrier|Grim Neigh|boost\n|-boost|p1a: Spectrier|spa|1\n|-damage|p1a: Spectrier|21/274|[from] item: Life Orb\n|\n|upkeep\n|\n|t:|1782855630\n|switch|p2a: Hitmontop|Hitmontop, L88, M|179/231\n|turn|19\n|\n|t:|1782855634\n|switch|p2a: Swanna|Swanna, L89, F|244/278 brn\n|move|p1a: Spectrier|Will-O-Wisp|p2a: Swanna\n|-fail|p2a: Swanna|brn\n|\n|-damage|p2a: Swanna|227/278 brn|[from] brn\n|upkeep\n|turn|20\n|\n|t:|1782855637\n|move|p1a: Spectrier|Shadow Ball|p2a: Swanna\n|-damage|p2a: Swanna|0 fnt\n|faint|p2a: Swanna\n|-ability|p1a: Spectrier|Grim Neigh|boost\n|-boost|p1a: Spectrier|spa|1\n|-damage|p1a: Spectrier|0 fnt|[from] item: Life Orb\n|faint|p1a: Spectrier\n|\n|upkeep\n|\n|t:|1782855648\n|switch|p1a: Fezandipiti|Fezandipiti, L82, M|278/278\n|switch|p2a: Krookodile|Krookodile, L79, M|280/280\n|-ability|p2a: Krookodile|Intimidate|boost\n|-unboost|p1a: Fezandipiti|atk|1\n|turn|21\n|\n|t:|1782855657\n|switch|p1a: Moltres|Moltres-Galar, L79|271/271\n|move|p2a: Krookodile|Earthquake|p1a: Moltres\n|-immune|p1a: Moltres\n|\n|upkeep\n|turn|22\n|\n|t:|1782855665\n|move|p2a: Krookodile|Gunk Shot|p1a: Moltres|[miss]\n|-miss|p2a: Krookodile|p1a: Moltres\n|move|p1a: Moltres|Nasty Plot|p1a: Moltres\n|-boost|p1a: Moltres|spa|2\n|\n|upkeep\n|turn|23\n|\n|t:|1782855673\n|move|p2a: Krookodile|Gunk Shot|p1a: Moltres\n|-damage|p1a: Moltres|178/271\n|-status|p1a: Moltres|psn\n|move|p1a: Moltres|Hurricane|p2a: Krookodile\n|-damage|p2a: Krookodile|15/280\n|-start|p2a: Krookodile|confusion\n|\n|-heal|p2a: Krookodile|32/280|[from] item: Leftovers\n|-damage|p1a: Moltres|145/271 psn|[from] psn\n|upkeep\n|turn|24\n|\n|t:|1782855694\n|-activate|p2a: Krookodile|confusion\n|move|p2a: Krookodile|Knock Off|p1a: Moltres\n|-resisted|p1a: Moltres\n|-crit|p1a: Moltres\n|-damage|p1a: Moltres|64/271 psn\n|-enditem|p1a: Moltres|Chesto Berry|[from] move: Knock Off|[of] p2a: Krookodile\n|-ability|p1a: Moltres|Berserk|boost\n|-boost|p1a: Moltres|spa|1\n|move|p1a: Moltres|Nasty Plot|p1a: Moltres\n|-boost|p1a: Moltres|spa|2\n|\n|-heal|p2a: Krookodile|49/280|[from] item: Leftovers\n|-damage|p1a: Moltres|31/271 psn|[from] psn\n|upkeep\n|turn|25\n|\n|t:|1782855712\n|-end|p2a: Krookodile|confusion\n|move|p2a: Krookodile|Gunk Shot|p1a: Moltres\n|-damage|p1a: Moltres|0 fnt\n|faint|p1a: Moltres\n|\n|-heal|p2a: Krookodile|66/280|[from] item: Leftovers\n|upkeep\n|\n|t:|1782855718\n|switch|p1a: Fezandipiti|Fezandipiti, L82, M|278/278\n|turn|26\n|\n|t:|1782855730\n|move|p1a: Fezandipiti|Play Rough|p2a: Krookodile\n|-supereffective|p2a: Krookodile\n|-damage|p2a: Krookodile|0 fnt\n|faint|p2a: Krookodile\n|\n|upkeep\n|\n|t:|1782855732\n|switch|p2a: Salamence|Salamence, L77, M|273/273\n|-ability|p2a: Salamence|Intimidate|boost\n|-unboost|p1a: Fezandipiti|atk|1\n|turn|27\n|\n|t:|1782855754\n|switch|p1a: Clefable|Clefable, L83, M|273/293\n|move|p2a: Salamence|Dragon Dance|p2a: Salamence\n|-boost|p2a: Salamence|atk|1\n|-boost|p2a: Salamence|spe|1\n|\n|upkeep\n|turn|28\n|\n|t:|1782855775\n|-terastallize|p2a: Salamence|Ground\n|move|p2a: Salamence|Earthquake|p1a: Clefable\n|-damage|p1a: Clefable|128/293\n|move|p1a: Clefable|Moonblast|p2a: Salamence\n|-damage|p2a: Salamence|152/273\n|-unboost|p2a: Salamence|spa|1\n|\n|upkeep\n|turn|29\n|\n|t:|1782855789\n|move|p2a: Salamence|Earthquake|p1a: Clefable\n|-damage|p1a: Clefable|0 fnt\n|faint|p1a: Clefable\n|\n|upkeep\n|\n|t:|1782855790\n|switch|p1a: Arbok|Arbok, L87, F|246/246\n|-ability|p1a: Arbok|Intimidate|boost\n|-unboost|p2a: Salamence|atk|1\n|turn|30\n|\n|t:|1782855797\n|-terastallize|p1a: Arbok|Ground\n|move|p2a: Salamence|Earthquake|p1a: Arbok\n|-damage|p1a: Arbok|114/246\n|move|p1a: Arbok|Coil|p1a: Arbok\n|-boost|p1a: Arbok|atk|1\n|-boost|p1a: Arbok|def|1\n|-boost|p1a: Arbok|accuracy|1\n|\n|-heal|p1a: Arbok|129/246|[from] item: Leftovers\n|upkeep\n|turn|31\n|\n|t:|1782855806\n|switch|p2a: Hitmontop|Hitmontop, L88, M|179/231\n|move|p1a: Arbok|Earthquake|p2a: Hitmontop\n|-damage|p2a: Hitmontop|43/231\n|\n|-heal|p1a: Arbok|144/246|[from] item: Leftovers\n|-heal|p2a: Hitmontop|57/231|[from] item: Leftovers\n|upkeep\n|turn|32\n|\n|t:|1782855813\n|move|p1a: Arbok|Earthquake|p2a: Hitmontop\n|-damage|p2a: Hitmontop|0 fnt\n|faint|p2a: Hitmontop\n|\n|-heal|p1a: Arbok|159/246|[from] item: Leftovers\n|upkeep\n|\n|t:|1782855814\n|switch|p2a: Salamence|Salamence, L77, M, tera:Ground|152/273\n|-ability|p2a: Salamence|Intimidate|boost\n|-unboost|p1a: Arbok|atk|1\n|turn|33\n|\n|t:|1782855823\n|move|p2a: Salamence|Dragon Dance|p2a: Salamence\n|-boost|p2a: Salamence|atk|1\n|-boost|p2a: Salamence|spe|1\n|move|p1a: Arbok|Earthquake|p2a: Salamence\n|-damage|p2a: Salamence|28/273\n|\n|-heal|p1a: Arbok|174/246|[from] item: Leftovers\n|upkeep\n|turn|34\n|\n|t:|1782855827\n|move|p1a: Arbok|Sucker Punch|p2a: Salamence\n|-damage|p2a: Salamence|0 fnt\n|faint|p2a: Salamence\n|\n|win|Sclauns\n|raw|Sclauns's rating: 1915 &rarr; <strong>1937</strong><br />(+22 for winning)\n|raw|MoopMerr's rating: 1958 &rarr; <strong>1936</strong><br />(-22 for losing)\n", "inputlog": ">version f8ac14003a5f27e1bdc8d8c59608a773c1cb96e5\n>start {\"formatid\":\"gen9randombattle\",\"seed\":\"sodium,aafe4e02f65b87f78a4b43a8a5b3203d\",\"rated\":\"Rated battle\"}\n>player p1 {\"name\":\"Sclauns\",\"avatar\":\"drayden\",\"rating\":1915,\"seed\":\"sodium,48e01f8a97595735ea0b8e6d137f8cba\"}\n>player p2 {\"name\":\"MoopMerr\",\"avatar\":\"harlequin\",\"rating\":1958,\"seed\":\"sodium,e389cdfc5d2e3b3f7d45a0859201af9c\"}\n>p1 move stealthrock\n>p2 switch 4\n>p1 move roar\n>p2 move knockoff\n>p1 move roar\n>p2 switch 3\n>p1 move roar\n>p2 move bodyslam\n>p1 move roar\n>p2 switch 2\n>p1 move roar\n>p2 move roost\n>p1 move roar\n>p2 move rapidspin\n>p1 move stealthrock\n>p2 move bodyslam\n>p1 switch 5\n>p1 move willowisp\n>p2 move earthquake\n>p1 move willowisp\n>p2 switch 6\n>p1 switch 4\n>p2 move knockoff\n>p1 move fireblast\n>p2 switch 3\n>p2 switch 6\n>p1 switch 4\n>p2 move coil\n>p1 move nastyplot\n>p2 move earthquake\n>p1 move darkpulse\n>p2 move earthquake\n>p1 move darkpulse\n>p2 switch 5\n>p1 move shadowball\n>p2 switch 5\n>p1 move darkpulse\n>p2 move earthquake\n>p2 switch 5\n>p1 move willowisp\n>p2 switch 3\n>p1 move shadowball\n>p2 move roost\n>p1 switch 3\n>p2 switch 4\n>p1 switch 6\n>p2 move earthquake\n>p1 move nastyplot\n>p2 move gunkshot\n>p1 move hurricane\n>p2 move gunkshot\n>p1 move nastyplot\n>p2 move knockoff\n>p1 move rest\n>p2 move gunkshot\n>p1 switch 6\n>p1 move playrough\n>p2 move earthquake\n>p2 switch 2\n>p1 switch 4\n>p2 move dragondance\n>p1 move moonblast\n>p2 move earthquake terastallize\n>p1 move moonblast\n>p2 move earthquake\n>p1 switch 2\n>p1 move coil terastallize\n>p2 move earthquake\n>p1 move earthquake\n>p2 switch 3\n>p1 move earthquake\n>p2 move rapidspin\n>p2 switch 3\n>p1 move earthquake\n>p2 move dragondance\n>p1 move suckerpunch\n>p2 move earthquake", "uploadtime": 1782855827, "views": 5, "formatid": "gen9randombattle", "rating": 1936, "private": 0, "password": null, "player_dets": [{"name": "Sclauns", "avatar": "drayden", "rating": 1915, "seed": "sodium,48e01f8a97595735ea0b8e6d137f8cba"}, {"name": "MoopMerr", "avatar": "harlequin", "rating": 1958, "seed": "sodium,e389cdfc5d2e3b3f7d45a0859201af9c"}], "teams_full": [{"Swampert": {"name": "Swampert", "species": "Swampert", "speciesId": "swampert", "gender": "M", "shiny": false, "level": 83, "moves": ["earthquake", "stealthrock", "flipturn", "roar"], "ability": "Torrent", "evs": {"hp": 85, "atk": 85, "def": 85, "spa": 85, "spd": 85, "spe": 85}, "ivs": {"hp": 31, "atk": 31, "def": 31, "spa": 31, "spd": 31, "spe": 31}, "item": "Leftovers", "teraType": "Steel", "role": "Bulky Support", "bvs": {"hp": 100, "atk": 110, "def": 90, "spa": 85, "spd": 90, "spe": 60}, "stats": {"hp": 302, "atk": 230, "def": 197, "spa": 189, "spd": 197, "spe": 147}, "types": ["Water", "Ground"]}, "Arbok": {"name": "Arbok", "species": "Arbok", "speciesId": "arbok", "gender": "F", "shiny": false, "level": 87, "moves": ["suckerpunch", "earthquake", "coil", "gunkshot"], "ability": "Intimidate", "evs": {"hp": 85, "atk": 85, "def": 85, "spa": 85, "spd": 85, "spe": 85}, "ivs": {"hp": 31, "atk": 31, "def": 31, "spa": 31, "spd": 31, "spe": 31}, "item": "Leftovers", "teraType": "Ground", "role": "Bulky Attacker", "bvs": {"hp": 60, "atk": 95, "def": 69, "spa": 65, "spd": 79, "spe": 80}, "stats": {"hp": 246, "atk": 215, "def": 170, "spa": 163, "spd": 187, "spe": 189}, "types": ["Poison"]}, "Fezandipiti": {"name": "Fezandipiti", "species": "Fezandipiti", "speciesId": "fezandipiti", "gender": "M", "shiny": false, "level": 82, "moves": ["swordsdance", "playrough", "gunkshot", "terablast"], "ability": "Toxic Chain", "evs": {"hp": 85, "atk": 85, "def": 85, "spa": 85, "spd": 85, "spe": 85}, "ivs": {"hp": 31, "atk": 31, "def": 31, "spa": 31, "spd": 31, "spe": 31}, "item": "Leftovers", "teraType": "Ground", "role": "Tera Blast user", "bvs": {"hp": 88, "atk": 91, "def": 82, "spa": 70, "spd": 125, "spe": 99}, "stats": {"hp": 278, "atk": 196, "def": 182, "spa": 162, "spd": 252, "spe": 210}, "types": ["Poison", "Fairy"]}, "Clefable": {"name": "Clefable", "species": "Clefable", "speciesId": "clefable", "gender": "M", "shiny": false, "level": 83, "moves": ["moonblast", "calmmind", "fireblast", "moonlight"], "ability": "Unaware", "evs": {"hp": 85, "atk": 0, "def": 85, "spa": 85, "spd": 85, "spe": 85}, "ivs": {"hp": 31, "atk": 0, "def": 31, "spa": 31, "spd": 31, "spe": 31}, "item": "Leftovers", "teraType": "Fire", "role": "Bulky Setup", "bvs": {"hp": 95, "atk": 70, "def": 73, "spa": 95, "spd": 90, "spe": 60}, "stats": {"hp": 293, "atk": 121, "def": 169, "spa": 205, "spd": 197, "spe": 147}, "types": ["Fairy"]}, "Spectrier": {"name": "Spectrier", "species": "Spectrier", "speciesId": "spectrier", "gender": "N", "shiny": false, "level": 75, "moves": ["willowisp", "shadowball", "darkpulse", "nastyplot"], "ability": "Grim Neigh", "evs": {"hp": 85, "atk": 0, "def": 85, "spa": 85, "spd": 85, "spe": 85}, "ivs": {"hp": 31, "atk": 0, "def": 31, "spa": 31, "spd": 31, "spe": 31}, "item": "Life Orb", "teraType": "Dark", "role": "Setup Sweeper", "bvs": {"hp": 100, "atk": 65, "def": 60, "spa": 145, "spd": 80, "spe": 130}, "stats": {"hp": 274, "atk": 102, "def": 134, "spa": 261, "spd": 164, "spe": 239}, "types": ["Ghost"]}, "Moltres": {"name": "Moltres", "species": "Moltres-Galar", "speciesId": "moltresgalar", "gender": "N", "shiny": false, "level": 79, "moves": ["fierywrath", "hurricane", "rest", "nastyplot"], "ability": "Berserk", "evs": {"hp": 81, "atk": 0, "def": 85, "spa": 85, "spd": 85, "spe": 85}, "ivs": {"hp": 31, "atk": 0, "def": 31, "spa": 31, "spd": 31, "spe": 31}, "item": "Chesto Berry", "teraType": "Dark", "role": "Bulky Setup", "bvs": {"hp": 90, "atk": 85, "def": 90, "spa": 100, "spd": 125, "spe": 90}, "stats": {"hp": 271, "atk": 139, "def": 188, "spa": 204, "spd": 243, "spe": 188}, "types": ["Dark", "Flying"]}}, {"Krookodile": {"name": "Krookodile", "species": "Krookodile", "speciesId": "krookodile", "gender": "M", "shiny": false, "level": 79, "moves": ["gunkshot", "bulkup", "earthquake", "knockoff"], "ability": "Intimidate", "evs": {"hp": 85, "atk": 85, "def": 85, "spa": 85, "spd": 85, "spe": 85}, "ivs": {"hp": 31, "atk": 31, "def": 31, "spa": 31, "spd": 31, "spe": 31}, "item": "Leftovers", "teraType": "Poison", "role": "Bulky Setup", "bvs": {"hp": 95, "atk": 117, "def": 80, "spa": 65, "spd": 70, "spe": 92}, "stats": {"hp": 280, "atk": 230, "def": 172, "spa": 148, "spd": 156, "spe": 191}, "types": ["Ground", "Dark"]}, "Sandslash": {"name": "Sandslash", "species": "Sandslash-Alola", "speciesId": "sandslashalola", "gender": "M", "shiny": false, "level": 88, "moves": ["rapidspin", "tripleaxel", "swordsdance", "earthquake"], "ability": "Slush Rush", "evs": {"hp": 85, "atk": 85, "def": 85, "spa": 85, "spd": 85, "spe": 85}, "ivs": {"hp": 31, "atk": 31, "def": 31, "spa": 31, "spd": 31, "spe": 31}, "item": "Leftovers", "teraType": "Ground", "role": "Setup Sweeper", "bvs": {"hp": 75, "atk": 100, "def": 120, "spa": 25, "spd": 65, "spe": 65}, "stats": {"hp": 275, "atk": 226, "def": 261, "spa": 94, "spd": 165, "spe": 165}, "types": ["Ice", "Steel"]}, "Salamence": {"name": "Salamence", "species": "Salamence", "speciesId": "salamence", "gender": "M", "shiny": false, "level": 77, "moves": ["dualwingbeat", "dragondance", "earthquake", "outrage"], "ability": "Intimidate", "evs": {"hp": 85, "atk": 85, "def": 85, "spa": 85, "spd": 85, "spe": 85}, "ivs": {"hp": 31, "atk": 31, "def": 31, "spa": 31, "spd": 31, "spe": 31}, "item": "Heavy-Duty Boots", "teraType": "Ground", "role": "Setup Sweeper", "bvs": {"hp": 95, "atk": 135, "def": 80, "spa": 110, "spd": 80, "spe": 100}, "stats": {"hp": 273, "atk": 252, "def": 168, "spa": 214, "spd": 168, "spe": 199}, "types": ["Dragon", "Flying"]}, "Swanna": {"name": "Swanna", "species": "Swanna", "speciesId": "swanna", "gender": "F", "shiny": false, "level": 89, "moves": ["knockoff", "bravebird", "roost", "hydropump"], "ability": "Hydration", "evs": {"hp": 85, "atk": 85, "def": 85, "spa": 85, "spd": 85, "spe": 85}, "ivs": {"hp": 31, "atk": 31, "def": 31, "spa": 31, "spd": 31, "spe": 31}, "item": "Heavy-Duty Boots", "teraType": "Ground", "role": "Bulky Support", "bvs": {"hp": 75, "atk": 87, "def": 63, "spa": 87, "spd": 63, "spe": 98}, "stats": {"hp": 278, "atk": 206, "def": 163, "spa": 206, "spd": 163, "spe": 225}, "types": ["Water", "Flying"]}, "Hitmontop": {"name": "Hitmontop", "species": "Hitmontop", "speciesId": "hitmontop", "gender": "M", "shiny": false, "level": 88, "moves": ["tripleaxel", "closecombat", "bulkup", "rapidspin"], "ability": "Technician", "evs": {"hp": 85, "atk": 85, "def": 85, "spa": 85, "spd": 85, "spe": 85}, "ivs": {"hp": 31, "atk": 31, "def": 31, "spa": 31, "spd": 31, "spe": 31}, "item": "Leftovers", "teraType": "Ice", "role": "Bulky Setup", "bvs": {"hp": 50, "atk": 95, "def": 95, "spa": 35, "spd": 110, "spe": 70}, "stats": {"hp": 231, "atk": 217, "def": 217, "spa": 112, "spd": 244, "spe": 173}, "types": ["Fighting"]}, "Dunsparce": {"name": "Dunsparce", "species": "Dunsparce", "speciesId": "dunsparce", "gender": "M", "shiny": false, "level": 86, "moves": ["roost", "coil", "bodyslam", "earthquake"], "ability": "Serene Grace", "evs": {"hp": 85, "atk": 85, "def": 85, "spa": 85, "spd": 85, "spe": 85}, "ivs": {"hp": 31, "atk": 31, "def": 31, "spa": 31, "spd": 31, "spe": 31}, "item": "Eviolite", "teraType": "Ground", "role": "Bulky Setup", "bvs": {"hp": 100, "atk": 70, "def": 70, "spa": 65, "spd": 65, "spe": 45}, "stats": {"hp": 312, "atk": 170, "def": 170, "spa": 161, "spd": 161, "spe": 127}, "types": ["Normal"]}}]}