{"id": "gen9randombattle-2641819949", "format": "[Gen 9] Random Battle", "players": ["mikoster", "archeokyogre64"], "log": "|j|\u2606mikoster\n|j|\u2606archeokyogre64\n|t:|1782845794\n|gametype|singles\n|player|p1|mikoster|1|2058\n|player|p2|archeokyogre64|2|2018\n|gen|9\n|tier|[Gen 9] Random Battle\n|rated|\n|rule|Species Clause: Limit one of each Pok\u00e9mon\n|rule|HP Percentage Mod: HP is shown in percentages\n|rule|Sleep Clause Mod: Limit one foe put to sleep\n|rule|Illusion Level Mod: Illusion disguises the Pok\u00e9mon's true level\n|\n|t:|1782845794\n|teamsize|p1|6\n|teamsize|p2|6\n|start\n|switch|p1a: Masquerain|Masquerain, L87, F|264/264\n|switch|p2a: Delibird|Delibird, F|252/252\n|-ability|p1a: Masquerain|Intimidate|boost\n|-unboost|p2a: Delibird|atk|1\n|turn|1\n|inactive|Battle timer is ON: inactive players will automatically lose when time's up. (requested by mikoster)\n|\n|t:|1782845814\n|switch|p1a: Arcanine|Arcanine, L84, F|288/288\n|-ability|p1a: Arcanine|Intimidate|boost\n|-unboost|p2a: Delibird|atk|1\n|move|p2a: Delibird|Brave Bird|p1a: Arcanine\n|-damage|p1a: Arcanine|224/288\n|-damage|p2a: Delibird|231/252|[from] Recoil\n|\n|upkeep\n|turn|2\n|\n|t:|1782845821\n|switch|p2a: Quaquaval|Quaquaval, L79, M|264/264\n|move|p1a: Arcanine|Flare Blitz|p2a: Quaquaval\n|-resisted|p2a: Quaquaval\n|-damage|p2a: Quaquaval|180/264\n|-status|p2a: Quaquaval|brn\n|-damage|p1a: Arcanine|196/288|[from] Recoil\n|\n|-damage|p2a: Quaquaval|164/264 brn|[from] brn\n|upkeep\n|turn|3\n|\n|t:|1782845827\n|switch|p1a: Masquerain|Masquerain, L87, F|264/264\n|-ability|p1a: Masquerain|Intimidate|boost\n|-unboost|p2a: Quaquaval|atk|1\n|move|p2a: Quaquaval|Aqua Step|p1a: Masquerain\n|-damage|p1a: Masquerain|210/264\n|-boost|p2a: Quaquaval|spe|1\n|\n|-damage|p2a: Quaquaval|148/264 brn|[from] brn\n|upkeep\n|turn|4\n|\n|t:|1782845838\n|switch|p2a: Delibird|Delibird, F|231/252\n|move|p1a: Masquerain|Sticky Web|p2a: Delibird\n|-sidestart|p2: archeokyogre64|move: Sticky Web\n|\n|upkeep\n|turn|5\n|\n|t:|1782845866\n|move|p2a: Delibird|Rapid Spin|p1a: Masquerain\n|-damage|p1a: Masquerain|168/264\n|-boost|p2a: Delibird|spe|1\n|-sideend|p2: archeokyogre64|Sticky Web|[from] move: Rapid Spin|[of] p2a: Delibird\n|move|p1a: Masquerain|Stun Spore|p2a: Delibird\n|-status|p2a: Delibird|par\n|\n|upkeep\n|turn|6\n|\n|t:|1782845873\n|switch|p1a: Arcanine|Arcanine, L84, F|196/288\n|-ability|p1a: Arcanine|Intimidate|boost\n|-unboost|p2a: Delibird|atk|1\n|move|p2a: Delibird|Brave Bird|p1a: Arcanine\n|-damage|p1a: Arcanine|111/288\n|-damage|p2a: Delibird|203/252 par|[from] Recoil\n|\n|upkeep\n|turn|7\n|\n|t:|1782845880\n|switch|p2a: Quaquaval|Quaquaval, L79, M|148/264 brn\n|move|p1a: Arcanine|Morning Sun|p1a: Arcanine\n|-heal|p1a: Arcanine|255/288\n|\n|-damage|p2a: Quaquaval|132/264 brn|[from] brn\n|upkeep\n|turn|8\n|\n|t:|1782845885\n|switch|p1a: Masquerain|Masquerain, L87, F|168/264\n|-ability|p1a: Masquerain|Intimidate|boost\n|-unboost|p2a: Quaquaval|atk|1\n|move|p2a: Quaquaval|Triple Axel|p1a: Masquerain\n|-supereffective|p1a: Masquerain\n|-damage|p1a: Masquerain|148/264\n|-supereffective|p1a: Masquerain\n|-damage|p1a: Masquerain|107/264\n|-supereffective|p1a: Masquerain\n|-damage|p1a: Masquerain|55/264\n|-hitcount|p1a: Masquerain|3\n|\n|-damage|p2a: Quaquaval|116/264 brn|[from] brn\n|upkeep\n|turn|9\n|\n|t:|1782845894\n|move|p1a: Masquerain|Sticky Web|p2a: Quaquaval\n|-sidestart|p2: archeokyogre64|move: Sticky Web\n|move|p2a: Quaquaval|Triple Axel|p1a: Masquerain\n|-supereffective|p1a: Masquerain\n|-crit|p1a: Masquerain\n|-damage|p1a: Masquerain|11/264\n|-supereffective|p1a: Masquerain\n|-damage|p1a: Masquerain|0 fnt\n|faint|p1a: Masquerain\n|-ability|p2a: Quaquaval|Moxie|boost\n|-boost|p2a: Quaquaval|atk|1\n|-hitcount|p1: Masquerain|2\n|\n|-damage|p2a: Quaquaval|100/264 brn|[from] brn\n|upkeep\n|\n|t:|1782845909\n|switch|p1a: Terrakion|Terrakion, L79|273/273\n|turn|10\n|\n|t:|1782845916\n|switch|p2a: Latias|Latias, L79, F|256/256\n|move|p1a: Terrakion|Earthquake|p2a: Latias\n|-immune|p2a: Latias|[from] ability: Levitate\n|\n|upkeep\n|turn|11\n|\n|t:|1782845925\n|switch|p1a: Oinkologne|Oinkologne-F, L92, F|361/361\n|move|p2a: Latias|Psyshock|p1a: Oinkologne\n|-damage|p1a: Oinkologne|256/361\n|\n|-heal|p1a: Oinkologne|278/361|[from] item: Leftovers\n|upkeep\n|turn|12\n|\n|t:|1782845933\n|switch|p2a: Delibird|Delibird, F|203/252 par\n|move|p1a: Oinkologne|Double-Edge|p2a: Delibird\n|-damage|p2a: Delibird|7/252 par\n|-damage|p1a: Oinkologne|213/361|[from] Recoil\n|\n|-heal|p1a: Oinkologne|235/361|[from] item: Leftovers\n|upkeep\n|turn|13\n|\n|t:|1782845937\n|move|p1a: Oinkologne|Double-Edge|p2a: Delibird\n|-damage|p2a: Delibird|0 fnt\n|faint|p2a: Delibird\n|-damage|p1a: Oinkologne|233/361|[from] Recoil\n|\n|-heal|p1a: Oinkologne|255/361|[from] item: Leftovers\n|upkeep\n|\n|t:|1782845943\n|switch|p2a: Quaquaval|Quaquaval, L79, M|100/264 brn\n|-activate|p2a: Quaquaval|move: Sticky Web\n|-unboost|p2a: Quaquaval|spe|1\n|turn|14\n|\n|t:|1782845947\n|move|p1a: Oinkologne|Double-Edge|p2a: Quaquaval\n|-damage|p2a: Quaquaval|0 fnt\n|faint|p2a: Quaquaval\n|-damage|p1a: Oinkologne|222/361|[from] Recoil\n|\n|-heal|p1a: Oinkologne|244/361|[from] item: Leftovers\n|upkeep\n|\n|t:|1782845955\n|switch|p2a: Archaludon|Archaludon, L78, M|268/268\n|-activate|p2a: Archaludon|move: Sticky Web\n|-unboost|p2a: Archaludon|spe|1\n|turn|15\n|\n|t:|1782845966\n|switch|p2a: Latias|Latias, L79, F|256/256\n|move|p1a: Oinkologne|Curse|p1a: Oinkologne\n|-unboost|p1a: Oinkologne|spe|1\n|-boost|p1a: Oinkologne|atk|1\n|-boost|p1a: Oinkologne|def|1\n|\n|-heal|p1a: Oinkologne|266/361|[from] item: Leftovers\n|upkeep\n|turn|16\n|\n|t:|1782845972\n|-terastallize|p2a: Latias|Steel\n|move|p2a: Latias|Calm Mind|p2a: Latias\n|-boost|p2a: Latias|spa|1\n|-boost|p2a: Latias|spd|1\n|move|p1a: Oinkologne|Lash Out|p2a: Latias\n|-damage|p2a: Latias|163/256\n|\n|-heal|p1a: Oinkologne|288/361|[from] item: Leftovers\n|upkeep\n|turn|17\n|\n|t:|1782845978\n|switch|p1a: Arcanine|Arcanine, L84, F|255/288\n|-ability|p1a: Arcanine|Intimidate|boost\n|-unboost|p2a: Latias|atk|1\n|move|p2a: Latias|Calm Mind|p2a: Latias\n|-boost|p2a: Latias|spa|1\n|-boost|p2a: Latias|spd|1\n|\n|upkeep\n|turn|18\n|\n|t:|1782845985\n|move|p2a: Latias|Draco Meteor|p1a: Arcanine\n|-damage|p1a: Arcanine|0 fnt\n|-unboost|p2a: Latias|spa|2\n|faint|p1a: Arcanine\n|\n|upkeep\n|\n|t:|1782845998\n|switch|p1a: Annihilape|Annihilape, L76, F|292/292\n|turn|19\n|\n|t:|1782846004\n|switch|p2a: Archaludon|Archaludon, L78, M|219/219\n|-activate|p2a: Archaludon|move: Sticky Web\n|-unboost|p2a: Archaludon|spe|1\n|-terastallize|p1a: Annihilape|Water\n|move|p1a: Annihilape|Bulk Up|p1a: Annihilape\n|-boost|p1a: Annihilape|atk|1\n|-boost|p1a: Annihilape|def|1\n|\n|upkeep\n|turn|20\n|\n|t:|1782846012\n|move|p1a: Annihilape|Taunt|p2a: Archaludon\n|-start|p2a: Archaludon|move: Taunt\n|move|p2a: Archaludon|Hyper Voice|p1a: Annihilape\n|-damage|p1a: Annihilape|129/292\n|\n|-heal|p1a: Annihilape|147/292|[from] item: Leftovers\n|upkeep\n|turn|21\n|\n|t:|1782846018\n|switch|p1a: Oinkologne|Oinkologne-F, L92, F|288/361\n|move|p2a: Archaludon|Hyper Voice|p1a: Oinkologne\n|-damage|p1a: Oinkologne|135/361\n|\n|-heal|p1a: Oinkologne|157/361|[from] item: Leftovers\n|upkeep\n|turn|22\n|\n|t:|1782846025\n|move|p1a: Oinkologne|Lash Out|p2a: Archaludon\n|-supereffective|p2a: Archaludon\n|-damage|p2a: Archaludon|67/219\n|replace|p2a: Zoroark|Zoroark-Hisui, L80, F\n|-end|p2a: Zoroark|Illusion\n|-hint|Illusion Level Mod is active, so this Pok\u00e9mon's true level was hidden.\n|move|p2a: Zoroark|Hyper Voice|p1a: Oinkologne\n|-damage|p1a: Oinkologne|4/361\n|\n|-heal|p1a: Oinkologne|26/361|[from] item: Leftovers\n|-end|p2a: Zoroark|move: Taunt\n|upkeep\n|turn|23\n|\n|t:|1782846030\n|switch|p2a: Archaludon|Archaludon, L78, M|268/268\n|-activate|p2a: Archaludon|move: Sticky Web\n|-unboost|p2a: Archaludon|spe|1\n|move|p1a: Oinkologne|Lash Out|p2a: Archaludon\n|-damage|p2a: Archaludon|216/268\n|-ability|p2a: Archaludon|Stamina|boost\n|-boost|p2a: Archaludon|def|1\n|\n|-heal|p1a: Oinkologne|48/361|[from] item: Leftovers\n|upkeep\n|turn|24\n|\n|t:|1782846048\n|move|p1a: Oinkologne|High Horsepower|p2a: Archaludon\n|-supereffective|p2a: Archaludon\n|-damage|p2a: Archaludon|132/268\n|-ability|p2a: Archaludon|Stamina|boost\n|-boost|p2a: Archaludon|def|1\n|move|p2a: Archaludon|Iron Head|p1a: Oinkologne\n|-damage|p1a: Oinkologne|0 fnt\n|faint|p1a: Oinkologne\n|\n|upkeep\n|inactive|mikoster has 120 seconds left.\n|\n|t:|1782846069\n|switch|p1a: Terrakion|Terrakion, L79|273/273\n|turn|25\n|\n|t:|1782846077\n|move|p1a: Terrakion|Earthquake|p2a: Archaludon\n|-supereffective|p2a: Archaludon\n|-damage|p2a: Archaludon|49/268\n|-ability|p2a: Archaludon|Stamina|boost\n|-boost|p2a: Archaludon|def|1\n|-damage|p1a: Terrakion|246/273|[from] item: Life Orb\n|move|p2a: Archaludon|Iron Head|p1a: Terrakion\n|-supereffective|p1a: Terrakion\n|-damage|p1a: Terrakion|82/273\n|\n|upkeep\n|turn|26\n|\n|t:|1782846081\n|move|p1a: Terrakion|Earthquake|p2a: Archaludon\n|-supereffective|p2a: Archaludon\n|-damage|p2a: Archaludon|0 fnt\n|faint|p2a: Archaludon\n|-damage|p1a: Terrakion|55/273|[from] item: Life Orb\n|\n|upkeep\n|\n|t:|1782846085\n|switch|p2a: Latias|Latias, L79, F, tera:Steel|163/256\n|turn|27\n|\n|t:|1782846092\n|move|p2a: Latias|Psyshock|p1a: Terrakion\n|-supereffective|p1a: Terrakion\n|-damage|p1a: Terrakion|0 fnt\n|faint|p1a: Terrakion\n|\n|upkeep\n|\n|t:|1782846094\n|switch|p1a: Annihilape|Annihilape, L76, F, tera:Water|147/292\n|turn|28\n|\n|t:|1782846102\n|switch|p1a: Mamoswine|Mamoswine, L81, M|311/311\n|move|p2a: Latias|Draco Meteor|p1a: Mamoswine\n|-damage|p1a: Mamoswine|106/311\n|-unboost|p2a: Latias|spa|2\n|\n|upkeep\n|turn|29\n|\n|t:|1782846118\n|switch|p2a: Latias|Latias, L79, F|67/219\n|-activate|p2a: Latias|move: Sticky Web\n|-unboost|p2a: Latias|spe|1\n|move|p1a: Mamoswine|Stealth Rock|p2a: Latias\n|-sidestart|p2: archeokyogre64|move: Stealth Rock\n|\n|upkeep\n|-start|p2a: Latias|typechange|Steel|[silent]\n|turn|30\n|\n|t:|1782846137\n|move|p1a: Mamoswine|Icicle Crash|p2a: Latias\n|-damage|p2a: Latias|0 fnt\n|replace|p2a: Zoroark|Zoroark-Hisui, L80, F\n|-end|p2a: Zoroark|Illusion\n|faint|p2a: Zoroark\n|-damage|p1a: Mamoswine|75/311|[from] item: Life Orb\n|\n|upkeep\n|\n|t:|1782846142\n|switch|p2a: Latias|Latias, L79, F, tera:Steel|163/256\n|-damage|p2a: Latias|147/256|[from] Stealth Rock\n|turn|31\n|\n|t:|1782846146\n|move|p2a: Latias|Calm Mind|p2a: Latias\n|-boost|p2a: Latias|spa|1\n|-boost|p2a: Latias|spd|1\n|move|p1a: Mamoswine|Icicle Crash|p2a: Latias\n|-resisted|p2a: Latias\n|-crit|p2a: Latias\n|-damage|p2a: Latias|42/256\n|-damage|p1a: Mamoswine|44/311|[from] item: Life Orb\n|\n|upkeep\n|turn|32\n|\n|t:|1782846150\n|move|p1a: Mamoswine|Ice Shard|p2a: Latias\n|-resisted|p2a: Latias\n|-damage|p2a: Latias|4/256\n|-damage|p1a: Mamoswine|13/311|[from] item: Life Orb\n|move|p2a: Latias|Recover|p2a: Latias\n|-heal|p2a: Latias|132/256\n|\n|upkeep\n|turn|33\n|-message|mikoster forfeited.\n|\n|win|archeokyogre64\n|raw|mikoster's rating: 2058 &rarr; <strong>2036</strong><br />(-22 for losing)\n|raw|archeokyogre64's rating: 2018 &rarr; <strong>2040</strong><br />(+22 for winning)\n", "inputlog": ">version f8ac14003a5f27e1bdc8d8c59608a773c1cb96e5\n>start {\"formatid\":\"gen9randombattle\",\"seed\":\"sodium,cd4eac26caaf62dccb9a646fe2182da4\",\"rated\":\"Rated battle\"}\n>player p1 {\"name\":\"mikoster\",\"avatar\":\"1\",\"rating\":2058,\"seed\":\"sodium,838c76bf870af4660f24300d6b997ed8\"}\n>player p2 {\"name\":\"archeokyogre64\",\"avatar\":\"2\",\"rating\":2018,\"seed\":\"sodium,790207893b9e0fc7c3cf9dfa32b1c78d\"}\n>p1 switch 4\n>p2 move bravebird\n>p1 move flareblitz\n>p2 switch 5\n>p1 switch 4\n>p2 move aquastep\n>p1 move stickyweb\n>p2 switch 5\n>p1 move stunspore\n>p2 move rapidspin\n>p1 switch 4\n>p2 move bravebird\n>p1 move morningsun\n>p2 switch 5\n>p1 switch 4\n>p2 move tripleaxel\n>p1 move stickyweb\n>p2 move tripleaxel\n>p1 switch 5\n>p1 move earthquake\n>p2 switch 6\n>p1 switch 3\n>p2 move psyshock\n>p1 move doubleedge\n>p2 switch 5\n>p1 move doubleedge\n>p2 move rapidspin\n>p2 switch 6\n>p1 move doubleedge\n>p2 move closecombat\n>p2 switch 4\n>p1 move curse\n>p2 switch 5\n>p1 move lashout\n>p2 move calmmind terastallize\n>p1 switch 4\n>p2 move calmmind\n>p1 move flareblitz\n>p2 move dracometeor\n>p1 switch 2\n>p1 move bulkup terastallize\n>p2 switch 2\n>p1 move taunt\n>p2 move hypervoice\n>p1 switch 4\n>p2 move hypervoice\n>p1 move lashout\n>p2 move hypervoice\n>p1 move lashout\n>p2 switch 5\n>p1 move highhorsepower\n>p2 move ironhead\n>p1 switch 3\n>p1 move earthquake\n>p2 move ironhead\n>p1 move earthquake\n>p2 move ironhead\n>p2 switch 2\n>p1 move closecombat\n>p2 move psyshock\n>p1 switch 4\n>p1 switch 6\n>p2 move dracometeor\n>p1 move stealthrock\n>p2 switch 5\n>p1 move iciclecrash\n>p2 move hypervoice\n>p2 switch 5\n>p1 move iciclecrash\n>p2 move calmmind\n>p1 move iceshard\n>p2 move recover\n>forcelose p1", "uploadtime": 1782846153, "views": 6, "formatid": "gen9randombattle", "rating": 2036, "private": 0, "password": null, "player_dets": [{"name": "mikoster", "avatar": "1", "rating": 2058, "seed": "sodium,838c76bf870af4660f24300d6b997ed8"}, {"name": "archeokyogre64", "avatar": "2", "rating": 2018, "seed": "sodium,790207893b9e0fc7c3cf9dfa32b1c78d"}], "teams_full": [{"Masquerain": {"name": "Masquerain", "species": "Masquerain", "speciesId": "masquerain", "gender": "F", "shiny": false, "level": 87, "moves": ["hurricane", "hydropump", "stickyweb", "stunspore"], "ability": "Intimidate", "evs": {"hp": 85, "atk": 0, "def": 85, "spa": 85, "spd": 85, "spe": 85}, "ivs": {"hp": 31, "atk": 0, "def": 31, "spa": 31, "spd": 31, "spe": 31}, "item": "Heavy-Duty Boots", "teraType": "Steel", "role": "Fast Support", "bvs": {"hp": 70, "atk": 60, "def": 62, "spa": 100, "spd": 82, "spe": 80}, "stats": {"hp": 264, "atk": 109, "def": 158, "spa": 224, "spd": 192, "spe": 189}, "types": ["Bug", "Flying"]}, "Annihilape": {"name": "Annihilape", "species": "Annihilape", "speciesId": "annihilape", "gender": "F", "shiny": false, "level": 76, "moves": ["drainpunch", "ragefist", "bulkup", "taunt"], "ability": "Defiant", "evs": {"hp": 85, "atk": 85, "def": 85, "spa": 85, "spd": 85, "spe": 85}, "ivs": {"hp": 31, "atk": 31, "def": 31, "spa": 31, "spd": 31, "spe": 31}, "item": "Leftovers", "teraType": "Water", "role": "Bulky Setup", "bvs": {"hp": 110, "atk": 115, "def": 80, "spa": 50, "spd": 90, "spe": 90}, "stats": {"hp": 292, "atk": 219, "def": 166, "spa": 120, "spd": 181, "spe": 181}, "types": ["Fighting", "Ghost"]}, "Oinkologne": {"name": "Oinkologne", "species": "Oinkologne-F", "speciesId": "oinkolognef", "gender": "F", "shiny": false, "level": 92, "moves": ["highhorsepower", "curse", "lashout", "doubleedge"], "ability": "Thick Fat", "evs": {"hp": 85, "atk": 85, "def": 85, "spa": 85, "spd": 85, "spe": 85}, "ivs": {"hp": 31, "atk": 31, "def": 31, "spa": 31, "spd": 31, "spe": 31}, "item": "Leftovers", "teraType": "Ground", "role": "Bulky Setup", "bvs": {"hp": 115, "atk": 90, "def": 70, "spa": 59, "spd": 90, "spe": 65}, "stats": {"hp": 361, "atk": 218, "def": 181, "spa": 161, "spd": 218, "spe": 172}, "types": ["Normal"]}, "Arcanine": {"name": "Arcanine", "species": "Arcanine", "speciesId": "arcanine", "gender": "F", "shiny": false, "level": 84, "moves": ["extremespeed", "roar", "morningsun", "flareblitz"], "ability": "Intimidate", "evs": {"hp": 85, "atk": 85, "def": 85, "spa": 85, "spd": 85, "spe": 85}, "ivs": {"hp": 31, "atk": 31, "def": 31, "spa": 31, "spd": 31, "spe": 31}, "item": "Heavy-Duty Boots", "teraType": "Normal", "role": "Bulky Attacker", "bvs": {"hp": 90, "atk": 110, "def": 80, "spa": 100, "spd": 80, "spe": 95}, "stats": {"hp": 288, "atk": 233, "def": 183, "spa": 216, "spd": 183, "spe": 208}, "types": ["Fire"]}, "Terrakion": {"name": "Terrakion", "species": "Terrakion", "speciesId": "terrakion", "gender": "N", "shiny": false, "level": 79, "moves": ["closecombat", "earthquake", "stoneedge", "swordsdance"], "ability": "Justified", "evs": {"hp": 85, "atk": 85, "def": 85, "spa": 85, "spd": 85, "spe": 85}, "ivs": {"hp": 31, "atk": 31, "def": 31, "spa": 31, "spd": 31, "spe": 31}, "item": "Life Orb", "teraType": "Fighting", "role": "Setup Sweeper", "bvs": {"hp": 91, "atk": 129, "def": 90, "spa": 72, "spd": 90, "spe": 108}, "stats": {"hp": 273, "atk": 249, "def": 188, "spa": 159, "spd": 188, "spe": 216}, "types": ["Rock", "Fighting"]}, "Mamoswine": {"name": "Mamoswine", "species": "Mamoswine", "speciesId": "mamoswine", "gender": "M", "shiny": false, "level": 81, "moves": ["iceshard", "earthquake", "iciclecrash", "stealthrock"], "ability": "Thick Fat", "evs": {"hp": 85, "atk": 85, "def": 85, "spa": 85, "spd": 85, "spe": 85}, "ivs": {"hp": 31, "atk": 31, "def": 31, "spa": 31, "spd": 31, "spe": 31}, "item": "Life Orb", "teraType": "Ice", "role": "Wallbreaker", "bvs": {"hp": 110, "atk": 130, "def": 80, "spa": 70, "spd": 60, "spe": 80}, "stats": {"hp": 311, "atk": 257, "def": 176, "spa": 160, "spd": 144, "spe": 176}, "types": ["Ice", "Ground"]}}, {"Delibird": {"name": "Delibird", "species": "Delibird", "speciesId": "delibird", "gender": "F", "shiny": false, "level": 100, "moves": ["freezedry", "rapidspin", "bravebird", "spikes"], "ability": "Vital Spirit", "evs": {"hp": 85, "atk": 85, "def": 85, "spa": 85, "spd": 85, "spe": 85}, "ivs": {"hp": 31, "atk": 31, "def": 31, "spa": 31, "spd": 31, "spe": 31}, "item": "Heavy-Duty Boots", "teraType": "Ghost", "role": "Fast Support", "bvs": {"hp": 45, "atk": 55, "def": 45, "spa": 65, "spd": 45, "spe": 75}, "stats": {"hp": 252, "atk": 167, "def": 147, "spa": 187, "spd": 147, "spe": 207}, "types": ["Ice", "Flying"]}, "Zoroark": {"name": "Zoroark", "species": "Zoroark-Hisui", "speciesId": "zoroarkhisui", "gender": "F", "shiny": false, "level": 80, "moves": ["focusblast", "hypervoice", "bittermalice", "uturn"], "ability": "Illusion", "evs": {"hp": 85, "atk": 85, "def": 85, "spa": 85, "spd": 85, "spe": 85}, "ivs": {"hp": 31, "atk": 31, "def": 31, "spa": 31, "spd": 31, "spe": 31}, "item": "Choice Specs", "teraType": "Fighting", "role": "Wallbreaker", "bvs": {"hp": 55, "atk": 100, "def": 60, "spa": 125, "spd": 60, "spe": 110}, "stats": {"hp": 219, "atk": 206, "def": 142, "spa": 246, "spd": 142, "spe": 222}, "types": ["Normal", "Ghost"]}, "Zebstrika": {"name": "Zebstrika", "species": "Zebstrika", "speciesId": "zebstrika", "gender": "F", "shiny": false, "level": 87, "moves": ["supercellslam", "voltswitch", "highhorsepower", "overheat"], "ability": "Sap Sipper", "evs": {"hp": 85, "atk": 85, "def": 85, "spa": 85, "spd": 85, "spe": 85}, "ivs": {"hp": 31, "atk": 31, "def": 31, "spa": 31, "spd": 31, "spe": 31}, "item": "Life Orb", "teraType": "Ground", "role": "Fast Attacker", "bvs": {"hp": 75, "atk": 100, "def": 63, "spa": 80, "spd": 63, "spe": 116}, "stats": {"hp": 272, "atk": 224, "def": 159, "spa": 189, "spd": 159, "spe": 252}, "types": ["Electric"]}, "Archaludon": {"name": "Archaludon", "species": "Archaludon", "speciesId": "archaludon", "gender": "M", "shiny": false, "level": 78, "moves": ["ironhead", "earthquake", "swordsdance", "outrage"], "ability": "Stamina", "evs": {"hp": 85, "atk": 85, "def": 85, "spa": 85, "spd": 85, "spe": 85}, "ivs": {"hp": 31, "atk": 31, "def": 31, "spa": 31, "spd": 31, "spe": 31}, "item": "Lum Berry", "teraType": "Ground", "role": "Bulky Setup", "bvs": {"hp": 90, "atk": 105, "def": 130, "spa": 125, "spd": 65, "spe": 85}, "stats": {"hp": 268, "atk": 209, "def": 248, "spa": 240, "spd": 146, "spe": 178}, "types": ["Steel", "Dragon"]}, "Quaquaval": {"name": "Quaquaval", "species": "Quaquaval", "speciesId": "quaquaval", "gender": "M", "shiny": false, "level": 79, "moves": ["aquastep", "knockoff", "closecombat", "tripleaxel"], "ability": "Moxie", "evs": {"hp": 85, "atk": 85, "def": 85, "spa": 85, "spd": 85, "spe": 85}, "ivs": {"hp": 31, "atk": 31, "def": 31, "spa": 31, "spd": 31, "spe": 31}, "item": "Choice Band", "teraType": "Fighting", "role": "Wallbreaker", "bvs": {"hp": 85, "atk": 120, "def": 80, "spa": 85, "spd": 75, "spe": 85}, "stats": {"hp": 264, "atk": 235, "def": 172, "spa": 180, "spd": 164, "spe": 180}, "types": ["Water", "Fighting"]}, "Latias": {"name": "Latias", "species": "Latias", "speciesId": "latias", "gender": "F", "shiny": false, "level": 79, "moves": ["psyshock", "dracometeor", "calmmind", "recover"], "ability": "Levitate", "evs": {"hp": 85, "atk": 0, "def": 85, "spa": 85, "spd": 85, "spe": 85}, "ivs": {"hp": 31, "atk": 0, "def": 31, "spa": 31, "spd": 31, "spe": 31}, "item": "Soul Dew", "teraType": "Steel", "role": "Fast Bulky Setup", "bvs": {"hp": 80, "atk": 80, "def": 90, "spa": 110, "spd": 130, "spe": 110}, "stats": {"hp": 256, "atk": 131, "def": 188, "spa": 219, "spd": 251, "spe": 219}, "types": ["Dragon", "Psychic"]}}]}