{"id": "gen9randombattle-2641777384", "format": "[Gen 9] Random Battle", "players": ["Cormanor", "destrctor202"], "log": "|j|\u2606Cormanor\n|j|\u2606destrctor202\n|t:|1782840698\n|gametype|singles\n|player|p1|Cormanor|102|1272\n|player|p2|destrctor202|benga|1325\n|gen|9\n|tier|[Gen 9] Random Battle\n|rated|\n|rule|Species Clause: Limit one of each Pok\u00e9mon\n|rule|HP Percentage Mod: HP is shown in percentages\n|rule|Sleep Clause Mod: Limit one foe put to sleep\n|rule|Illusion Level Mod: Illusion disguises the Pok\u00e9mon's true level\n|\n|t:|1782840698\n|teamsize|p1|6\n|teamsize|p2|6\n|start\n|switch|p1a: Mewtwo|Mewtwo, L72|272/272\n|switch|p2a: Meloetta|Meloetta, L82|298/298\n|-ability|p1a: Mewtwo|Unnerve\n|turn|1\n|\n|t:|1782840707\n|move|p1a: Mewtwo|Nasty Plot|p1a: Mewtwo\n|-boost|p1a: Mewtwo|spa|2\n|move|p2a: Meloetta|Knock Off|p1a: Mewtwo\n|-supereffective|p1a: Mewtwo\n|-damage|p1a: Mewtwo|103/272\n|-enditem|p1a: Mewtwo|Life Orb|[from] move: Knock Off|[of] p2a: Meloetta\n|-damage|p2a: Meloetta|269/298|[from] item: Life Orb\n|\n|upkeep\n|turn|2\n|\n|t:|1782840718\n|move|p1a: Mewtwo|Dark Pulse|p2a: Meloetta\n|-supereffective|p2a: Meloetta\n|-damage|p2a: Meloetta|93/298\n|move|p2a: Meloetta|Triple Axel|p1a: Mewtwo\n|-damage|p1a: Mewtwo|85/272\n|-crit|p1a: Mewtwo\n|-damage|p1a: Mewtwo|30/272\n|-damage|p1a: Mewtwo|0 fnt\n|faint|p1a: Mewtwo\n|-hitcount|p1: Mewtwo|3\n|-damage|p2a: Meloetta|64/298|[from] item: Life Orb\n|\n|upkeep\n|\n|t:|1782840733\n|switch|p1a: Terrakion|Terrakion, L79|219/219\n|turn|3\n|inactive|Battle timer is ON: inactive players will automatically lose when time's up. (requested by destrctor202)\n|\n|t:|1782840762\n|switch|p2a: Polteageist|Polteageist, L78|219/219\n|move|p1a: Terrakion|U-turn|p2a: Polteageist\n|-resisted|p2a: Polteageist\n|-damage|p2a: Polteageist|186/219\n|replace|p2a: Zoroark|Zoroark-Hisui, L80, F\n|-end|p2a: Zoroark|Illusion\n|-hint|Illusion Level Mod is active, so this Pok\u00e9mon's true level was hidden.\n|inactive|Cormanor has 120 seconds left.\n|\n|t:|1782840794\n|switch|p1a: Ting-Lu|Ting-Lu, L78|370/370|[from] U-turn\n|-ability|p1a: Ting-Lu|Vessel of Ruin\n|\n|upkeep\n|turn|4\n|\n|t:|1782840814\n|move|p2a: Zoroark|Will-O-Wisp|p1a: Ting-Lu|[miss]\n|-miss|p2a: Zoroark|p1a: Ting-Lu\n|move|p1a: Ting-Lu|Throat Chop|p2a: Zoroark\n|-supereffective|p2a: Zoroark\n|-damage|p2a: Zoroark|0 fnt\n|faint|p2a: Zoroark\n|\n|upkeep\n|inactive|destrctor202 has 120 seconds left.\n|\n|t:|1782840836\n|switch|p2a: Delibird|Delibird, M|252/252\n|turn|5\n|inactive|destrctor202 has 120 seconds left.\n|inactive|Cormanor has 120 seconds left.\n|\n|t:|1782840879\n|-terastallize|p1a: Ting-Lu|Ghost\n|move|p2a: Delibird|Ice Spinner|p1a: Ting-Lu\n|-damage|p1a: Ting-Lu|265/370\n|move|p1a: Ting-Lu|Throat Chop|p2a: Delibird\n|-damage|p2a: Delibird|141/252\n|-start|p2a: Delibird|Throat Chop|[silent]\n|\n|-heal|p1a: Ting-Lu|288/370|[from] item: Leftovers\n|upkeep\n|turn|6\n|inactive|destrctor202 has 120 seconds left.\n|\n|t:|1782840918\n|move|p2a: Delibird|Brave Bird|p1a: Ting-Lu\n|-damage|p1a: Ting-Lu|134/370\n|-damage|p2a: Delibird|90/252|[from] Recoil\n|move|p1a: Ting-Lu|Stealth Rock|p2a: Delibird\n|-sidestart|p2: destrctor202|move: Stealth Rock\n|\n|-heal|p1a: Ting-Lu|157/370|[from] item: Leftovers\n|-end|p2a: Delibird|Throat Chop|[silent]\n|upkeep\n|turn|7\n|\n|t:|1782840924\n|move|p2a: Delibird|Brave Bird|p1a: Ting-Lu\n|-damage|p1a: Ting-Lu|13/370\n|-damage|p2a: Delibird|42/252|[from] Recoil\n|move|p1a: Ting-Lu|Throat Chop|p2a: Delibird\n|-crit|p2a: Delibird\n|-damage|p2a: Delibird|0 fnt\n|faint|p2a: Delibird\n|\n|-heal|p1a: Ting-Lu|36/370|[from] item: Leftovers\n|upkeep\n|\n|t:|1782840935\n|switch|p2a: Glalie|Glalie, L96, F|309/309\n|turn|8\n|\n|t:|1782840944\n|move|p2a: Glalie|Freeze-Dry|p1a: Ting-Lu\n|-damage|p1a: Ting-Lu|0 fnt\n|faint|p1a: Ting-Lu\n|\n|upkeep\n|\n|t:|1782840966\n|switch|p1a: Terrakion|Terrakion, L79|273/273\n|turn|9\n|\n|t:|1782840990\n|move|p1a: Terrakion|Swords Dance|p1a: Terrakion\n|-boost|p1a: Terrakion|atk|2\n|move|p2a: Glalie|Earthquake|p1a: Terrakion\n|-supereffective|p1a: Terrakion\n|-damage|p1a: Terrakion|113/273\n|\n|upkeep\n|turn|10\n|\n|t:|1782841001\n|switch|p2a: Polteageist|Polteageist, L78|222/222\n|-damage|p2a: Polteageist|195/222|[from] Stealth Rock\n|move|p1a: Terrakion|Close Combat|p2a: Polteageist\n|-immune|p2a: Polteageist\n|\n|upkeep\n|turn|11\n|inactive|destrctor202 has 90 seconds left.\n|\n|t:|1782841022\n|move|p1a: Terrakion|Earthquake|p2a: Polteageist\n|-damage|p2a: Polteageist|0 fnt\n|-start|p1a: Terrakion|Disable|Earthquake|[from] ability: Cursed Body|[of] p2a: Polteageist\n|faint|p2a: Polteageist\n|-damage|p1a: Terrakion|86/273|[from] item: Life Orb\n|\n|upkeep\n|\n|t:|1782841035\n|switch|p2a: Glalie|Glalie, L96, F|309/309\n|turn|12\n|inactive|Cormanor has 120 seconds left.\n|\n|t:|1782841040\n|-terastallize|p2a: Glalie|Water\n|move|p1a: Terrakion|Close Combat|p2a: Glalie\n|-damage|p2a: Glalie|0 fnt\n|-unboost|p1a: Terrakion|def|1\n|-unboost|p1a: Terrakion|spd|1\n|faint|p2a: Glalie\n|-damage|p1a: Terrakion|59/273|[from] item: Life Orb\n|\n|upkeep\n|inactive|destrctor202 has 90 seconds left.\n|\n|t:|1782841045\n|switch|p2a: Meloetta|Meloetta, L82|64/298\n|-damage|p2a: Meloetta|27/298|[from] Stealth Rock\n|turn|13\n|\n|t:|1782841053\n|move|p1a: Terrakion|Close Combat|p2a: Meloetta\n|-damage|p2a: Meloetta|0 fnt\n|-unboost|p1a: Terrakion|def|1\n|-unboost|p1a: Terrakion|spd|1\n|faint|p2a: Meloetta\n|-damage|p1a: Terrakion|32/273|[from] item: Life Orb\n|\n|upkeep\n|\n|t:|1782841061\n|switch|p2a: Sandaconda|Sandaconda, L84, F|258/258\n|-damage|p2a: Sandaconda|242/258|[from] Stealth Rock\n|turn|14\n|\n|t:|1782841074\n|move|p1a: Terrakion|Close Combat|p2a: Sandaconda\n|-damage|p2a: Sandaconda|0 fnt\n|-unboost|p1a: Terrakion|def|1\n|-unboost|p1a: Terrakion|spd|1\n|faint|p2a: Sandaconda\n|-damage|p1a: Terrakion|5/273|[from] item: Life Orb\n|\n|win|Cormanor\n|raw|Cormanor's rating: 1272 &rarr; <strong>1301</strong><br />(+29 for winning)\n|raw|destrctor202's rating: 1325 &rarr; <strong>1302</strong><br />(-23 for losing)\n|l|\u2606destrctor202\n|player|p2|\n", "inputlog": ">version f8ac14003a5f27e1bdc8d8c59608a773c1cb96e5\n>start {\"formatid\":\"gen9randombattle\",\"seed\":\"sodium,abe9b1d6b40eaf4f9299b8a96c35dae2\",\"rated\":\"Rated battle\"}\n>player p1 {\"name\":\"Cormanor\",\"avatar\":\"102\",\"rating\":1272,\"seed\":\"sodium,b557147fb12ee26f7e455fe32313c97a\"}\n>player p2 {\"name\":\"destrctor202\",\"avatar\":\"benga\",\"rating\":1325,\"seed\":\"sodium,e3b5c862b4e24bb25c2b83162cf59c92\"}\n>p1 move nastyplot\n>p2 move knockoff\n>p1 move darkpulse\n>p2 move tripleaxel\n>p1 switch 5\n>p1 move uturn\n>p2 switch 5\n>p1 switch 2\n>p1 move throatchop\n>p2 move willowisp\n>p2 switch 2\n>p1 move throatchop terastallize\n>p2 move icespinner\n>p1 move stealthrock\n>p2 move bravebird\n>p1 move throatchop\n>p2 move bravebird\n>p2 switch 3\n>p1 move earthquake\n>p2 move freezedry\n>p1 switch 6\n>p1 move swordsdance\n>p2 move earthquake\n>p1 move closecombat\n>p2 switch 6\n>p1 move earthquake\n>p2 move shellsmash\n>p2 switch 6\n>p1 move closecombat\n>p2 move earthquake terastallize\n>p2 switch 5\n>p1 move closecombat\n>p2 move closecombat\n>p2 switch 4\n>p1 move closecombat\n>p2 move earthquake", "uploadtime": 1782841086, "views": 14, "formatid": "gen9randombattle", "rating": 1301, "private": 0, "password": null, "player_dets": [{"name": "Cormanor", "avatar": "102", "rating": 1272, "seed": "sodium,b557147fb12ee26f7e455fe32313c97a"}, {"name": "destrctor202", "avatar": "benga", "rating": 1325, "seed": "sodium,e3b5c862b4e24bb25c2b83162cf59c92"}], "teams_full": [{"Mewtwo": {"name": "Mewtwo", "species": "Mewtwo", "speciesId": "mewtwo", "gender": "N", "shiny": false, "level": 72, "moves": ["psystrike", "nastyplot", "darkpulse", "fireblast"], "ability": "Unnerve", "evs": {"hp": 85, "atk": 0, "def": 85, "spa": 85, "spd": 85, "spe": 85}, "ivs": {"hp": 31, "atk": 0, "def": 31, "spa": 31, "spd": 31, "spe": 31}, "item": "Life Orb", "teraType": "Fire", "role": "Setup Sweeper", "bvs": {"hp": 106, "atk": 110, "def": 90, "spa": 154, "spd": 90, "spe": 130}, "stats": {"hp": 272, "atk": 163, "def": 172, "spa": 264, "spd": 172, "spe": 229}, "types": ["Psychic"]}, "Ting-Lu": {"name": "Ting-Lu", "species": "Ting-Lu", "speciesId": "tinglu", "gender": "N", "shiny": false, "level": 78, "moves": ["earthquake", "throatchop", "stealthrock", "spikes"], "ability": "Vessel of Ruin", "evs": {"hp": 85, "atk": 85, "def": 85, "spa": 85, "spd": 85, "spe": 85}, "ivs": {"hp": 31, "atk": 31, "def": 31, "spa": 31, "spd": 31, "spe": 31}, "item": "Leftovers", "teraType": "Ghost", "role": "Bulky Support", "bvs": {"hp": 155, "atk": 110, "def": 125, "spa": 55, "spd": 80, "spe": 45}, "stats": {"hp": 370, "atk": 217, "def": 240, "spa": 131, "spd": 170, "spe": 115}, "types": ["Dark", "Ground"]}, "Torterra": {"name": "Torterra", "species": "Torterra", "speciesId": "torterra", "gender": "F", "shiny": false, "level": 78, "moves": ["bulletseed", "shellsmash", "rockblast", "headlongrush"], "ability": "Overgrow", "evs": {"hp": 85, "atk": 85, "def": 85, "spa": 85, "spd": 85, "spe": 85}, "ivs": {"hp": 31, "atk": 31, "def": 31, "spa": 31, "spd": 31, "spe": 31}, "item": "Loaded Dice", "teraType": "Ground", "role": "Setup Sweeper", "bvs": {"hp": 95, "atk": 109, "def": 105, "spa": 75, "spd": 85, "spe": 56}, "stats": {"hp": 276, "atk": 215, "def": 209, "spa": 162, "spd": 178, "spe": 132}, "types": ["Grass", "Ground"]}, "Inteleon": {"name": "Inteleon", "species": "Inteleon", "speciesId": "inteleon", "gender": "M", "shiny": false, "level": 81, "moves": ["uturn", "scald", "hydropump", "icebeam"], "ability": "Torrent", "evs": {"hp": 85, "atk": 85, "def": 85, "spa": 85, "spd": 85, "spe": 85}, "ivs": {"hp": 31, "atk": 31, "def": 31, "spa": 31, "spd": 31, "spe": 31}, "item": "Choice Specs", "teraType": "Water", "role": "Wallbreaker", "bvs": {"hp": 70, "atk": 85, "def": 65, "spa": 125, "spd": 65, "spe": 120}, "stats": {"hp": 246, "atk": 184, "def": 152, "spa": 249, "spd": 152, "spe": 241}, "types": ["Water"]}, "Zoroark": {"name": "Zoroark", "species": "Zoroark-Hisui", "speciesId": "zoroarkhisui", "gender": "F", "shiny": false, "level": 80, "moves": ["uturn", "bittermalice", "flamethrower", "hypervoice"], "ability": "Illusion", "evs": {"hp": 85, "atk": 85, "def": 85, "spa": 85, "spd": 85, "spe": 85}, "ivs": {"hp": 31, "atk": 31, "def": 31, "spa": 31, "spd": 31, "spe": 31}, "item": "Choice Specs", "teraType": "Normal", "role": "Wallbreaker", "bvs": {"hp": 55, "atk": 100, "def": 60, "spa": 125, "spd": 60, "spe": 110}, "stats": {"hp": 219, "atk": 206, "def": 142, "spa": 246, "spd": 142, "spe": 222}, "types": ["Normal", "Ghost"]}, "Terrakion": {"name": "Terrakion", "species": "Terrakion", "speciesId": "terrakion", "gender": "N", "shiny": false, "level": 79, "moves": ["earthquake", "closecombat", "swordsdance", "stoneedge"], "ability": "Justified", "evs": {"hp": 85, "atk": 85, "def": 85, "spa": 85, "spd": 85, "spe": 85}, "ivs": {"hp": 31, "atk": 31, "def": 31, "spa": 31, "spd": 31, "spe": 31}, "item": "Life Orb", "teraType": "Ground", "role": "Setup Sweeper", "bvs": {"hp": 91, "atk": 129, "def": 90, "spa": 72, "spd": 90, "spe": 108}, "stats": {"hp": 273, "atk": 249, "def": 188, "spa": 159, "spd": 188, "spe": 216}, "types": ["Rock", "Fighting"]}}, {"Meloetta": {"name": "Meloetta", "species": "Meloetta", "speciesId": "meloetta", "gender": "N", "shiny": false, "level": 82, "moves": ["relicsong", "closecombat", "knockoff", "tripleaxel"], "ability": "Serene Grace", "evs": {"hp": 85, "atk": 85, "def": 85, "spa": 85, "spd": 85, "spe": 85}, "ivs": {"hp": 31, "atk": 31, "def": 31, "spa": 31, "spd": 31, "spe": 31}, "item": "Life Orb", "teraType": "Dark", "role": "Wallbreaker", "bvs": {"hp": 100, "atk": 77, "def": 77, "spa": 128, "spd": 128, "spe": 90}, "stats": {"hp": 298, "atk": 173, "def": 173, "spa": 257, "spd": 257, "spe": 195}, "types": ["Normal", "Psychic"]}, "Delibird": {"name": "Delibird", "species": "Delibird", "speciesId": "delibird", "gender": "M", "shiny": false, "level": 100, "moves": ["drillrun", "icespinner", "bravebird", "iceshard"], "ability": "Hustle", "evs": {"hp": 85, "atk": 85, "def": 85, "spa": 85, "spd": 85, "spe": 85}, "ivs": {"hp": 31, "atk": 31, "def": 31, "spa": 31, "spd": 31, "spe": 31}, "item": "Heavy-Duty Boots", "teraType": "Ground", "role": "Fast Attacker", "bvs": {"hp": 45, "atk": 55, "def": 45, "spa": 65, "spd": 45, "spe": 75}, "stats": {"hp": 252, "atk": 167, "def": 147, "spa": 187, "spd": 147, "spe": 207}, "types": ["Ice", "Flying"]}, "Glalie": {"name": "Glalie", "species": "Glalie", "speciesId": "glalie", "gender": "F", "shiny": false, "level": 96, "moves": ["spikes", "taunt", "freezedry", "earthquake"], "ability": "Inner Focus", "evs": {"hp": 85, "atk": 85, "def": 85, "spa": 85, "spd": 85, "spe": 85}, "ivs": {"hp": 31, "atk": 31, "def": 31, "spa": 31, "spd": 31, "spe": 31}, "item": "Heavy-Duty Boots", "teraType": "Water", "role": "Fast Support", "bvs": {"hp": 80, "atk": 80, "def": 80, "spa": 80, "spd": 80, "spe": 80}, "stats": {"hp": 309, "atk": 208, "def": 208, "spa": 208, "spd": 208, "spe": 208}, "types": ["Ice"]}, "Sandaconda": {"name": "Sandaconda", "species": "Sandaconda", "speciesId": "sandaconda", "gender": "F", "shiny": false, "level": 84, "moves": ["rest", "stealthrock", "stoneedge", "earthquake"], "ability": "Shed Skin", "evs": {"hp": 85, "atk": 85, "def": 85, "spa": 85, "spd": 85, "spe": 85}, "ivs": {"hp": 31, "atk": 31, "def": 31, "spa": 31, "spd": 31, "spe": 31}, "item": "Leftovers", "teraType": "Dragon", "role": "Bulky Attacker", "bvs": {"hp": 72, "atk": 107, "def": 125, "spa": 65, "spd": 70, "spe": 71}, "stats": {"hp": 258, "atk": 228, "def": 258, "spa": 157, "spd": 166, "spe": 167}, "types": ["Ground"]}, "Zoroark": {"name": "Zoroark", "species": "Zoroark-Hisui", "speciesId": "zoroarkhisui", "gender": "F", "shiny": false, "level": 80, "moves": ["focusblast", "hypervoice", "willowisp", "poltergeist"], "ability": "Illusion", "evs": {"hp": 85, "atk": 85, "def": 85, "spa": 85, "spd": 85, "spe": 85}, "ivs": {"hp": 31, "atk": 31, "def": 31, "spa": 31, "spd": 31, "spe": 31}, "item": "Life Orb", "teraType": "Fighting", "role": "Fast Attacker", "bvs": {"hp": 55, "atk": 100, "def": 60, "spa": 125, "spd": 60, "spe": 110}, "stats": {"hp": 219, "atk": 206, "def": 142, "spa": 246, "spd": 142, "spe": 222}, "types": ["Normal", "Ghost"]}, "Polteageist": {"name": "Polteageist", "species": "Polteageist", "speciesId": "polteageist", "gender": "N", "shiny": false, "level": 78, "moves": ["strengthsap", "storedpower", "shellsmash", "shadowball"], "ability": "Cursed Body", "evs": {"hp": 85, "atk": 0, "def": 85, "spa": 85, "spd": 85, "spe": 85}, "ivs": {"hp": 31, "atk": 0, "def": 31, "spa": 31, "spd": 31, "spe": 31}, "item": "White Herb", "teraType": "Psychic", "role": "Setup Sweeper", "bvs": {"hp": 60, "atk": 65, "def": 65, "spa": 134, "spd": 114, "spe": 70}, "stats": {"hp": 222, "atk": 106, "def": 146, "spa": 254, "spd": 223, "spe": 154}, "types": ["Ghost"]}}]}