{"id": "gen9randombattle-2641834806", "format": "[Gen 9] Random Battle", "players": ["tm0dre1", "DDPSupFan"], "log": "|j|\u2606tm0dre1\n|j|\u2606DDPSupFan\n|t:|1782847574\n|gametype|singles\n|player|p1|tm0dre1|265|1266\n|player|p2|DDPSupFan|266|1223\n|gen|9\n|tier|[Gen 9] Random Battle\n|rated|\n|rule|Species Clause: Limit one of each Pok\u00e9mon\n|rule|HP Percentage Mod: HP is shown in percentages\n|rule|Sleep Clause Mod: Limit one foe put to sleep\n|rule|Illusion Level Mod: Illusion disguises the Pok\u00e9mon's true level\n|\n|t:|1782847574\n|teamsize|p1|6\n|teamsize|p2|6\n|start\n|switch|p1a: Florges|Florges-Blue, L85, F|271/271\n|switch|p2a: Garchomp|Garchomp, L74, F|282/282\n|turn|1\n|\n|t:|1782847588\n|switch|p2a: Skuntank|Skuntank, L84, M|310/310\n|move|p1a: Florges|Calm Mind|p1a: Florges\n|-boost|p1a: Florges|spa|1\n|-boost|p1a: Florges|spd|1\n|\n|upkeep\n|turn|2\n|\n|t:|1782847604\n|-terastallize|p1a: Florges|Ground\n|move|p2a: Skuntank|Gunk Shot|p1a: Florges\n|-resisted|p1a: Florges\n|-damage|p1a: Florges|177/271\n|-damage|p2a: Skuntank|279/310|[from] item: Life Orb\n|move|p1a: Florges|Tera Blast|p2a: Skuntank|[anim] Tera Blast Ground\n|-supereffective|p2a: Skuntank\n|-damage|p2a: Skuntank|0 fnt\n|faint|p2a: Skuntank\n|\n|-heal|p1a: Florges|193/271|[from] item: Leftovers\n|upkeep\n|\n|t:|1782847632\n|switch|p2a: Pincurchin|Pincurchin, F|258/258\n|-fieldstart|move: Electric Terrain|[from] ability: Electric Surge|[of] p2a: Pincurchin\n|turn|3\n|\n|t:|1782847640\n|move|p1a: Florges|Tera Blast|p2a: Pincurchin|[anim] Tera Blast Ground\n|-supereffective|p2a: Pincurchin\n|-damage|p2a: Pincurchin|0 fnt\n|faint|p2a: Pincurchin\n|\n|-heal|p1a: Florges|209/271|[from] item: Leftovers\n|upkeep\n|c|\u2606tm0dre1|Dude what did you do\n|\n|t:|1782847650\n|switch|p2a: Chimecho|Chimecho, L93, F|290/290\n|turn|4\n|\n|t:|1782847658\n|move|p1a: Florges|Calm Mind|p1a: Florges\n|-boost|p1a: Florges|spa|1\n|-boost|p1a: Florges|spd|1\n|move|p2a: Chimecho|Encore|p1a: Florges\n|-start|p1a: Florges|Encore\n|\n|-heal|p1a: Florges|225/271|[from] item: Leftovers\n|upkeep\n|turn|5\n|inactive|Battle timer is ON: inactive players will automatically lose when time's up. (requested by tm0dre1)\n|\n|t:|1782847679\n|switch|p2a: Honchkrow|Honchkrow, L86, M|312/312\n|move|p1a: Florges|Calm Mind|p1a: Florges\n|-boost|p1a: Florges|spa|1\n|-boost|p1a: Florges|spd|1\n|\n|-heal|p1a: Florges|241/271|[from] item: Leftovers\n|upkeep\n|turn|6\n|\n|t:|1782847688\n|move|p1a: Florges|Calm Mind|p1a: Florges\n|-boost|p1a: Florges|spa|1\n|-boost|p1a: Florges|spd|1\n|move|p2a: Honchkrow|Brave Bird|p1a: Florges\n|-damage|p1a: Florges|42/271\n|-damage|p2a: Honchkrow|246/312|[from] Recoil\n|\n|-heal|p1a: Florges|58/271|[from] item: Leftovers\n|upkeep\n|turn|7\n|\n|t:|1782847702\n|move|p2a: Honchkrow|Sucker Punch||[still]\n|-fail|p2a: Honchkrow\n|move|p1a: Florges|Calm Mind|p1a: Florges\n|-boost|p1a: Florges|spa|1\n|-boost|p1a: Florges|spd|1\n|\n|-heal|p1a: Florges|74/271|[from] item: Leftovers\n|-end|p1a: Florges|Encore\n|-fieldend|move: Electric Terrain\n|upkeep\n|turn|8\n|\n|t:|1782847711\n|move|p2a: Honchkrow|Sucker Punch||[still]\n|-fail|p2a: Honchkrow\n|move|p1a: Florges|Synthesis|p1a: Florges\n|-heal|p1a: Florges|209/271\n|\n|-heal|p1a: Florges|225/271|[from] item: Leftovers\n|upkeep\n|turn|9\n|\n|t:|1782847718\n|move|p2a: Honchkrow|Sucker Punch|p1a: Florges\n|-damage|p1a: Florges|108/271\n|move|p1a: Florges|Moonblast|p2a: Honchkrow\n|-supereffective|p2a: Honchkrow\n|-damage|p2a: Honchkrow|0 fnt\n|faint|p2a: Honchkrow\n|\n|-heal|p1a: Florges|124/271|[from] item: Leftovers\n|upkeep\n|\n|t:|1782847728\n|switch|p2a: Garchomp|Garchomp, L74, F|282/282\n|turn|10\n|c|\u2606tm0dre1|Suckerpunch into ENCORED CALM MIND ARE YOU SLOW\n|\n|t:|1782847739\n|move|p2a: Garchomp|Outrage|p1a: Florges\n|-damage|p1a: Florges|0 fnt\n|faint|p1a: Florges\n|\n|upkeep\n|\n|t:|1782847750\n|switch|p1a: Keldeo|Keldeo-Resolute, L79|273/273\n|turn|11\n|\n|t:|1782847756\n|move|p1a: Keldeo|Substitute|p1a: Keldeo\n|-start|p1a: Keldeo|Substitute\n|-damage|p1a: Keldeo|205/273\n|move|p2a: Garchomp|Outrage|p1a: Keldeo|[from] lockedmove\n|-end|p1a: Keldeo|Substitute\n|\n|-heal|p1a: Keldeo|222/273|[from] item: Leftovers\n|upkeep\n|turn|12\n|\n|t:|1782847764\n|move|p1a: Keldeo|Substitute|p1a: Keldeo\n|-start|p1a: Keldeo|Substitute\n|-damage|p1a: Keldeo|154/273\n|move|p2a: Garchomp|Outrage|p1a: Keldeo|[from] lockedmove\n|-end|p1a: Keldeo|Substitute\n|-start|p2a: Garchomp|confusion|[fatigue]\n|\n|-heal|p1a: Keldeo|171/273|[from] item: Leftovers\n|upkeep\n|turn|13\n|\n|t:|1782847777\n|move|p1a: Keldeo|Surf|p2a: Garchomp\n|-crit|p2a: Garchomp\n|-damage|p2a: Garchomp|110/282\n|-activate|p2a: Garchomp|confusion\n|move|p2a: Garchomp|Dragon Tail|p1a: Keldeo\n|-damage|p1a: Keldeo|104/273\n|drag|p1a: Tentacruel|Tentacruel, L84, M|272/272\n|\n|upkeep\n|turn|14\n|\n|t:|1782847788\n|move|p1a: Tentacruel|Toxic|p2a: Garchomp\n|-status|p2a: Garchomp|tox\n|-activate|p2a: Garchomp|confusion\n|-damage|p2a: Garchomp|81/282 tox|[from] confusion\n|\n|-damage|p2a: Garchomp|64/282 tox|[from] psn\n|upkeep\n|turn|15\n|\n|t:|1782847796\n|move|p1a: Tentacruel|Rapid Spin|p2a: Garchomp\n|-damage|p2a: Garchomp|35/282 tox\n|-boost|p1a: Tentacruel|spe|1\n|-damage|p1a: Tentacruel|238/272|[from] ability: Rough Skin|[of] p2a: Garchomp\n|-damage|p1a: Tentacruel|193/272|[from] item: Rocky Helmet|[of] p2a: Garchomp\n|-activate|p2a: Garchomp|confusion\n|move|p2a: Garchomp|Earthquake|p1a: Tentacruel\n|-supereffective|p1a: Tentacruel\n|-damage|p1a: Tentacruel|0 fnt\n|faint|p1a: Tentacruel\n|\n|-damage|p2a: Garchomp|1/282 tox|[from] psn\n|upkeep\n|\n|t:|1782847809\n|switch|p1a: Seviper|Seviper, L93, M|287/287\n|turn|16\n|\n|t:|1782847813\n|-activate|p2a: Garchomp|confusion\n|move|p2a: Garchomp|Earthquake|p1a: Seviper\n|-supereffective|p1a: Seviper\n|-damage|p1a: Seviper|47/287\n|move|p1a: Seviper|Trailblaze|p2a: Garchomp\n|-damage|p2a: Garchomp|0 fnt\n|-boost|p1a: Seviper|spe|1\n|-damage|p1a: Seviper|12/287|[from] ability: Rough Skin|[of] p2a: Garchomp\n|-damage|p1a: Seviper|0 fnt|[from] item: Rocky Helmet|[of] p2a: Garchomp\n|faint|p2a: Garchomp\n|faint|p1a: Seviper\n|\n|upkeep\n|\n|t:|1782847826\n|switch|p2a: Mudsdale|Mudsdale, L83, F|302/302\n|switch|p1a: Keldeo|Keldeo-Resolute, L79|104/273\n|turn|17\n|\n|t:|1782847835\n|move|p1a: Keldeo|Surf|p2a: Mudsdale\n|-supereffective|p2a: Mudsdale\n|-damage|p2a: Mudsdale|86/302\n|-ability|p2a: Mudsdale|Stamina|boost\n|-boost|p2a: Mudsdale|def|1\n|move|p2a: Mudsdale|Roar|p1a: Keldeo\n|drag|p1a: Eiscue|Eiscue, L88, M|274/274\n|\n|-heal|p2a: Mudsdale|104/302|[from] item: Leftovers\n|upkeep\n|turn|18\n|\n|t:|1782847851\n|move|p1a: Eiscue|Ice Spinner|p2a: Mudsdale\n|-supereffective|p2a: Mudsdale\n|-damage|p2a: Mudsdale|2/302\n|-ability|p2a: Mudsdale|Stamina|boost\n|-boost|p2a: Mudsdale|def|1\n|move|p2a: Mudsdale|Heavy Slam|p1a: Eiscue\n|-activate|p1a: Eiscue|ability: Ice Face\n|-damage|p1a: Eiscue|274/274\n|detailschange|p1a: Eiscue|Eiscue-Noice, L88, M\n|\n|-heal|p2a: Mudsdale|20/302|[from] item: Leftovers\n|upkeep\n|turn|19\n|\n|t:|1782847864\n|-terastallize|p2a: Mudsdale|Steel\n|move|p1a: Eiscue|Ice Spinner|p2a: Mudsdale\n|-resisted|p2a: Mudsdale\n|-damage|p2a: Mudsdale|0 fnt\n|faint|p2a: Mudsdale\n|\n|upkeep\n|\n|t:|1782847871\n|switch|p2a: Chimecho|Chimecho, L93, F|290/290\n|turn|20\n|\n|t:|1782847875\n|move|p1a: Eiscue|Belly Drum|p1a: Eiscue\n|-damage|p1a: Eiscue|137/274\n|-setboost|p1a: Eiscue|atk|6|[from] move: Belly Drum\n|-enditem|p1a: Eiscue|Sitrus Berry|[eat]\n|-heal|p1a: Eiscue|205/274|[from] item: Sitrus Berry\n|move|p2a: Chimecho|Thunder Wave|p1a: Eiscue|[miss]\n|-miss|p2a: Chimecho|p1a: Eiscue\n|\n|upkeep\n|turn|21\n|\n|t:|1782847885\n|move|p1a: Eiscue|Ice Spinner|p2a: Chimecho\n|-damage|p2a: Chimecho|0 fnt\n|faint|p2a: Chimecho\n|\n|win|tm0dre1\n|raw|tm0dre1's rating: 1266 &rarr; <strong>1288</strong><br />(+22 for winning)\n|raw|DDPSupFan's rating: 1223 &rarr; <strong>1201</strong><br />(-22 for losing)\n", "inputlog": ">version f8ac14003a5f27e1bdc8d8c59608a773c1cb96e5\n>start {\"formatid\":\"gen9randombattle\",\"seed\":\"sodium,08d1ab1dc7ec10768c54213901b95b5c\",\"rated\":\"Rated battle\"}\n>player p1 {\"name\":\"tm0dre1\",\"avatar\":\"265\",\"rating\":1266,\"seed\":\"sodium,f8cfe269a252b3e765d671afeabe67a6\"}\n>player p2 {\"name\":\"DDPSupFan\",\"avatar\":\"266\",\"rating\":1223,\"seed\":\"sodium,bcf590457f585f9ac17b55e1b4169f08\"}\n>p1 move calmmind\n>p2 switch 3\n>p1 move terablast terastallize\n>p2 move gunkshot\n>p2 switch 2\n>p1 move terablast\n>p2 move scald\n>chat \u2606tm0dre1|Dude what did you do\n>p2 switch 4\n>p1 move calmmind\n>p2 move encore\n>p1 move calmmind\n>p2 switch 6\n>p1 move calmmind\n>p2 move bravebird\n>p1 move calmmind\n>p2 move suckerpunch\n>p1 move synthesis\n>p2 move suckerpunch\n>p1 move moonblast\n>p2 move suckerpunch\n>p2 switch 3\n>chat \u2606tm0dre1|Suckerpunch into ENCORED CALM MIND ARE YOU SLOW\n>p1 move moonblast\n>p2 move outrage\n>p1 switch 5\n>p1 move substitute\n>p2 move outrage\n>p1 move substitute\n>p2 move outrage\n>p1 move surf\n>p2 move dragontail\n>p1 move toxic\n>p2 move earthquake\n>p1 move rapidspin\n>p2 move earthquake\n>p1 switch 3\n>p1 move trailblaze\n>p2 move earthquake\n>p1 switch 2\n>p2 switch 5\n>p1 move surf\n>p2 move roar\n>p1 move icespinner\n>p2 move heavyslam\n>p1 move icespinner\n>p2 move heavyslam terastallize\n>p2 switch 6\n>p1 move bellydrum\n>p2 move thunderwave\n>p1 move icespinner\n>p2 move thunderwave", "uploadtime": 1782847890, "views": 5, "formatid": "gen9randombattle", "rating": 1201, "private": 0, "password": null, "player_dets": [{"name": "tm0dre1", "avatar": "265", "rating": 1266, "seed": "sodium,f8cfe269a252b3e765d671afeabe67a6"}, {"name": "DDPSupFan", "avatar": "266", "rating": 1223, "seed": "sodium,bcf590457f585f9ac17b55e1b4169f08"}], "teams_full": [{"Florges": {"name": "Florges", "species": "Florges-Blue", "speciesId": "florges", "gender": "F", "shiny": false, "level": 85, "moves": ["synthesis", "terablast", "moonblast", "calmmind"], "ability": "Flower Veil", "evs": {"hp": 85, "atk": 0, "def": 85, "spa": 85, "spd": 85, "spe": 85}, "ivs": {"hp": 31, "atk": 0, "def": 31, "spa": 31, "spd": 31, "spe": 31}, "item": "Leftovers", "teraType": "Ground", "role": "Tera Blast user", "bvs": {"hp": 78, "atk": 65, "def": 68, "spa": 112, "spd": 154, "spe": 75}, "stats": {"hp": 271, "atk": 115, "def": 164, "spa": 239, "spd": 311, "spe": 176}, "types": ["Fairy"]}, "Tentacruel": {"name": "Tentacruel", "species": "Tentacruel", "speciesId": "tentacruel", "gender": "M", "shiny": false, "level": 84, "moves": ["toxic", "rapidspin", "surf", "sludgebomb"], "ability": "Liquid Ooze", "evs": {"hp": 85, "atk": 85, "def": 85, "spa": 85, "spd": 85, "spe": 85}, "ivs": {"hp": 31, "atk": 31, "def": 31, "spa": 31, "spd": 31, "spe": 31}, "item": "Leftovers", "teraType": "Flying", "role": "Bulky Support", "bvs": {"hp": 80, "atk": 70, "def": 65, "spa": 80, "spd": 120, "spe": 100}, "stats": {"hp": 272, "atk": 166, "def": 157, "spa": 183, "spd": 250, "spe": 216}, "types": ["Water", "Poison"]}, "Seviper": {"name": "Seviper", "species": "Seviper", "speciesId": "seviper", "gender": "M", "shiny": false, "level": 93, "moves": ["earthquake", "swordsdance", "trailblaze", "gunkshot"], "ability": "Infiltrator", "evs": {"hp": 85, "atk": 85, "def": 85, "spa": 85, "spd": 85, "spe": 85}, "ivs": {"hp": 31, "atk": 31, "def": 31, "spa": 31, "spd": 31, "spe": 31}, "item": "Leftovers", "teraType": "Ground", "role": "Bulky Setup", "bvs": {"hp": 73, "atk": 100, "def": 60, "spa": 100, "spd": 60, "spe": 65}, "stats": {"hp": 287, "atk": 239, "def": 164, "spa": 239, "spd": 164, "spe": 174}, "types": ["Poison"]}, "Eiscue": {"name": "Eiscue", "species": "Eiscue", "speciesId": "eiscue", "gender": "M", "shiny": false, "level": 88, "moves": ["liquidation", "bellydrum", "ironhead", "icespinner"], "ability": "Ice Face", "evs": {"hp": 81, "atk": 85, "def": 85, "spa": 85, "spd": 85, "spe": 85}, "ivs": {"hp": 31, "atk": 31, "def": 31, "spa": 31, "spd": 31, "spe": 31}, "item": "Sitrus Berry", "teraType": "Water", "role": "Setup Sweeper", "bvs": {"hp": 75, "atk": 80, "def": 110, "spa": 65, "spd": 90, "spe": 50}, "stats": {"hp": 274, "atk": 191, "def": 244, "spa": 165, "spd": 209, "spe": 138}, "types": ["Ice"]}, "Keldeo": {"name": "Keldeo", "species": "Keldeo-Resolute", "speciesId": "keldeoresolute", "gender": "N", "shiny": false, "level": 79, "moves": ["surf", "calmmind", "secretsword", "substitute"], "ability": "Justified", "evs": {"hp": 85, "atk": 0, "def": 85, "spa": 85, "spd": 85, "spe": 85}, "ivs": {"hp": 31, "atk": 0, "def": 31, "spa": 31, "spd": 31, "spe": 31}, "item": "Leftovers", "teraType": "Steel", "role": "Bulky Setup", "bvs": {"hp": 91, "atk": 72, "def": 90, "spa": 129, "spd": 90, "spe": 108}, "stats": {"hp": 273, "atk": 118, "def": 188, "spa": 249, "spd": 188, "spe": 216}, "types": ["Water", "Fighting"]}, "Dachsbun": {"name": "Dachsbun", "species": "Dachsbun", "speciesId": "dachsbun", "gender": "F", "shiny": false, "level": 92, "moves": ["playrough", "bodypress", "protect", "wish"], "ability": "Well-Baked Body", "evs": {"hp": 85, "atk": 85, "def": 85, "spa": 85, "spd": 85, "spe": 85}, "ivs": {"hp": 31, "atk": 31, "def": 31, "spa": 31, "spd": 31, "spe": 31}, "item": "Leftovers", "teraType": "Steel", "role": "Bulky Support", "bvs": {"hp": 57, "atk": 80, "def": 115, "spa": 50, "spd": 80, "spe": 95}, "stats": {"hp": 254, "atk": 200, "def": 264, "spa": 144, "spd": 200, "spe": 227}, "types": ["Fairy"]}}, {"Garchomp": {"name": "Garchomp", "species": "Garchomp", "speciesId": "garchomp", "gender": "F", "shiny": false, "level": 74, "moves": ["outrage", "spikes", "dragontail", "earthquake"], "ability": "Rough Skin", "evs": {"hp": 85, "atk": 85, "def": 85, "spa": 85, "spd": 85, "spe": 85}, "ivs": {"hp": 31, "atk": 31, "def": 31, "spa": 31, "spd": 31, "spe": 31}, "item": "Rocky Helmet", "teraType": "Ground", "role": "Fast Support", "bvs": {"hp": 108, "atk": 130, "def": 95, "spa": 80, "spd": 85, "spe": 102}, "stats": {"hp": 282, "atk": 235, "def": 184, "spa": 161, "spd": 169, "spe": 194}, "types": ["Dragon", "Ground"]}, "Pincurchin": {"name": "Pincurchin", "species": "Pincurchin", "speciesId": "pincurchin", "gender": "F", "shiny": false, "level": 100, "moves": ["scald", "discharge", "spikes", "recover"], "ability": "Electric Surge", "evs": {"hp": 85, "atk": 0, "def": 85, "spa": 85, "spd": 85, "spe": 85}, "ivs": {"hp": 31, "atk": 0, "def": 31, "spa": 31, "spd": 31, "spe": 31}, "item": "Leftovers", "teraType": "Water", "role": "Bulky Attacker", "bvs": {"hp": 48, "atk": 101, "def": 95, "spa": 91, "spd": 85, "spe": 15}, "stats": {"hp": 258, "atk": 207, "def": 247, "spa": 239, "spd": 227, "spe": 87}, "types": ["Electric"]}, "Skuntank": {"name": "Skuntank", "species": "Skuntank", "speciesId": "skuntank", "gender": "M", "shiny": false, "level": 84, "moves": ["knockoff", "gunkshot", "suckerpunch", "taunt"], "ability": "Aftermath", "evs": {"hp": 85, "atk": 85, "def": 85, "spa": 85, "spd": 85, "spe": 85}, "ivs": {"hp": 31, "atk": 31, "def": 31, "spa": 31, "spd": 31, "spe": 31}, "item": "Life Orb", "teraType": "Dark", "role": "Fast Support", "bvs": {"hp": 103, "atk": 93, "def": 67, "spa": 71, "spd": 61, "spe": 84}, "stats": {"hp": 310, "atk": 204, "def": 161, "spa": 167, "spd": 151, "spe": 189}, "types": ["Poison", "Dark"]}, "Chimecho": {"name": "Chimecho", "species": "Chimecho", "speciesId": "chimecho", "gender": "F", "shiny": false, "level": 93, "moves": ["encore", "recover", "thunderwave", "psychicnoise"], "ability": "Levitate", "evs": {"hp": 85, "atk": 0, "def": 85, "spa": 85, "spd": 85, "spe": 85}, "ivs": {"hp": 31, "atk": 0, "def": 31, "spa": 31, "spd": 31, "spe": 31}, "item": "Leftovers", "teraType": "Electric", "role": "Bulky Support", "bvs": {"hp": 75, "atk": 50, "def": 80, "spa": 95, "spd": 90, "spe": 65}, "stats": {"hp": 290, "atk": 98, "def": 202, "spa": 230, "spd": 220, "spe": 174}, "types": ["Psychic"]}, "Mudsdale": {"name": "Mudsdale", "species": "Mudsdale", "speciesId": "mudsdale", "gender": "F", "shiny": false, "level": 83, "moves": ["roar", "stealthrock", "earthquake", "heavyslam"], "ability": "Stamina", "evs": {"hp": 85, "atk": 85, "def": 85, "spa": 85, "spd": 85, "spe": 85}, "ivs": {"hp": 31, "atk": 31, "def": 31, "spa": 31, "spd": 31, "spe": 31}, "item": "Leftovers", "teraType": "Steel", "role": "Bulky Attacker", "bvs": {"hp": 100, "atk": 125, "def": 100, "spa": 55, "spd": 85, "spe": 35}, "stats": {"hp": 302, "atk": 255, "def": 214, "spa": 139, "spd": 189, "spe": 106}, "types": ["Ground"]}, "Honchkrow": {"name": "Honchkrow", "species": "Honchkrow", "speciesId": "honchkrow", "gender": "M", "shiny": false, "level": 86, "moves": ["heatwave", "uturn", "suckerpunch", "bravebird"], "ability": "Moxie", "evs": {"hp": 85, "atk": 85, "def": 85, "spa": 85, "spd": 85, "spe": 85}, "ivs": {"hp": 31, "atk": 31, "def": 31, "spa": 31, "spd": 31, "spe": 31}, "item": "Heavy-Duty Boots", "teraType": "Dark", "role": "Fast Attacker", "bvs": {"hp": 100, "atk": 125, "def": 52, "spa": 105, "spd": 52, "spe": 71}, "stats": {"hp": 312, "atk": 264, "def": 139, "spa": 230, "spd": 139, "spe": 171}, "types": ["Dark", "Flying"]}}]}