{"id": "gen9randombattle-2642180787", "format": "[Gen 9] Random Battle", "players": ["archeokyogre64", "frorg"], "log": "|j|\u2606archeokyogre64\n|j|\u2606frorg\n|t:|1782906590\n|gametype|singles\n|player|p1|archeokyogre64|170|2062\n|player|p2|frorg|winona|2025\n|gen|9\n|tier|[Gen 9] Random Battle\n|rated|\n|rule|Species Clause: Limit one of each Pok\u00e9mon\n|rule|HP Percentage Mod: HP is shown in percentages\n|rule|Sleep Clause Mod: Limit one foe put to sleep\n|rule|Illusion Level Mod: Illusion disguises the Pok\u00e9mon's true level\n|\n|t:|1782906590\n|teamsize|p1|6\n|teamsize|p2|6\n|start\n|switch|p1a: Flutter Mane|Flutter Mane, L74|203/203\n|switch|p2a: Cinccino|Cinccino, L83, F|260/260\n|turn|1\n|inactive|Battle timer is ON: inactive players will automatically lose when time's up. (requested by archeokyogre64)\n|inactive|frorg has 120 seconds left.\n|\n|t:|1782906640\n|move|p1a: Flutter Mane|Moonblast|p2a: Cinccino\n|-damage|p2a: Cinccino|40/260\n|move|p2a: Cinccino|Triple Axel|p1a: Flutter Mane\n|-damage|p1a: Flutter Mane|171/203\n|-damage|p1a: Flutter Mane|109/203\n|-damage|p1a: Flutter Mane|10/203\n|-hitcount|p1a: Flutter Mane|3\n|\n|upkeep\n|turn|2\n|\n|t:|1782906650\n|switch|p2a: Piloswine|Piloswine, L85, F|309/309\n|move|p1a: Flutter Mane|Moonblast|p2a: Piloswine\n|-damage|p2a: Piloswine|179/309\n|\n|upkeep\n|turn|3\n|\n|t:|1782906654\n|-end|p1a: Flutter Mane|Protosynthesis|[silent]\n|switch|p1a: Azumarill|Azumarill, L82, M|298/298\n|move|p2a: Piloswine|Ice Shard|p1a: Azumarill\n|-resisted|p1a: Azumarill\n|-damage|p1a: Azumarill|271/298\n|\n|upkeep\n|turn|4\n|\n|t:|1782906661\n|switch|p2a: Gyarados|Gyarados, L79, F|280/280\n|move|p1a: Azumarill|Liquidation|p2a: Gyarados\n|-resisted|p2a: Gyarados\n|-crit|p2a: Gyarados\n|-damage|p2a: Gyarados|136/280\n|\n|upkeep\n|turn|5\n|\n|t:|1782906690\n|move|p2a: Gyarados|Earthquake|p1a: Azumarill\n|-damage|p1a: Azumarill|183/298\n|move|p1a: Azumarill|Liquidation|p2a: Gyarados\n|-resisted|p2a: Gyarados\n|-crit|p2a: Gyarados\n|-damage|p2a: Gyarados|2/280\n|\n|upkeep\n|turn|6\n|inactive|frorg has 120 seconds left.\n|\n|t:|1782906709\n|switch|p1a: Kricketune|Kricketune, L99, M|312/312\n|move|p2a: Gyarados|Earthquake|p1a: Kricketune\n|-resisted|p1a: Kricketune\n|-damage|p1a: Kricketune|266/312\n|\n|upkeep\n|turn|7\n|inactive|frorg has 120 seconds left.\n|\n|t:|1782906719\n|move|p1a: Kricketune|Sticky Web|p2a: Gyarados\n|-sidestart|p2: frorg|move: Sticky Web\n|move|p2a: Gyarados|Stone Edge|p1a: Kricketune\n|-supereffective|p1a: Kricketune\n|-damage|p1a: Kricketune|74/312\n|\n|upkeep\n|turn|8\n|\n|t:|1782906727\n|move|p1a: Kricketune|Knock Off|p2a: Gyarados\n|-damage|p2a: Gyarados|0 fnt\n|-enditem|p2a: Gyarados|Heavy-Duty Boots|[from] move: Knock Off|[of] p1a: Kricketune\n|faint|p2a: Gyarados\n|\n|upkeep\n|inactive|frorg has 120 seconds left.\n|\n|t:|1782906757\n|switch|p2a: Rhydon|Rhydon, L85, F|317/317\n|-activate|p2a: Rhydon|move: Sticky Web\n|-unboost|p2a: Rhydon|spe|1\n|turn|9\n|\n|t:|1782906761\n|move|p1a: Kricketune|Knock Off|p2a: Rhydon\n|-damage|p2a: Rhydon|268/317\n|-enditem|p2a: Rhydon|Eviolite|[from] move: Knock Off|[of] p1a: Kricketune\n|move|p2a: Rhydon|Stealth Rock|p1a: Kricketune\n|-sidestart|p1: archeokyogre64|move: Stealth Rock\n|\n|upkeep\n|turn|10\n|inactive|frorg has 120 seconds left.\n|\n|t:|1782906771\n|move|p1a: Kricketune|Knock Off|p2a: Rhydon\n|-damage|p2a: Rhydon|226/317\n|move|p2a: Rhydon|Earthquake|p1a: Kricketune\n|-resisted|p1a: Kricketune\n|-damage|p1a: Kricketune|0 fnt\n|faint|p1a: Kricketune\n|\n|upkeep\n|\n|t:|1782906785\n|switch|p1a: Azumarill|Azumarill, L82, M|183/298\n|-damage|p1a: Azumarill|146/298|[from] Stealth Rock\n|turn|11\n|\n|t:|1782906799\n|move|p1a: Azumarill|Liquidation|p2a: Rhydon\n|-supereffective|p2a: Rhydon\n|-damage|p2a: Rhydon|0 fnt\n|faint|p2a: Rhydon\n|\n|upkeep\n|inactive|frorg has 120 seconds left.\n|\n|t:|1782906810\n|switch|p2a: Pawmot|Pawmot, L80, F|243/243\n|-activate|p2a: Pawmot|move: Sticky Web\n|-unboost|p2a: Pawmot|spe|1\n|turn|12\n|inactive|frorg has 120 seconds left.\n|\n|t:|1782906823\n|switch|p1a: Flutter Mane|Flutter Mane, L74|10/203\n|-damage|p1a: Flutter Mane|0 fnt|[from] Stealth Rock\n|faint|p1a: Flutter Mane\n|-end|p1a: Flutter Mane|Protosynthesis|[silent]\n|move|p2a: Pawmot|Double Shock|p1: Flutter Mane|[notarget]\n|-fail|p2a: Pawmot\n|\n|upkeep\n|\n|t:|1782906830\n|switch|p1a: Pelipper|Pelipper, L86, F|243/243\n|-damage|p1a: Pelipper|183/243|[from] Stealth Rock\n|-weather|RainDance|[from] ability: Drizzle|[of] p1a: Pelipper\n|turn|13\n|\n|t:|1782906844\n|switch|p2a: Lanturn|Lanturn, L89, M|367/367\n|-activate|p2a: Lanturn|move: Sticky Web\n|-unboost|p2a: Lanturn|spe|1\n|move|p1a: Pelipper|Hurricane|p2a: Lanturn\n|-resisted|p2a: Lanturn\n|-damage|p2a: Lanturn|273/367\n|-start|p2a: Lanturn|confusion\n|\n|-weather|RainDance|[upkeep]\n|-heal|p2a: Lanturn|295/367|[from] item: Leftovers\n|upkeep\n|turn|14\n|inactive|frorg has 120 seconds left.\n|\n|t:|1782906871\n|switch|p1a: Snorlax|Snorlax, L82, M|397/397\n|-damage|p1a: Snorlax|348/397|[from] Stealth Rock\n|-activate|p2a: Lanturn|confusion\n|-damage|p2a: Lanturn|277/367|[from] confusion\n|\n|-weather|RainDance|[upkeep]\n|-heal|p2a: Lanturn|299/367|[from] item: Leftovers\n|-heal|p1a: Snorlax|372/397|[from] item: Leftovers\n|upkeep\n|turn|15\n|\n|t:|1782906884\n|switch|p2a: Piloswine|Piloswine, L85, F|179/309\n|-activate|p2a: Piloswine|move: Sticky Web\n|-unboost|p2a: Piloswine|spe|1\n|move|p1a: Snorlax|Curse|p1a: Snorlax\n|-unboost|p1a: Snorlax|spe|1\n|-boost|p1a: Snorlax|atk|1\n|-boost|p1a: Snorlax|def|1\n|\n|-weather|RainDance|[upkeep]\n|-heal|p1a: Snorlax|396/397|[from] item: Leftovers\n|upkeep\n|turn|16\n|\n|t:|1782906890\n|move|p1a: Snorlax|Body Slam|p2a: Piloswine\n|-damage|p2a: Piloswine|71/309\n|move|p2a: Piloswine|Roar|p1a: Snorlax\n|drag|p1a: Ditto|Ditto, L87|225/225\n|-damage|p1a: Ditto|197/225|[from] Stealth Rock\n|-transform|p1a: Ditto|p2a: Piloswine|[from] ability: Imposter\n|\n|-weather|RainDance|[upkeep]\n|upkeep\n|turn|17\n|inactive|frorg has 120 seconds left.\n|\n|t:|1782906914\n|move|p1a: Ditto|Earthquake|p2a: Piloswine\n|-damage|p2a: Piloswine|0 fnt\n|faint|p2a: Piloswine\n|\n|-weather|none\n|upkeep\n|\n|t:|1782906931\n|switch|p2a: Cinccino|Cinccino, L83, F|40/260\n|-activate|p2a: Cinccino|move: Sticky Web\n|-unboost|p2a: Cinccino|spe|1\n|turn|18\n|\n|t:|1782906936\n|move|p2a: Cinccino|Bullet Seed|p1a: Ditto\n|-supereffective|p1a: Ditto\n|-damage|p1a: Ditto|147/225\n|-supereffective|p1a: Ditto\n|-damage|p1a: Ditto|93/225\n|-supereffective|p1a: Ditto\n|-damage|p1a: Ditto|43/225\n|-supereffective|p1a: Ditto\n|-damage|p1a: Ditto|0 fnt\n|faint|p1a: Ditto\n|-hitcount|p1: Ditto|4\n|\n|upkeep\n|\n|t:|1782906942\n|switch|p1a: Azumarill|Azumarill, L82, M|146/298\n|-damage|p1a: Azumarill|109/298|[from] Stealth Rock\n|turn|19\n|\n|t:|1782906959\n|switch|p2a: Lanturn|Lanturn, L89, M|299/367\n|-activate|p2a: Lanturn|move: Sticky Web\n|-unboost|p2a: Lanturn|spe|1\n|move|p1a: Azumarill|Aqua Jet|p2a: Lanturn\n|-resisted|p2a: Lanturn\n|-damage|p2a: Lanturn|252/367\n|\n|-heal|p2a: Lanturn|274/367|[from] item: Leftovers\n|upkeep\n|turn|20\n|\n|t:|1782906978\n|switch|p1a: Snorlax|Snorlax, L82, M|396/397\n|-damage|p1a: Snorlax|347/397|[from] Stealth Rock\n|move|p2a: Lanturn|Scald|p1a: Snorlax\n|-crit|p1a: Snorlax\n|-damage|p1a: Snorlax|250/397\n|\n|-heal|p2a: Lanturn|296/367|[from] item: Leftovers\n|-heal|p1a: Snorlax|274/397|[from] item: Leftovers\n|upkeep\n|turn|21\n|\n|t:|1782906994\n|switch|p2a: Pawmot|Pawmot, L80, F|243/243\n|-activate|p2a: Pawmot|move: Sticky Web\n|-unboost|p2a: Pawmot|spe|1\n|move|p1a: Snorlax|Curse|p1a: Snorlax\n|-unboost|p1a: Snorlax|spe|1\n|-boost|p1a: Snorlax|atk|1\n|-boost|p1a: Snorlax|def|1\n|\n|-heal|p1a: Snorlax|298/397|[from] item: Leftovers\n|upkeep\n|turn|22\n|inactive|frorg has 90 seconds left.\n|\n|t:|1782907030\n|-terastallize|p1a: Snorlax|Fairy\n|move|p2a: Pawmot|Close Combat|p1a: Snorlax\n|-resisted|p1a: Snorlax\n|-damage|p1a: Snorlax|228/397\n|-unboost|p2a: Pawmot|def|1\n|-unboost|p2a: Pawmot|spd|1\n|-damage|p2a: Pawmot|219/243|[from] item: Life Orb\n|move|p1a: Snorlax|Curse|p1a: Snorlax\n|-unboost|p1a: Snorlax|spe|1\n|-boost|p1a: Snorlax|atk|1\n|-boost|p1a: Snorlax|def|1\n|\n|-heal|p1a: Snorlax|252/397|[from] item: Leftovers\n|upkeep\n|turn|23\n|inactive|frorg has 60 seconds left.\n|\n|t:|1782907076\n|move|p2a: Pawmot|Revival Blessing|p2a: Pawmot\n|\n|t:|1782907080\n|-heal|p2: Piloswine|154/309|[from] move: Revival Blessing\n|move|p1a: Snorlax|Curse|p1a: Snorlax\n|-unboost|p1a: Snorlax|spe|1\n|-boost|p1a: Snorlax|atk|1\n|-boost|p1a: Snorlax|def|1\n|\n|-heal|p1a: Snorlax|276/397|[from] item: Leftovers\n|upkeep\n|turn|24\n|inactive|frorg has 30 seconds left.\n|inactive|frorg has 20 seconds left.\n|inactive|frorg has 15 seconds left.\n|inactive|frorg has 10 seconds left.\n|inactive|frorg has 5 seconds left.\n|\n|t:|1782907127\n|-terastallize|p2a: Pawmot|Electric\n|move|p2a: Pawmot|Double Shock|p1a: Snorlax\n|-damage|p1a: Snorlax|159/397\n|-start|p2a: Pawmot|typechange|Electric|[from] move: Double Shock\n|-damage|p2a: Pawmot|195/243|[from] item: Life Orb\n|move|p1a: Snorlax|Curse|p1a: Snorlax\n|-unboost|p1a: Snorlax|spe|1\n|-boost|p1a: Snorlax|atk|1\n|-boost|p1a: Snorlax|def|1\n|\n|-heal|p1a: Snorlax|183/397|[from] item: Leftovers\n|upkeep\n|turn|25\n|inactive|frorg has 15 seconds left this turn.\n|inactive|frorg has 10 seconds left.\n|\n|t:|1782907134\n|move|p2a: Pawmot|Double Shock|p1a: Snorlax\n|-damage|p1a: Snorlax|76/397\n|-start|p2a: Pawmot|typechange|Electric|[from] move: Double Shock\n|-damage|p2a: Pawmot|171/243|[from] item: Life Orb\n|move|p1a: Snorlax|Body Slam|p2a: Pawmot\n|-damage|p2a: Pawmot|0 fnt\n|faint|p2a: Pawmot\n|\n|-heal|p1a: Snorlax|100/397|[from] item: Leftovers\n|upkeep\n|inactive|frorg has 15 seconds left this turn.\n|inactive|frorg has 10 seconds left.\n|\n|t:|1782907142\n|switch|p2a: Lanturn|Lanturn, L89, M|296/367\n|-activate|p2a: Lanturn|move: Sticky Web\n|-unboost|p2a: Lanturn|spe|1\n|turn|26\n|inactive|frorg has 20 seconds left this turn.\n|inactive|frorg has 15 seconds left.\n|\n|t:|1782907149\n|move|p2a: Lanturn|Thunderbolt|p1a: Snorlax\n|-damage|p1a: Snorlax|18/397\n|move|p1a: Snorlax|Rest|p1a: Snorlax\n|-status|p1a: Snorlax|slp|[from] move: Rest\n|-heal|p1a: Snorlax|397/397 slp|[silent]\n|\n|-heal|p2a: Lanturn|318/367|[from] item: Leftovers\n|upkeep\n|turn|27\n|inactive|frorg has 25 seconds left this turn.\n|inactive|frorg has 20 seconds left.\n|\n|t:|1782907155\n|switch|p2a: Piloswine|Piloswine, L85, F|154/309\n|-activate|p2a: Piloswine|move: Sticky Web\n|-unboost|p2a: Piloswine|spe|1\n|cant|p1a: Snorlax|slp\n|move|p1a: Snorlax|Sleep Talk|p1a: Snorlax\n|move|p1a: Snorlax|Rest||[from] move: Sleep Talk|[still]\n|-fail|p1a: Snorlax\n|\n|upkeep\n|turn|28\n|inactive|frorg has 30 seconds left this turn.\n|\n|t:|1782907158\n|cant|p1a: Snorlax|slp\n|move|p1a: Snorlax|Sleep Talk|p1a: Snorlax\n|move|p1a: Snorlax|Rest||[from] move: Sleep Talk|[still]\n|-fail|p1a: Snorlax\n|move|p2a: Piloswine|Roar|p1a: Snorlax\n|drag|p1a: Azumarill|Azumarill, L82, M|109/298\n|-damage|p1a: Azumarill|72/298|[from] Stealth Rock\n|\n|upkeep\n|turn|29\n|\n|t:|1782907167\n|switch|p2a: Lanturn|Lanturn, L89, M|318/367\n|-activate|p2a: Lanturn|move: Sticky Web\n|-unboost|p2a: Lanturn|spe|1\n|move|p1a: Azumarill|Play Rough|p2a: Lanturn\n|-damage|p2a: Lanturn|117/367\n|\n|-heal|p2a: Lanturn|139/367|[from] item: Leftovers\n|upkeep\n|turn|30\n|\n|t:|1782907173\n|move|p1a: Azumarill|Play Rough|p2a: Lanturn\n|-damage|p2a: Lanturn|0 fnt\n|faint|p2a: Lanturn\n|\n|upkeep\n|-message|frorg forfeited.\n|\n|win|archeokyogre64\n|raw|archeokyogre64's rating: 2062 &rarr; <strong>2080</strong><br />(+18 for winning)\n|raw|frorg's rating: 2025 &rarr; <strong>2007</strong><br />(-18 for losing)\n", "inputlog": ">version f8ac14003a5f27e1bdc8d8c59608a773c1cb96e5\n>start {\"formatid\":\"gen9randombattle\",\"seed\":\"sodium,911c0967025d19963175543a1fdbad9e\",\"rated\":\"Rated battle\"}\n>player p1 {\"name\":\"archeokyogre64\",\"avatar\":\"170\",\"rating\":2062,\"seed\":\"sodium,182cfe47f4f9c1dc2e421c99720e6469\"}\n>player p2 {\"name\":\"frorg\",\"avatar\":\"winona\",\"rating\":2025,\"seed\":\"sodium,84de8c77755da971e0c338e6ad49f6ce\"}\n>p1 move moonblast\n>p2 move tripleaxel\n>p1 move moonblast\n>p2 switch 4\n>p1 switch 4\n>p2 move iceshard\n>p1 move liquidation\n>p2 switch 6\n>p1 move liquidation\n>p2 move earthquake\n>p1 switch 3\n>p2 move earthquake\n>p1 move stickyweb\n>p2 move stoneedge\n>p1 move knockoff\n>p2 move dragondance\n>p2 switch 2\n>p1 move knockoff\n>p2 move stealthrock\n>p1 move knockoff\n>p2 move earthquake\n>p1 switch 3\n>p1 move liquidation\n>p2 move earthquake\n>p2 switch 5\n>p1 switch 4\n>p2 move doubleshock\n>p1 switch 2\n>p1 move hurricane\n>p2 switch 3\n>p1 switch 6\n>p2 move thunderbolt\n>p1 move curse\n>p2 switch 6\n>p1 move bodyslam\n>p2 move roar\n>p1 move earthquake\n>p2 move earthquake\n>p2 switch 4\n>p1 move earthquake\n>p2 move bulletseed\n>p1 switch 4\n>p1 move aquajet\n>p2 switch 6\n>p1 switch 5\n>p2 move scald\n>p1 move curse\n>p2 switch 3\n>p1 move curse terastallize\n>p2 move closecombat\n>p1 move curse\n>p2 move revivalblessing\n>p2 switch 4\n>p1 move curse\n>p2 move doubleshock terastallize\n>p1 move bodyslam\n>p2 move doubleshock\n>p2 switch 3\n>p1 move rest\n>p2 move thunderbolt\n>p1 move sleeptalk\n>p2 switch 4\n>p1 move sleeptalk\n>p2 move roar\n>p1 move playrough\n>p2 switch 4\n>p1 move playrough\n>p2 move thunderbolt\n>forcelose p2", "uploadtime": 1782907177, "views": 3, "formatid": "gen9randombattle", "rating": 2007, "private": 0, "password": null, "player_dets": [{"name": "archeokyogre64", "avatar": "170", "rating": 2062, "seed": "sodium,182cfe47f4f9c1dc2e421c99720e6469"}, {"name": "frorg", "avatar": "winona", "rating": 2025, "seed": "sodium,84de8c77755da971e0c338e6ad49f6ce"}], "teams_full": [{"Flutter Mane": {"name": "Flutter Mane", "species": "Flutter Mane", "speciesId": "fluttermane", "gender": "N", "shiny": false, "level": 74, "moves": ["moonblast", "psyshock", "shadowball", "mysticalfire"], "ability": "Protosynthesis", "evs": {"hp": 85, "atk": 0, "def": 85, "spa": 85, "spd": 85, "spe": 85}, "ivs": {"hp": 31, "atk": 0, "def": 31, "spa": 31, "spd": 31, "spe": 31}, "item": "Choice Specs", "teraType": "Fairy", "role": "Wallbreaker", "bvs": {"hp": 55, "atk": 55, "def": 55, "spa": 135, "spd": 135, "spe": 135}, "stats": {"hp": 203, "atk": 86, "def": 124, "spa": 243, "spd": 243, "spe": 243}, "types": ["Ghost", "Fairy"]}, "Pelipper": {"name": "Pelipper", "species": "Pelipper", "speciesId": "pelipper", "gender": "F", "shiny": false, "level": 86, "moves": ["weatherball", "hurricane", "hydropump", "uturn"], "ability": "Drizzle", "evs": {"hp": 85, "atk": 85, "def": 85, "spa": 85, "spd": 85, "spe": 85}, "ivs": {"hp": 31, "atk": 31, "def": 31, "spa": 31, "spd": 31, "spe": 31}, "item": "Choice Specs", "teraType": "Water", "role": "Wallbreaker", "bvs": {"hp": 60, "atk": 50, "def": 100, "spa": 95, "spd": 70, "spe": 65}, "stats": {"hp": 243, "atk": 135, "def": 221, "spa": 213, "spd": 170, "spe": 161}, "types": ["Water", "Flying"]}, "Kricketune": {"name": "Kricketune", "species": "Kricketune", "speciesId": "kricketune", "gender": "M", "shiny": false, "level": 99, "moves": ["pounce", "taunt", "stickyweb", "knockoff"], "ability": "Technician", "evs": {"hp": 85, "atk": 85, "def": 85, "spa": 85, "spd": 85, "spe": 85}, "ivs": {"hp": 31, "atk": 31, "def": 31, "spa": 31, "spd": 31, "spe": 31}, "item": "Heavy-Duty Boots", "teraType": "Ghost", "role": "Fast Support", "bvs": {"hp": 77, "atk": 85, "def": 51, "spa": 55, "spd": 51, "spe": 65}, "stats": {"hp": 312, "atk": 224, "def": 157, "spa": 165, "spd": 157, "spe": 185}, "types": ["Bug"]}, "Azumarill": {"name": "Azumarill", "species": "Azumarill", "speciesId": "azumarill", "gender": "M", "shiny": false, "level": 82, "moves": ["aquajet", "icespinner", "playrough", "liquidation"], "ability": "Huge Power", "evs": {"hp": 85, "atk": 85, "def": 85, "spa": 85, "spd": 85, "spe": 85}, "ivs": {"hp": 31, "atk": 31, "def": 31, "spa": 31, "spd": 31, "spe": 31}, "item": "Choice Band", "teraType": "Water", "role": "Bulky Attacker", "bvs": {"hp": 100, "atk": 50, "def": 80, "spa": 60, "spd": 80, "spe": 50}, "stats": {"hp": 298, "atk": 129, "def": 178, "spa": 146, "spd": 178, "spe": 129}, "types": ["Water", "Fairy"]}, "Ditto": {"name": "Ditto", "species": "Ditto", "speciesId": "ditto", "gender": "N", "shiny": false, "level": 87, "moves": ["transform"], "ability": "Imposter", "evs": {"hp": 85, "atk": 85, "def": 85, "spa": 85, "spd": 85, "spe": 85}, "ivs": {"hp": 31, "atk": 31, "def": 31, "spa": 31, "spd": 31, "spe": 31}, "item": "Choice Scarf", "teraType": "Ghost", "role": "Fast Support", "bvs": {"hp": 48, "atk": 48, "def": 48, "spa": 48, "spd": 48, "spe": 48}, "stats": {"hp": 225, "atk": 133, "def": 133, "spa": 133, "spd": 133, "spe": 133}, "types": ["Normal"]}, "Snorlax": {"name": "Snorlax", "species": "Snorlax", "speciesId": "snorlax", "gender": "M", "shiny": false, "level": 82, "moves": ["bodyslam", "rest", "curse", "sleeptalk"], "ability": "Thick Fat", "evs": {"hp": 85, "atk": 85, "def": 85, "spa": 85, "spd": 85, "spe": 85}, "ivs": {"hp": 31, "atk": 31, "def": 31, "spa": 31, "spd": 31, "spe": 31}, "item": "Leftovers", "teraType": "Fairy", "role": "Bulky Attacker", "bvs": {"hp": 160, "atk": 110, "def": 65, "spa": 65, "spd": 110, "spe": 30}, "stats": {"hp": 397, "atk": 228, "def": 154, "spa": 154, "spd": 228, "spe": 96}, "types": ["Normal"]}}, {"Cinccino": {"name": "Cinccino", "species": "Cinccino", "speciesId": "cinccino", "gender": "F", "shiny": false, "level": 83, "moves": ["bulletseed", "tripleaxel", "uturn", "tailslap"], "ability": "Technician", "evs": {"hp": 85, "atk": 85, "def": 85, "spa": 85, "spd": 85, "spe": 85}, "ivs": {"hp": 31, "atk": 31, "def": 31, "spa": 31, "spd": 31, "spe": 31}, "item": "Loaded Dice", "teraType": "Normal", "role": "Fast Attacker", "bvs": {"hp": 75, "atk": 95, "def": 60, "spa": 65, "spd": 60, "spe": 115}, "stats": {"hp": 260, "atk": 205, "def": 147, "spa": 156, "spd": 147, "spe": 239}, "types": ["Normal"]}, "Rhydon": {"name": "Rhydon", "species": "Rhydon", "speciesId": "rhydon", "gender": "F", "shiny": false, "level": 85, "moves": ["stoneedge", "earthquake", "stealthrock", "megahorn"], "ability": "Lightning Rod", "evs": {"hp": 85, "atk": 85, "def": 85, "spa": 85, "spd": 85, "spe": 85}, "ivs": {"hp": 31, "atk": 31, "def": 31, "spa": 31, "spd": 31, "spe": 31}, "item": "Eviolite", "teraType": "Fairy", "role": "Bulky Attacker", "bvs": {"hp": 105, "atk": 130, "def": 120, "spa": 45, "spd": 45, "spe": 40}, "stats": {"hp": 317, "atk": 270, "def": 253, "spa": 125, "spd": 125, "spe": 117}, "types": ["Ground", "Rock"]}, "Lanturn": {"name": "Lanturn", "species": "Lanturn", "speciesId": "lanturn", "gender": "M", "shiny": false, "level": 89, "moves": ["thunderbolt", "scald", "thunderwave", "icebeam"], "ability": "Volt Absorb", "evs": {"hp": 85, "atk": 0, "def": 85, "spa": 85, "spd": 85, "spe": 85}, "ivs": {"hp": 31, "atk": 0, "def": 31, "spa": 31, "spd": 31, "spe": 31}, "item": "Leftovers", "teraType": "Flying", "role": "Bulky Attacker", "bvs": {"hp": 125, "atk": 58, "def": 58, "spa": 76, "spd": 76, "spe": 67}, "stats": {"hp": 367, "atk": 108, "def": 154, "spa": 186, "spd": 186, "spe": 170}, "types": ["Water", "Electric"]}, "Piloswine": {"name": "Piloswine", "species": "Piloswine", "speciesId": "piloswine", "gender": "F", "shiny": false, "level": 85, "moves": ["roar", "iceshard", "iciclecrash", "earthquake"], "ability": "Thick Fat", "evs": {"hp": 85, "atk": 85, "def": 85, "spa": 85, "spd": 85, "spe": 85}, "ivs": {"hp": 31, "atk": 31, "def": 31, "spa": 31, "spd": 31, "spe": 31}, "item": "Eviolite", "teraType": "Poison", "role": "Bulky Support", "bvs": {"hp": 100, "atk": 100, "def": 80, "spa": 60, "spd": 60, "spe": 50}, "stats": {"hp": 309, "atk": 219, "def": 185, "spa": 151, "spd": 151, "spe": 134}, "types": ["Ice", "Ground"]}, "Pawmot": {"name": "Pawmot", "species": "Pawmot", "speciesId": "pawmot", "gender": "F", "shiny": false, "level": 80, "moves": ["doubleshock", "closecombat", "icepunch", "revivalblessing"], "ability": "Iron Fist", "evs": {"hp": 85, "atk": 85, "def": 85, "spa": 85, "spd": 85, "spe": 85}, "ivs": {"hp": 31, "atk": 31, "def": 31, "spa": 31, "spd": 31, "spe": 31}, "item": "Life Orb", "teraType": "Electric", "role": "Wallbreaker", "bvs": {"hp": 70, "atk": 115, "def": 70, "spa": 70, "spd": 60, "spe": 105}, "stats": {"hp": 243, "atk": 230, "def": 158, "spa": 158, "spd": 142, "spe": 214}, "types": ["Electric", "Fighting"]}, "Gyarados": {"name": "Gyarados", "species": "Gyarados", "speciesId": "gyarados", "gender": "F", "shiny": false, "level": 79, "moves": ["stoneedge", "waterfall", "earthquake", "dragondance"], "ability": "Moxie", "evs": {"hp": 85, "atk": 85, "def": 85, "spa": 85, "spd": 85, "spe": 85}, "ivs": {"hp": 31, "atk": 31, "def": 31, "spa": 31, "spd": 31, "spe": 31}, "item": "Heavy-Duty Boots", "teraType": "Ground", "role": "Setup Sweeper", "bvs": {"hp": 95, "atk": 125, "def": 79, "spa": 60, "spd": 100, "spe": 81}, "stats": {"hp": 280, "atk": 243, "def": 170, "spa": 140, "spd": 204, "spe": 174}, "types": ["Water", "Flying"]}}]}