{"id": "gen9randombattle-2642093195", "format": "[Gen 9] Random Battle", "players": ["gsrq", "jnpr010334"], "log": "|j|\u2606gsrq\n|j|\u2606jnpr010334\n|t:|1782888380\n|gametype|singles\n|player|p1|gsrq|265|1964\n|player|p2|jnpr010334|265|1976\n|gen|9\n|tier|[Gen 9] Random Battle\n|rated|\n|rule|Species Clause: Limit one of each Pok\u00e9mon\n|rule|HP Percentage Mod: HP is shown in percentages\n|rule|Sleep Clause Mod: Limit one foe put to sleep\n|rule|Illusion Level Mod: Illusion disguises the Pok\u00e9mon's true level\n|\n|t:|1782888380\n|teamsize|p1|6\n|teamsize|p2|6\n|start\n|switch|p1a: Hitmonchan|Hitmonchan, L87, M|229/229\n|switch|p2a: Indeedee|Indeedee-F, L90, F|272/272\n|-fieldstart|move: Psychic Terrain|[from] ability: Psychic Surge|[of] p2a: Indeedee\n|turn|1\n|inactive|Battle timer is ON: inactive players will automatically lose when time's up. (requested by jnpr010334)\n|\n|t:|1782888401\n|switch|p1a: Jirachi|Jirachi, L80|291/291\n|-terastallize|p2a: Indeedee|Psychic\n|move|p2a: Indeedee|Psychic|p1a: Jirachi\n|-resisted|p1a: Jirachi\n|-damage|p1a: Jirachi|246/291\n|\n|-heal|p1a: Jirachi|264/291|[from] item: Leftovers\n|upkeep\n|turn|2\n|\n|t:|1782888412\n|switch|p2a: Iron Treads|Iron Treads, L77|265/265\n|move|p1a: Jirachi|Stealth Rock|p2a: Iron Treads\n|-sidestart|p2: jnpr010334|move: Stealth Rock\n|\n|-heal|p1a: Jirachi|282/291|[from] item: Leftovers\n|upkeep\n|turn|3\n|\n|t:|1782888422\n|switch|p1a: Eelektross|Eelektross, L87, M|290/290\n|move|p2a: Iron Treads|Rapid Spin|p1a: Eelektross\n|-damage|p1a: Eelektross|257/290\n|-boost|p2a: Iron Treads|spe|1\n|-sideend|p2: jnpr010334|Stealth Rock|[from] move: Rapid Spin|[of] p2a: Iron Treads\n|\n|upkeep\n|turn|4\n|\n|t:|1782888432\n|move|p2a: Iron Treads|Earthquake|p1a: Eelektross\n|-immune|p1a: Eelektross|[from] ability: Levitate\n|move|p1a: Eelektross|Knock Off|p2a: Iron Treads\n|-damage|p2a: Iron Treads|189/265\n|-enditem|p2a: Iron Treads|Assault Vest|[from] move: Knock Off|[of] p1a: Eelektross\n|\n|upkeep\n|turn|5\n|\n|t:|1782888440\n|move|p2a: Iron Treads|Volt Switch|p1a: Eelektross\n|-resisted|p1a: Eelektross\n|-damage|p1a: Eelektross|245/290\n|\n|t:|1782888443\n|-end|p2a: Iron Treads|Quark Drive|[silent]\n|switch|p2a: Magearna|Magearna, L77|250/250|[from] Volt Switch\n|move|p1a: Eelektross|Flamethrower|p2a: Magearna\n|-supereffective|p2a: Magearna\n|-damage|p2a: Magearna|122/250\n|-status|p2a: Magearna|brn\n|\n|-heal|p2a: Magearna|137/250 brn|[from] item: Leftovers\n|-damage|p2a: Magearna|122/250 brn|[from] brn\n|-fieldend|move: Psychic Terrain\n|upkeep\n|turn|6\n|\n|t:|1782888462\n|move|p2a: Magearna|Fleur Cannon|p1a: Eelektross\n|-damage|p1a: Eelektross|134/290\n|-unboost|p2a: Magearna|spa|2\n|move|p1a: Eelektross|Flamethrower|p2a: Magearna\n|-supereffective|p2a: Magearna\n|-crit|p2a: Magearna\n|-damage|p2a: Magearna|0 fnt\n|faint|p2a: Magearna\n|\n|upkeep\n|\n|t:|1782888464\n|switch|p2a: Furret|Furret, L94, M|312/312\n|-item|p1a: Eelektross|Assault Vest|[from] ability: Frisk|[of] p2a: Furret\n|turn|7\n|\n|t:|1782888485\n|move|p2a: Furret|Double-Edge|p1a: Eelektross\n|-damage|p1a: Eelektross|0 fnt\n|faint|p1a: Eelektross\n|-damage|p2a: Furret|268/312|[from] Recoil\n|-damage|p2a: Furret|237/312|[from] item: Life Orb\n|\n|upkeep\n|\n|t:|1782888496\n|switch|p1a: Okidogi|Okidogi, L77, M|262/262\n|turn|8\n|\n|t:|1782888500\n|move|p2a: Furret|Double-Edge|p1a: Okidogi\n|-damage|p1a: Okidogi|120/262\n|-damage|p2a: Furret|190/312|[from] Recoil\n|-damage|p2a: Furret|159/312|[from] item: Life Orb\n|move|p1a: Okidogi|Drain Punch|p2a: Furret\n|-supereffective|p2a: Furret\n|-damage|p2a: Furret|0 fnt\n|-heal|p1a: Okidogi|200/262|[from] drain|[of] p2a: Furret\n|faint|p2a: Furret\n|\n|-heal|p1a: Okidogi|216/262|[from] item: Leftovers\n|upkeep\n|\n|t:|1782888502\n|switch|p2a: Indeedee|Indeedee-F, L90, F, tera:Psychic|272/272\n|-fieldstart|move: Psychic Terrain|[from] ability: Psychic Surge|[of] p2a: Indeedee\n|turn|9\n|\n|t:|1782888526\n|move|p2a: Indeedee|Psychic|p1a: Okidogi\n|-supereffective|p1a: Okidogi\n|-damage|p1a: Okidogi|0 fnt\n|faint|p1a: Okidogi\n|\n|upkeep\n|\n|t:|1782888532\n|switch|p1a: Jirachi|Jirachi, L80|282/291\n|turn|10\n|\n|t:|1782888535\n|switch|p2a: Iron Treads|Iron Treads, L77|189/265\n|move|p1a: Jirachi|Drain Punch|p2a: Iron Treads\n|-supereffective|p2a: Iron Treads\n|-damage|p2a: Iron Treads|101/265\n|-heal|p1a: Jirachi|291/291|[from] drain|[of] p2a: Iron Treads\n|\n|upkeep\n|turn|11\n|\n|t:|1782888546\n|move|p2a: Iron Treads|Earthquake|p1a: Jirachi\n|-supereffective|p1a: Jirachi\n|-damage|p1a: Jirachi|117/291\n|move|p1a: Jirachi|Drain Punch|p2a: Iron Treads\n|-supereffective|p2a: Iron Treads\n|-damage|p2a: Iron Treads|15/265\n|-heal|p1a: Jirachi|160/291|[from] drain|[of] p2a: Iron Treads\n|\n|-heal|p1a: Jirachi|178/291|[from] item: Leftovers\n|upkeep\n|turn|12\n|\n|t:|1782888564\n|switch|p1a: Hitmonchan|Hitmonchan, L87, M|229/229\n|move|p2a: Iron Treads|Earthquake|p1a: Hitmonchan\n|-damage|p1a: Hitmonchan|115/229\n|\n|-heal|p1a: Hitmonchan|129/229|[from] item: Leftovers\n|upkeep\n|turn|13\n|\n|t:|1782888572\n|move|p2a: Iron Treads|Iron Head|p1a: Hitmonchan\n|-damage|p1a: Hitmonchan|53/229\n|move|p1a: Hitmonchan|Rapid Spin|p2a: Iron Treads\n|-resisted|p2a: Iron Treads\n|-damage|p2a: Iron Treads|0 fnt\n|-boost|p1a: Hitmonchan|spe|1\n|faint|p2a: Iron Treads\n|-end|p2a: Iron Treads|Quark Drive|[silent]\n|\n|-heal|p1a: Hitmonchan|67/229|[from] item: Leftovers\n|-fieldend|move: Psychic Terrain\n|upkeep\n|\n|t:|1782888575\n|switch|p2a: Indeedee|Indeedee-F, L90, F, tera:Psychic|272/272\n|-fieldstart|move: Psychic Terrain|[from] ability: Psychic Surge|[of] p2a: Indeedee\n|turn|14\n|\n|t:|1782888588\n|move|p2a: Indeedee|Psychic|p1a: Hitmonchan\n|-supereffective|p1a: Hitmonchan\n|-damage|p1a: Hitmonchan|0 fnt\n|faint|p1a: Hitmonchan\n|\n|upkeep\n|\n|t:|1782888595\n|switch|p1a: Jirachi|Jirachi, L80|178/291\n|turn|15\n|\n|t:|1782888598\n|switch|p2a: Noivern|Noivern, L82, F|274/274\n|move|p1a: Jirachi|Stealth Rock|p2a: Noivern\n|-sidestart|p2: jnpr010334|move: Stealth Rock\n|\n|-heal|p1a: Jirachi|196/291|[from] item: Leftovers\n|upkeep\n|turn|16\n|\n|t:|1782888609\n|switch|p1a: Primarina|Primarina, L83, F|268/268\n|move|p2a: Noivern|Flamethrower|p1a: Primarina\n|-resisted|p1a: Primarina\n|-damage|p1a: Primarina|242/268\n|\n|-heal|p1a: Primarina|258/268|[from] item: Leftovers\n|upkeep\n|turn|17\n|\n|t:|1782888618\n|switch|p2a: Primarina|Primarina, L83, M|268/268\n|-damage|p2a: Primarina|235/268|[from] Stealth Rock\n|move|p1a: Primarina|Moonblast|p2a: Primarina\n|-damage|p2a: Primarina|129/268\n|-unboost|p2a: Primarina|spa|1\n|\n|-heal|p2a: Primarina|145/268|[from] item: Leftovers\n|-heal|p1a: Primarina|268/268|[from] item: Leftovers\n|upkeep\n|turn|18\n|\n|t:|1782888632\n|move|p1a: Primarina|Moonblast|p2a: Primarina\n|-damage|p2a: Primarina|49/268\n|-unboost|p2a: Primarina|spa|1\n|move|p2a: Primarina|Calm Mind|p2a: Primarina\n|-boost|p2a: Primarina|spa|1\n|-boost|p2a: Primarina|spd|1\n|\n|-heal|p2a: Primarina|65/268|[from] item: Leftovers\n|-fieldend|move: Psychic Terrain\n|upkeep\n|turn|19\n|\n|t:|1782888643\n|switch|p1a: Jirachi|Jirachi, L80|196/291\n|move|p2a: Primarina|Calm Mind|p2a: Primarina\n|-boost|p2a: Primarina|spa|1\n|-boost|p2a: Primarina|spd|1\n|\n|-heal|p1a: Jirachi|214/291|[from] item: Leftovers\n|-heal|p2a: Primarina|81/268|[from] item: Leftovers\n|upkeep\n|turn|20\n|\n|t:|1782888652\n|switch|p2a: Noivern|Noivern, L82, F|274/274\n|move|p1a: Jirachi|Iron Head|p2a: Noivern\n|-damage|p2a: Noivern|192/274\n|\n|-heal|p1a: Jirachi|232/291|[from] item: Leftovers\n|upkeep\n|turn|21\n|\n|t:|1782888660\n|switch|p1a: Primarina|Primarina, L83, F|268/268\n|move|p2a: Noivern|Flamethrower|p1a: Primarina\n|-resisted|p1a: Primarina\n|-damage|p1a: Primarina|243/268\n|-status|p1a: Primarina|brn\n|\n|-heal|p1a: Primarina|259/268 brn|[from] item: Leftovers\n|-damage|p1a: Primarina|243/268 brn|[from] brn\n|upkeep\n|turn|22\n|\n|t:|1782888670\n|switch|p2a: Primarina|Primarina, L83, M|81/268\n|-damage|p2a: Primarina|48/268|[from] Stealth Rock\n|move|p1a: Primarina|Calm Mind|p1a: Primarina\n|-boost|p1a: Primarina|spa|1\n|-boost|p1a: Primarina|spd|1\n|\n|-heal|p1a: Primarina|259/268 brn|[from] item: Leftovers\n|-heal|p2a: Primarina|64/268|[from] item: Leftovers\n|-damage|p1a: Primarina|243/268 brn|[from] brn\n|upkeep\n|turn|23\n|\n|t:|1782888685\n|move|p1a: Primarina|Moonblast|p2a: Primarina\n|-damage|p2a: Primarina|0 fnt\n|faint|p2a: Primarina\n|\n|-heal|p1a: Primarina|259/268 brn|[from] item: Leftovers\n|-damage|p1a: Primarina|243/268 brn|[from] brn\n|upkeep\n|\n|t:|1782888687\n|switch|p2a: Indeedee|Indeedee-F, L90, F, tera:Psychic|272/272\n|-damage|p2a: Indeedee|238/272|[from] Stealth Rock\n|-fieldstart|move: Psychic Terrain|[from] ability: Psychic Surge|[of] p2a: Indeedee\n|turn|24\n|\n|t:|1782888699\n|move|p2a: Indeedee|Psychic|p1a: Primarina\n|-damage|p1a: Primarina|131/268 brn\n|move|p1a: Primarina|Moonblast|p2a: Indeedee\n|-damage|p2a: Indeedee|76/272\n|\n|-heal|p1a: Primarina|147/268 brn|[from] item: Leftovers\n|-damage|p1a: Primarina|131/268 brn|[from] brn\n|upkeep\n|turn|25\n|\n|t:|1782888708\n|switch|p1a: Jirachi|Jirachi, L80|232/291\n|move|p2a: Indeedee|Psychic|p1a: Jirachi\n|-resisted|p1a: Jirachi\n|-damage|p1a: Jirachi|188/291\n|-unboost|p1a: Jirachi|spd|1\n|\n|-heal|p1a: Jirachi|206/291|[from] item: Leftovers\n|upkeep\n|turn|26\n|\n|t:|1782888720\n|switch|p2a: Noivern|Noivern, L82, F|192/274\n|move|p1a: Jirachi|U-turn|p2a: Noivern\n|-resisted|p2a: Noivern\n|-damage|p2a: Noivern|168/274\n|\n|t:|1782888725\n|switch|p1a: Primarina|Primarina, L83, F|131/268 brn|[from] U-turn\n|\n|-heal|p1a: Primarina|147/268 brn|[from] item: Leftovers\n|-damage|p1a: Primarina|131/268 brn|[from] brn\n|upkeep\n|turn|27\n|\n|t:|1782888733\n|move|p2a: Noivern|Hurricane|p1a: Primarina\n|-damage|p1a: Primarina|32/268 brn\n|move|p1a: Primarina|Moonblast|p2a: Noivern\n|-supereffective|p2a: Noivern\n|-crit|p2a: Noivern\n|-damage|p2a: Noivern|0 fnt\n|faint|p2a: Noivern\n|\n|-heal|p1a: Primarina|48/268 brn|[from] item: Leftovers\n|-damage|p1a: Primarina|32/268 brn|[from] brn\n|upkeep\n|\n|t:|1782888734\n|switch|p2a: Indeedee|Indeedee-F, L90, F, tera:Psychic|76/272\n|-damage|p2a: Indeedee|42/272|[from] Stealth Rock\n|turn|28\n|\n|t:|1782888747\n|move|p2a: Indeedee|Psychic|p1a: Primarina\n|-damage|p1a: Primarina|0 fnt\n|faint|p1a: Primarina\n|\n|-fieldend|move: Psychic Terrain\n|upkeep\n|\n|t:|1782888753\n|switch|p1a: Mewtwo|Mewtwo, L72|272/272\n|-ability|p1a: Mewtwo|Unnerve\n|turn|29\n|\n|t:|1782888757\n|move|p2a: Indeedee|Psychic|p1a: Mewtwo\n|-resisted|p1a: Mewtwo\n|-damage|p1a: Mewtwo|187/272\n|move|p1a: Mewtwo|Psystrike|p2a: Indeedee\n|-resisted|p2a: Indeedee\n|-damage|p2a: Indeedee|0 fnt\n|faint|p2a: Indeedee\n|-damage|p1a: Mewtwo|160/272|[from] item: Life Orb\n|\n|win|gsrq\n|raw|gsrq's rating: 1964 &rarr; <strong>1984</strong><br />(+20 for winning)\n|raw|jnpr010334's rating: 1969 &rarr; <strong>1949</strong><br />(-20 for losing)\n", "inputlog": ">version f8ac14003a5f27e1bdc8d8c59608a773c1cb96e5\n>start {\"formatid\":\"gen9randombattle\",\"seed\":\"sodium,4c4276c9fd3c38dd18b3cbf2f8b41dda\",\"rated\":\"Rated battle\"}\n>player p1 {\"name\":\"gsrq\",\"avatar\":\"265\",\"rating\":1964,\"seed\":\"sodium,e99df40428a0548203f3b24e16f5e710\"}\n>player p2 {\"name\":\"jnpr010334\",\"avatar\":\"265\",\"rating\":1976,\"seed\":\"sodium,c6236d7aaeff188e2a5b5e1b0cb37af7\"}\n>p1 switch 3\n>p2 move psychic terastallize\n>p1 move stealthrock\n>p2 switch 2\n>p1 switch 5\n>p2 move rapidspin\n>p1 move knockoff\n>p2 move earthquake\n>p1 move flamethrower\n>p2 move voltswitch\n>p2 switch 5\n>p1 move flamethrower\n>p2 move fleurcannon\n>p2 switch 6\n>p1 move discharge\n>p2 move doubleedge\n>p1 switch 6\n>p1 move drainpunch\n>p2 move doubleedge\n>p2 switch 2\n>p1 move knockoff\n>p2 move psychic\n>p1 switch 5\n>p1 move drainpunch\n>p2 switch 5\n>p1 move drainpunch\n>p2 move earthquake\n>p1 switch 3\n>p2 move earthquake\n>p1 move rapidspin\n>p2 move ironhead\n>p2 switch 5\n>p1 move knockoff\n>p2 move psychic\n>p1 switch 3\n>p1 move stealthrock\n>p2 switch 4\n>p1 switch 2\n>p2 move flamethrower\n>p1 move moonblast\n>p2 switch 3\n>p1 move moonblast\n>p2 move calmmind\n>p1 switch 2\n>p2 move calmmind\n>p1 move ironhead\n>p2 switch 3\n>p1 switch 2\n>p2 move flamethrower\n>p1 move calmmind\n>p2 switch 3\n>p1 move moonblast\n>p2 move calmmind\n>p2 switch 4\n>p1 move moonblast\n>p2 move psychic\n>p1 switch 2\n>p2 move psychic\n>p1 move uturn\n>p2 switch 3\n>p1 switch 2\n>p1 move moonblast\n>p2 move hurricane\n>p2 switch 3\n>p1 move moonblast\n>p2 move psychic\n>p1 switch 4\n>p1 move psystrike\n>p2 move psychic", "uploadtime": 1782888758, "views": 6, "formatid": "gen9randombattle", "rating": 1949, "private": 0, "password": null, "player_dets": [{"name": "gsrq", "avatar": "265", "rating": 1964, "seed": "sodium,e99df40428a0548203f3b24e16f5e710"}, {"name": "jnpr010334", "avatar": "265", "rating": 1976, "seed": "sodium,c6236d7aaeff188e2a5b5e1b0cb37af7"}], "teams_full": [{"Hitmonchan": {"name": "Hitmonchan", "species": "Hitmonchan", "speciesId": "hitmonchan", "gender": "M", "shiny": false, "level": 87, "moves": ["knockoff", "rapidspin", "taunt", "drainpunch"], "ability": "Iron Fist", "evs": {"hp": 85, "atk": 85, "def": 85, "spa": 85, "spd": 85, "spe": 85}, "ivs": {"hp": 31, "atk": 31, "def": 31, "spa": 31, "spd": 31, "spe": 31}, "item": "Leftovers", "teraType": "Steel", "role": "Bulky Support", "bvs": {"hp": 50, "atk": 105, "def": 79, "spa": 35, "spd": 110, "spe": 76}, "stats": {"hp": 229, "atk": 232, "def": 187, "spa": 111, "spd": 241, "spe": 182}, "types": ["Fighting"]}, "Primarina": {"name": "Primarina", "species": "Primarina", "speciesId": "primarina", "gender": "F", "shiny": false, "level": 83, "moves": ["calmmind", "psychicnoise", "drainingkiss", "moonblast"], "ability": "Liquid Voice", "evs": {"hp": 85, "atk": 0, "def": 85, "spa": 85, "spd": 85, "spe": 85}, "ivs": {"hp": 31, "atk": 0, "def": 31, "spa": 31, "spd": 31, "spe": 31}, "item": "Leftovers", "teraType": "Poison", "role": "Bulky Setup", "bvs": {"hp": 80, "atk": 74, "def": 74, "spa": 126, "spd": 116, "spe": 60}, "stats": {"hp": 268, "atk": 127, "def": 171, "spa": 257, "spd": 240, "spe": 147}, "types": ["Water", "Fairy"]}, "Jirachi": {"name": "Jirachi", "species": "Jirachi", "speciesId": "jirachi", "gender": "N", "shiny": false, "level": 80, "moves": ["stealthrock", "ironhead", "uturn", "drainpunch"], "ability": "Serene Grace", "evs": {"hp": 85, "atk": 85, "def": 85, "spa": 85, "spd": 85, "spe": 85}, "ivs": {"hp": 31, "atk": 31, "def": 31, "spa": 31, "spd": 31, "spe": 31}, "item": "Leftovers", "teraType": "Fighting", "role": "Bulky Attacker", "bvs": {"hp": 100, "atk": 100, "def": 100, "spa": 100, "spd": 100, "spe": 100}, "stats": {"hp": 291, "atk": 206, "def": 206, "spa": 206, "spd": 206, "spe": 206}, "types": ["Steel", "Psychic"]}, "Mewtwo": {"name": "Mewtwo", "species": "Mewtwo", "speciesId": "mewtwo", "gender": "N", "shiny": false, "level": 72, "moves": ["darkpulse", "aurasphere", "psystrike", "nastyplot"], "ability": "Unnerve", "evs": {"hp": 85, "atk": 0, "def": 85, "spa": 85, "spd": 85, "spe": 85}, "ivs": {"hp": 31, "atk": 0, "def": 31, "spa": 31, "spd": 31, "spe": 31}, "item": "Life Orb", "teraType": "Dark", "role": "Setup Sweeper", "bvs": {"hp": 106, "atk": 110, "def": 90, "spa": 154, "spd": 90, "spe": 130}, "stats": {"hp": 272, "atk": 163, "def": 172, "spa": 264, "spd": 172, "spe": 229}, "types": ["Psychic"]}, "Eelektross": {"name": "Eelektross", "species": "Eelektross", "speciesId": "eelektross", "gender": "M", "shiny": false, "level": 87, "moves": ["flamethrower", "uturn", "knockoff", "discharge"], "ability": "Levitate", "evs": {"hp": 85, "atk": 85, "def": 85, "spa": 85, "spd": 85, "spe": 85}, "ivs": {"hp": 31, "atk": 31, "def": 31, "spa": 31, "spd": 31, "spe": 31}, "item": "Assault Vest", "teraType": "Poison", "role": "AV Pivot", "bvs": {"hp": 85, "atk": 115, "def": 80, "spa": 105, "spd": 80, "spe": 50}, "stats": {"hp": 290, "atk": 250, "def": 189, "spa": 232, "spd": 189, "spe": 137}, "types": ["Electric"]}, "Okidogi": {"name": "Okidogi", "species": "Okidogi", "speciesId": "okidogi", "gender": "M", "shiny": false, "level": 77, "moves": ["drainpunch", "gunkshot", "knockoff", "bulkup"], "ability": "Toxic Chain", "evs": {"hp": 85, "atk": 85, "def": 85, "spa": 85, "spd": 85, "spe": 85}, "ivs": {"hp": 31, "atk": 31, "def": 31, "spa": 31, "spd": 31, "spe": 31}, "item": "Leftovers", "teraType": "Dark", "role": "Bulky Setup", "bvs": {"hp": 88, "atk": 128, "def": 115, "spa": 58, "spd": 86, "spe": 80}, "stats": {"hp": 262, "atk": 242, "def": 222, "spa": 134, "spd": 177, "spe": 168}, "types": ["Poison", "Fighting"]}}, {"Indeedee": {"name": "Indeedee", "species": "Indeedee-F", "speciesId": "indeedeef", "gender": "F", "shiny": false, "level": 90, "moves": ["hypervoice", "healingwish", "shadowball", "psychic"], "ability": "Psychic Surge", "evs": {"hp": 85, "atk": 0, "def": 85, "spa": 85, "spd": 85, "spe": 85}, "ivs": {"hp": 31, "atk": 0, "def": 31, "spa": 31, "spd": 31, "spe": 31}, "item": "Choice Scarf", "teraType": "Psychic", "role": "Fast Attacker", "bvs": {"hp": 70, "atk": 55, "def": 65, "spa": 95, "spd": 105, "spe": 85}, "stats": {"hp": 272, "atk": 104, "def": 168, "spa": 222, "spd": 240, "spe": 204}, "types": ["Psychic", "Normal"]}, "Iron Treads": {"name": "Iron Treads", "species": "Iron Treads", "speciesId": "irontreads", "gender": "N", "shiny": false, "level": 77, "moves": ["voltswitch", "earthquake", "ironhead", "rapidspin"], "ability": "Quark Drive", "evs": {"hp": 85, "atk": 85, "def": 85, "spa": 85, "spd": 85, "spe": 85}, "ivs": {"hp": 31, "atk": 31, "def": 31, "spa": 31, "spd": 31, "spe": 31}, "item": "Assault Vest", "teraType": "Water", "role": "Bulky Support", "bvs": {"hp": 90, "atk": 112, "def": 120, "spa": 72, "spd": 70, "spe": 106}, "stats": {"hp": 265, "atk": 217, "def": 229, "spa": 155, "spd": 152, "spe": 208}, "types": ["Ground", "Steel"]}, "Primarina": {"name": "Primarina", "species": "Primarina", "speciesId": "primarina", "gender": "M", "shiny": false, "level": 83, "moves": ["calmmind", "sparklingaria", "drainingkiss", "psychic"], "ability": "Torrent", "evs": {"hp": 85, "atk": 0, "def": 85, "spa": 85, "spd": 85, "spe": 85}, "ivs": {"hp": 31, "atk": 0, "def": 31, "spa": 31, "spd": 31, "spe": 31}, "item": "Leftovers", "teraType": "Poison", "role": "Bulky Attacker", "bvs": {"hp": 80, "atk": 74, "def": 74, "spa": 126, "spd": 116, "spe": 60}, "stats": {"hp": 268, "atk": 127, "def": 171, "spa": 257, "spd": 240, "spe": 147}, "types": ["Water", "Fairy"]}, "Noivern": {"name": "Noivern", "species": "Noivern", "speciesId": "noivern", "gender": "F", "shiny": false, "level": 82, "moves": ["hurricane", "dracometeor", "roost", "flamethrower"], "ability": "Infiltrator", "evs": {"hp": 85, "atk": 0, "def": 85, "spa": 85, "spd": 85, "spe": 85}, "ivs": {"hp": 31, "atk": 0, "def": 31, "spa": 31, "spd": 31, "spe": 31}, "item": "Heavy-Duty Boots", "teraType": "Fire", "role": "Fast Support", "bvs": {"hp": 85, "atk": 70, "def": 80, "spa": 97, "spd": 80, "spe": 123}, "stats": {"hp": 274, "atk": 119, "def": 178, "spa": 206, "spd": 178, "spe": 249}, "types": ["Flying", "Dragon"]}, "Magearna": {"name": "Magearna", "species": "Magearna", "speciesId": "magearna", "gender": "N", "shiny": false, "level": 77, "moves": ["spikes", "flashcannon", "thunderwave", "fleurcannon"], "ability": "Soul-Heart", "evs": {"hp": 85, "atk": 0, "def": 85, "spa": 85, "spd": 85, "spe": 85}, "ivs": {"hp": 31, "atk": 0, "def": 31, "spa": 31, "spd": 31, "spe": 31}, "item": "Leftovers", "teraType": "Water", "role": "Bulky Attacker", "bvs": {"hp": 80, "atk": 95, "def": 115, "spa": 130, "spd": 115, "spe": 65}, "stats": {"hp": 250, "atk": 151, "def": 222, "spa": 245, "spd": 222, "spe": 145}, "types": ["Steel", "Fairy"]}, "Furret": {"name": "Furret", "species": "Furret", "speciesId": "furret", "gender": "M", "shiny": false, "level": 94, "moves": ["tidyup", "brickbreak", "doubleedge", "knockoff"], "ability": "Frisk", "evs": {"hp": 85, "atk": 85, "def": 85, "spa": 85, "spd": 85, "spe": 85}, "ivs": {"hp": 31, "atk": 31, "def": 31, "spa": 31, "spd": 31, "spe": 31}, "item": "Life Orb", "teraType": "Normal", "role": "Setup Sweeper", "bvs": {"hp": 85, "atk": 76, "def": 64, "spa": 45, "spd": 55, "spe": 90}, "stats": {"hp": 312, "atk": 196, "def": 174, "spa": 138, "spd": 157, "spe": 223}, "types": ["Normal"]}}]}