{"id": "gen9randombattle-2641763975", "format": "[Gen 9] Random Battle", "players": ["Rober_jm", "wrinkledmonke"], "log": "|j|\u2606Rober_jm\n|j|\u2606wrinkledmonke\n|t:|1782839089\n|gametype|singles\n|player|p1|Rober_jm|266|1936\n|player|p2|wrinkledmonke|2|1904\n|gen|9\n|tier|[Gen 9] Random Battle\n|rated|\n|rule|Species Clause: Limit one of each Pok\u00e9mon\n|rule|HP Percentage Mod: HP is shown in percentages\n|rule|Sleep Clause Mod: Limit one foe put to sleep\n|rule|Illusion Level Mod: Illusion disguises the Pok\u00e9mon's true level\n|\n|t:|1782839089\n|teamsize|p1|6\n|teamsize|p2|6\n|start\n|switch|p1a: Dipplin|Dipplin, L88, M|284/284\n|switch|p2a: Dialga|Dialga, L73|266/266\n|-ability|p2a: Dialga|Pressure\n|turn|1\n|inactive|Battle timer is ON: inactive players will automatically lose when time's up. (requested by Rober_jm)\n|\n|t:|1782839114\n|switch|p1a: Passimian|Passimian, L83, F|302/302\n|move|p2a: Dialga|Draco Meteor|p1a: Passimian\n|-damage|p1a: Passimian|85/302\n|-unboost|p2a: Dialga|spa|2\n|\n|upkeep\n|turn|2\n|\n|t:|1782839126\n|switch|p2a: Munkidori|Munkidori, L79, M|269/269\n|move|p1a: Passimian|Close Combat|p2a: Munkidori\n|-resisted|p2a: Munkidori\n|-damage|p2a: Munkidori|221/269\n|-unboost|p1a: Passimian|def|1\n|-unboost|p1a: Passimian|spd|1\n|\n|upkeep\n|turn|3\n|\n|t:|1782839146\n|switch|p1a: Furret|Furret, L94, M|312/312\n|-item|p2a: Munkidori|Choice Specs|[from] ability: Frisk|[of] p1a: Furret\n|move|p2a: Munkidori|Sludge Wave|p1a: Furret\n|-damage|p1a: Furret|99/312\n|\n|upkeep\n|turn|4\n|\n|t:|1782839160\n|switch|p2a: Registeel|Registeel, L81|262/262\n|move|p1a: Furret|Knock Off|p2a: Registeel\n|-crit|p2a: Registeel\n|-damage|p2a: Registeel|155/262\n|-enditem|p2a: Registeel|Chesto Berry|[from] move: Knock Off|[of] p1a: Furret\n|\n|upkeep\n|turn|5\n|\n|t:|1782839173\n|switch|p1a: Passimian|Passimian, L83, F|85/302\n|move|p2a: Registeel|Body Press|p1a: Passimian\n|-damage|p1a: Passimian|8/302\n|\n|upkeep\n|turn|6\n|inactive|wrinkledmonke has 120 seconds left.\n|\n|t:|1782839204\n|move|p1a: Passimian|Knock Off|p2a: Registeel\n|-damage|p2a: Registeel|116/262\n|move|p2a: Registeel|Body Press|p1a: Passimian\n|-damage|p1a: Passimian|0 fnt\n|faint|p1a: Passimian\n|\n|upkeep\n|\n|t:|1782839214\n|switch|p1a: Furret|Furret, L94, M|99/312\n|turn|7\n|inactive|wrinkledmonke has 120 seconds left.\n|\n|t:|1782839231\n|move|p1a: Furret|Trick|p2a: Registeel\n|-activate|p1a: Furret|move: Trick|[of] p2a: Registeel\n|-item|p2a: Registeel|Choice Band|[from] move: Trick\n|-enditem|p1a: Furret|Choice Band|[silent]|[from] move: Trick\n|move|p2a: Registeel|Body Press|p1a: Furret\n|-supereffective|p1a: Furret\n|-damage|p1a: Furret|0 fnt\n|faint|p1a: Furret\n|\n|upkeep\n|\n|t:|1782839235\n|switch|p1a: Gyarados|Gyarados, L79, F|280/280\n|turn|8\n|\n|t:|1782839239\n|switch|p2a: Dialga|Dialga, L73|266/266\n|-ability|p2a: Dialga|Pressure\n|move|p1a: Gyarados|Dragon Dance|p1a: Gyarados\n|-boost|p1a: Gyarados|atk|1\n|-boost|p1a: Gyarados|spe|1\n|\n|upkeep\n|turn|9\n|\n|t:|1782839245\n|move|p1a: Gyarados|Earthquake|p2a: Dialga\n|-supereffective|p2a: Dialga\n|-damage|p2a: Dialga|42/266\n|move|p2a: Dialga|Dragon Tail|p1a: Gyarados\n|-damage|p1a: Gyarados|208/280\n|drag|p1a: Seviper|Seviper, L93, M|287/287\n|\n|upkeep\n|turn|10\n|\n|t:|1782839263\n|move|p2a: Dialga|Draco Meteor|p1a: Seviper\n|-damage|p1a: Seviper|115/287\n|-unboost|p2a: Dialga|spa|2\n|move|p1a: Seviper|Knock Off|p2a: Dialga\n|-crit|p2a: Dialga\n|-damage|p2a: Dialga|0 fnt\n|-enditem|p2a: Dialga|Assault Vest|[from] move: Knock Off|[of] p1a: Seviper\n|faint|p2a: Dialga\n|-damage|p1a: Seviper|87/287|[from] item: Life Orb\n|\n|upkeep\n|\n|t:|1782839267\n|switch|p2a: Sandslash|Sandslash, L89, M|278/278\n|turn|11\n|\n|t:|1782839275\n|move|p1a: Seviper|Giga Drain|p2a: Sandslash\n|-supereffective|p2a: Sandslash\n|-damage|p2a: Sandslash|138/278\n|-heal|p1a: Seviper|157/287|[from] drain|[of] p2a: Sandslash\n|-damage|p1a: Seviper|129/287|[from] item: Life Orb\n|move|p2a: Sandslash|Earthquake|p1a: Seviper\n|-supereffective|p1a: Seviper\n|-damage|p1a: Seviper|0 fnt\n|faint|p1a: Seviper\n|\n|upkeep\n|\n|t:|1782839290\n|switch|p1a: Dipplin|Dipplin, L88, M|284/284\n|turn|12\n|\n|t:|1782839317\n|move|p2a: Sandslash|Knock Off|p1a: Dipplin\n|-damage|p1a: Dipplin|239/284\n|-activate|p1a: Dipplin|ability: Sticky Hold\n|move|p1a: Dipplin|Giga Drain|p2a: Sandslash\n|-supereffective|p2a: Sandslash\n|-damage|p2a: Sandslash|0 fnt\n|-heal|p1a: Dipplin|284/284|[from] drain|[of] p2a: Sandslash\n|faint|p2a: Sandslash\n|\n|upkeep\n|inactive|wrinkledmonke has 120 seconds left.\n|\n|t:|1782839339\n|switch|p2a: Baxcalibur|Baxcalibur, L75, F|295/295\n|turn|13\n|\n|t:|1782839360\n|-terastallize|p1a: Dipplin|Steel\n|move|p2a: Baxcalibur|Swords Dance|p2a: Baxcalibur\n|-boost|p2a: Baxcalibur|atk|2\n|move|p1a: Dipplin|Dragon Pulse|p2a: Baxcalibur\n|-supereffective|p2a: Baxcalibur\n|-damage|p2a: Baxcalibur|89/295\n|\n|upkeep\n|turn|14\n|\n|t:|1782839369\n|move|p2a: Baxcalibur|Earthquake|p1a: Dipplin\n|-supereffective|p1a: Dipplin\n|-damage|p1a: Dipplin|124/284\n|move|p1a: Dipplin|Dragon Pulse|p2a: Baxcalibur\n|-supereffective|p2a: Baxcalibur\n|-damage|p2a: Baxcalibur|0 fnt\n|faint|p2a: Baxcalibur\n|\n|upkeep\n|\n|t:|1782839379\n|switch|p2a: Munkidori|Munkidori, L79, M|221/269\n|turn|15\n|\n|t:|1782839382\n|move|p2a: Munkidori|Focus Blast|p1a: Dipplin\n|-supereffective|p1a: Dipplin\n|-crit|p1a: Dipplin\n|-damage|p1a: Dipplin|0 fnt\n|faint|p1a: Dipplin\n|\n|upkeep\n|\n|t:|1782839386\n|switch|p1a: Meowstic|Meowstic-F, L89, F|277/277\n|turn|16\n|\n|t:|1782839389\n|switch|p2a: Registeel|Registeel, L81|116/262\n|move|p1a: Meowstic|Nasty Plot|p1a: Meowstic\n|-boost|p1a: Meowstic|spa|2\n|\n|upkeep\n|turn|17\n|\n|t:|1782839399\n|move|p1a: Meowstic|Dark Pulse|p2a: Registeel\n|-damage|p2a: Registeel|22/262\n|-damage|p1a: Meowstic|250/277|[from] item: Life Orb\n|move|p2a: Registeel|Body Press|p1a: Meowstic\n|-resisted|p1a: Meowstic\n|-damage|p1a: Meowstic|194/277\n|\n|upkeep\n|turn|18\n|\n|t:|1782839404\n|move|p1a: Meowstic|Dark Pulse|p2a: Registeel\n|-damage|p2a: Registeel|0 fnt\n|faint|p2a: Registeel\n|-damage|p1a: Meowstic|167/277|[from] item: Life Orb\n|\n|upkeep\n|\n|t:|1782839411\n|switch|p2a: Spectrier|Spectrier, L75|274/274\n|turn|19\n|\n|t:|1782839416\n|move|p2a: Spectrier|Shadow Ball|p1a: Meowstic\n|-supereffective|p1a: Meowstic\n|-damage|p1a: Meowstic|0 fnt\n|faint|p1a: Meowstic\n|-ability|p2a: Spectrier|Grim Neigh|boost\n|-boost|p2a: Spectrier|spa|1\n|-damage|p2a: Spectrier|247/274|[from] item: Life Orb\n|\n|upkeep\n|\n|t:|1782839418\n|switch|p1a: Gyarados|Gyarados, L79, F|208/280\n|turn|20\n|\n|t:|1782839435\n|move|p2a: Spectrier|Shadow Ball|p1a: Gyarados\n|-damage|p1a: Gyarados|13/280\n|-unboost|p1a: Gyarados|spd|1\n|-damage|p2a: Spectrier|220/274|[from] item: Life Orb\n|move|p1a: Gyarados|Dragon Dance|p1a: Gyarados\n|-boost|p1a: Gyarados|atk|1\n|-boost|p1a: Gyarados|spe|1\n|\n|upkeep\n|turn|21\n|inactive|Rober_jm has 120 seconds left.\n|\n|t:|1782839474\n|move|p1a: Gyarados|Waterfall|p2a: Spectrier\n|-damage|p2a: Spectrier|21/274\n|move|p2a: Spectrier|Shadow Ball|p1a: Gyarados\n|-damage|p1a: Gyarados|0 fnt\n|faint|p1a: Gyarados\n|-damage|p2a: Spectrier|0 fnt|[from] item: Life Orb\n|faint|p2a: Spectrier\n|\n|win|wrinkledmonke\n|raw|Rober_jm's rating: 1936 &rarr; <strong>1914</strong><br />(-22 for losing)\n|raw|wrinkledmonke's rating: 1904 &rarr; <strong>1926</strong><br />(+22 for winning)\n", "inputlog": ">version f8ac14003a5f27e1bdc8d8c59608a773c1cb96e5\n>start {\"formatid\":\"gen9randombattle\",\"seed\":\"sodium,9c92c4787c157baf7b639c3a5f167df1\",\"rated\":\"Rated battle\"}\n>player p1 {\"name\":\"Rober_jm\",\"avatar\":\"266\",\"rating\":1936,\"seed\":\"sodium,a0637248b5bc1091889d6006090a009c\"}\n>player p2 {\"name\":\"wrinkledmonke\",\"avatar\":\"2\",\"rating\":1904,\"seed\":\"sodium,50e94651c7898f80661fba8169e5e132\"}\n>p1 switch 4\n>p2 move dracometeor\n>p1 move closecombat\n>p2 switch 3\n>p1 switch 3\n>p2 move sludgewave\n>p1 move knockoff\n>p2 switch 2\n>p1 switch 3\n>p2 move bodypress\n>p1 move knockoff\n>p2 move bodypress\n>p1 switch 3\n>p1 move trick\n>p2 move bodypress\n>p1 switch 6\n>p1 move dragondance\n>p2 switch 3\n>p1 move earthquake\n>p2 move dragontail\n>p1 move knockoff\n>p2 move dracometeor\n>p2 switch 5\n>p1 move gigadrain\n>p2 move earthquake\n>p1 switch 4\n>p1 move gigadrain\n>p2 move knockoff\n>p2 switch 4\n>p1 move dragonpulse terastallize\n>p2 move swordsdance\n>p1 move dragonpulse\n>p2 move earthquake\n>p2 switch 2\n>p1 move recover\n>p2 move focusblast\n>p1 switch 5\n>p1 move nastyplot\n>p2 switch 3\n>p1 move darkpulse\n>p2 move bodypress\n>p1 move darkpulse\n>p2 move bodypress\n>p2 switch 6\n>p1 move darkpulse\n>p2 move shadowball\n>p1 switch 2\n>p1 move dragondance\n>p2 move shadowball\n>p1 move waterfall\n>p2 move shadowball", "uploadtime": 1782839475, "views": 7, "formatid": "gen9randombattle", "rating": 1914, "private": 0, "password": null, "player_dets": [{"name": "Rober_jm", "avatar": "266", "rating": 1936, "seed": "sodium,a0637248b5bc1091889d6006090a009c"}, {"name": "wrinkledmonke", "avatar": "2", "rating": 1904, "seed": "sodium,50e94651c7898f80661fba8169e5e132"}], "teams_full": [{"Dipplin": {"name": "Dipplin", "species": "Dipplin", "speciesId": "dipplin", "gender": "M", "shiny": false, "level": 88, "moves": ["dragonpulse", "dragontail", "recover", "gigadrain"], "ability": "Sticky Hold", "evs": {"hp": 85, "atk": 85, "def": 85, "spa": 85, "spd": 85, "spe": 85}, "ivs": {"hp": 31, "atk": 31, "def": 31, "spa": 31, "spd": 31, "spe": 31}, "item": "Eviolite", "teraType": "Steel", "role": "Bulky Attacker", "bvs": {"hp": 80, "atk": 80, "def": 110, "spa": 95, "spd": 80, "spe": 40}, "stats": {"hp": 284, "atk": 191, "def": 244, "spa": 217, "spd": 191, "spe": 121}, "types": ["Grass", "Dragon"]}, "Seviper": {"name": "Seviper", "species": "Seviper", "speciesId": "seviper", "gender": "M", "shiny": false, "level": 93, "moves": ["gigadrain", "glare", "gunkshot", "knockoff"], "ability": "Infiltrator", "evs": {"hp": 85, "atk": 85, "def": 85, "spa": 85, "spd": 85, "spe": 85}, "ivs": {"hp": 31, "atk": 31, "def": 31, "spa": 31, "spd": 31, "spe": 31}, "item": "Life Orb", "teraType": "Dark", "role": "Fast Attacker", "bvs": {"hp": 73, "atk": 100, "def": 60, "spa": 100, "spd": 60, "spe": 65}, "stats": {"hp": 287, "atk": 239, "def": 164, "spa": 239, "spd": 164, "spe": 174}, "types": ["Poison"]}, "Furret": {"name": "Furret", "species": "Furret", "speciesId": "furret", "gender": "M", "shiny": false, "level": 94, "moves": ["uturn", "knockoff", "trick", "doubleedge"], "ability": "Frisk", "evs": {"hp": 85, "atk": 85, "def": 85, "spa": 85, "spd": 85, "spe": 85}, "ivs": {"hp": 31, "atk": 31, "def": 31, "spa": 31, "spd": 31, "spe": 31}, "item": "Choice Band", "teraType": "Ghost", "role": "Wallbreaker", "bvs": {"hp": 85, "atk": 76, "def": 64, "spa": 45, "spd": 55, "spe": 90}, "stats": {"hp": 312, "atk": 196, "def": 174, "spa": 138, "spd": 157, "spe": 223}, "types": ["Normal"]}, "Passimian": {"name": "Passimian", "species": "Passimian", "speciesId": "passimian", "gender": "F", "shiny": false, "level": 83, "moves": ["gunkshot", "closecombat", "knockoff", "uturn"], "ability": "Defiant", "evs": {"hp": 85, "atk": 85, "def": 85, "spa": 85, "spd": 85, "spe": 85}, "ivs": {"hp": 31, "atk": 31, "def": 31, "spa": 31, "spd": 31, "spe": 31}, "item": "Choice Scarf", "teraType": "Fighting", "role": "Fast Attacker", "bvs": {"hp": 100, "atk": 120, "def": 90, "spa": 40, "spd": 60, "spe": 80}, "stats": {"hp": 302, "atk": 247, "def": 197, "spa": 114, "spd": 147, "spe": 180}, "types": ["Fighting"]}, "Meowstic": {"name": "Meowstic", "species": "Meowstic-F", "speciesId": "meowsticf", "gender": "F", "shiny": false, "level": 89, "moves": ["nastyplot", "darkpulse", "psychic", "thunderbolt"], "ability": "Competitive", "evs": {"hp": 85, "atk": 0, "def": 85, "spa": 85, "spd": 85, "spe": 85}, "ivs": {"hp": 31, "atk": 0, "def": 31, "spa": 31, "spd": 31, "spe": 31}, "item": "Life Orb", "teraType": "Dark", "role": "Setup Sweeper", "bvs": {"hp": 74, "atk": 48, "def": 76, "spa": 83, "spd": 81, "spe": 104}, "stats": {"hp": 277, "atk": 90, "def": 186, "spa": 199, "spd": 195, "spe": 236}, "types": ["Psychic"]}, "Gyarados": {"name": "Gyarados", "species": "Gyarados", "speciesId": "gyarados", "gender": "F", "shiny": false, "level": 79, "moves": ["terablast", "waterfall", "earthquake", "dragondance"], "ability": "Moxie", "evs": {"hp": 85, "atk": 85, "def": 85, "spa": 85, "spd": 85, "spe": 85}, "ivs": {"hp": 31, "atk": 31, "def": 31, "spa": 31, "spd": 31, "spe": 31}, "item": "Heavy-Duty Boots", "teraType": "Flying", "role": "Tera Blast user", "bvs": {"hp": 95, "atk": 125, "def": 79, "spa": 60, "spd": 100, "spe": 81}, "stats": {"hp": 280, "atk": 243, "def": 170, "spa": 140, "spd": 204, "spe": 174}, "types": ["Water", "Flying"]}}, {"Dialga": {"name": "Dialga", "species": "Dialga", "speciesId": "dialga", "gender": "N", "shiny": false, "level": 73, "moves": ["dracometeor", "heavyslam", "fireblast", "dragontail"], "ability": "Pressure", "evs": {"hp": 85, "atk": 85, "def": 85, "spa": 85, "spd": 85, "spe": 85}, "ivs": {"hp": 31, "atk": 31, "def": 31, "spa": 31, "spd": 31, "spe": 31}, "item": "Assault Vest", "teraType": "Dragon", "role": "AV Pivot", "bvs": {"hp": 100, "atk": 120, "def": 120, "spa": 150, "spd": 100, "spe": 90}, "stats": {"hp": 266, "atk": 218, "def": 218, "spa": 261, "spd": 188, "spe": 174}, "types": ["Steel", "Dragon"]}, "Registeel": {"name": "Registeel", "species": "Registeel", "speciesId": "registeel", "gender": "N", "shiny": false, "level": 81, "moves": ["bodypress", "rest", "ironhead", "irondefense"], "ability": "Clear Body", "evs": {"hp": 85, "atk": 85, "def": 85, "spa": 85, "spd": 85, "spe": 85}, "ivs": {"hp": 31, "atk": 31, "def": 31, "spa": 31, "spd": 31, "spe": 31}, "item": "Chesto Berry", "teraType": "Fighting", "role": "Bulky Setup", "bvs": {"hp": 80, "atk": 75, "def": 150, "spa": 75, "spd": 150, "spe": 50}, "stats": {"hp": 262, "atk": 168, "def": 290, "spa": 168, "spd": 290, "spe": 128}, "types": ["Steel"]}, "Munkidori": {"name": "Munkidori", "species": "Munkidori", "speciesId": "munkidori", "gender": "M", "shiny": false, "level": 79, "moves": ["focusblast", "sludgewave", "uturn", "psyshock"], "ability": "Toxic Chain", "evs": {"hp": 85, "atk": 85, "def": 85, "spa": 85, "spd": 85, "spe": 85}, "ivs": {"hp": 31, "atk": 31, "def": 31, "spa": 31, "spd": 31, "spe": 31}, "item": "Choice Specs", "teraType": "Fighting", "role": "Fast Attacker", "bvs": {"hp": 88, "atk": 75, "def": 66, "spa": 130, "spd": 90, "spe": 106}, "stats": {"hp": 269, "atk": 164, "def": 150, "spa": 251, "spd": 188, "spe": 213}, "types": ["Poison", "Psychic"]}, "Baxcalibur": {"name": "Baxcalibur", "species": "Baxcalibur", "speciesId": "baxcalibur", "gender": "F", "shiny": false, "level": 75, "moves": ["earthquake", "iciclespear", "scaleshot", "swordsdance"], "ability": "Thermal Exchange", "evs": {"hp": 81, "atk": 85, "def": 85, "spa": 85, "spd": 85, "spe": 85}, "ivs": {"hp": 31, "atk": 31, "def": 31, "spa": 31, "spd": 31, "spe": 31}, "item": "Loaded Dice", "teraType": "Ground", "role": "Bulky Setup", "bvs": {"hp": 115, "atk": 145, "def": 92, "spa": 75, "spd": 86, "spe": 87}, "stats": {"hp": 295, "atk": 261, "def": 182, "spa": 156, "spd": 173, "spe": 174}, "types": ["Dragon", "Ice"]}, "Sandslash": {"name": "Sandslash", "species": "Sandslash", "speciesId": "sandslash", "gender": "M", "shiny": false, "level": 89, "moves": ["rapidspin", "stoneedge", "earthquake", "knockoff"], "ability": "Sand Rush", "evs": {"hp": 85, "atk": 85, "def": 85, "spa": 85, "spd": 85, "spe": 85}, "ivs": {"hp": 31, "atk": 31, "def": 31, "spa": 31, "spd": 31, "spe": 31}, "item": "Assault Vest", "teraType": "Steel", "role": "Bulky Support", "bvs": {"hp": 75, "atk": 100, "def": 110, "spa": 45, "spd": 55, "spe": 65}, "stats": {"hp": 278, "atk": 229, "def": 247, "spa": 131, "spd": 149, "spe": 166}, "types": ["Ground"]}, "Spectrier": {"name": "Spectrier", "species": "Spectrier", "speciesId": "spectrier", "gender": "N", "shiny": false, "level": 75, "moves": ["terablast", "willowisp", "shadowball", "nastyplot"], "ability": "Grim Neigh", "evs": {"hp": 85, "atk": 0, "def": 85, "spa": 85, "spd": 85, "spe": 85}, "ivs": {"hp": 31, "atk": 0, "def": 31, "spa": 31, "spd": 31, "spe": 31}, "item": "Life Orb", "teraType": "Fighting", "role": "Tera Blast user", "bvs": {"hp": 100, "atk": 65, "def": 60, "spa": 145, "spd": 80, "spe": 130}, "stats": {"hp": 274, "atk": 102, "def": 134, "spa": 261, "spd": 164, "spe": 239}, "types": ["Ghost"]}}]}