{"id": "gen9randombattle-2641761853", "format": "[Gen 9] Random Battle", "players": ["YeetFleetSkeet", "LiggyLiggy"], "log": "|j|\u2606YeetFleetSkeet\n|j|\u203dLiggyLiggy\n|t:|1782838827\n|gametype|singles\n|player|p1|YeetFleetSkeet|lance|1858\n|player|p2|LiggyLiggy|1|1907\n|gen|9\n|tier|[Gen 9] Random Battle\n|rated|\n|rule|Species Clause: Limit one of each Pok\u00e9mon\n|rule|HP Percentage Mod: HP is shown in percentages\n|rule|Sleep Clause Mod: Limit one foe put to sleep\n|rule|Illusion Level Mod: Illusion disguises the Pok\u00e9mon's true level\n|\n|t:|1782838827\n|teamsize|p1|6\n|teamsize|p2|6\n|start\n|switch|p1a: Tatsugiri|Tatsugiri, L87, M|260/260\n|switch|p2a: Heracross|Heracross, L80, F|259/259\n|turn|1\n|inactive|Battle timer is ON: inactive players will automatically lose when time's up. (requested by LiggyLiggy)\n|inactive|YeetFleetSkeet has 120 seconds left.\n|\n|t:|1782838868\n|switch|p1a: Camerupt|Camerupt, L91, M|275/275\n|move|p2a: Heracross|Knock Off|p1a: Camerupt\n|-damage|p1a: Camerupt|149/275\n|-enditem|p1a: Camerupt|Leftovers|[from] move: Knock Off|[of] p2a: Heracross\n|\n|upkeep\n|turn|2\n|\n|t:|1782838886\n|switch|p2a: Basculin|Basculin-Blue-Striped, L86, F|261/261\n|move|p1a: Camerupt|Will-O-Wisp|p2a: Basculin\n|-status|p2a: Basculin|brn\n|\n|-damage|p2a: Basculin|245/261 brn|[from] brn\n|upkeep\n|turn|3\n|\n|t:|1782838895\n|move|p2a: Basculin|Double-Edge|p1a: Camerupt\n|-damage|p1a: Camerupt|74/275\n|-damage|p2a: Basculin|220/261 brn|[from] Recoil\n|move|p1a: Camerupt|Earthquake|p2a: Basculin\n|-damage|p2a: Basculin|69/261 brn\n|\n|-damage|p2a: Basculin|53/261 brn|[from] brn\n|upkeep\n|turn|4\n|\n|t:|1782838899\n|switch|p1a: Sudowoodo|Sudowoodo, L94, M|284/284\n|move|p2a: Basculin|Double-Edge|p1a: Sudowoodo\n|-resisted|p1a: Sudowoodo\n|-damage|p1a: Sudowoodo|261/284\n|-damage|p2a: Basculin|45/261 brn|[from] Recoil\n|\n|-damage|p2a: Basculin|29/261 brn|[from] brn\n|upkeep\n|turn|5\n|\n|t:|1782838914\n|switch|p2a: Probopass|Probopass, L91, F|257/257\n|move|p1a: Sudowoodo|Head Smash|p2a: Probopass\n|-resisted|p2a: Probopass\n|-damage|p2a: Probopass|164/257\n|\n|upkeep\n|turn|6\n|inactive|LiggyLiggy has 120 seconds left.\n|\n|t:|1782838951\n|switch|p1a: Camerupt|Camerupt, L91, M|74/275\n|move|p2a: Probopass|Iron Defense|p2a: Probopass\n|-boost|p2a: Probopass|def|2\n|\n|upkeep\n|turn|7\n|\n|t:|1782838956\n|move|p1a: Camerupt|Will-O-Wisp|p2a: Probopass\n|-status|p2a: Probopass|brn\n|move|p2a: Probopass|Body Press|p1a: Camerupt\n|-damage|p1a: Camerupt|0 fnt\n|faint|p1a: Camerupt\n|\n|-damage|p2a: Probopass|148/257 brn|[from] brn\n|upkeep\n|\n|t:|1782838963\n|switch|p1a: Tatsugiri|Tatsugiri, L87, M|260/260\n|turn|8\n|\n|t:|1782838976\n|switch|p2a: Jumpluff|Jumpluff, L87, F|271/271\n|move|p1a: Tatsugiri|Surf|p2a: Jumpluff\n|-resisted|p2a: Jumpluff\n|-damage|p2a: Jumpluff|214/271\n|\n|upkeep\n|turn|9\n|\n|t:|1782838984\n|switch|p1a: Oinkologne|Oinkologne-F, L92, F|361/361\n|move|p2a: Jumpluff|Encore|p1a: Oinkologne\n|-block|p1a: Oinkologne|ability: Aroma Veil|[of] p1a: Oinkologne\n|\n|upkeep\n|turn|10\n|\n|t:|1782838987\n|move|p2a: Jumpluff|Acrobatics|p1a: Oinkologne\n|-damage|p1a: Oinkologne|277/361\n|move|p1a: Oinkologne|Body Slam|p2a: Jumpluff\n|-damage|p2a: Jumpluff|100/271\n|\n|-heal|p1a: Oinkologne|299/361|[from] item: Leftovers\n|upkeep\n|turn|11\n|\n|t:|1782838990\n|move|p2a: Jumpluff|Strength Sap|p1a: Oinkologne\n|-unboost|p1a: Oinkologne|atk|1\n|-heal|p2a: Jumpluff|271/271\n|move|p1a: Oinkologne|Body Slam|p2a: Jumpluff\n|-damage|p2a: Jumpluff|195/271\n|\n|-heal|p1a: Oinkologne|321/361|[from] item: Leftovers\n|upkeep\n|turn|12\n|\n|t:|1782838993\n|switch|p2a: Carbink|Carbink, L90|236/236\n|move|p1a: Oinkologne|Body Slam|p2a: Carbink\n|-resisted|p2a: Carbink\n|-damage|p2a: Carbink|217/236\n|\n|-heal|p1a: Oinkologne|343/361|[from] item: Leftovers\n|-heal|p2a: Carbink|231/236|[from] item: Leftovers\n|upkeep\n|turn|13\n|\n|t:|1782839000\n|switch|p1a: Leafeon|Leafeon, L88, M|258/258\n|move|p2a: Carbink|Rock Polish|p2a: Carbink\n|-boost|p2a: Carbink|spe|2\n|\n|-heal|p2a: Carbink|236/236|[from] item: Leftovers\n|upkeep\n|turn|14\n|\n|t:|1782839014\n|move|p2a: Carbink|Iron Defense|p2a: Carbink\n|-boost|p2a: Carbink|def|2\n|move|p1a: Leafeon|Swords Dance|p1a: Leafeon\n|-boost|p1a: Leafeon|atk|2\n|\n|upkeep\n|turn|15\n|\n|t:|1782839019\n|-terastallize|p2a: Carbink|Fighting\n|move|p2a: Carbink|Iron Defense|p2a: Carbink\n|-boost|p2a: Carbink|def|2\n|move|p1a: Leafeon|Leaf Blade|p2a: Carbink\n|-damage|p2a: Carbink|180/236\n|-damage|p1a: Leafeon|233/258|[from] item: Life Orb\n|\n|-heal|p2a: Carbink|194/236|[from] item: Leftovers\n|upkeep\n|turn|16\n|\n|t:|1782839022\n|move|p2a: Carbink|Body Press|p1a: Leafeon\n|-damage|p1a: Leafeon|0 fnt\n|faint|p1a: Leafeon\n|\n|-heal|p2a: Carbink|208/236|[from] item: Leftovers\n|upkeep\n|\n|t:|1782839028\n|switch|p1a: Tatsugiri|Tatsugiri, L87, M|260/260\n|turn|17\n|\n|t:|1782839032\n|-terastallize|p1a: Tatsugiri|Water\n|move|p2a: Carbink|Body Press|p1a: Tatsugiri\n|-damage|p1a: Tatsugiri|0 fnt\n|faint|p1a: Tatsugiri\n|\n|-heal|p2a: Carbink|222/236|[from] item: Leftovers\n|upkeep\n|c|\u2606YeetFleetSkeet|Let\u2019s gooooooo\n|-message|YeetFleetSkeet forfeited.\n|\n|win|LiggyLiggy\n|raw|YeetFleetSkeet's rating: 1858 &rarr; <strong>1841</strong><br />(-17 for losing)\n|raw|LiggyLiggy's rating: 1907 &rarr; <strong>1924</strong><br />(+17 for winning)\n", "inputlog": ">version f8ac14003a5f27e1bdc8d8c59608a773c1cb96e5\n>start {\"formatid\":\"gen9randombattle\",\"seed\":\"sodium,e175ed851261db2265a9b4a8313cbd59\",\"rated\":\"Rated battle\"}\n>player p1 {\"name\":\"YeetFleetSkeet\",\"avatar\":\"lance\",\"rating\":1858,\"seed\":\"sodium,7a1c03174271f7d00dc7e3b094af70f2\"}\n>player p2 {\"name\":\"LiggyLiggy\",\"avatar\":\"1\",\"rating\":1907,\"seed\":\"sodium,f82caabc4f7288d11c5e14ce01bb1c5b\"}\n>p1 switch 5\n>p2 move knockoff\n>p1 move willowisp\n>p2 switch 2\n>p1 move earthquake\n>p2 move doubleedge\n>p1 switch 4\n>p2 move doubleedge\n>p1 move headsmash\n>p2 switch 4\n>p1 switch 4\n>p2 move irondefense\n>p1 move willowisp\n>p2 move bodypress\n>p1 switch 5\n>p1 move surf\n>p2 switch 3\n>p1 switch 2\n>p2 move encore\n>p1 move bodyslam\n>p2 move acrobatics\n>p1 move bodyslam\n>p2 move strengthsap\n>p1 move bodyslam\n>p2 switch 6\n>p1 switch 6\n>p2 move rockpolish\n>p1 move swordsdance\n>p2 move irondefense\n>p1 move leafblade\n>p2 move irondefense terastallize\n>p1 move leafblade\n>p2 move bodypress\n>p1 switch 2\n>p1 move surf terastallize\n>p2 move bodypress\n>chat \u2606YeetFleetSkeet|Let\u2019s gooooooo\n>forcelose p1", "uploadtime": 1782839044, "views": 7, "formatid": "gen9randombattle", "rating": 1841, "private": 0, "password": null, "player_dets": [{"name": "YeetFleetSkeet", "avatar": "lance", "rating": 1858, "seed": "sodium,7a1c03174271f7d00dc7e3b094af70f2"}, {"name": "LiggyLiggy", "avatar": "1", "rating": 1907, "seed": "sodium,f82caabc4f7288d11c5e14ce01bb1c5b"}], "teams_full": [{"Tatsugiri": {"name": "Tatsugiri", "species": "Tatsugiri", "speciesId": "tatsugiri", "gender": "M", "shiny": false, "level": 87, "moves": ["surf", "rapidspin", "dracometeor", "nastyplot"], "ability": "Storm Drain", "evs": {"hp": 85, "atk": 85, "def": 85, "spa": 85, "spd": 85, "spe": 85}, "ivs": {"hp": 31, "atk": 31, "def": 31, "spa": 31, "spd": 31, "spe": 31}, "item": "Heavy-Duty Boots", "teraType": "Water", "role": "Fast Support", "bvs": {"hp": 68, "atk": 50, "def": 60, "spa": 120, "spd": 95, "spe": 82}, "stats": {"hp": 260, "atk": 137, "def": 154, "spa": 259, "spd": 215, "spe": 192}, "types": ["Dragon", "Water"]}, "Oinkologne": {"name": "Oinkologne", "species": "Oinkologne-F", "speciesId": "oinkolognef", "gender": "F", "shiny": false, "level": 92, "moves": ["rest", "sleeptalk", "curse", "bodyslam"], "ability": "Aroma Veil", "evs": {"hp": 85, "atk": 85, "def": 85, "spa": 85, "spd": 85, "spe": 85}, "ivs": {"hp": 31, "atk": 31, "def": 31, "spa": 31, "spd": 31, "spe": 31}, "item": "Leftovers", "teraType": "Poison", "role": "Bulky Support", "bvs": {"hp": 115, "atk": 90, "def": 70, "spa": 59, "spd": 90, "spe": 65}, "stats": {"hp": 361, "atk": 218, "def": 181, "spa": 161, "spd": 218, "spe": 172}, "types": ["Normal"]}, "Stonjourner": {"name": "Stonjourner", "species": "Stonjourner", "speciesId": "stonjourner", "gender": "F", "shiny": false, "level": 91, "moves": ["heatcrash", "stealthrock", "earthquake", "stoneedge"], "ability": "Power Spot", "evs": {"hp": 85, "atk": 85, "def": 85, "spa": 85, "spd": 85, "spe": 85}, "ivs": {"hp": 31, "atk": 31, "def": 31, "spa": 31, "spd": 31, "spe": 31}, "item": "Life Orb", "teraType": "Ground", "role": "Fast Attacker", "bvs": {"hp": 100, "atk": 125, "def": 135, "spa": 20, "spd": 20, "spe": 70}, "stats": {"hp": 330, "atk": 279, "def": 298, "spa": 88, "spd": 88, "spe": 179}, "types": ["Rock"]}, "Sudowoodo": {"name": "Sudowoodo", "species": "Sudowoodo", "speciesId": "sudowoodo", "gender": "M", "shiny": false, "level": 94, "moves": ["earthquake", "headsmash", "woodhammer", "suckerpunch"], "ability": "Rock Head", "evs": {"hp": 85, "atk": 85, "def": 85, "spa": 85, "spd": 85, "spe": 85}, "ivs": {"hp": 31, "atk": 31, "def": 31, "spa": 31, "spd": 31, "spe": 31}, "item": "Choice Band", "teraType": "Grass", "role": "Bulky Attacker", "bvs": {"hp": 70, "atk": 100, "def": 115, "spa": 30, "spd": 65, "spe": 30}, "stats": {"hp": 284, "atk": 241, "def": 270, "spa": 110, "spd": 176, "spe": 110}, "types": ["Rock"]}, "Camerupt": {"name": "Camerupt", "species": "Camerupt", "speciesId": "camerupt", "gender": "M", "shiny": false, "level": 91, "moves": ["willowisp", "overheat", "earthquake", "roar"], "ability": "Solid Rock", "evs": {"hp": 85, "atk": 85, "def": 85, "spa": 85, "spd": 85, "spe": 85}, "ivs": {"hp": 31, "atk": 31, "def": 31, "spa": 31, "spd": 31, "spe": 31}, "item": "Leftovers", "teraType": "Grass", "role": "Bulky Support", "bvs": {"hp": 70, "atk": 100, "def": 70, "spa": 105, "spd": 75, "spe": 40}, "stats": {"hp": 275, "atk": 234, "def": 179, "spa": 243, "spd": 188, "spe": 125}, "types": ["Fire", "Ground"]}, "Leafeon": {"name": "Leafeon", "species": "Leafeon", "speciesId": "leafeon", "gender": "M", "shiny": false, "level": 88, "moves": ["knockoff", "leafblade", "synthesis", "swordsdance"], "ability": "Chlorophyll", "evs": {"hp": 85, "atk": 85, "def": 85, "spa": 85, "spd": 85, "spe": 85}, "ivs": {"hp": 31, "atk": 31, "def": 31, "spa": 31, "spd": 31, "spe": 31}, "item": "Life Orb", "teraType": "Dark", "role": "Setup Sweeper", "bvs": {"hp": 65, "atk": 110, "def": 130, "spa": 60, "spd": 65, "spe": 95}, "stats": {"hp": 258, "atk": 244, "def": 279, "spa": 156, "spd": 165, "spe": 217}, "types": ["Grass"]}}, {"Heracross": {"name": "Heracross", "species": "Heracross", "speciesId": "heracross", "gender": "F", "shiny": false, "level": 80, "moves": ["megahorn", "closecombat", "knockoff", "stoneedge"], "ability": "Moxie", "evs": {"hp": 85, "atk": 85, "def": 85, "spa": 85, "spd": 85, "spe": 85}, "ivs": {"hp": 31, "atk": 31, "def": 31, "spa": 31, "spd": 31, "spe": 31}, "item": "Choice Band", "teraType": "Fighting", "role": "Fast Attacker", "bvs": {"hp": 80, "atk": 125, "def": 75, "spa": 40, "spd": 95, "spe": 85}, "stats": {"hp": 259, "atk": 246, "def": 166, "spa": 110, "spd": 198, "spe": 182}, "types": ["Bug", "Fighting"]}, "Basculin": {"name": "Basculin", "species": "Basculin-Blue-Striped", "speciesId": "basculin", "gender": "F", "shiny": false, "level": 86, "moves": ["wavecrash", "doubleedge", "flipturn", "aquajet"], "ability": "Adaptability", "evs": {"hp": 85, "atk": 85, "def": 85, "spa": 85, "spd": 85, "spe": 85}, "ivs": {"hp": 31, "atk": 31, "def": 31, "spa": 31, "spd": 31, "spe": 31}, "item": "Choice Band", "teraType": "Water", "role": "Wallbreaker", "bvs": {"hp": 70, "atk": 92, "def": 65, "spa": 80, "spd": 55, "spe": 98}, "stats": {"hp": 261, "atk": 207, "def": 161, "spa": 187, "spd": 144, "spe": 218}, "types": ["Water"]}, "Jumpluff": {"name": "Jumpluff", "species": "Jumpluff", "speciesId": "jumpluff", "gender": "F", "shiny": false, "level": 87, "moves": ["acrobatics", "strengthsap", "uturn", "encore"], "ability": "Infiltrator", "evs": {"hp": 81, "atk": 85, "def": 85, "spa": 85, "spd": 85, "spe": 85}, "ivs": {"hp": 31, "atk": 31, "def": 31, "spa": 31, "spd": 31, "spe": 31}, "item": "", "teraType": "Steel", "role": "Bulky Attacker", "bvs": {"hp": 75, "atk": 55, "def": 70, "spa": 55, "spd": 95, "spe": 110}, "stats": {"hp": 271, "atk": 145, "def": 172, "spa": 145, "spd": 215, "spe": 241}, "types": ["Grass", "Flying"]}, "Probopass": {"name": "Probopass", "species": "Probopass", "speciesId": "probopass", "gender": "F", "shiny": false, "level": 91, "moves": ["irondefense", "bodypress", "rest", "flashcannon"], "ability": "Magnet Pull", "evs": {"hp": 85, "atk": 0, "def": 85, "spa": 85, "spd": 85, "spe": 85}, "ivs": {"hp": 31, "atk": 0, "def": 31, "spa": 31, "spd": 31, "spe": 31}, "item": "Chesto Berry", "teraType": "Fighting", "role": "Bulky Setup", "bvs": {"hp": 60, "atk": 55, "def": 145, "spa": 75, "spd": 150, "spe": 40}, "stats": {"hp": 257, "atk": 105, "def": 316, "spa": 188, "spd": 325, "spe": 125}, "types": ["Rock", "Steel"]}, "Quaquaval": {"name": "Quaquaval", "species": "Quaquaval", "speciesId": "quaquaval", "gender": "M", "shiny": false, "level": 79, "moves": ["closecombat", "aquastep", "knockoff", "tripleaxel"], "ability": "Moxie", "evs": {"hp": 85, "atk": 85, "def": 85, "spa": 85, "spd": 85, "spe": 85}, "ivs": {"hp": 31, "atk": 31, "def": 31, "spa": 31, "spd": 31, "spe": 31}, "item": "Choice Band", "teraType": "Fighting", "role": "Wallbreaker", "bvs": {"hp": 85, "atk": 120, "def": 80, "spa": 85, "spd": 75, "spe": 85}, "stats": {"hp": 264, "atk": 235, "def": 172, "spa": 180, "spd": 164, "spe": 180}, "types": ["Water", "Fighting"]}, "Carbink": {"name": "Carbink", "species": "Carbink", "speciesId": "carbink", "gender": "N", "shiny": false, "level": 90, "moves": ["irondefense", "rockpolish", "bodypress", "moonblast"], "ability": "Sturdy", "evs": {"hp": 85, "atk": 0, "def": 85, "spa": 85, "spd": 85, "spe": 85}, "ivs": {"hp": 31, "atk": 0, "def": 31, "spa": 31, "spd": 31, "spe": 31}, "item": "Leftovers", "teraType": "Fighting", "role": "Fast Bulky Setup", "bvs": {"hp": 50, "atk": 50, "def": 150, "spa": 50, "spd": 150, "spe": 50}, "stats": {"hp": 236, "atk": 95, "def": 321, "spa": 141, "spd": 321, "spe": 141}, "types": ["Rock", "Fairy"]}}]}