{"id": "gen9randombattle-2642128986", "format": "[Gen 9] Random Battle", "players": ["pingpingwuqi", "forcemajor14"], "log": "|j|\u2606pingpingwuqi\n|j|\u2606forcemajor14\n|t:|1782896176\n|gametype|singles\n|player|p1|pingpingwuqi|170|2023\n|player|p2|forcemajor14|266|2146\n|gen|9\n|tier|[Gen 9] Random Battle\n|rated|\n|rule|Species Clause: Limit one of each Pok\u00e9mon\n|rule|HP Percentage Mod: HP is shown in percentages\n|rule|Sleep Clause Mod: Limit one foe put to sleep\n|rule|Illusion Level Mod: Illusion disguises the Pok\u00e9mon's true level\n|\n|t:|1782896176\n|teamsize|p1|6\n|teamsize|p2|6\n|start\n|switch|p1a: Keldeo|Keldeo-Resolute, L79|273/273\n|switch|p2a: Pachirisu|Pachirisu, L96, M|271/271\n|turn|1\n|\n|t:|1782896182\n|switch|p1a: Golurk|Golurk, L87|297/297\n|move|p2a: Pachirisu|Super Fang|p1a: Golurk\n|-immune|p1a: Golurk\n|\n|upkeep\n|turn|2\n|inactive|Battle timer is ON: inactive players will automatically lose when time's up. (requested by forcemajor14)\n|\n|t:|1782896187\n|move|p2a: Pachirisu|U-turn|p1a: Golurk\n|-resisted|p1a: Golurk\n|-damage|p1a: Golurk|278/297\n|\n|t:|1782896191\n|switch|p2a: Donphan|Donphan, L84, M|288/288|[from] U-turn\n|move|p1a: Golurk|Stealth Rock|p2a: Donphan\n|-sidestart|p2: forcemajor14|move: Stealth Rock\n|\n|upkeep\n|turn|3\n|\n|t:|1782896200\n|move|p1a: Golurk|Poltergeist|p2a: Donphan\n|-activate|p2a: Donphan|move: Poltergeist|Leftovers\n|-damage|p2a: Donphan|139/288\n|-damage|p1a: Golurk|249/297|[from] item: Life Orb\n|move|p2a: Donphan|Stealth Rock|p1a: Golurk\n|-sidestart|p1: pingpingwuqi|move: Stealth Rock\n|\n|-heal|p2a: Donphan|157/288|[from] item: Leftovers\n|upkeep\n|turn|4\n|\n|t:|1782896207\n|move|p2a: Donphan|Ice Shard|p1a: Golurk\n|-supereffective|p1a: Golurk\n|-damage|p1a: Golurk|183/297\n|move|p1a: Golurk|Poltergeist|p2a: Donphan\n|-activate|p2a: Donphan|move: Poltergeist|Leftovers\n|-damage|p2a: Donphan|4/288\n|-damage|p1a: Golurk|154/297|[from] item: Life Orb\n|\n|-heal|p2a: Donphan|22/288|[from] item: Leftovers\n|upkeep\n|turn|5\n|\n|t:|1782896212\n|move|p2a: Donphan|Ice Shard|p1a: Golurk\n|-supereffective|p1a: Golurk\n|-damage|p1a: Golurk|84/297\n|move|p1a: Golurk|Dynamic Punch|p2a: Donphan\n|-damage|p2a: Donphan|0 fnt\n|faint|p2a: Donphan\n|-damage|p1a: Golurk|55/297|[from] item: Life Orb\n|\n|upkeep\n|\n|t:|1782896214\n|switch|p2a: Inteleon|Inteleon, L81, F|246/246\n|-damage|p2a: Inteleon|216/246|[from] Stealth Rock\n|turn|6\n|\n|t:|1782896218\n|move|p2a: Inteleon|Ice Beam|p1a: Golurk\n|-supereffective|p1a: Golurk\n|-damage|p1a: Golurk|0 fnt\n|faint|p1a: Golurk\n|\n|upkeep\n|\n|t:|1782896222\n|switch|p1a: Coalossal|Coalossal, L89, M|341/341\n|turn|7\n|\n|t:|1782896226\n|move|p2a: Inteleon|Ice Beam|p1a: Coalossal\n|-resisted|p1a: Coalossal\n|-damage|p1a: Coalossal|289/341\n|move|p1a: Coalossal|Rapid Spin|p2a: Inteleon\n|-damage|p2a: Inteleon|168/246\n|-boost|p1a: Coalossal|spe|1\n|-sideend|p1: pingpingwuqi|Stealth Rock|[from] move: Rapid Spin|[of] p1a: Coalossal\n|\n|upkeep\n|turn|8\n|\n|t:|1782896233\n|move|p2a: Inteleon|Ice Beam|p1a: Coalossal\n|-resisted|p1a: Coalossal\n|-crit|p1a: Coalossal\n|-damage|p1a: Coalossal|214/341\n|move|p1a: Coalossal|Stone Edge|p2a: Inteleon|[miss]\n|-miss|p1a: Coalossal|p2a: Inteleon\n|\n|upkeep\n|turn|9\n|\n|t:|1782896238\n|move|p2a: Inteleon|Ice Beam|p1a: Coalossal\n|-resisted|p1a: Coalossal\n|-damage|p1a: Coalossal|160/341\n|move|p1a: Coalossal|Stone Edge|p2a: Inteleon\n|-damage|p2a: Inteleon|45/246\n|\n|upkeep\n|turn|10\n|\n|t:|1782896241\n|move|p2a: Inteleon|Ice Beam|p1a: Coalossal\n|-resisted|p1a: Coalossal\n|-damage|p1a: Coalossal|114/341\n|move|p1a: Coalossal|Flamethrower|p2a: Inteleon\n|-resisted|p2a: Inteleon\n|-damage|p2a: Inteleon|0 fnt\n|faint|p2a: Inteleon\n|\n|upkeep\n|\n|t:|1782896244\n|switch|p2a: Blaziken|Blaziken, L76, M|247/247\n|-damage|p2a: Blaziken|217/247|[from] Stealth Rock\n|turn|11\n|\n|t:|1782896253\n|switch|p1a: Hoopa|Hoopa-Unbound, L80|259/259\n|move|p2a: Blaziken|Swords Dance|p2a: Blaziken\n|-boost|p2a: Blaziken|atk|2\n|\n|-ability|p2a: Blaziken|Speed Boost|boost\n|-boost|p2a: Blaziken|spe|1\n|upkeep\n|turn|12\n|\n|t:|1782896263\n|move|p1a: Hoopa|Psychic|p2a: Blaziken\n|-supereffective|p2a: Blaziken\n|-damage|p2a: Blaziken|0 fnt\n|faint|p2a: Blaziken\n|\n|upkeep\n|\n|t:|1782896264\n|switch|p2a: Pachirisu|Pachirisu, L96, M|271/271\n|-damage|p2a: Pachirisu|238/271|[from] Stealth Rock\n|turn|13\n|\n|t:|1782896267\n|switch|p1a: Coalossal|Coalossal, L89, M|114/341\n|move|p2a: Pachirisu|Nuzzle|p1a: Coalossal\n|-damage|p1a: Coalossal|101/341\n|-status|p1a: Coalossal|par\n|\n|upkeep\n|turn|14\n|\n|t:|1782896273\n|move|p2a: Pachirisu|Thunderbolt|p1a: Coalossal\n|-crit|p1a: Coalossal\n|-damage|p1a: Coalossal|4/341 par\n|move|p1a: Coalossal|Stone Edge|p2a: Pachirisu\n|-damage|p2a: Pachirisu|124/271\n|\n|upkeep\n|turn|15\n|\n|t:|1782896279\n|move|p2a: Pachirisu|Thunderbolt|p1a: Coalossal\n|-damage|p1a: Coalossal|0 fnt\n|faint|p1a: Coalossal\n|\n|upkeep\n|\n|t:|1782896284\n|switch|p1a: Hoopa|Hoopa-Unbound, L80|259/259\n|turn|16\n|\n|t:|1782896286\n|move|p1a: Hoopa|Hyperspace Fury|p2a: Pachirisu\n|-damage|p2a: Pachirisu|0 fnt\n|-unboost|p1a: Hoopa|def|1\n|faint|p2a: Pachirisu\n|\n|upkeep\n|\n|t:|1782896287\n|switch|p2a: Braviary|Braviary-Hisui, L85, M|326/326\n|turn|17\n|\n|t:|1782896296\n|switch|p1a: Keldeo|Keldeo-Resolute, L79|273/273\n|move|p2a: Braviary|Calm Mind|p2a: Braviary\n|-boost|p2a: Braviary|spa|1\n|-boost|p2a: Braviary|spd|1\n|\n|upkeep\n|turn|18\n|\n|t:|1782896302\n|move|p1a: Keldeo|Flip Turn|p2a: Braviary\n|-damage|p2a: Braviary|274/326\n|\n|t:|1782896305\n|switch|p1a: Hoopa|Hoopa-Unbound, L80|259/259|[from] Flip Turn\n|move|p2a: Braviary|Esper Wing|p1a: Hoopa\n|-immune|p1a: Hoopa\n|\n|upkeep\n|turn|19\n|\n|t:|1782896314\n|move|p1a: Hoopa|Trick|p2a: Braviary\n|-activate|p1a: Hoopa|move: Trick|[of] p2a: Braviary\n|-item|p2a: Braviary|Choice Scarf|[from] move: Trick\n|-item|p1a: Hoopa|Heavy-Duty Boots|[from] move: Trick\n|move|p2a: Braviary|Hurricane|p1a: Hoopa|[miss]\n|-miss|p2a: Braviary|p1a: Hoopa\n|\n|upkeep\n|turn|20\n|\n|t:|1782896322\n|move|p2a: Braviary|Hurricane|p1a: Hoopa|[miss]\n|-miss|p2a: Braviary|p1a: Hoopa\n|move|p1a: Hoopa|Hyperspace Fury|p2a: Braviary\n|-supereffective|p2a: Braviary\n|-damage|p2a: Braviary|0 fnt\n|-unboost|p1a: Hoopa|def|1\n|faint|p2a: Braviary\n|\n|upkeep\n|\n|t:|1782896323\n|switch|p2a: Chimecho|Chimecho, L93, M|290/290\n|-damage|p2a: Chimecho|254/290|[from] Stealth Rock\n|turn|21\n|\n|t:|1782896337\n|switch|p1a: Klawf|Klawf, L90, M|272/272\n|-terastallize|p2a: Chimecho|Steel\n|move|p2a: Chimecho|Cosmic Power|p2a: Chimecho\n|-boost|p2a: Chimecho|def|1\n|-boost|p2a: Chimecho|spd|1\n|\n|-heal|p2a: Chimecho|272/290|[from] item: Leftovers\n|upkeep\n|turn|22\n|\n|t:|1782896343\n|move|p1a: Klawf|Swords Dance|p1a: Klawf\n|-boost|p1a: Klawf|atk|2\n|move|p2a: Chimecho|Cosmic Power|p2a: Chimecho\n|-boost|p2a: Chimecho|def|1\n|-boost|p2a: Chimecho|spd|1\n|\n|-heal|p2a: Chimecho|290/290|[from] item: Leftovers\n|upkeep\n|turn|23\n|\n|t:|1782896346\n|move|p1a: Klawf|Swords Dance|p1a: Klawf\n|-boost|p1a: Klawf|atk|2\n|move|p2a: Chimecho|Cosmic Power|p2a: Chimecho\n|-boost|p2a: Chimecho|def|1\n|-boost|p2a: Chimecho|spd|1\n|\n|upkeep\n|turn|24\n|\n|t:|1782896350\n|-terastallize|p1a: Klawf|Water\n|move|p1a: Klawf|Crabhammer|p2a: Chimecho\n|-damage|p2a: Chimecho|146/290\n|move|p2a: Chimecho|Cosmic Power|p2a: Chimecho\n|-boost|p2a: Chimecho|def|1\n|-boost|p2a: Chimecho|spd|1\n|\n|-heal|p2a: Chimecho|164/290|[from] item: Leftovers\n|upkeep\n|turn|25\n|\n|t:|1782896357\n|move|p1a: Klawf|Crabhammer|p2a: Chimecho\n|-damage|p2a: Chimecho|46/290\n|move|p2a: Chimecho|Recover|p2a: Chimecho\n|-heal|p2a: Chimecho|191/290\n|\n|-heal|p2a: Chimecho|209/290|[from] item: Leftovers\n|upkeep\n|turn|26\n|\n|t:|1782896361\n|move|p1a: Klawf|Knock Off|p2a: Chimecho\n|-damage|p2a: Chimecho|125/290\n|-enditem|p2a: Chimecho|Leftovers|[from] move: Knock Off|[of] p1a: Klawf\n|move|p2a: Chimecho|Recover|p2a: Chimecho\n|-heal|p2a: Chimecho|270/290\n|\n|upkeep\n|turn|27\n|\n|t:|1782896363\n|move|p1a: Klawf|Crabhammer|p2a: Chimecho\n|-damage|p2a: Chimecho|153/290\n|move|p2a: Chimecho|Cosmic Power|p2a: Chimecho\n|-boost|p2a: Chimecho|def|1\n|-boost|p2a: Chimecho|spd|1\n|\n|upkeep\n|turn|28\n|\n|t:|1782896367\n|move|p1a: Klawf|Swords Dance|p1a: Klawf\n|-boost|p1a: Klawf|atk|2\n|move|p2a: Chimecho|Recover|p2a: Chimecho\n|-heal|p2a: Chimecho|290/290\n|\n|upkeep\n|turn|29\n|\n|t:|1782896371\n|move|p1a: Klawf|Crabhammer|p2a: Chimecho|[miss]\n|-miss|p1a: Klawf|p2a: Chimecho\n|move|p2a: Chimecho|Stored Power|p1a: Klawf\n|-damage|p1a: Klawf|0 fnt\n|faint|p1a: Klawf\n|\n|upkeep\n|\n|t:|1782896379\n|switch|p1a: Keldeo|Keldeo-Resolute, L79|273/273\n|turn|30\n|\n|t:|1782896382\n|move|p1a: Keldeo|Secret Sword|p2a: Chimecho\n|-supereffective|p2a: Chimecho\n|-damage|p2a: Chimecho|206/290\n|move|p2a: Chimecho|Stored Power|p1a: Keldeo\n|-supereffective|p1a: Keldeo\n|-damage|p1a: Keldeo|0 fnt\n|faint|p1a: Keldeo\n|\n|upkeep\n|-message|pingpingwuqi forfeited.\n|\n|win|forcemajor14\n|raw|pingpingwuqi's rating: 2023 &rarr; <strong>2009</strong><br />(-14 for losing)\n|raw|forcemajor14's rating: 2128 &rarr; <strong>2142</strong><br />(+14 for winning)\n", "inputlog": ">version f8ac14003a5f27e1bdc8d8c59608a773c1cb96e5\n>start {\"formatid\":\"gen9randombattle\",\"seed\":\"sodium,4211a8947a04e38e57212b3e829ace88\",\"rated\":\"Rated battle\"}\n>player p1 {\"name\":\"pingpingwuqi\",\"avatar\":\"170\",\"rating\":2023,\"seed\":\"sodium,4dda2657931bd212156538e311f511fa\"}\n>player p2 {\"name\":\"forcemajor14\",\"avatar\":\"266\",\"rating\":2146,\"seed\":\"sodium,448de6b40d9c84e29fcf13c923027ea9\"}\n>p1 switch 5\n>p2 move superfang\n>p1 move stealthrock\n>p2 move uturn\n>p2 switch 6\n>p1 move poltergeist\n>p2 move stealthrock\n>p1 move poltergeist\n>p2 move iceshard\n>p1 move dynamicpunch\n>p2 move iceshard\n>p2 switch 4\n>p1 move poltergeist\n>p2 move icebeam\n>p1 switch 3\n>p1 move rapidspin\n>p2 move icebeam\n>p1 move stoneedge\n>p2 move icebeam\n>p1 move stoneedge\n>p2 move icebeam\n>p1 move flamethrower\n>p2 move icebeam\n>p2 switch 3\n>p1 switch 2\n>p2 move swordsdance\n>p1 move psychic\n>p2 move flareblitz\n>p2 switch 6\n>p1 switch 2\n>p2 move nuzzle\n>p1 move stoneedge\n>p2 move thunderbolt\n>p1 move flamethrower\n>p2 move thunderbolt\n>p1 switch 2\n>p1 move hyperspacefury\n>p2 move nuzzle\n>p2 switch 5\n>p1 switch 5\n>p2 move calmmind\n>p1 move flipturn\n>p2 move esperwing\n>p1 switch 5\n>p1 move trick\n>p2 move hurricane\n>p1 move hyperspacefury\n>p2 move hurricane\n>p2 switch 2\n>p1 switch 4\n>p2 move cosmicpower terastallize\n>p1 move swordsdance\n>p2 move cosmicpower\n>p1 move swordsdance\n>p2 move cosmicpower\n>p1 move crabhammer terastallize\n>p2 move cosmicpower\n>p1 move crabhammer\n>p2 move recover\n>p1 move knockoff\n>p2 move recover\n>p1 move crabhammer\n>p2 move cosmicpower\n>p1 move swordsdance\n>p2 move recover\n>p1 move crabhammer\n>p2 move storedpower\n>p1 switch 5\n>p1 move secretsword\n>p2 move storedpower\n>forcelose p1", "uploadtime": 1782896387, "views": 7, "formatid": "gen9randombattle", "rating": 2009, "private": 0, "password": null, "player_dets": [{"name": "pingpingwuqi", "avatar": "170", "rating": 2023, "seed": "sodium,4dda2657931bd212156538e311f511fa"}, {"name": "forcemajor14", "avatar": "266", "rating": 2146, "seed": "sodium,448de6b40d9c84e29fcf13c923027ea9"}], "teams_full": [{"Keldeo": {"name": "Keldeo", "species": "Keldeo-Resolute", "speciesId": "keldeoresolute", "gender": "N", "shiny": false, "level": 79, "moves": ["secretsword", "airslash", "flipturn", "hydropump"], "ability": "Justified", "evs": {"hp": 85, "atk": 85, "def": 85, "spa": 85, "spd": 85, "spe": 85}, "ivs": {"hp": 31, "atk": 31, "def": 31, "spa": 31, "spd": 31, "spe": 31}, "item": "Choice Specs", "teraType": "Fighting", "role": "Fast Attacker", "bvs": {"hp": 91, "atk": 72, "def": 90, "spa": 129, "spd": 90, "spe": 108}, "stats": {"hp": 273, "atk": 159, "def": 188, "spa": 249, "spd": 188, "spe": 216}, "types": ["Water", "Fighting"]}, "Hoopa": {"name": "Hoopa", "species": "Hoopa-Unbound", "speciesId": "hoopaunbound", "gender": "N", "shiny": false, "level": 80, "moves": ["trick", "psychic", "hyperspacefury", "focusblast"], "ability": "Magician", "evs": {"hp": 85, "atk": 85, "def": 85, "spa": 85, "spd": 85, "spe": 85}, "ivs": {"hp": 31, "atk": 31, "def": 31, "spa": 31, "spd": 31, "spe": 31}, "item": "Choice Scarf", "teraType": "Fighting", "role": "Bulky Attacker", "bvs": {"hp": 80, "atk": 160, "def": 60, "spa": 170, "spd": 130, "spe": 80}, "stats": {"hp": 259, "atk": 302, "def": 142, "spa": 318, "spd": 254, "spe": 174}, "types": ["Psychic", "Dark"]}, "Coalossal": {"name": "Coalossal", "species": "Coalossal", "speciesId": "coalossal", "gender": "M", "shiny": false, "level": 89, "moves": ["willowisp", "stoneedge", "flamethrower", "rapidspin"], "ability": "Flame Body", "evs": {"hp": 85, "atk": 85, "def": 85, "spa": 85, "spd": 85, "spe": 85}, "ivs": {"hp": 31, "atk": 31, "def": 31, "spa": 31, "spd": 31, "spe": 31}, "item": "Heavy-Duty Boots", "teraType": "Ghost", "role": "Bulky Support", "bvs": {"hp": 110, "atk": 80, "def": 120, "spa": 80, "spd": 90, "spe": 30}, "stats": {"hp": 341, "atk": 193, "def": 264, "spa": 193, "spd": 211, "spe": 104}, "types": ["Rock", "Fire"]}, "Klawf": {"name": "Klawf", "species": "Klawf", "speciesId": "klawf", "gender": "M", "shiny": false, "level": 90, "moves": ["knockoff", "swordsdance", "stoneedge", "crabhammer"], "ability": "Anger Shell", "evs": {"hp": 85, "atk": 85, "def": 85, "spa": 85, "spd": 85, "spe": 85}, "ivs": {"hp": 31, "atk": 31, "def": 31, "spa": 31, "spd": 31, "spe": 31}, "item": "Expert Belt", "teraType": "Water", "role": "Setup Sweeper", "bvs": {"hp": 70, "atk": 100, "def": 115, "spa": 35, "spd": 55, "spe": 75}, "stats": {"hp": 272, "atk": 231, "def": 258, "spa": 114, "spd": 150, "spe": 186}, "types": ["Rock"]}, "Golurk": {"name": "Golurk", "species": "Golurk", "speciesId": "golurk", "gender": "N", "shiny": false, "level": 87, "moves": ["poltergeist", "dynamicpunch", "stealthrock", "earthquake"], "ability": "No Guard", "evs": {"hp": 85, "atk": 85, "def": 85, "spa": 85, "spd": 85, "spe": 85}, "ivs": {"hp": 31, "atk": 31, "def": 31, "spa": 31, "spd": 31, "spe": 31}, "item": "Life Orb", "teraType": "Fighting", "role": "Wallbreaker", "bvs": {"hp": 89, "atk": 124, "def": 80, "spa": 55, "spd": 80, "spe": 55}, "stats": {"hp": 297, "atk": 266, "def": 189, "spa": 145, "spd": 189, "spe": 145}, "types": ["Ground", "Ghost"]}, "Weavile": {"name": "Weavile", "species": "Weavile", "speciesId": "weavile", "gender": "M", "shiny": false, "level": 79, "moves": ["iceshard", "swordsdance", "tripleaxel", "knockoff"], "ability": "Pickpocket", "evs": {"hp": 85, "atk": 85, "def": 85, "spa": 85, "spd": 85, "spe": 85}, "ivs": {"hp": 31, "atk": 31, "def": 31, "spa": 31, "spd": 31, "spe": 31}, "item": "Heavy-Duty Boots", "teraType": "Dark", "role": "Fast Attacker", "bvs": {"hp": 70, "atk": 120, "def": 65, "spa": 45, "spd": 85, "spe": 125}, "stats": {"hp": 240, "atk": 235, "def": 148, "spa": 117, "spd": 180, "spe": 243}, "types": ["Dark", "Ice"]}}, {"Pachirisu": {"name": "Pachirisu", "species": "Pachirisu", "speciesId": "pachirisu", "gender": "M", "shiny": false, "level": 96, "moves": ["uturn", "superfang", "nuzzle", "thunderbolt"], "ability": "Volt Absorb", "evs": {"hp": 85, "atk": 85, "def": 85, "spa": 85, "spd": 85, "spe": 85}, "ivs": {"hp": 31, "atk": 31, "def": 31, "spa": 31, "spd": 31, "spe": 31}, "item": "Assault Vest", "teraType": "Flying", "role": "AV Pivot", "bvs": {"hp": 60, "atk": 45, "def": 70, "spa": 45, "spd": 90, "spe": 95}, "stats": {"hp": 271, "atk": 141, "def": 189, "spa": 141, "spd": 227, "spe": 237}, "types": ["Electric"]}, "Chimecho": {"name": "Chimecho", "species": "Chimecho", "speciesId": "chimecho", "gender": "M", "shiny": false, "level": 93, "moves": ["dazzlinggleam", "storedpower", "cosmicpower", "recover"], "ability": "Levitate", "evs": {"hp": 85, "atk": 0, "def": 85, "spa": 85, "spd": 85, "spe": 85}, "ivs": {"hp": 31, "atk": 0, "def": 31, "spa": 31, "spd": 31, "spe": 31}, "item": "Leftovers", "teraType": "Steel", "role": "Bulky Attacker", "bvs": {"hp": 75, "atk": 50, "def": 80, "spa": 95, "spd": 90, "spe": 65}, "stats": {"hp": 290, "atk": 98, "def": 202, "spa": 230, "spd": 220, "spe": 174}, "types": ["Psychic"]}, "Blaziken": {"name": "Blaziken", "species": "Blaziken", "speciesId": "blaziken", "gender": "M", "shiny": false, "level": 76, "moves": ["swordsdance", "stoneedge", "flareblitz", "closecombat"], "ability": "Speed Boost", "evs": {"hp": 85, "atk": 85, "def": 85, "spa": 85, "spd": 85, "spe": 85}, "ivs": {"hp": 31, "atk": 31, "def": 31, "spa": 31, "spd": 31, "spe": 31}, "item": "Life Orb", "teraType": "Fighting", "role": "Setup Sweeper", "bvs": {"hp": 80, "atk": 120, "def": 70, "spa": 110, "spd": 70, "spe": 80}, "stats": {"hp": 247, "atk": 226, "def": 150, "spa": 211, "spd": 150, "spe": 166}, "types": ["Fire", "Fighting"]}, "Inteleon": {"name": "Inteleon", "species": "Inteleon", "speciesId": "inteleon", "gender": "F", "shiny": false, "level": 81, "moves": ["uturn", "icebeam", "scald", "hydropump"], "ability": "Torrent", "evs": {"hp": 85, "atk": 85, "def": 85, "spa": 85, "spd": 85, "spe": 85}, "ivs": {"hp": 31, "atk": 31, "def": 31, "spa": 31, "spd": 31, "spe": 31}, "item": "Choice Specs", "teraType": "Water", "role": "Wallbreaker", "bvs": {"hp": 70, "atk": 85, "def": 65, "spa": 125, "spd": 65, "spe": 120}, "stats": {"hp": 246, "atk": 184, "def": 152, "spa": 249, "spd": 152, "spe": 241}, "types": ["Water"]}, "Braviary": {"name": "Braviary", "species": "Braviary-Hisui", "speciesId": "braviaryhisui", "gender": "M", "shiny": false, "level": 85, "moves": ["hurricane", "roost", "calmmind", "esperwing"], "ability": "Tinted Lens", "evs": {"hp": 85, "atk": 0, "def": 85, "spa": 85, "spd": 85, "spe": 85}, "ivs": {"hp": 31, "atk": 0, "def": 31, "spa": 31, "spd": 31, "spe": 31}, "item": "Heavy-Duty Boots", "teraType": "Psychic", "role": "Bulky Attacker", "bvs": {"hp": 110, "atk": 83, "def": 70, "spa": 112, "spd": 70, "spe": 65}, "stats": {"hp": 326, "atk": 146, "def": 168, "spa": 239, "spd": 168, "spe": 159}, "types": ["Psychic", "Flying"]}, "Donphan": {"name": "Donphan", "species": "Donphan", "speciesId": "donphan", "gender": "M", "shiny": false, "level": 84, "moves": ["iceshard", "rapidspin", "earthquake", "stealthrock"], "ability": "Sturdy", "evs": {"hp": 85, "atk": 85, "def": 85, "spa": 85, "spd": 85, "spe": 85}, "ivs": {"hp": 31, "atk": 31, "def": 31, "spa": 31, "spd": 31, "spe": 31}, "item": "Leftovers", "teraType": "Dragon", "role": "Bulky Support", "bvs": {"hp": 90, "atk": 120, "def": 120, "spa": 60, "spd": 60, "spe": 50}, "stats": {"hp": 288, "atk": 250, "def": 250, "spa": 149, "spd": 149, "spe": 132}, "types": ["Ground"]}}]}