{"id": "gen9randombattle-2642111871", "format": "[Gen 9] Random Battle", "players": ["notmetbh102", "Dizay976"], "log": "|j|\u2606notmetbh102\n|j|\u2606Dizay976\n|t:|1782892472\n|gametype|singles\n|player|p1|notmetbh102|265|2188\n|player|p2|Dizay976|265|2218\n|gen|9\n|tier|[Gen 9] Random Battle\n|rated|\n|rule|Species Clause: Limit one of each Pok\u00e9mon\n|rule|HP Percentage Mod: HP is shown in percentages\n|rule|Sleep Clause Mod: Limit one foe put to sleep\n|rule|Illusion Level Mod: Illusion disguises the Pok\u00e9mon's true level\n|\n|t:|1782892472\n|teamsize|p1|6\n|teamsize|p2|6\n|start\n|switch|p1a: Porygon2|Porygon2, L81|270/270\n|switch|p2a: Ninetales|Ninetales, L85, F|263/263\n|-weather|SunnyDay|[from] ability: Drought|[of] p2a: Ninetales\n|-ability|p1a: Porygon2|Download|boost\n|-boost|p1a: Porygon2|atk|1\n|turn|1\n|inactive|Battle timer is ON: inactive players will automatically lose when time's up. (requested by notmetbh102)\n|c|\u2606notmetbh102|hf\n|c|\u2606Dizay976|hf !!\n|\n|t:|1782892501\n|switch|p1a: Flareon|Flareon, L90, M|263/263\n|move|p2a: Ninetales|Fire Blast|p1a: Flareon\n|-resisted|p1a: Flareon\n|-damage|p1a: Flareon|202/263\n|\n|-weather|SunnyDay|[upkeep]\n|-status|p1a: Flareon|tox|[from] item: Toxic Orb\n|upkeep\n|turn|2\n|\n|t:|1782892507\n|switch|p2a: Carbink|Carbink, L90|236/236\n|move|p1a: Flareon|Facade|p2a: Carbink\n|-resisted|p2a: Carbink\n|-damage|p2a: Carbink|167/236\n|\n|-weather|SunnyDay|[upkeep]\n|-damage|p1a: Flareon|186/263 tox|[from] psn\n|upkeep\n|turn|3\n|\n|t:|1782892512\n|switch|p1a: Mewtwo|Mewtwo, L72|272/272\n|-ability|p1a: Mewtwo|Pressure\n|move|p2a: Carbink|Rest|p2a: Carbink\n|-status|p2a: Carbink|slp|[from] move: Rest\n|-heal|p2a: Carbink|236/236 slp|[silent]\n|-enditem|p2a: Carbink|Chesto Berry|[eat]\n|-curestatus|p2a: Carbink|slp|[msg]\n|\n|-weather|SunnyDay|[upkeep]\n|upkeep\n|turn|4\n|\n|t:|1782892518\n|switch|p2a: Delphox|Delphox, L84, F|263/263\n|move|p1a: Mewtwo|Nasty Plot|p1a: Mewtwo\n|-boost|p1a: Mewtwo|spa|2\n|\n|-weather|SunnyDay|[upkeep]\n|upkeep\n|turn|5\n|\n|t:|1782892521\n|move|p1a: Mewtwo|Dark Pulse|p2a: Delphox\n|-supereffective|p2a: Delphox\n|-damage|p2a: Delphox|0 fnt\n|faint|p2a: Delphox\n|-damage|p1a: Mewtwo|245/272|[from] item: Life Orb\n|\n|-weather|none\n|upkeep\n|\n|t:|1782892527\n|switch|p2a: Whimsicott|Whimsicott, L84, M|238/238\n|turn|6\n|\n|t:|1782892529\n|move|p2a: Whimsicott|U-turn|p1a: Mewtwo\n|-supereffective|p1a: Mewtwo\n|-damage|p1a: Mewtwo|159/272\n|\n|t:|1782892531\n|switch|p2a: Carbink|Carbink, L90|236/236|[from] U-turn\n|move|p1a: Mewtwo|Psystrike|p2a: Carbink\n|-damage|p2a: Carbink|55/236\n|-damage|p1a: Mewtwo|132/272|[from] item: Life Orb\n|\n|upkeep\n|turn|7\n|\n|t:|1782892535\n|move|p1a: Mewtwo|Psystrike|p2a: Carbink\n|-damage|p2a: Carbink|0 fnt\n|faint|p2a: Carbink\n|-damage|p1a: Mewtwo|105/272|[from] item: Life Orb\n|\n|upkeep\n|\n|t:|1782892536\n|switch|p2a: Whimsicott|Whimsicott, L84, M|238/238\n|turn|8\n|\n|t:|1782892538\n|move|p2a: Whimsicott|Stun Spore|p1a: Mewtwo\n|-status|p1a: Mewtwo|par\n|cant|p1a: Mewtwo|par\n|\n|upkeep\n|turn|9\n|\n|t:|1782892542\n|move|p2a: Whimsicott|Moonblast|p1a: Mewtwo\n|-damage|p1a: Mewtwo|3/272 par\n|move|p1a: Mewtwo|Psystrike|p2a: Whimsicott\n|-damage|p2a: Whimsicott|0 fnt\n|faint|p2a: Whimsicott\n|-damage|p1a: Mewtwo|0 fnt|[from] item: Life Orb\n|faint|p1a: Mewtwo\n|\n|upkeep\n|\n|t:|1782892547\n|switch|p2a: Koraidon|Koraidon, L64|235/235\n|switch|p1a: Regidrago|Regidrago, L77|435/435\n|-weather|SunnyDay|[from] ability: Orichalcum Pulse|[of] p2a: Koraidon\n|-activate|p2a: Koraidon|Orichalcum Pulse|[source]\n|turn|10\n|\n|t:|1782892557\n|move|p2a: Koraidon|Outrage|p1a: Regidrago\n|-supereffective|p1a: Regidrago\n|-damage|p1a: Regidrago|0 fnt\n|faint|p1a: Regidrago\n|\n|-weather|SunnyDay|[upkeep]\n|upkeep\n|\n|t:|1782892558\n|switch|p1a: Porygon2|Porygon2, L81|270/270\n|-ability|p1a: Porygon2|Download|boost\n|-boost|p1a: Porygon2|spa|1\n|turn|11\n|\n|t:|1782892560\n|move|p2a: Koraidon|Outrage|p1a: Porygon2|[from] lockedmove\n|-damage|p1a: Porygon2|129/270\n|-start|p2a: Koraidon|confusion|[fatigue]\n|move|p1a: Porygon2|Recover|p1a: Porygon2\n|-heal|p1a: Porygon2|264/270\n|\n|-weather|SunnyDay|[upkeep]\n|upkeep\n|turn|12\n|\n|t:|1782892572\n|-activate|p2a: Koraidon|confusion\n|move|p2a: Koraidon|Outrage|p1a: Porygon2\n|-damage|p1a: Porygon2|135/270\n|move|p1a: Porygon2|Tri Attack|p2a: Koraidon\n|-damage|p2a: Koraidon|96/235\n|\n|-weather|SunnyDay|[upkeep]\n|upkeep\n|turn|13\n|\n|t:|1782892576\n|-activate|p2a: Koraidon|confusion\n|move|p2a: Koraidon|Outrage|p1a: Porygon2|[from] lockedmove\n|-damage|p1a: Porygon2|9/270\n|move|p1a: Porygon2|Recover|p1a: Porygon2\n|-heal|p1a: Porygon2|144/270\n|\n|-weather|SunnyDay|[upkeep]\n|upkeep\n|turn|14\n|\n|t:|1782892580\n|-end|p2a: Koraidon|confusion\n|move|p2a: Koraidon|Outrage|p1a: Porygon2\n|-damage|p1a: Porygon2|12/270\n|move|p1a: Porygon2|Recover|p1a: Porygon2\n|-heal|p1a: Porygon2|147/270\n|\n|-weather|none\n|upkeep\n|turn|15\n|\n|t:|1782892583\n|move|p2a: Koraidon|Outrage|p1a: Porygon2|[from] lockedmove\n|-damage|p1a: Porygon2|53/270\n|-start|p2a: Koraidon|confusion|[fatigue]\n|move|p1a: Porygon2|Recover|p1a: Porygon2\n|-heal|p1a: Porygon2|188/270\n|\n|upkeep\n|turn|16\n|\n|t:|1782892596\n|switch|p2a: Ninetales|Ninetales, L85, F|263/263\n|-weather|SunnyDay|[from] ability: Drought|[of] p2a: Ninetales\n|move|p1a: Porygon2|Discharge|p2a: Ninetales\n|-damage|p2a: Ninetales|188/263\n|\n|-weather|SunnyDay|[upkeep]\n|upkeep\n|turn|17\n|\n|t:|1782892598\n|move|p2a: Ninetales|Nasty Plot|p2a: Ninetales\n|-boost|p2a: Ninetales|spa|2\n|move|p1a: Porygon2|Discharge|p2a: Ninetales\n|-damage|p2a: Ninetales|118/263\n|\n|-weather|SunnyDay|[upkeep]\n|upkeep\n|turn|18\n|\n|t:|1782892600\n|move|p2a: Ninetales|Fire Blast|p1a: Porygon2\n|-damage|p1a: Porygon2|0 fnt\n|faint|p1a: Porygon2\n|\n|-weather|SunnyDay|[upkeep]\n|upkeep\n|\n|t:|1782892601\n|switch|p1a: Flareon|Flareon, L90, M|186/263 tox\n|turn|19\n|\n|t:|1782892602\n|move|p2a: Ninetales|Scorching Sands|p1a: Flareon\n|-supereffective|p1a: Flareon\n|-crit|p1a: Flareon\n|-damage|p1a: Flareon|0 fnt\n|faint|p1a: Flareon\n|\n|-weather|SunnyDay|[upkeep]\n|upkeep\n|\n|t:|1782892603\n|switch|p1a: Feraligatr|Feraligatr, L79, F|264/264\n|turn|20\n|\n|t:|1782892606\n|-terastallize|p1a: Feraligatr|Grass\n|move|p2a: Ninetales|Solar Beam||[still]\n|-prepare|p2a: Ninetales|Solar Beam\n|-anim|p2a: Ninetales|Solar Beam|p1a: Feraligatr\n|-resisted|p1a: Feraligatr\n|-damage|p1a: Feraligatr|180/264\n|move|p1a: Feraligatr|Dragon Dance|p1a: Feraligatr\n|-boost|p1a: Feraligatr|atk|1\n|-boost|p1a: Feraligatr|spe|1\n|\n|-weather|none\n|upkeep\n|turn|21\n|\n|t:|1782892615\n|-terastallize|p2a: Ninetales|Grass\n|move|p1a: Feraligatr|Liquidation|p2a: Ninetales\n|-resisted|p2a: Ninetales\n|-damage|p2a: Ninetales|0 fnt\n|faint|p2a: Ninetales\n|\n|upkeep\n|\n|t:|1782892626\n|switch|p2a: Salamence|Salamence, L77, M|273/273\n|turn|22\n|\n|t:|1782892629\n|move|p1a: Feraligatr|Ice Punch|p2a: Salamence\n|-supereffective|p2a: Salamence\n|-damage|p2a: Salamence|0 fnt\n|faint|p2a: Salamence\n|\n|upkeep\n|\n|t:|1782892632\n|switch|p2a: Koraidon|Koraidon, L64|96/235\n|-weather|SunnyDay|[from] ability: Orichalcum Pulse|[of] p2a: Koraidon\n|-activate|p2a: Koraidon|Orichalcum Pulse|[source]\n|turn|23\n|\n|t:|1782892634\n|move|p1a: Feraligatr|Ice Punch|p2a: Koraidon\n|-supereffective|p2a: Koraidon\n|-damage|p2a: Koraidon|0 fnt\n|faint|p2a: Koraidon\n|\n|win|notmetbh102\n|raw|notmetbh102's rating: 2188 &rarr; <strong>2210</strong><br />(+22 for winning)\n|raw|Dizay976's rating: 2218 &rarr; <strong>2196</strong><br />(-22 for losing)\n|c|\u2606notmetbh102|gg\n", "inputlog": ">version f8ac14003a5f27e1bdc8d8c59608a773c1cb96e5\n>start {\"formatid\":\"gen9randombattle\",\"seed\":\"sodium,31245fabf85b6c9e1fd360a212f21724\",\"rated\":\"Rated battle\"}\n>player p1 {\"name\":\"notmetbh102\",\"avatar\":\"265\",\"rating\":2188,\"seed\":\"sodium,3b8f16ae24ec2e1724337512a35556fb\"}\n>player p2 {\"name\":\"Dizay976\",\"avatar\":\"265\",\"rating\":2218,\"seed\":\"sodium,2572983769d5727979a10c366a288854\"}\n>chat \u2606notmetbh102|hf\n>chat \u2606Dizay976|hf !!\n>p1 switch 5\n>p2 move fireblast\n>p1 move facade\n>p2 switch 2\n>p1 switch 2\n>p2 move rest\n>p1 move nastyplot\n>p2 switch 3\n>p1 move darkpulse\n>p2 move fireblast\n>p2 switch 4\n>p1 move psystrike\n>p2 move uturn\n>p2 switch 3\n>p1 move psystrike\n>p2 move moonblast\n>p2 switch 3\n>p1 move recover\n>p2 move stunspore\n>p1 move psystrike\n>p2 move moonblast\n>p1 switch 6\n>p2 switch 6\n>p1 move dragonclaw\n>p2 move outrage\n>p1 switch 5\n>p1 move recover\n>p2 move outrage\n>p1 move triattack\n>p2 move outrage\n>p1 move recover\n>p2 move outrage\n>p1 move recover\n>p2 move outrage\n>p1 move recover\n>p2 move outrage\n>p1 move discharge\n>p2 switch 2\n>p1 move discharge\n>p2 move nastyplot\n>p1 move triattack\n>p2 move fireblast\n>p1 switch 2\n>p1 move facade\n>p2 move scorchingsands\n>p1 switch 3\n>p1 move dragondance terastallize\n>p2 move solarbeam\n>p1 move liquidation\n>p2 move fireblast terastallize\n>p2 switch 5\n>p1 move icepunch\n>p2 move dragondance\n>p2 switch 2\n>p1 move icepunch\n>p2 move closecombat", "uploadtime": 1782892634, "views": 6, "formatid": "gen9randombattle", "rating": 2196, "private": 0, "password": null, "player_dets": [{"name": "notmetbh102", "avatar": "265", "rating": 2188, "seed": "sodium,3b8f16ae24ec2e1724337512a35556fb"}, {"name": "Dizay976", "avatar": "265", "rating": 2218, "seed": "sodium,2572983769d5727979a10c366a288854"}], "teams_full": [{"Porygon2": {"name": "Porygon2", "species": "Porygon2", "speciesId": "porygon2", "gender": "N", "shiny": false, "level": 81, "moves": ["recover", "icebeam", "discharge", "triattack"], "ability": "Download", "evs": {"hp": 85, "atk": 0, "def": 85, "spa": 85, "spd": 85, "spe": 85}, "ivs": {"hp": 31, "atk": 0, "def": 31, "spa": 31, "spd": 31, "spe": 31}, "item": "Eviolite", "teraType": "Electric", "role": "Bulky Support", "bvs": {"hp": 85, "atk": 80, "def": 90, "spa": 105, "spd": 95, "spe": 60}, "stats": {"hp": 270, "atk": 134, "def": 192, "spa": 217, "spd": 201, "spe": 144}, "types": ["Normal"]}, "Mewtwo": {"name": "Mewtwo", "species": "Mewtwo", "speciesId": "mewtwo", "gender": "N", "shiny": false, "level": 72, "moves": ["darkpulse", "psystrike", "nastyplot", "recover"], "ability": "Pressure", "evs": {"hp": 85, "atk": 0, "def": 85, "spa": 85, "spd": 85, "spe": 85}, "ivs": {"hp": 31, "atk": 0, "def": 31, "spa": 31, "spd": 31, "spe": 31}, "item": "Life Orb", "teraType": "Psychic", "role": "Setup Sweeper", "bvs": {"hp": 106, "atk": 110, "def": 90, "spa": 154, "spd": 90, "spe": 130}, "stats": {"hp": 272, "atk": 163, "def": 172, "spa": 264, "spd": 172, "spe": 229}, "types": ["Psychic"]}, "Feraligatr": {"name": "Feraligatr", "species": "Feraligatr", "speciesId": "feraligatr", "gender": "F", "shiny": false, "level": 79, "moves": ["dragondance", "liquidation", "icepunch", "trailblaze"], "ability": "Sheer Force", "evs": {"hp": 85, "atk": 85, "def": 85, "spa": 85, "spd": 85, "spe": 85}, "ivs": {"hp": 31, "atk": 31, "def": 31, "spa": 31, "spd": 31, "spe": 31}, "item": "Life Orb", "teraType": "Grass", "role": "Setup Sweeper", "bvs": {"hp": 85, "atk": 105, "def": 100, "spa": 79, "spd": 83, "spe": 78}, "stats": {"hp": 264, "atk": 211, "def": 204, "spa": 170, "spd": 177, "spe": 169}, "types": ["Water"]}, "Lapras": {"name": "Lapras", "species": "Lapras", "speciesId": "lapras", "gender": "F", "shiny": false, "level": 87, "moves": ["sparklingaria", "freezedry", "hydropump", "icebeam"], "ability": "Water Absorb", "evs": {"hp": 81, "atk": 0, "def": 85, "spa": 85, "spd": 85, "spe": 85}, "ivs": {"hp": 31, "atk": 0, "def": 31, "spa": 31, "spd": 31, "spe": 31}, "item": "Choice Specs", "teraType": "Ice", "role": "Wallbreaker", "bvs": {"hp": 130, "atk": 85, "def": 80, "spa": 85, "spd": 95, "spe": 60}, "stats": {"hp": 367, "atk": 152, "def": 189, "spa": 198, "spd": 215, "spe": 154}, "types": ["Water", "Ice"]}, "Flareon": {"name": "Flareon", "species": "Flareon", "speciesId": "flareon", "gender": "M", "shiny": false, "level": 90, "moves": ["trailblaze", "willowisp", "flareblitz", "facade"], "ability": "Guts", "evs": {"hp": 85, "atk": 85, "def": 85, "spa": 85, "spd": 85, "spe": 85}, "ivs": {"hp": 31, "atk": 31, "def": 31, "spa": 31, "spd": 31, "spe": 31}, "item": "Toxic Orb", "teraType": "Normal", "role": "Setup Sweeper", "bvs": {"hp": 65, "atk": 130, "def": 60, "spa": 95, "spd": 110, "spe": 65}, "stats": {"hp": 263, "atk": 285, "def": 159, "spa": 222, "spd": 249, "spe": 168}, "types": ["Fire"]}, "Regidrago": {"name": "Regidrago", "species": "Regidrago", "speciesId": "regidrago", "gender": "N", "shiny": false, "level": 77, "moves": ["terablast", "dragondance", "earthquake", "dragonclaw"], "ability": "Dragon's Maw", "evs": {"hp": 85, "atk": 85, "def": 85, "spa": 85, "spd": 85, "spe": 85}, "ivs": {"hp": 31, "atk": 31, "def": 31, "spa": 31, "spd": 31, "spe": 31}, "item": "Life Orb", "teraType": "Steel", "role": "Tera Blast user", "bvs": {"hp": 200, "atk": 100, "def": 50, "spa": 100, "spd": 50, "spe": 80}, "stats": {"hp": 435, "atk": 199, "def": 122, "spa": 199, "spd": 122, "spe": 168}, "types": ["Dragon"]}}, {"Ninetales": {"name": "Ninetales", "species": "Ninetales", "speciesId": "ninetales", "gender": "F", "shiny": false, "level": 85, "moves": ["solarbeam", "fireblast", "nastyplot", "scorchingsands"], "ability": "Drought", "evs": {"hp": 85, "atk": 0, "def": 85, "spa": 85, "spd": 85, "spe": 85}, "ivs": {"hp": 31, "atk": 0, "def": 31, "spa": 31, "spd": 31, "spe": 31}, "item": "Heavy-Duty Boots", "teraType": "Grass", "role": "Setup Sweeper", "bvs": {"hp": 73, "atk": 76, "def": 75, "spa": 81, "spd": 100, "spe": 100}, "stats": {"hp": 263, "atk": 134, "def": 176, "spa": 186, "spd": 219, "spe": 219}, "types": ["Fire"]}, "Carbink": {"name": "Carbink", "species": "Carbink", "speciesId": "carbink", "gender": "N", "shiny": false, "level": 90, "moves": ["bodypress", "moonblast", "irondefense", "rest"], "ability": "Clear Body", "evs": {"hp": 85, "atk": 0, "def": 85, "spa": 85, "spd": 85, "spe": 85}, "ivs": {"hp": 31, "atk": 0, "def": 31, "spa": 31, "spd": 31, "spe": 31}, "item": "Chesto Berry", "teraType": "Fighting", "role": "Fast Bulky Setup", "bvs": {"hp": 50, "atk": 50, "def": 150, "spa": 50, "spd": 150, "spe": 50}, "stats": {"hp": 236, "atk": 95, "def": 321, "spa": 141, "spd": 321, "spe": 141}, "types": ["Rock", "Fairy"]}, "Delphox": {"name": "Delphox", "species": "Delphox", "speciesId": "delphox", "gender": "F", "shiny": false, "level": 84, "moves": ["psyshock", "nastyplot", "fireblast", "grassknot"], "ability": "Blaze", "evs": {"hp": 85, "atk": 0, "def": 85, "spa": 85, "spd": 85, "spe": 85}, "ivs": {"hp": 31, "atk": 0, "def": 31, "spa": 31, "spd": 31, "spe": 31}, "item": "Heavy-Duty Boots", "teraType": "Grass", "role": "Fast Attacker", "bvs": {"hp": 75, "atk": 69, "def": 72, "spa": 114, "spd": 100, "spe": 104}, "stats": {"hp": 263, "atk": 120, "def": 169, "spa": 240, "spd": 216, "spe": 223}, "types": ["Fire", "Psychic"]}, "Whimsicott": {"name": "Whimsicott", "species": "Whimsicott", "speciesId": "whimsicott", "gender": "M", "shiny": false, "level": 84, "moves": ["uturn", "gigadrain", "moonblast", "stunspore"], "ability": "Prankster", "evs": {"hp": 85, "atk": 85, "def": 85, "spa": 85, "spd": 85, "spe": 85}, "ivs": {"hp": 31, "atk": 31, "def": 31, "spa": 31, "spd": 31, "spe": 31}, "item": "Heavy-Duty Boots", "teraType": "Steel", "role": "Fast Support", "bvs": {"hp": 60, "atk": 67, "def": 85, "spa": 77, "spd": 75, "spe": 116}, "stats": {"hp": 238, "atk": 161, "def": 191, "spa": 178, "spd": 174, "spe": 243}, "types": ["Grass", "Fairy"]}, "Salamence": {"name": "Salamence", "species": "Salamence", "speciesId": "salamence", "gender": "M", "shiny": false, "level": 77, "moves": ["dualwingbeat", "outrage", "earthquake", "dragondance"], "ability": "Moxie", "evs": {"hp": 85, "atk": 85, "def": 85, "spa": 85, "spd": 85, "spe": 85}, "ivs": {"hp": 31, "atk": 31, "def": 31, "spa": 31, "spd": 31, "spe": 31}, "item": "Heavy-Duty Boots", "teraType": "Dragon", "role": "Setup Sweeper", "bvs": {"hp": 95, "atk": 135, "def": 80, "spa": 110, "spd": 80, "spe": 100}, "stats": {"hp": 273, "atk": 252, "def": 168, "spa": 214, "spd": 168, "spe": 199}, "types": ["Dragon", "Flying"]}, "Koraidon": {"name": "Koraidon", "species": "Koraidon", "speciesId": "koraidon", "gender": "N", "shiny": false, "level": 64, "moves": ["flareblitz", "uturn", "closecombat", "outrage"], "ability": "Orichalcum Pulse", "evs": {"hp": 85, "atk": 85, "def": 85, "spa": 85, "spd": 85, "spe": 85}, "ivs": {"hp": 31, "atk": 31, "def": 31, "spa": 31, "spd": 31, "spe": 31}, "item": "Choice Band", "teraType": "Fire", "role": "Fast Attacker", "bvs": {"hp": 100, "atk": 135, "def": 115, "spa": 85, "spd": 100, "spe": 135}, "stats": {"hp": 235, "atk": 211, "def": 185, "spa": 147, "spd": 166, "spe": 211}, "types": ["Fighting", "Dragon"]}}]}