{"id": "gen9randombattle-2641948703", "format": "[Gen 9] Random Battle", "players": ["pokimonbattler67", "testbotcif"], "log": "|j|\u2606pokimonbattler67\n|j|\u2606testbotcif\n|t:|1782863344\n|gametype|singles\n|player|p1|pokimonbattler67|benga|1151\n|player|p2|testbotcif|1|1158\n|gen|9\n|tier|[Gen 9] Random Battle\n|rated|\n|rule|Species Clause: Limit one of each Pok\u00e9mon\n|rule|HP Percentage Mod: HP is shown in percentages\n|rule|Sleep Clause Mod: Limit one foe put to sleep\n|rule|Illusion Level Mod: Illusion disguises the Pok\u00e9mon's true level\n|\n|t:|1782863344\n|teamsize|p1|6\n|teamsize|p2|6\n|start\n|switch|p1a: Snorlax|Snorlax, L82, M|397/397\n|switch|p2a: Seviper|Seviper, L93, F|287/287\n|turn|1\n|c|\u2606testbotcif|rlhf\n|inactive|Battle timer is ON: inactive players will automatically lose when time's up. (requested by pokimonbattler67)\n|inactive|testbotcif also wants the timer to be on.\n|\n|t:|1782863353\n|move|p2a: Seviper|Knock Off|p1a: Snorlax\n|-damage|p1a: Snorlax|293/397\n|-enditem|p1a: Snorlax|Leftovers|[from] move: Knock Off|[of] p2a: Seviper\n|move|p1a: Snorlax|Curse|p1a: Snorlax\n|-unboost|p1a: Snorlax|spe|1\n|-boost|p1a: Snorlax|atk|1\n|-boost|p1a: Snorlax|def|1\n|\n|upkeep\n|turn|2\n|\n|t:|1782863358\n|switch|p2a: Volcanion|Volcanion, L79|256/256\n|move|p1a: Snorlax|Earthquake|p2a: Volcanion\n|-supereffective|p2a: Volcanion\n|-damage|p2a: Volcanion|72/256\n|\n|upkeep\n|turn|3\n|\n|t:|1782863365\n|move|p2a: Volcanion|Steam Eruption|p1a: Snorlax\n|-damage|p1a: Snorlax|187/397\n|move|p1a: Snorlax|Earthquake|p2a: Volcanion\n|-supereffective|p2a: Volcanion\n|-damage|p2a: Volcanion|0 fnt\n|faint|p2a: Volcanion\n|\n|upkeep\n|\n|t:|1782863365\n|switch|p2a: Vespiquen|Vespiquen, L99, F|299/299\n|-ability|p2a: Vespiquen|Pressure\n|turn|4\n|\n|t:|1782863380\n|move|p2a: Vespiquen|Spikes|p1a: Snorlax\n|-sidestart|p1: pokimonbattler67|Spikes\n|move|p1a: Snorlax|Body Slam|p2a: Vespiquen\n|-damage|p2a: Vespiquen|197/299\n|-status|p2a: Vespiquen|par\n|\n|upkeep\n|turn|5\n|\n|t:|1782863385\n|move|p2a: Vespiquen|Toxic Spikes|p1a: Snorlax\n|-sidestart|p1: pokimonbattler67|move: Toxic Spikes\n|move|p1a: Snorlax|Curse|p1a: Snorlax\n|-unboost|p1a: Snorlax|spe|1\n|-boost|p1a: Snorlax|atk|1\n|-boost|p1a: Snorlax|def|1\n|\n|upkeep\n|turn|6\n|\n|t:|1782863388\n|move|p2a: Vespiquen|Air Slash|p1a: Snorlax\n|-damage|p1a: Snorlax|103/397\n|move|p1a: Snorlax|Body Slam|p2a: Vespiquen\n|-damage|p2a: Vespiquen|52/299 par\n|\n|upkeep\n|turn|7\n|\n|t:|1782863391\n|move|p2a: Vespiquen|Air Slash|p1a: Snorlax\n|-damage|p1a: Snorlax|22/397\n|move|p1a: Snorlax|Body Slam|p2a: Vespiquen\n|-damage|p2a: Vespiquen|0 fnt\n|faint|p2a: Vespiquen\n|\n|upkeep\n|\n|t:|1782863391\n|switch|p2a: Mienshao|Mienshao, L83, M|243/243\n|turn|8\n|\n|t:|1782863403\n|move|p2a: Mienshao|High Jump Kick|p1a: Snorlax\n|-supereffective|p1a: Snorlax\n|-damage|p1a: Snorlax|0 fnt\n|faint|p1a: Snorlax\n|\n|upkeep\n|\n|t:|1782863420\n|switch|p1a: Indeedee|Indeedee, L84, M|238/238\n|-damage|p1a: Indeedee|209/238|[from] Spikes\n|-status|p1a: Indeedee|psn\n|-fieldstart|move: Psychic Terrain|[from] ability: Psychic Surge|[of] p1a: Indeedee\n|turn|9\n|\n|t:|1782863430\n|-terastallize|p2a: Mienshao|Fighting\n|move|p2a: Mienshao|High Jump Kick|p1a: Indeedee\n|-damage|p1a: Indeedee|0 fnt\n|faint|p1a: Indeedee\n|\n|upkeep\n|\n|t:|1782863443\n|switch|p1a: Calyrex|Calyrex, L93|337/337\n|-ability|p1a: Calyrex|Unnerve\n|-damage|p1a: Calyrex|295/337|[from] Spikes\n|-status|p1a: Calyrex|psn\n|turn|10\n|inactive|pokimonbattler67 has 120 seconds left.\n|\n|t:|1782863459\n|switch|p2a: Seviper|Seviper, L93, F|287/287\n|move|p1a: Calyrex|Psychic|p2a: Seviper\n|-supereffective|p2a: Seviper\n|-damage|p2a: Seviper|0 fnt\n|faint|p2a: Seviper\n|\n|-heal|p1a: Calyrex|316/337 psn|[from] item: Leftovers\n|-damage|p1a: Calyrex|274/337 psn|[from] psn\n|upkeep\n|\n|t:|1782863459\n|switch|p2a: Mienshao|Mienshao, L83, M, tera:Fighting|243/243\n|turn|11\n|\n|t:|1782863471\n|move|p2a: Mienshao|Knock Off|p1a: Calyrex\n|-supereffective|p1a: Calyrex\n|-damage|p1a: Calyrex|48/337 psn\n|-enditem|p1a: Calyrex|Leftovers|[from] move: Knock Off|[of] p2a: Mienshao\n|move|p1a: Calyrex|Psychic|p2a: Mienshao\n|-supereffective|p2a: Mienshao\n|-damage|p2a: Mienshao|0 fnt\n|faint|p2a: Mienshao\n|\n|-damage|p1a: Calyrex|6/337 psn|[from] psn\n|upkeep\n|\n|t:|1782863472\n|switch|p2a: Zacian|Zacian-Crowned, L64|225/225\n|-ability|p2a: Zacian|Intrepid Sword|boost\n|-boost|p2a: Zacian|atk|1\n|turn|12\n|\n|t:|1782863480\n|move|p2a: Zacian|Swords Dance|p2a: Zacian\n|-boost|p2a: Zacian|atk|2\n|move|p1a: Calyrex|Giga Drain|p2a: Zacian\n|-resisted|p2a: Zacian\n|-damage|p2a: Zacian|184/225\n|-heal|p1a: Calyrex|27/337 psn|[from] drain|[of] p2a: Zacian\n|\n|-damage|p1a: Calyrex|0 fnt|[from] psn\n|faint|p1a: Calyrex\n|upkeep\n|inactive|pokimonbattler67 has 120 seconds left.\n|\n|t:|1782863520\n|switch|p1a: Kyurem|Kyurem, L77|319/319\n|-damage|p1a: Kyurem|280/319|[from] Spikes\n|-status|p1a: Kyurem|psn\n|-ability|p1a: Kyurem|Pressure\n|turn|13\n|\n|t:|1782863533\n|-terastallize|p1a: Kyurem|Ground\n|move|p2a: Zacian|Play Rough|p1a: Kyurem\n|-damage|p1a: Kyurem|82/319 psn\n|-unboost|p1a: Kyurem|atk|1\n|move|p1a: Kyurem|Tera Blast|p2a: Zacian|[anim] Tera Blast Ground\n|-supereffective|p2a: Zacian\n|-damage|p2a: Zacian|0 fnt\n|faint|p2a: Zacian\n|\n|-damage|p1a: Kyurem|43/319 psn|[from] psn\n|-fieldend|move: Psychic Terrain\n|upkeep\n|\n|t:|1782863533\n|switch|p2a: Koraidon|Koraidon, L64|235/235\n|-weather|SunnyDay|[from] ability: Orichalcum Pulse|[of] p2a: Koraidon\n|-activate|p2a: Koraidon|Orichalcum Pulse|[source]\n|turn|14\n|\n|t:|1782863556\n|move|p2a: Koraidon|Outrage|p1a: Kyurem\n|-damage|p1a: Kyurem|0 fnt\n|faint|p1a: Kyurem\n|\n|-weather|SunnyDay|[upkeep]\n|upkeep\n|inactive|pokimonbattler67 has 90 seconds left.\n|\n|t:|1782863567\n|switch|p1a: Golduck|Golduck, L90, F|290/290\n|-damage|p1a: Golduck|254/290|[from] Spikes\n|-status|p1a: Golduck|psn\n|-ability|p1a: Golduck|Cloud Nine\n|turn|15\n|\n|t:|1782863574\n|move|p2a: Koraidon|Outrage|p1a: Golduck|[from] lockedmove\n|-damage|p1a: Golduck|110/290 psn\n|move|p1a: Golduck|Ice Beam|p2a: Koraidon\n|-supereffective|p2a: Koraidon\n|-damage|p2a: Koraidon|0 fnt\n|faint|p2a: Koraidon\n|\n|win|pokimonbattler67\n|raw|pokimonbattler67's rating: 1151 &rarr; <strong>1177</strong><br />(+26 for winning)\n|raw|testbotcif's rating: 1158 &rarr; <strong>1132</strong><br />(-26 for losing)\n", "inputlog": ">version f8ac14003a5f27e1bdc8d8c59608a773c1cb96e5\n>start {\"formatid\":\"gen9randombattle\",\"seed\":\"sodium,e4a4694c9d6fd95a3b5b789d7fce58ff\",\"rated\":\"Rated battle\"}\n>player p1 {\"name\":\"pokimonbattler67\",\"avatar\":\"benga\",\"rating\":1151,\"seed\":\"sodium,f110dcfc3f0a2e1068a589eb718386da\"}\n>player p2 {\"name\":\"testbotcif\",\"avatar\":\"1\",\"rating\":1158,\"seed\":\"sodium,77b505ac896cfa05bc885fe45f0174e0\"}\n>chat \u2606testbotcif|rlhf\n>p1 move curse\n>p2 move knockoff\n>p1 move earthquake\n>p2 switch 2\n>p1 move earthquake\n>p2 move steameruption\n>p2 switch 6\n>p1 move bodyslam\n>p2 move spikes\n>p1 move curse\n>p2 move toxicspikes\n>p1 move bodyslam\n>p2 move airslash\n>p1 move bodyslam\n>p2 move airslash\n>p2 switch 3\n>p1 move earthquake\n>p2 move highjumpkick\n>p1 switch 2\n>p1 move expandingforce\n>p2 move highjumpkick terastallize\n>p1 switch 4\n>p1 move psychic\n>p2 switch 2\n>p2 switch 2\n>p1 move psychic\n>p2 move knockoff\n>p2 switch 4\n>p1 move gigadrain\n>p2 move swordsdance\n>p1 switch 3\n>p1 move terablast terastallize\n>p2 move playrough\n>p2 switch 5\n>p1 move scaleshot\n>p2 move outrage\n>p1 switch 6\n>p1 move icebeam\n>p2 move outrage", "uploadtime": 1782863574, "views": 9, "formatid": "gen9randombattle", "rating": 1132, "private": 0, "password": null, "player_dets": [{"name": "pokimonbattler67", "avatar": "benga", "rating": 1151, "seed": "sodium,f110dcfc3f0a2e1068a589eb718386da"}, {"name": "testbotcif", "avatar": "1", "rating": 1158, "seed": "sodium,77b505ac896cfa05bc885fe45f0174e0"}], "teams_full": [{"Snorlax": {"name": "Snorlax", "species": "Snorlax", "speciesId": "snorlax", "gender": "M", "shiny": false, "level": 82, "moves": ["crunch", "earthquake", "bodyslam", "curse"], "ability": "Thick Fat", "evs": {"hp": 85, "atk": 85, "def": 85, "spa": 85, "spd": 85, "spe": 85}, "ivs": {"hp": 31, "atk": 31, "def": 31, "spa": 31, "spd": 31, "spe": 31}, "item": "Leftovers", "teraType": "Ground", "role": "Bulky Setup", "bvs": {"hp": 160, "atk": 110, "def": 65, "spa": 65, "spd": 110, "spe": 30}, "stats": {"hp": 397, "atk": 228, "def": 154, "spa": 154, "spd": 228, "spe": 96}, "types": ["Normal"]}, "Indeedee": {"name": "Indeedee", "species": "Indeedee", "speciesId": "indeedee", "gender": "M", "shiny": false, "level": 84, "moves": ["hypervoice", "calmmind", "shadowball", "expandingforce"], "ability": "Psychic Surge", "evs": {"hp": 85, "atk": 0, "def": 85, "spa": 85, "spd": 85, "spe": 85}, "ivs": {"hp": 31, "atk": 0, "def": 31, "spa": 31, "spd": 31, "spe": 31}, "item": "Life Orb", "teraType": "Psychic", "role": "Fast Attacker", "bvs": {"hp": 60, "atk": 65, "def": 55, "spa": 105, "spd": 95, "spe": 95}, "stats": {"hp": 238, "atk": 114, "def": 141, "spa": 225, "spd": 208, "spe": 208}, "types": ["Psychic", "Normal"]}, "Kyurem": {"name": "Kyurem", "species": "Kyurem", "speciesId": "kyurem", "gender": "N", "shiny": false, "level": 77, "moves": ["scaleshot", "terablast", "iciclespear", "dragondance"], "ability": "Pressure", "evs": {"hp": 85, "atk": 85, "def": 85, "spa": 85, "spd": 85, "spe": 85}, "ivs": {"hp": 31, "atk": 31, "def": 31, "spa": 31, "spd": 31, "spe": 31}, "item": "Loaded Dice", "teraType": "Ground", "role": "Tera Blast user", "bvs": {"hp": 125, "atk": 130, "def": 90, "spa": 130, "spd": 90, "spe": 95}, "stats": {"hp": 319, "atk": 245, "def": 183, "spa": 245, "spd": 183, "spe": 191}, "types": ["Dragon", "Ice"]}, "Calyrex": {"name": "Calyrex", "species": "Calyrex", "speciesId": "calyrex", "gender": "N", "shiny": false, "level": 93, "moves": ["calmmind", "gigadrain", "psychic", "encore"], "ability": "Unnerve", "evs": {"hp": 85, "atk": 0, "def": 85, "spa": 85, "spd": 85, "spe": 85}, "ivs": {"hp": 31, "atk": 0, "def": 31, "spa": 31, "spd": 31, "spe": 31}, "item": "Leftovers", "teraType": "Steel", "role": "Bulky Setup", "bvs": {"hp": 100, "atk": 80, "def": 80, "spa": 80, "spd": 80, "spe": 80}, "stats": {"hp": 337, "atk": 153, "def": 202, "spa": 202, "spd": 202, "spe": 202}, "types": ["Psychic", "Grass"]}, "Sudowoodo": {"name": "Sudowoodo", "species": "Sudowoodo", "speciesId": "sudowoodo", "gender": "M", "shiny": false, "level": 94, "moves": ["stealthrock", "headsmash", "woodhammer", "suckerpunch"], "ability": "Rock Head", "evs": {"hp": 85, "atk": 85, "def": 85, "spa": 85, "spd": 85, "spe": 85}, "ivs": {"hp": 31, "atk": 31, "def": 31, "spa": 31, "spd": 31, "spe": 31}, "item": "Leftovers", "teraType": "Grass", "role": "Bulky Attacker", "bvs": {"hp": 70, "atk": 100, "def": 115, "spa": 30, "spd": 65, "spe": 30}, "stats": {"hp": 284, "atk": 241, "def": 270, "spa": 110, "spd": 176, "spe": 110}, "types": ["Rock"]}, "Golduck": {"name": "Golduck", "species": "Golduck", "speciesId": "golduck", "gender": "F", "shiny": false, "level": 90, "moves": ["icebeam", "flipturn", "hydropump", "grassknot"], "ability": "Cloud Nine", "evs": {"hp": 85, "atk": 85, "def": 85, "spa": 85, "spd": 85, "spe": 85}, "ivs": {"hp": 31, "atk": 31, "def": 31, "spa": 31, "spd": 31, "spe": 31}, "item": "Choice Specs", "teraType": "Water", "role": "Fast Attacker", "bvs": {"hp": 80, "atk": 82, "def": 78, "spa": 95, "spd": 80, "spe": 85}, "stats": {"hp": 290, "atk": 199, "def": 192, "spa": 222, "spd": 195, "spe": 204}, "types": ["Water"]}}, {"Seviper": {"name": "Seviper", "species": "Seviper", "speciesId": "seviper", "gender": "F", "shiny": false, "level": 93, "moves": ["knockoff", "gunkshot", "flamethrower", "switcheroo"], "ability": "Infiltrator", "evs": {"hp": 85, "atk": 85, "def": 85, "spa": 85, "spd": 85, "spe": 85}, "ivs": {"hp": 31, "atk": 31, "def": 31, "spa": 31, "spd": 31, "spe": 31}, "item": "Choice Scarf", "teraType": "Dark", "role": "Fast Attacker", "bvs": {"hp": 73, "atk": 100, "def": 60, "spa": 100, "spd": 60, "spe": 65}, "stats": {"hp": 287, "atk": 239, "def": 164, "spa": 239, "spd": 164, "spe": 174}, "types": ["Poison"]}, "Volcanion": {"name": "Volcanion", "species": "Volcanion", "speciesId": "volcanion", "gender": "N", "shiny": false, "level": 79, "moves": ["flamethrower", "earthpower", "haze", "steameruption"], "ability": "Water Absorb", "evs": {"hp": 85, "atk": 0, "def": 85, "spa": 85, "spd": 85, "spe": 85}, "ivs": {"hp": 31, "atk": 0, "def": 31, "spa": 31, "spd": 31, "spe": 31}, "item": "Heavy-Duty Boots", "teraType": "Ground", "role": "Bulky Attacker", "bvs": {"hp": 80, "atk": 110, "def": 120, "spa": 130, "spd": 90, "spe": 70}, "stats": {"hp": 256, "atk": 178, "def": 235, "spa": 251, "spd": 188, "spe": 156}, "types": ["Fire", "Water"]}, "Mienshao": {"name": "Mienshao", "species": "Mienshao", "speciesId": "mienshao", "gender": "M", "shiny": false, "level": 83, "moves": ["highjumpkick", "uturn", "poisonjab", "knockoff"], "ability": "Reckless", "evs": {"hp": 81, "atk": 85, "def": 85, "spa": 85, "spd": 85, "spe": 85}, "ivs": {"hp": 31, "atk": 31, "def": 31, "spa": 31, "spd": 31, "spe": 31}, "item": "Choice Band", "teraType": "Fighting", "role": "Wallbreaker", "bvs": {"hp": 65, "atk": 125, "def": 60, "spa": 95, "spd": 60, "spe": 105}, "stats": {"hp": 243, "atk": 255, "def": 147, "spa": 205, "spd": 147, "spe": 222}, "types": ["Fighting"]}, "Zacian": {"name": "Zacian", "species": "Zacian", "speciesId": "zaciancrowned", "gender": "N", "shiny": false, "level": 64, "moves": ["behemothblade", "swordsdance", "playrough", "closecombat"], "ability": "Intrepid Sword", "evs": {"hp": 85, "atk": 85, "def": 85, "spa": 85, "spd": 85, "spe": 85}, "ivs": {"hp": 31, "atk": 31, "def": 31, "spa": 31, "spd": 31, "spe": 31}, "item": "Rusted Sword", "teraType": "Fighting", "role": "Setup Sweeper", "bvs": {"hp": 92, "atk": 150, "def": 115, "spa": 80, "spd": 115, "spe": 148}, "stats": {"hp": 225, "atk": 230, "def": 185, "spa": 140, "spd": 185, "spe": 227}, "types": ["Fairy", "Steel"]}, "Koraidon": {"name": "Koraidon", "species": "Koraidon", "speciesId": "koraidon", "gender": "N", "shiny": false, "level": 64, "moves": ["flareblitz", "uturn", "outrage", "closecombat"], "ability": "Orichalcum Pulse", "evs": {"hp": 85, "atk": 85, "def": 85, "spa": 85, "spd": 85, "spe": 85}, "ivs": {"hp": 31, "atk": 31, "def": 31, "spa": 31, "spd": 31, "spe": 31}, "item": "Choice Band", "teraType": "Fire", "role": "Fast Attacker", "bvs": {"hp": 100, "atk": 135, "def": 115, "spa": 85, "spd": 100, "spe": 135}, "stats": {"hp": 235, "atk": 211, "def": 185, "spa": 147, "spd": 166, "spe": 211}, "types": ["Fighting", "Dragon"]}, "Vespiquen": {"name": "Vespiquen", "species": "Vespiquen", "speciesId": "vespiquen", "gender": "F", "shiny": false, "level": 99, "moves": ["toxicspikes", "airslash", "roost", "spikes"], "ability": "Pressure", "evs": {"hp": 85, "atk": 0, "def": 85, "spa": 85, "spd": 85, "spe": 85}, "ivs": {"hp": 31, "atk": 0, "def": 31, "spa": 31, "spd": 31, "spe": 31}, "item": "Heavy-Duty Boots", "teraType": "Steel", "role": "Bulky Support", "bvs": {"hp": 70, "atk": 80, "def": 102, "spa": 80, "spd": 102, "spe": 40}, "stats": {"hp": 299, "atk": 163, "def": 258, "spa": 214, "spd": 258, "spe": 135}, "types": ["Bug", "Flying"]}}]}