{"id": "gen9randombattle-2641786616", "format": "[Gen 9] Random Battle", "players": ["Yog Rahang...", "vergarabat"], "log": "|j|\u2606Yog Rahang...\n|j|\u203dvergarabat\n|t:|1782841817\n|gametype|singles\n|player|p1|Yog Rahang...|brawly|1991\n|player|p2|vergarabat|iris-gen5bw2|2014\n|gen|9\n|tier|[Gen 9] Random Battle\n|rated|\n|rule|Species Clause: Limit one of each Pok\u00e9mon\n|rule|HP Percentage Mod: HP is shown in percentages\n|rule|Sleep Clause Mod: Limit one foe put to sleep\n|rule|Illusion Level Mod: Illusion disguises the Pok\u00e9mon's true level\n|\n|t:|1782841817\n|teamsize|p1|6\n|teamsize|p2|6\n|start\n|switch|p1a: Rotom|Rotom-Mow, L87|229/229\n|switch|p2a: Eiscue|Eiscue, L88, M|274/274\n|turn|1\n|\n|t:|1782841839\n|switch|p2a: Kilowattrel|Kilowattrel, L83, F|252/252\n|move|p1a: Rotom|Volt Switch|p2a: Kilowattrel\n|-immune|p2a: Kilowattrel|[from] ability: Volt Absorb\n|\n|upkeep\n|turn|2\n|\n|t:|1782841847\n|switch|p1a: Bellibolt|Bellibolt, L84, F|320/320\n|move|p2a: Kilowattrel|Hurricane|p1a: Bellibolt\n|-resisted|p1a: Bellibolt\n|-damage|p1a: Bellibolt|260/320\n|-start|p1a: Bellibolt|Charge|Hurricane|[from] ability: Electromorphosis\n|\n|-heal|p1a: Bellibolt|280/320|[from] item: Leftovers\n|upkeep\n|turn|3\n|\n|t:|1782841858\n|move|p2a: Kilowattrel|U-turn|p1a: Bellibolt\n|-damage|p1a: Bellibolt|242/320\n|-start|p1a: Bellibolt|Charge|U-turn|[from] ability: Electromorphosis\n|\n|t:|1782841859\n|switch|p2a: Hariyama|Hariyama, L87, M|392/392|[from] U-turn\n|move|p1a: Bellibolt|Muddy Water|p2a: Hariyama\n|-damage|p2a: Hariyama|336/392\n|\n|-heal|p1a: Bellibolt|262/320|[from] item: Leftovers\n|upkeep\n|turn|4\n|\n|t:|1782841866\n|switch|p2a: Plusle|Plusle, L95, F|268/268\n|move|p1a: Bellibolt|Volt Switch|p2a: Plusle\n|-ability|p2a: Plusle|Lightning Rod|boost\n|-boost|p2a: Plusle|spa|1\n|-end|p1a: Bellibolt|Charge|[silent]\n|\n|-heal|p1a: Bellibolt|282/320|[from] item: Leftovers\n|upkeep\n|turn|5\n|\n|t:|1782841875\n|switch|p1a: Rotom|Rotom-Mow, L87|229/229\n|move|p2a: Plusle|Nasty Plot|p2a: Plusle\n|-boost|p2a: Plusle|spa|2\n|\n|upkeep\n|turn|6\n|\n|t:|1782841878\n|move|p2a: Plusle|Alluring Voice|p1a: Rotom\n|-damage|p1a: Rotom|38/229\n|-damage|p2a: Plusle|242/268|[from] item: Life Orb\n|move|p1a: Rotom|Leaf Storm|p2a: Plusle\n|-damage|p2a: Plusle|97/268\n|-unboost|p1a: Rotom|spa|2\n|\n|-heal|p1a: Rotom|52/229|[from] item: Leftovers\n|upkeep\n|turn|7\n|\n|t:|1782841887\n|move|p2a: Plusle|Alluring Voice|p1a: Rotom\n|-damage|p1a: Rotom|0 fnt\n|faint|p1a: Rotom\n|-damage|p2a: Plusle|71/268|[from] item: Life Orb\n|\n|upkeep\n|\n|t:|1782841895\n|switch|p1a: Spectrier|Spectrier, L75|274/274\n|turn|8\n|\n|t:|1782841899\n|switch|p2a: Bombirdier|Bombirdier, L85, M|258/258\n|move|p1a: Spectrier|Shadow Ball|p2a: Bombirdier\n|-resisted|p2a: Bombirdier\n|-damage|p2a: Bombirdier|197/258\n|-unboost|p2a: Bombirdier|spd|1\n|-damage|p1a: Spectrier|247/274|[from] item: Life Orb\n|\n|upkeep\n|turn|9\n|\n|t:|1782841909\n|switch|p1a: Zacian|Zacian-Crowned, L64|225/225\n|-ability|p1a: Zacian|Intrepid Sword|boost\n|-boost|p1a: Zacian|atk|1\n|move|p2a: Bombirdier|Stealth Rock|p1a: Zacian\n|-sidestart|p1: Yog Rahang...|move: Stealth Rock\n|\n|upkeep\n|turn|10\n|\n|t:|1782841917\n|switch|p2a: Kilowattrel|Kilowattrel, L83, F|252/252\n|move|p1a: Zacian|Play Rough|p2a: Kilowattrel\n|-damage|p2a: Kilowattrel|78/252\n|\n|upkeep\n|turn|11\n|\n|t:|1782841924\n|move|p2a: Kilowattrel|Thunderbolt|p1a: Zacian\n|-damage|p1a: Zacian|117/225\n|move|p1a: Zacian|Behemoth Blade|p2a: Kilowattrel\n|-resisted|p2a: Kilowattrel\n|-crit|p2a: Kilowattrel\n|-damage|p2a: Kilowattrel|0 fnt\n|faint|p2a: Kilowattrel\n|\n|upkeep\n|\n|t:|1782841933\n|switch|p2a: Eiscue|Eiscue, L88, M|274/274\n|turn|12\n|\n|t:|1782841943\n|switch|p1a: Lilligant|Lilligant, L86, F|261/261\n|-damage|p1a: Lilligant|229/261|[from] Stealth Rock\n|move|p2a: Eiscue|Belly Drum|p2a: Eiscue\n|-damage|p2a: Eiscue|137/274\n|-setboost|p2a: Eiscue|atk|6|[from] move: Belly Drum\n|-enditem|p2a: Eiscue|Sitrus Berry|[eat]\n|-heal|p2a: Eiscue|205/274|[from] item: Sitrus Berry\n|\n|upkeep\n|turn|13\n|\n|t:|1782841946\n|move|p1a: Lilligant|Sleep Powder|p2a: Eiscue\n|-status|p2a: Eiscue|slp|[from] move: Sleep Powder\n|cant|p2a: Eiscue|slp\n|\n|upkeep\n|turn|14\n|\n|t:|1782841950\n|switch|p2a: Leafeon|Leafeon, L88, F|258/258\n|move|p1a: Lilligant|Quiver Dance|p1a: Lilligant\n|-boost|p1a: Lilligant|spa|1\n|-boost|p1a: Lilligant|spd|1\n|-boost|p1a: Lilligant|spe|1\n|\n|upkeep\n|turn|15\n|\n|t:|1782841958\n|-terastallize|p1a: Lilligant|Fire\n|move|p1a: Lilligant|Tera Blast|p2a: Leafeon|[anim] Tera Blast Fire\n|-supereffective|p2a: Leafeon\n|-crit|p2a: Leafeon\n|-damage|p2a: Leafeon|0 fnt\n|faint|p2a: Leafeon\n|-damage|p1a: Lilligant|203/261|[from] item: Life Orb\n|\n|upkeep\n|\n|t:|1782841962\n|switch|p2a: Hariyama|Hariyama, L87, M|336/392\n|turn|16\n|\n|t:|1782841966\n|move|p1a: Lilligant|Giga Drain|p2a: Hariyama\n|-damage|p2a: Hariyama|176/392\n|-heal|p1a: Lilligant|261/261|[from] drain|[of] p2a: Hariyama\n|-damage|p1a: Lilligant|235/261|[from] item: Life Orb\n|move|p2a: Hariyama|Close Combat|p1a: Lilligant\n|-damage|p1a: Lilligant|64/261\n|-unboost|p2a: Hariyama|def|1\n|-unboost|p2a: Hariyama|spd|1\n|\n|upkeep\n|turn|17\n|\n|t:|1782841973\n|-terastallize|p2a: Hariyama|Steel\n|move|p1a: Lilligant|Giga Drain|p2a: Hariyama\n|-resisted|p2a: Hariyama\n|-damage|p2a: Hariyama|69/392\n|-heal|p1a: Lilligant|118/261|[from] drain|[of] p2a: Hariyama\n|-damage|p1a: Lilligant|92/261|[from] item: Life Orb\n|move|p2a: Hariyama|Close Combat|p1a: Lilligant\n|-damage|p1a: Lilligant|0 fnt\n|-unboost|p2a: Hariyama|def|1\n|-unboost|p2a: Hariyama|spd|1\n|faint|p1a: Lilligant\n|\n|upkeep\n|\n|t:|1782841983\n|switch|p1a: Spectrier|Spectrier, L75|247/274\n|-damage|p1a: Spectrier|213/274|[from] Stealth Rock\n|turn|18\n|\n|t:|1782841988\n|switch|p2a: Bombirdier|Bombirdier, L85, M|197/258\n|move|p1a: Spectrier|Shadow Ball|p2a: Bombirdier\n|-resisted|p2a: Bombirdier\n|-damage|p2a: Bombirdier|135/258\n|-unboost|p2a: Bombirdier|spd|1\n|-damage|p1a: Spectrier|186/274|[from] item: Life Orb\n|\n|upkeep\n|turn|19\n|\n|t:|1782841993\n|move|p1a: Spectrier|Draining Kiss|p2a: Bombirdier\n|-supereffective|p2a: Bombirdier\n|-crit|p2a: Bombirdier\n|-damage|p2a: Bombirdier|0 fnt\n|-heal|p1a: Spectrier|274/274|[from] drain|[of] p2a: Bombirdier\n|faint|p2a: Bombirdier\n|-ability|p1a: Spectrier|Grim Neigh|boost\n|-boost|p1a: Spectrier|spa|1\n|-damage|p1a: Spectrier|247/274|[from] item: Life Orb\n|\n|upkeep\n|l|\u203dvergarabat\n|player|p2|\n|inactive|Battle timer is ON: inactive players will automatically lose when time's up. (requested by Yog Rahang...)\n|inactive|vergarabat has 30 seconds to reconnect!\n|inactive|vergarabat has 20 seconds to reconnect!\n|inactive|vergarabat has 15 seconds to reconnect!\n|inactive|vergarabat has 10 seconds to reconnect!\n|inactive|vergarabat has 5 seconds to reconnect!\n|-message|vergarabat lost due to inactivity.\n|\n|win|Yog Rahang...\n|raw|Yog Rahang...'s rating: 1991 &rarr; <strong>2012</strong><br />(+21 for winning)\n|raw|vergarabat's rating: 2014 &rarr; <strong>1993</strong><br />(-21 for losing)\n", "inputlog": ">version f8ac14003a5f27e1bdc8d8c59608a773c1cb96e5\n>start {\"formatid\":\"gen9randombattle\",\"seed\":\"sodium,d345a355caa21326a85d6241bb54c1f0\",\"rated\":\"Rated battle\"}\n>player p1 {\"name\":\"Yog Rahang...\",\"avatar\":\"brawly\",\"rating\":1991,\"seed\":\"sodium,6724acf460b1fd2eedeb7b40da9f690f\"}\n>player p2 {\"name\":\"vergarabat\",\"avatar\":\"iris-gen5bw2\",\"rating\":2014,\"seed\":\"sodium,65871b42ff0112f2e596a3dc1578fd4c\"}\n>p1 move voltswitch\n>p2 switch 4\n>p1 switch 2\n>p2 move hurricane\n>p1 move muddywater\n>p2 move uturn\n>p2 switch 3\n>p1 move voltswitch\n>p2 switch 5\n>p1 switch 2\n>p2 move nastyplot\n>p1 move leafstorm\n>p2 move alluringvoice\n>p1 move leafstorm\n>p2 move alluringvoice\n>p1 switch 6\n>p1 move shadowball\n>p2 switch 6\n>p1 switch 4\n>p2 move stealthrock\n>p1 move playrough\n>p2 switch 3\n>p1 move behemothblade\n>p2 move thunderbolt\n>p2 switch 4\n>p1 switch 3\n>p2 move bellydrum\n>p1 move sleeppowder\n>p2 move icespinner\n>p1 move quiverdance\n>p2 switch 2\n>p1 move terablast terastallize\n>p2 move knockoff\n>p2 switch 5\n>p1 move gigadrain\n>p2 move closecombat\n>p1 move gigadrain\n>p2 move closecombat terastallize\n>p1 switch 4\n>p1 move shadowball\n>p2 switch 3\n>p1 move drainingkiss\n>p2 move roost\n>forcelose p2", "uploadtime": 1782842135, "views": 6, "formatid": "gen9randombattle", "rating": 1993, "private": 0, "password": null, "player_dets": [{"name": "Yog Rahang...", "avatar": "brawly", "rating": 1991, "seed": "sodium,6724acf460b1fd2eedeb7b40da9f690f"}, {"name": "vergarabat", "avatar": "iris-gen5bw2", "rating": 2014, "seed": "sodium,65871b42ff0112f2e596a3dc1578fd4c"}], "teams_full": [{"Rotom": {"name": "Rotom", "species": "Rotom-Mow", "speciesId": "rotommow", "gender": "N", "shiny": false, "level": 87, "moves": ["thunderbolt", "willowisp", "leafstorm", "voltswitch"], "ability": "Levitate", "evs": {"hp": 85, "atk": 0, "def": 85, "spa": 85, "spd": 85, "spe": 85}, "ivs": {"hp": 31, "atk": 0, "def": 31, "spa": 31, "spd": 31, "spe": 31}, "item": "Leftovers", "teraType": "Grass", "role": "Bulky Attacker", "bvs": {"hp": 50, "atk": 65, "def": 107, "spa": 105, "spd": 107, "spe": 86}, "stats": {"hp": 229, "atk": 118, "def": 236, "spa": 232, "spd": 236, "spe": 199}, "types": ["Electric", "Grass"]}, "Bellibolt": {"name": "Bellibolt", "species": "Bellibolt", "speciesId": "bellibolt", "gender": "F", "shiny": false, "level": 84, "moves": ["voltswitch", "slackoff", "thunderbolt", "muddywater"], "ability": "Electromorphosis", "evs": {"hp": 85, "atk": 0, "def": 85, "spa": 85, "spd": 85, "spe": 85}, "ivs": {"hp": 31, "atk": 0, "def": 31, "spa": 31, "spd": 31, "spe": 31}, "item": "Leftovers", "teraType": "Electric", "role": "Bulky Attacker", "bvs": {"hp": 109, "atk": 64, "def": 91, "spa": 103, "spd": 83, "spe": 45}, "stats": {"hp": 320, "atk": 112, "def": 201, "spa": 221, "spd": 188, "spe": 124}, "types": ["Electric"]}, "Lilligant": {"name": "Lilligant", "species": "Lilligant", "speciesId": "lilligant", "gender": "F", "shiny": false, "level": 86, "moves": ["gigadrain", "quiverdance", "sleeppowder", "terablast"], "ability": "Chlorophyll", "evs": {"hp": 85, "atk": 0, "def": 85, "spa": 85, "spd": 85, "spe": 85}, "ivs": {"hp": 31, "atk": 0, "def": 31, "spa": 31, "spd": 31, "spe": 31}, "item": "Life Orb", "teraType": "Fire", "role": "Tera Blast user", "bvs": {"hp": 70, "atk": 60, "def": 75, "spa": 110, "spd": 75, "spe": 90}, "stats": {"hp": 261, "atk": 108, "def": 178, "spa": 238, "spd": 178, "spe": 204}, "types": ["Grass"]}, "Zacian": {"name": "Zacian", "species": "Zacian", "speciesId": "zaciancrowned", "gender": "N", "shiny": false, "level": 64, "moves": ["behemothblade", "playrough", "swordsdance", "closecombat"], "ability": "Intrepid Sword", "evs": {"hp": 85, "atk": 85, "def": 85, "spa": 85, "spd": 85, "spe": 85}, "ivs": {"hp": 31, "atk": 31, "def": 31, "spa": 31, "spd": 31, "spe": 31}, "item": "Rusted Sword", "teraType": "Fighting", "role": "Setup Sweeper", "bvs": {"hp": 92, "atk": 150, "def": 115, "spa": 80, "spd": 115, "spe": 148}, "stats": {"hp": 225, "atk": 230, "def": 185, "spa": 140, "spd": 185, "spe": 227}, "types": ["Fairy", "Steel"]}, "Mabosstiff": {"name": "Mabosstiff", "species": "Mabosstiff", "speciesId": "mabosstiff", "gender": "F", "shiny": false, "level": 86, "moves": ["playrough", "wildcharge", "psychicfangs", "crunch"], "ability": "Stakeout", "evs": {"hp": 85, "atk": 85, "def": 85, "spa": 85, "spd": 85, "spe": 85}, "ivs": {"hp": 31, "atk": 31, "def": 31, "spa": 31, "spd": 31, "spe": 31}, "item": "Choice Scarf", "teraType": "Dark", "role": "Bulky Attacker", "bvs": {"hp": 80, "atk": 120, "def": 90, "spa": 60, "spd": 70, "spe": 85}, "stats": {"hp": 278, "atk": 256, "def": 204, "spa": 152, "spd": 170, "spe": 195}, "types": ["Dark"]}, "Spectrier": {"name": "Spectrier", "species": "Spectrier", "speciesId": "spectrier", "gender": "N", "shiny": false, "level": 75, "moves": ["drainingkiss", "nastyplot", "shadowball", "darkpulse"], "ability": "Grim Neigh", "evs": {"hp": 85, "atk": 0, "def": 85, "spa": 85, "spd": 85, "spe": 85}, "ivs": {"hp": 31, "atk": 0, "def": 31, "spa": 31, "spd": 31, "spe": 31}, "item": "Life Orb", "teraType": "Dark", "role": "Setup Sweeper", "bvs": {"hp": 100, "atk": 65, "def": 60, "spa": 145, "spd": 80, "spe": 130}, "stats": {"hp": 274, "atk": 102, "def": 134, "spa": 261, "spd": 164, "spe": 239}, "types": ["Ghost"]}}, {"Eiscue": {"name": "Eiscue", "species": "Eiscue", "speciesId": "eiscue", "gender": "M", "shiny": false, "level": 88, "moves": ["liquidation", "icespinner", "terablast", "bellydrum"], "ability": "Ice Face", "evs": {"hp": 81, "atk": 85, "def": 85, "spa": 85, "spd": 85, "spe": 85}, "ivs": {"hp": 31, "atk": 31, "def": 31, "spa": 31, "spd": 31, "spe": 31}, "item": "Sitrus Berry", "teraType": "Ground", "role": "Tera Blast user", "bvs": {"hp": 75, "atk": 80, "def": 110, "spa": 65, "spd": 90, "spe": 50}, "stats": {"hp": 274, "atk": 191, "def": 244, "spa": 165, "spd": 209, "spe": 138}, "types": ["Ice"]}, "Leafeon": {"name": "Leafeon", "species": "Leafeon", "speciesId": "leafeon", "gender": "F", "shiny": false, "level": 88, "moves": ["swordsdance", "leafblade", "knockoff", "substitute"], "ability": "Chlorophyll", "evs": {"hp": 85, "atk": 85, "def": 85, "spa": 85, "spd": 85, "spe": 85}, "ivs": {"hp": 31, "atk": 31, "def": 31, "spa": 31, "spd": 31, "spe": 31}, "item": "Leftovers", "teraType": "Dark", "role": "Setup Sweeper", "bvs": {"hp": 65, "atk": 110, "def": 130, "spa": 60, "spd": 65, "spe": 95}, "stats": {"hp": 258, "atk": 244, "def": 279, "spa": 156, "spd": 165, "spe": 217}, "types": ["Grass"]}, "Hariyama": {"name": "Hariyama", "species": "Hariyama", "speciesId": "hariyama", "gender": "M", "shiny": false, "level": 87, "moves": ["heavyslam", "knockoff", "bulletpunch", "closecombat"], "ability": "Thick Fat", "evs": {"hp": 85, "atk": 85, "def": 85, "spa": 85, "spd": 85, "spe": 85}, "ivs": {"hp": 31, "atk": 31, "def": 31, "spa": 31, "spd": 31, "spe": 31}, "item": "Assault Vest", "teraType": "Steel", "role": "AV Pivot", "bvs": {"hp": 144, "atk": 120, "def": 60, "spa": 40, "spd": 60, "spe": 50}, "stats": {"hp": 392, "atk": 259, "def": 154, "spa": 119, "spd": 154, "spe": 137}, "types": ["Fighting"]}, "Kilowattrel": {"name": "Kilowattrel", "species": "Kilowattrel", "speciesId": "kilowattrel", "gender": "F", "shiny": false, "level": 83, "moves": ["hurricane", "uturn", "thunderbolt", "roost"], "ability": "Volt Absorb", "evs": {"hp": 85, "atk": 85, "def": 85, "spa": 85, "spd": 85, "spe": 85}, "ivs": {"hp": 31, "atk": 31, "def": 31, "spa": 31, "spd": 31, "spe": 31}, "item": "Heavy-Duty Boots", "teraType": "Steel", "role": "Bulky Attacker", "bvs": {"hp": 70, "atk": 70, "def": 60, "spa": 105, "spd": 60, "spe": 125}, "stats": {"hp": 252, "atk": 164, "def": 147, "spa": 222, "spd": 147, "spe": 255}, "types": ["Electric", "Flying"]}, "Plusle": {"name": "Plusle", "species": "Plusle", "speciesId": "plusle", "gender": "F", "shiny": false, "level": 95, "moves": ["thunderbolt", "grassknot", "nastyplot", "alluringvoice"], "ability": "Lightning Rod", "evs": {"hp": 85, "atk": 0, "def": 85, "spa": 85, "spd": 85, "spe": 85}, "ivs": {"hp": 31, "atk": 0, "def": 31, "spa": 31, "spd": 31, "spe": 31}, "item": "Life Orb", "teraType": "Grass", "role": "Setup Sweeper", "bvs": {"hp": 60, "atk": 50, "def": 40, "spa": 85, "spd": 75, "spe": 95}, "stats": {"hp": 268, "atk": 100, "def": 130, "spa": 215, "spd": 196, "spe": 234}, "types": ["Electric"]}, "Bombirdier": {"name": "Bombirdier", "species": "Bombirdier", "speciesId": "bombirdier", "gender": "M", "shiny": false, "level": 85, "moves": ["stealthrock", "roost", "knockoff", "bravebird"], "ability": "Big Pecks", "evs": {"hp": 85, "atk": 85, "def": 85, "spa": 85, "spd": 85, "spe": 85}, "ivs": {"hp": 31, "atk": 31, "def": 31, "spa": 31, "spd": 31, "spe": 31}, "item": "Heavy-Duty Boots", "teraType": "Dark", "role": "Bulky Support", "bvs": {"hp": 70, "atk": 103, "def": 85, "spa": 60, "spd": 85, "spe": 82}, "stats": {"hp": 258, "atk": 224, "def": 193, "spa": 151, "spd": 193, "spe": 188}, "types": ["Flying", "Dark"]}}]}