{"id": "gen9randombattle-2641762651", "format": "[Gen 9] Random Battle", "players": ["f3e3tfg42rtfg", "Mr. Mt. Mooner"], "log": "|j|\u2606f3e3tfg42rtfg\n|j|\u2606Mr. Mt. Mooner\n|t:|1782838923\n|gametype|singles\n|player|p1|f3e3tfg42rtfg|169|1236\n|player|p2|Mr. Mt. Mooner|bruno|1279\n|gen|9\n|tier|[Gen 9] Random Battle\n|rated|\n|rule|Species Clause: Limit one of each Pok\u00e9mon\n|rule|HP Percentage Mod: HP is shown in percentages\n|rule|Sleep Clause Mod: Limit one foe put to sleep\n|rule|Illusion Level Mod: Illusion disguises the Pok\u00e9mon's true level\n|\n|t:|1782838923\n|teamsize|p1|6\n|teamsize|p2|6\n|start\n|switch|p1a: Gogoat|Gogoat, L88, F|360/360\n|switch|p2a: Gurdurr|Gurdurr, L85, F|283/283\n|turn|1\n|inactive|Battle timer is ON: inactive players will automatically lose when time's up. (requested by f3e3tfg42rtfg)\n|\n|t:|1782838947\n|switch|p2a: Reshiram|Reshiram, L76|277/277\n|-ability|p2a: Reshiram|Turboblaze\n|move|p1a: Gogoat|Bulk Up|p1a: Gogoat\n|-boost|p1a: Gogoat|atk|1\n|-boost|p1a: Gogoat|def|1\n|\n|upkeep\n|turn|2\n|\n|t:|1782838960\n|move|p2a: Reshiram|Blue Flare|p1a: Gogoat\n|-supereffective|p1a: Gogoat\n|-crit|p1a: Gogoat\n|-damage|p1a: Gogoat|0 fnt\n|faint|p1a: Gogoat\n|\n|upkeep\n|\n|t:|1782838963\n|switch|p1a: Manaphy|Manaphy, L78|284/284\n|turn|3\n|inactive|Mr. Mt. Mooner has 120 seconds left.\n|\n|t:|1782838998\n|move|p1a: Manaphy|Tail Glow|p1a: Manaphy\n|-boost|p1a: Manaphy|spa|3\n|move|p2a: Reshiram|Dragon Tail|p1a: Manaphy\n|-damage|p1a: Manaphy|221/284\n|drag|p1a: Hitmonlee|Hitmonlee, L85, M|223/223\n|\n|upkeep\n|turn|4\n|inactive|Mr. Mt. Mooner has 120 seconds left.\n|inactive|f3e3tfg42rtfg has 120 seconds left.\n|inactive|f3e3tfg42rtfg has 90 seconds left.\n|\n|t:|1782839059\n|move|p1a: Hitmonlee|Stone Edge|p2a: Reshiram\n|-supereffective|p2a: Reshiram\n|-damage|p2a: Reshiram|39/277\n|move|p2a: Reshiram|Dragon Tail|p1a: Hitmonlee\n|-damage|p1a: Hitmonlee|129/223\n|drag|p1a: Palafin|Palafin, L77, F|281/281\n|\n|upkeep\n|turn|5\n|inactive|Mr. Mt. Mooner has 120 seconds left.\n|\n|t:|1782839071\n|move|p1a: Palafin|Wave Crash|p2a: Reshiram\n|-damage|p2a: Reshiram|0 fnt\n|faint|p2a: Reshiram\n|-damage|p1a: Palafin|268/281|[from] Recoil\n|\n|-heal|p1a: Palafin|281/281|[from] item: Leftovers\n|upkeep\n|\n|t:|1782839098\n|switch|p2a: Sceptile|Sceptile, L87, F|264/264\n|turn|6\n|inactive|f3e3tfg42rtfg has 90 seconds left.\n|\n|t:|1782839131\n|detailschange|p1a: Palafin|Palafin-Hero, L77, F\n|switch|p1a: Dialga|Dialga, L73|266/266\n|-ability|p1a: Dialga|Pressure\n|move|p2a: Sceptile|Leaf Blade|p1a: Dialga\n|-resisted|p1a: Dialga\n|-damage|p1a: Dialga|239/266\n|-damage|p2a: Sceptile|238/264|[from] item: Life Orb\n|\n|-heal|p1a: Dialga|255/266|[from] item: Leftovers\n|upkeep\n|turn|7\n|\n|t:|1782839147\n|move|p2a: Sceptile|Swords Dance|p2a: Sceptile\n|-boost|p2a: Sceptile|atk|2\n|move|p1a: Dialga|Thunder Wave|p2a: Sceptile\n|-status|p2a: Sceptile|par\n|\n|-heal|p1a: Dialga|266/266|[from] item: Leftovers\n|upkeep\n|turn|8\n|inactive|f3e3tfg42rtfg has 90 seconds left.\n|inactive|f3e3tfg42rtfg has 60 seconds left.\n|inactive|f3e3tfg42rtfg has 30 seconds left.\n|inactive|f3e3tfg42rtfg has 20 seconds left.\n|inactive|f3e3tfg42rtfg has 15 seconds left.\n|inactive|f3e3tfg42rtfg has 10 seconds left.\n|inactive|f3e3tfg42rtfg has 5 seconds left.\n|-message|f3e3tfg42rtfg lost due to inactivity.\n|\n|win|Mr. Mt. Mooner\n|raw|f3e3tfg42rtfg's rating: 1236 &rarr; <strong>1214</strong><br />(-22 for losing)\n|raw|Mr. Mt. Mooner's rating: 1279 &rarr; <strong>1301</strong><br />(+22 for winning)\n", "inputlog": ">version f8ac14003a5f27e1bdc8d8c59608a773c1cb96e5\n>start {\"formatid\":\"gen9randombattle\",\"seed\":\"sodium,7bf696034a045fea64387b8da8270e4b\",\"rated\":\"Rated battle\"}\n>player p1 {\"name\":\"f3e3tfg42rtfg\",\"avatar\":\"169\",\"rating\":1236,\"seed\":\"sodium,b2a68e4e648a6d7341daf23a4bf001a3\"}\n>player p2 {\"name\":\"Mr. Mt. Mooner\",\"avatar\":\"bruno\",\"rating\":1279,\"seed\":\"sodium,075bb9d406b7cd60101ee61d2959a93f\"}\n>p1 move bulkup\n>p2 switch 4\n>p1 move earthquake\n>p2 move blueflare\n>p1 switch 4\n>p1 move tailglow\n>p2 move dragontail\n>p1 move stoneedge\n>p2 move dragontail\n>p1 move wavecrash\n>p2 move dragontail\n>p2 switch 3\n>p1 switch 5\n>p2 move leafblade\n>p1 move thunderwave\n>p2 move swordsdance\n>forcelose p1", "uploadtime": 1782839250, "views": 5, "formatid": "gen9randombattle", "rating": 1214, "private": 0, "password": null, "player_dets": [{"name": "f3e3tfg42rtfg", "avatar": "169", "rating": 1236, "seed": "sodium,b2a68e4e648a6d7341daf23a4bf001a3"}, {"name": "Mr. Mt. Mooner", "avatar": "bruno", "rating": 1279, "seed": "sodium,075bb9d406b7cd60101ee61d2959a93f"}], "teams_full": [{"Gogoat": {"name": "Gogoat", "species": "Gogoat", "speciesId": "gogoat", "gender": "F", "shiny": false, "level": 88, "moves": ["hornleech", "earthquake", "milkdrink", "bulkup"], "ability": "Sap Sipper", "evs": {"hp": 85, "atk": 85, "def": 85, "spa": 85, "spd": 85, "spe": 85}, "ivs": {"hp": 31, "atk": 31, "def": 31, "spa": 31, "spd": 31, "spe": 31}, "item": "Leftovers", "teraType": "Water", "role": "Bulky Setup", "bvs": {"hp": 123, "atk": 100, "def": 62, "spa": 97, "spd": 81, "spe": 68}, "stats": {"hp": 360, "atk": 226, "def": 159, "spa": 221, "spd": 193, "spe": 170}, "types": ["Grass"]}, "Palafin": {"name": "Palafin", "species": "Palafin", "speciesId": "palafin", "gender": "F", "shiny": false, "level": 77, "moves": ["wavecrash", "jetpunch", "icepunch", "bulkup"], "ability": "Zero to Hero", "evs": {"hp": 85, "atk": 85, "def": 85, "spa": 85, "spd": 85, "spe": 85}, "ivs": {"hp": 31, "atk": 31, "def": 31, "spa": 31, "spd": 31, "spe": 31}, "item": "Leftovers", "teraType": "Steel", "role": "Bulky Setup", "bvs": {"hp": 100, "atk": 70, "def": 72, "spa": 53, "spd": 62, "spe": 100}, "stats": {"hp": 281, "atk": 152, "def": 155, "spa": 126, "spd": 140, "spe": 199}, "types": ["Water"]}, "Weavile": {"name": "Weavile", "species": "Weavile", "speciesId": "weavile", "gender": "F", "shiny": false, "level": 79, "moves": ["knockoff", "lowkick", "swordsdance", "tripleaxel"], "ability": "Pickpocket", "evs": {"hp": 85, "atk": 85, "def": 85, "spa": 85, "spd": 85, "spe": 85}, "ivs": {"hp": 31, "atk": 31, "def": 31, "spa": 31, "spd": 31, "spe": 31}, "item": "Heavy-Duty Boots", "teraType": "Fighting", "role": "Fast Attacker", "bvs": {"hp": 70, "atk": 120, "def": 65, "spa": 45, "spd": 85, "spe": 125}, "stats": {"hp": 240, "atk": 235, "def": 148, "spa": 117, "spd": 180, "spe": 243}, "types": ["Dark", "Ice"]}, "Manaphy": {"name": "Manaphy", "species": "Manaphy", "speciesId": "manaphy", "gender": "N", "shiny": false, "level": 78, "moves": ["energyball", "hydropump", "icebeam", "tailglow"], "ability": "Hydration", "evs": {"hp": 85, "atk": 0, "def": 85, "spa": 85, "spd": 85, "spe": 85}, "ivs": {"hp": 31, "atk": 0, "def": 31, "spa": 31, "spd": 31, "spe": 31}, "item": "Leftovers", "teraType": "Water", "role": "Bulky Setup", "bvs": {"hp": 100, "atk": 100, "def": 100, "spa": 100, "spd": 100, "spe": 100}, "stats": {"hp": 284, "atk": 161, "def": 201, "spa": 201, "spd": 201, "spe": 201}, "types": ["Water"]}, "Dialga": {"name": "Dialga", "species": "Dialga", "speciesId": "dialga", "gender": "N", "shiny": false, "level": 73, "moves": ["stealthrock", "thunderwave", "heavyslam", "dracometeor"], "ability": "Pressure", "evs": {"hp": 85, "atk": 85, "def": 85, "spa": 85, "spd": 85, "spe": 85}, "ivs": {"hp": 31, "atk": 31, "def": 31, "spa": 31, "spd": 31, "spe": 31}, "item": "Leftovers", "teraType": "Steel", "role": "Bulky Attacker", "bvs": {"hp": 100, "atk": 120, "def": 120, "spa": 150, "spd": 100, "spe": 90}, "stats": {"hp": 266, "atk": 218, "def": 218, "spa": 261, "spd": 188, "spe": 174}, "types": ["Steel", "Dragon"]}, "Hitmonlee": {"name": "Hitmonlee", "species": "Hitmonlee", "speciesId": "hitmonlee", "gender": "M", "shiny": false, "level": 85, "moves": ["stoneedge", "machpunch", "highjumpkick", "knockoff"], "ability": "Reckless", "evs": {"hp": 81, "atk": 85, "def": 85, "spa": 85, "spd": 85, "spe": 85}, "ivs": {"hp": 31, "atk": 31, "def": 31, "spa": 31, "spd": 31, "spe": 31}, "item": "Choice Band", "teraType": "Fighting", "role": "Fast Attacker", "bvs": {"hp": 50, "atk": 120, "def": 53, "spa": 35, "spd": 110, "spe": 87}, "stats": {"hp": 223, "atk": 253, "def": 139, "spa": 108, "spd": 236, "spe": 197}, "types": ["Fighting"]}}, {"Gurdurr": {"name": "Gurdurr", "species": "Gurdurr", "speciesId": "gurdurr", "gender": "F", "shiny": false, "level": 85, "moves": ["knockoff", "machpunch", "bulkup", "drainpunch"], "ability": "Guts", "evs": {"hp": 85, "atk": 85, "def": 85, "spa": 85, "spd": 85, "spe": 85}, "ivs": {"hp": 31, "atk": 31, "def": 31, "spa": 31, "spd": 31, "spe": 31}, "item": "Eviolite", "teraType": "Steel", "role": "Bulky Attacker", "bvs": {"hp": 85, "atk": 105, "def": 85, "spa": 40, "spd": 50, "spe": 40}, "stats": {"hp": 283, "atk": 227, "def": 193, "spa": 117, "spd": 134, "spe": 117}, "types": ["Fighting"]}, "Crabominable": {"name": "Crabominable", "species": "Crabominable", "speciesId": "crabominable", "gender": "F", "shiny": false, "level": 90, "moves": ["earthquake", "knockoff", "drainpunch", "icehammer"], "ability": "Iron Fist", "evs": {"hp": 85, "atk": 85, "def": 85, "spa": 85, "spd": 85, "spe": 85}, "ivs": {"hp": 31, "atk": 31, "def": 31, "spa": 31, "spd": 31, "spe": 31}, "item": "Assault Vest", "teraType": "Ground", "role": "AV Pivot", "bvs": {"hp": 97, "atk": 132, "def": 77, "spa": 62, "spd": 67, "spe": 43}, "stats": {"hp": 321, "atk": 289, "def": 190, "spa": 163, "spd": 172, "spe": 129}, "types": ["Fighting", "Ice"]}, "Sceptile": {"name": "Sceptile", "species": "Sceptile", "speciesId": "sceptile", "gender": "F", "shiny": false, "level": 87, "moves": ["rockslide", "leafblade", "earthquake", "swordsdance"], "ability": "Overgrow", "evs": {"hp": 85, "atk": 85, "def": 85, "spa": 85, "spd": 85, "spe": 85}, "ivs": {"hp": 31, "atk": 31, "def": 31, "spa": 31, "spd": 31, "spe": 31}, "item": "Life Orb", "teraType": "Rock", "role": "Setup Sweeper", "bvs": {"hp": 70, "atk": 85, "def": 65, "spa": 105, "spd": 85, "spe": 120}, "stats": {"hp": 264, "atk": 198, "def": 163, "spa": 232, "spd": 198, "spe": 259}, "types": ["Grass"]}, "Reshiram": {"name": "Reshiram", "species": "Reshiram", "speciesId": "reshiram", "gender": "N", "shiny": false, "level": 76, "moves": ["dragontail", "dracometeor", "blueflare", "earthpower"], "ability": "Turboblaze", "evs": {"hp": 85, "atk": 85, "def": 85, "spa": 85, "spd": 85, "spe": 85}, "ivs": {"hp": 31, "atk": 31, "def": 31, "spa": 31, "spd": 31, "spe": 31}, "item": "Heavy-Duty Boots", "teraType": "Fire", "role": "Fast Attacker", "bvs": {"hp": 100, "atk": 120, "def": 100, "spa": 150, "spd": 120, "spe": 90}, "stats": {"hp": 277, "atk": 226, "def": 196, "spa": 272, "spd": 226, "spe": 181}, "types": ["Dragon", "Fire"]}, "Orthworm": {"name": "Orthworm", "species": "Orthworm", "speciesId": "orthworm", "gender": "F", "shiny": false, "level": 88, "moves": ["coil", "irontail", "bodypress", "rest"], "ability": "Earth Eater", "evs": {"hp": 85, "atk": 85, "def": 85, "spa": 85, "spd": 85, "spe": 85}, "ivs": {"hp": 31, "atk": 31, "def": 31, "spa": 31, "spd": 31, "spe": 31}, "item": "Chesto Berry", "teraType": "Fighting", "role": "Bulky Setup", "bvs": {"hp": 70, "atk": 85, "def": 145, "spa": 60, "spd": 55, "spe": 65}, "stats": {"hp": 266, "atk": 200, "def": 305, "spa": 156, "spd": 147, "spe": 165}, "types": ["Steel"]}, "Kingdra": {"name": "Kingdra", "species": "Kingdra", "speciesId": "kingdra", "gender": "M", "shiny": false, "level": 84, "moves": ["dragondance", "outrage", "waterfall", "wavecrash"], "ability": "Sniper", "evs": {"hp": 85, "atk": 85, "def": 85, "spa": 85, "spd": 85, "spe": 85}, "ivs": {"hp": 31, "atk": 31, "def": 31, "spa": 31, "spd": 31, "spe": 31}, "item": "Lum Berry", "teraType": "Water", "role": "Setup Sweeper", "bvs": {"hp": 75, "atk": 95, "def": 95, "spa": 95, "spd": 95, "spe": 85}, "stats": {"hp": 263, "atk": 208, "def": 208, "spa": 208, "spd": 208, "spe": 191}, "types": ["Water", "Dragon"]}}]}