{"id": "gen9randombattle-2642213466", "format": "[Gen 9] Random Battle", "players": ["bandsgender", "zhxng11"], "log": "|j|\u2606bandsgender\n|j|\u2606zhxng11\n|t:|1782911833\n|gametype|singles\n|player|p1|bandsgender|erika|1560\n|player|p2|zhxng11|n|1595\n|gen|9\n|tier|[Gen 9] Random Battle\n|rated|\n|rule|Species Clause: Limit one of each Pok\u00e9mon\n|rule|HP Percentage Mod: HP is shown in percentages\n|rule|Sleep Clause Mod: Limit one foe put to sleep\n|rule|Illusion Level Mod: Illusion disguises the Pok\u00e9mon's true level\n|\n|t:|1782911833\n|teamsize|p1|6\n|teamsize|p2|6\n|start\n|switch|p1a: Tauros|Tauros-Paldea-Blaze, L81, M|252/252\n|switch|p2a: Azumarill|Azumarill, L82, F|298/298\n|turn|1\n|inactive|Battle timer is ON: inactive players will automatically lose when time's up. (requested by zhxng11)\n|\n|t:|1782911847\n|switch|p1a: Zapdos|Zapdos, L78|268/268\n|move|p2a: Azumarill|Belly Drum|p2a: Azumarill\n|-damage|p2a: Azumarill|149/298\n|-setboost|p2a: Azumarill|atk|6|[from] move: Belly Drum\n|-enditem|p2a: Azumarill|Sitrus Berry|[eat]\n|-heal|p2a: Azumarill|223/298|[from] item: Sitrus Berry\n|\n|upkeep\n|turn|2\n|\n|t:|1782911854\n|move|p1a: Zapdos|Thunderbolt|p2a: Azumarill\n|-supereffective|p2a: Azumarill\n|-damage|p2a: Azumarill|1/298\n|move|p2a: Azumarill|Liquidation|p1a: Zapdos\n|-damage|p1a: Zapdos|0 fnt\n|faint|p1a: Zapdos\n|\n|upkeep\n|\n|t:|1782911866\n|switch|p1a: Cacturne|Cacturne, L92, M|278/278\n|turn|3\n|\n|t:|1782911870\n|move|p1a: Cacturne|Sucker Punch|p2a: Azumarill\n|-resisted|p2a: Azumarill\n|-damage|p2a: Azumarill|0 fnt\n|faint|p2a: Azumarill\n|-damage|p1a: Cacturne|251/278|[from] item: Life Orb\n|\n|upkeep\n|\n|t:|1782911898\n|switch|p2a: Staraptor|Staraptor, L79, M|263/263\n|turn|4\n|\n|t:|1782911905\n|switch|p1a: Stonjourner|Stonjourner, L91, F|330/330\n|move|p2a: Staraptor|U-turn|p1a: Stonjourner\n|-damage|p1a: Stonjourner|276/330\n|\n|t:|1782911920\n|switch|p2a: Iron Hands|Iron Hands, L79|373/373|[from] U-turn\n|\n|upkeep\n|turn|5\n|\n|t:|1782911925\n|switch|p1a: Tornadus|Tornadus-Therian, L79, M|254/254\n|move|p2a: Iron Hands|Fake Out|p1a: Tornadus\n|-damage|p1a: Tornadus|213/254\n|\n|upkeep\n|turn|6\n|\n|t:|1782911933\n|move|p1a: Tornadus|Knock Off|p2a: Iron Hands\n|-resisted|p2a: Iron Hands\n|-damage|p2a: Iron Hands|346/373\n|-enditem|p2a: Iron Hands|Assault Vest|[from] move: Knock Off|[of] p1a: Tornadus\n|move|p2a: Iron Hands|Volt Switch|p1a: Tornadus\n|-supereffective|p1a: Tornadus\n|-damage|p1a: Tornadus|147/254\n|\n|t:|1782911944\n|-end|p2a: Iron Hands|Quark Drive|[silent]\n|switch|p2a: Electivire|Electivire, L84, M|263/263|[from] Volt Switch\n|\n|upkeep\n|turn|7\n|\n|t:|1782911951\n|move|p1a: Tornadus|U-turn|p2a: Electivire\n|-damage|p2a: Electivire|211/263\n|\n|t:|1782911953\n|switch|p1a: Whiscash|Whiscash, L88, F|337/337|[from] U-turn\n|move|p2a: Electivire|Supercell Slam|p1a: Whiscash\n|-immune|p1a: Whiscash\n|-damage|p2a: Electivire|80/263|[from] supercellslam\n|\n|upkeep\n|turn|8\n|c|\u2606zhxng11|bruh\n|c|\u2606zhxng11|rlly\n|c|\u2606zhxng11|waht were the possibilities for ur last kon to be ground tyoe\n|\n|t:|1782911983\n|move|p2a: Electivire|Ice Punch|p1a: Whiscash\n|-damage|p1a: Whiscash|243/337\n|-damage|p2a: Electivire|54/263|[from] item: Life Orb\n|move|p1a: Whiscash|Dragon Dance|p1a: Whiscash\n|-boost|p1a: Whiscash|atk|1\n|-boost|p1a: Whiscash|spe|1\n|\n|upkeep\n|turn|9\n|\n|t:|1782911997\n|move|p1a: Whiscash|Earthquake|p2a: Electivire\n|-supereffective|p2a: Electivire\n|-damage|p2a: Electivire|0 fnt\n|faint|p2a: Electivire\n|-damage|p1a: Whiscash|210/337|[from] item: Life Orb\n|\n|upkeep\n|\n|t:|1782912006\n|switch|p2a: Basculin|Basculin-Blue-Striped, L86, F|261/261\n|turn|10\n|\n|t:|1782912012\n|move|p1a: Whiscash|Earthquake|p2a: Basculin\n|-damage|p2a: Basculin|43/261\n|-damage|p1a: Whiscash|177/337|[from] item: Life Orb\n|move|p2a: Basculin|Double-Edge|p1a: Whiscash\n|-damage|p1a: Whiscash|26/337\n|-damage|p2a: Basculin|0 fnt|[from] Recoil\n|faint|p2a: Basculin\n|\n|upkeep\n|\n|t:|1782912014\n|switch|p2a: Iron Hands|Iron Hands, L79|346/373\n|turn|11\n|\n|t:|1782912025\n|-terastallize|p1a: Whiscash|Steel\n|move|p2a: Iron Hands|Fake Out|p1a: Whiscash\n|-resisted|p1a: Whiscash\n|-damage|p1a: Whiscash|8/337\n|cant|p1a: Whiscash|flinch\n|\n|upkeep\n|turn|12\n|\n|t:|1782912030\n|-end|p2a: Iron Hands|Quark Drive|[silent]\n|switch|p2a: Staraptor|Staraptor, L79, M|263/263\n|move|p1a: Whiscash|Earthquake|p2a: Staraptor\n|-immune|p2a: Staraptor\n|\n|upkeep\n|turn|13\n|\n|t:|1782912035\n|move|p1a: Whiscash|Liquidation|p2a: Staraptor\n|-damage|p2a: Staraptor|52/263\n|-damage|p1a: Whiscash|0 fnt|[from] item: Life Orb\n|faint|p1a: Whiscash\n|move|p2a: Staraptor|Close Combat|p1: Whiscash|[notarget]\n|-fail|p2a: Staraptor\n|\n|upkeep\n|\n|t:|1782912045\n|switch|p1a: Tornadus|Tornadus-Therian, L79, M|231/254\n|turn|14\n|\n|t:|1782912054\n|switch|p2a: Iron Hands|Iron Hands, L79|346/373\n|move|p1a: Tornadus|U-turn|p2a: Iron Hands\n|-resisted|p2a: Iron Hands\n|-damage|p2a: Iron Hands|324/373\n|\n|t:|1782912059\n|switch|p1a: Tauros|Tauros-Paldea-Blaze, L81, M|252/252|[from] U-turn\n|\n|upkeep\n|turn|15\n|\n|t:|1782912062\n|move|p2a: Iron Hands|Fake Out|p1a: Tauros\n|-damage|p1a: Tauros|224/252\n|cant|p1a: Tauros|flinch\n|\n|upkeep\n|turn|16\n|\n|t:|1782912068\n|move|p1a: Tauros|Bulk Up|p1a: Tauros\n|-boost|p1a: Tauros|atk|1\n|-boost|p1a: Tauros|def|1\n|move|p2a: Iron Hands|Drain Punch|p1a: Tauros\n|-damage|p1a: Tauros|170/252\n|-heal|p2a: Iron Hands|351/373|[from] drain|[of] p1a: Tauros\n|\n|upkeep\n|turn|17\n|\n|t:|1782912077\n|move|p1a: Tauros|Bulk Up|p1a: Tauros\n|-boost|p1a: Tauros|atk|1\n|-boost|p1a: Tauros|def|1\n|move|p2a: Iron Hands|Thunder Punch|p1a: Tauros\n|-damage|p1a: Tauros|127/252\n|\n|upkeep\n|turn|18\n|\n|t:|1782912081\n|move|p1a: Tauros|Substitute|p1a: Tauros\n|-start|p1a: Tauros|Substitute\n|-damage|p1a: Tauros|64/252\n|-enditem|p1a: Tauros|Sitrus Berry|[eat]\n|-heal|p1a: Tauros|127/252|[from] item: Sitrus Berry\n|move|p2a: Iron Hands|Thunder Punch|p1a: Tauros\n|-activate|p1a: Tauros|move: Substitute|[damage]\n|\n|upkeep\n|turn|19\n|\n|t:|1782912089\n|move|p1a: Tauros|Raging Bull|p2a: Iron Hands\n|-damage|p2a: Iron Hands|162/373\n|move|p2a: Iron Hands|Volt Switch|p1a: Tauros\n|-end|p1a: Tauros|Substitute\n|\n|t:|1782912090\n|-end|p2a: Iron Hands|Quark Drive|[silent]\n|switch|p2a: Solgaleo|Solgaleo, L74|325/325|[from] Volt Switch\n|\n|-activate|p1a: Tauros|ability: Cud Chew\n|-enditem|p1a: Tauros|Sitrus Berry|[eat]\n|-heal|p1a: Tauros|190/252|[from] item: Sitrus Berry\n|upkeep\n|turn|20\n|\n|t:|1782912104\n|-terastallize|p2a: Solgaleo|Ground\n|move|p1a: Tauros|Bulk Up|p1a: Tauros\n|-boost|p1a: Tauros|atk|1\n|-boost|p1a: Tauros|def|1\n|move|p2a: Solgaleo|Flame Charge|p1a: Tauros\n|-resisted|p1a: Tauros\n|-damage|p1a: Tauros|183/252\n|-boost|p2a: Solgaleo|spe|1\n|\n|upkeep\n|turn|21\n|\n|t:|1782912113\n|move|p2a: Solgaleo|Earthquake|p1a: Tauros\n|-supereffective|p1a: Tauros\n|-damage|p1a: Tauros|99/252\n|move|p1a: Tauros|Raging Bull|p2a: Solgaleo\n|-damage|p2a: Solgaleo|75/325\n|\n|upkeep\n|turn|22\n|\n|t:|1782912119\n|move|p2a: Solgaleo|Earthquake|p1a: Tauros\n|-supereffective|p1a: Tauros\n|-damage|p1a: Tauros|15/252\n|move|p1a: Tauros|Raging Bull|p2a: Solgaleo\n|-damage|p2a: Solgaleo|0 fnt\n|faint|p2a: Solgaleo\n|\n|upkeep\n|\n|t:|1782912121\n|switch|p2a: Iron Hands|Iron Hands, L79|162/373\n|turn|23\n|\n|t:|1782912124\n|move|p2a: Iron Hands|Fake Out|p1a: Tauros\n|-damage|p1a: Tauros|2/252\n|cant|p1a: Tauros|flinch\n|\n|upkeep\n|turn|24\n|\n|t:|1782912128\n|move|p1a: Tauros|Raging Bull|p2a: Iron Hands\n|-damage|p2a: Iron Hands|0 fnt\n|faint|p2a: Iron Hands\n|-end|p2a: Iron Hands|Quark Drive|[silent]\n|\n|upkeep\n|\n|t:|1782912129\n|switch|p2a: Staraptor|Staraptor, L79, M|52/263\n|turn|25\n|\n|t:|1782912131\n|move|p2a: Staraptor|Quick Attack|p1a: Tauros\n|-damage|p1a: Tauros|0 fnt\n|faint|p1a: Tauros\n|\n|upkeep\n|c|\u2606zhxng11|LUCKY ASS\n|l|\u2606zhxng11\n|inactive|zhxng11 disconnected and has a minute to reconnect!\n|player|p2|\n|\n|t:|1782912136\n|switch|p1a: Cacturne|Cacturne, L92, M|251/278\n|turn|26\n|inactive|zhxng11 has 30 seconds to reconnect!\n|inactive|zhxng11 has 20 seconds to reconnect!\n|inactive|zhxng11 has 15 seconds to reconnect!\n|inactive|zhxng11 has 10 seconds to reconnect!\n|inactive|zhxng11 has 5 seconds to reconnect!\n|-message|zhxng11 lost due to inactivity.\n|\n|win|bandsgender\n|raw|bandsgender's rating: 1560 &rarr; <strong>1582</strong><br />(+22 for winning)\n|raw|zhxng11's rating: 1595 &rarr; <strong>1573</strong><br />(-22 for losing)\n", "inputlog": ">version f8ac14003a5f27e1bdc8d8c59608a773c1cb96e5\n>start {\"formatid\":\"gen9randombattle\",\"seed\":\"sodium,6bfae1c834f58ccf75d22f3009da198f\",\"rated\":\"Rated battle\"}\n>player p1 {\"name\":\"bandsgender\",\"avatar\":\"erika\",\"rating\":1560,\"seed\":\"sodium,19a87b9e466634c32f9eff72494f9251\"}\n>player p2 {\"name\":\"zhxng11\",\"avatar\":\"n\",\"rating\":1595,\"seed\":\"sodium,13ce21d8bcc0543eda2990403e1df71c\"}\n>p1 switch 5\n>p2 move bellydrum\n>p1 move thunderbolt\n>p2 move liquidation\n>p1 switch 6\n>p1 move suckerpunch\n>p2 move aquajet\n>p2 switch 6\n>p1 switch 3\n>p2 move uturn\n>p2 switch 2\n>p1 switch 2\n>p2 move fakeout\n>p1 move knockoff\n>p2 move voltswitch\n>p2 switch 4\n>p1 move uturn\n>p2 move supercellslam\n>p1 switch 4\n>chat \u2606zhxng11|bruh\n>chat \u2606zhxng11|rlly\n>chat \u2606zhxng11|waht were the possibilities for ur last kon to be ground tyoe\n>p1 move dragondance\n>p2 move icepunch\n>p1 move earthquake\n>p2 move icepunch\n>p2 switch 3\n>p1 move earthquake\n>p2 move doubleedge\n>p2 switch 4\n>p1 move earthquake terastallize\n>p2 move fakeout\n>p1 move earthquake\n>p2 switch 2\n>p1 move liquidation\n>p2 move closecombat\n>p1 switch 4\n>p1 move uturn\n>p2 switch 2\n>p1 switch 5\n>p1 move bulkup\n>p2 move fakeout\n>p1 move bulkup\n>p2 move drainpunch\n>p1 move bulkup\n>p2 move thunderpunch\n>p1 move substitute\n>p2 move thunderpunch\n>p1 move ragingbull\n>p2 move voltswitch\n>p2 switch 5\n>p1 move bulkup\n>p2 move flamecharge terastallize\n>p1 move ragingbull\n>p2 move earthquake\n>p1 move ragingbull\n>p2 move earthquake\n>p2 switch 5\n>p1 move ragingbull\n>p2 move fakeout\n>p1 move ragingbull\n>p2 move drainpunch\n>p2 switch 2\n>p1 move ragingbull\n>p2 move quickattack\n>chat \u2606zhxng11|LUCKY ASS\n>p1 switch 3\n>forcelose p2", "uploadtime": 1782912216, "views": 6, "formatid": "gen9randombattle", "rating": 1573, "private": 0, "password": null, "player_dets": [{"name": "bandsgender", "avatar": "erika", "rating": 1560, "seed": "sodium,19a87b9e466634c32f9eff72494f9251"}, {"name": "zhxng11", "avatar": "n", "rating": 1595, "seed": "sodium,13ce21d8bcc0543eda2990403e1df71c"}], "teams_full": [{"Tauros": {"name": "Tauros", "species": "Tauros-Paldea-Blaze", "speciesId": "taurospaldeablaze", "gender": "M", "shiny": false, "level": 81, "moves": ["substitute", "bulkup", "closecombat", "ragingbull"], "ability": "Cud Chew", "evs": {"hp": 73, "atk": 85, "def": 85, "spa": 85, "spd": 85, "spe": 85}, "ivs": {"hp": 31, "atk": 31, "def": 31, "spa": 31, "spd": 31, "spe": 31}, "item": "Sitrus Berry", "teraType": "Water", "role": "Fast Bulky Setup", "bvs": {"hp": 75, "atk": 110, "def": 105, "spa": 30, "spd": 70, "spe": 100}, "stats": {"hp": 252, "atk": 225, "def": 217, "spa": 95, "spd": 160, "spe": 209}, "types": ["Fighting", "Fire"]}, "Tornadus": {"name": "Tornadus", "species": "Tornadus-Therian", "speciesId": "tornadustherian", "gender": "M", "shiny": false, "level": 79, "moves": ["bleakwindstorm", "heatwave", "knockoff", "uturn"], "ability": "Regenerator", "evs": {"hp": 85, "atk": 85, "def": 85, "spa": 85, "spd": 85, "spe": 85}, "ivs": {"hp": 31, "atk": 31, "def": 31, "spa": 31, "spd": 31, "spe": 31}, "item": "Assault Vest", "teraType": "Steel", "role": "AV Pivot", "bvs": {"hp": 79, "atk": 100, "def": 80, "spa": 110, "spd": 90, "spe": 121}, "stats": {"hp": 254, "atk": 204, "def": 172, "spa": 219, "spd": 188, "spe": 237}, "types": ["Flying"]}, "Stonjourner": {"name": "Stonjourner", "species": "Stonjourner", "speciesId": "stonjourner", "gender": "F", "shiny": false, "level": 91, "moves": ["heatcrash", "stoneedge", "stealthrock", "earthquake"], "ability": "Power Spot", "evs": {"hp": 85, "atk": 85, "def": 85, "spa": 85, "spd": 85, "spe": 85}, "ivs": {"hp": 31, "atk": 31, "def": 31, "spa": 31, "spd": 31, "spe": 31}, "item": "Life Orb", "teraType": "Ground", "role": "Fast Attacker", "bvs": {"hp": 100, "atk": 125, "def": 135, "spa": 20, "spd": 20, "spe": 70}, "stats": {"hp": 330, "atk": 279, "def": 298, "spa": 88, "spd": 88, "spe": 179}, "types": ["Rock"]}, "Whiscash": {"name": "Whiscash", "species": "Whiscash", "speciesId": "whiscash", "gender": "F", "shiny": false, "level": 88, "moves": ["liquidation", "stoneedge", "dragondance", "earthquake"], "ability": "Oblivious", "evs": {"hp": 85, "atk": 85, "def": 85, "spa": 85, "spd": 85, "spe": 85}, "ivs": {"hp": 31, "atk": 31, "def": 31, "spa": 31, "spd": 31, "spe": 31}, "item": "Life Orb", "teraType": "Steel", "role": "Setup Sweeper", "bvs": {"hp": 110, "atk": 78, "def": 73, "spa": 76, "spd": 71, "spe": 60}, "stats": {"hp": 337, "atk": 188, "def": 179, "spa": 184, "spd": 175, "spe": 156}, "types": ["Water", "Ground"]}, "Zapdos": {"name": "Zapdos", "species": "Zapdos", "speciesId": "zapdos", "gender": "N", "shiny": false, "level": 78, "moves": ["heatwave", "hurricane", "roost", "thunderbolt"], "ability": "Static", "evs": {"hp": 85, "atk": 0, "def": 85, "spa": 85, "spd": 85, "spe": 85}, "ivs": {"hp": 31, "atk": 0, "def": 31, "spa": 31, "spd": 31, "spe": 31}, "item": "Heavy-Duty Boots", "teraType": "Electric", "role": "Bulky Attacker", "bvs": {"hp": 90, "atk": 90, "def": 85, "spa": 125, "spd": 90, "spe": 100}, "stats": {"hp": 268, "atk": 145, "def": 178, "spa": 240, "spd": 185, "spe": 201}, "types": ["Electric", "Flying"]}, "Cacturne": {"name": "Cacturne", "species": "Cacturne", "speciesId": "cacturne", "gender": "M", "shiny": false, "level": 92, "moves": ["spikes", "suckerpunch", "leafstorm", "knockoff"], "ability": "Water Absorb", "evs": {"hp": 85, "atk": 85, "def": 85, "spa": 85, "spd": 85, "spe": 85}, "ivs": {"hp": 31, "atk": 31, "def": 31, "spa": 31, "spd": 31, "spe": 31}, "item": "Life Orb", "teraType": "Grass", "role": "Wallbreaker", "bvs": {"hp": 70, "atk": 115, "def": 60, "spa": 115, "spd": 60, "spe": 55}, "stats": {"hp": 278, "atk": 264, "def": 163, "spa": 264, "spd": 163, "spe": 154}, "types": ["Grass", "Dark"]}}, {"Azumarill": {"name": "Azumarill", "species": "Azumarill", "speciesId": "azumarill", "gender": "F", "shiny": false, "level": 82, "moves": ["playrough", "aquajet", "liquidation", "bellydrum"], "ability": "Huge Power", "evs": {"hp": 85, "atk": 85, "def": 85, "spa": 85, "spd": 85, "spe": 85}, "ivs": {"hp": 31, "atk": 31, "def": 31, "spa": 31, "spd": 31, "spe": 31}, "item": "Sitrus Berry", "teraType": "Water", "role": "Bulky Attacker", "bvs": {"hp": 100, "atk": 50, "def": 80, "spa": 60, "spd": 80, "spe": 50}, "stats": {"hp": 298, "atk": 129, "def": 178, "spa": 146, "spd": 178, "spe": 129}, "types": ["Water", "Fairy"]}, "Iron Hands": {"name": "Iron Hands", "species": "Iron Hands", "speciesId": "ironhands", "gender": "N", "shiny": false, "level": 79, "moves": ["fakeout", "drainpunch", "voltswitch", "thunderpunch"], "ability": "Quark Drive", "evs": {"hp": 85, "atk": 85, "def": 85, "spa": 85, "spd": 85, "spe": 85}, "ivs": {"hp": 31, "atk": 31, "def": 31, "spa": 31, "spd": 31, "spe": 31}, "item": "Assault Vest", "teraType": "Electric", "role": "AV Pivot", "bvs": {"hp": 154, "atk": 140, "def": 108, "spa": 50, "spd": 68, "spe": 50}, "stats": {"hp": 373, "atk": 267, "def": 216, "spa": 125, "spd": 153, "spe": 125}, "types": ["Fighting", "Electric"]}, "Basculin": {"name": "Basculin", "species": "Basculin-Blue-Striped", "speciesId": "basculin", "gender": "F", "shiny": false, "level": 86, "moves": ["wavecrash", "doubleedge", "aquajet", "flipturn"], "ability": "Adaptability", "evs": {"hp": 85, "atk": 85, "def": 85, "spa": 85, "spd": 85, "spe": 85}, "ivs": {"hp": 31, "atk": 31, "def": 31, "spa": 31, "spd": 31, "spe": 31}, "item": "Choice Band", "teraType": "Water", "role": "Wallbreaker", "bvs": {"hp": 70, "atk": 92, "def": 65, "spa": 80, "spd": 55, "spe": 98}, "stats": {"hp": 261, "atk": 207, "def": 161, "spa": 187, "spd": 144, "spe": 218}, "types": ["Water"]}, "Electivire": {"name": "Electivire", "species": "Electivire", "speciesId": "electivire", "gender": "M", "shiny": false, "level": 84, "moves": ["bulkup", "icepunch", "earthquake", "supercellslam"], "ability": "Motor Drive", "evs": {"hp": 85, "atk": 85, "def": 85, "spa": 85, "spd": 85, "spe": 85}, "ivs": {"hp": 31, "atk": 31, "def": 31, "spa": 31, "spd": 31, "spe": 31}, "item": "Life Orb", "teraType": "Flying", "role": "Setup Sweeper", "bvs": {"hp": 75, "atk": 123, "def": 67, "spa": 95, "spd": 85, "spe": 95}, "stats": {"hp": 263, "atk": 255, "def": 161, "spa": 208, "spd": 191, "spe": 208}, "types": ["Electric"]}, "Solgaleo": {"name": "Solgaleo", "species": "Solgaleo", "speciesId": "solgaleo", "gender": "N", "shiny": false, "level": 74, "moves": ["earthquake", "flamecharge", "sunsteelstrike", "closecombat"], "ability": "Full Metal Body", "evs": {"hp": 85, "atk": 85, "def": 85, "spa": 85, "spd": 85, "spe": 85}, "ivs": {"hp": 31, "atk": 31, "def": 31, "spa": 31, "spd": 31, "spe": 31}, "item": "Weakness Policy", "teraType": "Ground", "role": "Bulky Setup", "bvs": {"hp": 137, "atk": 137, "def": 107, "spa": 113, "spd": 89, "spe": 97}, "stats": {"hp": 325, "atk": 246, "def": 201, "spa": 210, "spd": 175, "spe": 187}, "types": ["Psychic", "Steel"]}, "Staraptor": {"name": "Staraptor", "species": "Staraptor", "speciesId": "staraptor", "gender": "M", "shiny": false, "level": 79, "moves": ["bravebird", "uturn", "quickattack", "closecombat"], "ability": "Reckless", "evs": {"hp": 81, "atk": 85, "def": 85, "spa": 85, "spd": 85, "spe": 85}, "ivs": {"hp": 31, "atk": 31, "def": 31, "spa": 31, "spd": 31, "spe": 31}, "item": "Choice Band", "teraType": "Fighting", "role": "Fast Attacker", "bvs": {"hp": 85, "atk": 120, "def": 70, "spa": 50, "spd": 60, "spe": 100}, "stats": {"hp": 263, "atk": 235, "def": 156, "spa": 125, "spd": 140, "spe": 204}, "types": ["Normal", "Flying"]}}]}