{"id": "gen9randombattle-2641586674", "format": "[Gen 9] Random Battle", "players": ["ban Freezai", "EIKICHI OUHNIZUKA"], "log": "|badge|p2|silver|gen9randombattle|30-9\n|html|<div class=\"broadcast-red\"><strong>This battle is required to be public due to one or more player having a season medal.</strong><br />During the public phase, you can discuss the state of the ladder <a href=\"/seasondiscussion\">in a special chatroom.</a></div>\n|uhtml|medal-msg|<div class=\"broadcast-blue\">Curious what those medals under the avatar are? PS now has Ladder Seasons! For more information, check out the <a href=\"https://www.smogon.com/forums/threads/3740067/\">thread on Smogon.</a></div>\n|j|\u2606ban Freezai\n|j|\u203dEIKICHI OUHNIZUKA\n|t:|1782813634\n|gametype|singles\n|player|p1|ban Freezai|1|2265\n|player|p2|EIKICHI OUHNIZUKA|elm|2394\n|gen|9\n|tier|[Gen 9] Random Battle\n|rated|\n|rule|Species Clause: Limit one of each Pok\u00e9mon\n|rule|HP Percentage Mod: HP is shown in percentages\n|rule|Sleep Clause Mod: Limit one foe put to sleep\n|rule|Illusion Level Mod: Illusion disguises the Pok\u00e9mon's true level\n|\n|t:|1782813634\n|teamsize|p1|6\n|teamsize|p2|6\n|start\n|switch|p1a: Slowking|Slowking, L88, M|310/310\n|switch|p2a: Iron Valiant|Iron Valiant, L78|244/244\n|turn|1\n|\n|t:|1782813652\n|-end|p2a: Iron Valiant|Quark Drive|[silent]\n|switch|p2a: Magearna|Magearna, L77|250/250\n|move|p1a: Slowking|Scald|p2a: Magearna\n|-damage|p2a: Magearna|165/250\n|\n|-heal|p2a: Magearna|180/250|[from] item: Leftovers\n|upkeep\n|turn|2\n|\n|t:|1782813658\n|move|p2a: Magearna|Calm Mind|p2a: Magearna\n|-boost|p2a: Magearna|spa|1\n|-boost|p2a: Magearna|spd|1\n|move|p1a: Slowking|Scald|p2a: Magearna\n|-damage|p2a: Magearna|122/250\n|\n|-heal|p2a: Magearna|137/250|[from] item: Leftovers\n|upkeep\n|turn|3\n|\n|t:|1782813663\n|move|p2a: Magearna|Shift Gear|p2a: Magearna\n|-boost|p2a: Magearna|spe|2\n|-boost|p2a: Magearna|atk|1\n|-prepare|p1a: Slowking|Chilly Reception|[premajor]\n|move|p1a: Slowking|Chilly Reception|p1a: Slowking\n|-weather|Snowscape\n|\n|t:|1782813672\n|switch|p1a: Swampert|Swampert, L83, M|302/302|[from] Chilly Reception\n|\n|-weather|Snowscape|[upkeep]\n|-heal|p2a: Magearna|152/250|[from] item: Leftovers\n|upkeep\n|turn|4\n|\n|t:|1782813681\n|-terastallize|p2a: Magearna|Flying\n|move|p2a: Magearna|Calm Mind|p2a: Magearna\n|-boost|p2a: Magearna|spa|1\n|-boost|p2a: Magearna|spd|1\n|move|p1a: Swampert|Roar|p2a: Magearna\n|drag|p2a: Iron Valiant|Iron Valiant, L78|244/244\n|\n|-weather|Snowscape|[upkeep]\n|upkeep\n|turn|5\n|inactive|Battle timer is ON: inactive players will automatically lose when time's up. (requested by ban Freezai)\n|\n|t:|1782813689\n|move|p2a: Iron Valiant|Encore|p1a: Swampert\n|-start|p1a: Swampert|Encore\n|move|p1a: Swampert|Roar|p2a: Iron Valiant\n|-end|p2a: Iron Valiant|Quark Drive|[silent]\n|drag|p2a: Mightyena|Mightyena, L96, F|290/290\n|-ability|p2a: Mightyena|Intimidate|boost\n|-unboost|p1a: Swampert|atk|1\n|\n|-weather|Snowscape|[upkeep]\n|upkeep\n|turn|6\n|\n|t:|1782813695\n|switch|p1a: Glaceon|Glaceon, L94, F|275/275\n|move|p2a: Mightyena|Poison Fang|p1a: Glaceon\n|-damage|p1a: Glaceon|252/275\n|-status|p1a: Glaceon|tox\n|\n|-weather|Snowscape|[upkeep]\n|-heal|p1a: Glaceon|269/275 tox|[from] ability: Ice Body\n|-damage|p1a: Glaceon|252/275 tox|[from] psn\n|upkeep\n|turn|7\n|\n|t:|1782813703\n|move|p2a: Mightyena|Throat Chop|p1a: Glaceon\n|-damage|p1a: Glaceon|197/275 tox\n|-start|p1a: Glaceon|Throat Chop|[silent]\n|move|p1a: Glaceon|Freeze-Dry|p2a: Mightyena\n|-damage|p2a: Mightyena|196/290\n|\n|-weather|none\n|-damage|p1a: Glaceon|163/275 tox|[from] psn\n|upkeep\n|turn|8\n|\n|t:|1782813708\n|switch|p1a: Swampert|Swampert, L83, M|302/302\n|move|p2a: Mightyena|Throat Chop|p1a: Swampert\n|-crit|p1a: Swampert\n|-damage|p1a: Swampert|152/302\n|-start|p1a: Swampert|Throat Chop|[silent]\n|\n|-heal|p1a: Swampert|170/302|[from] item: Leftovers\n|upkeep\n|turn|9\n|\n|t:|1782813713\n|move|p2a: Mightyena|Throat Chop|p1a: Swampert\n|-damage|p1a: Swampert|64/302\n|move|p1a: Swampert|Flip Turn|p2a: Mightyena\n|-damage|p2a: Mightyena|85/290\n|\n|t:|1782813716\n|switch|p1a: Zangoose|Zangoose, L85, M|263/263|[from] Flip Turn\n|\n|-status|p1a: Zangoose|tox|[from] item: Toxic Orb\n|upkeep\n|turn|10\n|\n|t:|1782813719\n|move|p2a: Mightyena|Sucker Punch|p1a: Zangoose\n|-damage|p1a: Zangoose|145/263 tox\n|move|p1a: Zangoose|Close Combat|p2a: Mightyena\n|-supereffective|p2a: Mightyena\n|-damage|p2a: Mightyena|0 fnt\n|-unboost|p1a: Zangoose|def|1\n|-unboost|p1a: Zangoose|spd|1\n|faint|p2a: Mightyena\n|\n|-damage|p1a: Zangoose|129/263 tox|[from] psn\n|upkeep\n|\n|t:|1782813724\n|switch|p2a: Iron Valiant|Iron Valiant, L78|244/244\n|turn|11\n|\n|t:|1782813732\n|switch|p1a: Slowking|Slowking, L88, M|310/310\n|move|p2a: Iron Valiant|Knock Off|p1a: Slowking\n|-supereffective|p1a: Slowking\n|-crit|p1a: Slowking\n|-damage|p1a: Slowking|14/310\n|-enditem|p1a: Slowking|Heavy-Duty Boots|[from] move: Knock Off|[of] p2a: Iron Valiant\n|-damage|p2a: Iron Valiant|220/244|[from] item: Life Orb\n|\n|upkeep\n|turn|12\n|\n|t:|1782813738\n|switch|p1a: Swampert|Swampert, L83, M|64/302\n|move|p2a: Iron Valiant|Knock Off|p1a: Swampert\n|-damage|p1a: Swampert|0 fnt\n|-enditem|p1a: Swampert|Leftovers|[from] move: Knock Off|[of] p2a: Iron Valiant\n|faint|p1a: Swampert\n|-damage|p2a: Iron Valiant|196/244|[from] item: Life Orb\n|\n|upkeep\n|\n|t:|1782813742\n|switch|p1a: Mismagius|Mismagius, L86, M|243/243\n|turn|13\n|\n|t:|1782813752\n|-end|p2a: Iron Valiant|Quark Drive|[silent]\n|switch|p2a: Lanturn|Lanturn, L89, F|367/367\n|move|p1a: Mismagius|Shadow Ball|p2a: Lanturn\n|-damage|p2a: Lanturn|264/367\n|\n|-heal|p2a: Lanturn|286/367|[from] item: Leftovers\n|upkeep\n|turn|14\n|\n|t:|1782813761\n|move|p1a: Mismagius|Substitute|p1a: Mismagius\n|-start|p1a: Mismagius|Substitute\n|-damage|p1a: Mismagius|183/243\n|move|p2a: Lanturn|Thunderbolt|p1a: Mismagius\n|-end|p1a: Mismagius|Substitute\n|\n|-heal|p1a: Mismagius|198/243|[from] item: Leftovers\n|-heal|p2a: Lanturn|308/367|[from] item: Leftovers\n|upkeep\n|turn|15\n|\n|t:|1782813772\n|move|p1a: Mismagius|Nasty Plot|p1a: Mismagius\n|-boost|p1a: Mismagius|spa|2\n|move|p2a: Lanturn|Thunderbolt|p1a: Mismagius\n|-damage|p1a: Mismagius|125/243\n|\n|-heal|p1a: Mismagius|140/243|[from] item: Leftovers\n|-heal|p2a: Lanturn|330/367|[from] item: Leftovers\n|upkeep\n|turn|16\n|\n|t:|1782813778\n|move|p1a: Mismagius|Shadow Ball|p2a: Lanturn\n|-damage|p2a: Lanturn|134/367\n|move|p2a: Lanturn|Thunder Wave|p1a: Mismagius\n|-status|p1a: Mismagius|par\n|\n|-heal|p2a: Lanturn|156/367|[from] item: Leftovers\n|-heal|p1a: Mismagius|155/243 par|[from] item: Leftovers\n|upkeep\n|turn|17\n|\n|t:|1782813784\n|move|p2a: Lanturn|Thunderbolt|p1a: Mismagius\n|-damage|p1a: Mismagius|73/243 par\n|move|p1a: Mismagius|Shadow Ball|p2a: Lanturn\n|-damage|p2a: Lanturn|0 fnt\n|faint|p2a: Lanturn\n|\n|-heal|p1a: Mismagius|88/243 par|[from] item: Leftovers\n|upkeep\n|\n|t:|1782813794\n|switch|p2a: Iron Valiant|Iron Valiant, L78|196/244\n|turn|18\n|\n|t:|1782813800\n|move|p2a: Iron Valiant|Moonblast|p1a: Mismagius\n|-damage|p1a: Mismagius|0 fnt\n|faint|p1a: Mismagius\n|-damage|p2a: Iron Valiant|172/244|[from] item: Life Orb\n|\n|upkeep\n|\n|t:|1782813815\n|switch|p1a: Zangoose|Zangoose, L85, M|129/263 tox\n|turn|19\n|\n|t:|1782813822\n|move|p1a: Zangoose|Quick Attack|p2a: Iron Valiant\n|-damage|p2a: Iron Valiant|90/244\n|move|p2a: Iron Valiant|Moonblast|p1a: Zangoose\n|-damage|p1a: Zangoose|0 fnt\n|faint|p1a: Zangoose\n|-damage|p2a: Iron Valiant|66/244|[from] item: Life Orb\n|\n|upkeep\n|\n|t:|1782813833\n|switch|p1a: Cyclizar|Cyclizar, L83, F|252/252\n|turn|20\n|\n|t:|1782813851\n|move|p1a: Cyclizar|Shed Tail|p1a: Cyclizar\n|-start|p1a: Cyclizar|Substitute|[from] move: Shed Tail\n|-damage|p1a: Cyclizar|126/252\n|\n|t:|1782813854\n|switch|p1a: Slowking|Slowking, L88, M|117/310|[from] Shed Tail\n|move|p2a: Iron Valiant|Moonblast|p1a: Slowking\n|-end|p1a: Slowking|Substitute\n|-damage|p2a: Iron Valiant|42/244|[from] item: Life Orb\n|\n|upkeep\n|turn|21\n|\n|t:|1782813876\n|move|p2a: Iron Valiant|Close Combat|p1a: Slowking\n|-resisted|p1a: Slowking\n|-damage|p1a: Slowking|23/310\n|-unboost|p2a: Iron Valiant|def|1\n|-unboost|p2a: Iron Valiant|spd|1\n|-damage|p2a: Iron Valiant|18/244|[from] item: Life Orb\n|move|p1a: Slowking|Slack Off|p1a: Slowking\n|-heal|p1a: Slowking|178/310\n|\n|upkeep\n|turn|22\n|\n|t:|1782813891\n|move|p2a: Iron Valiant|Close Combat|p1a: Slowking\n|-resisted|p1a: Slowking\n|-damage|p1a: Slowking|82/310\n|-unboost|p2a: Iron Valiant|def|1\n|-unboost|p2a: Iron Valiant|spd|1\n|-damage|p2a: Iron Valiant|0 fnt|[from] item: Life Orb\n|faint|p2a: Iron Valiant\n|-end|p2a: Iron Valiant|Quark Drive|[silent]\n|-prepare|p1a: Slowking|Chilly Reception|[premajor]\n|move|p1a: Slowking|Chilly Reception|p1a: Slowking\n|-weather|Snowscape\n|\n|t:|1782813899\n|switch|p1a: Cyclizar|Cyclizar, L83, F|210/252|[from] Chilly Reception\n|\n|-weather|Snowscape|[upkeep]\n|upkeep\n|\n|t:|1782813902\n|switch|p2a: Iron Hands|Iron Hands, L79|373/373\n|turn|23\n|\n|t:|1782813925\n|move|p1a: Cyclizar|Draco Meteor|p2a: Iron Hands|[miss]\n|-miss|p1a: Cyclizar|p2a: Iron Hands\n|move|p2a: Iron Hands|Drain Punch|p1a: Cyclizar\n|-supereffective|p1a: Cyclizar\n|-damage|p1a: Cyclizar|0 fnt\n|faint|p1a: Cyclizar\n|\n|-weather|Snowscape|[upkeep]\n|upkeep\n|inactive|ban Freezai has 120 seconds left.\n|\n|t:|1782813950\n|switch|p1a: Slowking|Slowking, L88, M|185/310\n|turn|24\n|\n|t:|1782813956\n|-terastallize|p1a: Slowking|Fairy\n|move|p2a: Iron Hands|Wild Charge|p1a: Slowking\n|-damage|p1a: Slowking|77/310\n|-damage|p2a: Iron Hands|346/373|[from] Recoil\n|move|p1a: Slowking|Scald|p2a: Iron Hands\n|-damage|p2a: Iron Hands|220/373\n|\n|-weather|Snowscape|[upkeep]\n|-heal|p2a: Iron Hands|243/373|[from] item: Leftovers\n|upkeep\n|turn|25\n|inactive|ban Freezai has 120 seconds left.\n|\n|t:|1782813963\n|switch|p1a: Glaceon|Glaceon, L94, F|163/275 tox\n|move|p2a: Iron Hands|Swords Dance|p2a: Iron Hands\n|-boost|p2a: Iron Hands|atk|2\n|\n|-weather|Snowscape|[upkeep]\n|-heal|p1a: Glaceon|180/275 tox|[from] ability: Ice Body\n|-heal|p2a: Iron Hands|266/373|[from] item: Leftovers\n|-damage|p1a: Glaceon|163/275 tox|[from] psn\n|upkeep\n|turn|26\n|\n|t:|1782813967\n|move|p1a: Glaceon|Freeze-Dry|p2a: Iron Hands\n|-damage|p2a: Iron Hands|112/373\n|move|p2a: Iron Hands|Drain Punch|p1a: Glaceon\n|-supereffective|p1a: Glaceon\n|-damage|p1a: Glaceon|0 fnt\n|-heal|p2a: Iron Hands|194/373|[from] drain|[of] p1a: Glaceon\n|faint|p1a: Glaceon\n|\n|-weather|none\n|-heal|p2a: Iron Hands|217/373|[from] item: Leftovers\n|upkeep\n|inactiveoff|Battle timer is now OFF.\n|inactive|Battle timer is ON: inactive players will automatically lose when time's up. (requested by EIKICHI OUHNIZUKA)\n|inactive|ban Freezai has 120 seconds left.\n|inactive|ban Freezai has 90 seconds left.\n|inactive|ban Freezai has 60 seconds left.\n|inactive|ban Freezai has 30 seconds left.\n|inactive|ban Freezai has 20 seconds left.\n|inactive|ban Freezai has 15 seconds left.\n|inactive|ban Freezai has 10 seconds left.\n|inactive|ban Freezai has 5 seconds left.\n|\n|t:|1782814114\n|switch|p1a: Slowking|Slowking, L88, M, tera:Fairy|180/310\n|turn|27\n|inactive|ban Freezai has 15 seconds left this turn.\n|n|\u2606EIKICHI OUHNIZUKA|eikichiouhnizuka\n|c|\u2606EIKICHI OUHNIZUKA|\ud83d\ude39\ud83e\udef5\n|inactive|EIKICHI OUHNIZUKA has 120 seconds left.\n|c|\u2606EIKICHI OUHNIZUKA|\ud83d\ude2d\ud83d\ude2d\ud83d\ude2d\n|c|\u2606EIKICHI OUHNIZUKA|did u just try to timer stall me\n|-message|ban Freezai forfeited.\n|\n|win|EIKICHI OUHNIZUKA\n|raw|ban Freezai's rating: 2265 &rarr; <strong>2252</strong><br />(-13 for losing)\n|raw|EIKICHI OUHNIZUKA's rating: 2394 &rarr; <strong>2407</strong><br />(+13 for winning)\n", "inputlog": ">version f8ac14003a5f27e1bdc8d8c59608a773c1cb96e5\n>start {\"formatid\":\"gen9randombattle\",\"seed\":\"sodium,b6c3db92e809b2a9dd2d06f4e943564f\",\"rated\":\"Rated battle\"}\n>player p1 {\"name\":\"ban Freezai\",\"avatar\":\"1\",\"rating\":2265,\"seed\":\"sodium,10a943b80a997612155be32e6d450362\"}\n>player p2 {\"name\":\"EIKICHI OUHNIZUKA\",\"avatar\":\"elm\",\"rating\":2394,\"seed\":\"sodium,96c1c280acd26e6fb4090aae018bc89f\"}\n>p1 move scald\n>p2 switch 2\n>p1 move scald\n>p2 move calmmind\n>p1 move chillyreception\n>p2 move shiftgear\n>p1 switch 2\n>p1 move roar\n>p2 move calmmind terastallize\n>p1 move flipturn\n>p2 move encore\n>p1 switch 4\n>p2 move poisonfang\n>p1 move freezedry\n>p2 move throatchop\n>p1 switch 4\n>p2 move throatchop\n>p1 move flipturn\n>p2 move throatchop\n>p1 switch 6\n>p1 move closecombat\n>p2 move suckerpunch\n>p2 switch 6\n>p1 switch 2\n>p2 move knockoff\n>p1 switch 6\n>p2 move knockoff\n>p1 switch 5\n>p1 move shadowball\n>p2 switch 5\n>p1 move substitute\n>p2 move thunderbolt\n>p1 move nastyplot\n>p2 move thunderbolt\n>p1 move shadowball\n>p2 move thunderwave\n>p1 move shadowball\n>p2 move thunderbolt\n>p2 switch 5\n>p1 move shadowball\n>p2 move moonblast\n>p1 switch 2\n>p1 move quickattack\n>p2 move moonblast\n>p1 switch 3\n>p1 move shedtail\n>p2 move moonblast\n>p1 switch 6\n>p1 move slackoff\n>p2 move closecombat\n>p1 move chillyreception\n>p2 move closecombat\n>p1 switch 6\n>p2 switch 3\n>p1 move dracometeor\n>p2 move drainpunch\n>p1 switch 6\n>p1 move scald terastallize\n>p2 move wildcharge\n>p1 switch 4\n>p2 move swordsdance\n>p1 move freezedry\n>p2 move drainpunch\n>p1 switch 4\n>chat \u2606EIKICHI OUHNIZUKA|\ud83d\ude39\ud83e\udef5\n>chat \u2606EIKICHI OUHNIZUKA|\ud83d\ude2d\ud83d\ude2d\ud83d\ude2d\n>chat \u2606EIKICHI OUHNIZUKA|did u just try to timer stall me \n>forcelose p1", "uploadtime": 1782813636, "views": 7, "formatid": "gen9randombattle", "rating": 2252, "private": 0, "password": null, "player_dets": [{"name": "ban Freezai", "avatar": "1", "rating": 2265, "seed": "sodium,10a943b80a997612155be32e6d450362"}, {"name": "EIKICHI OUHNIZUKA", "avatar": "elm", "rating": 2394, "seed": "sodium,96c1c280acd26e6fb4090aae018bc89f"}], "teams_full": [{"Slowking": {"name": "Slowking", "species": "Slowking", "speciesId": "slowking", "gender": "M", "shiny": false, "level": 88, "moves": ["psychicnoise", "slackoff", "chillyreception", "scald"], "ability": "Regenerator", "evs": {"hp": 85, "atk": 0, "def": 85, "spa": 85, "spd": 85, "spe": 85}, "ivs": {"hp": 31, "atk": 0, "def": 31, "spa": 31, "spd": 31, "spe": 31}, "item": "Heavy-Duty Boots", "teraType": "Fairy", "role": "Bulky Attacker", "bvs": {"hp": 95, "atk": 75, "def": 80, "spa": 100, "spd": 110, "spe": 30}, "stats": {"hp": 310, "atk": 137, "def": 191, "spa": 226, "spd": 244, "spe": 103}, "types": ["Water", "Psychic"]}, "Swampert": {"name": "Swampert", "species": "Swampert", "speciesId": "swampert", "gender": "M", "shiny": false, "level": 83, "moves": ["flipturn", "earthquake", "roar", "icebeam"], "ability": "Torrent", "evs": {"hp": 85, "atk": 85, "def": 85, "spa": 85, "spd": 85, "spe": 85}, "ivs": {"hp": 31, "atk": 31, "def": 31, "spa": 31, "spd": 31, "spe": 31}, "item": "Leftovers", "teraType": "Steel", "role": "Bulky Support", "bvs": {"hp": 100, "atk": 110, "def": 90, "spa": 85, "spd": 90, "spe": 60}, "stats": {"hp": 302, "atk": 230, "def": 197, "spa": 189, "spd": 197, "spe": 147}, "types": ["Water", "Ground"]}, "Cyclizar": {"name": "Cyclizar", "species": "Cyclizar", "speciesId": "cyclizar", "gender": "F", "shiny": false, "level": 83, "moves": ["knockoff", "shedtail", "rapidspin", "dracometeor"], "ability": "Regenerator", "evs": {"hp": 85, "atk": 85, "def": 85, "spa": 85, "spd": 85, "spe": 85}, "ivs": {"hp": 31, "atk": 31, "def": 31, "spa": 31, "spd": 31, "spe": 31}, "item": "Heavy-Duty Boots", "teraType": "Steel", "role": "Fast Support", "bvs": {"hp": 70, "atk": 95, "def": 65, "spa": 85, "spd": 65, "spe": 121}, "stats": {"hp": 252, "atk": 205, "def": 156, "spa": 189, "spd": 156, "spe": 249}, "types": ["Dragon", "Normal"]}, "Glaceon": {"name": "Glaceon", "species": "Glaceon", "speciesId": "glaceon", "gender": "F", "shiny": false, "level": 94, "moves": ["wish", "protect", "freezedry", "calmmind"], "ability": "Ice Body", "evs": {"hp": 85, "atk": 0, "def": 85, "spa": 85, "spd": 85, "spe": 85}, "ivs": {"hp": 31, "atk": 0, "def": 31, "spa": 31, "spd": 31, "spe": 31}, "item": "Heavy-Duty Boots", "teraType": "Water", "role": "Bulky Setup", "bvs": {"hp": 65, "atk": 60, "def": 110, "spa": 130, "spd": 95, "spe": 65}, "stats": {"hp": 275, "atk": 117, "def": 260, "spa": 298, "spd": 232, "spe": 176}, "types": ["Ice"]}, "Mismagius": {"name": "Mismagius", "species": "Mismagius", "speciesId": "mismagius", "gender": "M", "shiny": false, "level": 86, "moves": ["substitute", "terablast", "nastyplot", "shadowball"], "ability": "Levitate", "evs": {"hp": 85, "atk": 0, "def": 85, "spa": 85, "spd": 85, "spe": 85}, "ivs": {"hp": 31, "atk": 0, "def": 31, "spa": 31, "spd": 31, "spe": 31}, "item": "Leftovers", "teraType": "Fighting", "role": "Tera Blast user", "bvs": {"hp": 60, "atk": 60, "def": 60, "spa": 105, "spd": 105, "spe": 105}, "stats": {"hp": 243, "atk": 108, "def": 152, "spa": 230, "spd": 230, "spe": 230}, "types": ["Ghost"]}, "Zangoose": {"name": "Zangoose", "species": "Zangoose", "speciesId": "zangoose", "gender": "M", "shiny": false, "level": 85, "moves": ["facade", "closecombat", "quickattack", "knockoff"], "ability": "Toxic Boost", "evs": {"hp": 85, "atk": 85, "def": 85, "spa": 85, "spd": 85, "spe": 85}, "ivs": {"hp": 31, "atk": 31, "def": 31, "spa": 31, "spd": 31, "spe": 31}, "item": "Toxic Orb", "teraType": "Normal", "role": "Fast Attacker", "bvs": {"hp": 73, "atk": 115, "def": 60, "spa": 60, "spd": 60, "spe": 90}, "stats": {"hp": 263, "atk": 244, "def": 151, "spa": 151, "spd": 151, "spe": 202}, "types": ["Normal"]}}, {"Iron Valiant": {"name": "Iron Valiant", "species": "Iron Valiant", "speciesId": "ironvaliant", "gender": "N", "shiny": false, "level": 78, "moves": ["knockoff", "closecombat", "moonblast", "encore"], "ability": "Quark Drive", "evs": {"hp": 85, "atk": 85, "def": 85, "spa": 85, "spd": 85, "spe": 85}, "ivs": {"hp": 31, "atk": 31, "def": 31, "spa": 31, "spd": 31, "spe": 31}, "item": "Life Orb", "teraType": "Fighting", "role": "Wallbreaker", "bvs": {"hp": 74, "atk": 130, "def": 90, "spa": 120, "spd": 60, "spe": 116}, "stats": {"hp": 244, "atk": 248, "def": 185, "spa": 232, "spd": 139, "spe": 226}, "types": ["Fairy", "Fighting"]}, "Magearna": {"name": "Magearna", "species": "Magearna", "speciesId": "magearna", "gender": "N", "shiny": false, "level": 77, "moves": ["shiftgear", "calmmind", "fleurcannon", "flashcannon"], "ability": "Soul-Heart", "evs": {"hp": 85, "atk": 0, "def": 85, "spa": 85, "spd": 85, "spe": 85}, "ivs": {"hp": 31, "atk": 0, "def": 31, "spa": 31, "spd": 31, "spe": 31}, "item": "Leftovers", "teraType": "Flying", "role": "Bulky Setup", "bvs": {"hp": 80, "atk": 95, "def": 115, "spa": 130, "spd": 115, "spe": 65}, "stats": {"hp": 250, "atk": 151, "def": 222, "spa": 245, "spd": 222, "spe": 145}, "types": ["Steel", "Fairy"]}, "Iron Hands": {"name": "Iron Hands", "species": "Iron Hands", "speciesId": "ironhands", "gender": "N", "shiny": false, "level": 79, "moves": ["drainpunch", "icepunch", "swordsdance", "wildcharge"], "ability": "Quark Drive", "evs": {"hp": 85, "atk": 85, "def": 85, "spa": 85, "spd": 85, "spe": 85}, "ivs": {"hp": 31, "atk": 31, "def": 31, "spa": 31, "spd": 31, "spe": 31}, "item": "Leftovers", "teraType": "Flying", "role": "Bulky Attacker", "bvs": {"hp": 154, "atk": 140, "def": 108, "spa": 50, "spd": 68, "spe": 50}, "stats": {"hp": 373, "atk": 267, "def": 216, "spa": 125, "spd": 153, "spe": 125}, "types": ["Fighting", "Electric"]}, "Lunala": {"name": "Lunala", "species": "Lunala", "speciesId": "lunala", "gender": "N", "shiny": false, "level": 70, "moves": ["moonblast", "calmmind", "moonlight", "moongeistbeam"], "ability": "Shadow Shield", "evs": {"hp": 85, "atk": 0, "def": 85, "spa": 85, "spd": 85, "spe": 85}, "ivs": {"hp": 31, "atk": 0, "def": 31, "spa": 31, "spd": 31, "spe": 31}, "item": "Leftovers", "teraType": "Fairy", "role": "Bulky Setup", "bvs": {"hp": 137, "atk": 113, "def": 89, "spa": 137, "spd": 107, "spe": 97}, "stats": {"hp": 308, "atk": 163, "def": 166, "spa": 233, "spd": 191, "spe": 177}, "types": ["Psychic", "Ghost"]}, "Lanturn": {"name": "Lanturn", "species": "Lanturn", "speciesId": "lanturn", "gender": "F", "shiny": false, "level": 89, "moves": ["thunderwave", "icebeam", "scald", "thunderbolt"], "ability": "Volt Absorb", "evs": {"hp": 85, "atk": 0, "def": 85, "spa": 85, "spd": 85, "spe": 85}, "ivs": {"hp": 31, "atk": 0, "def": 31, "spa": 31, "spd": 31, "spe": 31}, "item": "Leftovers", "teraType": "Flying", "role": "Bulky Attacker", "bvs": {"hp": 125, "atk": 58, "def": 58, "spa": 76, "spd": 76, "spe": 67}, "stats": {"hp": 367, "atk": 108, "def": 154, "spa": 186, "spd": 186, "spe": 170}, "types": ["Water", "Electric"]}, "Mightyena": {"name": "Mightyena", "species": "Mightyena", "speciesId": "mightyena", "gender": "F", "shiny": false, "level": 96, "moves": ["suckerpunch", "poisonfang", "playrough", "throatchop"], "ability": "Intimidate", "evs": {"hp": 85, "atk": 85, "def": 85, "spa": 85, "spd": 85, "spe": 85}, "ivs": {"hp": 31, "atk": 31, "def": 31, "spa": 31, "spd": 31, "spe": 31}, "item": "Assault Vest", "teraType": "Poison", "role": "AV Pivot", "bvs": {"hp": 70, "atk": 90, "def": 70, "spa": 60, "spd": 60, "spe": 70}, "stats": {"hp": 290, "atk": 227, "def": 189, "spa": 170, "spd": 170, "spe": 189}, "types": ["Dark"]}}]}