{"id": "gen9randombattle-2642040327", "format": "[Gen 9] Random Battle", "players": ["miss a-d2", "zinkaru."], "log": "|j|\u2606miss a-d2\n|j|\u2606zinkaru.\n|t:|1782877726\n|gametype|singles\n|player|p1|miss a-d2|clerkf|1600\n|player|p2|zinkaru.|102|1597\n|gen|9\n|tier|[Gen 9] Random Battle\n|rated|\n|rule|Species Clause: Limit one of each Pok\u00e9mon\n|rule|HP Percentage Mod: HP is shown in percentages\n|rule|Sleep Clause Mod: Limit one foe put to sleep\n|rule|Illusion Level Mod: Illusion disguises the Pok\u00e9mon's true level\n|\n|t:|1782877726\n|teamsize|p1|6\n|teamsize|p2|6\n|start\n|switch|p1a: Torkoal|Torkoal, L88, M|266/266\n|switch|p2a: Glastrier|Glastrier, L86|312/312\n|-weather|SunnyDay|[from] ability: Drought|[of] p1a: Torkoal\n|turn|1\n|inactive|Battle timer is ON: inactive players will automatically lose when time's up. (requested by miss a-d2)\n|inactive|zinkaru. has 120 seconds left.\n|\n|t:|1782877771\n|switch|p2a: Inteleon|Inteleon, L81, F|246/246\n|move|p1a: Torkoal|Stealth Rock|p2a: Inteleon\n|-sidestart|p2: zinkaru.|move: Stealth Rock\n|\n|-weather|SunnyDay|[upkeep]\n|upkeep\n|turn|2\n|\n|t:|1782877790\n|switch|p1a: Arceus|Arceus-Water, L71|288/288\n|move|p2a: Inteleon|U-turn|p1a: Arceus\n|-damage|p1a: Arceus|252/288\n|\n|t:|1782877794\n|switch|p2a: Regieleki|Regieleki, L79|256/256|[from] U-turn\n|-damage|p2a: Regieleki|224/256|[from] Stealth Rock\n|\n|-weather|SunnyDay|[upkeep]\n|upkeep\n|turn|3\n|\n|t:|1782877815\n|move|p2a: Regieleki|Rapid Spin|p1a: Arceus\n|-damage|p1a: Arceus|220/288\n|-boost|p2a: Regieleki|spe|1\n|-sideend|p2: zinkaru.|Stealth Rock|[from] move: Rapid Spin|[of] p2a: Regieleki\n|move|p1a: Arceus|Judgment|p2a: Regieleki\n|-damage|p2a: Regieleki|133/256\n|\n|-weather|SunnyDay|[upkeep]\n|upkeep\n|turn|4\n|\n|t:|1782877828\n|switch|p1a: Dedenne|Dedenne, L88, M|261/261\n|move|p2a: Regieleki|Thunderbolt|p1a: Dedenne\n|-resisted|p1a: Dedenne\n|-damage|p1a: Dedenne|183/261\n|\n|-weather|SunnyDay|[upkeep]\n|upkeep\n|turn|5\n|\n|t:|1782877838\n|move|p2a: Regieleki|Volt Switch|p1a: Dedenne\n|-resisted|p1a: Dedenne\n|-damage|p1a: Dedenne|118/261\n|-enditem|p1a: Dedenne|Sitrus Berry|[eat]\n|-heal|p1a: Dedenne|183/261|[from] item: Sitrus Berry\n|-heal|p1a: Dedenne|261/261|[from] ability: Cheek Pouch\n|\n|t:|1782877851\n|switch|p2a: Glastrier|Glastrier, L86|312/312|[from] Volt Switch\n|move|p1a: Dedenne|Dazzling Gleam|p2a: Glastrier\n|-damage|p2a: Glastrier|239/312\n|\n|-weather|none\n|upkeep\n|turn|6\n|\n|t:|1782877867\n|move|p1a: Dedenne|U-turn|p2a: Glastrier\n|-damage|p2a: Glastrier|213/312\n|\n|t:|1782877870\n|switch|p1a: Arceus|Arceus-Water, L71|220/288|[from] U-turn\n|move|p2a: Glastrier|High Horsepower|p1a: Arceus\n|-damage|p1a: Arceus|127/288\n|\n|upkeep\n|turn|7\n|\n|t:|1782877884\n|move|p1a: Arceus|Recover|p1a: Arceus\n|-heal|p1a: Arceus|271/288\n|move|p2a: Glastrier|High Horsepower|p1a: Arceus\n|-damage|p1a: Arceus|180/288\n|\n|upkeep\n|turn|8\n|\n|t:|1782877890\n|switch|p2a: Flapple|Flapple, L88, M|266/266\n|move|p1a: Arceus|Will-O-Wisp|p2a: Flapple\n|-status|p2a: Flapple|brn\n|\n|-damage|p2a: Flapple|250/266 brn|[from] brn\n|upkeep\n|turn|9\n|\n|t:|1782877906\n|move|p1a: Arceus|Ice Beam|p2a: Flapple\n|-supereffective|p2a: Flapple\n|-crit|p2a: Flapple\n|-damage|p2a: Flapple|0 fnt\n|faint|p2a: Flapple\n|\n|upkeep\n|\n|t:|1782877914\n|switch|p2a: Regieleki|Regieleki, L79|133/256\n|turn|10\n|\n|t:|1782877918\n|switch|p1a: Dedenne|Dedenne, L88, M|261/261\n|move|p2a: Regieleki|Volt Switch|p1a: Dedenne\n|-resisted|p1a: Dedenne\n|-damage|p1a: Dedenne|196/261\n|\n|t:|1782877927\n|switch|p2a: Venomoth|Venomoth, L84, M|255/255|[from] Volt Switch\n|\n|upkeep\n|turn|11\n|\n|t:|1782877934\n|move|p1a: Dedenne|Nuzzle|p2a: Venomoth\n|-damage|p2a: Venomoth|231/255\n|-status|p2a: Venomoth|par\n|move|p2a: Venomoth|Sludge Wave|p1a: Dedenne\n|-supereffective|p1a: Dedenne\n|-damage|p1a: Dedenne|0 fnt\n|faint|p1a: Dedenne\n|\n|upkeep\n|\n|t:|1782877942\n|switch|p1a: Torkoal|Torkoal, L88, M|266/266\n|-weather|SunnyDay|[from] ability: Drought|[of] p1a: Torkoal\n|turn|12\n|\n|t:|1782877951\n|switch|p2a: Blaziken|Blaziken, L76, M|247/247\n|move|p1a: Torkoal|Solar Beam||[still]\n|-prepare|p1a: Torkoal|Solar Beam\n|-anim|p1a: Torkoal|Solar Beam|p2a: Blaziken\n|-resisted|p2a: Blaziken\n|-damage|p2a: Blaziken|193/247\n|\n|-weather|SunnyDay|[upkeep]\n|upkeep\n|turn|13\n|\n|t:|1782877966\n|move|p2a: Blaziken|Swords Dance|p2a: Blaziken\n|-boost|p2a: Blaziken|atk|2\n|move|p1a: Torkoal|Stealth Rock|p2a: Blaziken\n|-sidestart|p2: zinkaru.|move: Stealth Rock\n|\n|-weather|SunnyDay|[upkeep]\n|-ability|p2a: Blaziken|Speed Boost|boost\n|-boost|p2a: Blaziken|spe|1\n|upkeep\n|turn|14\n|\n|t:|1782877974\n|move|p2a: Blaziken|Stone Edge|p1a: Torkoal\n|-supereffective|p1a: Torkoal\n|-crit|p1a: Torkoal\n|-damage|p1a: Torkoal|0 fnt\n|faint|p1a: Torkoal\n|-damage|p2a: Blaziken|169/247|[from] item: Life Orb\n|\n|-weather|SunnyDay|[upkeep]\n|-ability|p2a: Blaziken|Speed Boost|boost\n|-boost|p2a: Blaziken|spe|1\n|upkeep\n|\n|t:|1782877987\n|switch|p1a: Basculin|Basculin-Blue-Striped, L86, M|261/261\n|turn|15\n|\n|t:|1782877999\n|-terastallize|p2a: Blaziken|Fighting\n|-terastallize|p1a: Basculin|Water\n|move|p1a: Basculin|Aqua Jet|p2a: Blaziken\n|-damage|p2a: Blaziken|111/247\n|move|p2a: Blaziken|Close Combat|p1a: Basculin\n|-damage|p1a: Basculin|0 fnt\n|-unboost|p2a: Blaziken|def|1\n|-unboost|p2a: Blaziken|spd|1\n|faint|p1a: Basculin\n|-damage|p2a: Blaziken|87/247|[from] item: Life Orb\n|\n|-weather|SunnyDay|[upkeep]\n|-ability|p2a: Blaziken|Speed Boost|boost\n|-boost|p2a: Blaziken|spe|1\n|upkeep\n|\n|t:|1782878015\n|switch|p1a: Hatterene|Hatterene, L85, F|236/236\n|turn|16\n|\n|t:|1782878030\n|move|p2a: Blaziken|Flare Blitz|p1a: Hatterene\n|-damage|p1a: Hatterene|0 fnt\n|faint|p1a: Hatterene\n|-damage|p2a: Blaziken|9/247|[from] Recoil\n|-damage|p2a: Blaziken|0 fnt|[from] item: Life Orb\n|faint|p2a: Blaziken\n|\n|-weather|none\n|upkeep\n|\n|t:|1782878038\n|switch|p2a: Regieleki|Regieleki, L79|133/256\n|switch|p1a: Roaring Moon|Roaring Moon, L72|270/270\n|-damage|p2a: Regieleki|101/256|[from] Stealth Rock\n|turn|17\n|\n|t:|1782878055\n|move|p2a: Regieleki|Explosion|p1a: Roaring Moon\n|-damage|p1a: Roaring Moon|50/270\n|faint|p2a: Regieleki\n|move|p1a: Roaring Moon|U-turn|p2: Regieleki|[notarget]\n|-fail|p1a: Roaring Moon\n|\n|upkeep\n|\n|t:|1782878061\n|switch|p2a: Inteleon|Inteleon, L81, F|246/246\n|-damage|p2a: Inteleon|216/246|[from] Stealth Rock\n|turn|18\n|\n|t:|1782878068\n|-end|p1a: Roaring Moon|Protosynthesis|[silent]\n|switch|p1a: Arceus|Arceus-Water, L71|180/288\n|move|p2a: Inteleon|U-turn|p1a: Arceus\n|-damage|p1a: Arceus|141/288\n|\n|t:|1782878073\n|switch|p2a: Venomoth|Venomoth, L84, M|231/255 par|[from] U-turn\n|\n|upkeep\n|turn|19\n|\n|t:|1782878078\n|move|p1a: Arceus|Recover|p1a: Arceus\n|-heal|p1a: Arceus|285/288\n|cant|p2a: Venomoth|par\n|\n|upkeep\n|turn|20\n|\n|t:|1782878083\n|move|p1a: Arceus|Judgment|p2a: Venomoth\n|-damage|p2a: Venomoth|98/255 par\n|cant|p2a: Venomoth|par\n|\n|upkeep\n|turn|21\n|\n|t:|1782878089\n|move|p1a: Arceus|Judgment|p2a: Venomoth\n|-damage|p2a: Venomoth|0 fnt\n|faint|p2a: Venomoth\n|\n|upkeep\n|\n|t:|1782878097\n|switch|p2a: Glastrier|Glastrier, L86|213/312\n|turn|22\n|\n|t:|1782878100\n|move|p1a: Arceus|Will-O-Wisp|p2a: Glastrier\n|-status|p2a: Glastrier|brn\n|move|p2a: Glastrier|High Horsepower|p1a: Arceus\n|-damage|p1a: Arceus|241/288\n|\n|-damage|p2a: Glastrier|194/312 brn|[from] brn\n|upkeep\n|turn|23\n|\n|t:|1782878108\n|move|p1a: Arceus|Judgment|p2a: Glastrier\n|-damage|p2a: Glastrier|98/312 brn\n|move|p2a: Glastrier|High Horsepower|p1a: Arceus\n|-damage|p1a: Arceus|193/288\n|\n|-damage|p2a: Glastrier|79/312 brn|[from] brn\n|upkeep\n|turn|24\n|\n|t:|1782878115\n|move|p1a: Arceus|Judgment|p2a: Glastrier\n|-damage|p2a: Glastrier|0 fnt\n|faint|p2a: Glastrier\n|\n|upkeep\n|\n|t:|1782878119\n|switch|p2a: Inteleon|Inteleon, L81, F|216/246\n|-damage|p2a: Inteleon|186/246|[from] Stealth Rock\n|turn|25\n|\n|t:|1782878128\n|move|p2a: Inteleon|Scald|p1a: Arceus\n|-resisted|p1a: Arceus\n|-damage|p1a: Arceus|127/288\n|-status|p1a: Arceus|brn\n|move|p1a: Arceus|Will-O-Wisp|p2a: Inteleon\n|-status|p2a: Inteleon|brn\n|\n|-damage|p2a: Inteleon|171/246 brn|[from] brn\n|-damage|p1a: Arceus|109/288 brn|[from] brn\n|upkeep\n|turn|26\n|\n|t:|1782878137\n|move|p2a: Inteleon|Scald|p1a: Arceus\n|-resisted|p1a: Arceus\n|-damage|p1a: Arceus|46/288 brn\n|move|p1a: Arceus|Recover|p1a: Arceus\n|-heal|p1a: Arceus|190/288 brn\n|\n|-damage|p2a: Inteleon|156/246 brn|[from] brn\n|-damage|p1a: Arceus|172/288 brn|[from] brn\n|upkeep\n|turn|27\n|\n|t:|1782878146\n|move|p2a: Inteleon|Scald|p1a: Arceus\n|-resisted|p1a: Arceus\n|-damage|p1a: Arceus|102/288 brn\n|move|p1a: Arceus|Recover|p1a: Arceus\n|-heal|p1a: Arceus|246/288 brn\n|\n|-damage|p2a: Inteleon|141/246 brn|[from] brn\n|-damage|p1a: Arceus|228/288 brn|[from] brn\n|upkeep\n|turn|28\n|\n|t:|1782878159\n|move|p2a: Inteleon|Scald|p1a: Arceus\n|-resisted|p1a: Arceus\n|-damage|p1a: Arceus|157/288 brn\n|move|p1a: Arceus|Judgment|p2a: Inteleon\n|-resisted|p2a: Inteleon\n|-damage|p2a: Inteleon|69/246 brn\n|\n|-damage|p2a: Inteleon|54/246 brn|[from] brn\n|-damage|p1a: Arceus|139/288 brn|[from] brn\n|upkeep\n|turn|29\n|\n|t:|1782878168\n|move|p2a: Inteleon|Scald|p1a: Arceus\n|-resisted|p1a: Arceus\n|-damage|p1a: Arceus|37/288 brn\n|move|p1a: Arceus|Recover|p1a: Arceus\n|-heal|p1a: Arceus|181/288 brn\n|\n|-damage|p2a: Inteleon|39/246 brn|[from] brn\n|-damage|p1a: Arceus|163/288 brn|[from] brn\n|upkeep\n|turn|30\n|\n|t:|1782878176\n|move|p2a: Inteleon|Scald|p1a: Arceus\n|-resisted|p1a: Arceus\n|-damage|p1a: Arceus|71/288 brn\n|move|p1a: Arceus|Recover|p1a: Arceus\n|-heal|p1a: Arceus|215/288 brn\n|\n|-damage|p2a: Inteleon|24/246 brn|[from] brn\n|-damage|p1a: Arceus|197/288 brn|[from] brn\n|upkeep\n|turn|31\n|\n|t:|1782878184\n|move|p2a: Inteleon|Scald|p1a: Arceus\n|-resisted|p1a: Arceus\n|-damage|p1a: Arceus|93/288 brn\n|move|p1a: Arceus|Recover|p1a: Arceus\n|-heal|p1a: Arceus|237/288 brn\n|\n|-damage|p2a: Inteleon|9/246 brn|[from] brn\n|-damage|p1a: Arceus|219/288 brn|[from] brn\n|upkeep\n|turn|32\n|\n|t:|1782878191\n|move|p2a: Inteleon|Scald|p1a: Arceus\n|-resisted|p1a: Arceus\n|-damage|p1a: Arceus|122/288 brn\n|move|p1a: Arceus|Recover|p1a: Arceus\n|-heal|p1a: Arceus|266/288 brn\n|\n|-damage|p2a: Inteleon|0 fnt|[from] brn\n|faint|p2a: Inteleon\n|\n|win|miss a-d2\n|raw|miss a-d2's rating: 1600 &rarr; <strong>1620</strong><br />(+20 for winning)\n|raw|zinkaru.'s rating: 1597 &rarr; <strong>1577</strong><br />(-20 for losing)\n|l|\u2606zinkaru.\n|player|p2|\n", "inputlog": ">version f8ac14003a5f27e1bdc8d8c59608a773c1cb96e5\n>start {\"formatid\":\"gen9randombattle\",\"seed\":\"sodium,be51e7890eab816ea5b4dfab46ef8aa3\",\"rated\":\"Rated battle\"}\n>player p1 {\"name\":\"miss a-d2\",\"avatar\":\"clerkf\",\"rating\":1600,\"seed\":\"sodium,dfece99fef27ca99ac7d5247442b6175\"}\n>player p2 {\"name\":\"zinkaru.\",\"avatar\":\"102\",\"rating\":1597,\"seed\":\"sodium,fdce9fed65325cfee898685ba58d30c2\"}\n>p1 move stealthrock\n>p2 switch 6\n>p1 switch 2\n>p2 move uturn\n>p2 switch 5\n>p1 move judgment\n>p2 move rapidspin\n>p1 switch 5\n>p2 move thunderbolt\n>p1 move dazzlinggleam\n>p2 move voltswitch\n>p2 switch 6\n>p1 move uturn\n>p2 move highhorsepower\n>p1 switch 5\n>p1 move recover\n>p2 move highhorsepower\n>p1 move willowisp\n>p2 switch 2\n>p1 move icebeam\n>p2 move gravapple\n>p2 switch 6\n>p1 switch 5\n>p2 move voltswitch\n>p2 switch 3\n>p1 move nuzzle\n>p2 move sludgewave\n>p1 switch 2\n>p1 move solarbeam\n>p2 switch 4\n>p1 move stealthrock\n>p2 move swordsdance\n>p1 move lavaplume\n>p2 move stoneedge\n>p1 switch 4\n>p1 move aquajet terastallize\n>p2 move closecombat terastallize\n>p1 switch 3\n>p1 move drainingkiss\n>p2 move flareblitz\n>p1 switch 6\n>p2 switch 3\n>p1 move uturn\n>p2 move explosion\n>p2 switch 5\n>p1 switch 5\n>p2 move uturn\n>p2 switch 4\n>p1 move recover\n>p2 move sleeppowder\n>p1 move judgment\n>p2 move sleeppowder\n>p1 move judgment\n>p2 move sleeppowder\n>p2 switch 2\n>p1 move willowisp\n>p2 move highhorsepower\n>p1 move judgment\n>p2 move highhorsepower\n>p1 move judgment\n>p2 move highhorsepower\n>p2 switch 4\n>p1 move willowisp\n>p2 move scald\n>p1 move recover\n>p2 move scald\n>p1 move recover\n>p2 move scald\n>p1 move judgment\n>p2 move scald\n>p1 move recover\n>p2 move scald\n>p1 move recover\n>p2 move scald\n>p1 move recover\n>p2 move scald\n>p1 move recover\n>p2 move scald", "uploadtime": 1782878202, "views": 3, "formatid": "gen9randombattle", "rating": 1577, "private": 0, "password": null, "player_dets": [{"name": "miss a-d2", "avatar": "clerkf", "rating": 1600, "seed": "sodium,dfece99fef27ca99ac7d5247442b6175"}, {"name": "zinkaru.", "avatar": "102", "rating": 1597, "seed": "sodium,fdce9fed65325cfee898685ba58d30c2"}], "teams_full": [{"Torkoal": {"name": "Torkoal", "species": "Torkoal", "speciesId": "torkoal", "gender": "M", "shiny": false, "level": 88, "moves": ["stealthrock", "rapidspin", "solarbeam", "lavaplume"], "ability": "Drought", "evs": {"hp": 85, "atk": 85, "def": 85, "spa": 85, "spd": 85, "spe": 85}, "ivs": {"hp": 31, "atk": 31, "def": 31, "spa": 31, "spd": 31, "spe": 31}, "item": "Heavy-Duty Boots", "teraType": "Dragon", "role": "Bulky Support", "bvs": {"hp": 70, "atk": 85, "def": 140, "spa": 85, "spd": 70, "spe": 20}, "stats": {"hp": 266, "atk": 200, "def": 297, "spa": 200, "spd": 173, "spe": 85}, "types": ["Fire"]}, "Arceus": {"name": "Arceus", "species": "Arceus-Water", "speciesId": "arceuswater", "gender": "N", "shiny": false, "level": 71, "moves": ["recover", "willowisp", "icebeam", "judgment"], "ability": "Multitype", "evs": {"hp": 85, "atk": 0, "def": 85, "spa": 85, "spd": 85, "spe": 85}, "ivs": {"hp": 31, "atk": 0, "def": 31, "spa": 31, "spd": 31, "spe": 31}, "item": "Splash Plate", "teraType": "Steel", "role": "Bulky Support", "bvs": {"hp": 120, "atk": 120, "def": 120, "spa": 120, "spd": 120, "spe": 120}, "stats": {"hp": 288, "atk": 175, "def": 212, "spa": 212, "spd": 212, "spe": 212}, "types": ["Water"]}, "Hatterene": {"name": "Hatterene", "species": "Hatterene", "speciesId": "hatterene", "gender": "F", "shiny": false, "level": 85, "moves": ["mysticalfire", "drainingkiss", "psychicnoise", "nuzzle"], "ability": "Magic Bounce", "evs": {"hp": 85, "atk": 85, "def": 85, "spa": 85, "spd": 85, "spe": 85}, "ivs": {"hp": 31, "atk": 31, "def": 31, "spa": 31, "spd": 31, "spe": 31}, "item": "Assault Vest", "teraType": "Fairy", "role": "AV Pivot", "bvs": {"hp": 57, "atk": 90, "def": 95, "spa": 136, "spd": 103, "spe": 29}, "stats": {"hp": 236, "atk": 202, "def": 210, "spa": 280, "spd": 224, "spe": 98}, "types": ["Psychic", "Fairy"]}, "Basculin": {"name": "Basculin", "species": "Basculin-Blue-Striped", "speciesId": "basculin", "gender": "M", "shiny": false, "level": 86, "moves": ["aquajet", "flipturn", "doubleedge", "wavecrash"], "ability": "Adaptability", "evs": {"hp": 85, "atk": 85, "def": 85, "spa": 85, "spd": 85, "spe": 85}, "ivs": {"hp": 31, "atk": 31, "def": 31, "spa": 31, "spd": 31, "spe": 31}, "item": "Choice Band", "teraType": "Water", "role": "Wallbreaker", "bvs": {"hp": 70, "atk": 92, "def": 65, "spa": 80, "spd": 55, "spe": 98}, "stats": {"hp": 261, "atk": 207, "def": 161, "spa": 187, "spd": 144, "spe": 218}, "types": ["Water"]}, "Dedenne": {"name": "Dedenne", "species": "Dedenne", "speciesId": "dedenne", "gender": "M", "shiny": false, "level": 88, "moves": ["thunderbolt", "dazzlinggleam", "uturn", "nuzzle"], "ability": "Cheek Pouch", "evs": {"hp": 85, "atk": 85, "def": 85, "spa": 85, "spd": 85, "spe": 85}, "ivs": {"hp": 31, "atk": 31, "def": 31, "spa": 31, "spd": 31, "spe": 31}, "item": "Sitrus Berry", "teraType": "Flying", "role": "Fast Support", "bvs": {"hp": 67, "atk": 58, "def": 57, "spa": 81, "spd": 67, "spe": 101}, "stats": {"hp": 261, "atk": 152, "def": 151, "spa": 193, "spd": 168, "spe": 228}, "types": ["Electric", "Fairy"]}, "Roaring Moon": {"name": "Roaring Moon", "species": "Roaring Moon", "speciesId": "roaringmoon", "gender": "N", "shiny": false, "level": 72, "moves": ["outrage", "knockoff", "uturn", "ironhead"], "ability": "Protosynthesis", "evs": {"hp": 85, "atk": 85, "def": 85, "spa": 85, "spd": 85, "spe": 85}, "ivs": {"hp": 31, "atk": 31, "def": 31, "spa": 31, "spd": 31, "spe": 31}, "item": "Choice Band", "teraType": "Steel", "role": "Bulky Attacker", "bvs": {"hp": 105, "atk": 139, "def": 71, "spa": 55, "spd": 101, "spe": 119}, "stats": {"hp": 270, "atk": 242, "def": 144, "spa": 121, "spd": 187, "spe": 213}, "types": ["Dragon", "Dark"]}}, {"Glastrier": {"name": "Glastrier", "species": "Glastrier", "speciesId": "glastrier", "gender": "N", "shiny": false, "level": 86, "moves": ["swordsdance", "iciclecrash", "heavyslam", "highhorsepower"], "ability": "Chilling Neigh", "evs": {"hp": 85, "atk": 85, "def": 85, "spa": 85, "spd": 85, "spe": 85}, "ivs": {"hp": 31, "atk": 31, "def": 31, "spa": 31, "spd": 31, "spe": 31}, "item": "Heavy-Duty Boots", "teraType": "Steel", "role": "Bulky Attacker", "bvs": {"hp": 100, "atk": 145, "def": 130, "spa": 65, "spd": 110, "spe": 30}, "stats": {"hp": 312, "atk": 299, "def": 273, "spa": 161, "spd": 238, "spe": 101}, "types": ["Ice"]}, "Flapple": {"name": "Flapple", "species": "Flapple", "speciesId": "flapple", "gender": "M", "shiny": false, "level": 88, "moves": ["uturn", "gravapple", "suckerpunch", "outrage"], "ability": "Hustle", "evs": {"hp": 85, "atk": 85, "def": 85, "spa": 85, "spd": 85, "spe": 85}, "ivs": {"hp": 31, "atk": 31, "def": 31, "spa": 31, "spd": 31, "spe": 31}, "item": "Choice Band", "teraType": "Steel", "role": "Fast Attacker", "bvs": {"hp": 70, "atk": 110, "def": 80, "spa": 95, "spd": 60, "spe": 70}, "stats": {"hp": 266, "atk": 244, "def": 191, "spa": 217, "spd": 156, "spe": 173}, "types": ["Grass", "Dragon"]}, "Venomoth": {"name": "Venomoth", "species": "Venomoth", "speciesId": "venomoth", "gender": "M", "shiny": false, "level": 84, "moves": ["quiverdance", "bugbuzz", "sleeppowder", "sludgewave"], "ability": "Tinted Lens", "evs": {"hp": 85, "atk": 0, "def": 85, "spa": 85, "spd": 85, "spe": 85}, "ivs": {"hp": 31, "atk": 0, "def": 31, "spa": 31, "spd": 31, "spe": 31}, "item": "Heavy-Duty Boots", "teraType": "Steel", "role": "Setup Sweeper", "bvs": {"hp": 70, "atk": 65, "def": 60, "spa": 90, "spd": 75, "spe": 90}, "stats": {"hp": 255, "atk": 114, "def": 149, "spa": 199, "spd": 174, "spe": 199}, "types": ["Bug", "Poison"]}, "Blaziken": {"name": "Blaziken", "species": "Blaziken", "speciesId": "blaziken", "gender": "M", "shiny": false, "level": 76, "moves": ["flareblitz", "swordsdance", "stoneedge", "closecombat"], "ability": "Speed Boost", "evs": {"hp": 85, "atk": 85, "def": 85, "spa": 85, "spd": 85, "spe": 85}, "ivs": {"hp": 31, "atk": 31, "def": 31, "spa": 31, "spd": 31, "spe": 31}, "item": "Life Orb", "teraType": "Fighting", "role": "Setup Sweeper", "bvs": {"hp": 80, "atk": 120, "def": 70, "spa": 110, "spd": 70, "spe": 80}, "stats": {"hp": 247, "atk": 226, "def": 150, "spa": 211, "spd": 150, "spe": 166}, "types": ["Fire", "Fighting"]}, "Regieleki": {"name": "Regieleki", "species": "Regieleki", "speciesId": "regieleki", "gender": "N", "shiny": false, "level": 79, "moves": ["explosion", "thunderbolt", "voltswitch", "rapidspin"], "ability": "Transistor", "evs": {"hp": 85, "atk": 85, "def": 85, "spa": 85, "spd": 85, "spe": 85}, "ivs": {"hp": 31, "atk": 31, "def": 31, "spa": 31, "spd": 31, "spe": 31}, "item": "Magnet", "teraType": "Electric", "role": "Fast Support", "bvs": {"hp": 80, "atk": 100, "def": 50, "spa": 100, "spd": 50, "spe": 200}, "stats": {"hp": 256, "atk": 204, "def": 125, "spa": 204, "spd": 125, "spe": 362}, "types": ["Electric"]}, "Inteleon": {"name": "Inteleon", "species": "Inteleon", "speciesId": "inteleon", "gender": "F", "shiny": false, "level": 81, "moves": ["scald", "uturn", "icebeam", "hydropump"], "ability": "Torrent", "evs": {"hp": 85, "atk": 85, "def": 85, "spa": 85, "spd": 85, "spe": 85}, "ivs": {"hp": 31, "atk": 31, "def": 31, "spa": 31, "spd": 31, "spe": 31}, "item": "Choice Specs", "teraType": "Water", "role": "Wallbreaker", "bvs": {"hp": 70, "atk": 85, "def": 65, "spa": 125, "spd": 65, "spe": 120}, "stats": {"hp": 246, "atk": 184, "def": 152, "spa": 249, "spd": 152, "spe": 241}, "types": ["Water"]}}]}