{"id": "gen9randombattle-2642136802", "format": "[Gen 9] Random Battle", "players": ["testbotcif", "Lem4nd"], "log": "|j|\u2606testbotcif\n|j|\u2606Lem4nd\n|t:|1782897850\n|gametype|singles\n|player|p1|testbotcif|1|1284\n|player|p2|Lem4nd|169|1227\n|gen|9\n|tier|[Gen 9] Random Battle\n|rated|\n|rule|Species Clause: Limit one of each Pok\u00e9mon\n|rule|HP Percentage Mod: HP is shown in percentages\n|rule|Sleep Clause Mod: Limit one foe put to sleep\n|rule|Illusion Level Mod: Illusion disguises the Pok\u00e9mon's true level\n|\n|t:|1782897850\n|teamsize|p1|6\n|teamsize|p2|6\n|start\n|switch|p1a: Hoopa|Hoopa-Unbound, L80|259/259\n|switch|p2a: Rabsca|Rabsca, L91, M|284/284\n|turn|1\n|inactive|Battle timer is ON: inactive players will automatically lose when time's up. (requested by testbotcif)\n|c|\u2606testbotcif|rlhf\n|\n|t:|1782897867\n|move|p1a: Hoopa|Hyperspace Fury|p2a: Rabsca\n|-supereffective|p2a: Rabsca\n|-damage|p2a: Rabsca|2/284\n|-unboost|p1a: Hoopa|def|1\n|move|p2a: Rabsca|Bug Buzz|p1a: Hoopa\n|-supereffective|p1a: Hoopa\n|-crit|p1a: Hoopa\n|-damage|p1a: Hoopa|0 fnt\n|faint|p1a: Hoopa\n|\n|upkeep\n|\n|t:|1782897867\n|switch|p1a: Corviknight|Corviknight, L80, M|288/288\n|turn|2\n|\n|t:|1782897886\n|switch|p2a: Illumise|Illumise, L91, F|266/266\n|move|p1a: Corviknight|Brave Bird|p2a: Illumise\n|-supereffective|p2a: Illumise\n|-damage|p2a: Illumise|48/266\n|-damage|p1a: Corviknight|216/288|[from] Recoil\n|\n|upkeep\n|turn|3\n|\n|t:|1782897900\n|move|p2a: Illumise|Thunder Wave|p1a: Corviknight\n|-status|p1a: Corviknight|par\n|move|p1a: Corviknight|Brave Bird|p2a: Illumise\n|-supereffective|p2a: Illumise\n|-damage|p2a: Illumise|0 fnt\n|faint|p2a: Illumise\n|-damage|p1a: Corviknight|200/288 par|[from] Recoil\n|\n|upkeep\n|inactive|Lem4nd has 120 seconds left.\n|\n|t:|1782897927\n|switch|p2a: Mabosstiff|Mabosstiff, L86, M|278/278\n|turn|4\n|inactive|Lem4nd has 120 seconds left.\n|\n|t:|1782897932\n|move|p2a: Mabosstiff|Wild Charge|p1a: Corviknight\n|-supereffective|p1a: Corviknight\n|-damage|p1a: Corviknight|48/288 par\n|-damage|p2a: Mabosstiff|232/278|[from] item: Rocky Helmet|[of] p1a: Corviknight\n|-damage|p2a: Mabosstiff|194/278|[from] Recoil\n|move|p1a: Corviknight|U-turn|p2a: Mabosstiff\n|-supereffective|p2a: Mabosstiff\n|-damage|p2a: Mabosstiff|106/278\n|\n|t:|1782897932\n|switch|p1a: Azumarill|Azumarill, L82, F|298/298|[from] U-turn\n|\n|upkeep\n|turn|5\n|\n|t:|1782897945\n|move|p2a: Mabosstiff|Wild Charge|p1a: Azumarill\n|-supereffective|p1a: Azumarill\n|-damage|p1a: Azumarill|122/298\n|-damage|p2a: Mabosstiff|62/278|[from] Recoil\n|move|p1a: Azumarill|Play Rough|p2a: Mabosstiff\n|-supereffective|p2a: Mabosstiff\n|-damage|p2a: Mabosstiff|0 fnt\n|faint|p2a: Mabosstiff\n|\n|upkeep\n|inactive|Lem4nd has 120 seconds left.\n|\n|t:|1782897956\n|switch|p2a: Rabsca|Rabsca, L91, M|2/284\n|turn|6\n|\n|t:|1782897960\n|move|p2a: Rabsca|Revival Blessing|p2a: Rabsca\n|\n|t:|1782897963\n|-heal|p2: Mabosstiff|139/278|[from] move: Revival Blessing\n|move|p1a: Azumarill|Play Rough|p2a: Rabsca\n|-damage|p2a: Rabsca|0 fnt\n|faint|p2a: Rabsca\n|\n|upkeep\n|\n|t:|1782897971\n|switch|p2a: Mabosstiff|Mabosstiff, L86, M|139/278\n|turn|7\n|\n|t:|1782897975\n|move|p2a: Mabosstiff|Wild Charge|p1a: Azumarill\n|-supereffective|p1a: Azumarill\n|-damage|p1a: Azumarill|0 fnt\n|faint|p1a: Azumarill\n|-damage|p2a: Mabosstiff|108/278|[from] Recoil\n|\n|upkeep\n|\n|t:|1782897975\n|switch|p1a: Cyclizar|Cyclizar, L83, F|252/252\n|turn|8\n|\n|t:|1782897990\n|switch|p2a: Glaceon|Glaceon, L94, M|275/275\n|move|p1a: Cyclizar|Draco Meteor|p2a: Glaceon\n|-damage|p2a: Glaceon|173/275\n|-unboost|p1a: Cyclizar|spa|2\n|\n|upkeep\n|turn|9\n|\n|t:|1782898000\n|move|p1a: Cyclizar|Knock Off|p2a: Glaceon\n|-damage|p2a: Glaceon|127/275\n|-enditem|p2a: Glaceon|Heavy-Duty Boots|[from] move: Knock Off|[of] p1a: Cyclizar\n|move|p2a: Glaceon|Wish|p2a: Glaceon\n|\n|upkeep\n|turn|10\n|\n|t:|1782898007\n|move|p2a: Glaceon|Protect|p2a: Glaceon\n|-singleturn|p2a: Glaceon|Protect\n|move|p1a: Cyclizar|Knock Off|p2a: Glaceon\n|-activate|p2a: Glaceon|move: Protect\n|\n|-heal|p2a: Glaceon|264/275|[from] move: Wish|[wisher] Glaceon\n|upkeep\n|turn|11\n|\n|t:|1782898015\n|move|p1a: Cyclizar|Knock Off|p2a: Glaceon\n|-damage|p2a: Glaceon|228/275\n|move|p2a: Glaceon|Freeze-Dry|p1a: Cyclizar\n|-supereffective|p1a: Cyclizar\n|-damage|p1a: Cyclizar|0 fnt\n|faint|p1a: Cyclizar\n|\n|upkeep\n|\n|t:|1782898015\n|switch|p1a: Mightyena|Mightyena, L96, F|290/290\n|-ability|p1a: Mightyena|Intimidate|boost\n|-unboost|p2a: Glaceon|atk|1\n|turn|12\n|\n|t:|1782898032\n|switch|p2a: Pachirisu|Pachirisu, L96, F|271/271\n|move|p1a: Mightyena|Crunch|p2a: Pachirisu\n|-damage|p2a: Pachirisu|118/271\n|\n|upkeep\n|turn|13\n|\n|t:|1782898040\n|move|p2a: Pachirisu|Nuzzle|p1a: Mightyena\n|-damage|p1a: Mightyena|272/290\n|-status|p1a: Mightyena|par\n|move|p1a: Mightyena|Crunch|p2a: Pachirisu\n|-damage|p2a: Pachirisu|0 fnt\n|faint|p2a: Pachirisu\n|\n|upkeep\n|\n|t:|1782898053\n|switch|p2a: Mabosstiff|Mabosstiff, L86, M|108/278\n|turn|14\n|\n|t:|1782898057\n|-terastallize|p2a: Mabosstiff|Fairy\n|move|p2a: Mabosstiff|Play Rough|p1a: Mightyena\n|-supereffective|p1a: Mightyena\n|-crit|p1a: Mightyena\n|-damage|p1a: Mightyena|0 fnt\n|faint|p1a: Mightyena\n|\n|upkeep\n|\n|t:|1782898057\n|switch|p1a: Corviknight|Corviknight, L80, M|48/288 par\n|turn|15\n|\n|t:|1782898069\n|move|p2a: Mabosstiff|Play Rough|p1a: Corviknight\n|-resisted|p1a: Corviknight\n|-damage|p1a: Corviknight|0 fnt\n|-damage|p2a: Mabosstiff|62/278|[from] item: Rocky Helmet|[of] p1a: Corviknight\n|faint|p1a: Corviknight\n|\n|upkeep\n|\n|t:|1782898069\n|switch|p1a: Arceus|Arceus-Water, L71|288/288\n|turn|16\n|\n|t:|1782898082\n|switch|p2a: Qwilfish|Qwilfish-Hisui, L83, F|244/244\n|-ability|p2a: Qwilfish|Intimidate|boost\n|-unboost|p1a: Arceus|atk|1\n|-terastallize|p1a: Arceus|Steel\n|move|p1a: Arceus|Calm Mind|p1a: Arceus\n|-boost|p1a: Arceus|spa|1\n|-boost|p1a: Arceus|spd|1\n|\n|upkeep\n|turn|17\n|\n|t:|1782898093\n|move|p1a: Arceus|Calm Mind|p1a: Arceus\n|-boost|p1a: Arceus|spa|1\n|-boost|p1a: Arceus|spd|1\n|move|p2a: Qwilfish|Taunt|p1a: Arceus\n|-start|p1a: Arceus|move: Taunt\n|\n|upkeep\n|turn|18\n|\n|t:|1782898106\n|move|p1a: Arceus|Judgment|p2a: Qwilfish\n|-damage|p2a: Qwilfish|30/244\n|move|p2a: Qwilfish|Crunch|p1a: Arceus\n|-damage|p1a: Arceus|216/288\n|\n|upkeep\n|turn|19\n|\n|t:|1782898114\n|move|p1a: Arceus|Judgment|p2a: Qwilfish\n|-damage|p2a: Qwilfish|0 fnt\n|faint|p2a: Qwilfish\n|\n|upkeep\n|\n|t:|1782898127\n|switch|p2a: Mabosstiff|Mabosstiff, L86, M, tera:Fairy|62/278\n|turn|20\n|\n|t:|1782898135\n|move|p2a: Mabosstiff|Crunch|p1a: Arceus\n|-damage|p1a: Arceus|125/288\n|-unboost|p1a: Arceus|def|1\n|move|p1a: Arceus|Judgment|p2a: Mabosstiff\n|-damage|p2a: Mabosstiff|0 fnt\n|faint|p2a: Mabosstiff\n|\n|-end|p1a: Arceus|move: Taunt\n|upkeep\n|\n|t:|1782898145\n|switch|p2a: Glaceon|Glaceon, L94, M|228/275\n|turn|21\n|\n|t:|1782898151\n|move|p1a: Arceus|Recover|p1a: Arceus\n|-heal|p1a: Arceus|269/288\n|move|p2a: Glaceon|Mud Shot|p1a: Arceus\n|-supereffective|p1a: Arceus\n|-damage|p1a: Arceus|209/288\n|-unboost|p1a: Arceus|spe|1\n|\n|upkeep\n|turn|22\n|\n|t:|1782898160\n|move|p2a: Glaceon|Mud Shot|p1a: Arceus\n|-supereffective|p1a: Arceus\n|-damage|p1a: Arceus|149/288\n|-unboost|p1a: Arceus|spe|1\n|move|p1a: Arceus|Calm Mind|p1a: Arceus\n|-boost|p1a: Arceus|spa|1\n|-boost|p1a: Arceus|spd|1\n|\n|upkeep\n|turn|23\n|\n|t:|1782898170\n|move|p2a: Glaceon|Mud Shot|p1a: Arceus\n|-supereffective|p1a: Arceus\n|-damage|p1a: Arceus|101/288\n|-unboost|p1a: Arceus|spe|1\n|move|p1a: Arceus|Recover|p1a: Arceus\n|-heal|p1a: Arceus|245/288\n|\n|upkeep\n|turn|24\n|\n|t:|1782898181\n|move|p2a: Glaceon|Mud Shot|p1a: Arceus\n|-supereffective|p1a: Arceus\n|-damage|p1a: Arceus|201/288\n|-unboost|p1a: Arceus|spe|1\n|move|p1a: Arceus|Recover|p1a: Arceus\n|-heal|p1a: Arceus|288/288\n|\n|upkeep\n|turn|25\n|\n|t:|1782898189\n|move|p2a: Glaceon|Mud Shot|p1a: Arceus\n|-supereffective|p1a: Arceus\n|-damage|p1a: Arceus|236/288\n|-unboost|p1a: Arceus|spe|1\n|move|p1a: Arceus|Calm Mind|p1a: Arceus\n|-boost|p1a: Arceus|spa|1\n|-boost|p1a: Arceus|spd|1\n|\n|upkeep\n|turn|26\n|\n|t:|1782898197\n|move|p2a: Glaceon|Mud Shot|p1a: Arceus\n|-supereffective|p1a: Arceus\n|-damage|p1a: Arceus|198/288\n|-unboost|p1a: Arceus|spe|1\n|move|p1a: Arceus|Recover|p1a: Arceus\n|-heal|p1a: Arceus|288/288\n|\n|upkeep\n|turn|27\n|\n|t:|1782898205\n|move|p2a: Glaceon|Mud Shot|p1a: Arceus\n|-supereffective|p1a: Arceus\n|-damage|p1a: Arceus|252/288\n|move|p1a: Arceus|Judgment|p2a: Glaceon\n|-damage|p2a: Glaceon|0 fnt\n|faint|p2a: Glaceon\n|\n|win|testbotcif\n|raw|testbotcif's rating: 1284 &rarr; <strong>1305</strong><br />(+21 for winning)\n|raw|Lem4nd's rating: 1227 &rarr; <strong>1206</strong><br />(-21 for losing)\n", "inputlog": ">version f8ac14003a5f27e1bdc8d8c59608a773c1cb96e5\n>start {\"formatid\":\"gen9randombattle\",\"seed\":\"sodium,e0b8f5ada145939dd453c10511460040\",\"rated\":\"Rated battle\"}\n>player p1 {\"name\":\"testbotcif\",\"avatar\":\"1\",\"rating\":1284,\"seed\":\"sodium,7c279cf4534dff23b82a02608a312b18\"}\n>player p2 {\"name\":\"Lem4nd\",\"avatar\":\"169\",\"rating\":1227,\"seed\":\"sodium,019d1ca7d91863bd7bce5e24cf1b3916\"}\n>chat \u2606testbotcif|rlhf\n>p1 move hyperspacefury\n>p2 move bugbuzz\n>p1 switch 2\n>p1 move bravebird\n>p2 switch 3\n>p1 move bravebird\n>p2 move thunderwave\n>p2 switch 6\n>p1 move uturn\n>p2 move wildcharge\n>p1 switch 4\n>p1 move playrough\n>p2 move wildcharge\n>p2 switch 3\n>p1 move playrough\n>p2 move revivalblessing\n>p2 switch 3\n>p2 switch 3\n>p1 move playrough\n>p2 move wildcharge\n>p1 switch 5\n>p1 move dracometeor\n>p2 switch 4\n>p1 move knockoff\n>p2 move wish\n>p1 move knockoff\n>p2 move protect\n>p1 move knockoff\n>p2 move freezedry\n>p1 switch 6\n>p1 move crunch\n>p2 switch 5\n>p1 move crunch\n>p2 move nuzzle\n>p2 switch 4\n>p1 move crunch\n>p2 move playrough terastallize\n>p1 switch 4\n>p1 move roost\n>p2 move playrough\n>p1 switch 3\n>p1 move calmmind terastallize\n>p2 switch 2\n>p1 move calmmind\n>p2 move taunt\n>p1 move judgment\n>p2 move crunch\n>p1 move judgment\n>p2 move crunch\n>p2 switch 2\n>p1 move judgment\n>p2 move crunch\n>p2 switch 5\n>p1 move recover\n>p2 move mudshot\n>p1 move calmmind\n>p2 move mudshot\n>p1 move recover\n>p2 move mudshot\n>p1 move recover\n>p2 move mudshot\n>p1 move calmmind\n>p2 move mudshot\n>p1 move recover\n>p2 move mudshot\n>p1 move judgment\n>p2 move mudshot", "uploadtime": 1782898205, "views": 9, "formatid": "gen9randombattle", "rating": 1206, "private": 0, "password": null, "player_dets": [{"name": "testbotcif", "avatar": "1", "rating": 1284, "seed": "sodium,7c279cf4534dff23b82a02608a312b18"}, {"name": "Lem4nd", "avatar": "169", "rating": 1227, "seed": "sodium,019d1ca7d91863bd7bce5e24cf1b3916"}], "teams_full": [{"Hoopa": {"name": "Hoopa", "species": "Hoopa-Unbound", "speciesId": "hoopaunbound", "gender": "N", "shiny": false, "level": 80, "moves": ["focusblast", "gunkshot", "psychic", "hyperspacefury"], "ability": "Magician", "evs": {"hp": 85, "atk": 85, "def": 85, "spa": 85, "spd": 85, "spe": 85}, "ivs": {"hp": 31, "atk": 31, "def": 31, "spa": 31, "spd": 31, "spe": 31}, "item": "Assault Vest", "teraType": "Poison", "role": "Bulky Attacker", "bvs": {"hp": 80, "atk": 160, "def": 60, "spa": 170, "spd": 130, "spe": 80}, "stats": {"hp": 259, "atk": 302, "def": 142, "spa": 318, "spd": 254, "spe": 174}, "types": ["Psychic", "Dark"]}, "Corviknight": {"name": "Corviknight", "species": "Corviknight", "speciesId": "corviknight", "gender": "M", "shiny": false, "level": 80, "moves": ["uturn", "defog", "bravebird", "roost"], "ability": "Mirror Armor", "evs": {"hp": 85, "atk": 85, "def": 85, "spa": 85, "spd": 85, "spe": 85}, "ivs": {"hp": 31, "atk": 31, "def": 31, "spa": 31, "spd": 31, "spe": 31}, "item": "Rocky Helmet", "teraType": "Dragon", "role": "Bulky Support", "bvs": {"hp": 98, "atk": 87, "def": 105, "spa": 53, "spd": 85, "spe": 67}, "stats": {"hp": 288, "atk": 185, "def": 214, "spa": 131, "spd": 182, "spe": 153}, "types": ["Flying", "Steel"]}, "Arceus": {"name": "Arceus", "species": "Arceus-Water", "speciesId": "arceuswater", "gender": "N", "shiny": false, "level": 71, "moves": ["calmmind", "judgment", "icebeam", "recover"], "ability": "Multitype", "evs": {"hp": 85, "atk": 0, "def": 85, "spa": 85, "spd": 85, "spe": 85}, "ivs": {"hp": 31, "atk": 0, "def": 31, "spa": 31, "spd": 31, "spe": 31}, "item": "Splash Plate", "teraType": "Steel", "role": "Bulky Support", "bvs": {"hp": 120, "atk": 120, "def": 120, "spa": 120, "spd": 120, "spe": 120}, "stats": {"hp": 288, "atk": 175, "def": 212, "spa": 212, "spd": 212, "spe": 212}, "types": ["Water"]}, "Azumarill": {"name": "Azumarill", "species": "Azumarill", "speciesId": "azumarill", "gender": "F", "shiny": false, "level": 82, "moves": ["playrough", "liquidation", "aquajet", "knockoff"], "ability": "Huge Power", "evs": {"hp": 85, "atk": 85, "def": 85, "spa": 85, "spd": 85, "spe": 85}, "ivs": {"hp": 31, "atk": 31, "def": 31, "spa": 31, "spd": 31, "spe": 31}, "item": "Choice Band", "teraType": "Water", "role": "Bulky Attacker", "bvs": {"hp": 100, "atk": 50, "def": 80, "spa": 60, "spd": 80, "spe": 50}, "stats": {"hp": 298, "atk": 129, "def": 178, "spa": 146, "spd": 178, "spe": 129}, "types": ["Water", "Fairy"]}, "Cyclizar": {"name": "Cyclizar", "species": "Cyclizar", "speciesId": "cyclizar", "gender": "F", "shiny": false, "level": 83, "moves": ["taunt", "dracometeor", "knockoff", "shedtail"], "ability": "Regenerator", "evs": {"hp": 85, "atk": 85, "def": 85, "spa": 85, "spd": 85, "spe": 85}, "ivs": {"hp": 31, "atk": 31, "def": 31, "spa": 31, "spd": 31, "spe": 31}, "item": "Heavy-Duty Boots", "teraType": "Dragon", "role": "Fast Support", "bvs": {"hp": 70, "atk": 95, "def": 65, "spa": 85, "spd": 65, "spe": 121}, "stats": {"hp": 252, "atk": 205, "def": 156, "spa": 189, "spd": 156, "spe": 249}, "types": ["Dragon", "Normal"]}, "Mightyena": {"name": "Mightyena", "species": "Mightyena", "speciesId": "mightyena", "gender": "F", "shiny": false, "level": 96, "moves": ["suckerpunch", "poisonfang", "crunch", "playrough"], "ability": "Intimidate", "evs": {"hp": 85, "atk": 85, "def": 85, "spa": 85, "spd": 85, "spe": 85}, "ivs": {"hp": 31, "atk": 31, "def": 31, "spa": 31, "spd": 31, "spe": 31}, "item": "Choice Band", "teraType": "Fairy", "role": "Bulky Attacker", "bvs": {"hp": 70, "atk": 90, "def": 70, "spa": 60, "spd": 60, "spe": 70}, "stats": {"hp": 290, "atk": 227, "def": 189, "spa": 170, "spd": 170, "spe": 189}, "types": ["Dark"]}}, {"Rabsca": {"name": "Rabsca", "species": "Rabsca", "speciesId": "rabsca", "gender": "M", "shiny": false, "level": 91, "moves": ["recover", "bugbuzz", "psychic", "revivalblessing"], "ability": "Synchronize", "evs": {"hp": 85, "atk": 0, "def": 85, "spa": 85, "spd": 85, "spe": 85}, "ivs": {"hp": 31, "atk": 0, "def": 31, "spa": 31, "spd": 31, "spe": 31}, "item": "Heavy-Duty Boots", "teraType": "Steel", "role": "Wallbreaker", "bvs": {"hp": 75, "atk": 50, "def": 85, "spa": 115, "spd": 100, "spe": 45}, "stats": {"hp": 284, "atk": 96, "def": 207, "spa": 261, "spd": 234, "spe": 134}, "types": ["Bug", "Psychic"]}, "Qwilfish": {"name": "Qwilfish", "species": "Qwilfish-Hisui", "speciesId": "qwilfishhisui", "gender": "F", "shiny": false, "level": 83, "moves": ["toxicspikes", "gunkshot", "taunt", "crunch"], "ability": "Intimidate", "evs": {"hp": 85, "atk": 85, "def": 85, "spa": 85, "spd": 85, "spe": 85}, "ivs": {"hp": 31, "atk": 31, "def": 31, "spa": 31, "spd": 31, "spe": 31}, "item": "Eviolite", "teraType": "Flying", "role": "Bulky Support", "bvs": {"hp": 65, "atk": 95, "def": 85, "spa": 55, "spd": 55, "spe": 85}, "stats": {"hp": 244, "atk": 205, "def": 189, "spa": 139, "spd": 139, "spe": 189}, "types": ["Dark", "Poison"]}, "Illumise": {"name": "Illumise", "species": "Illumise", "speciesId": "illumise", "gender": "F", "shiny": false, "level": 91, "moves": ["bugbuzz", "encore", "thunderwave", "roost"], "ability": "Prankster", "evs": {"hp": 85, "atk": 0, "def": 85, "spa": 85, "spd": 85, "spe": 85}, "ivs": {"hp": 31, "atk": 0, "def": 31, "spa": 31, "spd": 31, "spe": 31}, "item": "Heavy-Duty Boots", "teraType": "Steel", "role": "Bulky Support", "bvs": {"hp": 65, "atk": 47, "def": 75, "spa": 73, "spd": 85, "spe": 85}, "stats": {"hp": 266, "atk": 90, "def": 188, "spa": 185, "spd": 207, "spe": 207}, "types": ["Bug"]}, "Glaceon": {"name": "Glaceon", "species": "Glaceon", "speciesId": "glaceon", "gender": "M", "shiny": false, "level": 94, "moves": ["mudshot", "freezedry", "wish", "protect"], "ability": "Ice Body", "evs": {"hp": 85, "atk": 0, "def": 85, "spa": 85, "spd": 85, "spe": 85}, "ivs": {"hp": 31, "atk": 0, "def": 31, "spa": 31, "spd": 31, "spe": 31}, "item": "Heavy-Duty Boots", "teraType": "Ground", "role": "Bulky Attacker", "bvs": {"hp": 65, "atk": 60, "def": 110, "spa": 130, "spd": 95, "spe": 65}, "stats": {"hp": 275, "atk": 117, "def": 260, "spa": 298, "spd": 232, "spe": 176}, "types": ["Ice"]}, "Pachirisu": {"name": "Pachirisu", "species": "Pachirisu", "speciesId": "pachirisu", "gender": "F", "shiny": false, "level": 96, "moves": ["thunderbolt", "nuzzle", "uturn", "superfang"], "ability": "Volt Absorb", "evs": {"hp": 85, "atk": 85, "def": 85, "spa": 85, "spd": 85, "spe": 85}, "ivs": {"hp": 31, "atk": 31, "def": 31, "spa": 31, "spd": 31, "spe": 31}, "item": "Assault Vest", "teraType": "Flying", "role": "AV Pivot", "bvs": {"hp": 60, "atk": 45, "def": 70, "spa": 45, "spd": 90, "spe": 95}, "stats": {"hp": 271, "atk": 141, "def": 189, "spa": 141, "spd": 227, "spe": 237}, "types": ["Electric"]}, "Mabosstiff": {"name": "Mabosstiff", "species": "Mabosstiff", "speciesId": "mabosstiff", "gender": "M", "shiny": false, "level": 86, "moves": ["crunch", "psychicfangs", "playrough", "wildcharge"], "ability": "Stakeout", "evs": {"hp": 85, "atk": 85, "def": 85, "spa": 85, "spd": 85, "spe": 85}, "ivs": {"hp": 31, "atk": 31, "def": 31, "spa": 31, "spd": 31, "spe": 31}, "item": "Choice Scarf", "teraType": "Fairy", "role": "Bulky Attacker", "bvs": {"hp": 80, "atk": 120, "def": 90, "spa": 60, "spd": 70, "spe": 85}, "stats": {"hp": 278, "atk": 256, "def": 204, "spa": 152, "spd": 170, "spe": 195}, "types": ["Dark"]}}]}