{"id": "gen9randombattle-2642053840", "format": "[Gen 9] Random Battle", "players": ["ralzie", "testbotcif"], "log": "|j|\u2606ralzie\n|j|\u2606testbotcif\n|t:|1782880237\n|gametype|singles\n|player|p1|ralzie|102|1376\n|player|p2|testbotcif|1|1403\n|gen|9\n|tier|[Gen 9] Random Battle\n|rated|\n|rule|Species Clause: Limit one of each Pok\u00e9mon\n|rule|HP Percentage Mod: HP is shown in percentages\n|rule|Sleep Clause Mod: Limit one foe put to sleep\n|rule|Illusion Level Mod: Illusion disguises the Pok\u00e9mon's true level\n|\n|t:|1782880237\n|teamsize|p1|6\n|teamsize|p2|6\n|start\n|switch|p1a: Vileplume|Vileplume, L85, M|266/266\n|switch|p2a: Mismagius|Mismagius, L86, F|243/243\n|turn|1\n|c|\u2606testbotcif|rlhf\n|inactive|Battle timer is ON: inactive players will automatically lose when time's up. (requested by testbotcif)\n|\n|t:|1782880262\n|switch|p1a: Minior|Minior-Orange, L79|224/224\n|-formechange|p1a: Minior|Minior-Meteor||[from] ability: Shields Down\n|move|p2a: Mismagius|Shadow Ball|p1a: Minior\n|-crit|p1a: Minior\n|-damage|p1a: Minior|19/224\n|-unboost|p1a: Minior|spd|1\n|-enditem|p1a: Minior|White Herb\n|-clearnegativeboost|p1a: Minior|[silent]\n|\n|-formechange|p1a: Minior|Minior-Orange||[from] ability: Shields Down\n|upkeep\n|turn|2\n|\n|t:|1782880280\n|move|p1a: Minior|Acrobatics|p2a: Mismagius\n|-damage|p2a: Mismagius|98/243\n|move|p2a: Mismagius|Shadow Ball|p1a: Minior\n|-damage|p1a: Minior|0 fnt\n|faint|p1a: Minior\n|\n|upkeep\n|\n|t:|1782880286\n|switch|p1a: Vigoroth|Vigoroth, L85, M|275/275\n|turn|3\n|\n|t:|1782880289\n|move|p2a: Mismagius|Shadow Ball|p1a: Vigoroth\n|-immune|p1a: Vigoroth\n|move|p1a: Vigoroth|Knock Off|p2a: Mismagius\n|-supereffective|p2a: Mismagius\n|-damage|p2a: Mismagius|0 fnt\n|-enditem|p2a: Mismagius|Choice Specs|[from] move: Knock Off|[of] p1a: Vigoroth\n|faint|p2a: Mismagius\n|\n|upkeep\n|\n|t:|1782880289\n|switch|p2a: Hitmontop|Hitmontop, L88, M|231/231\n|turn|4\n|\n|t:|1782880299\n|switch|p1a: Vileplume|Vileplume, L85, M|266/266\n|move|p2a: Hitmontop|Bulk Up|p2a: Hitmontop\n|-boost|p2a: Hitmontop|atk|1\n|-boost|p2a: Hitmontop|def|1\n|\n|upkeep\n|turn|5\n|\n|t:|1782880317\n|move|p2a: Hitmontop|Triple Axel|p1a: Vileplume\n|-supereffective|p1a: Vileplume\n|-damage|p1a: Vileplume|192/266\n|-supereffective|p1a: Vileplume\n|-damage|p1a: Vileplume|54/266\n|-supereffective|p1a: Vileplume\n|-damage|p1a: Vileplume|0 fnt\n|faint|p1a: Vileplume\n|-hitcount|p1: Vileplume|3\n|\n|upkeep\n|\n|t:|1782880325\n|switch|p1a: Magmortar|Magmortar, L88, F|275/275\n|turn|6\n|\n|t:|1782880330\n|move|p1a: Magmortar|Fire Blast|p2a: Hitmontop\n|-damage|p2a: Hitmontop|95/231\n|move|p2a: Hitmontop|Close Combat|p1a: Magmortar\n|-damage|p1a: Magmortar|40/275\n|-unboost|p2a: Hitmontop|def|1\n|-unboost|p2a: Hitmontop|spd|1\n|-status|p2a: Hitmontop|brn|[from] ability: Flame Body|[of] p1a: Magmortar\n|\n|-heal|p2a: Hitmontop|109/231 brn|[from] item: Leftovers\n|-damage|p2a: Hitmontop|95/231 brn|[from] brn\n|upkeep\n|turn|7\n|\n|t:|1782880358\n|move|p1a: Magmortar|Fire Blast|p2a: Hitmontop\n|-damage|p2a: Hitmontop|0 fnt\n|faint|p2a: Hitmontop\n|\n|upkeep\n|\n|t:|1782880358\n|switch|p2a: Mewtwo|Mewtwo, L72|272/272\n|-ability|p2a: Mewtwo|Pressure\n|turn|8\n|\n|t:|1782880364\n|move|p2a: Mewtwo|Nasty Plot|p2a: Mewtwo\n|-boost|p2a: Mewtwo|spa|2\n|move|p1a: Magmortar|Thunderbolt|p2a: Mewtwo\n|-damage|p2a: Mewtwo|180/272\n|\n|upkeep\n|turn|9\n|\n|t:|1782880368\n|move|p2a: Mewtwo|Psystrike|p1a: Magmortar\n|-damage|p1a: Magmortar|0 fnt\n|faint|p1a: Magmortar\n|-damage|p2a: Mewtwo|153/272|[from] item: Life Orb\n|\n|upkeep\n|\n|t:|1782880375\n|switch|p1a: Vigoroth|Vigoroth, L85, M|275/275\n|turn|10\n|\n|t:|1782880380\n|-terastallize|p1a: Vigoroth|Ghost\n|move|p2a: Mewtwo|Psystrike|p1a: Vigoroth\n|-damage|p1a: Vigoroth|49/275\n|-damage|p2a: Mewtwo|126/272|[from] item: Life Orb\n|move|p1a: Vigoroth|Knock Off|p2a: Mewtwo\n|-supereffective|p2a: Mewtwo\n|-crit|p2a: Mewtwo\n|-damage|p2a: Mewtwo|0 fnt\n|-enditem|p2a: Mewtwo|Life Orb|[from] move: Knock Off|[of] p1a: Vigoroth\n|faint|p2a: Mewtwo\n|\n|upkeep\n|\n|t:|1782880380\n|switch|p2a: Pawmot|Pawmot, L80, M|243/243\n|turn|11\n|\n|t:|1782880395\n|move|p2a: Pawmot|Close Combat|p1a: Vigoroth\n|-immune|p1a: Vigoroth\n|move|p1a: Vigoroth|Slack Off|p1a: Vigoroth\n|-heal|p1a: Vigoroth|187/275\n|\n|upkeep\n|turn|12\n|\n|t:|1782880402\n|move|p2a: Pawmot|Double Shock|p1a: Vigoroth\n|-damage|p1a: Vigoroth|54/275\n|-start|p2a: Pawmot|typechange|???/Fighting|[from] move: Double Shock\n|-damage|p2a: Pawmot|219/243|[from] item: Life Orb\n|move|p1a: Vigoroth|Bulk Up|p1a: Vigoroth\n|-boost|p1a: Vigoroth|atk|1\n|-boost|p1a: Vigoroth|def|1\n|\n|upkeep\n|turn|13\n|\n|t:|1782880406\n|move|p2a: Pawmot|Double Shock||[still]\n|-fail|p2a: Pawmot|move: Double Shock\n|move|p1a: Vigoroth|Slack Off|p1a: Vigoroth\n|-heal|p1a: Vigoroth|192/275\n|\n|upkeep\n|turn|14\n|\n|t:|1782880409\n|switch|p2a: Dondozo|Dondozo, L78, F|362/362\n|move|p1a: Vigoroth|Bulk Up|p1a: Vigoroth\n|-boost|p1a: Vigoroth|atk|1\n|-boost|p1a: Vigoroth|def|1\n|\n|upkeep\n|turn|15\n|\n|t:|1782880415\n|move|p1a: Vigoroth|Knock Off|p2a: Dondozo\n|-damage|p2a: Dondozo|307/362\n|-enditem|p2a: Dondozo|Leftovers|[from] move: Knock Off|[of] p1a: Vigoroth\n|move|p2a: Dondozo|Curse|p2a: Dondozo\n|-unboost|p2a: Dondozo|spe|1\n|-boost|p2a: Dondozo|atk|1\n|-boost|p2a: Dondozo|def|1\n|\n|upkeep\n|turn|16\n|\n|t:|1782880421\n|move|p1a: Vigoroth|Body Slam|p2a: Dondozo\n|-damage|p2a: Dondozo|255/362\n|move|p2a: Dondozo|Curse|p2a: Dondozo\n|-unboost|p2a: Dondozo|spe|1\n|-boost|p2a: Dondozo|atk|1\n|-boost|p2a: Dondozo|def|1\n|\n|upkeep\n|turn|17\n|\n|t:|1782880433\n|switch|p1a: Reshiram|Reshiram, L76|277/277\n|-ability|p1a: Reshiram|Turboblaze\n|move|p2a: Dondozo|Sleep Talk||[still]\n|-fail|p2a: Dondozo\n|\n|upkeep\n|turn|18\n|\n|t:|1782880441\n|move|p2a: Dondozo|Wave Crash|p1a: Reshiram\n|-damage|p1a: Reshiram|31/277\n|-damage|p2a: Dondozo|174/362|[from] Recoil\n|move|p1a: Reshiram|Dragon Tail|p2a: Dondozo\n|-damage|p2a: Dondozo|147/362\n|drag|p2a: Pawmot|Pawmot, L80, M|219/243\n|\n|upkeep\n|turn|19\n|\n|t:|1782880450\n|move|p2a: Pawmot|Double Shock|p1a: Reshiram\n|-resisted|p1a: Reshiram\n|-damage|p1a: Reshiram|0 fnt\n|-start|p2a: Pawmot|typechange|???/Fighting|[from] move: Double Shock\n|faint|p1a: Reshiram\n|-damage|p2a: Pawmot|195/243|[from] item: Life Orb\n|\n|upkeep\n|\n|t:|1782880454\n|switch|p1a: Vigoroth|Vigoroth, L85, M, tera:Ghost|192/275\n|turn|20\n|\n|t:|1782880466\n|move|p2a: Pawmot|Revival Blessing|p2a: Pawmot\n|\n|t:|1782880466\n|-heal|p2: Mewtwo|136/272|[from] move: Revival Blessing\n|move|p1a: Vigoroth|Body Slam|p2a: Pawmot\n|-damage|p2a: Pawmot|102/243\n|\n|upkeep\n|turn|21\n|\n|t:|1782880470\n|move|p2a: Pawmot|Close Combat|p1a: Vigoroth\n|-immune|p1a: Vigoroth\n|move|p1a: Vigoroth|Body Slam|p2a: Pawmot\n|-damage|p2a: Pawmot|0 fnt\n|faint|p2a: Pawmot\n|\n|upkeep\n|\n|t:|1782880470\n|switch|p2a: Mewtwo|Mewtwo, L72|136/272\n|-ability|p2a: Mewtwo|Pressure\n|turn|22\n|\n|t:|1782880481\n|move|p2a: Mewtwo|Psystrike|p1a: Vigoroth\n|-damage|p1a: Vigoroth|117/275\n|move|p1a: Vigoroth|Body Slam|p2a: Mewtwo\n|-damage|p2a: Mewtwo|51/272\n|-status|p2a: Mewtwo|par\n|\n|upkeep\n|turn|23\n|\n|t:|1782880495\n|move|p1a: Vigoroth|Slack Off|p1a: Vigoroth\n|-heal|p1a: Vigoroth|255/275\n|move|p2a: Mewtwo|Psystrike|p1a: Vigoroth\n|-damage|p1a: Vigoroth|168/275\n|\n|upkeep\n|turn|24\n|\n|t:|1782880507\n|move|p1a: Vigoroth|Body Slam|p2a: Mewtwo\n|-damage|p2a: Mewtwo|0 fnt\n|faint|p2a: Mewtwo\n|\n|upkeep\n|\n|t:|1782880507\n|switch|p2a: Dondozo|Dondozo, L78, F|147/362\n|turn|25\n|\n|t:|1782880515\n|switch|p1a: Inteleon|Inteleon, L81, F|246/246\n|move|p2a: Dondozo|Wave Crash|p1a: Inteleon\n|-resisted|p1a: Inteleon\n|-damage|p1a: Inteleon|174/246\n|-damage|p2a: Dondozo|123/362|[from] Recoil\n|\n|upkeep\n|turn|26\n|\n|t:|1782880526\n|move|p1a: Inteleon|Hydro Pump|p2a: Dondozo\n|-resisted|p2a: Dondozo\n|-damage|p2a: Dondozo|0 fnt\n|faint|p2a: Dondozo\n|\n|upkeep\n|\n|t:|1782880526\n|switch|p2a: Baxcalibur|Baxcalibur, L75, F|296/296\n|turn|27\n|\n|t:|1782880537\n|switch|p1a: Vigoroth|Vigoroth, L85, M, tera:Ghost|168/275\n|move|p2a: Baxcalibur|Dragon Dance|p2a: Baxcalibur\n|-boost|p2a: Baxcalibur|atk|1\n|-boost|p2a: Baxcalibur|spe|1\n|\n|upkeep\n|turn|28\n|\n|t:|1782880546\n|-terastallize|p2a: Baxcalibur|Dragon\n|move|p2a: Baxcalibur|Glaive Rush|p1a: Vigoroth\n|-damage|p1a: Vigoroth|0 fnt\n|-singlemove|p2a: Baxcalibur|Glaive Rush|[silent]\n|faint|p1a: Vigoroth\n|\n|upkeep\n|\n|t:|1782880550\n|switch|p1a: Inteleon|Inteleon, L81, F|174/246\n|turn|29\n|\n|t:|1782880554\n|move|p2a: Baxcalibur|Glaive Rush|p1a: Inteleon\n|-damage|p1a: Inteleon|0 fnt\n|-singlemove|p2a: Baxcalibur|Glaive Rush|[silent]\n|faint|p1a: Inteleon\n|\n|win|testbotcif\n|raw|ralzie's rating: 1376 &rarr; <strong>1358</strong><br />(-18 for losing)\n|raw|testbotcif's rating: 1403 &rarr; <strong>1421</strong><br />(+18 for winning)\n", "inputlog": ">version f8ac14003a5f27e1bdc8d8c59608a773c1cb96e5\n>start {\"formatid\":\"gen9randombattle\",\"seed\":\"sodium,d01ea8ab1d40f493c76bb303fdfd372c\",\"rated\":\"Rated battle\"}\n>player p1 {\"name\":\"ralzie\",\"avatar\":\"102\",\"rating\":1376,\"seed\":\"sodium,94b04366d77cdbd34d97d55182e088dd\"}\n>player p2 {\"name\":\"testbotcif\",\"avatar\":\"1\",\"rating\":1403,\"seed\":\"sodium,f95d58597172e0ad0820b3d70d724132\"}\n>chat \u2606testbotcif|rlhf\n>p1 switch 2\n>p2 move shadowball\n>p1 move acrobatics\n>p2 move shadowball\n>p1 switch 6\n>p1 move knockoff\n>p2 move shadowball\n>p2 switch 5\n>p1 switch 2\n>p2 move bulkup\n>p1 move strengthsap\n>p2 move tripleaxel\n>p1 switch 3\n>p1 move fireblast\n>p2 move closecombat\n>p1 move fireblast\n>p2 move closecombat\n>p2 switch 2\n>p1 move thunderbolt\n>p2 move nastyplot\n>p1 move fireblast\n>p2 move psystrike\n>p1 switch 2\n>p1 move knockoff terastallize\n>p2 move psystrike\n>p2 switch 3\n>p1 move slackoff\n>p2 move closecombat\n>p1 move bulkup\n>p2 move doubleshock\n>p1 move slackoff\n>p2 move doubleshock\n>p1 move bulkup\n>p2 switch 4\n>p1 move knockoff\n>p2 move curse\n>p1 move bodyslam\n>p2 move curse\n>p1 switch 5\n>p2 move sleeptalk\n>p1 move dragontail\n>p2 move wavecrash\n>p1 move blueflare\n>p2 move doubleshock\n>p1 switch 5\n>p1 move bodyslam\n>p2 move revivalblessing\n>p2 switch 3\n>p1 move bodyslam\n>p2 move closecombat\n>p2 switch 3\n>p1 move bodyslam\n>p2 move psystrike\n>p1 move slackoff\n>p2 move psystrike\n>p1 move bodyslam\n>p2 move psystrike\n>p2 switch 4\n>p1 switch 4\n>p2 move wavecrash\n>p1 move hydropump\n>p2 move wavecrash\n>p2 switch 6\n>p1 switch 4\n>p2 move dragondance\n>p1 move bulkup\n>p2 move glaiverush terastallize\n>p1 switch 4\n>p1 move icebeam\n>p2 move glaiverush", "uploadtime": 1782880554, "views": 3, "formatid": "gen9randombattle", "rating": 1358, "private": 0, "password": null, "player_dets": [{"name": "ralzie", "avatar": "102", "rating": 1376, "seed": "sodium,94b04366d77cdbd34d97d55182e088dd"}, {"name": "testbotcif", "avatar": "1", "rating": 1403, "seed": "sodium,f95d58597172e0ad0820b3d70d724132"}], "teams_full": [{"Vileplume": {"name": "Vileplume", "species": "Vileplume", "speciesId": "vileplume", "gender": "M", "shiny": false, "level": 85, "moves": ["gigadrain", "sludgebomb", "leechseed", "strengthsap"], "ability": "Effect Spore", "evs": {"hp": 85, "atk": 0, "def": 85, "spa": 85, "spd": 85, "spe": 85}, "ivs": {"hp": 31, "atk": 0, "def": 31, "spa": 31, "spd": 31, "spe": 31}, "item": "Leftovers", "teraType": "Water", "role": "Bulky Attacker", "bvs": {"hp": 75, "atk": 80, "def": 85, "spa": 110, "spd": 90, "spe": 50}, "stats": {"hp": 266, "atk": 141, "def": 193, "spa": 236, "spd": 202, "spe": 134}, "types": ["Grass", "Poison"]}, "Minior": {"name": "Minior", "species": "Minior-Orange", "speciesId": "minior", "gender": "N", "shiny": false, "level": 79, "moves": ["shellsmash", "acrobatics", "earthquake", "powergem"], "ability": "Shields Down", "evs": {"hp": 85, "atk": 85, "def": 85, "spa": 85, "spd": 85, "spe": 85}, "ivs": {"hp": 31, "atk": 31, "def": 31, "spa": 31, "spd": 31, "spe": 31}, "item": "White Herb", "teraType": "Steel", "role": "Setup Sweeper", "bvs": {"hp": 60, "atk": 100, "def": 60, "spa": 100, "spd": 60, "spe": 120}, "stats": {"hp": 224, "atk": 204, "def": 140, "spa": 204, "spd": 140, "spe": 235}, "types": ["Rock", "Flying"]}, "Magmortar": {"name": "Magmortar", "species": "Magmortar", "speciesId": "magmortar", "gender": "F", "shiny": false, "level": 88, "moves": ["fireblast", "willowisp", "earthquake", "thunderbolt"], "ability": "Flame Body", "evs": {"hp": 85, "atk": 85, "def": 85, "spa": 85, "spd": 85, "spe": 85}, "ivs": {"hp": 31, "atk": 31, "def": 31, "spa": 31, "spd": 31, "spe": 31}, "item": "Heavy-Duty Boots", "teraType": "Electric", "role": "Fast Attacker", "bvs": {"hp": 75, "atk": 95, "def": 67, "spa": 125, "spd": 95, "spe": 83}, "stats": {"hp": 275, "atk": 217, "def": 168, "spa": 270, "spd": 217, "spe": 196}, "types": ["Fire"]}, "Inteleon": {"name": "Inteleon", "species": "Inteleon", "speciesId": "inteleon", "gender": "F", "shiny": false, "level": 81, "moves": ["icebeam", "scald", "hydropump", "uturn"], "ability": "Torrent", "evs": {"hp": 85, "atk": 85, "def": 85, "spa": 85, "spd": 85, "spe": 85}, "ivs": {"hp": 31, "atk": 31, "def": 31, "spa": 31, "spd": 31, "spe": 31}, "item": "Choice Specs", "teraType": "Water", "role": "Wallbreaker", "bvs": {"hp": 70, "atk": 85, "def": 65, "spa": 125, "spd": 65, "spe": 120}, "stats": {"hp": 246, "atk": 184, "def": 152, "spa": 249, "spd": 152, "spe": 241}, "types": ["Water"]}, "Reshiram": {"name": "Reshiram", "species": "Reshiram", "speciesId": "reshiram", "gender": "N", "shiny": false, "level": 76, "moves": ["dragontail", "blueflare", "dracometeor", "willowisp"], "ability": "Turboblaze", "evs": {"hp": 85, "atk": 85, "def": 85, "spa": 85, "spd": 85, "spe": 85}, "ivs": {"hp": 31, "atk": 31, "def": 31, "spa": 31, "spd": 31, "spe": 31}, "item": "Heavy-Duty Boots", "teraType": "Fire", "role": "Fast Attacker", "bvs": {"hp": 100, "atk": 120, "def": 100, "spa": 150, "spd": 120, "spe": 90}, "stats": {"hp": 277, "atk": 226, "def": 196, "spa": 272, "spd": 226, "spe": 181}, "types": ["Dragon", "Fire"]}, "Vigoroth": {"name": "Vigoroth", "species": "Vigoroth", "speciesId": "vigoroth", "gender": "M", "shiny": false, "level": 85, "moves": ["bodyslam", "bulkup", "knockoff", "slackoff"], "ability": "Vital Spirit", "evs": {"hp": 85, "atk": 85, "def": 85, "spa": 85, "spd": 85, "spe": 85}, "ivs": {"hp": 31, "atk": 31, "def": 31, "spa": 31, "spd": 31, "spe": 31}, "item": "Eviolite", "teraType": "Ghost", "role": "Bulky Setup", "bvs": {"hp": 80, "atk": 80, "def": 80, "spa": 55, "spd": 55, "spe": 90}, "stats": {"hp": 275, "atk": 185, "def": 185, "spa": 142, "spd": 142, "spe": 202}, "types": ["Normal"]}}, {"Mismagius": {"name": "Mismagius", "species": "Mismagius", "speciesId": "mismagius", "gender": "F", "shiny": false, "level": 86, "moves": ["dazzlinggleam", "shadowball", "thunderbolt", "trick"], "ability": "Levitate", "evs": {"hp": 85, "atk": 0, "def": 85, "spa": 85, "spd": 85, "spe": 85}, "ivs": {"hp": 31, "atk": 0, "def": 31, "spa": 31, "spd": 31, "spe": 31}, "item": "Choice Specs", "teraType": "Fairy", "role": "Wallbreaker", "bvs": {"hp": 60, "atk": 60, "def": 60, "spa": 105, "spd": 105, "spe": 105}, "stats": {"hp": 243, "atk": 108, "def": 152, "spa": 230, "spd": 230, "spe": 230}, "types": ["Ghost"]}, "Mewtwo": {"name": "Mewtwo", "species": "Mewtwo", "speciesId": "mewtwo", "gender": "N", "shiny": false, "level": 72, "moves": ["nastyplot", "aurasphere", "fireblast", "psystrike"], "ability": "Pressure", "evs": {"hp": 85, "atk": 0, "def": 85, "spa": 85, "spd": 85, "spe": 85}, "ivs": {"hp": 31, "atk": 0, "def": 31, "spa": 31, "spd": 31, "spe": 31}, "item": "Life Orb", "teraType": "Fire", "role": "Setup Sweeper", "bvs": {"hp": 106, "atk": 110, "def": 90, "spa": 154, "spd": 90, "spe": 130}, "stats": {"hp": 272, "atk": 163, "def": 172, "spa": 264, "spd": 172, "spe": 229}, "types": ["Psychic"]}, "Pawmot": {"name": "Pawmot", "species": "Pawmot", "speciesId": "pawmot", "gender": "M", "shiny": false, "level": 80, "moves": ["icepunch", "closecombat", "revivalblessing", "doubleshock"], "ability": "Iron Fist", "evs": {"hp": 85, "atk": 85, "def": 85, "spa": 85, "spd": 85, "spe": 85}, "ivs": {"hp": 31, "atk": 31, "def": 31, "spa": 31, "spd": 31, "spe": 31}, "item": "Life Orb", "teraType": "Electric", "role": "Wallbreaker", "bvs": {"hp": 70, "atk": 115, "def": 70, "spa": 70, "spd": 60, "spe": 105}, "stats": {"hp": 243, "atk": 230, "def": 158, "spa": 158, "spd": 142, "spe": 214}, "types": ["Electric", "Fighting"]}, "Dondozo": {"name": "Dondozo", "species": "Dondozo", "speciesId": "dondozo", "gender": "F", "shiny": false, "level": 78, "moves": ["rest", "curse", "wavecrash", "sleeptalk"], "ability": "Unaware", "evs": {"hp": 85, "atk": 85, "def": 85, "spa": 85, "spd": 85, "spe": 85}, "ivs": {"hp": 31, "atk": 31, "def": 31, "spa": 31, "spd": 31, "spe": 31}, "item": "Leftovers", "teraType": "Dragon", "role": "Bulky Setup", "bvs": {"hp": 150, "atk": 100, "def": 115, "spa": 65, "spd": 65, "spe": 35}, "stats": {"hp": 362, "atk": 201, "def": 224, "spa": 146, "spd": 146, "spe": 100}, "types": ["Water"]}, "Hitmontop": {"name": "Hitmontop", "species": "Hitmontop", "speciesId": "hitmontop", "gender": "M", "shiny": false, "level": 88, "moves": ["rapidspin", "closecombat", "tripleaxel", "bulkup"], "ability": "Technician", "evs": {"hp": 85, "atk": 85, "def": 85, "spa": 85, "spd": 85, "spe": 85}, "ivs": {"hp": 31, "atk": 31, "def": 31, "spa": 31, "spd": 31, "spe": 31}, "item": "Leftovers", "teraType": "Ice", "role": "Bulky Setup", "bvs": {"hp": 50, "atk": 95, "def": 95, "spa": 35, "spd": 110, "spe": 70}, "stats": {"hp": 231, "atk": 217, "def": 217, "spa": 112, "spd": 244, "spe": 173}, "types": ["Fighting"]}, "Baxcalibur": {"name": "Baxcalibur", "species": "Baxcalibur", "speciesId": "baxcalibur", "gender": "F", "shiny": false, "level": 75, "moves": ["earthquake", "glaiverush", "dragondance", "iciclecrash"], "ability": "Thermal Exchange", "evs": {"hp": 85, "atk": 85, "def": 85, "spa": 85, "spd": 85, "spe": 85}, "ivs": {"hp": 31, "atk": 31, "def": 31, "spa": 31, "spd": 31, "spe": 31}, "item": "Heavy-Duty Boots", "teraType": "Dragon", "role": "Setup Sweeper", "bvs": {"hp": 115, "atk": 145, "def": 92, "spa": 75, "spd": 86, "spe": 87}, "stats": {"hp": 296, "atk": 261, "def": 182, "spa": 156, "spd": 173, "spe": 174}, "types": ["Dragon", "Ice"]}}]}