{"id": "gen9randombattle-2641759931", "format": "[Gen 9] Random Battle", "players": ["MadPlum", "Elekleid"], "log": "|j|\u2606MadPlum\n|j|\u2606Elekleid\n|t:|1782838595\n|gametype|singles\n|player|p1|MadPlum|alder|1124\n|player|p2|Elekleid|170|1164\n|gen|9\n|tier|[Gen 9] Random Battle\n|rated|\n|rule|Species Clause: Limit one of each Pok\u00e9mon\n|rule|HP Percentage Mod: HP is shown in percentages\n|rule|Sleep Clause Mod: Limit one foe put to sleep\n|rule|Illusion Level Mod: Illusion disguises the Pok\u00e9mon's true level\n|\n|t:|1782838595\n|teamsize|p1|6\n|teamsize|p2|6\n|start\n|switch|p1a: Electrode|Electrode, L92|260/260\n|switch|p2a: Mimikyu|Mimikyu, L79, M|216/216\n|turn|1\n|inactive|Battle timer is ON: inactive players will automatically lose when time's up. (requested by MadPlum)\n|\n|t:|1782838605\n|move|p1a: Electrode|Thunderbolt|p2a: Mimikyu\n|-activate|p2a: Mimikyu|ability: Disguise\n|-damage|p2a: Mimikyu|216/216\n|detailschange|p2a: Mimikyu|Mimikyu-Busted, L79, M\n|-damage|p2a: Mimikyu|189/216|[from] pokemon: Mimikyu-Busted\n|-damage|p1a: Electrode|234/260|[from] item: Life Orb\n|move|p2a: Mimikyu|Swords Dance|p2a: Mimikyu\n|-boost|p2a: Mimikyu|atk|2\n|\n|upkeep\n|turn|2\n|\n|t:|1782838616\n|move|p2a: Mimikyu|Shadow Sneak|p1a: Electrode\n|-damage|p1a: Electrode|131/260\n|-damage|p2a: Mimikyu|168/216|[from] item: Life Orb\n|move|p1a: Electrode|Thunderbolt|p2a: Mimikyu\n|-damage|p2a: Mimikyu|59/216\n|-damage|p1a: Electrode|105/260|[from] item: Life Orb\n|\n|upkeep\n|turn|3\n|\n|t:|1782838620\n|move|p2a: Mimikyu|Shadow Sneak|p1a: Electrode\n|-damage|p1a: Electrode|14/260\n|-status|p2a: Mimikyu|par|[from] ability: Static|[of] p1a: Electrode\n|-damage|p2a: Mimikyu|38/216 par|[from] item: Life Orb\n|move|p1a: Electrode|Thunderbolt|p2a: Mimikyu\n|-damage|p2a: Mimikyu|0 fnt\n|faint|p2a: Mimikyu\n|-damage|p1a: Electrode|0 fnt|[from] item: Life Orb\n|faint|p1a: Electrode\n|\n|upkeep\n|\n|t:|1782838627\n|switch|p1a: Pikachu|Pikachu-Unova, L93, M|216/216\n|switch|p2a: Probopass|Probopass, L91, F|257/257\n|turn|4\n|\n|t:|1782838635\n|move|p1a: Pikachu|Surf|p2a: Probopass\n|-supereffective|p2a: Probopass\n|-damage|p2a: Probopass|141/257\n|move|p2a: Probopass|Body Press|p1a: Pikachu\n|-damage|p1a: Pikachu|77/216\n|\n|-heal|p2a: Probopass|157/257|[from] item: Leftovers\n|upkeep\n|turn|5\n|\n|t:|1782838646\n|move|p1a: Pikachu|Surf|p2a: Probopass\n|-supereffective|p2a: Probopass\n|-damage|p2a: Probopass|45/257\n|move|p2a: Probopass|Body Press|p1a: Pikachu\n|-damage|p1a: Pikachu|0 fnt\n|faint|p1a: Pikachu\n|\n|-heal|p2a: Probopass|61/257|[from] item: Leftovers\n|upkeep\n|\n|t:|1782838654\n|switch|p1a: Houndstone|Houndstone, L86, F|264/264\n|turn|6\n|\n|t:|1782838660\n|move|p1a: Houndstone|Body Press|p2a: Probopass\n|-supereffective|p2a: Probopass\n|-damage|p2a: Probopass|0 fnt\n|faint|p2a: Probopass\n|\n|upkeep\n|\n|t:|1782838668\n|switch|p2a: Shaymin|Shaymin-Sky, L73|266/266\n|turn|7\n|\n|t:|1782838673\n|move|p2a: Shaymin|Leech Seed|p1a: Houndstone\n|-start|p1a: Houndstone|move: Leech Seed\n|move|p1a: Houndstone|Poltergeist|p2a: Shaymin\n|-activate|p2a: Shaymin|move: Poltergeist|Leftovers\n|-damage|p2a: Shaymin|104/266\n|\n|-heal|p2a: Shaymin|120/266|[from] item: Leftovers\n|-damage|p1a: Houndstone|231/264|[from] Leech Seed|[of] p2a: Shaymin\n|-heal|p2a: Shaymin|153/266|[silent]\n|upkeep\n|turn|8\n|\n|t:|1782838686\n|move|p2a: Shaymin|Seed Flare|p1a: Houndstone\n|-damage|p1a: Houndstone|158/264\n|move|p1a: Houndstone|Poltergeist|p2a: Shaymin\n|-activate|p2a: Shaymin|move: Poltergeist|Leftovers\n|-damage|p2a: Shaymin|0 fnt\n|faint|p2a: Shaymin\n|\n|upkeep\n|\n|t:|1782838697\n|switch|p2a: Dondozo|Dondozo, L78, F|362/362\n|turn|9\n|\n|t:|1782838704\n|move|p1a: Houndstone|Play Rough|p2a: Dondozo\n|-damage|p2a: Dondozo|304/362\n|move|p2a: Dondozo|Curse|p2a: Dondozo\n|-unboost|p2a: Dondozo|spe|1\n|-boost|p2a: Dondozo|atk|1\n|-boost|p2a: Dondozo|def|1\n|\n|-heal|p2a: Dondozo|326/362|[from] item: Leftovers\n|-damage|p1a: Houndstone|125/264|[from] Leech Seed|[of] p2a: Dondozo\n|-heal|p2a: Dondozo|359/362|[silent]\n|upkeep\n|turn|10\n|\n|t:|1782838715\n|move|p1a: Houndstone|Play Rough|p2a: Dondozo\n|-damage|p2a: Dondozo|319/362\n|move|p2a: Dondozo|Curse|p2a: Dondozo\n|-unboost|p2a: Dondozo|spe|1\n|-boost|p2a: Dondozo|atk|1\n|-boost|p2a: Dondozo|def|1\n|\n|-heal|p2a: Dondozo|341/362|[from] item: Leftovers\n|-damage|p1a: Houndstone|92/264|[from] Leech Seed|[of] p2a: Dondozo\n|-heal|p2a: Dondozo|362/362|[silent]\n|upkeep\n|turn|11\n|\n|t:|1782838726\n|move|p1a: Houndstone|Poltergeist|p2a: Dondozo\n|-activate|p2a: Dondozo|move: Poltergeist|Leftovers\n|-damage|p2a: Dondozo|307/362\n|move|p2a: Dondozo|Curse|p2a: Dondozo\n|-unboost|p2a: Dondozo|spe|1\n|-boost|p2a: Dondozo|atk|1\n|-boost|p2a: Dondozo|def|1\n|\n|-heal|p2a: Dondozo|329/362|[from] item: Leftovers\n|-damage|p1a: Houndstone|59/264|[from] Leech Seed|[of] p2a: Dondozo\n|-heal|p2a: Dondozo|362/362|[silent]\n|upkeep\n|turn|12\n|\n|t:|1782838740\n|move|p1a: Houndstone|Play Rough|p2a: Dondozo\n|-damage|p2a: Dondozo|336/362\n|move|p2a: Dondozo|Curse|p2a: Dondozo\n|-unboost|p2a: Dondozo|spe|1\n|-boost|p2a: Dondozo|atk|1\n|-boost|p2a: Dondozo|def|1\n|\n|-heal|p2a: Dondozo|358/362|[from] item: Leftovers\n|-damage|p1a: Houndstone|26/264|[from] Leech Seed|[of] p2a: Dondozo\n|-heal|p2a: Dondozo|362/362|[silent]\n|upkeep\n|turn|13\n|\n|t:|1782838751\n|move|p1a: Houndstone|Play Rough|p2a: Dondozo\n|-damage|p2a: Dondozo|342/362\n|-unboost|p2a: Dondozo|atk|1\n|move|p2a: Dondozo|Curse|p2a: Dondozo\n|-unboost|p2a: Dondozo|spe|1\n|-boost|p2a: Dondozo|atk|1\n|-boost|p2a: Dondozo|def|1\n|\n|-heal|p2a: Dondozo|362/362|[from] item: Leftovers\n|-damage|p1a: Houndstone|0 fnt|[from] Leech Seed|[of] p2a: Dondozo\n|faint|p1a: Houndstone\n|upkeep\n|\n|t:|1782838758\n|switch|p1a: Polteageist|Polteageist-Antique, L78|222/222\n|turn|14\n|\n|t:|1782838771\n|move|p1a: Polteageist|Shell Smash|p1a: Polteageist\n|-unboost|p1a: Polteageist|def|1\n|-unboost|p1a: Polteageist|spd|1\n|-boost|p1a: Polteageist|atk|2\n|-boost|p1a: Polteageist|spa|2\n|-boost|p1a: Polteageist|spe|2\n|-enditem|p1a: Polteageist|White Herb\n|-clearnegativeboost|p1a: Polteageist|[silent]\n|move|p2a: Dondozo|Wave Crash|p1a: Polteageist\n|-damage|p1a: Polteageist|0 fnt\n|faint|p1a: Polteageist\n|-damage|p2a: Dondozo|289/362|[from] Recoil\n|\n|-heal|p2a: Dondozo|311/362|[from] item: Leftovers\n|upkeep\n|\n|t:|1782838779\n|switch|p1a: Iron Treads|Iron Treads, L77|265/265\n|turn|15\n|\n|t:|1782838787\n|move|p1a: Iron Treads|Volt Switch|p2a: Dondozo\n|-supereffective|p2a: Dondozo\n|-damage|p2a: Dondozo|223/362\n|\n|t:|1782838791\n|-end|p1a: Iron Treads|Quark Drive|[silent]\n|switch|p1a: Spidops|Spidops, L96, M|271/271|[from] Volt Switch\n|move|p2a: Dondozo|Wave Crash|p1a: Spidops\n|-damage|p1a: Spidops|0 fnt\n|faint|p1a: Spidops\n|-damage|p2a: Dondozo|134/362|[from] Recoil\n|\n|-heal|p2a: Dondozo|156/362|[from] item: Leftovers\n|upkeep\n|\n|t:|1782838792\n|switch|p1a: Iron Treads|Iron Treads, L77|265/265\n|turn|16\n|\n|t:|1782838801\n|move|p1a: Iron Treads|Volt Switch|p2a: Dondozo\n|-supereffective|p2a: Dondozo\n|-crit|p2a: Dondozo\n|-damage|p2a: Dondozo|10/362\n|move|p2a: Dondozo|Rest|p2a: Dondozo\n|-status|p2a: Dondozo|slp|[from] move: Rest\n|-heal|p2a: Dondozo|362/362 slp|[silent]\n|\n|upkeep\n|turn|17\n|\n|t:|1782838809\n|move|p1a: Iron Treads|Volt Switch|p2a: Dondozo\n|-supereffective|p2a: Dondozo\n|-damage|p2a: Dondozo|274/362 slp\n|cant|p2a: Dondozo|slp\n|move|p2a: Dondozo|Sleep Talk|p2a: Dondozo\n|move|p2a: Dondozo|Wave Crash|p1a: Iron Treads|[from] move: Sleep Talk\n|-supereffective|p1a: Iron Treads\n|-damage|p1a: Iron Treads|0 fnt\n|faint|p1a: Iron Treads\n|-end|p1a: Iron Treads|Quark Drive|[silent]\n|-damage|p2a: Dondozo|187/362 slp|[from] Recoil\n|\n|win|Elekleid\n|raw|MadPlum's rating: 1124 &rarr; <strong>1102</strong><br />(-22 for losing)\n|raw|Elekleid's rating: 1164 &rarr; <strong>1186</strong><br />(+22 for winning)\n|l|\u2606MadPlum\n|player|p1|\n", "inputlog": ">version f8ac14003a5f27e1bdc8d8c59608a773c1cb96e5\n>start {\"formatid\":\"gen9randombattle\",\"seed\":\"sodium,db71ca8005ce2d2ddcd5d12adf7c5cd4\",\"rated\":\"Rated battle\"}\n>player p1 {\"name\":\"MadPlum\",\"avatar\":\"alder\",\"rating\":1124,\"seed\":\"sodium,8ee8ee7ddbbc434419a512c91bdf061b\"}\n>player p2 {\"name\":\"Elekleid\",\"avatar\":\"170\",\"rating\":1164,\"seed\":\"sodium,ab906c23d7fa4dd8e3b44c3787e23675\"}\n>p1 move thunderbolt\n>p2 move swordsdance\n>p1 move thunderbolt\n>p2 move shadowsneak\n>p1 move thunderbolt\n>p2 move shadowsneak\n>p1 switch 6\n>p2 switch 3\n>p1 move surf\n>p2 move bodypress\n>p1 move surf\n>p2 move bodypress\n>p1 switch 5\n>p1 move bodypress\n>p2 move thunderwave\n>p2 switch 2\n>p1 move poltergeist\n>p2 move leechseed\n>p1 move poltergeist\n>p2 move seedflare\n>p2 switch 5\n>p1 move playrough\n>p2 move curse\n>p1 move playrough\n>p2 move curse\n>p1 move poltergeist\n>p2 move curse\n>p1 move playrough\n>p2 move curse\n>p1 move playrough\n>p2 move curse\n>p1 switch 2\n>p1 move shellsmash\n>p2 move wavecrash\n>p1 switch 3\n>p1 move voltswitch\n>p2 move wavecrash\n>p1 switch 4\n>p1 switch 4\n>p1 move voltswitch\n>p2 move rest\n>p1 move voltswitch\n>p2 move sleeptalk", "uploadtime": 1782838853, "views": 15, "formatid": "gen9randombattle", "rating": 1102, "private": 0, "password": null, "player_dets": [{"name": "MadPlum", "avatar": "alder", "rating": 1124, "seed": "sodium,8ee8ee7ddbbc434419a512c91bdf061b"}, {"name": "Elekleid", "avatar": "170", "rating": 1164, "seed": "sodium,ab906c23d7fa4dd8e3b44c3787e23675"}], "teams_full": [{"Electrode": {"name": "Electrode", "species": "Electrode", "speciesId": "electrode", "gender": "N", "shiny": false, "level": 92, "moves": ["voltswitch", "taunt", "terablast", "thunderbolt"], "ability": "Static", "evs": {"hp": 85, "atk": 0, "def": 85, "spa": 85, "spd": 85, "spe": 85}, "ivs": {"hp": 31, "atk": 0, "def": 31, "spa": 31, "spd": 31, "spe": 31}, "item": "Life Orb", "teraType": "Ice", "role": "Tera Blast user", "bvs": {"hp": 60, "atk": 50, "def": 70, "spa": 80, "spd": 80, "spe": 150}, "stats": {"hp": 260, "atk": 97, "def": 181, "spa": 200, "spd": 200, "spe": 328}, "types": ["Electric"]}, "Polteageist": {"name": "Polteageist", "species": "Polteageist-Antique", "speciesId": "polteageist", "gender": "N", "shiny": false, "level": 78, "moves": ["shadowball", "shellsmash", "storedpower", "strengthsap"], "ability": "Cursed Body", "evs": {"hp": 85, "atk": 0, "def": 85, "spa": 85, "spd": 85, "spe": 85}, "ivs": {"hp": 31, "atk": 0, "def": 31, "spa": 31, "spd": 31, "spe": 31}, "item": "White Herb", "teraType": "Dark", "role": "Setup Sweeper", "bvs": {"hp": 60, "atk": 65, "def": 65, "spa": 134, "spd": 114, "spe": 70}, "stats": {"hp": 222, "atk": 106, "def": 146, "spa": 254, "spd": 223, "spe": 154}, "types": ["Ghost"]}, "Iron Treads": {"name": "Iron Treads", "species": "Iron Treads", "speciesId": "irontreads", "gender": "N", "shiny": false, "level": 77, "moves": ["earthquake", "rapidspin", "ironhead", "voltswitch"], "ability": "Quark Drive", "evs": {"hp": 85, "atk": 85, "def": 85, "spa": 85, "spd": 85, "spe": 85}, "ivs": {"hp": 31, "atk": 31, "def": 31, "spa": 31, "spd": 31, "spe": 31}, "item": "Assault Vest", "teraType": "Dragon", "role": "Bulky Support", "bvs": {"hp": 90, "atk": 112, "def": 120, "spa": 72, "spd": 70, "spe": 106}, "stats": {"hp": 265, "atk": 217, "def": 229, "spa": 155, "spd": 152, "spe": 208}, "types": ["Ground", "Steel"]}, "Spidops": {"name": "Spidops", "species": "Spidops", "speciesId": "spidops", "gender": "M", "shiny": false, "level": 96, "moves": ["spikes", "circlethrow", "stickyweb", "toxicspikes"], "ability": "Stakeout", "evs": {"hp": 85, "atk": 85, "def": 85, "spa": 85, "spd": 85, "spe": 85}, "ivs": {"hp": 31, "atk": 31, "def": 31, "spa": 31, "spd": 31, "spe": 31}, "item": "Heavy-Duty Boots", "teraType": "Ghost", "role": "Bulky Support", "bvs": {"hp": 60, "atk": 79, "def": 92, "spa": 52, "spd": 86, "spe": 35}, "stats": {"hp": 271, "atk": 206, "def": 231, "spa": 154, "spd": 220, "spe": 122}, "types": ["Bug"]}, "Houndstone": {"name": "Houndstone", "species": "Houndstone", "speciesId": "houndstone", "gender": "F", "shiny": false, "level": 86, "moves": ["bodypress", "playrough", "shadowsneak", "poltergeist"], "ability": "Fluffy", "evs": {"hp": 85, "atk": 85, "def": 85, "spa": 85, "spd": 85, "spe": 85}, "ivs": {"hp": 31, "atk": 31, "def": 31, "spa": 31, "spd": 31, "spe": 31}, "item": "Assault Vest", "teraType": "Fighting", "role": "AV Pivot", "bvs": {"hp": 72, "atk": 101, "def": 100, "spa": 50, "spd": 97, "spe": 68}, "stats": {"hp": 264, "atk": 223, "def": 221, "spa": 135, "spd": 216, "spe": 166}, "types": ["Ghost"]}, "Pikachu": {"name": "Pikachu", "species": "Pikachu-Unova", "speciesId": "pikachu", "gender": "M", "shiny": false, "level": 93, "moves": ["surf", "voltswitch", "volttackle", "playrough"], "ability": "Lightning Rod", "evs": {"hp": 85, "atk": 85, "def": 85, "spa": 85, "spd": 85, "spe": 85}, "ivs": {"hp": 31, "atk": 31, "def": 31, "spa": 31, "spd": 31, "spe": 31}, "item": "Light Ball", "teraType": "Water", "role": "Fast Attacker", "bvs": {"hp": 35, "atk": 55, "def": 40, "spa": 50, "spd": 50, "spe": 90}, "stats": {"hp": 216, "atk": 155, "def": 127, "spa": 146, "spd": 146, "spe": 220}, "types": ["Electric"]}}, {"Mimikyu": {"name": "Mimikyu", "species": "Mimikyu", "speciesId": "mimikyu", "gender": "M", "shiny": false, "level": 79, "moves": ["shadowsneak", "swordsdance", "drainpunch", "playrough"], "ability": "Disguise", "evs": {"hp": 85, "atk": 85, "def": 85, "spa": 85, "spd": 85, "spe": 85}, "ivs": {"hp": 31, "atk": 31, "def": 31, "spa": 31, "spd": 31, "spe": 31}, "item": "Life Orb", "teraType": "Fairy", "role": "Setup Sweeper", "bvs": {"hp": 55, "atk": 90, "def": 80, "spa": 50, "spd": 105, "spe": 96}, "stats": {"hp": 216, "atk": 188, "def": 172, "spa": 125, "spd": 211, "spe": 197}, "types": ["Ghost", "Fairy"]}, "Shaymin": {"name": "Shaymin", "species": "Shaymin-Sky", "speciesId": "shayminsky", "gender": "N", "shiny": false, "level": 73, "moves": ["substitute", "airslash", "leechseed", "seedflare"], "ability": "Serene Grace", "evs": {"hp": 85, "atk": 0, "def": 85, "spa": 85, "spd": 85, "spe": 85}, "ivs": {"hp": 31, "atk": 0, "def": 31, "spa": 31, "spd": 31, "spe": 31}, "item": "Leftovers", "teraType": "Steel", "role": "Bulky Support", "bvs": {"hp": 100, "atk": 103, "def": 75, "spa": 120, "spd": 75, "spe": 127}, "stats": {"hp": 266, "atk": 155, "def": 152, "spa": 218, "spd": 152, "spe": 228}, "types": ["Grass", "Flying"]}, "Probopass": {"name": "Probopass", "species": "Probopass", "speciesId": "probopass", "gender": "F", "shiny": false, "level": 91, "moves": ["irondefense", "thunderwave", "flashcannon", "bodypress"], "ability": "Magnet Pull", "evs": {"hp": 85, "atk": 0, "def": 85, "spa": 85, "spd": 85, "spe": 85}, "ivs": {"hp": 31, "atk": 0, "def": 31, "spa": 31, "spd": 31, "spe": 31}, "item": "Leftovers", "teraType": "Fighting", "role": "Bulky Setup", "bvs": {"hp": 60, "atk": 55, "def": 145, "spa": 75, "spd": 150, "spe": 40}, "stats": {"hp": 257, "atk": 105, "def": 316, "spa": 188, "spd": 325, "spe": 125}, "types": ["Rock", "Steel"]}, "Iron Valiant": {"name": "Iron Valiant", "species": "Iron Valiant", "speciesId": "ironvaliant", "gender": "N", "shiny": false, "level": 78, "moves": ["encore", "moonblast", "closecombat", "knockoff"], "ability": "Quark Drive", "evs": {"hp": 85, "atk": 85, "def": 85, "spa": 85, "spd": 85, "spe": 85}, "ivs": {"hp": 31, "atk": 31, "def": 31, "spa": 31, "spd": 31, "spe": 31}, "item": "Life Orb", "teraType": "Fighting", "role": "Wallbreaker", "bvs": {"hp": 74, "atk": 130, "def": 90, "spa": 120, "spd": 60, "spe": 116}, "stats": {"hp": 244, "atk": 248, "def": 185, "spa": 232, "spd": 139, "spe": 226}, "types": ["Fairy", "Fighting"]}, "Dondozo": {"name": "Dondozo", "species": "Dondozo", "speciesId": "dondozo", "gender": "F", "shiny": false, "level": 78, "moves": ["rest", "curse", "wavecrash", "sleeptalk"], "ability": "Unaware", "evs": {"hp": 85, "atk": 85, "def": 85, "spa": 85, "spd": 85, "spe": 85}, "ivs": {"hp": 31, "atk": 31, "def": 31, "spa": 31, "spd": 31, "spe": 31}, "item": "Leftovers", "teraType": "Fairy", "role": "Bulky Setup", "bvs": {"hp": 150, "atk": 100, "def": 115, "spa": 65, "spd": 65, "spe": 35}, "stats": {"hp": 362, "atk": 201, "def": 224, "spa": 146, "spd": 146, "spe": 100}, "types": ["Water"]}, "Chandelure": {"name": "Chandelure", "species": "Chandelure", "speciesId": "chandelure", "gender": "F", "shiny": false, "level": 83, "moves": ["energyball", "shadowball", "trick", "fireblast"], "ability": "Flash Fire", "evs": {"hp": 85, "atk": 0, "def": 85, "spa": 85, "spd": 85, "spe": 85}, "ivs": {"hp": 31, "atk": 0, "def": 31, "spa": 31, "spd": 31, "spe": 31}, "item": "Choice Scarf", "teraType": "Grass", "role": "Fast Attacker", "bvs": {"hp": 60, "atk": 55, "def": 90, "spa": 145, "spd": 90, "spe": 80}, "stats": {"hp": 235, "atk": 96, "def": 197, "spa": 288, "spd": 197, "spe": 180}, "types": ["Ghost", "Fire"]}}]}