{"id": "gen9randombattle-2641824220", "format": "[Gen 9] Random Battle", "players": ["SquinkEXE", "Magikarpitalism"], "log": "|j|\u2606SquinkEXE\n|j|\u2606Magikarpitalism\n|t:|1782846324\n|gametype|singles\n|player|p1|SquinkEXE|youngster-gen4dp|1980\n|player|p2|Magikarpitalism|steven|2076\n|gen|9\n|tier|[Gen 9] Random Battle\n|rated|\n|rule|Species Clause: Limit one of each Pok\u00e9mon\n|rule|HP Percentage Mod: HP is shown in percentages\n|rule|Sleep Clause Mod: Limit one foe put to sleep\n|rule|Illusion Level Mod: Illusion disguises the Pok\u00e9mon's true level\n|\n|t:|1782846324\n|teamsize|p1|6\n|teamsize|p2|6\n|start\n|switch|p1a: Sawsbuck|Sawsbuck, L88, M|284/284\n|switch|p2a: Tauros|Tauros, L82, M|257/257\n|turn|1\n|inactive|Battle timer is ON: inactive players will automatically lose when time's up. (requested by SquinkEXE)\n|\n|t:|1782846343\n|switch|p1a: Empoleon|Empoleon, L84, M|278/278\n|move|p2a: Tauros|Close Combat|p1a: Empoleon\n|-supereffective|p1a: Empoleon\n|-damage|p1a: Empoleon|62/278\n|-unboost|p2a: Tauros|def|1\n|-unboost|p2a: Tauros|spd|1\n|-damage|p2a: Tauros|232/257|[from] item: Life Orb\n|\n|-heal|p1a: Empoleon|79/278|[from] item: Leftovers\n|upkeep\n|turn|2\n|\n|t:|1782846361\n|switch|p1a: Toedscruel|Toedscruel, L87, F|281/281\n|move|p2a: Tauros|Earthquake|p1a: Toedscruel\n|-resisted|p1a: Toedscruel\n|-damage|p1a: Toedscruel|228/281\n|-damage|p2a: Tauros|207/257|[from] item: Life Orb\n|\n|-heal|p1a: Toedscruel|245/281|[from] item: Leftovers\n|upkeep\n|turn|3\n|\n|t:|1782846366\n|switch|p2a: Vivillon|Vivillon-River, L83, F|268/268\n|move|p1a: Toedscruel|Giga Drain|p2a: Vivillon\n|-resisted|p2a: Vivillon\n|-damage|p2a: Vivillon|241/268\n|-heal|p1a: Toedscruel|259/281|[from] drain|[of] p2a: Vivillon\n|\n|-heal|p1a: Toedscruel|276/281|[from] item: Leftovers\n|upkeep\n|turn|4\n|\n|t:|1782846370\n|move|p2a: Vivillon|Quiver Dance|p2a: Vivillon\n|-boost|p2a: Vivillon|spa|1\n|-boost|p2a: Vivillon|spd|1\n|-boost|p2a: Vivillon|spe|1\n|move|p1a: Toedscruel|Toxic|p2a: Vivillon\n|-status|p2a: Vivillon|tox\n|\n|-heal|p1a: Toedscruel|281/281|[from] item: Leftovers\n|-damage|p2a: Vivillon|225/268 tox|[from] psn\n|upkeep\n|turn|5\n|\n|t:|1782846375\n|switch|p1a: Hatterene|Hatterene, L85, F|236/236\n|move|p2a: Vivillon|Hurricane|p1a: Hatterene\n|-damage|p1a: Hatterene|149/236\n|-start|p1a: Hatterene|confusion\n|\n|-damage|p2a: Vivillon|193/268 tox|[from] psn\n|upkeep\n|turn|6\n|inactive|Magikarpitalism has 120 seconds left.\n|inactive|Magikarpitalism has 90 seconds left.\n|inactive|Magikarpitalism has 60 seconds left.\n|\n|t:|1782846483\n|move|p2a: Vivillon|Hurricane|p1a: Hatterene\n|-damage|p1a: Hatterene|46/236\n|-activate|p1a: Hatterene|confusion\n|move|p1a: Hatterene|Mystical Fire|p2a: Vivillon\n|-supereffective|p2a: Vivillon\n|-damage|p2a: Vivillon|47/268 tox\n|-unboost|p2a: Vivillon|spa|1\n|\n|-damage|p2a: Vivillon|0 fnt|[from] psn\n|faint|p2a: Vivillon\n|upkeep\n|\n|t:|1782846487\n|switch|p2a: Tauros|Tauros, L82, M|207/257\n|turn|7\n|\n|t:|1782846490\n|move|p2a: Tauros|Body Slam|p1a: Hatterene\n|-damage|p1a: Hatterene|0 fnt\n|faint|p1a: Hatterene\n|\n|upkeep\n|\n|t:|1782846493\n|switch|p1a: Toedscruel|Toedscruel, L87, F|281/281\n|turn|8\n|inactive|Magikarpitalism has 60 seconds left.\n|\n|t:|1782846524\n|switch|p2a: Iron Bundle|Iron Bundle, L78|215/215\n|move|p1a: Toedscruel|Rapid Spin|p2a: Iron Bundle\n|-damage|p2a: Iron Bundle|187/215\n|-boost|p1a: Toedscruel|spe|1\n|\n|upkeep\n|turn|9\n|inactive|SquinkEXE has 120 seconds left.\n|\n|t:|1782846558\n|-end|p2a: Iron Bundle|Quark Drive|[silent]\n|switch|p2a: Mesprit|Mesprit, L85|275/275\n|move|p1a: Toedscruel|Giga Drain|p2a: Mesprit\n|-damage|p2a: Mesprit|214/275\n|\n|upkeep\n|turn|10\n|\n|t:|1782846563\n|move|p2a: Mesprit|Ice Beam|p1a: Toedscruel\n|-supereffective|p1a: Toedscruel\n|-damage|p1a: Toedscruel|0 fnt\n|faint|p1a: Toedscruel\n|\n|upkeep\n|\n|t:|1782846567\n|switch|p1a: Volcanion|Volcanion, L79|255/255\n|turn|11\n|inactive|Magikarpitalism has 60 seconds left.\n|\n|t:|1782846592\n|switch|p2a: Iron Bundle|Iron Bundle, L78|187/215\n|move|p1a: Volcanion|Flame Charge|p2a: Iron Bundle\n|-damage|p2a: Iron Bundle|144/215\n|-boost|p1a: Volcanion|spe|1\n|\n|upkeep\n|turn|12\n|\n|t:|1782846603\n|move|p2a: Iron Bundle|Encore|p1a: Volcanion\n|-start|p1a: Volcanion|Encore\n|move|p1a: Volcanion|Flame Charge|p2a: Iron Bundle\n|-damage|p2a: Iron Bundle|101/215\n|-boost|p1a: Volcanion|spe|1\n|\n|upkeep\n|turn|13\n|inactive|Magikarpitalism has 60 seconds left.\n|\n|t:|1782846624\n|switch|p1a: Empoleon|Empoleon, L84, M|79/278\n|-end|p2a: Iron Bundle|Quark Drive|[silent]\n|switch|p2a: Magcargo|Magcargo, L95, M|268/268\n|\n|-heal|p1a: Empoleon|96/278|[from] item: Leftovers\n|upkeep\n|turn|14\n|\n|t:|1782846629\n|switch|p2a: Iron Bundle|Iron Bundle, L78|101/215\n|move|p1a: Empoleon|Roost|p1a: Empoleon\n|-heal|p1a: Empoleon|235/278\n|-singleturn|p1a: Empoleon|move: Roost\n|\n|-heal|p1a: Empoleon|252/278|[from] item: Leftovers\n|upkeep\n|turn|15\n|\n|t:|1782846633\n|switch|p1a: Volcanion|Volcanion, L79|255/255\n|move|p2a: Iron Bundle|Freeze-Dry|p1a: Volcanion\n|-damage|p1a: Volcanion|201/255\n|\n|upkeep\n|turn|16\n|inactive|Magikarpitalism has 60 seconds left.\n|\n|t:|1782846651\n|move|p2a: Iron Bundle|Freeze-Dry|p1a: Volcanion\n|-damage|p1a: Volcanion|146/255\n|move|p1a: Volcanion|Flamethrower|p2a: Iron Bundle\n|-damage|p2a: Iron Bundle|0 fnt\n|faint|p2a: Iron Bundle\n|-end|p2a: Iron Bundle|Quark Drive|[silent]\n|\n|upkeep\n|\n|t:|1782846655\n|switch|p2a: Tauros|Tauros, L82, M|207/257\n|turn|17\n|\n|t:|1782846663\n|move|p2a: Tauros|Earthquake|p1a: Volcanion\n|-supereffective|p1a: Volcanion\n|-damage|p1a: Volcanion|0 fnt\n|faint|p1a: Volcanion\n|-damage|p2a: Tauros|182/257|[from] item: Life Orb\n|\n|upkeep\n|\n|t:|1782846681\n|switch|p1a: Terrakion|Terrakion, L79|273/273\n|turn|18\n|\n|t:|1782846698\n|switch|p2a: Mesprit|Mesprit, L85|214/275\n|-terastallize|p1a: Terrakion|Ground\n|move|p1a: Terrakion|Close Combat|p2a: Mesprit\n|-resisted|p2a: Mesprit\n|-damage|p2a: Mesprit|132/275\n|-unboost|p1a: Terrakion|def|1\n|-unboost|p1a: Terrakion|spd|1\n|-damage|p1a: Terrakion|246/273|[from] item: Life Orb\n|\n|upkeep\n|turn|19\n|\n|t:|1782846707\n|switch|p1a: Empoleon|Empoleon, L84, M|252/278\n|move|p2a: Mesprit|Psychic|p1a: Empoleon\n|-resisted|p1a: Empoleon\n|-damage|p1a: Empoleon|186/278\n|\n|-heal|p1a: Empoleon|203/278|[from] item: Leftovers\n|upkeep\n|turn|20\n|\n|t:|1782846713\n|move|p2a: Mesprit|Psychic|p1a: Empoleon\n|-resisted|p1a: Empoleon\n|-damage|p1a: Empoleon|131/278\n|move|p1a: Empoleon|Surf|p2a: Mesprit\n|-damage|p2a: Mesprit|39/275\n|\n|-heal|p1a: Empoleon|148/278|[from] item: Leftovers\n|upkeep\n|turn|21\n|inactive|Magikarpitalism has 90 seconds left.\n|\n|t:|1782846738\n|switch|p2a: Tauros|Tauros, L82, M|182/257\n|move|p1a: Empoleon|Roost|p1a: Empoleon\n|-heal|p1a: Empoleon|278/278\n|-singleturn|p1a: Empoleon|move: Roost\n|\n|upkeep\n|turn|22\n|\n|t:|1782846745\n|move|p2a: Tauros|Earthquake|p1a: Empoleon\n|-supereffective|p1a: Empoleon\n|-damage|p1a: Empoleon|109/278\n|-damage|p2a: Tauros|157/257|[from] item: Life Orb\n|move|p1a: Empoleon|Knock Off|p2a: Tauros\n|-damage|p2a: Tauros|98/257\n|-enditem|p2a: Tauros|Life Orb|[from] move: Knock Off|[of] p1a: Empoleon\n|\n|-heal|p1a: Empoleon|126/278|[from] item: Leftovers\n|upkeep\n|turn|23\n|\n|t:|1782846749\n|move|p2a: Tauros|Close Combat|p1a: Empoleon\n|-supereffective|p1a: Empoleon\n|-damage|p1a: Empoleon|0 fnt\n|-unboost|p2a: Tauros|def|1\n|-unboost|p2a: Tauros|spd|1\n|faint|p1a: Empoleon\n|\n|upkeep\n|\n|t:|1782846755\n|switch|p1a: Terrakion|Terrakion, L79, tera:Ground|246/273\n|turn|24\n|inactive|Magikarpitalism has 90 seconds left.\n|\n|t:|1782846796\n|switch|p2a: Mesprit|Mesprit, L85|39/275\n|move|p1a: Terrakion|Earthquake|p2a: Mesprit\n|-immune|p2a: Mesprit|[from] ability: Levitate\n|\n|upkeep\n|turn|25\n|\n|t:|1782846800\n|move|p1a: Terrakion|Stone Edge|p2a: Mesprit\n|-damage|p2a: Mesprit|0 fnt\n|faint|p2a: Mesprit\n|-damage|p1a: Terrakion|219/273|[from] item: Life Orb\n|\n|upkeep\n|\n|t:|1782846805\n|switch|p2a: Polteageist|Polteageist-Antique, L78|222/222\n|turn|26\n|\n|t:|1782846812\n|move|p1a: Terrakion|Stone Edge|p2a: Polteageist\n|-damage|p2a: Polteageist|8/222\n|-damage|p1a: Terrakion|192/273|[from] item: Life Orb\n|move|p2a: Polteageist|Shell Smash|p2a: Polteageist\n|-unboost|p2a: Polteageist|def|1\n|-unboost|p2a: Polteageist|spd|1\n|-boost|p2a: Polteageist|atk|2\n|-boost|p2a: Polteageist|spa|2\n|-boost|p2a: Polteageist|spe|2\n|-enditem|p2a: Polteageist|White Herb\n|-clearnegativeboost|p2a: Polteageist|[silent]\n|\n|upkeep\n|turn|27\n|inactive|Magikarpitalism has 90 seconds left.\n|\n|t:|1782846836\n|switch|p1a: Sawsbuck|Sawsbuck, L88, M|284/284\n|move|p2a: Polteageist|Strength Sap|p1a: Sawsbuck\n|-unboost|p1a: Sawsbuck|atk|1\n|-heal|p2a: Polteageist|222/222\n|\n|upkeep\n|turn|28\n|\n|t:|1782846843\n|-terastallize|p2a: Polteageist|Psychic\n|move|p2a: Polteageist|Stored Power|p1a: Sawsbuck\n|-damage|p1a: Sawsbuck|0 fnt\n|faint|p1a: Sawsbuck\n|\n|upkeep\n|-message|SquinkEXE forfeited.\n|\n|win|Magikarpitalism\n|raw|SquinkEXE's rating: 1980 &rarr; <strong>1964</strong><br />(-16 for losing)\n|raw|Magikarpitalism's rating: 2053 &rarr; <strong>2069</strong><br />(+16 for winning)\n|l|\u2606SquinkEXE\n|player|p1|\n", "inputlog": ">version f8ac14003a5f27e1bdc8d8c59608a773c1cb96e5\n>start {\"formatid\":\"gen9randombattle\",\"seed\":\"sodium,46ccd364dca6cf1077f11f28636eaa59\",\"rated\":\"Rated battle\"}\n>player p1 {\"name\":\"SquinkEXE\",\"avatar\":\"youngster-gen4dp\",\"rating\":1980,\"seed\":\"sodium,5694c73d3bb20cb69b8b0ad1c934e47a\"}\n>player p2 {\"name\":\"Magikarpitalism\",\"avatar\":\"steven\",\"rating\":2076,\"seed\":\"sodium,3bf1dfde80aaf83c353399e0d557f72b\"}\n>p1 switch 3\n>p2 move closecombat\n>p1 switch 6\n>p2 move earthquake\n>p1 move gigadrain\n>p2 switch 4\n>p1 move toxic\n>p2 move quiverdance\n>p1 switch 4\n>p2 move hurricane\n>p1 move mysticalfire\n>p2 move hurricane\n>p2 switch 4\n>p1 move nuzzle\n>p2 move bodyslam\n>p1 switch 4\n>p1 move rapidspin\n>p2 switch 5\n>p1 move gigadrain\n>p2 switch 3\n>p1 move toxic\n>p2 move icebeam\n>p1 switch 2\n>p1 move flamecharge\n>p2 switch 3\n>p1 move flamecharge\n>p2 move encore\n>p1 switch 6\n>p2 switch 2\n>p1 move roost\n>p2 switch 2\n>p1 switch 6\n>p2 move freezedry\n>p1 move flamethrower\n>p2 move freezedry\n>p2 switch 5\n>p1 move steameruption\n>p2 move earthquake\n>p1 switch 5\n>p1 move closecombat terastallize\n>p2 switch 3\n>p1 switch 6\n>p2 move psychic\n>p1 move surf\n>p2 move psychic\n>p1 move roost\n>p2 switch 3\n>p1 move knockoff\n>p2 move earthquake\n>p1 move roost\n>p2 move closecombat\n>p1 switch 6\n>p1 move earthquake\n>p2 switch 3\n>p1 move stoneedge\n>p2 move icebeam\n>p2 switch 6\n>p1 move stoneedge\n>p2 move shellsmash\n>p1 switch 3\n>p2 move strengthsap\n>p1 move swordsdance\n>p2 move storedpower terastallize\n>forcelose p1", "uploadtime": 1782846847, "views": 6, "formatid": "gen9randombattle", "rating": 1964, "private": 0, "password": null, "player_dets": [{"name": "SquinkEXE", "avatar": "youngster-gen4dp", "rating": 1980, "seed": "sodium,5694c73d3bb20cb69b8b0ad1c934e47a"}, {"name": "Magikarpitalism", "avatar": "steven", "rating": 2076, "seed": "sodium,3bf1dfde80aaf83c353399e0d557f72b"}], "teams_full": [{"Sawsbuck": {"name": "Sawsbuck", "species": "Sawsbuck", "speciesId": "sawsbuck", "gender": "M", "shiny": false, "level": 88, "moves": ["highhorsepower", "hornleech", "swordsdance", "headbutt"], "ability": "Serene Grace", "evs": {"hp": 85, "atk": 85, "def": 85, "spa": 85, "spd": 85, "spe": 85}, "ivs": {"hp": 31, "atk": 31, "def": 31, "spa": 31, "spd": 31, "spe": 31}, "item": "Life Orb", "teraType": "Normal", "role": "Fast Attacker", "bvs": {"hp": 80, "atk": 100, "def": 70, "spa": 60, "spd": 70, "spe": 95}, "stats": {"hp": 284, "atk": 226, "def": 173, "spa": 156, "spd": 173, "spe": 217}, "types": ["Normal", "Grass"]}, "Volcanion": {"name": "Volcanion", "species": "Volcanion", "speciesId": "volcanion", "gender": "N", "shiny": false, "level": 79, "moves": ["flamecharge", "steameruption", "earthpower", "flamethrower"], "ability": "Water Absorb", "evs": {"hp": 81, "atk": 85, "def": 85, "spa": 85, "spd": 85, "spe": 85}, "ivs": {"hp": 31, "atk": 31, "def": 31, "spa": 31, "spd": 31, "spe": 31}, "item": "Assault Vest", "teraType": "Ground", "role": "Bulky Attacker", "bvs": {"hp": 80, "atk": 110, "def": 120, "spa": 130, "spd": 90, "spe": 70}, "stats": {"hp": 255, "atk": 219, "def": 235, "spa": 251, "spd": 188, "spe": 156}, "types": ["Fire", "Water"]}, "Empoleon": {"name": "Empoleon", "species": "Empoleon", "speciesId": "empoleon", "gender": "M", "shiny": false, "level": 84, "moves": ["roost", "knockoff", "icebeam", "surf"], "ability": "Competitive", "evs": {"hp": 85, "atk": 85, "def": 85, "spa": 85, "spd": 85, "spe": 85}, "ivs": {"hp": 31, "atk": 31, "def": 31, "spa": 31, "spd": 31, "spe": 31}, "item": "Leftovers", "teraType": "Grass", "role": "Bulky Support", "bvs": {"hp": 84, "atk": 86, "def": 88, "spa": 111, "spd": 101, "spe": 60}, "stats": {"hp": 278, "atk": 193, "def": 196, "spa": 235, "spd": 218, "spe": 149}, "types": ["Water", "Steel"]}, "Hatterene": {"name": "Hatterene", "species": "Hatterene", "speciesId": "hatterene", "gender": "F", "shiny": false, "level": 85, "moves": ["nuzzle", "psychic", "drainingkiss", "mysticalfire"], "ability": "Magic Bounce", "evs": {"hp": 85, "atk": 85, "def": 85, "spa": 85, "spd": 85, "spe": 85}, "ivs": {"hp": 31, "atk": 31, "def": 31, "spa": 31, "spd": 31, "spe": 31}, "item": "Assault Vest", "teraType": "Steel", "role": "AV Pivot", "bvs": {"hp": 57, "atk": 90, "def": 95, "spa": 136, "spd": 103, "spe": 29}, "stats": {"hp": 236, "atk": 202, "def": 210, "spa": 280, "spd": 224, "spe": 98}, "types": ["Psychic", "Fairy"]}, "Terrakion": {"name": "Terrakion", "species": "Terrakion", "speciesId": "terrakion", "gender": "N", "shiny": false, "level": 79, "moves": ["closecombat", "swordsdance", "stoneedge", "earthquake"], "ability": "Justified", "evs": {"hp": 85, "atk": 85, "def": 85, "spa": 85, "spd": 85, "spe": 85}, "ivs": {"hp": 31, "atk": 31, "def": 31, "spa": 31, "spd": 31, "spe": 31}, "item": "Life Orb", "teraType": "Ground", "role": "Setup Sweeper", "bvs": {"hp": 91, "atk": 129, "def": 90, "spa": 72, "spd": 90, "spe": 108}, "stats": {"hp": 273, "atk": 249, "def": 188, "spa": 159, "spd": 188, "spe": 216}, "types": ["Rock", "Fighting"]}, "Toedscruel": {"name": "Toedscruel", "species": "Toedscruel", "speciesId": "toedscruel", "gender": "F", "shiny": false, "level": 87, "moves": ["toxic", "gigadrain", "earthpower", "rapidspin"], "ability": "Mycelium Might", "evs": {"hp": 85, "atk": 85, "def": 85, "spa": 85, "spd": 85, "spe": 85}, "ivs": {"hp": 31, "atk": 31, "def": 31, "spa": 31, "spd": 31, "spe": 31}, "item": "Leftovers", "teraType": "Water", "role": "Bulky Support", "bvs": {"hp": 80, "atk": 70, "def": 65, "spa": 80, "spd": 120, "spe": 100}, "stats": {"hp": 281, "atk": 172, "def": 163, "spa": 189, "spd": 259, "spe": 224}, "types": ["Ground", "Grass"]}}, {"Tauros": {"name": "Tauros", "species": "Tauros", "speciesId": "tauros", "gender": "M", "shiny": false, "level": 82, "moves": ["bodyslam", "earthquake", "closecombat", "throatchop"], "ability": "Sheer Force", "evs": {"hp": 85, "atk": 85, "def": 85, "spa": 85, "spd": 85, "spe": 85}, "ivs": {"hp": 31, "atk": 31, "def": 31, "spa": 31, "spd": 31, "spe": 31}, "item": "Life Orb", "teraType": "Ground", "role": "Fast Attacker", "bvs": {"hp": 75, "atk": 100, "def": 95, "spa": 40, "spd": 70, "spe": 110}, "stats": {"hp": 257, "atk": 211, "def": 203, "spa": 113, "spd": 162, "spe": 228}, "types": ["Normal"]}, "Magcargo": {"name": "Magcargo", "species": "Magcargo", "speciesId": "magcargo", "gender": "M", "shiny": false, "level": 95, "moves": ["shellsmash", "fireblast", "earthpower", "powergem"], "ability": "Weak Armor", "evs": {"hp": 85, "atk": 0, "def": 85, "spa": 85, "spd": 85, "spe": 85}, "ivs": {"hp": 31, "atk": 0, "def": 31, "spa": 31, "spd": 31, "spe": 31}, "item": "Heavy-Duty Boots", "teraType": "Dragon", "role": "Setup Sweeper", "bvs": {"hp": 60, "atk": 50, "def": 120, "spa": 90, "spd": 80, "spe": 30}, "stats": {"hp": 268, "atk": 100, "def": 282, "spa": 225, "spd": 206, "spe": 111}, "types": ["Fire", "Rock"]}, "Mesprit": {"name": "Mesprit", "species": "Mesprit", "speciesId": "mesprit", "gender": "N", "shiny": false, "level": 85, "moves": ["dazzlinggleam", "icebeam", "psychic", "shadowball"], "ability": "Levitate", "evs": {"hp": 85, "atk": 0, "def": 85, "spa": 85, "spd": 85, "spe": 85}, "ivs": {"hp": 31, "atk": 0, "def": 31, "spa": 31, "spd": 31, "spe": 31}, "item": "Choice Specs", "teraType": "Fairy", "role": "Fast Attacker", "bvs": {"hp": 80, "atk": 105, "def": 105, "spa": 105, "spd": 105, "spe": 80}, "stats": {"hp": 275, "atk": 183, "def": 227, "spa": 227, "spd": 227, "spe": 185}, "types": ["Psychic"]}, "Vivillon": {"name": "Vivillon", "species": "Vivillon-River", "speciesId": "vivillon", "gender": "F", "shiny": false, "level": 83, "moves": ["sleeppowder", "hurricane", "terablast", "quiverdance"], "ability": "Compound Eyes", "evs": {"hp": 85, "atk": 0, "def": 85, "spa": 85, "spd": 85, "spe": 85}, "ivs": {"hp": 31, "atk": 0, "def": 31, "spa": 31, "spd": 31, "spe": 31}, "item": "Heavy-Duty Boots", "teraType": "Ground", "role": "Tera Blast user", "bvs": {"hp": 80, "atk": 52, "def": 50, "spa": 90, "spd": 50, "spe": 89}, "stats": {"hp": 268, "atk": 91, "def": 131, "spa": 197, "spd": 131, "spe": 195}, "types": ["Bug", "Flying"]}, "Iron Bundle": {"name": "Iron Bundle", "species": "Iron Bundle", "speciesId": "ironbundle", "gender": "N", "shiny": false, "level": 78, "moves": ["icebeam", "freezedry", "encore", "hydropump"], "ability": "Quark Drive", "evs": {"hp": 85, "atk": 0, "def": 85, "spa": 85, "spd": 85, "spe": 85}, "ivs": {"hp": 31, "atk": 0, "def": 31, "spa": 31, "spd": 31, "spe": 31}, "item": "Heavy-Duty Boots", "teraType": "Ice", "role": "Fast Attacker", "bvs": {"hp": 56, "atk": 80, "def": 114, "spa": 124, "spd": 60, "spe": 136}, "stats": {"hp": 215, "atk": 129, "def": 223, "spa": 239, "spd": 139, "spe": 257}, "types": ["Ice", "Water"]}, "Polteageist": {"name": "Polteageist", "species": "Polteageist-Antique", "speciesId": "polteageist", "gender": "N", "shiny": false, "level": 78, "moves": ["shellsmash", "shadowball", "strengthsap", "storedpower"], "ability": "Cursed Body", "evs": {"hp": 85, "atk": 0, "def": 85, "spa": 85, "spd": 85, "spe": 85}, "ivs": {"hp": 31, "atk": 0, "def": 31, "spa": 31, "spd": 31, "spe": 31}, "item": "White Herb", "teraType": "Psychic", "role": "Setup Sweeper", "bvs": {"hp": 60, "atk": 65, "def": 65, "spa": 134, "spd": 114, "spe": 70}, "stats": {"hp": 222, "atk": 106, "def": 146, "spa": 254, "spd": 223, "spe": 154}, "types": ["Ghost"]}}]}