{"id": "gen9randombattle-2642186234", "format": "[Gen 9] Random Battle", "players": ["marmiteman", "Dexele"], "log": "|j|\u2606marmiteman\n|j|\u2606Dexele\n|t:|1782907539\n|gametype|singles\n|player|p1|marmiteman|ethan|1848\n|player|p2|Dexele|2|1923\n|gen|9\n|tier|[Gen 9] Random Battle\n|rated|\n|rule|Species Clause: Limit one of each Pok\u00e9mon\n|rule|HP Percentage Mod: HP is shown in percentages\n|rule|Sleep Clause Mod: Limit one foe put to sleep\n|rule|Illusion Level Mod: Illusion disguises the Pok\u00e9mon's true level\n|\n|t:|1782907539\n|teamsize|p1|6\n|teamsize|p2|6\n|start\n|switch|p1a: Arcanine|Arcanine, L84, F|288/288\n|switch|p2a: Iron Treads|Iron Treads, L77|265/265\n|-ability|p1a: Arcanine|Intimidate|boost\n|-unboost|p2a: Iron Treads|atk|1\n|turn|1\n|\n|t:|1782907561\n|-end|p2a: Iron Treads|Quark Drive|[silent]\n|switch|p2a: Armarouge|Armarouge, L80, M|267/267\n|move|p1a: Arcanine|Will-O-Wisp|p2a: Armarouge|[miss]\n|-miss|p1a: Arcanine|p2a: Armarouge\n|\n|upkeep\n|turn|2\n|\n|t:|1782907576\n|switch|p1a: Toedscruel|Toedscruel, L87, M|281/281\n|move|p2a: Armarouge|Aura Sphere|p1a: Toedscruel\n|-damage|p1a: Toedscruel|214/281\n|\n|-heal|p1a: Toedscruel|231/281|[from] item: Leftovers\n|upkeep\n|turn|3\n|\n|t:|1782907583\n|switch|p1a: Heatran|Heatran, L79, M|273/273\n|-item|p1a: Heatran|Air Balloon\n|switch|p2a: Spidops|Spidops, L96, M|271/271\n|\n|upkeep\n|turn|4\n|\n|t:|1782907587\n|switch|p2a: Tauros|Tauros-Paldea-Aqua, L81, M|252/252\n|move|p1a: Heatran|Magma Storm|p2a: Tauros\n|-resisted|p2a: Tauros\n|-damage|p2a: Tauros|181/252\n|-activate|p2a: Tauros|move: Magma Storm|[of] p1a: Heatran\n|\n|-damage|p2a: Tauros|150/252|[from] move: Magma Storm|[partiallytrapped]\n|upkeep\n|turn|5\n|\n|t:|1782907597\n|switch|p1a: Espathra|Espathra, L80, M|283/283\n|move|p2a: Tauros|Close Combat|p1a: Espathra\n|-resisted|p1a: Espathra\n|-damage|p1a: Espathra|188/283\n|-unboost|p2a: Tauros|def|1\n|-unboost|p2a: Tauros|spd|1\n|\n|-end|p2a: Tauros|Magma Storm|[partiallytrapped]|[silent]\n|upkeep\n|turn|6\n|\n|t:|1782907603\n|switch|p2a: Iron Treads|Iron Treads, L77|265/265\n|move|p1a: Espathra|U-turn|p2a: Iron Treads\n|-resisted|p2a: Iron Treads\n|-damage|p2a: Iron Treads|250/265\n|\n|t:|1782907605\n|switch|p1a: Arcanine|Arcanine, L84, F|288/288|[from] U-turn\n|-ability|p1a: Arcanine|Intimidate|boost\n|-unboost|p2a: Iron Treads|atk|1\n|\n|-heal|p2a: Iron Treads|265/265|[from] item: Leftovers\n|upkeep\n|turn|7\n|\n|t:|1782907617\n|switch|p1a: Greninja|Greninja, L80, M|246/246\n|move|p2a: Iron Treads|Stealth Rock|p1a: Greninja\n|-sidestart|p1: marmiteman|move: Stealth Rock\n|\n|upkeep\n|turn|8\n|\n|t:|1782907622\n|-end|p2a: Iron Treads|Quark Drive|[silent]\n|switch|p2a: Tauros|Tauros-Paldea-Aqua, L81, M|150/252\n|move|p1a: Greninja|Hydro Pump|p2a: Tauros\n|-resisted|p2a: Tauros\n|-damage|p2a: Tauros|59/252\n|-enditem|p2a: Tauros|Sitrus Berry|[eat]\n|-heal|p2a: Tauros|122/252|[from] item: Sitrus Berry\n|-damage|p1a: Greninja|222/246|[from] item: Life Orb\n|\n|upkeep\n|turn|9\n|\n|t:|1782907630\n|move|p1a: Greninja|Gunk Shot|p2a: Tauros\n|-damage|p2a: Tauros|32/252\n|-damage|p1a: Greninja|198/246|[from] item: Life Orb\n|move|p2a: Tauros|Liquidation|p1a: Greninja\n|-resisted|p1a: Greninja\n|-damage|p1a: Greninja|142/246\n|-unboost|p1a: Greninja|def|1\n|\n|-activate|p2a: Tauros|ability: Cud Chew\n|-enditem|p2a: Tauros|Sitrus Berry|[eat]\n|-heal|p2a: Tauros|95/252|[from] item: Sitrus Berry\n|upkeep\n|turn|10\n|\n|t:|1782907652\n|switch|p1a: Toedscruel|Toedscruel, L87, M|231/281\n|-damage|p1a: Toedscruel|214/281|[from] Stealth Rock\n|move|p2a: Tauros|Close Combat|p1a: Toedscruel\n|-damage|p1a: Toedscruel|54/281\n|-unboost|p2a: Tauros|def|1\n|-unboost|p2a: Tauros|spd|1\n|\n|-heal|p1a: Toedscruel|71/281|[from] item: Leftovers\n|upkeep\n|turn|11\n|\n|t:|1782907661\n|switch|p2a: Armarouge|Armarouge, L80, M|267/267\n|move|p1a: Toedscruel|Rapid Spin|p2a: Armarouge\n|-damage|p2a: Armarouge|238/267\n|-boost|p1a: Toedscruel|spe|1\n|-ability|p2a: Armarouge|Weak Armor|boost\n|-unboost|p2a: Armarouge|def|1\n|-boost|p2a: Armarouge|spe|2\n|-sideend|p1: marmiteman|Stealth Rock|[from] move: Rapid Spin|[of] p1a: Toedscruel\n|\n|-heal|p1a: Toedscruel|88/281|[from] item: Leftovers\n|upkeep\n|turn|12\n|\n|t:|1782907669\n|move|p1a: Toedscruel|Earth Power|p2a: Armarouge\n|-supereffective|p2a: Armarouge\n|-damage|p2a: Armarouge|46/267\n|move|p2a: Armarouge|Armor Cannon|p1a: Toedscruel\n|-supereffective|p1a: Toedscruel\n|-damage|p1a: Toedscruel|0 fnt\n|-unboost|p2a: Armarouge|def|1\n|-unboost|p2a: Armarouge|spd|1\n|faint|p1a: Toedscruel\n|\n|upkeep\n|\n|t:|1782907676\n|switch|p1a: Arcanine|Arcanine, L84, F|288/288\n|-ability|p1a: Arcanine|Intimidate|boost\n|-unboost|p2a: Armarouge|atk|1\n|turn|13\n|\n|t:|1782907681\n|switch|p2a: Exeggutor|Exeggutor-Alola, L89, F|314/314\n|move|p1a: Arcanine|Extreme Speed|p2a: Exeggutor\n|-damage|p2a: Exeggutor|250/314\n|\n|upkeep\n|turn|14\n|\n|t:|1782907690\n|switch|p1a: Heatran|Heatran, L79, M|273/273\n|-item|p1a: Heatran|Air Balloon\n|move|p2a: Exeggutor|Knock Off|p1a: Heatran\n|-damage|p1a: Heatran|196/273\n|-enditem|p1a: Heatran|Air Balloon\n|\n|upkeep\n|turn|15\n|\n|t:|1782907697\n|switch|p2a: Iron Boulder|Iron Boulder, L77|265/265\n|move|p1a: Heatran|Magma Storm|p2a: Iron Boulder\n|-resisted|p2a: Iron Boulder\n|-damage|p2a: Iron Boulder|211/265\n|-activate|p2a: Iron Boulder|move: Magma Storm|[of] p1a: Heatran\n|\n|-damage|p2a: Iron Boulder|178/265|[from] move: Magma Storm|[partiallytrapped]\n|upkeep\n|turn|16\n|\n|t:|1782907704\n|switch|p1a: Arcanine|Arcanine, L84, F|288/288\n|-ability|p1a: Arcanine|Intimidate|boost\n|-unboost|p2a: Iron Boulder|atk|1\n|move|p2a: Iron Boulder|Close Combat|p1a: Arcanine\n|-damage|p1a: Arcanine|209/288\n|-unboost|p2a: Iron Boulder|def|1\n|-unboost|p2a: Iron Boulder|spd|1\n|-damage|p2a: Iron Boulder|152/265|[from] item: Life Orb\n|\n|-end|p2a: Iron Boulder|Magma Storm|[partiallytrapped]|[silent]\n|upkeep\n|turn|17\n|\n|t:|1782907710\n|-end|p2a: Iron Boulder|Quark Drive|[silent]\n|switch|p2a: Armarouge|Armarouge, L80, M|46/267\n|move|p1a: Arcanine|Will-O-Wisp|p2a: Armarouge\n|-immune|p2a: Armarouge\n|\n|upkeep\n|turn|18\n|\n|t:|1782907715\n|move|p1a: Arcanine|Extreme Speed|p2a: Armarouge\n|-damage|p2a: Armarouge|0 fnt\n|faint|p2a: Armarouge\n|\n|upkeep\n|\n|t:|1782907726\n|switch|p2a: Iron Treads|Iron Treads, L77|265/265\n|turn|19\n|\n|t:|1782907735\n|switch|p1a: Honchkrow|Honchkrow, L86, M|312/312\n|move|p2a: Iron Treads|Earthquake|p1a: Honchkrow\n|-immune|p1a: Honchkrow\n|\n|upkeep\n|turn|20\n|\n|t:|1782907742\n|move|p2a: Iron Treads|Iron Head|p1a: Honchkrow\n|-damage|p1a: Honchkrow|209/312\n|move|p1a: Honchkrow|Heat Wave|p2a: Iron Treads\n|-supereffective|p2a: Iron Treads\n|-damage|p2a: Iron Treads|69/265\n|-status|p2a: Iron Treads|brn\n|\n|-heal|p2a: Iron Treads|85/265 brn|[from] item: Leftovers\n|-damage|p2a: Iron Treads|69/265 brn|[from] brn\n|upkeep\n|turn|21\n|\n|t:|1782907754\n|move|p2a: Iron Treads|Stealth Rock|p1a: Honchkrow\n|-sidestart|p1: marmiteman|move: Stealth Rock\n|move|p1a: Honchkrow|Heat Wave|p2a: Iron Treads\n|-supereffective|p2a: Iron Treads\n|-damage|p2a: Iron Treads|0 fnt\n|faint|p2a: Iron Treads\n|-end|p2a: Iron Treads|Quark Drive|[silent]\n|-ability|p1a: Honchkrow|Moxie|boost\n|-boost|p1a: Honchkrow|atk|1\n|\n|upkeep\n|\n|t:|1782907756\n|switch|p2a: Iron Boulder|Iron Boulder, L77|152/265\n|turn|22\n|\n|t:|1782907761\n|-terastallize|p2a: Iron Boulder|Fighting\n|move|p2a: Iron Boulder|Swords Dance|p2a: Iron Boulder\n|-boost|p2a: Iron Boulder|atk|2\n|move|p1a: Honchkrow|U-turn|p2a: Iron Boulder\n|-resisted|p2a: Iron Boulder\n|-damage|p2a: Iron Boulder|95/265\n|\n|t:|1782907767\n|switch|p1a: Greninja|Greninja, L80, M|142/246|[from] U-turn\n|-damage|p1a: Greninja|112/246|[from] Stealth Rock\n|\n|upkeep\n|turn|23\n|\n|t:|1782907777\n|move|p1a: Greninja|Hydro Pump|p2a: Iron Boulder\n|-damage|p2a: Iron Boulder|0 fnt\n|faint|p2a: Iron Boulder\n|-end|p2a: Iron Boulder|Quark Drive|[silent]\n|-ability|p1a: Greninja|Battle Bond|boost\n|-boost|p1a: Greninja|atk|1\n|-boost|p1a: Greninja|spa|1\n|-boost|p1a: Greninja|spe|1\n|-activate|p1a: Greninja|ability: Battle Bond\n|-damage|p1a: Greninja|88/246|[from] item: Life Orb\n|\n|upkeep\n|\n|t:|1782907781\n|switch|p2a: Spidops|Spidops, L96, M|271/271\n|turn|24\n|\n|t:|1782907786\n|switch|p1a: Arcanine|Arcanine, L84, F|209/288\n|-ability|p1a: Arcanine|Intimidate|boost\n|-unboost|p2a: Spidops|atk|1\n|move|p2a: Spidops|Circle Throw|p1a: Arcanine\n|-damage|p1a: Arcanine|140/288\n|drag|p1a: Espathra|Espathra, L80, M|188/283\n|-damage|p1a: Espathra|153/283|[from] Stealth Rock\n|\n|upkeep\n|turn|25\n|\n|t:|1782907791\n|move|p1a: Espathra|U-turn|p2a: Spidops\n|-damage|p2a: Spidops|244/271\n|\n|t:|1782907794\n|switch|p1a: Arcanine|Arcanine, L84, F|140/288|[from] U-turn\n|-ability|p1a: Arcanine|Intimidate|boost\n|-unboost|p2a: Spidops|atk|1\n|move|p2a: Spidops|Sticky Web|p1a: Arcanine\n|-sidestart|p1: marmiteman|move: Sticky Web\n|\n|upkeep\n|turn|26\n|\n|t:|1782907798\n|switch|p2a: Exeggutor|Exeggutor-Alola, L89, F|250/314\n|move|p1a: Arcanine|Morning Sun|p1a: Arcanine\n|-heal|p1a: Arcanine|284/288\n|\n|upkeep\n|turn|27\n|\n|t:|1782907802\n|move|p1a: Arcanine|Flare Blitz|p2a: Exeggutor\n|-damage|p2a: Exeggutor|105/314\n|-enditem|p2a: Exeggutor|Sitrus Berry|[eat]\n|-heal|p2a: Exeggutor|183/314|[from] item: Sitrus Berry\n|-damage|p1a: Arcanine|236/288|[from] Recoil\n|move|p2a: Exeggutor|Knock Off|p1a: Arcanine\n|-damage|p1a: Arcanine|144/288\n|-enditem|p1a: Arcanine|Heavy-Duty Boots|[from] move: Knock Off|[of] p2a: Exeggutor\n|\n|-item|p2a: Exeggutor|Sitrus Berry|[from] ability: Harvest\n|upkeep\n|turn|28\n|\n|t:|1782907814\n|switch|p2a: Tauros|Tauros-Paldea-Aqua, L81, M|95/252\n|move|p1a: Arcanine|Morning Sun|p1a: Arcanine\n|-heal|p1a: Arcanine|288/288\n|\n|upkeep\n|turn|29\n|\n|t:|1782907819\n|-terastallize|p1a: Arcanine|Normal\n|move|p1a: Arcanine|Extreme Speed|p2a: Tauros\n|-damage|p2a: Tauros|5/252\n|move|p2a: Tauros|Liquidation|p1a: Arcanine\n|-damage|p1a: Arcanine|188/288\n|\n|upkeep\n|turn|30\n|\n|t:|1782907823\n|switch|p2a: Exeggutor|Exeggutor-Alola, L89, F|183/314\n|move|p1a: Arcanine|Extreme Speed|p2a: Exeggutor\n|-damage|p2a: Exeggutor|93/314\n|-enditem|p2a: Exeggutor|Sitrus Berry|[eat]\n|-heal|p2a: Exeggutor|171/314|[from] item: Sitrus Berry\n|\n|-item|p2a: Exeggutor|Sitrus Berry|[from] ability: Harvest\n|upkeep\n|turn|31\n|\n|t:|1782907839\n|move|p1a: Arcanine|Will-O-Wisp|p2a: Exeggutor\n|-status|p2a: Exeggutor|brn\n|move|p2a: Exeggutor|Wood Hammer|p1a: Arcanine\n|-damage|p1a: Arcanine|102/288\n|-damage|p2a: Exeggutor|143/314 brn|[from] Recoil\n|-enditem|p2a: Exeggutor|Sitrus Berry|[eat]\n|-heal|p2a: Exeggutor|221/314 brn|[from] item: Sitrus Berry\n|\n|-damage|p2a: Exeggutor|202/314 brn|[from] brn\n|-item|p2a: Exeggutor|Sitrus Berry|[from] ability: Harvest\n|upkeep\n|turn|32\n|\n|t:|1782907846\n|move|p1a: Arcanine|Morning Sun|p1a: Arcanine\n|-heal|p1a: Arcanine|246/288\n|move|p2a: Exeggutor|Draco Meteor|p1a: Arcanine\n|-damage|p1a: Arcanine|41/288\n|-unboost|p2a: Exeggutor|spa|2\n|\n|-damage|p2a: Exeggutor|183/314 brn|[from] brn\n|upkeep\n|turn|33\n|\n|t:|1782907855\n|switch|p2a: Tauros|Tauros-Paldea-Aqua, L81, M|5/252\n|move|p1a: Arcanine|Morning Sun|p1a: Arcanine\n|-heal|p1a: Arcanine|185/288\n|\n|upkeep\n|turn|34\n|\n|t:|1782907858\n|switch|p2a: Exeggutor|Exeggutor-Alola, L89, F|183/314 brn\n|move|p1a: Arcanine|Extreme Speed|p2a: Exeggutor\n|-damage|p2a: Exeggutor|99/314 brn\n|-enditem|p2a: Exeggutor|Sitrus Berry|[eat]\n|-heal|p2a: Exeggutor|177/314 brn|[from] item: Sitrus Berry\n|\n|-damage|p2a: Exeggutor|158/314 brn|[from] brn\n|upkeep\n|turn|35\n|\n|t:|1782907863\n|move|p1a: Arcanine|Flare Blitz|p2a: Exeggutor\n|-damage|p2a: Exeggutor|13/314 brn\n|-damage|p1a: Arcanine|137/288|[from] Recoil\n|move|p2a: Exeggutor|Draco Meteor|p1a: Arcanine\n|-damage|p1a: Arcanine|0 fnt\n|-unboost|p2a: Exeggutor|spa|2\n|faint|p1a: Arcanine\n|\n|-damage|p2a: Exeggutor|0 fnt|[from] brn\n|faint|p2a: Exeggutor\n|upkeep\n|\n|t:|1782907879\n|switch|p1a: Honchkrow|Honchkrow, L86, M|209/312\n|switch|p2a: Spidops|Spidops, L96, M|244/271\n|turn|36\n|\n|t:|1782907891\n|move|p1a: Honchkrow|Brave Bird|p2a: Spidops\n|-supereffective|p2a: Spidops\n|-crit|p2a: Spidops\n|-damage|p2a: Spidops|0 fnt\n|faint|p2a: Spidops\n|-ability|p1a: Honchkrow|Moxie|boost\n|-boost|p1a: Honchkrow|atk|1\n|-damage|p1a: Honchkrow|128/312|[from] Recoil\n|\n|upkeep\n|\n|t:|1782907893\n|switch|p2a: Tauros|Tauros-Paldea-Aqua, L81, M|5/252\n|turn|37\n|\n|t:|1782907899\n|move|p1a: Honchkrow|Sucker Punch|p2a: Tauros\n|-resisted|p2a: Tauros\n|-damage|p2a: Tauros|0 fnt\n|faint|p2a: Tauros\n|\n|win|marmiteman\n|raw|marmiteman's rating: 1848 &rarr; <strong>1872</strong><br />(+24 for winning)\n|raw|Dexele's rating: 1923 &rarr; <strong>1899</strong><br />(-24 for losing)\n", "inputlog": ">version f8ac14003a5f27e1bdc8d8c59608a773c1cb96e5\n>start {\"formatid\":\"gen9randombattle\",\"seed\":\"sodium,10e6b257109afb425dafd2e4e13db2cf\",\"rated\":\"Rated battle\"}\n>player p1 {\"name\":\"marmiteman\",\"avatar\":\"ethan\",\"rating\":1848,\"seed\":\"sodium,1174addd1e8fe6c89b4788e9e278808c\"}\n>player p2 {\"name\":\"Dexele\",\"avatar\":\"2\",\"rating\":1923,\"seed\":\"sodium,b6ce6d890334a5071f624187ed0d03e7\"}\n>p1 move willowisp\n>p2 switch 6\n>p1 switch 2\n>p2 move aurasphere\n>p1 switch 4\n>p2 switch 5\n>p1 move magmastorm\n>p2 switch 4\n>p1 switch 5\n>p2 move closecombat\n>p1 move uturn\n>p2 switch 6\n>p1 switch 2\n>p1 switch 3\n>p2 move stealthrock\n>p1 move hydropump\n>p2 switch 6\n>p1 move gunkshot\n>p2 move liquidation\n>p1 switch 4\n>p2 move closecombat\n>p1 move rapidspin\n>p2 switch 5\n>p1 move earthpower\n>p2 move armorcannon\n>p1 switch 3\n>p1 move extremespeed\n>p2 switch 2\n>p1 switch 5\n>p2 move knockoff\n>p1 move magmastorm\n>p2 switch 3\n>p1 switch 5\n>p2 move closecombat\n>p1 move willowisp\n>p2 switch 2\n>p1 move extremespeed\n>p2 move psyshock\n>p2 switch 6\n>p1 switch 6\n>p2 move earthquake\n>p1 move heatwave\n>p2 move ironhead\n>p1 move heatwave\n>p2 move stealthrock\n>p2 switch 2\n>p1 move uturn\n>p2 move swordsdance terastallize\n>p1 switch 4\n>p1 move hydropump\n>p2 move closecombat\n>p2 switch 4\n>p1 switch 6\n>p2 move circlethrow\n>p1 move uturn\n>p2 move stickyweb\n>p1 switch 2\n>p1 move morningsun\n>p2 switch 3\n>p1 move flareblitz\n>p2 move knockoff\n>p1 move morningsun\n>p2 switch 5\n>p1 move extremespeed terastallize\n>p2 move liquidation\n>p1 move extremespeed\n>p2 switch 5\n>p1 move willowisp\n>p2 move woodhammer\n>p1 move morningsun\n>p2 move dracometeor\n>p1 move morningsun\n>p2 switch 5\n>p1 move extremespeed\n>p2 switch 5\n>p1 move flareblitz\n>p2 move dracometeor\n>p1 switch 4\n>p2 switch 3\n>p1 move bravebird\n>p2 move circlethrow\n>p2 switch 5\n>p1 move suckerpunch\n>p2 move closecombat", "uploadtime": 1782907900, "views": 8, "formatid": "gen9randombattle", "rating": 1872, "private": 0, "password": null, "player_dets": [{"name": "marmiteman", "avatar": "ethan", "rating": 1848, "seed": "sodium,1174addd1e8fe6c89b4788e9e278808c"}, {"name": "Dexele", "avatar": "2", "rating": 1923, "seed": "sodium,b6ce6d890334a5071f624187ed0d03e7"}], "teams_full": [{"Arcanine": {"name": "Arcanine", "species": "Arcanine", "speciesId": "arcanine", "gender": "F", "shiny": false, "level": 84, "moves": ["extremespeed", "flareblitz", "morningsun", "willowisp"], "ability": "Intimidate", "evs": {"hp": 85, "atk": 85, "def": 85, "spa": 85, "spd": 85, "spe": 85}, "ivs": {"hp": 31, "atk": 31, "def": 31, "spa": 31, "spd": 31, "spe": 31}, "item": "Heavy-Duty Boots", "teraType": "Normal", "role": "Bulky Attacker", "bvs": {"hp": 90, "atk": 110, "def": 80, "spa": 100, "spd": 80, "spe": 95}, "stats": {"hp": 288, "atk": 233, "def": 183, "spa": 216, "spd": 183, "spe": 208}, "types": ["Fire"]}, "Toedscruel": {"name": "Toedscruel", "species": "Toedscruel", "speciesId": "toedscruel", "gender": "M", "shiny": false, "level": 87, "moves": ["gigadrain", "toxic", "earthpower", "rapidspin"], "ability": "Mycelium Might", "evs": {"hp": 85, "atk": 85, "def": 85, "spa": 85, "spd": 85, "spe": 85}, "ivs": {"hp": 31, "atk": 31, "def": 31, "spa": 31, "spd": 31, "spe": 31}, "item": "Leftovers", "teraType": "Water", "role": "Bulky Support", "bvs": {"hp": 80, "atk": 70, "def": 65, "spa": 80, "spd": 120, "spe": 100}, "stats": {"hp": 281, "atk": 172, "def": 163, "spa": 189, "spd": 259, "spe": 224}, "types": ["Ground", "Grass"]}, "Greninja": {"name": "Greninja", "species": "Greninja-Bond", "speciesId": "greninjabond", "gender": "M", "shiny": false, "level": 80, "moves": ["icebeam", "gunkshot", "darkpulse", "hydropump"], "ability": "Battle Bond", "evs": {"hp": 85, "atk": 85, "def": 85, "spa": 85, "spd": 85, "spe": 85}, "ivs": {"hp": 31, "atk": 31, "def": 31, "spa": 31, "spd": 31, "spe": 31}, "item": "Life Orb", "teraType": "Poison", "role": "Fast Attacker", "bvs": {"hp": 72, "atk": 95, "def": 67, "spa": 103, "spd": 71, "spe": 122}, "stats": {"hp": 246, "atk": 198, "def": 153, "spa": 211, "spd": 160, "spe": 241}, "types": ["Water", "Dark"]}, "Heatran": {"name": "Heatran", "species": "Heatran", "speciesId": "heatran", "gender": "M", "shiny": false, "level": 79, "moves": ["magmastorm", "stealthrock", "heavyslam", "earthpower"], "ability": "Flash Fire", "evs": {"hp": 85, "atk": 85, "def": 85, "spa": 85, "spd": 85, "spe": 85}, "ivs": {"hp": 31, "atk": 31, "def": 31, "spa": 31, "spd": 31, "spe": 31}, "item": "Air Balloon", "teraType": "Flying", "role": "Bulky Support", "bvs": {"hp": 91, "atk": 90, "def": 106, "spa": 130, "spd": 106, "spe": 77}, "stats": {"hp": 273, "atk": 188, "def": 213, "spa": 251, "spd": 213, "spe": 167}, "types": ["Fire", "Steel"]}, "Espathra": {"name": "Espathra", "species": "Espathra", "speciesId": "espathra", "gender": "M", "shiny": false, "level": 80, "moves": ["luminacrash", "shadowball", "dazzlinggleam", "uturn"], "ability": "Speed Boost", "evs": {"hp": 85, "atk": 85, "def": 85, "spa": 85, "spd": 85, "spe": 85}, "ivs": {"hp": 31, "atk": 31, "def": 31, "spa": 31, "spd": 31, "spe": 31}, "item": "Choice Specs", "teraType": "Fairy", "role": "Wallbreaker", "bvs": {"hp": 95, "atk": 60, "def": 60, "spa": 101, "spd": 60, "spe": 105}, "stats": {"hp": 283, "atk": 142, "def": 142, "spa": 208, "spd": 142, "spe": 214}, "types": ["Psychic"]}, "Honchkrow": {"name": "Honchkrow", "species": "Honchkrow", "speciesId": "honchkrow", "gender": "M", "shiny": false, "level": 86, "moves": ["uturn", "bravebird", "heatwave", "suckerpunch"], "ability": "Moxie", "evs": {"hp": 85, "atk": 85, "def": 85, "spa": 85, "spd": 85, "spe": 85}, "ivs": {"hp": 31, "atk": 31, "def": 31, "spa": 31, "spd": 31, "spe": 31}, "item": "Heavy-Duty Boots", "teraType": "Flying", "role": "Fast Attacker", "bvs": {"hp": 100, "atk": 125, "def": 52, "spa": 105, "spd": 52, "spe": 71}, "stats": {"hp": 312, "atk": 264, "def": 139, "spa": 230, "spd": 139, "spe": 171}, "types": ["Dark", "Flying"]}}, {"Iron Treads": {"name": "Iron Treads", "species": "Iron Treads", "speciesId": "irontreads", "gender": "N", "shiny": false, "level": 77, "moves": ["rapidspin", "earthquake", "stealthrock", "ironhead"], "ability": "Quark Drive", "evs": {"hp": 85, "atk": 85, "def": 85, "spa": 85, "spd": 85, "spe": 85}, "ivs": {"hp": 31, "atk": 31, "def": 31, "spa": 31, "spd": 31, "spe": 31}, "item": "Leftovers", "teraType": "Water", "role": "Bulky Support", "bvs": {"hp": 90, "atk": 112, "def": 120, "spa": 72, "spd": 70, "spe": 106}, "stats": {"hp": 265, "atk": 217, "def": 229, "spa": 155, "spd": 152, "spe": 208}, "types": ["Ground", "Steel"]}, "Exeggutor": {"name": "Exeggutor", "species": "Exeggutor-Alola", "speciesId": "exeggutoralola", "gender": "F", "shiny": false, "level": 89, "moves": ["dracometeor", "flamethrower", "knockoff", "woodhammer"], "ability": "Harvest", "evs": {"hp": 85, "atk": 85, "def": 85, "spa": 85, "spd": 85, "spe": 85}, "ivs": {"hp": 31, "atk": 31, "def": 31, "spa": 31, "spd": 31, "spe": 31}, "item": "Sitrus Berry", "teraType": "Fire", "role": "Fast Attacker", "bvs": {"hp": 95, "atk": 105, "def": 85, "spa": 125, "spd": 75, "spe": 45}, "stats": {"hp": 314, "atk": 238, "def": 202, "spa": 273, "spd": 184, "spe": 131}, "types": ["Grass", "Dragon"]}, "Iron Boulder": {"name": "Iron Boulder", "species": "Iron Boulder", "speciesId": "ironboulder", "gender": "N", "shiny": false, "level": 77, "moves": ["zenheadbutt", "swordsdance", "mightycleave", "closecombat"], "ability": "Quark Drive", "evs": {"hp": 85, "atk": 85, "def": 85, "spa": 85, "spd": 85, "spe": 85}, "ivs": {"hp": 31, "atk": 31, "def": 31, "spa": 31, "spd": 31, "spe": 31}, "item": "Life Orb", "teraType": "Fighting", "role": "Setup Sweeper", "bvs": {"hp": 90, "atk": 120, "def": 80, "spa": 68, "spd": 108, "spe": 124}, "stats": {"hp": 265, "atk": 229, "def": 168, "spa": 149, "spd": 211, "spe": 236}, "types": ["Rock", "Psychic"]}, "Tauros": {"name": "Tauros", "species": "Tauros-Paldea-Aqua", "speciesId": "taurospaldeaaqua", "gender": "M", "shiny": false, "level": 81, "moves": ["bulkup", "substitute", "liquidation", "closecombat"], "ability": "Cud Chew", "evs": {"hp": 73, "atk": 85, "def": 85, "spa": 85, "spd": 85, "spe": 85}, "ivs": {"hp": 31, "atk": 31, "def": 31, "spa": 31, "spd": 31, "spe": 31}, "item": "Sitrus Berry", "teraType": "Water", "role": "Fast Bulky Setup", "bvs": {"hp": 75, "atk": 110, "def": 105, "spa": 30, "spd": 70, "spe": 100}, "stats": {"hp": 252, "atk": 225, "def": 217, "spa": 95, "spd": 160, "spe": 209}, "types": ["Fighting", "Water"]}, "Spidops": {"name": "Spidops", "species": "Spidops", "speciesId": "spidops", "gender": "M", "shiny": false, "level": 96, "moves": ["stickyweb", "circlethrow", "toxicspikes", "spikes"], "ability": "Stakeout", "evs": {"hp": 85, "atk": 85, "def": 85, "spa": 85, "spd": 85, "spe": 85}, "ivs": {"hp": 31, "atk": 31, "def": 31, "spa": 31, "spd": 31, "spe": 31}, "item": "Heavy-Duty Boots", "teraType": "Ghost", "role": "Bulky Support", "bvs": {"hp": 60, "atk": 79, "def": 92, "spa": 52, "spd": 86, "spe": 35}, "stats": {"hp": 271, "atk": 206, "def": 231, "spa": 154, "spd": 220, "spe": 122}, "types": ["Bug"]}, "Armarouge": {"name": "Armarouge", "species": "Armarouge", "speciesId": "armarouge", "gender": "M", "shiny": false, "level": 80, "moves": ["energyball", "aurasphere", "armorcannon", "psyshock"], "ability": "Weak Armor", "evs": {"hp": 85, "atk": 0, "def": 85, "spa": 85, "spd": 85, "spe": 85}, "ivs": {"hp": 31, "atk": 0, "def": 31, "spa": 31, "spd": 31, "spe": 31}, "item": "Choice Specs", "teraType": "Fire", "role": "Wallbreaker", "bvs": {"hp": 85, "atk": 60, "def": 100, "spa": 125, "spd": 80, "spe": 75}, "stats": {"hp": 267, "atk": 101, "def": 206, "spa": 246, "spd": 174, "spe": 166}, "types": ["Fire", "Psychic"]}}]}