{"id": "gen9randombattle-2642130980", "format": "[Gen 9] Random Battle", "players": ["Eragonix", "testbotcif"], "log": "|j|\u2606Eragonix\n|j|\u2606testbotcif\n|t:|1782896604\n|gametype|singles\n|player|p1|Eragonix|rocketgruntf|1312\n|player|p2|testbotcif|1|1256\n|gen|9\n|tier|[Gen 9] Random Battle\n|rated|\n|rule|Species Clause: Limit one of each Pok\u00e9mon\n|rule|HP Percentage Mod: HP is shown in percentages\n|rule|Sleep Clause Mod: Limit one foe put to sleep\n|rule|Illusion Level Mod: Illusion disguises the Pok\u00e9mon's true level\n|\n|t:|1782896604\n|teamsize|p1|6\n|teamsize|p2|6\n|start\n|switch|p1a: Dragalge|Dragalge, L88, F|258/258\n|switch|p2a: Clawitzer|Clawitzer, L87, M|265/265\n|turn|1\n|c|\u2606testbotcif|rlhf\n|inactive|Battle timer is ON: inactive players will automatically lose when time's up. (requested by testbotcif)\n|inactive|Eragonix has 120 seconds left.\n|\n|t:|1782896639\n|switch|p1a: Vikavolt|Vikavolt, L83, F|263/263\n|move|p2a: Clawitzer|Dragon Pulse|p1a: Vikavolt\n|-crit|p1a: Vikavolt\n|-damage|p1a: Vikavolt|78/263\n|\n|upkeep\n|turn|2\n|\n|t:|1782896649\n|move|p2a: Clawitzer|Water Pulse|p1a: Vikavolt\n|-damage|p1a: Vikavolt|0 fnt\n|faint|p1a: Vikavolt\n|\n|upkeep\n|\n|t:|1782896656\n|switch|p1a: Sinistcha|Sinistcha, L83|254/254\n|turn|3\n|\n|t:|1782896672\n|move|p1a: Sinistcha|Matcha Gotcha|p2a: Clawitzer\n|-supereffective|p2a: Clawitzer\n|-damage|p2a: Clawitzer|127/265\n|-status|p2a: Clawitzer|brn\n|move|p2a: Clawitzer|Dragon Pulse|p1a: Sinistcha\n|-damage|p1a: Sinistcha|139/254\n|\n|-heal|p1a: Sinistcha|154/254|[from] item: Leftovers\n|-damage|p2a: Clawitzer|111/265 brn|[from] brn\n|upkeep\n|turn|4\n|\n|t:|1782896686\n|move|p1a: Sinistcha|Matcha Gotcha|p2a: Clawitzer\n|-supereffective|p2a: Clawitzer\n|-damage|p2a: Clawitzer|0 fnt\n|-heal|p1a: Sinistcha|210/254|[from] drain|[of] p2a: Clawitzer\n|faint|p2a: Clawitzer\n|\n|-heal|p1a: Sinistcha|225/254|[from] item: Leftovers\n|upkeep\n|\n|t:|1782896686\n|switch|p2a: Iron Moth|Iron Moth, L78|253/253\n|turn|5\n|\n|t:|1782896702\n|switch|p1a: Dragalge|Dragalge, L88, F|258/258\n|move|p2a: Iron Moth|Toxic Spikes|p1a: Dragalge\n|-sidestart|p1: Eragonix|move: Toxic Spikes\n|\n|upkeep\n|turn|6\n|\n|t:|1782896721\n|-end|p2a: Iron Moth|Quark Drive|[silent]\n|switch|p2a: Iron Crown|Iron Crown, L78|268/268\n|move|p1a: Dragalge|Sludge Wave|p2a: Iron Crown\n|-immune|p2a: Iron Crown\n|\n|upkeep\n|turn|7\n|inactive|Eragonix has 120 seconds left.\n|\n|t:|1782896745\n|move|p2a: Iron Crown|Calm Mind|p2a: Iron Crown\n|-boost|p2a: Iron Crown|spa|1\n|-boost|p2a: Iron Crown|spd|1\n|move|p1a: Dragalge|Focus Blast|p2a: Iron Crown\n|-damage|p2a: Iron Crown|205/268\n|\n|-heal|p2a: Iron Crown|221/268|[from] item: Leftovers\n|upkeep\n|turn|8\n|inactive|Eragonix has 120 seconds left.\n|\n|t:|1782896761\n|move|p2a: Iron Crown|Calm Mind|p2a: Iron Crown\n|-boost|p2a: Iron Crown|spa|1\n|-boost|p2a: Iron Crown|spd|1\n|move|p1a: Dragalge|Focus Blast|p2a: Iron Crown\n|-damage|p2a: Iron Crown|179/268\n|-unboost|p2a: Iron Crown|spd|1\n|\n|-heal|p2a: Iron Crown|195/268|[from] item: Leftovers\n|upkeep\n|turn|9\n|inactive|Eragonix has 120 seconds left.\n|\n|t:|1782896772\n|switch|p1a: Okidogi|Okidogi, L77, M|262/262\n|-sideend|p1: Eragonix|move: Toxic Spikes|[of] p1a: Okidogi\n|move|p2a: Iron Crown|Calm Mind|p2a: Iron Crown\n|-boost|p2a: Iron Crown|spa|1\n|-boost|p2a: Iron Crown|spd|1\n|\n|-heal|p2a: Iron Crown|211/268|[from] item: Leftovers\n|upkeep\n|turn|10\n|inactive|Eragonix has 120 seconds left.\n|\n|t:|1782896781\n|-terastallize|p1a: Okidogi|Dark\n|move|p2a: Iron Crown|Psyshock|p1a: Okidogi\n|-immune|p1a: Okidogi\n|move|p1a: Okidogi|Knock Off|p2a: Iron Crown\n|-supereffective|p2a: Iron Crown\n|-damage|p2a: Iron Crown|0 fnt\n|-enditem|p2a: Iron Crown|Leftovers|[from] move: Knock Off|[of] p1a: Okidogi\n|faint|p2a: Iron Crown\n|-end|p2a: Iron Crown|Quark Drive|[silent]\n|\n|upkeep\n|\n|t:|1782896781\n|switch|p2a: Volcanion|Volcanion, L79|256/256\n|turn|11\n|\n|t:|1782896796\n|move|p1a: Okidogi|Knock Off|p2a: Volcanion\n|-damage|p2a: Volcanion|174/256\n|-enditem|p2a: Volcanion|Heavy-Duty Boots|[from] move: Knock Off|[of] p1a: Okidogi\n|move|p2a: Volcanion|Flamethrower|p1a: Okidogi\n|-damage|p1a: Okidogi|187/262\n|\n|upkeep\n|turn|12\n|\n|t:|1782896806\n|move|p1a: Okidogi|Drain Punch|p2a: Volcanion\n|-damage|p2a: Volcanion|105/256\n|-heal|p1a: Okidogi|222/262|[from] drain|[of] p2a: Volcanion\n|-status|p2a: Volcanion|tox|[from] ability: Toxic Chain|[of] p1a: Okidogi\n|move|p2a: Volcanion|Flamethrower|p1a: Okidogi\n|-damage|p1a: Okidogi|143/262\n|\n|-damage|p2a: Volcanion|89/256 tox|[from] psn\n|upkeep\n|turn|13\n|\n|t:|1782896817\n|move|p1a: Okidogi|Drain Punch|p2a: Volcanion\n|-damage|p2a: Volcanion|22/256 tox\n|-heal|p1a: Okidogi|177/262|[from] drain|[of] p2a: Volcanion\n|move|p2a: Volcanion|Flamethrower|p1a: Okidogi\n|-damage|p1a: Okidogi|93/262\n|\n|-damage|p2a: Volcanion|0 fnt|[from] psn\n|faint|p2a: Volcanion\n|upkeep\n|\n|t:|1782896817\n|switch|p2a: Iron Moth|Iron Moth, L78|253/253\n|turn|14\n|\n|t:|1782896832\n|move|p2a: Iron Moth|Fiery Dance|p1a: Okidogi\n|-damage|p1a: Okidogi|14/262\n|move|p1a: Okidogi|Psychic Fangs|p2a: Iron Moth\n|-supereffective|p2a: Iron Moth\n|-damage|p2a: Iron Moth|77/253\n|\n|upkeep\n|turn|15\n|\n|t:|1782896839\n|move|p2a: Iron Moth|Fiery Dance|p1a: Okidogi\n|-damage|p1a: Okidogi|0 fnt\n|-boost|p2a: Iron Moth|spa|1\n|faint|p1a: Okidogi\n|\n|upkeep\n|inactive|Eragonix has 120 seconds left.\n|\n|t:|1782896864\n|switch|p1a: Dragalge|Dragalge, L88, F|258/258\n|turn|16\n|\n|t:|1782896869\n|move|p2a: Iron Moth|Fiery Dance|p1a: Dragalge\n|-resisted|p1a: Dragalge\n|-damage|p1a: Dragalge|201/258\n|move|p1a: Dragalge|Draco Meteor|p2a: Iron Moth\n|-damage|p2a: Iron Moth|0 fnt\n|-unboost|p1a: Dragalge|spa|2\n|faint|p2a: Iron Moth\n|-end|p2a: Iron Moth|Quark Drive|[silent]\n|\n|-heal|p1a: Dragalge|217/258|[from] item: Leftovers\n|upkeep\n|\n|t:|1782896869\n|switch|p2a: Kricketune|Kricketune, L99, M|312/312\n|turn|17\n|\n|t:|1782896883\n|move|p2a: Kricketune|Knock Off|p1a: Dragalge\n|-damage|p1a: Dragalge|137/258\n|-enditem|p1a: Dragalge|Leftovers|[from] move: Knock Off|[of] p2a: Kricketune\n|move|p1a: Dragalge|Toxic|p2a: Kricketune\n|-status|p2a: Kricketune|tox\n|\n|-damage|p2a: Kricketune|293/312 tox|[from] psn\n|upkeep\n|turn|18\n|\n|t:|1782896893\n|move|p2a: Kricketune|Sticky Web|p1a: Dragalge\n|-sidestart|p1: Eragonix|move: Sticky Web\n|move|p1a: Dragalge|Sludge Wave|p2a: Kricketune\n|-crit|p2a: Kricketune\n|-damage|p2a: Kricketune|9/312 tox\n|\n|-damage|p2a: Kricketune|0 fnt|[from] psn\n|faint|p2a: Kricketune\n|upkeep\n|\n|t:|1782896893\n|switch|p2a: Serperior|Serperior, L79, F|248/248\n|turn|19\n|\n|t:|1782896907\n|-terastallize|p2a: Serperior|Fire\n|move|p2a: Serperior|Leaf Storm|p1a: Dragalge\n|-resisted|p1a: Dragalge\n|-damage|p1a: Dragalge|119/258\n|-boost|p2a: Serperior|spa|2\n|move|p1a: Dragalge|Toxic|p2a: Serperior\n|-status|p2a: Serperior|tox\n|\n|-damage|p2a: Serperior|233/248 tox|[from] psn\n|upkeep\n|turn|20\n|\n|t:|1782896923\n|move|p2a: Serperior|Leaf Storm|p1a: Dragalge\n|-resisted|p1a: Dragalge\n|-damage|p1a: Dragalge|81/258\n|-boost|p2a: Serperior|spa|2\n|move|p1a: Dragalge|Sludge Wave|p2a: Serperior\n|-damage|p2a: Serperior|157/248 tox\n|\n|-heal|p2a: Serperior|172/248 tox|[from] item: Leftovers\n|-damage|p2a: Serperior|142/248 tox|[from] psn\n|upkeep\n|turn|21\n|\n|t:|1782896934\n|move|p2a: Serperior|Leaf Storm|p1a: Dragalge|[miss]\n|-miss|p2a: Serperior|p1a: Dragalge\n|move|p1a: Dragalge|Sludge Wave|p2a: Serperior\n|-damage|p2a: Serperior|62/248 tox\n|\n|-heal|p2a: Serperior|77/248 tox|[from] item: Leftovers\n|-damage|p2a: Serperior|32/248 tox|[from] psn\n|upkeep\n|turn|22\n|\n|t:|1782896943\n|move|p2a: Serperior|Leaf Storm|p1a: Dragalge\n|-resisted|p1a: Dragalge\n|-crit|p1a: Dragalge\n|-damage|p1a: Dragalge|0 fnt\n|-boost|p2a: Serperior|spa|2\n|faint|p1a: Dragalge\n|\n|-heal|p2a: Serperior|47/248 tox|[from] item: Leftovers\n|-damage|p2a: Serperior|0 fnt|[from] psn\n|faint|p2a: Serperior\n|\n|win|Eragonix\n|raw|Eragonix's rating: 1312 &rarr; <strong>1329</strong><br />(+17 for winning)\n|raw|testbotcif's rating: 1256 &rarr; <strong>1235</strong><br />(-21 for losing)\n", "inputlog": ">version f8ac14003a5f27e1bdc8d8c59608a773c1cb96e5\n>start {\"formatid\":\"gen9randombattle\",\"seed\":\"sodium,a216cdea853361ce7ffd5f3a5f03eac9\",\"rated\":\"Rated battle\"}\n>player p1 {\"name\":\"Eragonix\",\"avatar\":\"rocketgruntf\",\"rating\":1312,\"seed\":\"sodium,55fa551a89ba9cb35bfcca2df30534f4\"}\n>player p2 {\"name\":\"testbotcif\",\"avatar\":\"1\",\"rating\":1256,\"seed\":\"sodium,33ba63326eb5305076206fc820376e78\"}\n>chat \u2606testbotcif|rlhf\n>p1 switch 6\n>p2 move dragonpulse\n>p1 move stickyweb\n>p2 move waterpulse\n>p1 switch 3\n>p1 move matchagotcha\n>p2 move dragonpulse\n>p1 move matchagotcha\n>p2 move dragonpulse\n>p2 switch 3\n>p1 switch 6\n>p2 move toxicspikes\n>p1 move sludgewave\n>p2 switch 5\n>p1 move focusblast\n>p2 move calmmind\n>p1 move focusblast\n>p2 move calmmind\n>p1 switch 5\n>p2 move calmmind\n>p1 move knockoff terastallize\n>p2 move psyshock\n>p2 switch 6\n>p1 move knockoff\n>p2 move flamethrower\n>p1 move drainpunch\n>p2 move flamethrower\n>p1 move drainpunch\n>p2 move flamethrower\n>p2 switch 5\n>p1 move psychicfangs\n>p2 move fierydance\n>p1 move knockoff\n>p2 move fierydance\n>p1 switch 5\n>p1 move dracometeor\n>p2 move fierydance\n>p2 switch 4\n>p1 move toxic\n>p2 move knockoff\n>p1 move sludgewave\n>p2 move stickyweb\n>p2 switch 2\n>p1 move toxic\n>p2 move leafstorm terastallize\n>p1 move sludgewave\n>p2 move leafstorm\n>p1 move sludgewave\n>p2 move leafstorm\n>p1 move sludgewave\n>p2 move leafstorm", "uploadtime": 1782896943, "views": 4, "formatid": "gen9randombattle", "rating": 1235, "private": 0, "password": null, "player_dets": [{"name": "Eragonix", "avatar": "rocketgruntf", "rating": 1312, "seed": "sodium,55fa551a89ba9cb35bfcca2df30534f4"}, {"name": "testbotcif", "avatar": "1", "rating": 1256, "seed": "sodium,33ba63326eb5305076206fc820376e78"}], "teams_full": [{"Dragalge": {"name": "Dragalge", "species": "Dragalge", "speciesId": "dragalge", "gender": "F", "shiny": false, "level": 88, "moves": ["focusblast", "toxic", "sludgewave", "dracometeor"], "ability": "Adaptability", "evs": {"hp": 85, "atk": 0, "def": 85, "spa": 85, "spd": 85, "spe": 85}, "ivs": {"hp": 31, "atk": 0, "def": 31, "spa": 31, "spd": 31, "spe": 31}, "item": "Leftovers", "teraType": "Fighting", "role": "Bulky Attacker", "bvs": {"hp": 65, "atk": 75, "def": 90, "spa": 97, "spd": 123, "spe": 44}, "stats": {"hp": 258, "atk": 137, "def": 209, "spa": 221, "spd": 267, "spe": 128}, "types": ["Poison", "Dragon"]}, "Flapple": {"name": "Flapple", "species": "Flapple", "speciesId": "flapple", "gender": "M", "shiny": false, "level": 88, "moves": ["terablast", "dragondance", "outrage", "gravapple"], "ability": "Hustle", "evs": {"hp": 85, "atk": 85, "def": 85, "spa": 85, "spd": 85, "spe": 85}, "ivs": {"hp": 31, "atk": 31, "def": 31, "spa": 31, "spd": 31, "spe": 31}, "item": "Lum Berry", "teraType": "Fire", "role": "Tera Blast user", "bvs": {"hp": 70, "atk": 110, "def": 80, "spa": 95, "spd": 60, "spe": 70}, "stats": {"hp": 266, "atk": 244, "def": 191, "spa": 217, "spd": 156, "spe": 173}, "types": ["Grass", "Dragon"]}, "Sinistcha": {"name": "Sinistcha", "species": "Sinistcha", "speciesId": "sinistcha", "gender": "N", "shiny": false, "level": 83, "moves": ["shadowball", "calmmind", "matchagotcha", "strengthsap"], "ability": "Heatproof", "evs": {"hp": 85, "atk": 0, "def": 85, "spa": 85, "spd": 85, "spe": 85}, "ivs": {"hp": 31, "atk": 0, "def": 31, "spa": 31, "spd": 31, "spe": 31}, "item": "Leftovers", "teraType": "Steel", "role": "Bulky Setup", "bvs": {"hp": 71, "atk": 60, "def": 106, "spa": 121, "spd": 80, "spe": 70}, "stats": {"hp": 254, "atk": 104, "def": 224, "spa": 249, "spd": 180, "spe": 164}, "types": ["Grass", "Ghost"]}, "Zangoose": {"name": "Zangoose", "species": "Zangoose", "speciesId": "zangoose", "gender": "M", "shiny": false, "level": 85, "moves": ["facade", "swordsdance", "quickattack", "knockoff"], "ability": "Toxic Boost", "evs": {"hp": 85, "atk": 85, "def": 85, "spa": 85, "spd": 85, "spe": 85}, "ivs": {"hp": 31, "atk": 31, "def": 31, "spa": 31, "spd": 31, "spe": 31}, "item": "Toxic Orb", "teraType": "Normal", "role": "Fast Attacker", "bvs": {"hp": 73, "atk": 115, "def": 60, "spa": 60, "spd": 60, "spe": 90}, "stats": {"hp": 263, "atk": 244, "def": 151, "spa": 151, "spd": 151, "spe": 202}, "types": ["Normal"]}, "Okidogi": {"name": "Okidogi", "species": "Okidogi", "speciesId": "okidogi", "gender": "M", "shiny": false, "level": 77, "moves": ["drainpunch", "gunkshot", "psychicfangs", "knockoff"], "ability": "Toxic Chain", "evs": {"hp": 85, "atk": 85, "def": 85, "spa": 85, "spd": 85, "spe": 85}, "ivs": {"hp": 31, "atk": 31, "def": 31, "spa": 31, "spd": 31, "spe": 31}, "item": "Assault Vest", "teraType": "Dark", "role": "AV Pivot", "bvs": {"hp": 88, "atk": 128, "def": 115, "spa": 58, "spd": 86, "spe": 80}, "stats": {"hp": 262, "atk": 242, "def": 222, "spa": 134, "spd": 177, "spe": 168}, "types": ["Poison", "Fighting"]}, "Vikavolt": {"name": "Vikavolt", "species": "Vikavolt", "speciesId": "vikavolt", "gender": "F", "shiny": false, "level": 83, "moves": ["discharge", "stickyweb", "energyball", "bugbuzz"], "ability": "Levitate", "evs": {"hp": 85, "atk": 0, "def": 85, "spa": 85, "spd": 85, "spe": 85}, "ivs": {"hp": 31, "atk": 0, "def": 31, "spa": 31, "spd": 31, "spe": 31}, "item": "Heavy-Duty Boots", "teraType": "Electric", "role": "Bulky Support", "bvs": {"hp": 77, "atk": 70, "def": 90, "spa": 145, "spd": 75, "spe": 43}, "stats": {"hp": 263, "atk": 121, "def": 197, "spa": 288, "spd": 172, "spe": 119}, "types": ["Bug", "Electric"]}}, {"Clawitzer": {"name": "Clawitzer", "species": "Clawitzer", "speciesId": "clawitzer", "gender": "M", "shiny": false, "level": 87, "moves": ["aurasphere", "waterpulse", "uturn", "dragonpulse"], "ability": "Mega Launcher", "evs": {"hp": 85, "atk": 85, "def": 85, "spa": 85, "spd": 85, "spe": 85}, "ivs": {"hp": 31, "atk": 31, "def": 31, "spa": 31, "spd": 31, "spe": 31}, "item": "Assault Vest", "teraType": "Dragon", "role": "AV Pivot", "bvs": {"hp": 71, "atk": 73, "def": 88, "spa": 120, "spd": 89, "spe": 59}, "stats": {"hp": 265, "atk": 177, "def": 203, "spa": 259, "spd": 205, "spe": 152}, "types": ["Water"]}, "Serperior": {"name": "Serperior", "species": "Serperior", "speciesId": "serperior", "gender": "F", "shiny": false, "level": 79, "moves": ["leafstorm", "terablast", "leechseed", "substitute"], "ability": "Contrary", "evs": {"hp": 85, "atk": 85, "def": 85, "spa": 85, "spd": 85, "spe": 85}, "ivs": {"hp": 31, "atk": 31, "def": 31, "spa": 31, "spd": 31, "spe": 31}, "item": "Leftovers", "teraType": "Fire", "role": "Tera Blast user", "bvs": {"hp": 75, "atk": 75, "def": 95, "spa": 75, "spd": 95, "spe": 113}, "stats": {"hp": 248, "atk": 164, "def": 196, "spa": 164, "spd": 196, "spe": 224}, "types": ["Grass"]}, "Iron Moth": {"name": "Iron Moth", "species": "Iron Moth", "speciesId": "ironmoth", "gender": "N", "shiny": false, "level": 78, "moves": ["toxicspikes", "energyball", "sludgewave", "fierydance"], "ability": "Quark Drive", "evs": {"hp": 85, "atk": 0, "def": 85, "spa": 85, "spd": 85, "spe": 85}, "ivs": {"hp": 31, "atk": 0, "def": 31, "spa": 31, "spd": 31, "spe": 31}, "item": "Heavy-Duty Boots", "teraType": "Grass", "role": "Fast Attacker", "bvs": {"hp": 80, "atk": 70, "def": 60, "spa": 140, "spd": 110, "spe": 110}, "stats": {"hp": 253, "atk": 114, "def": 139, "spa": 263, "spd": 217, "spe": 217}, "types": ["Fire", "Poison"]}, "Kricketune": {"name": "Kricketune", "species": "Kricketune", "speciesId": "kricketune", "gender": "M", "shiny": false, "level": 99, "moves": ["pounce", "stickyweb", "knockoff", "taunt"], "ability": "Technician", "evs": {"hp": 85, "atk": 85, "def": 85, "spa": 85, "spd": 85, "spe": 85}, "ivs": {"hp": 31, "atk": 31, "def": 31, "spa": 31, "spd": 31, "spe": 31}, "item": "Heavy-Duty Boots", "teraType": "Ghost", "role": "Fast Support", "bvs": {"hp": 77, "atk": 85, "def": 51, "spa": 55, "spd": 51, "spe": 65}, "stats": {"hp": 312, "atk": 224, "def": 157, "spa": 165, "spd": 157, "spe": 185}, "types": ["Bug"]}, "Iron Crown": {"name": "Iron Crown", "species": "Iron Crown", "speciesId": "ironcrown", "gender": "N", "shiny": false, "level": 78, "moves": ["psyshock", "tachyoncutter", "focusblast", "calmmind"], "ability": "Quark Drive", "evs": {"hp": 85, "atk": 0, "def": 85, "spa": 85, "spd": 85, "spe": 85}, "ivs": {"hp": 31, "atk": 0, "def": 31, "spa": 31, "spd": 31, "spe": 31}, "item": "Leftovers", "teraType": "Fighting", "role": "Bulky Setup", "bvs": {"hp": 90, "atk": 72, "def": 100, "spa": 122, "spd": 108, "spe": 98}, "stats": {"hp": 268, "atk": 117, "def": 201, "spa": 235, "spd": 214, "spe": 198}, "types": ["Steel", "Psychic"]}, "Volcanion": {"name": "Volcanion", "species": "Volcanion", "speciesId": "volcanion", "gender": "N", "shiny": false, "level": 79, "moves": ["flamethrower", "haze", "steameruption", "earthpower"], "ability": "Water Absorb", "evs": {"hp": 85, "atk": 0, "def": 85, "spa": 85, "spd": 85, "spe": 85}, "ivs": {"hp": 31, "atk": 0, "def": 31, "spa": 31, "spd": 31, "spe": 31}, "item": "Heavy-Duty Boots", "teraType": "Ground", "role": "Bulky Attacker", "bvs": {"hp": 80, "atk": 110, "def": 120, "spa": 130, "spd": 90, "spe": 70}, "stats": {"hp": 256, "atk": 178, "def": 235, "spa": 251, "spd": 188, "spe": 156}, "types": ["Fire", "Water"]}}]}