{"id": "gen9randombattle-2641946179", "format": "[Gen 9] Random Battle", "players": ["testbotcif", "xsebet"], "log": "|j|\u2606testbotcif\n|j|\u2606xsebet\n|t:|1782862969\n|gametype|singles\n|player|p1|testbotcif|1|1182\n|player|p2|xsebet|170|1195\n|gen|9\n|tier|[Gen 9] Random Battle\n|rated|\n|rule|Species Clause: Limit one of each Pok\u00e9mon\n|rule|HP Percentage Mod: HP is shown in percentages\n|rule|Sleep Clause Mod: Limit one foe put to sleep\n|rule|Illusion Level Mod: Illusion disguises the Pok\u00e9mon's true level\n|\n|t:|1782862969\n|teamsize|p1|6\n|teamsize|p2|6\n|start\n|switch|p1a: Farigiraf|Farigiraf, L90, M|362/362\n|switch|p2a: Palkia|Palkia, L75|259/259\n|-ability|p2a: Palkia|Pressure\n|turn|1\n|inactive|Battle timer is ON: inactive players will automatically lose when time's up. (requested by testbotcif)\n|c|\u2606testbotcif|rlhf\n|\n|t:|1782862988\n|move|p2a: Palkia|Spacial Rend|p1a: Farigiraf\n|-damage|p1a: Farigiraf|164/362\n|move|p1a: Farigiraf|Body Slam|p2a: Palkia\n|-damage|p2a: Palkia|156/259\n|\n|-heal|p1a: Farigiraf|186/362|[from] item: Leftovers\n|upkeep\n|turn|2\n|\n|t:|1782862999\n|move|p1a: Farigiraf|Protect|p1a: Farigiraf\n|-singleturn|p1a: Farigiraf|Protect\n|move|p2a: Palkia|Spacial Rend|p1a: Farigiraf\n|-activate|p1a: Farigiraf|move: Protect\n|\n|-heal|p1a: Farigiraf|208/362|[from] item: Leftovers\n|upkeep\n|turn|3\n|\n|t:|1782863005\n|move|p2a: Palkia|Spacial Rend|p1a: Farigiraf\n|-damage|p1a: Farigiraf|13/362\n|move|p1a: Farigiraf|Body Slam|p2a: Palkia\n|-damage|p2a: Palkia|57/259\n|\n|-heal|p1a: Farigiraf|35/362|[from] item: Leftovers\n|upkeep\n|turn|4\n|\n|t:|1782863012\n|move|p1a: Farigiraf|Protect|p1a: Farigiraf\n|-singleturn|p1a: Farigiraf|Protect\n|move|p2a: Palkia|Spacial Rend|p1a: Farigiraf\n|-activate|p1a: Farigiraf|move: Protect\n|\n|-heal|p1a: Farigiraf|57/362|[from] item: Leftovers\n|upkeep\n|turn|5\n|\n|t:|1782863019\n|move|p2a: Palkia|Spacial Rend|p1a: Farigiraf\n|-damage|p1a: Farigiraf|0 fnt\n|faint|p1a: Farigiraf\n|\n|upkeep\n|\n|t:|1782863019\n|switch|p1a: Grimmsnarl|Grimmsnarl, L83, M|293/293\n|turn|6\n|\n|t:|1782863027\n|switch|p2a: Dudunsparce|Dudunsparce, L83, F|343/343\n|move|p1a: Grimmsnarl|Spirit Break|p2a: Dudunsparce\n|-damage|p2a: Dudunsparce|246/343\n|-unboost|p2a: Dudunsparce|spa|1\n|\n|-heal|p2a: Dudunsparce|267/343|[from] item: Leftovers\n|upkeep\n|turn|7\n|\n|t:|1782863039\n|move|p1a: Grimmsnarl|Spirit Break|p2a: Dudunsparce\n|-damage|p2a: Dudunsparce|158/343\n|-unboost|p2a: Dudunsparce|spa|1\n|move|p2a: Dudunsparce|Toxic|p1a: Grimmsnarl\n|-status|p1a: Grimmsnarl|tox\n|\n|-heal|p2a: Dudunsparce|179/343|[from] item: Leftovers\n|-damage|p1a: Grimmsnarl|275/293 tox|[from] psn\n|upkeep\n|turn|8\n|\n|t:|1782863048\n|move|p1a: Grimmsnarl|Spirit Break|p2a: Dudunsparce\n|-damage|p2a: Dudunsparce|74/343\n|-unboost|p2a: Dudunsparce|spa|1\n|move|p2a: Dudunsparce|Roost|p2a: Dudunsparce\n|-heal|p2a: Dudunsparce|246/343\n|-singleturn|p2a: Dudunsparce|move: Roost\n|\n|-heal|p1a: Grimmsnarl|293/293 tox|[from] item: Leftovers\n|-heal|p2a: Dudunsparce|267/343|[from] item: Leftovers\n|-damage|p1a: Grimmsnarl|257/293 tox|[from] psn\n|upkeep\n|turn|9\n|\n|t:|1782863063\n|move|p1a: Grimmsnarl|Spirit Break|p2a: Dudunsparce\n|-damage|p2a: Dudunsparce|161/343\n|-unboost|p2a: Dudunsparce|spa|1\n|move|p2a: Dudunsparce|Boomburst|p1a: Grimmsnarl\n|-damage|p1a: Grimmsnarl|205/293 tox\n|\n|-heal|p1a: Grimmsnarl|223/293 tox|[from] item: Leftovers\n|-heal|p2a: Dudunsparce|182/343|[from] item: Leftovers\n|-damage|p1a: Grimmsnarl|169/293 tox|[from] psn\n|upkeep\n|turn|10\n|\n|t:|1782863079\n|move|p1a: Grimmsnarl|Spirit Break|p2a: Dudunsparce\n|-damage|p2a: Dudunsparce|85/343\n|-unboost|p2a: Dudunsparce|spa|1\n|move|p2a: Dudunsparce|Roost|p2a: Dudunsparce\n|-heal|p2a: Dudunsparce|257/343\n|-singleturn|p2a: Dudunsparce|move: Roost\n|\n|-heal|p1a: Grimmsnarl|187/293 tox|[from] item: Leftovers\n|-heal|p2a: Dudunsparce|278/343|[from] item: Leftovers\n|-damage|p1a: Grimmsnarl|115/293 tox|[from] psn\n|upkeep\n|turn|11\n|\n|t:|1782863098\n|move|p1a: Grimmsnarl|Spirit Break|p2a: Dudunsparce\n|-crit|p2a: Dudunsparce\n|-damage|p2a: Dudunsparce|133/343\n|-unboost|p2a: Dudunsparce|spa|1\n|move|p2a: Dudunsparce|Earthquake|p1a: Grimmsnarl\n|-damage|p1a: Grimmsnarl|27/293 tox\n|\n|-heal|p1a: Grimmsnarl|45/293 tox|[from] item: Leftovers\n|-heal|p2a: Dudunsparce|154/343|[from] item: Leftovers\n|-damage|p1a: Grimmsnarl|0 fnt|[from] psn\n|faint|p1a: Grimmsnarl\n|upkeep\n|\n|t:|1782863099\n|switch|p1a: Hawlucha|Hawlucha, L80, F|256/256\n|turn|12\n|\n|t:|1782863117\n|switch|p2a: Houndstone|Houndstone, L86, M|264/264\n|move|p1a: Hawlucha|Swords Dance|p1a: Hawlucha\n|-boost|p1a: Hawlucha|atk|2\n|\n|upkeep\n|turn|13\n|\n|t:|1782863123\n|move|p1a: Hawlucha|Brave Bird|p2a: Houndstone\n|-damage|p2a: Houndstone|165/264\n|-damage|p1a: Hawlucha|223/256|[from] Recoil\n|move|p2a: Houndstone|Play Rough|p1a: Hawlucha|[miss]\n|-miss|p2a: Houndstone|p1a: Hawlucha\n|\n|upkeep\n|turn|14\n|\n|t:|1782863131\n|move|p1a: Hawlucha|Brave Bird|p2a: Houndstone\n|-damage|p2a: Houndstone|69/264\n|-damage|p1a: Hawlucha|191/256|[from] Recoil\n|move|p2a: Houndstone|Play Rough|p1a: Hawlucha\n|-supereffective|p1a: Hawlucha\n|-damage|p1a: Hawlucha|39/256\n|\n|upkeep\n|turn|15\n|\n|t:|1782863141\n|move|p1a: Hawlucha|Brave Bird|p2a: Houndstone\n|-damage|p2a: Houndstone|0 fnt\n|faint|p2a: Houndstone\n|-damage|p1a: Hawlucha|16/256|[from] Recoil\n|\n|upkeep\n|\n|t:|1782863155\n|switch|p2a: Kilowattrel|Kilowattrel, L83, F|252/252\n|turn|16\n|\n|t:|1782863159\n|move|p2a: Kilowattrel|Thunderbolt|p1a: Hawlucha\n|-supereffective|p1a: Hawlucha\n|-damage|p1a: Hawlucha|0 fnt\n|faint|p1a: Hawlucha\n|\n|upkeep\n|\n|t:|1782863159\n|switch|p1a: Morpeko|Morpeko, L88, M|245/245\n|turn|17\n|\n|t:|1782863166\n|switch|p2a: Camerupt|Camerupt, L91, F|275/275\n|move|p1a: Morpeko|Parting Shot|p2a: Camerupt\n|-unboost|p2a: Camerupt|atk|1\n|-unboost|p2a: Camerupt|spa|1\n|\n|t:|1782863167\n|switch|p1a: Slowbro|Slowbro, L85, M|300/300|[from] Parting Shot\n|\n|upkeep\n|turn|18\n|\n|t:|1782863180\n|switch|p2a: Kilowattrel|Kilowattrel, L83, F|252/252\n|move|p1a: Slowbro|Scald|p2a: Kilowattrel\n|-damage|p2a: Kilowattrel|123/252\n|-status|p2a: Kilowattrel|brn\n|\n|-damage|p2a: Kilowattrel|108/252 brn|[from] brn\n|upkeep\n|turn|19\n|\n|t:|1782863191\n|switch|p1a: Morpeko|Morpeko, L88, M|245/245\n|move|p2a: Kilowattrel|Thunderbolt|p1a: Morpeko\n|-resisted|p1a: Morpeko\n|-damage|p1a: Morpeko|186/245\n|\n|-damage|p2a: Kilowattrel|93/252 brn|[from] brn\n|-formechange|p1a: Morpeko|Morpeko-Hangry||[from] ability: Hunger Switch\n|upkeep\n|turn|20\n|\n|t:|1782863200\n|move|p2a: Kilowattrel|U-turn|p1a: Morpeko\n|-supereffective|p1a: Morpeko\n|-damage|p1a: Morpeko|133/245\n|\n|t:|1782863206\n|switch|p2a: Dudunsparce|Dudunsparce, L83, F|154/343|[from] U-turn\n|move|p1a: Morpeko|Rapid Spin|p2a: Dudunsparce\n|-damage|p2a: Dudunsparce|113/343\n|-boost|p1a: Morpeko|spe|1\n|\n|-heal|p2a: Dudunsparce|134/343|[from] item: Leftovers\n|-formechange|p1a: Morpeko|Morpeko||[from] ability: Hunger Switch\n|upkeep\n|turn|21\n|\n|t:|1782863216\n|move|p1a: Morpeko|Aura Wheel|p2a: Dudunsparce\n|-damage|p2a: Dudunsparce|0 fnt\n|-boost|p1a: Morpeko|spe|1\n|faint|p2a: Dudunsparce\n|\n|-formechange|p1a: Morpeko|Morpeko-Hangry||[from] ability: Hunger Switch\n|upkeep\n|\n|t:|1782863229\n|switch|p2a: Grumpig|Grumpig, L92, F|297/297\n|turn|22\n|\n|t:|1782863234\n|move|p1a: Morpeko|Aura Wheel|p2a: Grumpig\n|-supereffective|p2a: Grumpig\n|-damage|p2a: Grumpig|13/297\n|-boost|p1a: Morpeko|spe|1\n|move|p2a: Grumpig|Earth Power|p1a: Morpeko\n|-supereffective|p1a: Morpeko\n|-damage|p1a: Morpeko|0 fnt\n|faint|p1a: Morpeko\n|\n|-heal|p2a: Grumpig|31/297|[from] item: Leftovers\n|upkeep\n|\n|t:|1782863234\n|switch|p1a: Slowbro|Slowbro, L85, M|300/300\n|turn|23\n|\n|t:|1782863247\n|move|p2a: Grumpig|Psyshock|p1a: Slowbro\n|-resisted|p1a: Slowbro\n|-damage|p1a: Slowbro|258/300\n|move|p1a: Slowbro|Scald|p2a: Grumpig\n|-damage|p2a: Grumpig|0 fnt\n|faint|p2a: Grumpig\n|\n|upkeep\n|\n|t:|1782863255\n|switch|p2a: Kilowattrel|Kilowattrel, L83, F|93/252 brn\n|turn|24\n|\n|t:|1782863259\n|switch|p1a: Ampharos|Ampharos, L88, M|302/302\n|move|p2a: Kilowattrel|Thunderbolt|p1a: Ampharos\n|-resisted|p1a: Ampharos\n|-damage|p1a: Ampharos|256/302\n|\n|-damage|p2a: Kilowattrel|78/252 brn|[from] brn\n|upkeep\n|turn|25\n|\n|t:|1782863267\n|move|p2a: Kilowattrel|U-turn|p1a: Ampharos\n|-damage|p1a: Ampharos|238/302\n|\n|t:|1782863270\n|switch|p2a: Camerupt|Camerupt, L91, F|275/275|[from] U-turn\n|move|p1a: Ampharos|Dazzling Gleam|p2a: Camerupt\n|-resisted|p2a: Camerupt\n|-damage|p2a: Camerupt|215/275\n|\n|-heal|p2a: Camerupt|232/275|[from] item: Leftovers\n|upkeep\n|turn|26\n|\n|t:|1782863287\n|switch|p1a: Slowbro|Slowbro, L85, M|300/300\n|move|p2a: Camerupt|Roar|p1a: Slowbro\n|drag|p1a: Ampharos|Ampharos, L88, M|238/302\n|\n|-heal|p2a: Camerupt|249/275|[from] item: Leftovers\n|upkeep\n|turn|27\n|\n|t:|1782863303\n|move|p1a: Ampharos|Focus Blast|p2a: Camerupt\n|-damage|p2a: Camerupt|70/275\n|move|p2a: Camerupt|Earthquake|p1a: Ampharos\n|-supereffective|p1a: Ampharos\n|-crit|p1a: Ampharos\n|-damage|p1a: Ampharos|0 fnt\n|faint|p1a: Ampharos\n|\n|-heal|p2a: Camerupt|87/275|[from] item: Leftovers\n|upkeep\n|\n|t:|1782863303\n|switch|p1a: Slowbro|Slowbro, L85, M|300/300\n|turn|28\n|\n|t:|1782863325\n|-terastallize|p2a: Camerupt|Grass\n|move|p2a: Camerupt|Earthquake|p1a: Slowbro\n|-damage|p1a: Slowbro|188/300\n|move|p1a: Slowbro|Scald|p2a: Camerupt\n|-resisted|p2a: Camerupt\n|-damage|p2a: Camerupt|43/275\n|\n|-heal|p2a: Camerupt|60/275|[from] item: Leftovers\n|upkeep\n|turn|29\n|\n|t:|1782863334\n|move|p2a: Camerupt|Earthquake|p1a: Slowbro\n|-damage|p1a: Slowbro|85/300\n|move|p1a: Slowbro|Future Sight|p2a: Camerupt\n|-start|p1a: Slowbro|move: Future Sight\n|\n|-heal|p2a: Camerupt|77/275|[from] item: Leftovers\n|upkeep\n|turn|30\n|\n|t:|1782863340\n|move|p2a: Camerupt|Earthquake|p1a: Slowbro\n|-damage|p1a: Slowbro|0 fnt\n|faint|p1a: Slowbro\n|\n|win|xsebet\n|raw|testbotcif's rating: 1182 &rarr; <strong>1158</strong><br />(-24 for losing)\n|raw|xsebet's rating: 1195 &rarr; <strong>1219</strong><br />(+24 for winning)\n", "inputlog": ">version f8ac14003a5f27e1bdc8d8c59608a773c1cb96e5\n>start {\"formatid\":\"gen9randombattle\",\"seed\":\"sodium,5137ee78003000d8a29173c029d3078e\",\"rated\":\"Rated battle\"}\n>player p1 {\"name\":\"testbotcif\",\"avatar\":\"1\",\"rating\":1182,\"seed\":\"sodium,fb173b5d94cda42e464cbb15f643c8b1\"}\n>player p2 {\"name\":\"xsebet\",\"avatar\":\"170\",\"rating\":1195,\"seed\":\"sodium,6f82afc1d41786671c7a420b9ef1103e\"}\n>chat \u2606testbotcif|rlhf\n>p1 move bodyslam\n>p2 move spacialrend\n>p1 move protect\n>p2 move spacialrend\n>p1 move bodyslam\n>p2 move spacialrend\n>p1 move protect\n>p2 move spacialrend\n>p1 move bodyslam\n>p2 move spacialrend\n>p1 switch 4\n>p1 move spiritbreak\n>p2 switch 4\n>p1 move spiritbreak\n>p2 move toxic\n>p1 move spiritbreak\n>p2 move roost\n>p1 move spiritbreak\n>p2 move boomburst\n>p1 move spiritbreak\n>p2 move roost\n>p1 move spiritbreak\n>p2 move earthquake\n>p1 switch 5\n>p1 move swordsdance\n>p2 switch 2\n>p1 move bravebird\n>p2 move playrough\n>p1 move bravebird\n>p2 move playrough\n>p1 move bravebird\n>p2 move playrough\n>p2 switch 6\n>p1 move bravebird\n>p2 move thunderbolt\n>p1 switch 2\n>p1 move partingshot\n>p2 switch 3\n>p1 switch 3\n>p1 move scald\n>p2 switch 3\n>p1 switch 3\n>p2 move thunderbolt\n>p1 move rapidspin\n>p2 move uturn\n>p2 switch 2\n>p1 move aurawheel\n>p2 move earthquake\n>p2 switch 5\n>p1 move aurawheel\n>p2 move earthpower\n>p1 switch 3\n>p1 move scald\n>p2 move psyshock\n>p2 switch 2\n>p1 switch 6\n>p2 move thunderbolt\n>p1 move dazzlinggleam\n>p2 move uturn\n>p2 switch 3\n>p1 switch 6\n>p2 move roar\n>p1 move focusblast\n>p2 move earthquake\n>p1 switch 6\n>p1 move scald\n>p2 move earthquake terastallize\n>p1 move futuresight\n>p2 move earthquake\n>p1 move bodypress\n>p2 move earthquake", "uploadtime": 1782863340, "views": 4, "formatid": "gen9randombattle", "rating": 1158, "private": 0, "password": null, "player_dets": [{"name": "testbotcif", "avatar": "1", "rating": 1182, "seed": "sodium,fb173b5d94cda42e464cbb15f643c8b1"}, {"name": "xsebet", "avatar": "170", "rating": 1195, "seed": "sodium,6f82afc1d41786671c7a420b9ef1103e"}], "teams_full": [{"Farigiraf": {"name": "Farigiraf", "species": "Farigiraf", "speciesId": "farigiraf", "gender": "M", "shiny": false, "level": 90, "moves": ["bodyslam", "psychicnoise", "wish", "protect"], "ability": "Sap Sipper", "evs": {"hp": 85, "atk": 85, "def": 85, "spa": 85, "spd": 85, "spe": 85}, "ivs": {"hp": 31, "atk": 31, "def": 31, "spa": 31, "spd": 31, "spe": 31}, "item": "Leftovers", "teraType": "Fairy", "role": "Bulky Support", "bvs": {"hp": 120, "atk": 90, "def": 70, "spa": 110, "spd": 70, "spe": 60}, "stats": {"hp": 362, "atk": 213, "def": 177, "spa": 249, "spd": 177, "spe": 159}, "types": ["Normal", "Psychic"]}, "Morpeko": {"name": "Morpeko", "species": "Morpeko", "speciesId": "morpeko", "gender": "M", "shiny": false, "level": 88, "moves": ["protect", "rapidspin", "aurawheel", "partingshot"], "ability": "Hunger Switch", "evs": {"hp": 85, "atk": 85, "def": 85, "spa": 85, "spd": 85, "spe": 85}, "ivs": {"hp": 31, "atk": 31, "def": 31, "spa": 31, "spd": 31, "spe": 31}, "item": "Heavy-Duty Boots", "teraType": "Electric", "role": "Fast Support", "bvs": {"hp": 58, "atk": 95, "def": 58, "spa": 70, "spd": 58, "spe": 97}, "stats": {"hp": 245, "atk": 217, "def": 152, "spa": 173, "spd": 152, "spe": 221}, "types": ["Electric", "Dark"]}, "Slowbro": {"name": "Slowbro", "species": "Slowbro", "speciesId": "slowbro", "gender": "M", "shiny": false, "level": 85, "moves": ["bodypress", "fireblast", "futuresight", "scald"], "ability": "Regenerator", "evs": {"hp": 85, "atk": 0, "def": 85, "spa": 85, "spd": 85, "spe": 85}, "ivs": {"hp": 31, "atk": 0, "def": 31, "spa": 31, "spd": 31, "spe": 31}, "item": "Assault Vest", "teraType": "Fighting", "role": "AV Pivot", "bvs": {"hp": 95, "atk": 75, "def": 110, "spa": 100, "spd": 80, "spe": 30}, "stats": {"hp": 300, "atk": 132, "def": 236, "spa": 219, "spd": 185, "spe": 100}, "types": ["Water", "Psychic"]}, "Grimmsnarl": {"name": "Grimmsnarl", "species": "Grimmsnarl", "speciesId": "grimmsnarl", "gender": "M", "shiny": false, "level": 83, "moves": ["taunt", "spiritbreak", "partingshot", "suckerpunch"], "ability": "Prankster", "evs": {"hp": 85, "atk": 85, "def": 85, "spa": 85, "spd": 85, "spe": 85}, "ivs": {"hp": 31, "atk": 31, "def": 31, "spa": 31, "spd": 31, "spe": 31}, "item": "Leftovers", "teraType": "Steel", "role": "Bulky Attacker", "bvs": {"hp": 95, "atk": 120, "def": 65, "spa": 95, "spd": 75, "spe": 60}, "stats": {"hp": 293, "atk": 247, "def": 156, "spa": 205, "spd": 172, "spe": 147}, "types": ["Dark", "Fairy"]}, "Hawlucha": {"name": "Hawlucha", "species": "Hawlucha", "speciesId": "hawlucha", "gender": "F", "shiny": false, "level": 80, "moves": ["closecombat", "swordsdance", "bravebird", "acrobatics"], "ability": "Unburden", "evs": {"hp": 85, "atk": 85, "def": 85, "spa": 85, "spd": 85, "spe": 85}, "ivs": {"hp": 31, "atk": 31, "def": 31, "spa": 31, "spd": 31, "spe": 31}, "item": "White Herb", "teraType": "Flying", "role": "Setup Sweeper", "bvs": {"hp": 78, "atk": 92, "def": 75, "spa": 74, "spd": 63, "spe": 118}, "stats": {"hp": 256, "atk": 193, "def": 166, "spa": 165, "spd": 147, "spe": 235}, "types": ["Fighting", "Flying"]}, "Ampharos": {"name": "Ampharos", "species": "Ampharos", "speciesId": "ampharos", "gender": "M", "shiny": false, "level": 88, "moves": ["thunderbolt", "voltswitch", "focusblast", "dazzlinggleam"], "ability": "Static", "evs": {"hp": 85, "atk": 0, "def": 85, "spa": 85, "spd": 85, "spe": 85}, "ivs": {"hp": 31, "atk": 0, "def": 31, "spa": 31, "spd": 31, "spe": 31}, "item": "Choice Specs", "teraType": "Fairy", "role": "Wallbreaker", "bvs": {"hp": 90, "atk": 75, "def": 85, "spa": 115, "spd": 90, "spe": 55}, "stats": {"hp": 302, "atk": 137, "def": 200, "spa": 253, "spd": 209, "spe": 147}, "types": ["Electric"]}}, {"Palkia": {"name": "Palkia", "species": "Palkia", "speciesId": "palkia", "gender": "N", "shiny": false, "level": 75, "moves": ["dracometeor", "spacialrend", "fireblast", "hydropump"], "ability": "Pressure", "evs": {"hp": 85, "atk": 0, "def": 85, "spa": 85, "spd": 85, "spe": 85}, "ivs": {"hp": 31, "atk": 0, "def": 31, "spa": 31, "spd": 31, "spe": 31}, "item": "Choice Specs", "teraType": "Fire", "role": "Fast Attacker", "bvs": {"hp": 90, "atk": 120, "def": 100, "spa": 150, "spd": 120, "spe": 100}, "stats": {"hp": 259, "atk": 185, "def": 194, "spa": 269, "spd": 224, "spe": 194}, "types": ["Water", "Dragon"]}, "Houndstone": {"name": "Houndstone", "species": "Houndstone", "speciesId": "houndstone", "gender": "M", "shiny": false, "level": 86, "moves": ["shadowsneak", "playrough", "poltergeist", "bodypress"], "ability": "Fluffy", "evs": {"hp": 85, "atk": 85, "def": 85, "spa": 85, "spd": 85, "spe": 85}, "ivs": {"hp": 31, "atk": 31, "def": 31, "spa": 31, "spd": 31, "spe": 31}, "item": "Assault Vest", "teraType": "Fairy", "role": "AV Pivot", "bvs": {"hp": 72, "atk": 101, "def": 100, "spa": 50, "spd": 97, "spe": 68}, "stats": {"hp": 264, "atk": 223, "def": 221, "spa": 135, "spd": 216, "spe": 166}, "types": ["Ghost"]}, "Camerupt": {"name": "Camerupt", "species": "Camerupt", "speciesId": "camerupt", "gender": "F", "shiny": false, "level": 91, "moves": ["earthquake", "stealthrock", "overheat", "roar"], "ability": "Solid Rock", "evs": {"hp": 85, "atk": 85, "def": 85, "spa": 85, "spd": 85, "spe": 85}, "ivs": {"hp": 31, "atk": 31, "def": 31, "spa": 31, "spd": 31, "spe": 31}, "item": "Leftovers", "teraType": "Grass", "role": "Bulky Support", "bvs": {"hp": 70, "atk": 100, "def": 70, "spa": 105, "spd": 75, "spe": 40}, "stats": {"hp": 275, "atk": 234, "def": 179, "spa": 243, "spd": 188, "spe": 125}, "types": ["Fire", "Ground"]}, "Dudunsparce": {"name": "Dudunsparce", "species": "Dudunsparce", "speciesId": "dudunsparce", "gender": "F", "shiny": false, "level": 83, "moves": ["roost", "boomburst", "earthquake", "toxic"], "ability": "Rattled", "evs": {"hp": 85, "atk": 85, "def": 85, "spa": 85, "spd": 85, "spe": 85}, "ivs": {"hp": 31, "atk": 31, "def": 31, "spa": 31, "spd": 31, "spe": 31}, "item": "Leftovers", "teraType": "Ground", "role": "Bulky Attacker", "bvs": {"hp": 125, "atk": 100, "def": 80, "spa": 85, "spd": 75, "spe": 55}, "stats": {"hp": 343, "atk": 214, "def": 180, "spa": 189, "spd": 172, "spe": 139}, "types": ["Normal"]}, "Grumpig": {"name": "Grumpig", "species": "Grumpig", "speciesId": "grumpig", "gender": "F", "shiny": false, "level": 92, "moves": ["earthpower", "nastyplot", "psyshock", "dazzlinggleam"], "ability": "Thick Fat", "evs": {"hp": 85, "atk": 0, "def": 85, "spa": 85, "spd": 85, "spe": 85}, "ivs": {"hp": 31, "atk": 0, "def": 31, "spa": 31, "spd": 31, "spe": 31}, "item": "Leftovers", "teraType": "Ground", "role": "Bulky Setup", "bvs": {"hp": 80, "atk": 45, "def": 65, "spa": 90, "spd": 110, "spe": 80}, "stats": {"hp": 297, "atk": 87, "def": 172, "spa": 218, "spd": 255, "spe": 200}, "types": ["Psychic"]}, "Kilowattrel": {"name": "Kilowattrel", "species": "Kilowattrel", "speciesId": "kilowattrel", "gender": "F", "shiny": false, "level": 83, "moves": ["uturn", "roost", "thunderbolt", "hurricane"], "ability": "Volt Absorb", "evs": {"hp": 85, "atk": 85, "def": 85, "spa": 85, "spd": 85, "spe": 85}, "ivs": {"hp": 31, "atk": 31, "def": 31, "spa": 31, "spd": 31, "spe": 31}, "item": "Heavy-Duty Boots", "teraType": "Steel", "role": "Bulky Attacker", "bvs": {"hp": 70, "atk": 70, "def": 60, "spa": 105, "spd": 60, "spe": 125}, "stats": {"hp": 252, "atk": 164, "def": 147, "spa": 222, "spd": 147, "spe": 255}, "types": ["Electric", "Flying"]}}]}