{"id": "gen9randombattle-2641998036", "format": "[Gen 9] Random Battle", "players": ["Jackblast421", "aci2nn"], "log": "|j|\u2606Jackblast421\n|j|\u2606aci2nn\n|t:|1782870825\n|gametype|singles\n|player|p1|Jackblast421|170|1786\n|player|p2|aci2nn|whitney|1865\n|gen|9\n|tier|[Gen 9] Random Battle\n|rated|\n|rule|Species Clause: Limit one of each Pok\u00e9mon\n|rule|HP Percentage Mod: HP is shown in percentages\n|rule|Sleep Clause Mod: Limit one foe put to sleep\n|rule|Illusion Level Mod: Illusion disguises the Pok\u00e9mon's true level\n|\n|t:|1782870825\n|teamsize|p1|6\n|teamsize|p2|6\n|start\n|switch|p1a: Empoleon|Empoleon, L84, F|278/278\n|switch|p2a: Bastiodon|Bastiodon, L89, M|252/252\n|turn|1\n|inactive|Battle timer is ON: inactive players will automatically lose when time's up. (requested by Jackblast421)\n|\n|t:|1782870849\n|switch|p2a: Urshifu|Urshifu-Rapid-Strike, L75, M|274/274\n|move|p1a: Empoleon|Surf|p2a: Urshifu\n|-resisted|p2a: Urshifu\n|-damage|p2a: Urshifu|201/274\n|\n|upkeep\n|turn|2\n|\n|t:|1782870854\n|switch|p1a: Leavanny|Leavanny, L86, M|269/269\n|move|p2a: Urshifu|U-turn|p1a: Leavanny\n|-supereffective|p1a: Leavanny\n|-damage|p1a: Leavanny|121/269\n|\n|t:|1782870861\n|switch|p2a: Mewtwo|Mewtwo, L72|272/272|[from] U-turn\n|-ability|p2a: Mewtwo|Pressure\n|\n|upkeep\n|turn|3\n|\n|t:|1782870869\n|switch|p1a: Jolteon|Jolteon, L84, F|246/246\n|move|p2a: Mewtwo|Psystrike|p1a: Jolteon\n|-damage|p1a: Jolteon|47/246\n|-damage|p2a: Mewtwo|245/272|[from] item: Life Orb\n|\n|upkeep\n|turn|4\n|\n|t:|1782870875\n|switch|p2a: Torterra|Torterra, L78, M|276/276\n|move|p1a: Jolteon|Thunderbolt|p2a: Torterra\n|-immune|p2a: Torterra\n|\n|upkeep\n|turn|5\n|\n|t:|1782870879\n|switch|p1a: Arboliva|Arboliva, L91, M|288/288\n|move|p2a: Torterra|Shell Smash|p2a: Torterra\n|-unboost|p2a: Torterra|def|1\n|-unboost|p2a: Torterra|spd|1\n|-boost|p2a: Torterra|atk|2\n|-boost|p2a: Torterra|spa|2\n|-boost|p2a: Torterra|spe|2\n|\n|upkeep\n|turn|6\n|\n|t:|1782870886\n|switch|p2a: Sableye|Sableye, L88, F|231/231\n|move|p1a: Arboliva|Hyper Voice|p2a: Sableye\n|-immune|p2a: Sableye\n|\n|upkeep\n|turn|7\n|\n|t:|1782870889\n|move|p1a: Arboliva|Protect|p1a: Arboliva\n|-singleturn|p1a: Arboliva|Protect\n|move|p2a: Sableye|Knock Off|p1a: Arboliva\n|-activate|p1a: Arboliva|move: Protect\n|\n|upkeep\n|turn|8\n|\n|t:|1782870897\n|switch|p1a: Empoleon|Empoleon, L84, F|278/278\n|move|p2a: Sableye|Encore||[still]\n|-fail|p2a: Sableye\n|\n|upkeep\n|turn|9\n|\n|t:|1782870905\n|switch|p1a: Jolteon|Jolteon, L84, F|47/246\n|move|p2a: Sableye|Will-O-Wisp|p1a: Jolteon\n|-status|p1a: Jolteon|brn\n|\n|-damage|p1a: Jolteon|32/246 brn|[from] brn\n|upkeep\n|turn|10\n|\n|t:|1782870912\n|switch|p2a: Torterra|Torterra, L78, M|276/276\n|move|p1a: Jolteon|Alluring Voice|p2a: Torterra\n|-crit|p2a: Torterra\n|-damage|p2a: Torterra|133/276\n|-damage|p1a: Jolteon|8/246 brn|[from] item: Life Orb\n|\n|-damage|p1a: Jolteon|0 fnt|[from] brn\n|faint|p1a: Jolteon\n|upkeep\n|\n|t:|1782870917\n|switch|p1a: Empoleon|Empoleon, L84, F|278/278\n|turn|11\n|\n|t:|1782870924\n|switch|p2a: Copperajah|Copperajah, L86, M|350/350\n|move|p1a: Empoleon|Ice Beam|p2a: Copperajah\n|-resisted|p2a: Copperajah\n|-damage|p2a: Copperajah|306/350\n|\n|upkeep\n|turn|12\n|\n|t:|1782870931\n|move|p1a: Empoleon|Surf|p2a: Copperajah\n|-damage|p2a: Copperajah|177/350\n|move|p2a: Copperajah|Knock Off|p1a: Empoleon\n|-crit|p1a: Empoleon\n|-damage|p1a: Empoleon|80/278\n|-enditem|p1a: Empoleon|Leftovers|[from] move: Knock Off|[of] p2a: Copperajah\n|\n|upkeep\n|turn|13\n|\n|t:|1782870938\n|move|p1a: Empoleon|Roost|p1a: Empoleon\n|-heal|p1a: Empoleon|219/278\n|-singleturn|p1a: Empoleon|move: Roost\n|move|p2a: Copperajah|Knock Off|p1a: Empoleon\n|-damage|p1a: Empoleon|129/278\n|\n|upkeep\n|turn|14\n|\n|t:|1782870941\n|switch|p2a: Urshifu|Urshifu-Rapid-Strike, L75, M|201/274\n|move|p1a: Empoleon|Roost|p1a: Empoleon\n|-heal|p1a: Empoleon|268/278\n|-singleturn|p1a: Empoleon|move: Roost\n|\n|upkeep\n|turn|15\n|\n|t:|1782870949\n|move|p2a: Urshifu|U-turn|p1a: Empoleon\n|-resisted|p1a: Empoleon\n|-damage|p1a: Empoleon|231/278\n|\n|t:|1782870971\n|switch|p2a: Torterra|Torterra, L78, M|133/276|[from] U-turn\n|move|p1a: Empoleon|Surf|p2a: Torterra\n|-crit|p2a: Torterra\n|-damage|p2a: Torterra|0 fnt\n|faint|p2a: Torterra\n|\n|upkeep\n|\n|t:|1782870981\n|switch|p2a: Mewtwo|Mewtwo, L72|245/272\n|-ability|p2a: Mewtwo|Pressure\n|turn|16\n|\n|t:|1782870984\n|move|p2a: Mewtwo|Nasty Plot|p2a: Mewtwo\n|-boost|p2a: Mewtwo|spa|2\n|move|p1a: Empoleon|Surf|p2a: Mewtwo\n|-damage|p2a: Mewtwo|130/272\n|\n|upkeep\n|turn|17\n|\n|t:|1782870989\n|move|p2a: Mewtwo|Aura Sphere|p1a: Empoleon\n|-supereffective|p1a: Empoleon\n|-damage|p1a: Empoleon|0 fnt\n|faint|p1a: Empoleon\n|-damage|p2a: Mewtwo|103/272|[from] item: Life Orb\n|\n|upkeep\n|\n|t:|1782870993\n|switch|p1a: Zebstrika|Zebstrika, L87, F|272/272\n|turn|18\n|\n|t:|1782871020\n|switch|p2a: Copperajah|Copperajah, L86, M|177/350\n|move|p1a: Zebstrika|High Horsepower|p2a: Copperajah|[miss]\n|-miss|p1a: Zebstrika|p2a: Copperajah\n|\n|upkeep\n|turn|19\n|\n|t:|1782871031\n|move|p1a: Zebstrika|Overheat|p2a: Copperajah\n|-supereffective|p2a: Copperajah\n|-damage|p2a: Copperajah|0 fnt\n|-unboost|p1a: Zebstrika|spa|2\n|faint|p2a: Copperajah\n|-damage|p1a: Zebstrika|245/272|[from] item: Life Orb\n|\n|upkeep\n|\n|t:|1782871034\n|switch|p2a: Sableye|Sableye, L88, F|231/231\n|turn|20\n|\n|t:|1782871040\n|switch|p1a: Glaceon|Glaceon, L94, F|275/275\n|move|p2a: Sableye|Will-O-Wisp|p1a: Glaceon\n|-status|p1a: Glaceon|brn\n|\n|-damage|p1a: Glaceon|258/275 brn|[from] brn\n|upkeep\n|turn|21\n|inactive|aci2nn has 120 seconds left.\n|\n|t:|1782871079\n|switch|p2a: Bastiodon|Bastiodon, L89, M|252/252\n|move|p1a: Glaceon|Freeze-Dry|p2a: Bastiodon\n|-resisted|p2a: Bastiodon\n|-damage|p2a: Bastiodon|213/252\n|\n|-damage|p1a: Glaceon|241/275 brn|[from] brn\n|upkeep\n|turn|22\n|inactive|aci2nn has 120 seconds left.\n|\n|t:|1782871084\n|-terastallize|p2a: Bastiodon|Fighting\n|move|p1a: Glaceon|Wish|p1a: Glaceon\n|move|p2a: Bastiodon|Iron Defense|p2a: Bastiodon\n|-boost|p2a: Bastiodon|def|2\n|\n|-damage|p1a: Glaceon|224/275 brn|[from] brn\n|upkeep\n|turn|23\n|\n|t:|1782871089\n|switch|p1a: Leavanny|Leavanny, L86, M|121/269\n|move|p2a: Bastiodon|Iron Defense|p2a: Bastiodon\n|-boost|p2a: Bastiodon|def|2\n|\n|-heal|p1a: Leavanny|258/269|[from] move: Wish|[wisher] Glaceon\n|upkeep\n|turn|24\n|\n|t:|1782871092\n|move|p1a: Leavanny|Sticky Web|p2a: Bastiodon\n|-sidestart|p2: aci2nn|move: Sticky Web\n|move|p2a: Bastiodon|Iron Defense|p2a: Bastiodon\n|-boost|p2a: Bastiodon|def|2\n|\n|upkeep\n|turn|25\n|\n|t:|1782871094\n|move|p1a: Leavanny|Knock Off|p2a: Bastiodon\n|-resisted|p2a: Bastiodon\n|-damage|p2a: Bastiodon|207/252\n|-enditem|p2a: Bastiodon|Chesto Berry|[from] move: Knock Off|[of] p1a: Leavanny\n|move|p2a: Bastiodon|Body Press|p1a: Leavanny\n|-resisted|p1a: Leavanny\n|-damage|p1a: Leavanny|0 fnt\n|faint|p1a: Leavanny\n|\n|upkeep\n|\n|t:|1782871111\n|switch|p1a: Glaceon|Glaceon, L94, F|224/275 brn\n|turn|26\n|\n|t:|1782871114\n|move|p1a: Glaceon|Freeze-Dry|p2a: Bastiodon\n|-damage|p2a: Bastiodon|135/252\n|move|p2a: Bastiodon|Body Press|p1a: Glaceon\n|-supereffective|p1a: Glaceon\n|-damage|p1a: Glaceon|0 fnt\n|faint|p1a: Glaceon\n|\n|upkeep\n|\n|t:|1782871117\n|switch|p1a: Arboliva|Arboliva, L91, M|288/288\n|turn|27\n|\n|t:|1782871119\n|move|p1a: Arboliva|Hyper Voice|p2a: Bastiodon\n|-immune|p2a: Bastiodon|[from] ability: Soundproof\n|move|p2a: Bastiodon|Body Press|p1a: Arboliva\n|-supereffective|p1a: Arboliva\n|-damage|p1a: Arboliva|0 fnt\n|faint|p1a: Arboliva\n|\n|upkeep\n|-message|Jackblast421 forfeited.\n|\n|win|aci2nn\n|raw|Jackblast421's rating: 1786 &rarr; <strong>1770</strong><br />(-16 for losing)\n|raw|aci2nn's rating: 1865 &rarr; <strong>1881</strong><br />(+16 for winning)\n|l|\u2606Jackblast421\n|player|p1|\n", "inputlog": ">version f8ac14003a5f27e1bdc8d8c59608a773c1cb96e5\n>start {\"formatid\":\"gen9randombattle\",\"seed\":\"sodium,64bdb8506c309864e70472775c02c339\",\"rated\":\"Rated battle\"}\n>player p1 {\"name\":\"Jackblast421\",\"avatar\":\"170\",\"rating\":1786,\"seed\":\"sodium,f3de621b1023d0957fbac6e93b8cf877\"}\n>player p2 {\"name\":\"aci2nn\",\"avatar\":\"whitney\",\"rating\":1865,\"seed\":\"sodium,55451b1eb2b9a9927d5c4779ef3dc305\"}\n>p1 move surf\n>p2 switch 4\n>p1 switch 6\n>p2 move uturn\n>p2 switch 5\n>p1 switch 4\n>p2 move psystrike\n>p1 move thunderbolt\n>p2 switch 3\n>p1 switch 2\n>p2 move shellsmash\n>p1 move hypervoice\n>p2 switch 2\n>p1 move protect\n>p2 move knockoff\n>p1 switch 6\n>p2 move encore\n>p1 switch 2\n>p2 move willowisp\n>p1 move alluringvoice\n>p2 switch 2\n>p1 switch 2\n>p1 move icebeam\n>p2 switch 6\n>p1 move surf\n>p2 move knockoff\n>p1 move roost\n>p2 move knockoff\n>p1 move roost\n>p2 switch 5\n>p1 move surf\n>p2 move uturn\n>p2 switch 6\n>p2 switch 3\n>p1 move surf\n>p2 move nastyplot\n>p1 move surf\n>p2 move aurasphere\n>p1 switch 5\n>p1 move highhorsepower\n>p2 switch 5\n>p1 move overheat\n>p2 move earthquake\n>p2 switch 2\n>p1 switch 3\n>p2 move willowisp\n>p1 move freezedry\n>p2 switch 4\n>p1 move wish\n>p2 move irondefense terastallize\n>p1 switch 4\n>p2 move irondefense\n>p1 move stickyweb\n>p2 move irondefense\n>p1 move knockoff\n>p2 move bodypress\n>p1 switch 4\n>p1 move freezedry\n>p2 move bodypress\n>p1 switch 6\n>p1 move hypervoice\n>p2 move bodypress\n>forcelose p1", "uploadtime": 1782871125, "views": 11, "formatid": "gen9randombattle", "rating": 1770, "private": 0, "password": null, "player_dets": [{"name": "Jackblast421", "avatar": "170", "rating": 1786, "seed": "sodium,f3de621b1023d0957fbac6e93b8cf877"}, {"name": "aci2nn", "avatar": "whitney", "rating": 1865, "seed": "sodium,55451b1eb2b9a9927d5c4779ef3dc305"}], "teams_full": [{"Empoleon": {"name": "Empoleon", "species": "Empoleon", "speciesId": "empoleon", "gender": "F", "shiny": false, "level": 84, "moves": ["roar", "roost", "icebeam", "surf"], "ability": "Competitive", "evs": {"hp": 85, "atk": 0, "def": 85, "spa": 85, "spd": 85, "spe": 85}, "ivs": {"hp": 31, "atk": 0, "def": 31, "spa": 31, "spd": 31, "spe": 31}, "item": "Leftovers", "teraType": "Flying", "role": "Bulky Support", "bvs": {"hp": 84, "atk": 86, "def": 88, "spa": 111, "spd": 101, "spe": 60}, "stats": {"hp": 278, "atk": 149, "def": 196, "spa": 235, "spd": 218, "spe": 149}, "types": ["Water", "Steel"]}, "Arboliva": {"name": "Arboliva", "species": "Arboliva", "speciesId": "arboliva", "gender": "M", "shiny": false, "level": 91, "moves": ["leechseed", "hypervoice", "protect", "substitute"], "ability": "Harvest", "evs": {"hp": 77, "atk": 0, "def": 85, "spa": 85, "spd": 85, "spe": 85}, "ivs": {"hp": 31, "atk": 0, "def": 31, "spa": 31, "spd": 31, "spe": 31}, "item": "Sitrus Berry", "teraType": "Water", "role": "Bulky Support", "bvs": {"hp": 78, "atk": 69, "def": 90, "spa": 125, "spd": 109, "spe": 39}, "stats": {"hp": 288, "atk": 130, "def": 216, "spa": 279, "spd": 250, "spe": 123}, "types": ["Grass", "Normal"]}, "Glaceon": {"name": "Glaceon", "species": "Glaceon", "speciesId": "glaceon", "gender": "F", "shiny": false, "level": 94, "moves": ["freezedry", "protect", "wish", "calmmind"], "ability": "Ice Body", "evs": {"hp": 85, "atk": 0, "def": 85, "spa": 85, "spd": 85, "spe": 85}, "ivs": {"hp": 31, "atk": 0, "def": 31, "spa": 31, "spd": 31, "spe": 31}, "item": "Heavy-Duty Boots", "teraType": "Water", "role": "Bulky Setup", "bvs": {"hp": 65, "atk": 60, "def": 110, "spa": 130, "spd": 95, "spe": 65}, "stats": {"hp": 275, "atk": 117, "def": 260, "spa": 298, "spd": 232, "spe": 176}, "types": ["Ice"]}, "Jolteon": {"name": "Jolteon", "species": "Jolteon", "speciesId": "jolteon", "gender": "F", "shiny": false, "level": 84, "moves": ["calmmind", "alluringvoice", "thunderbolt", "shadowball"], "ability": "Volt Absorb", "evs": {"hp": 85, "atk": 0, "def": 85, "spa": 85, "spd": 85, "spe": 85}, "ivs": {"hp": 31, "atk": 0, "def": 31, "spa": 31, "spd": 31, "spe": 31}, "item": "Life Orb", "teraType": "Fairy", "role": "Fast Attacker", "bvs": {"hp": 65, "atk": 65, "def": 60, "spa": 110, "spd": 95, "spe": 130}, "stats": {"hp": 246, "atk": 114, "def": 149, "spa": 233, "spd": 208, "spe": 267}, "types": ["Electric"]}, "Zebstrika": {"name": "Zebstrika", "species": "Zebstrika", "speciesId": "zebstrika", "gender": "F", "shiny": false, "level": 87, "moves": ["voltswitch", "overheat", "highhorsepower", "supercellslam"], "ability": "Sap Sipper", "evs": {"hp": 85, "atk": 85, "def": 85, "spa": 85, "spd": 85, "spe": 85}, "ivs": {"hp": 31, "atk": 31, "def": 31, "spa": 31, "spd": 31, "spe": 31}, "item": "Life Orb", "teraType": "Ground", "role": "Fast Attacker", "bvs": {"hp": 75, "atk": 100, "def": 63, "spa": 80, "spd": 63, "spe": 116}, "stats": {"hp": 272, "atk": 224, "def": 159, "spa": 189, "spd": 159, "spe": 252}, "types": ["Electric"]}, "Leavanny": {"name": "Leavanny", "species": "Leavanny", "speciesId": "leavanny", "gender": "M", "shiny": false, "level": 86, "moves": ["bulletseed", "knockoff", "tripleaxel", "stickyweb"], "ability": "Chlorophyll", "evs": {"hp": 85, "atk": 85, "def": 85, "spa": 85, "spd": 85, "spe": 85}, "ivs": {"hp": 31, "atk": 31, "def": 31, "spa": 31, "spd": 31, "spe": 31}, "item": "Loaded Dice", "teraType": "Ghost", "role": "Fast Attacker", "bvs": {"hp": 75, "atk": 103, "def": 80, "spa": 70, "spd": 80, "spe": 92}, "stats": {"hp": 269, "atk": 226, "def": 187, "spa": 170, "spd": 187, "spe": 207}, "types": ["Bug", "Grass"]}}, {"Bastiodon": {"name": "Bastiodon", "species": "Bastiodon", "speciesId": "bastiodon", "gender": "M", "shiny": false, "level": 89, "moves": ["bodypress", "irondefense", "foulplay", "rest"], "ability": "Soundproof", "evs": {"hp": 85, "atk": 0, "def": 85, "spa": 85, "spd": 85, "spe": 85}, "ivs": {"hp": 31, "atk": 0, "def": 31, "spa": 31, "spd": 31, "spe": 31}, "item": "Chesto Berry", "teraType": "Fighting", "role": "Bulky Setup", "bvs": {"hp": 60, "atk": 52, "def": 168, "spa": 47, "spd": 138, "spe": 30}, "stats": {"hp": 252, "atk": 97, "def": 350, "spa": 134, "spd": 296, "spe": 104}, "types": ["Rock", "Steel"]}, "Sableye": {"name": "Sableye", "species": "Sableye", "speciesId": "sableye", "gender": "F", "shiny": false, "level": 88, "moves": ["knockoff", "recover", "encore", "willowisp"], "ability": "Prankster", "evs": {"hp": 85, "atk": 85, "def": 85, "spa": 85, "spd": 85, "spe": 85}, "ivs": {"hp": 31, "atk": 31, "def": 31, "spa": 31, "spd": 31, "spe": 31}, "item": "Leftovers", "teraType": "Poison", "role": "Bulky Support", "bvs": {"hp": 50, "atk": 75, "def": 75, "spa": 65, "spd": 65, "spe": 50}, "stats": {"hp": 231, "atk": 182, "def": 182, "spa": 165, "spd": 165, "spe": 138}, "types": ["Dark", "Ghost"]}, "Torterra": {"name": "Torterra", "species": "Torterra", "speciesId": "torterra", "gender": "M", "shiny": false, "level": 78, "moves": ["rockblast", "shellsmash", "bulletseed", "headlongrush"], "ability": "Overgrow", "evs": {"hp": 85, "atk": 85, "def": 85, "spa": 85, "spd": 85, "spe": 85}, "ivs": {"hp": 31, "atk": 31, "def": 31, "spa": 31, "spd": 31, "spe": 31}, "item": "Loaded Dice", "teraType": "Water", "role": "Setup Sweeper", "bvs": {"hp": 95, "atk": 109, "def": 105, "spa": 75, "spd": 85, "spe": 56}, "stats": {"hp": 276, "atk": 215, "def": 209, "spa": 162, "spd": 178, "spe": 132}, "types": ["Grass", "Ground"]}, "Urshifu": {"name": "Urshifu", "species": "Urshifu-Rapid-Strike", "speciesId": "urshifurapidstrike", "gender": "M", "shiny": false, "level": 75, "moves": ["aquajet", "closecombat", "uturn", "surgingstrikes"], "ability": "Unseen Fist", "evs": {"hp": 85, "atk": 85, "def": 85, "spa": 85, "spd": 85, "spe": 85}, "ivs": {"hp": 31, "atk": 31, "def": 31, "spa": 31, "spd": 31, "spe": 31}, "item": "Choice Band", "teraType": "Water", "role": "Fast Attacker", "bvs": {"hp": 100, "atk": 130, "def": 100, "spa": 63, "spd": 60, "spe": 97}, "stats": {"hp": 274, "atk": 239, "def": 194, "spa": 138, "spd": 134, "spe": 189}, "types": ["Fighting", "Water"]}, "Mewtwo": {"name": "Mewtwo", "species": "Mewtwo", "speciesId": "mewtwo", "gender": "N", "shiny": false, "level": 72, "moves": ["fireblast", "aurasphere", "nastyplot", "psystrike"], "ability": "Pressure", "evs": {"hp": 85, "atk": 0, "def": 85, "spa": 85, "spd": 85, "spe": 85}, "ivs": {"hp": 31, "atk": 0, "def": 31, "spa": 31, "spd": 31, "spe": 31}, "item": "Life Orb", "teraType": "Fighting", "role": "Setup Sweeper", "bvs": {"hp": 106, "atk": 110, "def": 90, "spa": 154, "spd": 90, "spe": 130}, "stats": {"hp": 272, "atk": 163, "def": 172, "spa": 264, "spd": 172, "spe": 229}, "types": ["Psychic"]}, "Copperajah": {"name": "Copperajah", "species": "Copperajah", "speciesId": "copperajah", "gender": "M", "shiny": false, "level": 86, "moves": ["stoneedge", "heavyslam", "earthquake", "knockoff"], "ability": "Heavy Metal", "evs": {"hp": 85, "atk": 85, "def": 85, "spa": 85, "spd": 85, "spe": 85}, "ivs": {"hp": 31, "atk": 31, "def": 31, "spa": 31, "spd": 31, "spe": 31}, "item": "Choice Band", "teraType": "Flying", "role": "Bulky Attacker", "bvs": {"hp": 122, "atk": 130, "def": 69, "spa": 80, "spd": 69, "spe": 30}, "stats": {"hp": 350, "atk": 273, "def": 168, "spa": 187, "spd": 168, "spe": 101}, "types": ["Steel"]}}]}