{"id": "gen9randombattle-2641855780", "format": "[Gen 9] Random Battle", "players": ["SXD2002", "HeavenllyAsura"], "log": "|j|\u2606SXD2002\n|j|\u2606HeavenllyAsura\n|t:|1782850052\n|gametype|singles\n|player|p1|SXD2002|266|1392\n|player|p2|HeavenllyAsura|266|1345\n|gen|9\n|tier|[Gen 9] Random Battle\n|rated|\n|rule|Species Clause: Limit one of each Pok\u00e9mon\n|rule|HP Percentage Mod: HP is shown in percentages\n|rule|Sleep Clause Mod: Limit one foe put to sleep\n|rule|Illusion Level Mod: Illusion disguises the Pok\u00e9mon's true level\n|\n|t:|1782850052\n|teamsize|p1|6\n|teamsize|p2|6\n|start\n|switch|p1a: Wugtrio|Wugtrio, L91, F|212/212\n|switch|p2a: Rhyperior|Rhyperior, L82, F|323/323\n|turn|1\n|inactive|Battle timer is ON: inactive players will automatically lose when time's up. (requested by HeavenllyAsura)\n|inactive|SXD2002 also wants the timer to be on.\n|inactive|SXD2002 has 120 seconds left.\n|\n|t:|1782850088\n|switch|p2a: Glaceon|Glaceon, L94, M|275/275\n|move|p1a: Wugtrio|Liquidation|p2a: Glaceon\n|-damage|p2a: Glaceon|157/275\n|\n|upkeep\n|turn|2\n|\n|t:|1782850095\n|switch|p1a: Hariyama|Hariyama, L87, F|392/392\n|move|p2a: Glaceon|Freeze-Dry|p1a: Hariyama\n|-damage|p1a: Hariyama|338/392\n|\n|upkeep\n|turn|3\n|\n|t:|1782850108\n|switch|p2a: Pelipper|Pelipper, L86, M|243/243\n|-weather|RainDance|[from] ability: Drizzle|[of] p2a: Pelipper\n|move|p1a: Hariyama|Close Combat|p2a: Pelipper\n|-resisted|p2a: Pelipper\n|-damage|p2a: Pelipper|178/243\n|-unboost|p1a: Hariyama|def|1\n|-unboost|p1a: Hariyama|spd|1\n|\n|-weather|RainDance|[upkeep]\n|upkeep\n|turn|4\n|\n|t:|1782850117\n|switch|p1a: Volcanion|Volcanion, L79|255/255\n|move|p2a: Pelipper|Hurricane|p1a: Volcanion\n|-damage|p1a: Volcanion|173/255\n|\n|-weather|RainDance|[upkeep]\n|upkeep\n|turn|5\n|\n|t:|1782850128\n|move|p2a: Pelipper|Hurricane|p1a: Volcanion\n|-damage|p1a: Volcanion|94/255\n|-start|p1a: Volcanion|confusion\n|-activate|p1a: Volcanion|confusion\n|move|p1a: Volcanion|Steam Eruption|p2a: Pelipper\n|-resisted|p2a: Pelipper\n|-damage|p2a: Pelipper|73/243\n|\n|-weather|RainDance|[upkeep]\n|upkeep\n|turn|6\n|\n|t:|1782850135\n|move|p2a: Pelipper|Hurricane|p1a: Volcanion\n|-damage|p1a: Volcanion|6/255\n|-activate|p1a: Volcanion|confusion\n|-damage|p1a: Volcanion|0 fnt|[from] confusion\n|faint|p1a: Volcanion\n|\n|-weather|RainDance|[upkeep]\n|upkeep\n|\n|t:|1782850141\n|switch|p1a: Wugtrio|Wugtrio, L91, F|212/212\n|turn|7\n|\n|t:|1782850144\n|move|p1a: Wugtrio|Liquidation|p2a: Pelipper\n|-resisted|p2a: Pelipper\n|-damage|p2a: Pelipper|0 fnt\n|faint|p2a: Pelipper\n|\n|-weather|none\n|upkeep\n|\n|t:|1782850147\n|switch|p2a: Glaceon|Glaceon, L94, M|157/275\n|turn|8\n|\n|t:|1782850153\n|switch|p1a: Hariyama|Hariyama, L87, F|338/392\n|move|p2a: Glaceon|Wish|p2a: Glaceon\n|\n|upkeep\n|turn|9\n|\n|t:|1782850162\n|switch|p2a: Illumise|Illumise, L91, F|266/266\n|switch|p1a: Ursaring|Ursaring, L84, F|288/288\n|\n|-status|p1a: Ursaring|tox|[from] item: Toxic Orb\n|upkeep\n|turn|10\n|\n|t:|1782850190\n|move|p1a: Ursaring|Facade|p2a: Illumise\n|-damage|p2a: Illumise|83/266\n|move|p2a: Illumise|Bug Buzz|p1a: Ursaring\n|-damage|p1a: Ursaring|182/288 tox\n|\n|-damage|p1a: Ursaring|164/288 tox|[from] psn\n|upkeep\n|turn|11\n|inactive|SXD2002 has 120 seconds left.\n|\n|t:|1782850238\n|switch|p2a: Rhyperior|Rhyperior, L82, F|323/323\n|move|p1a: Ursaring|Facade|p2a: Rhyperior\n|-resisted|p2a: Rhyperior\n|-damage|p2a: Rhyperior|248/323\n|\n|-damage|p1a: Ursaring|128/288 tox|[from] psn\n|upkeep\n|turn|12\n|\n|t:|1782850247\n|switch|p1a: Hariyama|Hariyama, L87, F|338/392\n|move|p2a: Rhyperior|Earthquake|p1a: Hariyama\n|-damage|p1a: Hariyama|92/392\n|\n|upkeep\n|turn|13\n|inactive|SXD2002 has 120 seconds left.\n|\n|t:|1782850253\n|switch|p1a: Zapdos|Zapdos-Galar, L77|265/265\n|move|p2a: Rhyperior|Earthquake|p1a: Zapdos\n|-immune|p1a: Zapdos\n|\n|upkeep\n|turn|14\n|inactive|SXD2002 has 120 seconds left.\n|inactive|SXD2002 has 90 seconds left.\n|\n|t:|1782850296\n|switch|p2a: Mamoswine|Mamoswine, L81, M|311/311\n|move|p1a: Zapdos|U-turn|p2a: Mamoswine\n|-damage|p2a: Mamoswine|224/311\n|\n|t:|1782850300\n|switch|p1a: Wugtrio|Wugtrio, L91, F|212/212|[from] U-turn\n|\n|upkeep\n|turn|15\n|\n|t:|1782850306\n|move|p1a: Wugtrio|Liquidation|p2a: Mamoswine\n|-supereffective|p2a: Mamoswine\n|-damage|p2a: Mamoswine|0 fnt\n|faint|p2a: Mamoswine\n|\n|upkeep\n|\n|t:|1782850310\n|switch|p2a: Glaceon|Glaceon, L94, M|157/275\n|turn|16\n|\n|t:|1782850314\n|move|p1a: Wugtrio|Liquidation|p2a: Glaceon\n|-damage|p2a: Glaceon|37/275\n|move|p2a: Glaceon|Wish|p2a: Glaceon\n|\n|upkeep\n|turn|17\n|\n|t:|1782850321\n|switch|p1a: Zapdos|Zapdos-Galar, L77|265/265\n|move|p2a: Glaceon|Protect||[still]\n|-fail|p2a: Glaceon\n|\n|-heal|p2a: Glaceon|174/275|[from] move: Wish|[wisher] Glaceon\n|upkeep\n|turn|18\n|\n|t:|1782850327\n|move|p1a: Zapdos|Close Combat|p2a: Glaceon\n|-supereffective|p2a: Glaceon\n|-damage|p2a: Glaceon|0 fnt\n|-unboost|p1a: Zapdos|def|1\n|-unboost|p1a: Zapdos|spd|1\n|faint|p2a: Glaceon\n|\n|upkeep\n|\n|t:|1782850330\n|switch|p2a: Illumise|Illumise, L91, F|83/266\n|turn|19\n|\n|t:|1782850342\n|switch|p1a: Ursaring|Ursaring, L84, F|128/288 tox\n|move|p2a: Illumise|Thunder Wave||[still]\n|-fail|p2a: Illumise\n|\n|-damage|p1a: Ursaring|110/288 tox|[from] psn\n|upkeep\n|turn|20\n|\n|t:|1782850358\n|switch|p2a: Rhyperior|Rhyperior, L82, F|248/323\n|move|p1a: Ursaring|Facade|p2a: Rhyperior\n|-resisted|p2a: Rhyperior\n|-damage|p2a: Rhyperior|182/323\n|\n|-damage|p1a: Ursaring|74/288 tox|[from] psn\n|upkeep\n|turn|21\n|\n|t:|1782850367\n|move|p1a: Ursaring|Close Combat|p2a: Rhyperior\n|-supereffective|p2a: Rhyperior\n|-damage|p2a: Rhyperior|64/323\n|-unboost|p1a: Ursaring|def|1\n|-unboost|p1a: Ursaring|spd|1\n|move|p2a: Rhyperior|Stone Edge|p1a: Ursaring\n|-damage|p1a: Ursaring|0 fnt\n|faint|p1a: Ursaring\n|\n|upkeep\n|\n|t:|1782850382\n|switch|p1a: Hariyama|Hariyama, L87, F|92/392\n|turn|22\n|\n|t:|1782850385\n|move|p1a: Hariyama|Knock Off|p2a: Rhyperior\n|-damage|p2a: Rhyperior|0 fnt\n|-enditem|p2a: Rhyperior|Choice Band|[from] move: Knock Off|[of] p1a: Hariyama\n|faint|p2a: Rhyperior\n|\n|upkeep\n|\n|t:|1782850388\n|switch|p2a: Illumise|Illumise, L91, F|83/266\n|turn|23\n|\n|t:|1782850399\n|move|p2a: Illumise|Roost|p2a: Illumise\n|-heal|p2a: Illumise|216/266\n|-singleturn|p2a: Illumise|move: Roost\n|move|p1a: Hariyama|Stone Edge|p2a: Illumise\n|-supereffective|p2a: Illumise\n|-damage|p2a: Illumise|40/266\n|\n|upkeep\n|turn|24\n|\n|t:|1782850411\n|move|p2a: Illumise|Thunder Wave|p1a: Hariyama\n|-status|p1a: Hariyama|par\n|move|p1a: Hariyama|Stone Edge|p2a: Illumise\n|-supereffective|p2a: Illumise\n|-damage|p2a: Illumise|0 fnt\n|faint|p2a: Illumise\n|\n|upkeep\n|\n|t:|1782850416\n|switch|p2a: Palkia|Palkia, L75|259/259\n|-ability|p2a: Palkia|Pressure\n|turn|25\n|\n|t:|1782850430\n|move|p2a: Palkia|Spacial Rend|p1a: Hariyama\n|-damage|p1a: Hariyama|0 fnt\n|faint|p1a: Hariyama\n|\n|upkeep\n|\n|t:|1782850449\n|switch|p1a: Zapdos|Zapdos-Galar, L77|265/265\n|turn|26\n|\n|t:|1782850457\n|-terastallize|p1a: Zapdos|Fighting\n|move|p1a: Zapdos|Close Combat|p2a: Palkia\n|-damage|p2a: Palkia|19/259\n|-unboost|p1a: Zapdos|def|1\n|-unboost|p1a: Zapdos|spd|1\n|move|p2a: Palkia|Spacial Rend|p1a: Zapdos\n|-crit|p1a: Zapdos\n|-damage|p1a: Zapdos|0 fnt\n|faint|p1a: Zapdos\n|\n|upkeep\n|\n|t:|1782850471\n|switch|p1a: Wugtrio|Wugtrio, L91, F|212/212\n|turn|27\n|\n|t:|1782850476\n|move|p1a: Wugtrio|Liquidation|p2a: Palkia\n|-resisted|p2a: Palkia\n|-damage|p2a: Palkia|0 fnt\n|faint|p2a: Palkia\n|\n|win|SXD2002\n|raw|SXD2002's rating: 1392 &rarr; <strong>1409</strong><br />(+17 for winning)\n|raw|HeavenllyAsura's rating: 1345 &rarr; <strong>1328</strong><br />(-17 for losing)\n|l|\u2606HeavenllyAsura\n|player|p2|\n", "inputlog": ">version f8ac14003a5f27e1bdc8d8c59608a773c1cb96e5\n>start {\"formatid\":\"gen9randombattle\",\"seed\":\"sodium,565a98113b04ac1b3389c87b249d68c4\",\"rated\":\"Rated battle\"}\n>player p1 {\"name\":\"SXD2002\",\"avatar\":\"266\",\"rating\":1392,\"seed\":\"sodium,2aba18527e0277b9833e6e3047cfd9b4\"}\n>player p2 {\"name\":\"HeavenllyAsura\",\"avatar\":\"266\",\"rating\":1345,\"seed\":\"sodium,ef2d033f142747a7c2558470cd843f1a\"}\n>p1 move liquidation\n>p2 switch 4\n>p1 switch 5\n>p2 move freezedry\n>p1 move closecombat\n>p2 switch 5\n>p1 switch 3\n>p2 move hurricane\n>p1 move steameruption\n>p2 move hurricane\n>p1 move flamecharge\n>p2 move hurricane\n>p1 switch 5\n>p1 move liquidation\n>p2 move hurricane\n>p2 switch 5\n>p1 switch 3\n>p2 move wish\n>p1 switch 2\n>p2 switch 2\n>p1 move facade\n>p2 move bugbuzz\n>p1 move facade\n>p2 switch 4\n>p1 switch 2\n>p2 move earthquake\n>p1 switch 4\n>p2 move earthquake\n>p1 move uturn\n>p2 switch 3\n>p1 switch 3\n>p1 move liquidation\n>p2 move knockoff\n>p2 switch 2\n>p1 move liquidation\n>p2 move wish\n>p1 switch 3\n>p2 move protect\n>p1 move closecombat\n>p2 move wish\n>p2 switch 4\n>p1 switch 2\n>p2 move thunderwave\n>p1 move facade\n>p2 switch 3\n>p1 move closecombat\n>p2 move stoneedge\n>p1 switch 4\n>p1 move knockoff\n>p2 move stoneedge\n>p2 switch 3\n>p1 move stoneedge\n>p2 move roost\n>p1 move stoneedge\n>p2 move thunderwave\n>p2 switch 6\n>p1 move knockoff\n>p2 move spacialrend\n>p1 switch 2\n>p1 move closecombat terastallize\n>p2 move spacialrend\n>p1 switch 3\n>p1 move liquidation\n>p2 move spacialrend", "uploadtime": 1782850484, "views": 8, "formatid": "gen9randombattle", "rating": 1328, "private": 0, "password": null, "player_dets": [{"name": "SXD2002", "avatar": "266", "rating": 1392, "seed": "sodium,2aba18527e0277b9833e6e3047cfd9b4"}, {"name": "HeavenllyAsura", "avatar": "266", "rating": 1345, "seed": "sodium,ef2d033f142747a7c2558470cd843f1a"}], "teams_full": [{"Wugtrio": {"name": "Wugtrio", "species": "Wugtrio", "speciesId": "wugtrio", "gender": "F", "shiny": false, "level": 91, "moves": ["throatchop", "stompingtantrum", "liquidation", "aquajet"], "ability": "Gooey", "evs": {"hp": 85, "atk": 85, "def": 85, "spa": 85, "spd": 85, "spe": 85}, "ivs": {"hp": 31, "atk": 31, "def": 31, "spa": 31, "spd": 31, "spe": 31}, "item": "Choice Band", "teraType": "Ground", "role": "Fast Attacker", "bvs": {"hp": 35, "atk": 100, "def": 50, "spa": 50, "spd": 70, "spe": 120}, "stats": {"hp": 212, "atk": 234, "def": 143, "spa": 143, "spd": 179, "spe": 270}, "types": ["Water"]}, "Ursaring": {"name": "Ursaring", "species": "Ursaring", "speciesId": "ursaring", "gender": "F", "shiny": false, "level": 84, "moves": ["facade", "closecombat", "throatchop", "swordsdance"], "ability": "Quick Feet", "evs": {"hp": 85, "atk": 85, "def": 85, "spa": 85, "spd": 85, "spe": 85}, "ivs": {"hp": 31, "atk": 31, "def": 31, "spa": 31, "spd": 31, "spe": 31}, "item": "Toxic Orb", "teraType": "Normal", "role": "Setup Sweeper", "bvs": {"hp": 90, "atk": 130, "def": 75, "spa": 75, "spd": 75, "spe": 55}, "stats": {"hp": 288, "atk": 267, "def": 174, "spa": 174, "spd": 174, "spe": 141}, "types": ["Normal"]}, "Volcanion": {"name": "Volcanion", "species": "Volcanion", "speciesId": "volcanion", "gender": "N", "shiny": false, "level": 79, "moves": ["flamecharge", "earthpower", "flamethrower", "steameruption"], "ability": "Water Absorb", "evs": {"hp": 81, "atk": 85, "def": 85, "spa": 85, "spd": 85, "spe": 85}, "ivs": {"hp": 31, "atk": 31, "def": 31, "spa": 31, "spd": 31, "spe": 31}, "item": "Assault Vest", "teraType": "Ground", "role": "Bulky Attacker", "bvs": {"hp": 80, "atk": 110, "def": 120, "spa": 130, "spd": 90, "spe": 70}, "stats": {"hp": 255, "atk": 219, "def": 235, "spa": 251, "spd": 188, "spe": 156}, "types": ["Fire", "Water"]}, "Zapdos": {"name": "Zapdos", "species": "Zapdos-Galar", "speciesId": "zapdosgalar", "gender": "N", "shiny": false, "level": 77, "moves": ["knockoff", "closecombat", "uturn", "bravebird"], "ability": "Defiant", "evs": {"hp": 85, "atk": 85, "def": 85, "spa": 85, "spd": 85, "spe": 85}, "ivs": {"hp": 31, "atk": 31, "def": 31, "spa": 31, "spd": 31, "spe": 31}, "item": "Choice Band", "teraType": "Fighting", "role": "Fast Attacker", "bvs": {"hp": 90, "atk": 125, "def": 90, "spa": 85, "spd": 90, "spe": 100}, "stats": {"hp": 265, "atk": 237, "def": 183, "spa": 175, "spd": 183, "spe": 199}, "types": ["Fighting", "Flying"]}, "Hariyama": {"name": "Hariyama", "species": "Hariyama", "speciesId": "hariyama", "gender": "F", "shiny": false, "level": 87, "moves": ["heavyslam", "closecombat", "knockoff", "stoneedge"], "ability": "Thick Fat", "evs": {"hp": 85, "atk": 85, "def": 85, "spa": 85, "spd": 85, "spe": 85}, "ivs": {"hp": 31, "atk": 31, "def": 31, "spa": 31, "spd": 31, "spe": 31}, "item": "Assault Vest", "teraType": "Steel", "role": "AV Pivot", "bvs": {"hp": 144, "atk": 120, "def": 60, "spa": 40, "spd": 60, "spe": 50}, "stats": {"hp": 392, "atk": 259, "def": 154, "spa": 119, "spd": 154, "spe": 137}, "types": ["Fighting"]}, "Mismagius": {"name": "Mismagius", "species": "Mismagius", "speciesId": "mismagius", "gender": "M", "shiny": false, "level": 86, "moves": ["dazzlinggleam", "trick", "shadowball", "thunderbolt"], "ability": "Levitate", "evs": {"hp": 85, "atk": 0, "def": 85, "spa": 85, "spd": 85, "spe": 85}, "ivs": {"hp": 31, "atk": 0, "def": 31, "spa": 31, "spd": 31, "spe": 31}, "item": "Choice Specs", "teraType": "Ghost", "role": "Wallbreaker", "bvs": {"hp": 60, "atk": 60, "def": 60, "spa": 105, "spd": 105, "spe": 105}, "stats": {"hp": 243, "atk": 108, "def": 152, "spa": 230, "spd": 230, "spe": 230}, "types": ["Ghost"]}}, {"Rhyperior": {"name": "Rhyperior", "species": "Rhyperior", "speciesId": "rhyperior", "gender": "F", "shiny": false, "level": 82, "moves": ["stoneedge", "earthquake", "megahorn", "icepunch"], "ability": "Solid Rock", "evs": {"hp": 85, "atk": 85, "def": 85, "spa": 85, "spd": 85, "spe": 85}, "ivs": {"hp": 31, "atk": 31, "def": 31, "spa": 31, "spd": 31, "spe": 31}, "item": "Choice Band", "teraType": "Bug", "role": "Bulky Attacker", "bvs": {"hp": 115, "atk": 140, "def": 130, "spa": 55, "spd": 55, "spe": 40}, "stats": {"hp": 323, "atk": 277, "def": 260, "spa": 137, "spd": 137, "spe": 113}, "types": ["Ground", "Rock"]}, "Illumise": {"name": "Illumise", "species": "Illumise", "speciesId": "illumise", "gender": "F", "shiny": false, "level": 91, "moves": ["roost", "encore", "bugbuzz", "thunderwave"], "ability": "Prankster", "evs": {"hp": 85, "atk": 0, "def": 85, "spa": 85, "spd": 85, "spe": 85}, "ivs": {"hp": 31, "atk": 0, "def": 31, "spa": 31, "spd": 31, "spe": 31}, "item": "Heavy-Duty Boots", "teraType": "Steel", "role": "Bulky Support", "bvs": {"hp": 65, "atk": 47, "def": 75, "spa": 73, "spd": 85, "spe": 85}, "stats": {"hp": 266, "atk": 90, "def": 188, "spa": 185, "spd": 207, "spe": 207}, "types": ["Bug"]}, "Mamoswine": {"name": "Mamoswine", "species": "Mamoswine", "speciesId": "mamoswine", "gender": "M", "shiny": false, "level": 81, "moves": ["iciclecrash", "earthquake", "knockoff", "iceshard"], "ability": "Thick Fat", "evs": {"hp": 85, "atk": 85, "def": 85, "spa": 85, "spd": 85, "spe": 85}, "ivs": {"hp": 31, "atk": 31, "def": 31, "spa": 31, "spd": 31, "spe": 31}, "item": "Choice Band", "teraType": "Ground", "role": "Wallbreaker", "bvs": {"hp": 110, "atk": 130, "def": 80, "spa": 70, "spd": 60, "spe": 80}, "stats": {"hp": 311, "atk": 257, "def": 176, "spa": 160, "spd": 144, "spe": 176}, "types": ["Ice", "Ground"]}, "Glaceon": {"name": "Glaceon", "species": "Glaceon", "speciesId": "glaceon", "gender": "M", "shiny": false, "level": 94, "moves": ["protect", "freezedry", "wish", "calmmind"], "ability": "Ice Body", "evs": {"hp": 85, "atk": 0, "def": 85, "spa": 85, "spd": 85, "spe": 85}, "ivs": {"hp": 31, "atk": 0, "def": 31, "spa": 31, "spd": 31, "spe": 31}, "item": "Heavy-Duty Boots", "teraType": "Water", "role": "Bulky Setup", "bvs": {"hp": 65, "atk": 60, "def": 110, "spa": 130, "spd": 95, "spe": 65}, "stats": {"hp": 275, "atk": 117, "def": 260, "spa": 298, "spd": 232, "spe": 176}, "types": ["Ice"]}, "Pelipper": {"name": "Pelipper", "species": "Pelipper", "speciesId": "pelipper", "gender": "M", "shiny": false, "level": 86, "moves": ["hurricane", "uturn", "roost", "hydropump"], "ability": "Drizzle", "evs": {"hp": 85, "atk": 85, "def": 85, "spa": 85, "spd": 85, "spe": 85}, "ivs": {"hp": 31, "atk": 31, "def": 31, "spa": 31, "spd": 31, "spe": 31}, "item": "Heavy-Duty Boots", "teraType": "Ground", "role": "Bulky Attacker", "bvs": {"hp": 60, "atk": 50, "def": 100, "spa": 95, "spd": 70, "spe": 65}, "stats": {"hp": 243, "atk": 135, "def": 221, "spa": 213, "spd": 170, "spe": 161}, "types": ["Water", "Flying"]}, "Palkia": {"name": "Palkia", "species": "Palkia", "speciesId": "palkia", "gender": "N", "shiny": false, "level": 75, "moves": ["spacialrend", "hydropump", "fireblast", "dracometeor"], "ability": "Pressure", "evs": {"hp": 85, "atk": 0, "def": 85, "spa": 85, "spd": 85, "spe": 85}, "ivs": {"hp": 31, "atk": 0, "def": 31, "spa": 31, "spd": 31, "spe": 31}, "item": "Choice Specs", "teraType": "Dragon", "role": "Fast Attacker", "bvs": {"hp": 90, "atk": 120, "def": 100, "spa": 150, "spd": 120, "spe": 100}, "stats": {"hp": 259, "atk": 185, "def": 194, "spa": 269, "spd": 224, "spe": 194}, "types": ["Water", "Dragon"]}}]}