{"id": "gen9randombattle-2641958936", "format": "[Gen 9] Random Battle", "players": ["cheeseboy628", "milkreo"], "log": "|badge|p1|bronze|gen9randombattle|100-10\n|uhtml|medal-msg|<div class=\"broadcast-blue\">Curious what those medals under the avatar are? PS now has Ladder Seasons! For more information, check out the <a href=\"https://www.smogon.com/forums/threads/3740067/\">thread on Smogon.</a></div>\n|badge|p2|silver|gen9randombattle|30-10\n|uhtml|medal-msg|<div class=\"broadcast-blue\">Curious what those medals under the avatar are? PS now has Ladder Seasons! For more information, check out the <a href=\"https://www.smogon.com/forums/threads/3740067/\">thread on Smogon.</a></div>\n|j|\u2606cheeseboy628\n|j|\u2606milkreo\n|t:|1782864904\n|gametype|singles\n|player|p1|cheeseboy628|norman|2321\n|player|p2|milkreo|266|2434\n|gen|9\n|tier|[Gen 9] Random Battle\n|rated|\n|rule|Species Clause: Limit one of each Pok\u00e9mon\n|rule|HP Percentage Mod: HP is shown in percentages\n|rule|Sleep Clause Mod: Limit one foe put to sleep\n|rule|Illusion Level Mod: Illusion disguises the Pok\u00e9mon's true level\n|\n|t:|1782864904\n|teamsize|p1|6\n|teamsize|p2|6\n|start\n|switch|p1a: Braviary|Braviary, L85, M|309/309\n|switch|p2a: Copperajah|Copperajah, L86, M|350/350\n|turn|1\n|\n|t:|1782864912\n|move|p1a: Braviary|Bulk Up|p1a: Braviary\n|-boost|p1a: Braviary|atk|1\n|-boost|p1a: Braviary|def|1\n|move|p2a: Copperajah|Heavy Slam|p1a: Braviary\n|-damage|p1a: Braviary|122/309\n|\n|upkeep\n|turn|2\n|\n|t:|1782864938\n|move|p1a: Braviary|Close Combat|p2a: Copperajah\n|-supereffective|p2a: Copperajah\n|-damage|p2a: Copperajah|0 fnt\n|-unboost|p1a: Braviary|def|1\n|-unboost|p1a: Braviary|spd|1\n|faint|p2a: Copperajah\n|\n|upkeep\n|\n|t:|1782864946\n|switch|p2a: Zapdos|Zapdos-Galar, L77|265/265\n|turn|3\n|\n|t:|1782865009\n|move|p2a: Zapdos|Brave Bird|p1a: Braviary\n|-damage|p1a: Braviary|0 fnt\n|faint|p1a: Braviary\n|-damage|p2a: Zapdos|225/265|[from] Recoil\n|\n|upkeep\n|\n|t:|1782865015\n|switch|p1a: Heatran|Heatran, L79, M|273/273\n|-item|p1a: Heatran|Air Balloon\n|turn|4\n|\n|t:|1782865027\n|switch|p2a: Cresselia|Cresselia, L80, F|323/323\n|move|p1a: Heatran|Stealth Rock|p2a: Cresselia\n|-sidestart|p2: milkreo|move: Stealth Rock\n|\n|upkeep\n|turn|5\n|\n|t:|1782865076\n|switch|p1a: Meowscarada|Meowscarada, L78, M|247/247\n|move|p2a: Cresselia|Thunderbolt|p1a: Meowscarada\n|-resisted|p1a: Meowscarada\n|-damage|p1a: Meowscarada|215/247\n|\n|upkeep\n|turn|6\n|\n|t:|1782865109\n|move|p1a: Meowscarada|Knock Off|p2a: Cresselia\n|-start|p1a: Meowscarada|typechange|Dark|[from] ability: Protean\n|-supereffective|p2a: Cresselia\n|-damage|p2a: Cresselia|153/323\n|-enditem|p2a: Cresselia|Leftovers|[from] move: Knock Off|[of] p1a: Meowscarada\n|move|p2a: Cresselia|Psyshock|p1a: Meowscarada\n|-immune|p1a: Meowscarada\n|\n|upkeep\n|turn|7\n|\n|t:|1782865122\n|move|p1a: Meowscarada|Toxic Spikes|p2a: Cresselia\n|-sidestart|p2: milkreo|move: Toxic Spikes\n|move|p2a: Cresselia|Moonlight|p2a: Cresselia\n|-heal|p2a: Cresselia|314/323\n|\n|upkeep\n|turn|8\n|\n|t:|1782865137\n|switch|p2a: Zapdos|Zapdos-Galar, L77|225/265\n|-damage|p2a: Zapdos|192/265|[from] Stealth Rock\n|move|p1a: Meowscarada|U-turn|p2a: Zapdos\n|-resisted|p2a: Zapdos\n|-damage|p2a: Zapdos|179/265\n|\n|t:|1782865165\n|switch|p1a: Komala|Komala, L88, F|258/258|[from] U-turn\n|-ability|p1a: Komala|Comatose\n|\n|upkeep\n|turn|9\n|\n|t:|1782865194\n|-terastallize|p1a: Komala|Ghost\n|move|p2a: Zapdos|Close Combat|p1a: Komala\n|-immune|p1a: Komala\n|move|p1a: Komala|Body Slam|p2a: Zapdos\n|-damage|p2a: Zapdos|52/265\n|-status|p2a: Zapdos|par\n|\n|upkeep\n|turn|10\n|\n|t:|1782865204\n|move|p1a: Komala|Rapid Spin|p2a: Zapdos\n|-crit|p2a: Zapdos\n|-damage|p2a: Zapdos|0 fnt\n|-boost|p1a: Komala|spe|1\n|faint|p2a: Zapdos\n|\n|upkeep\n|\n|t:|1782865216\n|switch|p2a: Tauros|Tauros, L82, M|257/257\n|-damage|p2a: Tauros|225/257|[from] Stealth Rock\n|-status|p2a: Tauros|psn\n|turn|11\n|\n|t:|1782865262\n|move|p1a: Komala|Body Slam|p2a: Tauros\n|-damage|p2a: Tauros|110/257 psn\n|move|p2a: Tauros|Throat Chop|p1a: Komala\n|-supereffective|p1a: Komala\n|-damage|p1a: Komala|55/258\n|\n|-damage|p2a: Tauros|78/257 psn|[from] psn\n|upkeep\n|turn|12\n|\n|t:|1782865274\n|move|p1a: Komala|Body Slam|p2a: Tauros\n|-damage|p2a: Tauros|0 fnt\n|faint|p2a: Tauros\n|\n|upkeep\n|\n|t:|1782865276\n|switch|p2a: Jolteon|Jolteon, L84, F|246/246\n|-damage|p2a: Jolteon|216/246|[from] Stealth Rock\n|-status|p2a: Jolteon|psn\n|turn|13\n|\n|t:|1782865306\n|move|p2a: Jolteon|Thunderbolt|p1a: Komala\n|-damage|p1a: Komala|0 fnt\n|faint|p1a: Komala\n|\n|-heal|p2a: Jolteon|231/246 psn|[from] item: Leftovers\n|-damage|p2a: Jolteon|201/246 psn|[from] psn\n|upkeep\n|\n|t:|1782865327\n|switch|p1a: Meowscarada|Meowscarada, L78, M|215/247\n|turn|14\n|\n|t:|1782865359\n|move|p2a: Jolteon|Tera Blast|p1a: Meowscarada\n|-crit|p1a: Meowscarada\n|-damage|p1a: Meowscarada|103/247\n|move|p1a: Meowscarada|Flower Trick|p2a: Jolteon\n|-start|p1a: Meowscarada|typechange|Grass|[from] ability: Protean\n|-crit|p2a: Jolteon\n|-damage|p2a: Jolteon|57/246 psn\n|\n|-heal|p2a: Jolteon|72/246 psn|[from] item: Leftovers\n|-damage|p2a: Jolteon|42/246 psn|[from] psn\n|upkeep\n|turn|15\n|\n|t:|1782865373\n|move|p2a: Jolteon|Tera Blast|p1a: Meowscarada\n|-damage|p1a: Meowscarada|20/247\n|move|p1a: Meowscarada|Flower Trick|p2a: Jolteon\n|-crit|p2a: Jolteon\n|-damage|p2a: Jolteon|0 fnt\n|faint|p2a: Jolteon\n|\n|upkeep\n|\n|t:|1782865385\n|switch|p2a: Cresselia|Cresselia, L80, F|314/323\n|-damage|p2a: Cresselia|274/323|[from] Stealth Rock\n|turn|16\n|\n|t:|1782865395\n|move|p1a: Meowscarada|U-turn|p2a: Cresselia\n|-supereffective|p2a: Cresselia\n|-damage|p2a: Cresselia|184/323\n|\n|t:|1782865399\n|switch|p1a: Heatran|Heatran, L79, M|273/273|[from] U-turn\n|-item|p1a: Heatran|Air Balloon\n|move|p2a: Cresselia|Calm Mind|p2a: Cresselia\n|-boost|p2a: Cresselia|spa|1\n|-boost|p2a: Cresselia|spd|1\n|\n|upkeep\n|turn|17\n|\n|t:|1782865407\n|move|p2a: Cresselia|Calm Mind|p2a: Cresselia\n|-boost|p2a: Cresselia|spa|1\n|-boost|p2a: Cresselia|spd|1\n|move|p1a: Heatran|Heavy Slam|p2a: Cresselia\n|-damage|p2a: Cresselia|88/323\n|\n|upkeep\n|turn|18\n|\n|t:|1782865410\n|move|p2a: Cresselia|Moonlight|p2a: Cresselia\n|-heal|p2a: Cresselia|249/323\n|move|p1a: Heatran|Heavy Slam|p2a: Cresselia\n|-damage|p2a: Cresselia|152/323\n|\n|upkeep\n|turn|19\n|\n|t:|1782865427\n|move|p2a: Cresselia|Moonlight|p2a: Cresselia\n|-heal|p2a: Cresselia|313/323\n|move|p1a: Heatran|Heavy Slam|p2a: Cresselia\n|-damage|p2a: Cresselia|219/323\n|\n|upkeep\n|turn|20\n|\n|t:|1782865429\n|move|p2a: Cresselia|Calm Mind|p2a: Cresselia\n|-boost|p2a: Cresselia|spa|1\n|-boost|p2a: Cresselia|spd|1\n|move|p1a: Heatran|Heavy Slam|p2a: Cresselia\n|-damage|p2a: Cresselia|126/323\n|\n|upkeep\n|turn|21\n|\n|t:|1782865433\n|move|p2a: Cresselia|Moonlight|p2a: Cresselia\n|-heal|p2a: Cresselia|287/323\n|move|p1a: Heatran|Heavy Slam|p2a: Cresselia\n|-damage|p2a: Cresselia|193/323\n|\n|upkeep\n|turn|22\n|\n|t:|1782865442\n|move|p2a: Cresselia|Thunderbolt|p1a: Heatran\n|-damage|p1a: Heatran|162/273\n|-enditem|p1a: Heatran|Air Balloon\n|move|p1a: Heatran|Heavy Slam|p2a: Cresselia\n|-damage|p2a: Cresselia|100/323\n|\n|upkeep\n|turn|23\n|\n|t:|1782865445\n|move|p2a: Cresselia|Moonlight|p2a: Cresselia\n|-heal|p2a: Cresselia|261/323\n|move|p1a: Heatran|Heavy Slam|p2a: Cresselia\n|-damage|p2a: Cresselia|165/323\n|\n|upkeep\n|turn|24\n|\n|t:|1782865449\n|move|p2a: Cresselia|Thunderbolt|p1a: Heatran\n|-damage|p1a: Heatran|41/273\n|move|p1a: Heatran|Heavy Slam|p2a: Cresselia\n|-damage|p2a: Cresselia|75/323\n|\n|upkeep\n|turn|25\n|\n|t:|1782865452\n|move|p2a: Cresselia|Moonlight|p2a: Cresselia\n|-heal|p2a: Cresselia|236/323\n|move|p1a: Heatran|Heavy Slam|p2a: Cresselia\n|-damage|p2a: Cresselia|139/323\n|\n|upkeep\n|turn|26\n|\n|t:|1782865454\n|move|p2a: Cresselia|Moonlight|p2a: Cresselia\n|-heal|p2a: Cresselia|300/323\n|move|p1a: Heatran|Heavy Slam|p2a: Cresselia\n|-damage|p2a: Cresselia|207/323\n|\n|upkeep\n|turn|27\n|\n|t:|1782865461\n|move|p2a: Cresselia|Thunderbolt|p1a: Heatran\n|-damage|p1a: Heatran|0 fnt\n|faint|p1a: Heatran\n|\n|upkeep\n|\n|t:|1782865464\n|switch|p1a: Meowscarada|Meowscarada, L78, M|20/247\n|turn|28\n|\n|t:|1782865491\n|move|p1a: Meowscarada|Knock Off|p2a: Cresselia\n|-start|p1a: Meowscarada|typechange|Dark|[from] ability: Protean\n|-supereffective|p2a: Cresselia\n|-damage|p2a: Cresselia|97/323\n|move|p2a: Cresselia|Thunderbolt|p1a: Meowscarada\n|-damage|p1a: Meowscarada|0 fnt\n|faint|p1a: Meowscarada\n|\n|upkeep\n|\n|t:|1782865498\n|switch|p1a: Medicham|Medicham, L86, F|243/243\n|turn|29\n|\n|t:|1782865535\n|move|p1a: Medicham|Close Combat|p2a: Cresselia\n|-resisted|p2a: Cresselia\n|-damage|p2a: Cresselia|0 fnt\n|-unboost|p1a: Medicham|def|1\n|-unboost|p1a: Medicham|spd|1\n|faint|p2a: Cresselia\n|\n|upkeep\n|\n|t:|1782865540\n|switch|p2a: Rayquaza|Rayquaza, L72|270/270\n|-ability|p2a: Rayquaza|Air Lock\n|turn|30\n|\n|t:|1782865543\n|move|p1a: Medicham|Close Combat|p2a: Rayquaza\n|-resisted|p2a: Rayquaza\n|-damage|p2a: Rayquaza|113/270\n|-unboost|p1a: Medicham|def|1\n|-unboost|p1a: Medicham|spd|1\n|move|p2a: Rayquaza|Swords Dance|p2a: Rayquaza\n|-boost|p2a: Rayquaza|atk|2\n|\n|upkeep\n|turn|31\n|\n|t:|1782865580\n|switch|p1a: Falinks|Falinks, L84|246/246\n|-terastallize|p2a: Rayquaza|Normal\n|move|p2a: Rayquaza|Extreme Speed|p1a: Falinks\n|-damage|p1a: Falinks|86/246\n|\n|upkeep\n|turn|32\n|\n|t:|1782865590\n|move|p2a: Rayquaza|Extreme Speed|p1a: Falinks\n|-crit|p1a: Falinks\n|-damage|p1a: Falinks|0 fnt\n|faint|p1a: Falinks\n|\n|upkeep\n|\n|t:|1782865608\n|switch|p1a: Medicham|Medicham, L86, F|243/243\n|turn|33\n|\n|t:|1782865612\n|move|p2a: Rayquaza|Extreme Speed|p1a: Medicham\n|-damage|p1a: Medicham|39/243\n|move|p1a: Medicham|Close Combat|p2a: Rayquaza\n|-supereffective|p2a: Rayquaza\n|-damage|p2a: Rayquaza|0 fnt\n|-unboost|p1a: Medicham|def|1\n|-unboost|p1a: Medicham|spd|1\n|faint|p2a: Rayquaza\n|\n|win|cheeseboy628\n|raw|cheeseboy628's rating: 2321 &rarr; <strong>2347</strong><br />(+26 for winning)\n|raw|milkreo's rating: 2434 &rarr; <strong>2408</strong><br />(-26 for losing)\n|c|\u2606cheeseboy628|gg\n", "inputlog": ">version f8ac14003a5f27e1bdc8d8c59608a773c1cb96e5\n>start {\"formatid\":\"gen9randombattle\",\"seed\":\"sodium,086aa87980ef80d059b9e452d56ca850\",\"rated\":\"Rated battle\"}\n>player p1 {\"name\":\"cheeseboy628\",\"avatar\":\"norman\",\"rating\":2321,\"seed\":\"sodium,1db8848eb1bf19b6a6649505bde6ecb7\"}\n>player p2 {\"name\":\"milkreo\",\"avatar\":\"266\",\"rating\":2434,\"seed\":\"sodium,4704e8056eb87d96601486e3f62fb63b\"}\n>p1 move bulkup\n>p2 move heavyslam\n>p1 move closecombat\n>p2 move heavyslam\n>p2 switch 5\n>p1 move bravebird\n>p2 move bravebird\n>p1 switch 4\n>p1 move stealthrock\n>p2 switch 2\n>p1 switch 5\n>p2 move thunderbolt\n>p1 move knockoff\n>p2 move psyshock\n>p1 move toxicspikes\n>p2 move moonlight\n>p1 move uturn\n>p2 switch 2\n>p1 switch 3\n>p1 move bodyslam terastallize\n>p2 move closecombat\n>p1 move rapidspin\n>p2 move closecombat\n>p2 switch 6\n>p1 move bodyslam\n>p2 move throatchop\n>p1 move bodyslam\n>p2 move throatchop\n>p2 switch 3\n>p1 move bodyslam\n>p2 move thunderbolt\n>p1 switch 3\n>p1 move flowertrick\n>p2 move terablast\n>p1 move flowertrick\n>p2 move terablast\n>p2 switch 2\n>p1 move uturn\n>p2 move calmmind\n>p1 switch 5\n>p1 move heavyslam\n>p2 move calmmind\n>p1 move heavyslam\n>p2 move moonlight\n>p1 move heavyslam\n>p2 move moonlight\n>p1 move heavyslam\n>p2 move calmmind\n>p1 move heavyslam\n>p2 move moonlight\n>p1 move heavyslam\n>p2 move thunderbolt\n>p1 move heavyslam\n>p2 move moonlight\n>p1 move heavyslam\n>p2 move thunderbolt\n>p1 move heavyslam\n>p2 move moonlight\n>p1 move heavyslam\n>p2 move moonlight\n>p1 move heavyslam\n>p2 move thunderbolt\n>p1 switch 5\n>p1 move knockoff\n>p2 move thunderbolt\n>p1 switch 2\n>p1 move closecombat\n>p2 move psyshock\n>p2 switch 4\n>p1 move closecombat\n>p2 move swordsdance\n>p1 switch 6\n>p2 move extremespeed terastallize\n>p1 move closecombat\n>p2 move extremespeed\n>p1 switch 6\n>p1 move closecombat\n>p2 move extremespeed", "uploadtime": 1782865618, "views": 8, "formatid": "gen9randombattle", "rating": 2347, "private": 0, "password": null, "player_dets": [{"name": "cheeseboy628", "avatar": "norman", "rating": 2321, "seed": "sodium,1db8848eb1bf19b6a6649505bde6ecb7"}, {"name": "milkreo", "avatar": "266", "rating": 2434, "seed": "sodium,4704e8056eb87d96601486e3f62fb63b"}], "teams_full": [{"Braviary": {"name": "Braviary", "species": "Braviary", "speciesId": "braviary", "gender": "M", "shiny": false, "level": 85, "moves": ["bravebird", "roost", "bulkup", "closecombat"], "ability": "Defiant", "evs": {"hp": 85, "atk": 85, "def": 85, "spa": 85, "spd": 85, "spe": 85}, "ivs": {"hp": 31, "atk": 31, "def": 31, "spa": 31, "spd": 31, "spe": 31}, "item": "Heavy-Duty Boots", "teraType": "Fighting", "role": "Fast Bulky Setup", "bvs": {"hp": 100, "atk": 123, "def": 75, "spa": 57, "spd": 75, "spe": 80}, "stats": {"hp": 309, "atk": 258, "def": 176, "spa": 146, "spd": 176, "spe": 185}, "types": ["Normal", "Flying"]}, "Medicham": {"name": "Medicham", "species": "Medicham", "speciesId": "medicham", "gender": "F", "shiny": false, "level": 86, "moves": ["bulletpunch", "trick", "zenheadbutt", "closecombat"], "ability": "Pure Power", "evs": {"hp": 85, "atk": 85, "def": 85, "spa": 85, "spd": 85, "spe": 85}, "ivs": {"hp": 31, "atk": 31, "def": 31, "spa": 31, "spd": 31, "spe": 31}, "item": "Choice Band", "teraType": "Fighting", "role": "Fast Attacker", "bvs": {"hp": 60, "atk": 60, "def": 75, "spa": 60, "spd": 75, "spe": 80}, "stats": {"hp": 243, "atk": 152, "def": 178, "spa": 152, "spd": 178, "spe": 187}, "types": ["Fighting", "Psychic"]}, "Komala": {"name": "Komala", "species": "Komala", "speciesId": "komala", "gender": "F", "shiny": false, "level": 88, "moves": ["earthquake", "rapidspin", "bodyslam", "knockoff"], "ability": "Comatose", "evs": {"hp": 85, "atk": 85, "def": 85, "spa": 85, "spd": 85, "spe": 85}, "ivs": {"hp": 31, "atk": 31, "def": 31, "spa": 31, "spd": 31, "spe": 31}, "item": "Assault Vest", "teraType": "Ghost", "role": "Bulky Support", "bvs": {"hp": 65, "atk": 115, "def": 65, "spa": 75, "spd": 95, "spe": 65}, "stats": {"hp": 258, "atk": 253, "def": 165, "spa": 182, "spd": 217, "spe": 165}, "types": ["Normal"]}, "Heatran": {"name": "Heatran", "species": "Heatran", "speciesId": "heatran", "gender": "M", "shiny": false, "level": 79, "moves": ["lavaplume", "earthpower", "stealthrock", "heavyslam"], "ability": "Flash Fire", "evs": {"hp": 85, "atk": 85, "def": 85, "spa": 85, "spd": 85, "spe": 85}, "ivs": {"hp": 31, "atk": 31, "def": 31, "spa": 31, "spd": 31, "spe": 31}, "item": "Air Balloon", "teraType": "Flying", "role": "Bulky Support", "bvs": {"hp": 91, "atk": 90, "def": 106, "spa": 130, "spd": 106, "spe": 77}, "stats": {"hp": 273, "atk": 188, "def": 213, "spa": 251, "spd": 213, "spe": 167}, "types": ["Fire", "Steel"]}, "Meowscarada": {"name": "Meowscarada", "species": "Meowscarada", "speciesId": "meowscarada", "gender": "M", "shiny": false, "level": 78, "moves": ["uturn", "toxicspikes", "knockoff", "flowertrick"], "ability": "Protean", "evs": {"hp": 85, "atk": 85, "def": 85, "spa": 85, "spd": 85, "spe": 85}, "ivs": {"hp": 31, "atk": 31, "def": 31, "spa": 31, "spd": 31, "spe": 31}, "item": "Heavy-Duty Boots", "teraType": "Dark", "role": "Fast Support", "bvs": {"hp": 76, "atk": 110, "def": 70, "spa": 81, "spd": 70, "spe": 123}, "stats": {"hp": 247, "atk": 217, "def": 154, "spa": 171, "spd": 154, "spe": 237}, "types": ["Grass", "Dark"]}, "Falinks": {"name": "Falinks", "species": "Falinks", "speciesId": "falinks", "gender": "N", "shiny": false, "level": 84, "moves": ["knockoff", "noretreat", "closecombat", "ironhead"], "ability": "Defiant", "evs": {"hp": 85, "atk": 85, "def": 85, "spa": 85, "spd": 85, "spe": 85}, "ivs": {"hp": 31, "atk": 31, "def": 31, "spa": 31, "spd": 31, "spe": 31}, "item": "Life Orb", "teraType": "Dark", "role": "Setup Sweeper", "bvs": {"hp": 65, "atk": 100, "def": 100, "spa": 70, "spd": 60, "spe": 75}, "stats": {"hp": 246, "atk": 216, "def": 216, "spa": 166, "spd": 149, "spe": 174}, "types": ["Fighting"]}}, {"Copperajah": {"name": "Copperajah", "species": "Copperajah", "speciesId": "copperajah", "gender": "M", "shiny": false, "level": 86, "moves": ["heatcrash", "superpower", "knockoff", "heavyslam"], "ability": "Heavy Metal", "evs": {"hp": 85, "atk": 85, "def": 85, "spa": 85, "spd": 85, "spe": 85}, "ivs": {"hp": 31, "atk": 31, "def": 31, "spa": 31, "spd": 31, "spe": 31}, "item": "Choice Band", "teraType": "Flying", "role": "Bulky Attacker", "bvs": {"hp": 122, "atk": 130, "def": 69, "spa": 80, "spd": 69, "spe": 30}, "stats": {"hp": 350, "atk": 273, "def": 168, "spa": 187, "spd": 168, "spe": 101}, "types": ["Steel"]}, "Cresselia": {"name": "Cresselia", "species": "Cresselia", "speciesId": "cresselia", "gender": "F", "shiny": false, "level": 80, "moves": ["thunderbolt", "moonlight", "psyshock", "calmmind"], "ability": "Levitate", "evs": {"hp": 85, "atk": 0, "def": 85, "spa": 85, "spd": 85, "spe": 85}, "ivs": {"hp": 31, "atk": 0, "def": 31, "spa": 31, "spd": 31, "spe": 31}, "item": "Leftovers", "teraType": "Steel", "role": "Bulky Setup", "bvs": {"hp": 120, "atk": 70, "def": 110, "spa": 75, "spd": 120, "spe": 85}, "stats": {"hp": 323, "atk": 117, "def": 222, "spa": 166, "spd": 238, "spe": 182}, "types": ["Psychic"]}, "Jolteon": {"name": "Jolteon", "species": "Jolteon", "speciesId": "jolteon", "gender": "F", "shiny": false, "level": 84, "moves": ["thunderbolt", "terablast", "substitute", "calmmind"], "ability": "Volt Absorb", "evs": {"hp": 85, "atk": 0, "def": 85, "spa": 85, "spd": 85, "spe": 85}, "ivs": {"hp": 31, "atk": 0, "def": 31, "spa": 31, "spd": 31, "spe": 31}, "item": "Leftovers", "teraType": "Ice", "role": "Tera Blast user", "bvs": {"hp": 65, "atk": 65, "def": 60, "spa": 110, "spd": 95, "spe": 130}, "stats": {"hp": 246, "atk": 114, "def": 149, "spa": 233, "spd": 208, "spe": 267}, "types": ["Electric"]}, "Rayquaza": {"name": "Rayquaza", "species": "Rayquaza", "speciesId": "rayquaza", "gender": "N", "shiny": false, "level": 72, "moves": ["dragonascent", "swordsdance", "earthquake", "extremespeed"], "ability": "Air Lock", "evs": {"hp": 85, "atk": 85, "def": 85, "spa": 85, "spd": 85, "spe": 85}, "ivs": {"hp": 31, "atk": 31, "def": 31, "spa": 31, "spd": 31, "spe": 31}, "item": "Heavy-Duty Boots", "teraType": "Normal", "role": "Fast Attacker", "bvs": {"hp": 105, "atk": 150, "def": 90, "spa": 150, "spd": 90, "spe": 95}, "stats": {"hp": 270, "atk": 258, "def": 172, "spa": 258, "spd": 172, "spe": 179}, "types": ["Dragon", "Flying"]}, "Zapdos": {"name": "Zapdos", "species": "Zapdos-Galar", "speciesId": "zapdosgalar", "gender": "N", "shiny": false, "level": 77, "moves": ["uturn", "knockoff", "closecombat", "bravebird"], "ability": "Defiant", "evs": {"hp": 85, "atk": 85, "def": 85, "spa": 85, "spd": 85, "spe": 85}, "ivs": {"hp": 31, "atk": 31, "def": 31, "spa": 31, "spd": 31, "spe": 31}, "item": "Choice Band", "teraType": "Fighting", "role": "Fast Attacker", "bvs": {"hp": 90, "atk": 125, "def": 90, "spa": 85, "spd": 90, "spe": 100}, "stats": {"hp": 265, "atk": 237, "def": 183, "spa": 175, "spd": 183, "spe": 199}, "types": ["Fighting", "Flying"]}, "Tauros": {"name": "Tauros", "species": "Tauros", "speciesId": "tauros", "gender": "M", "shiny": false, "level": 82, "moves": ["bodyslam", "closecombat", "throatchop", "zenheadbutt"], "ability": "Sheer Force", "evs": {"hp": 85, "atk": 85, "def": 85, "spa": 85, "spd": 85, "spe": 85}, "ivs": {"hp": 31, "atk": 31, "def": 31, "spa": 31, "spd": 31, "spe": 31}, "item": "Life Orb", "teraType": "Fighting", "role": "Wallbreaker", "bvs": {"hp": 75, "atk": 100, "def": 95, "spa": 40, "spd": 70, "spe": 110}, "stats": {"hp": 257, "atk": 211, "def": 203, "spa": 113, "spd": 162, "spe": 228}, "types": ["Normal"]}}]}