{"id": "gen9randombattle-2641758533", "format": "[Gen 9] Random Battle", "players": ["testbotcif", "LanceMaster"], "log": "|j|\u2606testbotcif\n|j|\u2606LanceMaster\n|t:|1782838430\n|gametype|singles\n|player|p1|testbotcif|266|1282\n|player|p2|LanceMaster|red|1304\n|gen|9\n|tier|[Gen 9] Random Battle\n|rated|\n|rule|Species Clause: Limit one of each Pok\u00e9mon\n|rule|HP Percentage Mod: HP is shown in percentages\n|rule|Sleep Clause Mod: Limit one foe put to sleep\n|rule|Illusion Level Mod: Illusion disguises the Pok\u00e9mon's true level\n|\n|t:|1782838430\n|teamsize|p1|6\n|teamsize|p2|6\n|start\n|switch|p1a: Sneasler|Sneasler, L74, M|240/240\n|switch|p2a: Furret|Furret, L94, F|312/312\n|-item|p1a: Sneasler|White Herb|[from] ability: Frisk|[of] p2a: Furret\n|turn|1\n|inactive|Battle timer is ON: inactive players will automatically lose when time's up. (requested by testbotcif)\n|c|\u2606testbotcif|rlhf\n|\n|t:|1782838439\n|-terastallize|p1a: Sneasler|Flying\n|move|p2a: Furret|Trick|p1a: Sneasler\n|-activate|p2a: Furret|move: Trick|[of] p1a: Sneasler\n|-item|p1a: Sneasler|Choice Band|[from] move: Trick\n|-item|p2a: Furret|White Herb|[from] move: Trick\n|move|p1a: Sneasler|Swords Dance|p1a: Sneasler\n|-boost|p1a: Sneasler|atk|2\n|\n|upkeep\n|turn|2\n|\n|t:|1782838448\n|move|p2a: Furret|U-turn|p1a: Sneasler\n|-resisted|p1a: Sneasler\n|-damage|p1a: Sneasler|202/240\n|\n|t:|1782838451\n|switch|p2a: Raichu|Raichu, L88, F|249/249|[from] U-turn\n|move|p1a: Sneasler|Swords Dance|p1a: Sneasler\n|-boost|p1a: Sneasler|atk|2\n|\n|upkeep\n|turn|3\n|\n|t:|1782838454\n|move|p2a: Raichu|Nasty Plot|p2a: Raichu\n|-boost|p2a: Raichu|spa|2\n|move|p1a: Sneasler|Swords Dance|p1a: Sneasler\n|-boost|p1a: Sneasler|atk|2\n|\n|upkeep\n|turn|4\n|\n|t:|1782838458\n|move|p2a: Raichu|Nasty Plot|p2a: Raichu\n|-boost|p2a: Raichu|spa|2\n|move|p1a: Sneasler|Swords Dance|p1a: Sneasler\n|-boost|p1a: Sneasler|atk|0\n|\n|upkeep\n|turn|5\n|\n|t:|1782838460\n|move|p2a: Raichu|Nasty Plot|p2a: Raichu\n|-boost|p2a: Raichu|spa|2\n|move|p1a: Sneasler|Swords Dance|p1a: Sneasler\n|-boost|p1a: Sneasler|atk|0\n|\n|upkeep\n|turn|6\n|\n|t:|1782838468\n|move|p2a: Raichu|Thunderbolt|p1a: Sneasler\n|-supereffective|p1a: Sneasler\n|-damage|p1a: Sneasler|0 fnt\n|faint|p1a: Sneasler\n|-damage|p2a: Raichu|225/249|[from] item: Life Orb\n|\n|upkeep\n|\n|t:|1782838468\n|switch|p1a: Regidrago|Regidrago, L77|435/435\n|turn|7\n|\n|t:|1782838473\n|move|p2a: Raichu|Focus Blast|p1a: Regidrago|[miss]\n|-miss|p2a: Raichu|p1a: Regidrago\n|move|p1a: Regidrago|Dragon Dance|p1a: Regidrago\n|-boost|p1a: Regidrago|atk|1\n|-boost|p1a: Regidrago|spe|1\n|\n|upkeep\n|turn|8\n|\n|t:|1782838475\n|move|p1a: Regidrago|Dragon Claw|p2a: Raichu\n|-damage|p2a: Raichu|0 fnt\n|faint|p2a: Raichu\n|-damage|p1a: Regidrago|392/435|[from] item: Life Orb\n|\n|upkeep\n|\n|t:|1782838479\n|switch|p2a: Ninetales|Ninetales-Alola, L78, M|242/242\n|-weather|Snowscape|[from] ability: Snow Warning|[of] p2a: Ninetales\n|turn|9\n|\n|t:|1782838486\n|move|p1a: Regidrago|Earthquake|p2a: Ninetales\n|-damage|p2a: Ninetales|154/242\n|-damage|p1a: Regidrago|349/435|[from] item: Life Orb\n|move|p2a: Ninetales|Aurora Veil|p2a: Ninetales\n|-sidestart|p2: LanceMaster|move: Aurora Veil\n|\n|-weather|Snowscape|[upkeep]\n|upkeep\n|turn|10\n|\n|t:|1782838488\n|move|p1a: Regidrago|Earthquake|p2a: Ninetales\n|-damage|p2a: Ninetales|107/242\n|-damage|p1a: Regidrago|306/435|[from] item: Life Orb\n|move|p2a: Ninetales|Blizzard|p1a: Regidrago\n|-supereffective|p1a: Regidrago\n|-damage|p1a: Regidrago|24/435\n|\n|-weather|Snowscape|[upkeep]\n|upkeep\n|turn|11\n|\n|t:|1782838491\n|move|p1a: Regidrago|Earthquake|p2a: Ninetales\n|-damage|p2a: Ninetales|60/242\n|-damage|p1a: Regidrago|0 fnt|[from] item: Life Orb\n|faint|p1a: Regidrago\n|move|p2a: Ninetales|Moonblast|p1: Regidrago|[notarget]\n|-fail|p2a: Ninetales\n|\n|-weather|Snowscape|[upkeep]\n|upkeep\n|\n|t:|1782838492\n|switch|p1a: Jolteon|Jolteon, L84, M|246/246\n|turn|12\n|\n|t:|1782838495\n|move|p1a: Jolteon|Thunderbolt|p2a: Ninetales\n|-damage|p2a: Ninetales|0 fnt\n|faint|p2a: Ninetales\n|\n|-weather|Snowscape|[upkeep]\n|upkeep\n|\n|t:|1782838499\n|switch|p2a: Cobalion|Cobalion, L80|277/277\n|turn|13\n|\n|t:|1782838502\n|move|p1a: Jolteon|Thunderbolt|p2a: Cobalion\n|-damage|p2a: Cobalion|187/277\n|move|p2a: Cobalion|Calm Mind|p2a: Cobalion\n|-boost|p2a: Cobalion|spa|1\n|-boost|p2a: Cobalion|spd|1\n|\n|-weather|none\n|-heal|p2a: Cobalion|204/277|[from] item: Leftovers\n|upkeep\n|turn|14\n|\n|t:|1782838519\n|move|p1a: Jolteon|Thunderbolt|p2a: Cobalion\n|-damage|p2a: Cobalion|137/277\n|move|p2a: Cobalion|Flash Cannon|p1a: Jolteon\n|-resisted|p1a: Jolteon\n|-damage|p1a: Jolteon|197/246\n|-unboost|p1a: Jolteon|spd|1\n|\n|-heal|p2a: Cobalion|154/277|[from] item: Leftovers\n|upkeep\n|turn|15\n|\n|t:|1782838526\n|move|p2a: Cobalion|Vacuum Wave|p1a: Jolteon\n|-damage|p1a: Jolteon|124/246\n|move|p1a: Jolteon|Thunderbolt|p2a: Cobalion\n|-damage|p2a: Cobalion|86/277\n|\n|-heal|p2a: Cobalion|103/277|[from] item: Leftovers\n|upkeep\n|turn|16\n|\n|t:|1782838529\n|move|p1a: Jolteon|Thunderbolt|p2a: Cobalion\n|-damage|p2a: Cobalion|36/277\n|move|p2a: Cobalion|Aura Sphere|p1a: Jolteon\n|-damage|p1a: Jolteon|0 fnt\n|faint|p1a: Jolteon\n|\n|-heal|p2a: Cobalion|53/277|[from] item: Leftovers\n|-sideend|p2: LanceMaster|move: Aurora Veil\n|upkeep\n|\n|t:|1782838529\n|switch|p1a: Hoopa|Hoopa, L85|275/275\n|turn|17\n|\n|t:|1782838535\n|move|p2a: Cobalion|Flash Cannon|p1a: Hoopa\n|-damage|p1a: Hoopa|199/275\n|-unboost|p1a: Hoopa|spd|1\n|move|p1a: Hoopa|Nasty Plot|p1a: Hoopa\n|-boost|p1a: Hoopa|spa|2\n|\n|-heal|p2a: Cobalion|70/277|[from] item: Leftovers\n|upkeep\n|turn|18\n|\n|t:|1782838539\n|move|p2a: Cobalion|Flash Cannon|p1a: Hoopa\n|-damage|p1a: Hoopa|85/275\n|move|p1a: Hoopa|Shadow Ball|p2a: Cobalion\n|-damage|p2a: Cobalion|0 fnt\n|faint|p2a: Cobalion\n|-damage|p1a: Hoopa|58/275|[from] item: Life Orb\n|\n|upkeep\n|\n|t:|1782838542\n|switch|p2a: Dudunsparce|Dudunsparce, L83, M|343/343\n|turn|19\n|\n|t:|1782838547\n|move|p1a: Hoopa|Focus Blast|p2a: Dudunsparce|[miss]\n|-miss|p1a: Hoopa|p2a: Dudunsparce\n|move|p2a: Dudunsparce|Toxic|p1a: Hoopa\n|-status|p1a: Hoopa|tox\n|\n|-damage|p1a: Hoopa|41/275 tox|[from] psn\n|upkeep\n|turn|20\n|\n|t:|1782838552\n|switch|p2a: Ariados|Ariados, L95, M|287/287\n|move|p1a: Hoopa|Psyshock|p2a: Ariados\n|-supereffective|p2a: Ariados\n|-damage|p2a: Ariados|0 fnt\n|faint|p2a: Ariados\n|-damage|p1a: Hoopa|14/275 tox|[from] item: Life Orb\n|\n|-damage|p1a: Hoopa|0 fnt|[from] psn\n|faint|p1a: Hoopa\n|upkeep\n|\n|t:|1782838556\n|switch|p1a: Bombirdier|Bombirdier, L85, F|258/258\n|switch|p2a: Dudunsparce|Dudunsparce, L83, M|343/343\n|turn|21\n|\n|t:|1782838558\n|move|p1a: Bombirdier|Brave Bird|p2a: Dudunsparce\n|-damage|p2a: Dudunsparce|193/343\n|-damage|p1a: Bombirdier|208/258|[from] Recoil\n|move|p2a: Dudunsparce|Toxic|p1a: Bombirdier\n|-status|p1a: Bombirdier|tox\n|\n|-heal|p2a: Dudunsparce|214/343|[from] item: Leftovers\n|-damage|p1a: Bombirdier|192/258 tox|[from] psn\n|upkeep\n|turn|22\n|\n|t:|1782838562\n|move|p1a: Bombirdier|Brave Bird|p2a: Dudunsparce\n|-damage|p2a: Dudunsparce|66/343\n|-damage|p1a: Bombirdier|143/258 tox|[from] Recoil\n|move|p2a: Dudunsparce|Boomburst|p1a: Bombirdier\n|-damage|p1a: Bombirdier|20/258 tox\n|\n|-heal|p2a: Dudunsparce|87/343|[from] item: Leftovers\n|-damage|p1a: Bombirdier|0 fnt|[from] psn\n|faint|p1a: Bombirdier\n|upkeep\n|\n|t:|1782838562\n|switch|p1a: Salamence|Salamence, L77, F|273/273\n|-ability|p1a: Salamence|Intimidate|boost\n|-unboost|p2a: Dudunsparce|atk|1\n|-ability|p2a: Dudunsparce|Rattled|boost\n|-boost|p2a: Dudunsparce|spe|1\n|turn|23\n|\n|t:|1782838566\n|move|p2a: Dudunsparce|Toxic|p1a: Salamence|[miss]\n|-miss|p2a: Dudunsparce|p1a: Salamence\n|move|p1a: Salamence|Dragon Dance|p1a: Salamence\n|-boost|p1a: Salamence|atk|1\n|-boost|p1a: Salamence|spe|1\n|\n|-heal|p2a: Dudunsparce|108/343|[from] item: Leftovers\n|upkeep\n|turn|24\n|\n|t:|1782838569\n|move|p1a: Salamence|Outrage|p2a: Dudunsparce\n|-damage|p2a: Dudunsparce|0 fnt\n|faint|p2a: Dudunsparce\n|\n|upkeep\n|\n|t:|1782838570\n|switch|p2a: Furret|Furret, L94, F|312/312\n|-item|p1a: Salamence|Heavy-Duty Boots|[from] ability: Frisk|[of] p2a: Furret\n|turn|25\n|\n|t:|1782838582\n|-terastallize|p2a: Furret|Normal\n|move|p1a: Salamence|Outrage|p2a: Furret|[from] lockedmove\n|-damage|p2a: Furret|60/312\n|move|p2a: Furret|Double-Edge|p1a: Salamence\n|-damage|p1a: Salamence|83/273\n|-damage|p2a: Furret|0 fnt|[from] Recoil\n|faint|p2a: Furret\n|\n|win|testbotcif\n|raw|testbotcif's rating: 1282 &rarr; <strong>1309</strong><br />(+27 for winning)\n|raw|LanceMaster's rating: 1304 &rarr; <strong>1283</strong><br />(-21 for losing)\n", "inputlog": ">version f8ac14003a5f27e1bdc8d8c59608a773c1cb96e5\n>start {\"formatid\":\"gen9randombattle\",\"seed\":\"sodium,772bfc3291976f75921d46b54a9987bf\",\"rated\":\"Rated battle\"}\n>player p1 {\"name\":\"testbotcif\",\"avatar\":\"266\",\"rating\":1282,\"seed\":\"sodium,116ea467e1a715077b0a2c5098275655\"}\n>player p2 {\"name\":\"LanceMaster\",\"avatar\":\"red\",\"rating\":1304,\"seed\":\"sodium,722c3419a838cd2376e2228a4816addb\"}\n>chat \u2606testbotcif|rlhf\n>p1 move swordsdance terastallize\n>p2 move trick\n>p1 move swordsdance\n>p2 move uturn\n>p2 switch 2\n>p1 move swordsdance\n>p2 move nastyplot\n>p1 move swordsdance\n>p2 move nastyplot\n>p1 move swordsdance\n>p2 move nastyplot\n>p1 move swordsdance\n>p2 move thunderbolt\n>p1 switch 2\n>p1 move dragondance\n>p2 move focusblast\n>p1 move dragonclaw\n>p2 move focusblast\n>p2 switch 3\n>p1 move earthquake\n>p2 move auroraveil\n>p1 move earthquake\n>p2 move blizzard\n>p1 move earthquake\n>p2 move moonblast\n>p1 switch 4\n>p1 move thunderbolt\n>p2 move moonblast\n>p2 switch 5\n>p1 move thunderbolt\n>p2 move calmmind\n>p1 move thunderbolt\n>p2 move flashcannon\n>p1 move thunderbolt\n>p2 move vacuumwave\n>p1 move thunderbolt\n>p2 move aurasphere\n>p1 switch 5\n>p1 move nastyplot\n>p2 move flashcannon\n>p1 move shadowball\n>p2 move flashcannon\n>p2 switch 4\n>p1 move focusblast\n>p2 move toxic\n>p1 move psyshock\n>p2 switch 6\n>p1 switch 3\n>p2 switch 6\n>p1 move bravebird\n>p2 move toxic\n>p1 move bravebird\n>p2 move boomburst\n>p1 switch 6\n>p1 move dragondance\n>p2 move toxic\n>p1 move outrage\n>p2 move toxic\n>p2 switch 2\n>p1 move outrage\n>p2 move doubleedge terastallize", "uploadtime": 1782838582, "views": 12, "formatid": "gen9randombattle", "rating": 1283, "private": 0, "password": null, "player_dets": [{"name": "testbotcif", "avatar": "266", "rating": 1282, "seed": "sodium,116ea467e1a715077b0a2c5098275655"}, {"name": "LanceMaster", "avatar": "red", "rating": 1304, "seed": "sodium,722c3419a838cd2376e2228a4816addb"}], "teams_full": [{"Sneasler": {"name": "Sneasler", "species": "Sneasler", "speciesId": "sneasler", "gender": "M", "shiny": false, "level": 74, "moves": ["closecombat", "swordsdance", "gunkshot", "acrobatics"], "ability": "Unburden", "evs": {"hp": 85, "atk": 85, "def": 85, "spa": 85, "spd": 85, "spe": 85}, "ivs": {"hp": 31, "atk": 31, "def": 31, "spa": 31, "spd": 31, "spe": 31}, "item": "White Herb", "teraType": "Flying", "role": "Setup Sweeper", "bvs": {"hp": 80, "atk": 130, "def": 60, "spa": 40, "spd": 80, "spe": 120}, "stats": {"hp": 240, "atk": 235, "def": 132, "spa": 102, "spd": 161, "spe": 221}, "types": ["Fighting", "Poison"]}, "Regidrago": {"name": "Regidrago", "species": "Regidrago", "speciesId": "regidrago", "gender": "N", "shiny": false, "level": 77, "moves": ["dragondance", "dragonclaw", "terablast", "earthquake"], "ability": "Dragon's Maw", "evs": {"hp": 85, "atk": 85, "def": 85, "spa": 85, "spd": 85, "spe": 85}, "ivs": {"hp": 31, "atk": 31, "def": 31, "spa": 31, "spd": 31, "spe": 31}, "item": "Life Orb", "teraType": "Steel", "role": "Tera Blast user", "bvs": {"hp": 200, "atk": 100, "def": 50, "spa": 100, "spd": 50, "spe": 80}, "stats": {"hp": 435, "atk": 199, "def": 122, "spa": 199, "spd": 122, "spe": 168}, "types": ["Dragon"]}, "Bombirdier": {"name": "Bombirdier", "species": "Bombirdier", "speciesId": "bombirdier", "gender": "F", "shiny": false, "level": 85, "moves": ["knockoff", "bravebird", "suckerpunch", "roost"], "ability": "Big Pecks", "evs": {"hp": 85, "atk": 85, "def": 85, "spa": 85, "spd": 85, "spe": 85}, "ivs": {"hp": 31, "atk": 31, "def": 31, "spa": 31, "spd": 31, "spe": 31}, "item": "Heavy-Duty Boots", "teraType": "Dark", "role": "Bulky Support", "bvs": {"hp": 70, "atk": 103, "def": 85, "spa": 60, "spd": 85, "spe": 82}, "stats": {"hp": 258, "atk": 224, "def": 193, "spa": 151, "spd": 193, "spe": 188}, "types": ["Flying", "Dark"]}, "Jolteon": {"name": "Jolteon", "species": "Jolteon", "speciesId": "jolteon", "gender": "M", "shiny": false, "level": 84, "moves": ["alluringvoice", "shadowball", "voltswitch", "thunderbolt"], "ability": "Volt Absorb", "evs": {"hp": 85, "atk": 0, "def": 85, "spa": 85, "spd": 85, "spe": 85}, "ivs": {"hp": 31, "atk": 0, "def": 31, "spa": 31, "spd": 31, "spe": 31}, "item": "Choice Specs", "teraType": "Electric", "role": "Fast Attacker", "bvs": {"hp": 65, "atk": 65, "def": 60, "spa": 110, "spd": 95, "spe": 130}, "stats": {"hp": 246, "atk": 114, "def": 149, "spa": 233, "spd": 208, "spe": 267}, "types": ["Electric"]}, "Hoopa": {"name": "Hoopa", "species": "Hoopa", "speciesId": "hoopa", "gender": "N", "shiny": false, "level": 85, "moves": ["nastyplot", "psyshock", "shadowball", "focusblast"], "ability": "Magician", "evs": {"hp": 85, "atk": 0, "def": 85, "spa": 85, "spd": 85, "spe": 85}, "ivs": {"hp": 31, "atk": 0, "def": 31, "spa": 31, "spd": 31, "spe": 31}, "item": "Life Orb", "teraType": "Psychic", "role": "Fast Attacker", "bvs": {"hp": 80, "atk": 110, "def": 60, "spa": 150, "spd": 130, "spe": 70}, "stats": {"hp": 275, "atk": 192, "def": 151, "spa": 304, "spd": 270, "spe": 168}, "types": ["Psychic", "Ghost"]}, "Salamence": {"name": "Salamence", "species": "Salamence", "speciesId": "salamence", "gender": "F", "shiny": false, "level": 77, "moves": ["dragondance", "outrage", "roost", "dualwingbeat"], "ability": "Intimidate", "evs": {"hp": 85, "atk": 85, "def": 85, "spa": 85, "spd": 85, "spe": 85}, "ivs": {"hp": 31, "atk": 31, "def": 31, "spa": 31, "spd": 31, "spe": 31}, "item": "Heavy-Duty Boots", "teraType": "Steel", "role": "Setup Sweeper", "bvs": {"hp": 95, "atk": 135, "def": 80, "spa": 110, "spd": 80, "spe": 100}, "stats": {"hp": 273, "atk": 252, "def": 168, "spa": 214, "spd": 168, "spe": 199}, "types": ["Dragon", "Flying"]}}, {"Furret": {"name": "Furret", "species": "Furret", "speciesId": "furret", "gender": "F", "shiny": false, "level": 94, "moves": ["uturn", "trick", "doubleedge", "knockoff"], "ability": "Frisk", "evs": {"hp": 85, "atk": 85, "def": 85, "spa": 85, "spd": 85, "spe": 85}, "ivs": {"hp": 31, "atk": 31, "def": 31, "spa": 31, "spd": 31, "spe": 31}, "item": "Choice Band", "teraType": "Normal", "role": "Wallbreaker", "bvs": {"hp": 85, "atk": 76, "def": 64, "spa": 45, "spd": 55, "spe": 90}, "stats": {"hp": 312, "atk": 196, "def": 174, "spa": 138, "spd": 157, "spe": 223}, "types": ["Normal"]}, "Raichu": {"name": "Raichu", "species": "Raichu", "speciesId": "raichu", "gender": "F", "shiny": false, "level": 88, "moves": ["focusblast", "thunderbolt", "grassknot", "nastyplot"], "ability": "Lightning Rod", "evs": {"hp": 85, "atk": 0, "def": 85, "spa": 85, "spd": 85, "spe": 85}, "ivs": {"hp": 31, "atk": 0, "def": 31, "spa": 31, "spd": 31, "spe": 31}, "item": "Life Orb", "teraType": "Grass", "role": "Fast Support", "bvs": {"hp": 60, "atk": 90, "def": 55, "spa": 90, "spd": 80, "spe": 110}, "stats": {"hp": 249, "atk": 163, "def": 147, "spa": 209, "spd": 191, "spe": 244}, "types": ["Electric"]}, "Ninetales": {"name": "Ninetales", "species": "Ninetales-Alola", "speciesId": "ninetalesalola", "gender": "M", "shiny": false, "level": 78, "moves": ["blizzard", "moonblast", "auroraveil", "nastyplot"], "ability": "Snow Warning", "evs": {"hp": 85, "atk": 0, "def": 85, "spa": 85, "spd": 85, "spe": 85}, "ivs": {"hp": 31, "atk": 0, "def": 31, "spa": 31, "spd": 31, "spe": 31}, "item": "Light Clay", "teraType": "Steel", "role": "Fast Support", "bvs": {"hp": 73, "atk": 67, "def": 75, "spa": 81, "spd": 100, "spe": 109}, "stats": {"hp": 242, "atk": 109, "def": 162, "spa": 171, "spd": 201, "spe": 215}, "types": ["Ice", "Fairy"]}, "Dudunsparce": {"name": "Dudunsparce", "species": "Dudunsparce", "speciesId": "dudunsparce", "gender": "M", "shiny": false, "level": 83, "moves": ["toxic", "boomburst", "earthquake", "roost"], "ability": "Rattled", "evs": {"hp": 85, "atk": 85, "def": 85, "spa": 85, "spd": 85, "spe": 85}, "ivs": {"hp": 31, "atk": 31, "def": 31, "spa": 31, "spd": 31, "spe": 31}, "item": "Leftovers", "teraType": "Ghost", "role": "Bulky Attacker", "bvs": {"hp": 125, "atk": 100, "def": 80, "spa": 85, "spd": 75, "spe": 55}, "stats": {"hp": 343, "atk": 214, "def": 180, "spa": 189, "spd": 172, "spe": 139}, "types": ["Normal"]}, "Cobalion": {"name": "Cobalion", "species": "Cobalion", "speciesId": "cobalion", "gender": "N", "shiny": false, "level": 80, "moves": ["calmmind", "vacuumwave", "flashcannon", "aurasphere"], "ability": "Justified", "evs": {"hp": 85, "atk": 0, "def": 85, "spa": 85, "spd": 85, "spe": 85}, "ivs": {"hp": 31, "atk": 0, "def": 31, "spa": 31, "spd": 31, "spe": 31}, "item": "Leftovers", "teraType": "Fighting", "role": "Bulky Setup", "bvs": {"hp": 91, "atk": 90, "def": 129, "spa": 90, "spd": 72, "spe": 108}, "stats": {"hp": 277, "atk": 149, "def": 253, "spa": 190, "spd": 161, "spe": 219}, "types": ["Steel", "Fighting"]}, "Ariados": {"name": "Ariados", "species": "Ariados", "speciesId": "ariados", "gender": "M", "shiny": false, "level": 95, "moves": ["stickyweb", "megahorn", "suckerpunch", "poisonjab"], "ability": "Swarm", "evs": {"hp": 85, "atk": 85, "def": 85, "spa": 85, "spd": 85, "spe": 85}, "ivs": {"hp": 31, "atk": 31, "def": 31, "spa": 31, "spd": 31, "spe": 31}, "item": "Heavy-Duty Boots", "teraType": "Ghost", "role": "Fast Support", "bvs": {"hp": 70, "atk": 90, "def": 70, "spa": 60, "spd": 70, "spe": 40}, "stats": {"hp": 287, "atk": 225, "def": 187, "spa": 168, "spd": 187, "spe": 130}, "types": ["Bug", "Poison"]}}]}