{"id": "gen9randombattle-2642178455", "format": "[Gen 9] Random Battle", "players": ["desxto13", "irdiasil"], "log": "|j|\u2606desxto13\n|j|\u2606irdiasil\n|t:|1782906185\n|gametype|singles\n|player|p1|desxto13|cynthia-gen4|1913\n|player|p2|irdiasil|gardenia|1911\n|gen|9\n|tier|[Gen 9] Random Battle\n|rated|\n|rule|Species Clause: Limit one of each Pok\u00e9mon\n|rule|HP Percentage Mod: HP is shown in percentages\n|rule|Sleep Clause Mod: Limit one foe put to sleep\n|rule|Illusion Level Mod: Illusion disguises the Pok\u00e9mon's true level\n|\n|t:|1782906185\n|teamsize|p1|6\n|teamsize|p2|6\n|start\n|switch|p1a: Gengar|Gengar, L81, M|230/230\n|switch|p2a: Dachsbun|Dachsbun, L92, F|254/254\n|turn|1\n|inactive|Battle timer is ON: inactive players will automatically lose when time's up. (requested by irdiasil)\n|\n|t:|1782906229\n|switch|p2a: Piloswine|Piloswine, L85, F|309/309\n|move|p1a: Gengar|Toxic Spikes|p2a: Piloswine\n|-sidestart|p2: irdiasil|move: Toxic Spikes\n|\n|upkeep\n|turn|2\n|\n|t:|1782906236\n|switch|p1a: Bronzong|Bronzong, L88|261/261\n|move|p2a: Piloswine|Stealth Rock|p1a: Bronzong\n|-sidestart|p1: desxto13|move: Stealth Rock\n|\n|upkeep\n|turn|3\n|\n|t:|1782906250\n|switch|p2a: Inteleon|Inteleon, L81, F|246/246\n|-status|p2a: Inteleon|psn\n|move|p1a: Bronzong|Hypnosis||[still]\n|-fail|p1a: Bronzong\n|\n|-damage|p2a: Inteleon|216/246 psn|[from] psn\n|upkeep\n|turn|4\n|\n|t:|1782906264\n|switch|p1a: Toxicroak|Toxicroak, L84, M|277/277\n|-damage|p1a: Toxicroak|260/277|[from] Stealth Rock\n|move|p2a: Inteleon|Hydro Pump|p1a: Toxicroak\n|-heal|p1a: Toxicroak|277/277|[from] ability: Dry Skin|[of] p2a: Inteleon\n|\n|-damage|p2a: Inteleon|186/246 psn|[from] psn\n|upkeep\n|turn|5\n|\n|t:|1782906272\n|switch|p2a: Hippowdon|Hippowdon, L82, M|311/311\n|-status|p2a: Hippowdon|psn\n|-weather|Sandstorm|[from] ability: Sand Stream|[of] p2a: Hippowdon\n|move|p1a: Toxicroak|Knock Off|p2a: Hippowdon\n|-damage|p2a: Hippowdon|220/311 psn\n|-enditem|p2a: Hippowdon|Leftovers|[from] move: Knock Off|[of] p1a: Toxicroak\n|\n|-weather|Sandstorm|[upkeep]\n|-damage|p1a: Toxicroak|260/277|[from] Sandstorm\n|-damage|p2a: Hippowdon|182/311 psn|[from] psn\n|upkeep\n|turn|6\n|\n|t:|1782906278\n|switch|p1a: Bronzong|Bronzong, L88|261/261\n|-damage|p1a: Bronzong|245/261|[from] Stealth Rock\n|move|p2a: Hippowdon|Slack Off|p2a: Hippowdon\n|-heal|p2a: Hippowdon|311/311 psn\n|\n|-weather|Sandstorm|[upkeep]\n|-heal|p1a: Bronzong|261/261|[from] item: Leftovers\n|-damage|p2a: Hippowdon|273/311 psn|[from] psn\n|upkeep\n|turn|7\n|\n|t:|1782906294\n|move|p2a: Hippowdon|Curse|p2a: Hippowdon\n|-unboost|p2a: Hippowdon|spe|1\n|-boost|p2a: Hippowdon|atk|1\n|-boost|p2a: Hippowdon|def|1\n|move|p1a: Bronzong|Psychic Noise|p2a: Hippowdon\n|-damage|p2a: Hippowdon|176/311 psn\n|-start|p2a: Hippowdon|move: Heal Block\n|\n|-weather|Sandstorm|[upkeep]\n|-damage|p2a: Hippowdon|138/311 psn|[from] psn\n|upkeep\n|turn|8\n|inactive|desxto13 has 120 seconds left.\n|\n|t:|1782906334\n|switch|p2a: Miraidon|Miraidon, L65|238/238\n|-status|p2a: Miraidon|psn\n|-fieldstart|move: Electric Terrain|[from] ability: Hadron Engine|[of] p2a: Miraidon\n|move|p1a: Bronzong|Psychic Noise|p2a: Miraidon\n|-damage|p2a: Miraidon|159/238 psn\n|-start|p2a: Miraidon|move: Heal Block\n|\n|-weather|Sandstorm|[upkeep]\n|-damage|p2a: Miraidon|145/238 psn|[from] Sandstorm\n|-damage|p2a: Miraidon|116/238 psn|[from] psn\n|upkeep\n|turn|9\n|\n|t:|1782906342\n|move|p2a: Miraidon|Electro Drift|p1a: Bronzong\n|-damage|p1a: Bronzong|105/261\n|-damage|p2a: Miraidon|93/238 psn|[from] item: Life Orb\n|move|p1a: Bronzong|Earthquake|p2a: Miraidon\n|-supereffective|p2a: Miraidon\n|-damage|p2a: Miraidon|0 fnt\n|faint|p2a: Miraidon\n|\n|-weather|none\n|-heal|p1a: Bronzong|121/261|[from] item: Leftovers\n|upkeep\n|\n|t:|1782906355\n|switch|p2a: Inteleon|Inteleon, L81, F|186/246 psn\n|turn|10\n|inactive|desxto13 has 120 seconds left.\n|\n|t:|1782906393\n|switch|p1a: Toxicroak|Toxicroak, L84, M|260/277\n|-damage|p1a: Toxicroak|243/277|[from] Stealth Rock\n|move|p2a: Inteleon|U-turn|p1a: Toxicroak\n|-resisted|p1a: Toxicroak\n|-damage|p1a: Toxicroak|230/277\n|\n|t:|1782906410\n|switch|p2a: Hippowdon|Hippowdon, L82, M|138/311 psn|[from] U-turn\n|-weather|Sandstorm|[from] ability: Sand Stream|[of] p2a: Hippowdon\n|\n|-weather|Sandstorm|[upkeep]\n|-damage|p1a: Toxicroak|213/277|[from] Sandstorm\n|-damage|p2a: Hippowdon|100/311 psn|[from] psn\n|upkeep\n|turn|11\n|inactive|desxto13 has 90 seconds left.\n|\n|t:|1782906447\n|move|p1a: Toxicroak|Close Combat|p2a: Hippowdon\n|-damage|p2a: Hippowdon|0 fnt\n|-unboost|p1a: Toxicroak|def|1\n|-unboost|p1a: Toxicroak|spd|1\n|faint|p2a: Hippowdon\n|\n|-weather|Sandstorm|[upkeep]\n|-damage|p1a: Toxicroak|196/277|[from] Sandstorm\n|upkeep\n|\n|t:|1782906452\n|switch|p2a: Inteleon|Inteleon, L81, F|186/246 psn\n|turn|12\n|\n|t:|1782906457\n|move|p2a: Inteleon|Ice Beam|p1a: Toxicroak\n|-damage|p1a: Toxicroak|6/277\n|move|p1a: Toxicroak|Close Combat|p2a: Inteleon\n|-damage|p2a: Inteleon|0 fnt\n|-unboost|p1a: Toxicroak|def|1\n|-unboost|p1a: Toxicroak|spd|1\n|faint|p2a: Inteleon\n|\n|-weather|Sandstorm|[upkeep]\n|-damage|p1a: Toxicroak|0 fnt|[from] Sandstorm\n|faint|p1a: Toxicroak\n|-fieldend|move: Electric Terrain\n|upkeep\n|\n|t:|1782906471\n|switch|p2a: Piloswine|Piloswine, L85, F|309/309\n|switch|p1a: Bronzong|Bronzong, L88|121/261\n|-status|p2a: Piloswine|psn\n|-damage|p1a: Bronzong|105/261|[from] Stealth Rock\n|turn|13\n|\n|t:|1782906475\n|move|p2a: Piloswine|Icicle Crash|p1a: Bronzong\n|-resisted|p1a: Bronzong\n|-damage|p1a: Bronzong|66/261\n|cant|p1a: Bronzong|flinch\n|\n|-weather|Sandstorm|[upkeep]\n|-heal|p1a: Bronzong|82/261|[from] item: Leftovers\n|-damage|p2a: Piloswine|271/309 psn|[from] psn\n|upkeep\n|turn|14\n|\n|t:|1782906480\n|move|p2a: Piloswine|Icicle Crash|p1a: Bronzong\n|-resisted|p1a: Bronzong\n|-damage|p1a: Bronzong|44/261\n|move|p1a: Bronzong|Psychic Noise|p2a: Piloswine\n|-damage|p2a: Piloswine|201/309 psn\n|-start|p2a: Piloswine|move: Heal Block\n|\n|-weather|none\n|-heal|p1a: Bronzong|60/261|[from] item: Leftovers\n|-damage|p2a: Piloswine|163/309 psn|[from] psn\n|upkeep\n|turn|15\n|\n|t:|1782906483\n|move|p2a: Piloswine|Icicle Crash|p1a: Bronzong\n|-resisted|p1a: Bronzong\n|-damage|p1a: Bronzong|23/261\n|cant|p1a: Bronzong|flinch\n|\n|-heal|p1a: Bronzong|39/261|[from] item: Leftovers\n|-damage|p2a: Piloswine|125/309 psn|[from] psn\n|-end|p2a: Piloswine|move: Heal Block\n|upkeep\n|turn|16\n|\n|t:|1782906486\n|move|p2a: Piloswine|Icicle Crash|p1a: Bronzong\n|-resisted|p1a: Bronzong\n|-damage|p1a: Bronzong|0 fnt\n|faint|p1a: Bronzong\n|\n|-damage|p2a: Piloswine|87/309 psn|[from] psn\n|upkeep\n|\n|t:|1782906492\n|switch|p1a: Gengar|Gengar, L81, M|230/230\n|-damage|p1a: Gengar|202/230|[from] Stealth Rock\n|turn|17\n|\n|t:|1782906494\n|move|p1a: Gengar|Shadow Ball|p2a: Piloswine\n|-damage|p2a: Piloswine|0 fnt\n|faint|p2a: Piloswine\n|-damage|p1a: Gengar|179/230|[from] item: Life Orb\n|\n|upkeep\n|\n|t:|1782906505\n|switch|p2a: Beartic|Beartic, L91, F|321/321\n|turn|18\n|\n|t:|1782906531\n|switch|p1a: Cloyster|Cloyster, L80, F|211/211\n|-damage|p1a: Cloyster|159/211|[from] Stealth Rock\n|-terastallize|p2a: Beartic|Ground\n|move|p2a: Beartic|Snowscape|p2a: Beartic\n|-weather|Snowscape\n|\n|-weather|Snowscape|[upkeep]\n|upkeep\n|turn|19\n|\n|t:|1782906542\n|move|p2a: Beartic|Close Combat|p1a: Cloyster\n|-supereffective|p1a: Cloyster\n|-damage|p1a: Cloyster|55/211\n|-unboost|p2a: Beartic|def|1\n|-unboost|p2a: Beartic|spd|1\n|move|p1a: Cloyster|Shell Smash|p1a: Cloyster\n|-unboost|p1a: Cloyster|def|1\n|-unboost|p1a: Cloyster|spd|1\n|-boost|p1a: Cloyster|atk|2\n|-boost|p1a: Cloyster|spa|2\n|-boost|p1a: Cloyster|spe|2\n|-enditem|p1a: Cloyster|White Herb\n|-clearnegativeboost|p1a: Cloyster|[silent]\n|\n|-weather|Snowscape|[upkeep]\n|upkeep\n|turn|20\n|\n|t:|1782906554\n|switch|p2a: Dachsbun|Dachsbun, L92, F|254/254\n|-status|p2a: Dachsbun|psn\n|move|p1a: Cloyster|Icicle Spear|p2a: Dachsbun\n|-damage|p2a: Dachsbun|220/254 psn\n|-damage|p2a: Dachsbun|181/254 psn\n|-damage|p2a: Dachsbun|144/254 psn\n|-damage|p2a: Dachsbun|107/254 psn\n|-damage|p2a: Dachsbun|70/254 psn\n|-hitcount|p2a: Dachsbun|5\n|\n|-weather|Snowscape|[upkeep]\n|-heal|p2a: Dachsbun|85/254 psn|[from] item: Leftovers\n|-damage|p2a: Dachsbun|54/254 psn|[from] psn\n|upkeep\n|turn|21\n|\n|t:|1782906567\n|move|p1a: Cloyster|Icicle Spear|p2a: Dachsbun\n|-damage|p2a: Dachsbun|18/254 psn\n|-damage|p2a: Dachsbun|0 fnt\n|faint|p2a: Dachsbun\n|-hitcount|p2: Dachsbun|2\n|\n|-weather|Snowscape|[upkeep]\n|upkeep\n|\n|t:|1782906569\n|switch|p2a: Beartic|Beartic, L91, F, tera:Ground|321/321\n|turn|22\n|\n|t:|1782906575\n|move|p1a: Cloyster|Icicle Spear|p2a: Beartic\n|-supereffective|p2a: Beartic\n|-damage|p2a: Beartic|219/321\n|-supereffective|p2a: Beartic\n|-damage|p2a: Beartic|111/321\n|-supereffective|p2a: Beartic\n|-damage|p2a: Beartic|9/321\n|-supereffective|p2a: Beartic\n|-damage|p2a: Beartic|0 fnt\n|faint|p2a: Beartic\n|-hitcount|p2: Beartic|4\n|\n|win|desxto13\n|raw|desxto13's rating: 1913 &rarr; <strong>1933</strong><br />(+20 for winning)\n|raw|irdiasil's rating: 1911 &rarr; <strong>1891</strong><br />(-20 for losing)\n", "inputlog": ">version f8ac14003a5f27e1bdc8d8c59608a773c1cb96e5\n>start {\"formatid\":\"gen9randombattle\",\"seed\":\"sodium,75bc74fbf8d5da94fe50e094f5f56ada\",\"rated\":\"Rated battle\"}\n>player p1 {\"name\":\"desxto13\",\"avatar\":\"cynthia-gen4\",\"rating\":1913,\"seed\":\"sodium,0bbd012a99fd233c60d7f45772333f20\"}\n>player p2 {\"name\":\"irdiasil\",\"avatar\":\"gardenia\",\"rating\":1911,\"seed\":\"sodium,ee131df7d7c4bf381069bcf1fc212ad5\"}\n>p1 move toxicspikes\n>p2 switch 3\n>p1 switch 2\n>p2 move stealthrock\n>p1 move hypnosis\n>p2 switch 6\n>p1 switch 5\n>p2 move hydropump\n>p1 move knockoff\n>p2 switch 5\n>p1 switch 5\n>p2 move slackoff\n>p1 move psychicnoise\n>p2 move curse\n>p1 move psychicnoise\n>p2 switch 4\n>p1 move earthquake\n>p2 move electrodrift\n>p2 switch 5\n>p1 switch 5\n>p2 move uturn\n>p2 switch 4\n>p1 move closecombat\n>p2 move stoneedge\n>p2 switch 4\n>p1 move closecombat\n>p2 move icebeam\n>p1 switch 5\n>p2 switch 6\n>p1 move psychicnoise\n>p2 move iciclecrash\n>p1 move psychicnoise\n>p2 move iciclecrash\n>p1 move psychicnoise\n>p2 move iciclecrash\n>p1 move psychicnoise\n>p2 move iciclecrash\n>p1 switch 2\n>p1 move shadowball\n>p2 move earthquake\n>p2 switch 2\n>p1 switch 3\n>p2 move snowscape terastallize\n>p1 move shellsmash\n>p2 move closecombat\n>p1 move iciclespear\n>p2 switch 3\n>p1 move iciclespear\n>p2 move playrough\n>p2 switch 3\n>p1 move iciclespear\n>p2 move earthquake", "uploadtime": 1782906575, "views": 7, "formatid": "gen9randombattle", "rating": 1891, "private": 0, "password": null, "player_dets": [{"name": "desxto13", "avatar": "cynthia-gen4", "rating": 1913, "seed": "sodium,0bbd012a99fd233c60d7f45772333f20"}, {"name": "irdiasil", "avatar": "gardenia", "rating": 1911, "seed": "sodium,ee131df7d7c4bf381069bcf1fc212ad5"}], "teams_full": [{"Gengar": {"name": "Gengar", "species": "Gengar", "speciesId": "gengar", "gender": "M", "shiny": false, "level": 81, "moves": ["sludgewave", "toxicspikes", "shadowball", "encore"], "ability": "Cursed Body", "evs": {"hp": 85, "atk": 0, "def": 85, "spa": 85, "spd": 85, "spe": 85}, "ivs": {"hp": 31, "atk": 0, "def": 31, "spa": 31, "spd": 31, "spe": 31}, "item": "Life Orb", "teraType": "Ghost", "role": "Fast Attacker", "bvs": {"hp": 60, "atk": 65, "def": 60, "spa": 130, "spd": 75, "spe": 110}, "stats": {"hp": 230, "atk": 110, "def": 144, "spa": 257, "spd": 168, "spe": 225}, "types": ["Ghost", "Poison"]}, "Bronzong": {"name": "Bronzong", "species": "Bronzong", "speciesId": "bronzong", "gender": "N", "shiny": false, "level": 88, "moves": ["earthquake", "hypnosis", "ironhead", "psychicnoise"], "ability": "Levitate", "evs": {"hp": 85, "atk": 85, "def": 85, "spa": 85, "spd": 85, "spe": 85}, "ivs": {"hp": 31, "atk": 31, "def": 31, "spa": 31, "spd": 31, "spe": 31}, "item": "Leftovers", "teraType": "Electric", "role": "Bulky Support", "bvs": {"hp": 67, "atk": 89, "def": 116, "spa": 79, "spd": 116, "spe": 33}, "stats": {"hp": 261, "atk": 207, "def": 254, "spa": 189, "spd": 254, "spe": 108}, "types": ["Steel", "Psychic"]}, "Cloyster": {"name": "Cloyster", "species": "Cloyster", "speciesId": "cloyster", "gender": "F", "shiny": false, "level": 80, "moves": ["rockblast", "shellsmash", "iciclespear", "hydropump"], "ability": "Skill Link", "evs": {"hp": 85, "atk": 85, "def": 85, "spa": 85, "spd": 85, "spe": 85}, "ivs": {"hp": 31, "atk": 31, "def": 31, "spa": 31, "spd": 31, "spe": 31}, "item": "White Herb", "teraType": "Ice", "role": "Setup Sweeper", "bvs": {"hp": 50, "atk": 95, "def": 180, "spa": 85, "spd": 45, "spe": 70}, "stats": {"hp": 211, "atk": 198, "def": 334, "spa": 182, "spd": 118, "spe": 158}, "types": ["Water", "Ice"]}, "Flapple": {"name": "Flapple", "species": "Flapple", "speciesId": "flapple", "gender": "M", "shiny": false, "level": 88, "moves": ["outrage", "dragondance", "gravapple", "terablast"], "ability": "Hustle", "evs": {"hp": 85, "atk": 85, "def": 85, "spa": 85, "spd": 85, "spe": 85}, "ivs": {"hp": 31, "atk": 31, "def": 31, "spa": 31, "spd": 31, "spe": 31}, "item": "Lum Berry", "teraType": "Fire", "role": "Tera Blast user", "bvs": {"hp": 70, "atk": 110, "def": 80, "spa": 95, "spd": 60, "spe": 70}, "stats": {"hp": 266, "atk": 244, "def": 191, "spa": 217, "spd": 156, "spe": 173}, "types": ["Grass", "Dragon"]}, "Toxicroak": {"name": "Toxicroak", "species": "Toxicroak", "speciesId": "toxicroak", "gender": "M", "shiny": false, "level": 84, "moves": ["knockoff", "closecombat", "suckerpunch", "gunkshot"], "ability": "Dry Skin", "evs": {"hp": 85, "atk": 85, "def": 85, "spa": 85, "spd": 85, "spe": 85}, "ivs": {"hp": 31, "atk": 31, "def": 31, "spa": 31, "spd": 31, "spe": 31}, "item": "Choice Band", "teraType": "Dark", "role": "Fast Attacker", "bvs": {"hp": 83, "atk": 106, "def": 65, "spa": 86, "spd": 65, "spe": 85}, "stats": {"hp": 277, "atk": 226, "def": 157, "spa": 193, "spd": 157, "spe": 191}, "types": ["Poison", "Fighting"]}, "Oricorio": {"name": "Oricorio", "species": "Oricorio-Sensu", "speciesId": "oricoriosensu", "gender": "M", "shiny": false, "level": 85, "moves": ["hurricane", "revelationdance", "quiverdance", "roost"], "ability": "Dancer", "evs": {"hp": 85, "atk": 0, "def": 85, "spa": 85, "spd": 85, "spe": 85}, "ivs": {"hp": 31, "atk": 0, "def": 31, "spa": 31, "spd": 31, "spe": 31}, "item": "Heavy-Duty Boots", "teraType": "Fighting", "role": "Setup Sweeper", "bvs": {"hp": 75, "atk": 70, "def": 70, "spa": 98, "spd": 70, "spe": 93}, "stats": {"hp": 266, "atk": 124, "def": 168, "spa": 215, "spd": 168, "spe": 207}, "types": ["Ghost", "Flying"]}}, {"Dachsbun": {"name": "Dachsbun", "species": "Dachsbun", "speciesId": "dachsbun", "gender": "F", "shiny": false, "level": 92, "moves": ["wish", "playrough", "protect", "yawn"], "ability": "Well-Baked Body", "evs": {"hp": 85, "atk": 85, "def": 85, "spa": 85, "spd": 85, "spe": 85}, "ivs": {"hp": 31, "atk": 31, "def": 31, "spa": 31, "spd": 31, "spe": 31}, "item": "Leftovers", "teraType": "Steel", "role": "Bulky Support", "bvs": {"hp": 57, "atk": 80, "def": 115, "spa": 50, "spd": 80, "spe": 95}, "stats": {"hp": 254, "atk": 200, "def": 264, "spa": 144, "spd": 200, "spe": 227}, "types": ["Fairy"]}, "Beartic": {"name": "Beartic", "species": "Beartic", "speciesId": "beartic", "gender": "F", "shiny": false, "level": 91, "moves": ["earthquake", "closecombat", "snowscape", "iciclecrash"], "ability": "Slush Rush", "evs": {"hp": 85, "atk": 85, "def": 85, "spa": 85, "spd": 85, "spe": 85}, "ivs": {"hp": 31, "atk": 31, "def": 31, "spa": 31, "spd": 31, "spe": 31}, "item": "Heavy-Duty Boots", "teraType": "Ground", "role": "Wallbreaker", "bvs": {"hp": 95, "atk": 130, "def": 80, "spa": 70, "spd": 80, "spe": 50}, "stats": {"hp": 321, "atk": 288, "def": 197, "spa": 179, "spd": 197, "spe": 143}, "types": ["Ice"]}, "Piloswine": {"name": "Piloswine", "species": "Piloswine", "speciesId": "piloswine", "gender": "F", "shiny": false, "level": 85, "moves": ["stealthrock", "iciclecrash", "earthquake", "iceshard"], "ability": "Thick Fat", "evs": {"hp": 85, "atk": 85, "def": 85, "spa": 85, "spd": 85, "spe": 85}, "ivs": {"hp": 31, "atk": 31, "def": 31, "spa": 31, "spd": 31, "spe": 31}, "item": "Eviolite", "teraType": "Poison", "role": "Bulky Support", "bvs": {"hp": 100, "atk": 100, "def": 80, "spa": 60, "spd": 60, "spe": 50}, "stats": {"hp": 309, "atk": 219, "def": 185, "spa": 151, "spd": 151, "spe": 134}, "types": ["Ice", "Ground"]}, "Miraidon": {"name": "Miraidon", "species": "Miraidon", "speciesId": "miraidon", "gender": "N", "shiny": false, "level": 65, "moves": ["calmmind", "dracometeor", "dragonpulse", "electrodrift"], "ability": "Hadron Engine", "evs": {"hp": 85, "atk": 0, "def": 85, "spa": 85, "spd": 85, "spe": 85}, "ivs": {"hp": 31, "atk": 0, "def": 31, "spa": 31, "spd": 31, "spe": 31}, "item": "Life Orb", "teraType": "Electric", "role": "Setup Sweeper", "bvs": {"hp": 100, "atk": 85, "def": 100, "spa": 135, "spd": 115, "spe": 135}, "stats": {"hp": 238, "atk": 115, "def": 168, "spa": 214, "spd": 188, "spe": 214}, "types": ["Electric", "Dragon"]}, "Hippowdon": {"name": "Hippowdon", "species": "Hippowdon", "speciesId": "hippowdon", "gender": "M", "shiny": false, "level": 82, "moves": ["slackoff", "curse", "stoneedge", "earthquake"], "ability": "Sand Stream", "evs": {"hp": 85, "atk": 85, "def": 85, "spa": 85, "spd": 85, "spe": 85}, "ivs": {"hp": 31, "atk": 31, "def": 31, "spa": 31, "spd": 31, "spe": 31}, "item": "Leftovers", "teraType": "Rock", "role": "Bulky Setup", "bvs": {"hp": 108, "atk": 112, "def": 118, "spa": 68, "spd": 72, "spe": 47}, "stats": {"hp": 311, "atk": 231, "def": 241, "spa": 159, "spd": 165, "spe": 124}, "types": ["Ground"]}, "Inteleon": {"name": "Inteleon", "species": "Inteleon", "speciesId": "inteleon", "gender": "F", "shiny": false, "level": 81, "moves": ["icebeam", "hydropump", "uturn", "scald"], "ability": "Torrent", "evs": {"hp": 85, "atk": 85, "def": 85, "spa": 85, "spd": 85, "spe": 85}, "ivs": {"hp": 31, "atk": 31, "def": 31, "spa": 31, "spd": 31, "spe": 31}, "item": "Choice Specs", "teraType": "Water", "role": "Wallbreaker", "bvs": {"hp": 70, "atk": 85, "def": 65, "spa": 125, "spd": 65, "spe": 120}, "stats": {"hp": 246, "atk": 184, "def": 152, "spa": 249, "spd": 152, "spe": 241}, "types": ["Water"]}}]}