{"id": "gen9randombattle-2642154036", "format": "[Gen 9] Random Battle", "players": ["AGILE419", "HeartofElixir"], "log": "|badge|p1|bronze|gen9randombattle|100-10\n|uhtml|medal-msg|<div class=\"broadcast-blue\">Curious what those medals under the avatar are? PS now has Ladder Seasons! For more information, check out the <a href=\"https://www.smogon.com/forums/threads/3740067/\">thread on Smogon.</a></div>\n|j|\u2606AGILE419\n|j|\u2606HeartofElixir\n|t:|1782901463\n|gametype|singles\n|player|p1|AGILE419|102|2298\n|player|p2|HeartofElixir|steven|2227\n|gen|9\n|tier|[Gen 9] Random Battle\n|rated|\n|rule|Species Clause: Limit one of each Pok\u00e9mon\n|rule|HP Percentage Mod: HP is shown in percentages\n|rule|Sleep Clause Mod: Limit one foe put to sleep\n|rule|Illusion Level Mod: Illusion disguises the Pok\u00e9mon's true level\n|\n|t:|1782901463\n|teamsize|p1|6\n|teamsize|p2|6\n|start\n|switch|p1a: Ninetales|Ninetales-Alola, L78, F|242/242\n|switch|p2a: Calyrex|Calyrex-Shadow, L64|235/235\n|-ability|p2a: Calyrex|As One\n|-ability|p2a: Calyrex|Unnerve\n|-weather|Snowscape|[from] ability: Snow Warning|[of] p1a: Ninetales\n|turn|1\n|\n|t:|1782901488\n|move|p2a: Calyrex|Astral Barrage|p1a: Ninetales\n|-damage|p1a: Ninetales|74/242\n|move|p1a: Ninetales|Aurora Veil|p1a: Ninetales\n|-sidestart|p1: AGILE419|move: Aurora Veil\n|\n|-weather|Snowscape|[upkeep]\n|upkeep\n|turn|2\n|\n|t:|1782901493\n|move|p2a: Calyrex|Astral Barrage|p1a: Ninetales\n|-crit|p1a: Ninetales\n|-damage|p1a: Ninetales|0 fnt\n|faint|p1a: Ninetales\n|-ability|p2a: Calyrex|Grim Neigh|boost\n|-boost|p2a: Calyrex|spa|1\n|\n|-weather|Snowscape|[upkeep]\n|upkeep\n|\n|t:|1782901495\n|switch|p1a: Weavile|Weavile, L79, M|239/239\n|turn|3\n|\n|t:|1782901504\n|switch|p2a: Iron Treads|Iron Treads, L77|265/265\n|move|p1a: Weavile|Triple Axel|p2a: Iron Treads\n|-damage|p2a: Iron Treads|237/265\n|-damage|p2a: Iron Treads|174/265\n|-damage|p2a: Iron Treads|81/265\n|-hitcount|p2a: Iron Treads|3\n|\n|-weather|Snowscape|[upkeep]\n|upkeep\n|turn|4\n|\n|t:|1782901515\n|move|p1a: Weavile|Triple Axel|p2a: Iron Treads\n|-damage|p2a: Iron Treads|54/265\n|-damage|p2a: Iron Treads|0 fnt\n|faint|p2a: Iron Treads\n|-end|p2a: Iron Treads|Quark Drive|[silent]\n|-hitcount|p2: Iron Treads|2\n|\n|-weather|Snowscape|[upkeep]\n|upkeep\n|\n|t:|1782901520\n|switch|p2a: Kleavor|Kleavor, L78, F|237/237\n|turn|5\n|\n|t:|1782901525\n|move|p2a: Kleavor|Stone Axe|p1a: Weavile\n|-supereffective|p1a: Weavile\n|-damage|p1a: Weavile|145/239\n|-sidestart|p1: AGILE419|move: Stealth Rock\n|move|p1a: Weavile|Triple Axel|p2a: Kleavor\n|-damage|p2a: Kleavor|203/237\n|-hitcount|p2a: Kleavor|1\n|\n|-weather|none\n|upkeep\n|turn|6\n|\n|t:|1782901530\n|move|p2a: Kleavor|Stone Axe|p1a: Weavile\n|-supereffective|p1a: Weavile\n|-damage|p1a: Weavile|0 fnt\n|faint|p1a: Weavile\n|\n|upkeep\n|\n|t:|1782901533\n|switch|p1a: Landorus|Landorus-Therian, L76, M|260/260\n|-damage|p1a: Landorus|228/260|[from] Stealth Rock\n|-ability|p1a: Landorus|Intimidate|boost\n|-unboost|p2a: Kleavor|atk|1\n|turn|7\n|\n|t:|1782901538\n|switch|p2a: Giratina|Giratina, L75|349/349\n|-ability|p2a: Giratina|Pressure\n|move|p1a: Landorus|Earthquake|p2a: Giratina\n|-damage|p2a: Giratina|237/349\n|\n|-heal|p1a: Landorus|244/260|[from] item: Leftovers\n|-heal|p2a: Giratina|258/349|[from] item: Leftovers\n|upkeep\n|turn|8\n|\n|t:|1782901544\n|move|p1a: Landorus|Taunt|p2a: Giratina\n|-start|p2a: Giratina|move: Taunt\n|cant|p2a: Giratina|move: Taunt|Calm Mind\n|\n|-heal|p1a: Landorus|260/260|[from] item: Leftovers\n|-heal|p2a: Giratina|279/349|[from] item: Leftovers\n|-sideend|p1: AGILE419|move: Aurora Veil\n|upkeep\n|turn|9\n|\n|t:|1782901546\n|move|p1a: Landorus|Earthquake|p2a: Giratina\n|-damage|p2a: Giratina|179/349\n|move|p2a: Giratina|Dragon Pulse|p1a: Landorus\n|-damage|p1a: Landorus|166/260\n|\n|-heal|p1a: Landorus|182/260|[from] item: Leftovers\n|-heal|p2a: Giratina|200/349|[from] item: Leftovers\n|upkeep\n|turn|10\n|\n|t:|1782901548\n|move|p1a: Landorus|Earthquake|p2a: Giratina\n|-damage|p2a: Giratina|101/349\n|move|p2a: Giratina|Dragon Pulse|p1a: Landorus\n|-damage|p1a: Landorus|97/260\n|\n|-heal|p1a: Landorus|113/260|[from] item: Leftovers\n|-heal|p2a: Giratina|122/349|[from] item: Leftovers\n|-end|p2a: Giratina|move: Taunt\n|upkeep\n|turn|11\n|\n|t:|1782901553\n|move|p1a: Landorus|Earthquake|p2a: Giratina\n|-damage|p2a: Giratina|23/349\n|move|p2a: Giratina|Dragon Pulse|p1a: Landorus\n|-damage|p1a: Landorus|31/260\n|\n|-heal|p1a: Landorus|47/260|[from] item: Leftovers\n|-heal|p2a: Giratina|44/349|[from] item: Leftovers\n|upkeep\n|turn|12\n|\n|t:|1782901555\n|move|p1a: Landorus|Earthquake|p2a: Giratina\n|-damage|p2a: Giratina|0 fnt\n|faint|p2a: Giratina\n|\n|-heal|p1a: Landorus|63/260|[from] item: Leftovers\n|upkeep\n|\n|t:|1782901557\n|switch|p2a: Kleavor|Kleavor, L78, F|203/237\n|turn|13\n|\n|t:|1782901559\n|move|p2a: Kleavor|Stone Axe|p1a: Landorus\n|-damage|p1a: Landorus|0 fnt\n|faint|p1a: Landorus\n|\n|upkeep\n|\n|t:|1782901561\n|switch|p1a: Medicham|Medicham, L86, M|243/243\n|-damage|p1a: Medicham|228/243|[from] Stealth Rock\n|turn|14\n|\n|t:|1782901566\n|move|p2a: Kleavor|Stone Axe|p1a: Medicham\n|-resisted|p1a: Medicham\n|-damage|p1a: Medicham|161/243\n|move|p1a: Medicham|Zen Headbutt|p2a: Kleavor|[miss]\n|-miss|p1a: Medicham|p2a: Kleavor\n|\n|upkeep\n|turn|15\n|\n|t:|1782901578\n|move|p2a: Kleavor|Stone Axe|p1a: Medicham\n|-resisted|p1a: Medicham\n|-damage|p1a: Medicham|91/243\n|move|p1a: Medicham|Zen Headbutt|p2a: Kleavor\n|-damage|p2a: Kleavor|4/237\n|\n|upkeep\n|turn|16\n|\n|t:|1782901580\n|move|p2a: Kleavor|Stone Axe|p1a: Medicham\n|-resisted|p1a: Medicham\n|-damage|p1a: Medicham|30/243\n|move|p1a: Medicham|Zen Headbutt|p2a: Kleavor\n|-damage|p2a: Kleavor|0 fnt\n|faint|p2a: Kleavor\n|\n|upkeep\n|\n|t:|1782901583\n|switch|p2a: Calyrex|Calyrex-Shadow, L64|235/235\n|-ability|p2a: Calyrex|As One\n|-ability|p2a: Calyrex|Unnerve\n|turn|17\n|\n|t:|1782901584\n|move|p2a: Calyrex|Astral Barrage|p1a: Medicham\n|-supereffective|p1a: Medicham\n|-damage|p1a: Medicham|0 fnt\n|faint|p1a: Medicham\n|-ability|p2a: Calyrex|Grim Neigh|boost\n|-boost|p2a: Calyrex|spa|1\n|\n|upkeep\n|\n|t:|1782901585\n|switch|p1a: Rillaboom|Rillaboom, L79, M|288/288\n|-damage|p1a: Rillaboom|252/288|[from] Stealth Rock\n|-fieldstart|move: Grassy Terrain|[from] ability: Grassy Surge|[of] p1a: Rillaboom\n|turn|18\n|\n|t:|1782901594\n|switch|p2a: Indeedee|Indeedee, L84, M|238/238\n|-fieldstart|move: Psychic Terrain|[from] ability: Psychic Surge|[of] p2a: Indeedee\n|-terastallize|p1a: Rillaboom|Grass\n|move|p1a: Rillaboom|Grassy Glide|p2a: Indeedee\n|-damage|p2a: Indeedee|36/238\n|\n|upkeep\n|turn|19\n|\n|t:|1782901598\n|move|p2a: Indeedee|Hyper Voice|p1a: Rillaboom\n|-damage|p1a: Rillaboom|96/288\n|-damage|p2a: Indeedee|13/238|[from] item: Life Orb\n|move|p1a: Rillaboom|Grassy Glide|p2a: Indeedee\n|-damage|p2a: Indeedee|0 fnt\n|faint|p2a: Indeedee\n|\n|upkeep\n|\n|t:|1782901624\n|switch|p2a: Calyrex|Calyrex-Shadow, L64|235/235\n|-ability|p2a: Calyrex|As One\n|-ability|p2a: Calyrex|Unnerve\n|turn|20\n|\n|t:|1782901626\n|switch|p1a: Kingdra|Kingdra, L84, M|263/263\n|-damage|p1a: Kingdra|231/263|[from] Stealth Rock\n|move|p2a: Calyrex|Astral Barrage|p1a: Kingdra\n|-damage|p1a: Kingdra|71/263\n|\n|upkeep\n|turn|21\n|\n|t:|1782901629\n|move|p2a: Calyrex|Astral Barrage|p1a: Kingdra\n|-damage|p1a: Kingdra|0 fnt\n|faint|p1a: Kingdra\n|-ability|p2a: Calyrex|Grim Neigh|boost\n|-boost|p2a: Calyrex|spa|1\n|\n|upkeep\n|\n|t:|1782901630\n|switch|p1a: Rillaboom|Rillaboom, L79, M, tera:Grass|96/288\n|-damage|p1a: Rillaboom|60/288|[from] Stealth Rock\n|-fieldstart|move: Grassy Terrain|[from] ability: Grassy Surge|[of] p1a: Rillaboom\n|turn|22\n|\n|t:|1782901632\n|move|p1a: Rillaboom|Grassy Glide|p2a: Calyrex\n|-damage|p2a: Calyrex|13/235\n|move|p2a: Calyrex|Astral Barrage|p1a: Rillaboom\n|-damage|p1a: Rillaboom|0 fnt\n|faint|p1a: Rillaboom\n|\n|win|HeartofElixir\n|raw|AGILE419's rating: 2298 &rarr; <strong>2274</strong><br />(-24 for losing)\n|raw|HeartofElixir's rating: 2227 &rarr; <strong>2251</strong><br />(+24 for winning)\n", "inputlog": ">version f8ac14003a5f27e1bdc8d8c59608a773c1cb96e5\n>start {\"formatid\":\"gen9randombattle\",\"seed\":\"sodium,51e3ec38ba04b92408c046e88bfa9518\",\"rated\":\"Rated battle\"}\n>player p1 {\"name\":\"AGILE419\",\"avatar\":\"102\",\"rating\":2298,\"seed\":\"sodium,a02eeb103529df791728c564f71889c3\"}\n>player p2 {\"name\":\"HeartofElixir\",\"avatar\":\"steven\",\"rating\":2227,\"seed\":\"sodium,882d48b7adc51cc657746181c800962f\"}\n>p1 move auroraveil\n>p2 move astralbarrage\n>p1 move nastyplot\n>p2 move astralbarrage\n>p1 switch 3\n>p1 move tripleaxel\n>p2 switch 4\n>p1 move tripleaxel\n>p2 move ironhead\n>p2 switch 6\n>p1 move tripleaxel\n>p2 move stoneaxe\n>p1 move tripleaxel\n>p2 move stoneaxe\n>p1 switch 2\n>p1 move earthquake\n>p2 switch 5\n>p1 move taunt\n>p2 move calmmind\n>p1 move earthquake\n>p2 move dragonpulse\n>p1 move earthquake\n>p2 move dragonpulse\n>p1 move earthquake\n>p2 move dragonpulse\n>p1 move earthquake\n>p2 move dragonpulse\n>p2 switch 5\n>p1 move earthquake\n>p2 move stoneaxe\n>p1 switch 5\n>p1 move zenheadbutt\n>p2 move stoneaxe\n>p1 move zenheadbutt\n>p2 move stoneaxe\n>p1 move zenheadbutt\n>p2 move stoneaxe\n>p2 switch 4\n>p1 move zenheadbutt\n>p2 move astralbarrage\n>p1 switch 4\n>p1 move grassyglide terastallize\n>p2 switch 2\n>p1 move grassyglide\n>p2 move hypervoice\n>p2 switch 2\n>p1 switch 6\n>p2 move astralbarrage\n>p1 move dragondance\n>p2 move astralbarrage\n>p1 switch 6\n>p1 move grassyglide\n>p2 move astralbarrage", "uploadtime": 1782901632, "views": 2, "formatid": "gen9randombattle", "rating": 2251, "private": 0, "password": null, "player_dets": [{"name": "AGILE419", "avatar": "102", "rating": 2298, "seed": "sodium,a02eeb103529df791728c564f71889c3"}, {"name": "HeartofElixir", "avatar": "steven", "rating": 2227, "seed": "sodium,882d48b7adc51cc657746181c800962f"}], "teams_full": [{"Ninetales": {"name": "Ninetales", "species": "Ninetales-Alola", "speciesId": "ninetalesalola", "gender": "F", "shiny": false, "level": 78, "moves": ["blizzard", "auroraveil", "nastyplot", "moonblast"], "ability": "Snow Warning", "evs": {"hp": 85, "atk": 0, "def": 85, "spa": 85, "spd": 85, "spe": 85}, "ivs": {"hp": 31, "atk": 0, "def": 31, "spa": 31, "spd": 31, "spe": 31}, "item": "Light Clay", "teraType": "Steel", "role": "Fast Support", "bvs": {"hp": 73, "atk": 67, "def": 75, "spa": 81, "spd": 100, "spe": 109}, "stats": {"hp": 242, "atk": 109, "def": 162, "spa": 171, "spd": 201, "spe": 215}, "types": ["Ice", "Fairy"]}, "Landorus": {"name": "Landorus", "species": "Landorus-Therian", "speciesId": "landorustherian", "gender": "M", "shiny": false, "level": 76, "moves": ["uturn", "taunt", "earthquake", "stoneedge"], "ability": "Intimidate", "evs": {"hp": 85, "atk": 85, "def": 85, "spa": 85, "spd": 85, "spe": 85}, "ivs": {"hp": 31, "atk": 31, "def": 31, "spa": 31, "spd": 31, "spe": 31}, "item": "Leftovers", "teraType": "Ground", "role": "Bulky Support", "bvs": {"hp": 89, "atk": 145, "def": 90, "spa": 105, "spd": 80, "spe": 91}, "stats": {"hp": 260, "atk": 264, "def": 181, "spa": 204, "spd": 166, "spe": 182}, "types": ["Ground", "Flying"]}, "Weavile": {"name": "Weavile", "species": "Weavile", "speciesId": "weavile", "gender": "M", "shiny": false, "level": 79, "moves": ["knockoff", "tripleaxel", "lowkick", "iceshard"], "ability": "Pickpocket", "evs": {"hp": 81, "atk": 85, "def": 85, "spa": 85, "spd": 85, "spe": 85}, "ivs": {"hp": 31, "atk": 31, "def": 31, "spa": 31, "spd": 31, "spe": 31}, "item": "Choice Band", "teraType": "Fighting", "role": "Fast Attacker", "bvs": {"hp": 70, "atk": 120, "def": 65, "spa": 45, "spd": 85, "spe": 125}, "stats": {"hp": 239, "atk": 235, "def": 148, "spa": 117, "spd": 180, "spe": 243}, "types": ["Dark", "Ice"]}, "Rillaboom": {"name": "Rillaboom", "species": "Rillaboom", "speciesId": "rillaboom", "gender": "M", "shiny": false, "level": 79, "moves": ["woodhammer", "grassyglide", "uturn", "knockoff"], "ability": "Grassy Surge", "evs": {"hp": 85, "atk": 85, "def": 85, "spa": 85, "spd": 85, "spe": 85}, "ivs": {"hp": 31, "atk": 31, "def": 31, "spa": 31, "spd": 31, "spe": 31}, "item": "Choice Band", "teraType": "Grass", "role": "Wallbreaker", "bvs": {"hp": 100, "atk": 125, "def": 90, "spa": 60, "spd": 70, "spe": 85}, "stats": {"hp": 288, "atk": 243, "def": 188, "spa": 140, "spd": 156, "spe": 180}, "types": ["Grass"]}, "Medicham": {"name": "Medicham", "species": "Medicham", "speciesId": "medicham", "gender": "M", "shiny": false, "level": 86, "moves": ["closecombat", "zenheadbutt", "icepunch", "bulletpunch"], "ability": "Pure Power", "evs": {"hp": 85, "atk": 85, "def": 85, "spa": 85, "spd": 85, "spe": 85}, "ivs": {"hp": 31, "atk": 31, "def": 31, "spa": 31, "spd": 31, "spe": 31}, "item": "Choice Band", "teraType": "Fighting", "role": "Fast Attacker", "bvs": {"hp": 60, "atk": 60, "def": 75, "spa": 60, "spd": 75, "spe": 80}, "stats": {"hp": 243, "atk": 152, "def": 178, "spa": 152, "spd": 178, "spe": 187}, "types": ["Fighting", "Psychic"]}, "Kingdra": {"name": "Kingdra", "species": "Kingdra", "speciesId": "kingdra", "gender": "M", "shiny": false, "level": 84, "moves": ["wavecrash", "dragondance", "waterfall", "outrage"], "ability": "Sniper", "evs": {"hp": 85, "atk": 85, "def": 85, "spa": 85, "spd": 85, "spe": 85}, "ivs": {"hp": 31, "atk": 31, "def": 31, "spa": 31, "spd": 31, "spe": 31}, "item": "Lum Berry", "teraType": "Water", "role": "Setup Sweeper", "bvs": {"hp": 75, "atk": 95, "def": 95, "spa": 95, "spd": 95, "spe": 85}, "stats": {"hp": 263, "atk": 208, "def": 208, "spa": 208, "spd": 208, "spe": 191}, "types": ["Water", "Dragon"]}}, {"Calyrex": {"name": "Calyrex", "species": "Calyrex-Shadow", "speciesId": "calyrexshadow", "gender": "N", "shiny": false, "level": 64, "moves": ["trick", "astralbarrage", "pollenpuff", "psyshock"], "ability": "As One (Spectrier)", "evs": {"hp": 85, "atk": 0, "def": 85, "spa": 85, "spd": 85, "spe": 85}, "ivs": {"hp": 31, "atk": 0, "def": 31, "spa": 31, "spd": 31, "spe": 31}, "item": "Choice Specs", "teraType": "Ghost", "role": "Fast Attacker", "bvs": {"hp": 100, "atk": 85, "def": 80, "spa": 165, "spd": 100, "spe": 150}, "stats": {"hp": 235, "atk": 113, "def": 140, "spa": 249, "spd": 166, "spe": 230}, "types": ["Psychic", "Ghost"]}, "Indeedee": {"name": "Indeedee", "species": "Indeedee", "speciesId": "indeedee", "gender": "M", "shiny": false, "level": 84, "moves": ["calmmind", "expandingforce", "shadowball", "hypervoice"], "ability": "Psychic Surge", "evs": {"hp": 85, "atk": 0, "def": 85, "spa": 85, "spd": 85, "spe": 85}, "ivs": {"hp": 31, "atk": 0, "def": 31, "spa": 31, "spd": 31, "spe": 31}, "item": "Life Orb", "teraType": "Psychic", "role": "Fast Attacker", "bvs": {"hp": 60, "atk": 65, "def": 55, "spa": 105, "spd": 95, "spe": 95}, "stats": {"hp": 238, "atk": 114, "def": 141, "spa": 225, "spd": 208, "spe": 208}, "types": ["Psychic", "Normal"]}, "Porygon-Z": {"name": "Porygon-Z", "species": "Porygon-Z", "speciesId": "porygonz", "gender": "N", "shiny": false, "level": 83, "moves": ["shadowball", "agility", "terablast", "nastyplot"], "ability": "Adaptability", "evs": {"hp": 85, "atk": 0, "def": 85, "spa": 85, "spd": 85, "spe": 85}, "ivs": {"hp": 31, "atk": 0, "def": 31, "spa": 31, "spd": 31, "spe": 31}, "item": "Life Orb", "teraType": "Fighting", "role": "Tera Blast user", "bvs": {"hp": 85, "atk": 80, "def": 70, "spa": 135, "spd": 75, "spe": 90}, "stats": {"hp": 277, "atk": 137, "def": 164, "spa": 272, "spd": 172, "spe": 197}, "types": ["Normal"]}, "Iron Treads": {"name": "Iron Treads", "species": "Iron Treads", "speciesId": "irontreads", "gender": "N", "shiny": false, "level": 77, "moves": ["earthquake", "rapidspin", "voltswitch", "ironhead"], "ability": "Quark Drive", "evs": {"hp": 85, "atk": 85, "def": 85, "spa": 85, "spd": 85, "spe": 85}, "ivs": {"hp": 31, "atk": 31, "def": 31, "spa": 31, "spd": 31, "spe": 31}, "item": "Assault Vest", "teraType": "Ghost", "role": "Bulky Support", "bvs": {"hp": 90, "atk": 112, "def": 120, "spa": 72, "spd": 70, "spe": 106}, "stats": {"hp": 265, "atk": 217, "def": 229, "spa": 155, "spd": 152, "spe": 208}, "types": ["Ground", "Steel"]}, "Giratina": {"name": "Giratina", "species": "Giratina", "speciesId": "giratina", "gender": "N", "shiny": false, "level": 75, "moves": ["sleeptalk", "dragonpulse", "rest", "calmmind"], "ability": "Pressure", "evs": {"hp": 85, "atk": 0, "def": 85, "spa": 85, "spd": 85, "spe": 85}, "ivs": {"hp": 31, "atk": 0, "def": 31, "spa": 31, "spd": 31, "spe": 31}, "item": "Leftovers", "teraType": "Fairy", "role": "Bulky Setup", "bvs": {"hp": 150, "atk": 100, "def": 120, "spa": 100, "spd": 120, "spe": 90}, "stats": {"hp": 349, "atk": 155, "def": 224, "spa": 194, "spd": 224, "spe": 179}, "types": ["Ghost", "Dragon"]}, "Kleavor": {"name": "Kleavor", "species": "Kleavor", "speciesId": "kleavor", "gender": "F", "shiny": false, "level": 78, "moves": ["stoneaxe", "closecombat", "uturn", "xscissor"], "ability": "Sharpness", "evs": {"hp": 85, "atk": 85, "def": 85, "spa": 85, "spd": 85, "spe": 85}, "ivs": {"hp": 31, "atk": 31, "def": 31, "spa": 31, "spd": 31, "spe": 31}, "item": "Choice Scarf", "teraType": "Fighting", "role": "Bulky Attacker", "bvs": {"hp": 70, "atk": 135, "def": 95, "spa": 45, "spd": 70, "spe": 85}, "stats": {"hp": 237, "atk": 256, "def": 193, "spa": 115, "spd": 154, "spe": 178}, "types": ["Bug", "Rock"]}}]}