{"id": "gen9randombattle-2641796855", "format": "[Gen 9] Random Battle", "players": ["PentaV", "burgerbomb6418"], "log": "|j|\u2606PentaV\n|j|\u2606burgerbomb6418\n|t:|1782843001\n|gametype|singles\n|player|p1|PentaV|170|2238\n|player|p2|burgerbomb6418|266|2184\n|gen|9\n|tier|[Gen 9] Random Battle\n|rated|\n|rule|Species Clause: Limit one of each Pok\u00e9mon\n|rule|HP Percentage Mod: HP is shown in percentages\n|rule|Sleep Clause Mod: Limit one foe put to sleep\n|rule|Illusion Level Mod: Illusion disguises the Pok\u00e9mon's true level\n|\n|t:|1782843001\n|teamsize|p1|6\n|teamsize|p2|6\n|start\n|switch|p1a: Zekrom|Zekrom, L71|259/259\n|switch|p2a: Iron Thorns|Iron Thorns, L83|302/302\n|-ability|p1a: Zekrom|Teravolt\n|turn|1\n|inactive|Battle timer is ON: inactive players will automatically lose when time's up. (requested by burgerbomb6418)\n|\n|t:|1782843020\n|move|p1a: Zekrom|Dragon Dance|p1a: Zekrom\n|-boost|p1a: Zekrom|atk|1\n|-boost|p1a: Zekrom|spe|1\n|move|p2a: Iron Thorns|Stealth Rock|p1a: Zekrom\n|-sidestart|p1: PentaV|move: Stealth Rock\n|\n|upkeep\n|turn|2\n|\n|t:|1782843027\n|move|p1a: Zekrom|Substitute|p1a: Zekrom\n|-start|p1a: Zekrom|Substitute\n|-damage|p1a: Zekrom|195/259\n|move|p2a: Iron Thorns|Volt Switch|p1a: Zekrom\n|-resisted|p1a: Zekrom\n|-activate|p1a: Zekrom|move: Substitute|[damage]\n|\n|t:|1782843035\n|-end|p2a: Iron Thorns|Quark Drive|[silent]\n|switch|p2a: Sableye|Sableye, L88, M|231/231|[from] Volt Switch\n|\n|-heal|p1a: Zekrom|211/259|[from] item: Leftovers\n|upkeep\n|turn|3\n|c|\u2606PentaV|no joke i actually said out loud\n|c|\u2606PentaV|\"as long as it's not prankster encore im chilling\"\n|inactive|PentaV has 120 seconds left.\n|\n|t:|1782843077\n|switch|p1a: Luxray|Luxray, L88, F|284/284\n|-damage|p1a: Luxray|249/284|[from] Stealth Rock\n|-ability|p1a: Luxray|Intimidate|boost\n|-unboost|p2a: Sableye|atk|1\n|move|p2a: Sableye|Encore||[still]\n|-fail|p2a: Sableye\n|\n|upkeep\n|turn|4\n|\n|t:|1782843086\n|switch|p2a: Pecharunt|Pecharunt, L77|262/262\n|move|p1a: Luxray|Play Rough|p2a: Pecharunt\n|-resisted|p2a: Pecharunt\n|-damage|p2a: Pecharunt|236/262\n|-damage|p1a: Luxray|202/284|[from] item: Rocky Helmet|[of] p2a: Pecharunt\n|\n|upkeep\n|turn|5\n|\n|t:|1782843090\n|move|p2a: Pecharunt|Parting Shot|p1a: Luxray\n|-unboost|p1a: Luxray|atk|1\n|-unboost|p1a: Luxray|spa|1\n|\n|t:|1782843097\n|switch|p2a: Iron Thorns|Iron Thorns, L83|302/302|[from] Parting Shot\n|move|p1a: Luxray|Volt Switch|p2a: Iron Thorns\n|-resisted|p2a: Iron Thorns\n|-damage|p2a: Iron Thorns|275/302\n|\n|t:|1782843105\n|switch|p1a: Great Tusk|Great Tusk, L77|304/304|[from] Volt Switch\n|-damage|p1a: Great Tusk|295/304|[from] Stealth Rock\n|-enditem|p1a: Great Tusk|Booster Energy\n|-activate|p1a: Great Tusk|ability: Protosynthesis|[fromitem]\n|-start|p1a: Great Tusk|protosynthesisatk\n|\n|upkeep\n|turn|6\n|\n|t:|1782843109\n|-end|p2a: Iron Thorns|Quark Drive|[silent]\n|switch|p2a: Dodrio|Dodrio, L85, M|241/241\n|move|p1a: Great Tusk|Earthquake|p2a: Dodrio\n|-immune|p2a: Dodrio\n|\n|upkeep\n|turn|7\n|\n|t:|1782843114\n|move|p2a: Dodrio|Brave Bird|p1a: Great Tusk\n|-supereffective|p1a: Great Tusk\n|-damage|p1a: Great Tusk|79/304\n|-damage|p2a: Dodrio|170/241|[from] Recoil\n|move|p1a: Great Tusk|Rapid Spin|p2a: Dodrio\n|-damage|p2a: Dodrio|118/241\n|-boost|p1a: Great Tusk|spe|1\n|-sideend|p1: PentaV|Stealth Rock|[from] move: Rapid Spin|[of] p1a: Great Tusk\n|\n|upkeep\n|turn|8\n|\n|t:|1782843128\n|switch|p2a: Ditto|Ditto, L87|225/225\n|-transform|p2a: Ditto|p1a: Great Tusk|[from] ability: Imposter\n|move|p1a: Great Tusk|Earthquake|p2a: Ditto\n|-damage|p2a: Ditto|101/225\n|\n|upkeep\n|turn|9\n|\n|t:|1782843147\n|move|p2a: Ditto|Earthquake|p1a: Great Tusk\n|-damage|p1a: Great Tusk|0 fnt\n|faint|p1a: Great Tusk\n|-end|p1a: Great Tusk|Protosynthesis|[silent]\n|\n|upkeep\n|\n|t:|1782843157\n|switch|p1a: Kommo-o|Kommo-o, L78, M|245/245\n|turn|10\n|\n|t:|1782843168\n|-end|p2a: Ditto|Protosynthesis|[silent]\n|switch|p2a: Pecharunt|Pecharunt, L77|236/262\n|move|p1a: Kommo-o|Clanging Scales|p2a: Pecharunt\n|-damage|p2a: Pecharunt|121/262\n|-unboost|p1a: Kommo-o|def|1\n|-enditem|p1a: Kommo-o|Throat Spray\n|-boost|p1a: Kommo-o|spa|1|[from] item: Throat Spray\n|\n|upkeep\n|turn|11\n|\n|t:|1782843175\n|move|p2a: Pecharunt|Recover|p2a: Pecharunt\n|-heal|p2a: Pecharunt|252/262\n|move|p1a: Kommo-o|Clanging Scales|p2a: Pecharunt\n|-damage|p2a: Pecharunt|68/262\n|-unboost|p1a: Kommo-o|def|1\n|\n|upkeep\n|turn|12\n|\n|t:|1782843196\n|switch|p2a: Sableye|Sableye, L88, M|231/231\n|move|p1a: Kommo-o|Clanging Scales|p2a: Sableye\n|-crit|p2a: Sableye\n|-damage|p2a: Sableye|0 fnt\n|faint|p2a: Sableye\n|-unboost|p1a: Kommo-o|def|1\n|\n|upkeep\n|\n|t:|1782843199\n|switch|p2a: Tentacruel|Tentacruel, L84, F|272/272\n|turn|13\n|\n|t:|1782843202\n|move|p2a: Tentacruel|Toxic Spikes|p1a: Kommo-o\n|-sidestart|p1: PentaV|move: Toxic Spikes\n|move|p1a: Kommo-o|Clangorous Soul|p1a: Kommo-o\n|-boost|p1a: Kommo-o|atk|1\n|-boost|p1a: Kommo-o|def|1\n|-boost|p1a: Kommo-o|spa|1\n|-boost|p1a: Kommo-o|spd|1\n|-boost|p1a: Kommo-o|spe|1\n|-damage|p1a: Kommo-o|165/245\n|\n|upkeep\n|turn|14\n|\n|t:|1782843210\n|move|p1a: Kommo-o|Clanging Scales|p2a: Tentacruel\n|-damage|p2a: Tentacruel|113/272\n|-unboost|p1a: Kommo-o|def|1\n|move|p2a: Tentacruel|Rapid Spin|p1a: Kommo-o\n|-damage|p1a: Kommo-o|104/245\n|-boost|p2a: Tentacruel|spe|1\n|\n|-heal|p2a: Tentacruel|130/272|[from] item: Leftovers\n|upkeep\n|turn|15\n|\n|t:|1782843214\n|move|p2a: Tentacruel|Sludge Bomb|p1a: Kommo-o\n|-damage|p1a: Kommo-o|55/245\n|-status|p1a: Kommo-o|psn\n|move|p1a: Kommo-o|Clanging Scales|p2a: Tentacruel\n|-crit|p2a: Tentacruel\n|-damage|p2a: Tentacruel|0 fnt\n|faint|p2a: Tentacruel\n|-unboost|p1a: Kommo-o|def|1\n|\n|-damage|p1a: Kommo-o|25/245 psn|[from] psn\n|upkeep\n|\n|t:|1782843217\n|switch|p2a: Ditto|Ditto, L87|101/225\n|-transform|p2a: Ditto|p1a: Kommo-o|[from] ability: Imposter\n|turn|16\n|\n|t:|1782843230\n|move|p2a: Ditto|Clanging Scales|p1a: Kommo-o\n|-immune|p1a: Kommo-o|[from] ability: Soundproof\n|move|p1a: Kommo-o|Drain Punch|p2a: Ditto\n|-damage|p2a: Ditto|0 fnt\n|-heal|p1a: Kommo-o|76/245 psn|[from] drain|[of] p2a: Ditto\n|faint|p2a: Ditto\n|\n|-damage|p1a: Kommo-o|46/245 psn|[from] psn\n|upkeep\n|\n|t:|1782843239\n|switch|p2a: Pecharunt|Pecharunt, L77|68/262\n|turn|17\n|c|\u2606PentaV|wow\n|c|\u2606PentaV|not even tryna be mean but you had everything you needed to win\n|\n|t:|1782843251\n|switch|p2a: Dodrio|Dodrio, L85, M|118/241\n|move|p1a: Kommo-o|Clanging Scales|p2a: Dodrio\n|-damage|p2a: Dodrio|0 fnt\n|faint|p2a: Dodrio\n|-unboost|p1a: Kommo-o|def|1\n|\n|-damage|p1a: Kommo-o|16/245 psn|[from] psn\n|upkeep\n|\n|t:|1782843256\n|switch|p2a: Pecharunt|Pecharunt, L77|68/262\n|turn|18\n|\n|t:|1782843267\n|switch|p2a: Iron Thorns|Iron Thorns, L83|275/302\n|move|p1a: Kommo-o|Clanging Scales|p2a: Iron Thorns\n|-damage|p2a: Iron Thorns|38/302\n|-unboost|p1a: Kommo-o|def|1\n|\n|-damage|p1a: Kommo-o|0 fnt|[from] psn\n|faint|p1a: Kommo-o\n|upkeep\n|\n|t:|1782843278\n|switch|p1a: Zekrom|Zekrom, L71|211/259\n|-status|p1a: Zekrom|psn\n|-ability|p1a: Zekrom|Teravolt\n|turn|19\n|l|\u2606burgerbomb6418\n|inactive|burgerbomb6418 disconnected and has a minute to reconnect!\n|player|p2|\n|inactive|burgerbomb6418 has 30 seconds to reconnect!\n|inactive|burgerbomb6418 has 20 seconds to reconnect!\n|inactive|burgerbomb6418 has 15 seconds to reconnect!\n|inactive|burgerbomb6418 has 10 seconds to reconnect!\n|inactive|burgerbomb6418 has 5 seconds to reconnect!\n|-message|burgerbomb6418 lost due to inactivity.\n|\n|win|PentaV\n|raw|PentaV's rating: 2238 &rarr; <strong>2255</strong><br />(+17 for winning)\n|raw|burgerbomb6418's rating: 2184 &rarr; <strong>2167</strong><br />(-17 for losing)\n", "inputlog": ">version f8ac14003a5f27e1bdc8d8c59608a773c1cb96e5\n>start {\"formatid\":\"gen9randombattle\",\"seed\":\"sodium,6ae04193f501d3be31ba5a1773be2bdb\",\"rated\":\"Rated battle\"}\n>player p1 {\"name\":\"PentaV\",\"avatar\":\"170\",\"rating\":2238,\"seed\":\"sodium,3c12184db35ab35724fb39f55ac345a0\"}\n>player p2 {\"name\":\"burgerbomb6418\",\"avatar\":\"266\",\"rating\":2184,\"seed\":\"sodium,dde208a49151da4b5f1074d3a04e26d3\"}\n>p1 move dragondance\n>p2 move stealthrock\n>p1 move substitute\n>p2 move voltswitch\n>p2 switch 2\n>chat \u2606PentaV|no joke i actually said out loud\n>chat \u2606PentaV|\"as long as it's not prankster encore im chilling\"\n>p1 switch 2\n>p2 move encore\n>p1 move playrough\n>p2 switch 4\n>p1 move voltswitch\n>p2 move partingshot\n>p2 switch 2\n>p1 switch 3\n>p1 move earthquake\n>p2 switch 6\n>p1 move rapidspin\n>p2 move bravebird\n>p1 move earthquake\n>p2 switch 3\n>p1 move earthquake\n>p2 move earthquake\n>p1 switch 4\n>p1 move clangingscales\n>p2 switch 2\n>p1 move clangingscales\n>p2 move recover\n>p1 move clangingscales\n>p2 switch 4\n>p2 switch 5\n>p1 move clangoroussoul\n>p2 move toxicspikes\n>p1 move clangingscales\n>p2 move rapidspin\n>p1 move clangingscales\n>p2 move sludgebomb\n>p2 switch 2\n>p1 move drainpunch\n>p2 move clangingscales\n>p2 switch 4\n>chat \u2606PentaV|wow\n>chat \u2606PentaV|not even tryna be mean but you had everything you needed to win\n>p1 move clangingscales\n>p2 switch 3\n>p2 switch 3\n>p1 move clangingscales\n>p2 switch 6\n>p1 switch 2\n>forcelose p2", "uploadtime": 1782843343, "views": 8, "formatid": "gen9randombattle", "rating": 2167, "private": 0, "password": null, "player_dets": [{"name": "PentaV", "avatar": "170", "rating": 2238, "seed": "sodium,3c12184db35ab35724fb39f55ac345a0"}, {"name": "burgerbomb6418", "avatar": "266", "rating": 2184, "seed": "sodium,dde208a49151da4b5f1074d3a04e26d3"}], "teams_full": [{"Zekrom": {"name": "Zekrom", "species": "Zekrom", "speciesId": "zekrom", "gender": "N", "shiny": false, "level": 71, "moves": ["substitute", "boltstrike", "outrage", "dragondance"], "ability": "Teravolt", "evs": {"hp": 85, "atk": 85, "def": 85, "spa": 85, "spd": 85, "spe": 85}, "ivs": {"hp": 31, "atk": 31, "def": 31, "spa": 31, "spd": 31, "spe": 31}, "item": "Leftovers", "teraType": "Electric", "role": "Setup Sweeper", "bvs": {"hp": 100, "atk": 150, "def": 120, "spa": 120, "spd": 100, "spe": 90}, "stats": {"hp": 259, "atk": 254, "def": 212, "spa": 212, "spd": 183, "spe": 169}, "types": ["Dragon", "Electric"]}, "Luxray": {"name": "Luxray", "species": "Luxray", "speciesId": "luxray", "gender": "F", "shiny": false, "level": 88, "moves": ["wildcharge", "voltswitch", "playrough", "throatchop"], "ability": "Intimidate", "evs": {"hp": 85, "atk": 85, "def": 85, "spa": 85, "spd": 85, "spe": 85}, "ivs": {"hp": 31, "atk": 31, "def": 31, "spa": 31, "spd": 31, "spe": 31}, "item": "Assault Vest", "teraType": "Electric", "role": "AV Pivot", "bvs": {"hp": 80, "atk": 120, "def": 79, "spa": 95, "spd": 79, "spe": 70}, "stats": {"hp": 284, "atk": 261, "def": 189, "spa": 217, "spd": 189, "spe": 173}, "types": ["Electric"]}, "Great Tusk": {"name": "Great Tusk", "species": "Great Tusk", "speciesId": "greattusk", "gender": "N", "shiny": false, "level": 77, "moves": ["bulkup", "earthquake", "rapidspin", "closecombat"], "ability": "Protosynthesis", "evs": {"hp": 85, "atk": 85, "def": 85, "spa": 85, "spd": 85, "spe": 85}, "ivs": {"hp": 31, "atk": 31, "def": 31, "spa": 31, "spd": 31, "spe": 31}, "item": "Booster Energy", "teraType": "Ground", "role": "Fast Bulky Setup", "bvs": {"hp": 115, "atk": 131, "def": 131, "spa": 53, "spd": 53, "spe": 87}, "stats": {"hp": 304, "atk": 246, "def": 246, "spa": 126, "spd": 126, "spe": 179}, "types": ["Ground", "Fighting"]}, "Kommo-o": {"name": "Kommo-o", "species": "Kommo-o", "speciesId": "kommoo", "gender": "M", "shiny": false, "level": 78, "moves": ["boomburst", "clangingscales", "clangoroussoul", "drainpunch"], "ability": "Soundproof", "evs": {"hp": 85, "atk": 85, "def": 85, "spa": 85, "spd": 85, "spe": 85}, "ivs": {"hp": 31, "atk": 31, "def": 31, "spa": 31, "spd": 31, "spe": 31}, "item": "Throat Spray", "teraType": "Normal", "role": "Fast Bulky Setup", "bvs": {"hp": 75, "atk": 110, "def": 125, "spa": 100, "spd": 105, "spe": 85}, "stats": {"hp": 245, "atk": 217, "def": 240, "spa": 201, "spd": 209, "spe": 178}, "types": ["Dragon", "Fighting"]}, "Zacian": {"name": "Zacian", "species": "Zacian", "speciesId": "zaciancrowned", "gender": "N", "shiny": false, "level": 64, "moves": ["swordsdance", "closecombat", "behemothblade", "playrough"], "ability": "Intrepid Sword", "evs": {"hp": 85, "atk": 85, "def": 85, "spa": 85, "spd": 85, "spe": 85}, "ivs": {"hp": 31, "atk": 31, "def": 31, "spa": 31, "spd": 31, "spe": 31}, "item": "Rusted Sword", "teraType": "Fighting", "role": "Setup Sweeper", "bvs": {"hp": 92, "atk": 150, "def": 115, "spa": 80, "spd": 115, "spe": 148}, "stats": {"hp": 225, "atk": 230, "def": 185, "spa": 140, "spd": 185, "spe": 227}, "types": ["Fairy", "Steel"]}, "Snorlax": {"name": "Snorlax", "species": "Snorlax", "speciesId": "snorlax", "gender": "M", "shiny": false, "level": 82, "moves": ["curse", "bodyslam", "earthquake", "rest"], "ability": "Thick Fat", "evs": {"hp": 85, "atk": 85, "def": 85, "spa": 85, "spd": 85, "spe": 85}, "ivs": {"hp": 31, "atk": 31, "def": 31, "spa": 31, "spd": 31, "spe": 31}, "item": "Chesto Berry", "teraType": "Ground", "role": "Bulky Setup", "bvs": {"hp": 160, "atk": 110, "def": 65, "spa": 65, "spd": 110, "spe": 30}, "stats": {"hp": 397, "atk": 228, "def": 154, "spa": 154, "spd": 228, "spe": 96}, "types": ["Normal"]}}, {"Iron Thorns": {"name": "Iron Thorns", "species": "Iron Thorns", "speciesId": "ironthorns", "gender": "N", "shiny": false, "level": 83, "moves": ["voltswitch", "stealthrock", "stoneedge", "wildcharge"], "ability": "Quark Drive", "evs": {"hp": 85, "atk": 85, "def": 85, "spa": 85, "spd": 85, "spe": 85}, "ivs": {"hp": 31, "atk": 31, "def": 31, "spa": 31, "spd": 31, "spe": 31}, "item": "Heavy-Duty Boots", "teraType": "Water", "role": "Fast Support", "bvs": {"hp": 100, "atk": 134, "def": 110, "spa": 70, "spd": 84, "spe": 72}, "stats": {"hp": 302, "atk": 270, "def": 230, "spa": 164, "spd": 187, "spe": 167}, "types": ["Rock", "Electric"]}, "Sableye": {"name": "Sableye", "species": "Sableye", "speciesId": "sableye", "gender": "M", "shiny": false, "level": 88, "moves": ["knockoff", "thunderwave", "encore", "recover"], "ability": "Prankster", "evs": {"hp": 85, "atk": 85, "def": 85, "spa": 85, "spd": 85, "spe": 85}, "ivs": {"hp": 31, "atk": 31, "def": 31, "spa": 31, "spd": 31, "spe": 31}, "item": "Leftovers", "teraType": "Steel", "role": "Bulky Support", "bvs": {"hp": 50, "atk": 75, "def": 75, "spa": 65, "spd": 65, "spe": 50}, "stats": {"hp": 231, "atk": 182, "def": 182, "spa": 165, "spd": 165, "spe": 138}, "types": ["Dark", "Ghost"]}, "Ditto": {"name": "Ditto", "species": "Ditto", "speciesId": "ditto", "gender": "N", "shiny": false, "level": 87, "moves": ["transform"], "ability": "Imposter", "evs": {"hp": 85, "atk": 85, "def": 85, "spa": 85, "spd": 85, "spe": 85}, "ivs": {"hp": 31, "atk": 31, "def": 31, "spa": 31, "spd": 31, "spe": 31}, "item": "Choice Scarf", "teraType": "Ghost", "role": "Fast Support", "bvs": {"hp": 48, "atk": 48, "def": 48, "spa": 48, "spd": 48, "spe": 48}, "stats": {"hp": 225, "atk": 133, "def": 133, "spa": 133, "spd": 133, "spe": 133}, "types": ["Normal"]}, "Pecharunt": {"name": "Pecharunt", "species": "Pecharunt", "speciesId": "pecharunt", "gender": "N", "shiny": false, "level": 77, "moves": ["partingshot", "recover", "malignantchain", "shadowball"], "ability": "Poison Puppeteer", "evs": {"hp": 85, "atk": 0, "def": 85, "spa": 85, "spd": 85, "spe": 85}, "ivs": {"hp": 31, "atk": 0, "def": 31, "spa": 31, "spd": 31, "spe": 31}, "item": "Rocky Helmet", "teraType": "Dark", "role": "Bulky Attacker", "bvs": {"hp": 88, "atk": 88, "def": 160, "spa": 88, "spd": 88, "spe": 88}, "stats": {"hp": 262, "atk": 140, "def": 291, "spa": 180, "spd": 180, "spe": 180}, "types": ["Poison", "Ghost"]}, "Tentacruel": {"name": "Tentacruel", "species": "Tentacruel", "speciesId": "tentacruel", "gender": "F", "shiny": false, "level": 84, "moves": ["toxicspikes", "sludgebomb", "surf", "rapidspin"], "ability": "Liquid Ooze", "evs": {"hp": 85, "atk": 85, "def": 85, "spa": 85, "spd": 85, "spe": 85}, "ivs": {"hp": 31, "atk": 31, "def": 31, "spa": 31, "spd": 31, "spe": 31}, "item": "Leftovers", "teraType": "Grass", "role": "Bulky Support", "bvs": {"hp": 80, "atk": 70, "def": 65, "spa": 80, "spd": 120, "spe": 100}, "stats": {"hp": 272, "atk": 166, "def": 157, "spa": 183, "spd": 250, "spe": 216}, "types": ["Water", "Poison"]}, "Dodrio": {"name": "Dodrio", "species": "Dodrio", "speciesId": "dodrio", "gender": "M", "shiny": false, "level": 85, "moves": ["swordsdance", "doubleedge", "bravebird", "drillrun"], "ability": "Early Bird", "evs": {"hp": 85, "atk": 85, "def": 85, "spa": 85, "spd": 85, "spe": 85}, "ivs": {"hp": 31, "atk": 31, "def": 31, "spa": 31, "spd": 31, "spe": 31}, "item": "Heavy-Duty Boots", "teraType": "Normal", "role": "Setup Sweeper", "bvs": {"hp": 60, "atk": 110, "def": 70, "spa": 60, "spd": 60, "spe": 110}, "stats": {"hp": 241, "atk": 236, "def": 168, "spa": 151, "spd": 151, "spe": 236}, "types": ["Normal", "Flying"]}}]}