{"id": "gen9randombattle-2642219695", "format": "[Gen 9] Random Battle", "players": ["mellow", "lekkerinten"], "log": "|j|\u2606mellow\n|j|\u2606lekkerinten\n|t:|1782912710\n|gametype|singles\n|player|p1|mellow|1|1961\n|player|p2|lekkerinten|guitarist-gen4|1994\n|gen|9\n|tier|[Gen 9] Random Battle\n|rated|\n|rule|Species Clause: Limit one of each Pok\u00e9mon\n|rule|HP Percentage Mod: HP is shown in percentages\n|rule|Sleep Clause Mod: Limit one foe put to sleep\n|rule|Illusion Level Mod: Illusion disguises the Pok\u00e9mon's true level\n|\n|t:|1782912710\n|teamsize|p1|6\n|teamsize|p2|6\n|start\n|switch|p1a: Raging Bolt|Raging Bolt, L78|323/323\n|switch|p2a: Rabsca|Rabsca, L91, M|284/284\n|turn|1\n|inactive|Battle timer is ON: inactive players will automatically lose when time's up. (requested by lekkerinten)\n|\n|t:|1782912733\n|move|p1a: Raging Bolt|Calm Mind|p1a: Raging Bolt\n|-boost|p1a: Raging Bolt|spa|1\n|-boost|p1a: Raging Bolt|spd|1\n|move|p2a: Rabsca|Bug Buzz|p1a: Raging Bolt\n|-damage|p1a: Raging Bolt|227/323\n|\n|-heal|p1a: Raging Bolt|247/323|[from] item: Leftovers\n|upkeep\n|turn|2\n|l|\u2606mellow\n|inactive|mellow disconnected and has a minute to reconnect!\n|player|p1|\n|\n|t:|1782912748\n|move|p1a: Raging Bolt|Thunderbolt|p2a: Rabsca\n|-damage|p2a: Rabsca|157/284\n|move|p2a: Rabsca|Bug Buzz|p1a: Raging Bolt\n|-damage|p1a: Raging Bolt|159/323\n|\n|-heal|p1a: Raging Bolt|179/323|[from] item: Leftovers\n|upkeep\n|turn|3\n|j|\u2606mellow\n|inactive|mellow reconnected and has 150 seconds left.\n|player|p1|mellow|1|\n|\n|t:|1782912761\n|move|p1a: Raging Bolt|Draco Meteor|p2a: Rabsca\n|-damage|p2a: Rabsca|0 fnt\n|-unboost|p1a: Raging Bolt|spa|2\n|faint|p2a: Rabsca\n|\n|-heal|p1a: Raging Bolt|199/323|[from] item: Leftovers\n|upkeep\n|\n|t:|1782912775\n|switch|p2a: Zangoose|Zangoose, L85, F|263/263\n|turn|4\n|\n|t:|1782912804\n|-end|p1a: Raging Bolt|Protosynthesis|[silent]\n|switch|p1a: Ninetales|Ninetales-Alola, L78, M|242/242\n|-weather|Snowscape|[from] ability: Snow Warning|[of] p1a: Ninetales\n|move|p2a: Zangoose|Facade|p1a: Ninetales\n|-damage|p1a: Ninetales|167/242\n|\n|-weather|Snowscape|[upkeep]\n|-status|p2a: Zangoose|tox|[from] item: Toxic Orb\n|upkeep\n|turn|5\n|\n|t:|1782912810\n|move|p1a: Ninetales|Aurora Veil|p1a: Ninetales\n|-sidestart|p1: mellow|move: Aurora Veil\n|move|p2a: Zangoose|Facade|p1a: Ninetales\n|-damage|p1a: Ninetales|56/242\n|\n|-weather|Snowscape|[upkeep]\n|-damage|p2a: Zangoose|247/263 tox|[from] psn\n|upkeep\n|turn|6\n|\n|t:|1782912831\n|switch|p1a: Groudon|Groudon, L72|263/263\n|-weather|SunnyDay|[from] ability: Drought|[of] p1a: Groudon\n|move|p2a: Zangoose|Quick Attack|p1a: Groudon\n|-damage|p1a: Groudon|235/263\n|\n|-weather|SunnyDay|[upkeep]\n|-heal|p1a: Groudon|251/263|[from] item: Leftovers\n|-damage|p2a: Zangoose|215/263 tox|[from] psn\n|upkeep\n|turn|7\n|\n|t:|1782912839\n|switch|p2a: Kyogre|Kyogre, L71|259/259\n|-weather|RainDance|[from] ability: Drizzle|[of] p2a: Kyogre\n|move|p1a: Groudon|Heat Crash|p2a: Kyogre\n|-resisted|p2a: Kyogre\n|-damage|p2a: Kyogre|246/259\n|\n|-weather|RainDance|[upkeep]\n|-heal|p1a: Groudon|263/263|[from] item: Leftovers\n|upkeep\n|turn|8\n|\n|t:|1782912847\n|switch|p1a: Raging Bolt|Raging Bolt, L78|199/323\n|move|p2a: Kyogre|Water Spout|p1a: Raging Bolt\n|-resisted|p1a: Raging Bolt\n|-damage|p1a: Raging Bolt|135/323\n|\n|-weather|RainDance|[upkeep]\n|-heal|p1a: Raging Bolt|155/323|[from] item: Leftovers\n|upkeep\n|turn|9\n|\n|t:|1782912859\n|switch|p2a: Noivern|Noivern, L82, F|274/274\n|move|p1a: Raging Bolt|Thunderbolt|p2a: Noivern\n|-damage|p2a: Noivern|163/274\n|\n|-weather|RainDance|[upkeep]\n|-heal|p1a: Raging Bolt|175/323|[from] item: Leftovers\n|upkeep\n|turn|10\n|\n|t:|1782912875\n|-end|p1a: Raging Bolt|Protosynthesis|[silent]\n|switch|p1a: Dunsparce|Dunsparce, L86, M|312/312\n|move|p2a: Noivern|Draco Meteor|p1a: Dunsparce\n|-damage|p1a: Dunsparce|206/312\n|-unboost|p2a: Noivern|spa|2\n|\n|-weather|RainDance|[upkeep]\n|upkeep\n|turn|11\n|\n|t:|1782912883\n|switch|p2a: Bombirdier|Bombirdier, L85, M|258/258\n|move|p1a: Dunsparce|Body Slam|p2a: Bombirdier\n|-damage|p2a: Bombirdier|176/258\n|\n|-weather|none\n|upkeep\n|turn|12\n|\n|t:|1782912893\n|move|p2a: Bombirdier|Knock Off|p1a: Dunsparce\n|-damage|p1a: Dunsparce|164/312\n|-enditem|p1a: Dunsparce|Eviolite|[from] move: Knock Off|[of] p2a: Bombirdier\n|move|p1a: Dunsparce|Body Slam|p2a: Bombirdier\n|-damage|p2a: Bombirdier|95/258\n|-status|p2a: Bombirdier|par\n|\n|-sideend|p1: mellow|move: Aurora Veil\n|upkeep\n|turn|13\n|\n|t:|1782912899\n|move|p1a: Dunsparce|Roost|p1a: Dunsparce\n|-heal|p1a: Dunsparce|312/312\n|-singleturn|p1a: Dunsparce|move: Roost\n|move|p2a: Bombirdier|Brave Bird|p1a: Dunsparce\n|-damage|p1a: Dunsparce|156/312\n|-damage|p2a: Bombirdier|44/258 par|[from] Recoil\n|\n|upkeep\n|turn|14\n|\n|t:|1782912903\n|move|p1a: Dunsparce|Roost|p1a: Dunsparce\n|-heal|p1a: Dunsparce|312/312\n|-singleturn|p1a: Dunsparce|move: Roost\n|move|p2a: Bombirdier|Brave Bird|p1a: Dunsparce\n|-damage|p1a: Dunsparce|153/312\n|-damage|p2a: Bombirdier|0 fnt|[from] Recoil\n|faint|p2a: Bombirdier\n|\n|upkeep\n|\n|t:|1782912906\n|switch|p2a: Zangoose|Zangoose, L85, F|215/263 tox\n|turn|15\n|\n|t:|1782912910\n|move|p2a: Zangoose|Facade|p1a: Dunsparce\n|-damage|p1a: Dunsparce|0 fnt\n|faint|p1a: Dunsparce\n|\n|-damage|p2a: Zangoose|199/263 tox|[from] psn\n|upkeep\n|\n|t:|1782912913\n|switch|p1a: Ninetales|Ninetales-Alola, L78, M|56/242\n|-weather|Snowscape|[from] ability: Snow Warning|[of] p1a: Ninetales\n|turn|16\n|inactive|mellow has 120 seconds left.\n|\n|t:|1782912957\n|switch|p1a: Groudon|Groudon, L72|263/263\n|-weather|SunnyDay|[from] ability: Drought|[of] p1a: Groudon\n|-terastallize|p2a: Zangoose|Normal\n|move|p2a: Zangoose|Quick Attack|p1a: Groudon\n|-damage|p1a: Groudon|175/263\n|\n|-weather|SunnyDay|[upkeep]\n|-heal|p1a: Groudon|191/263|[from] item: Leftovers\n|-damage|p2a: Zangoose|167/263 tox|[from] psn\n|upkeep\n|turn|17\n|inactive|mellow has 90 seconds left.\n|\n|t:|1782912990\n|move|p2a: Zangoose|Facade|p1a: Groudon\n|-damage|p1a: Groudon|0 fnt\n|faint|p1a: Groudon\n|\n|-weather|SunnyDay|[upkeep]\n|-damage|p2a: Zangoose|119/263 tox|[from] psn\n|upkeep\n|inactive|mellow has 90 seconds left.\n|\n|t:|1782912996\n|switch|p1a: Charizard|Charizard, L85, F|271/271\n|turn|18\n|\n|t:|1782913000\n|switch|p2a: Kyogre|Kyogre, L71|246/259\n|-weather|RainDance|[from] ability: Drizzle|[of] p2a: Kyogre\n|move|p1a: Charizard|Flamethrower|p2a: Kyogre\n|-resisted|p2a: Kyogre\n|-damage|p2a: Kyogre|226/259\n|\n|-weather|RainDance|[upkeep]\n|upkeep\n|turn|19\n|inactive|mellow has 90 seconds left.\n|\n|t:|1782913032\n|switch|p1a: Seviper|Seviper, L93, M|287/287\n|move|p2a: Kyogre|Water Spout|p1a: Seviper\n|-damage|p1a: Seviper|32/287\n|\n|-weather|RainDance|[upkeep]\n|-heal|p1a: Seviper|49/287|[from] item: Leftovers\n|upkeep\n|turn|20\n|\n|t:|1782913038\n|move|p2a: Kyogre|Water Spout|p1a: Seviper\n|-crit|p1a: Seviper\n|-damage|p1a: Seviper|0 fnt\n|faint|p1a: Seviper\n|\n|-weather|RainDance|[upkeep]\n|upkeep\n|\n|t:|1782913041\n|switch|p1a: Raging Bolt|Raging Bolt, L78|175/323\n|turn|21\n|\n|t:|1782913045\n|switch|p2a: Noivern|Noivern, L82, F|163/274\n|move|p1a: Raging Bolt|Thunderbolt|p2a: Noivern\n|-damage|p2a: Noivern|36/274\n|\n|-weather|RainDance|[upkeep]\n|-heal|p1a: Raging Bolt|195/323|[from] item: Leftovers\n|upkeep\n|turn|22\n|\n|t:|1782913057\n|move|p1a: Raging Bolt|Thunderclap||[still]\n|-fail|p1a: Raging Bolt\n|move|p2a: Noivern|Roost|p2a: Noivern\n|-heal|p2a: Noivern|173/274\n|-singleturn|p2a: Noivern|move: Roost\n|\n|-weather|none\n|-heal|p1a: Raging Bolt|215/323|[from] item: Leftovers\n|upkeep\n|turn|23\n|\n|t:|1782913076\n|-terastallize|p1a: Raging Bolt|Fairy\n|move|p2a: Noivern|Draco Meteor|p1a: Raging Bolt\n|-immune|p1a: Raging Bolt\n|move|p1a: Raging Bolt|Draco Meteor|p2a: Noivern\n|-supereffective|p2a: Noivern\n|-crit|p2a: Noivern\n|-damage|p2a: Noivern|0 fnt\n|-unboost|p1a: Raging Bolt|spa|2\n|faint|p2a: Noivern\n|\n|-heal|p1a: Raging Bolt|235/323|[from] item: Leftovers\n|upkeep\n|\n|t:|1782913088\n|switch|p2a: Zangoose|Zangoose, L85, F, tera:Normal|119/263 tox\n|turn|24\n|\n|t:|1782913101\n|-end|p1a: Raging Bolt|Protosynthesis|[silent]\n|switch|p1a: Ninetales|Ninetales-Alola, L78, M|56/242\n|-weather|Snowscape|[from] ability: Snow Warning|[of] p1a: Ninetales\n|move|p2a: Zangoose|Facade|p1a: Ninetales\n|-damage|p1a: Ninetales|0 fnt\n|faint|p1a: Ninetales\n|\n|-weather|Snowscape|[upkeep]\n|-damage|p2a: Zangoose|103/263 tox|[from] psn\n|upkeep\n|\n|t:|1782913107\n|switch|p1a: Charizard|Charizard, L85, F|271/271\n|turn|25\n|\n|t:|1782913112\n|switch|p2a: Basculegion|Basculegion, L80, M|323/323\n|move|p1a: Charizard|Flamethrower|p2a: Basculegion\n|-resisted|p2a: Basculegion\n|-crit|p2a: Basculegion\n|-damage|p2a: Basculegion|263/323\n|\n|-weather|Snowscape|[upkeep]\n|upkeep\n|turn|26\n|\n|t:|1782913118\n|move|p1a: Charizard|Will-O-Wisp|p2a: Basculegion\n|-status|p2a: Basculegion|brn\n|move|p2a: Basculegion|Flip Turn|p1a: Charizard\n|-supereffective|p1a: Charizard\n|-damage|p1a: Charizard|183/271\n|\n|t:|1782913120\n|switch|p2a: Kyogre|Kyogre, L71|226/259|[from] Flip Turn\n|-weather|RainDance|[from] ability: Drizzle|[of] p2a: Kyogre\n|\n|-weather|RainDance|[upkeep]\n|upkeep\n|turn|27\n|\n|t:|1782913126\n|move|p2a: Kyogre|Water Spout|p1a: Charizard\n|-supereffective|p1a: Charizard\n|-damage|p1a: Charizard|0 fnt\n|faint|p1a: Charizard\n|\n|-weather|RainDance|[upkeep]\n|upkeep\n|\n|t:|1782913127\n|switch|p1a: Raging Bolt|Raging Bolt, L78, tera:Fairy|235/323\n|turn|28\n|\n|t:|1782913129\n|move|p1a: Raging Bolt|Thunderclap|p2a: Kyogre\n|-supereffective|p2a: Kyogre\n|-damage|p2a: Kyogre|92/259\n|move|p2a: Kyogre|Water Spout|p1a: Raging Bolt\n|-damage|p1a: Raging Bolt|139/323\n|\n|-weather|RainDance|[upkeep]\n|-heal|p1a: Raging Bolt|159/323|[from] item: Leftovers\n|upkeep\n|turn|29\n|\n|t:|1782913138\n|move|p2a: Kyogre|Water Spout|p1a: Raging Bolt\n|-damage|p1a: Raging Bolt|74/323\n|move|p1a: Raging Bolt|Calm Mind|p1a: Raging Bolt\n|-boost|p1a: Raging Bolt|spa|1\n|-boost|p1a: Raging Bolt|spd|1\n|\n|-weather|RainDance|[upkeep]\n|-heal|p1a: Raging Bolt|94/323|[from] item: Leftovers\n|upkeep\n|turn|30\n|\n|t:|1782913141\n|move|p2a: Kyogre|Water Spout|p1a: Raging Bolt\n|-damage|p1a: Raging Bolt|34/323\n|move|p1a: Raging Bolt|Calm Mind|p1a: Raging Bolt\n|-boost|p1a: Raging Bolt|spa|1\n|-boost|p1a: Raging Bolt|spd|1\n|\n|-weather|none\n|-heal|p1a: Raging Bolt|54/323|[from] item: Leftovers\n|upkeep\n|turn|31\n|\n|t:|1782913145\n|move|p1a: Raging Bolt|Thunderclap|p2a: Kyogre\n|-supereffective|p2a: Kyogre\n|-damage|p2a: Kyogre|0 fnt\n|faint|p2a: Kyogre\n|\n|-heal|p1a: Raging Bolt|74/323|[from] item: Leftovers\n|upkeep\n|\n|t:|1782913150\n|switch|p2a: Zangoose|Zangoose, L85, F, tera:Normal|103/263 tox\n|turn|32\n|\n|t:|1782913152\n|move|p2a: Zangoose|Quick Attack|p1a: Raging Bolt\n|-damage|p1a: Raging Bolt|0 fnt\n|faint|p1a: Raging Bolt\n|-end|p1a: Raging Bolt|Protosynthesis|[silent]\n|\n|win|lekkerinten\n|raw|mellow's rating: 1961 &rarr; <strong>1942</strong><br />(-19 for losing)\n|raw|lekkerinten's rating: 1973 &rarr; <strong>1992</strong><br />(+19 for winning)\n", "inputlog": ">version f8ac14003a5f27e1bdc8d8c59608a773c1cb96e5\n>start {\"formatid\":\"gen9randombattle\",\"seed\":\"sodium,49738a7a7562cee1ba65ed758d294a85\",\"rated\":\"Rated battle\"}\n>player p1 {\"name\":\"mellow\",\"avatar\":\"1\",\"rating\":1961,\"seed\":\"sodium,b58c436d6bbb8beef2728f1ae971c5e7\"}\n>player p2 {\"name\":\"lekkerinten\",\"avatar\":\"guitarist-gen4\",\"rating\":1994,\"seed\":\"sodium,1299528d0797b72e1d983be7287e8381\"}\n>p1 move calmmind\n>p2 move bugbuzz\n>p1 move thunderbolt\n>p2 move bugbuzz\n>p1 move dracometeor\n>p2 move bugbuzz\n>p2 switch 6\n>p1 switch 2\n>p2 move facade\n>p1 move auroraveil\n>p2 move facade\n>p1 switch 3\n>p2 move quickattack\n>p1 move heatcrash\n>p2 switch 4\n>p1 switch 2\n>p2 move waterspout\n>p1 move thunderbolt\n>p2 switch 2\n>p1 switch 6\n>p2 move dracometeor\n>p1 move bodyslam\n>p2 switch 3\n>p1 move bodyslam\n>p2 move knockoff\n>p1 move roost\n>p2 move bravebird\n>p1 move roost\n>p2 move bravebird\n>p2 switch 4\n>p1 move bodyslam\n>p2 move facade\n>p1 switch 3\n>p1 switch 2\n>p2 move quickattack terastallize\n>p1 move heatcrash\n>p2 move facade\n>p1 switch 4\n>p1 move flamethrower\n>p2 switch 2\n>p1 switch 5\n>p2 move waterspout\n>p1 move gunkshot\n>p2 move waterspout\n>p1 switch 6\n>p1 move thunderbolt\n>p2 switch 3\n>p1 move thunderclap\n>p2 move roost\n>p1 move dracometeor terastallize\n>p2 move dracometeor\n>p2 switch 2\n>p1 switch 2\n>p2 move facade\n>p1 switch 5\n>p1 move flamethrower\n>p2 switch 5\n>p1 move willowisp\n>p2 move flipturn\n>p2 switch 3\n>p1 move hurricane\n>p2 move waterspout\n>p1 switch 2\n>p1 move thunderclap\n>p2 move waterspout\n>p1 move calmmind\n>p2 move waterspout\n>p1 move calmmind\n>p2 move waterspout\n>p1 move thunderclap\n>p2 move waterspout\n>p2 switch 5\n>p1 move thunderclap\n>p2 move quickattack", "uploadtime": 1782913152, "views": 3, "formatid": "gen9randombattle", "rating": 1942, "private": 0, "password": null, "player_dets": [{"name": "mellow", "avatar": "1", "rating": 1961, "seed": "sodium,b58c436d6bbb8beef2728f1ae971c5e7"}, {"name": "lekkerinten", "avatar": "guitarist-gen4", "rating": 1994, "seed": "sodium,1299528d0797b72e1d983be7287e8381"}], "teams_full": [{"Raging Bolt": {"name": "Raging Bolt", "species": "Raging Bolt", "speciesId": "ragingbolt", "gender": "N", "shiny": false, "level": 78, "moves": ["thunderclap", "thunderbolt", "calmmind", "dracometeor"], "ability": "Protosynthesis", "evs": {"hp": 85, "atk": 0, "def": 85, "spa": 85, "spd": 85, "spe": 85}, "ivs": {"hp": 31, "atk": 0, "def": 31, "spa": 31, "spd": 31, "spe": 31}, "item": "Leftovers", "teraType": "Fairy", "role": "Bulky Setup", "bvs": {"hp": 125, "atk": 73, "def": 91, "spa": 137, "spd": 89, "spe": 75}, "stats": {"hp": 323, "atk": 118, "def": 187, "spa": 259, "spd": 184, "spe": 162}, "types": ["Electric", "Dragon"]}, "Ninetales": {"name": "Ninetales", "species": "Ninetales-Alola", "speciesId": "ninetalesalola", "gender": "M", "shiny": false, "level": 78, "moves": ["auroraveil", "blizzard", "encore", "moonblast"], "ability": "Snow Warning", "evs": {"hp": 85, "atk": 0, "def": 85, "spa": 85, "spd": 85, "spe": 85}, "ivs": {"hp": 31, "atk": 0, "def": 31, "spa": 31, "spd": 31, "spe": 31}, "item": "Light Clay", "teraType": "Water", "role": "Fast Support", "bvs": {"hp": 73, "atk": 67, "def": 75, "spa": 81, "spd": 100, "spe": 109}, "stats": {"hp": 242, "atk": 109, "def": 162, "spa": 171, "spd": 201, "spe": 215}, "types": ["Ice", "Fairy"]}, "Groudon": {"name": "Groudon", "species": "Groudon", "speciesId": "groudon", "gender": "N", "shiny": false, "level": 72, "moves": ["stoneedge", "roar", "precipiceblades", "heatcrash"], "ability": "Drought", "evs": {"hp": 85, "atk": 85, "def": 85, "spa": 85, "spd": 85, "spe": 85}, "ivs": {"hp": 31, "atk": 31, "def": 31, "spa": 31, "spd": 31, "spe": 31}, "item": "Leftovers", "teraType": "Fire", "role": "Bulky Attacker", "bvs": {"hp": 100, "atk": 150, "def": 140, "spa": 100, "spd": 90, "spe": 90}, "stats": {"hp": 263, "atk": 258, "def": 244, "spa": 186, "spd": 172, "spe": 172}, "types": ["Ground"]}, "Charizard": {"name": "Charizard", "species": "Charizard", "speciesId": "charizard", "gender": "F", "shiny": false, "level": 85, "moves": ["hurricane", "willowisp", "focusblast", "flamethrower"], "ability": "Blaze", "evs": {"hp": 85, "atk": 0, "def": 85, "spa": 85, "spd": 85, "spe": 85}, "ivs": {"hp": 31, "atk": 0, "def": 31, "spa": 31, "spd": 31, "spe": 31}, "item": "Heavy-Duty Boots", "teraType": "Fire", "role": "Fast Attacker", "bvs": {"hp": 78, "atk": 84, "def": 78, "spa": 109, "spd": 85, "spe": 100}, "stats": {"hp": 271, "atk": 147, "def": 181, "spa": 234, "spd": 193, "spe": 219}, "types": ["Fire", "Flying"]}, "Seviper": {"name": "Seviper", "species": "Seviper", "speciesId": "seviper", "gender": "M", "shiny": false, "level": 93, "moves": ["trailblaze", "earthquake", "gunkshot", "swordsdance"], "ability": "Infiltrator", "evs": {"hp": 85, "atk": 85, "def": 85, "spa": 85, "spd": 85, "spe": 85}, "ivs": {"hp": 31, "atk": 31, "def": 31, "spa": 31, "spd": 31, "spe": 31}, "item": "Leftovers", "teraType": "Ground", "role": "Bulky Setup", "bvs": {"hp": 73, "atk": 100, "def": 60, "spa": 100, "spd": 60, "spe": 65}, "stats": {"hp": 287, "atk": 239, "def": 164, "spa": 239, "spd": 164, "spe": 174}, "types": ["Poison"]}, "Dunsparce": {"name": "Dunsparce", "species": "Dunsparce", "speciesId": "dunsparce", "gender": "M", "shiny": false, "level": 86, "moves": ["coil", "bodyslam", "roost", "earthquake"], "ability": "Serene Grace", "evs": {"hp": 85, "atk": 85, "def": 85, "spa": 85, "spd": 85, "spe": 85}, "ivs": {"hp": 31, "atk": 31, "def": 31, "spa": 31, "spd": 31, "spe": 31}, "item": "Eviolite", "teraType": "Ground", "role": "Bulky Setup", "bvs": {"hp": 100, "atk": 70, "def": 70, "spa": 65, "spd": 65, "spe": 45}, "stats": {"hp": 312, "atk": 170, "def": 170, "spa": 161, "spd": 161, "spe": 127}, "types": ["Normal"]}}, {"Rabsca": {"name": "Rabsca", "species": "Rabsca", "speciesId": "rabsca", "gender": "M", "shiny": false, "level": 91, "moves": ["trickroom", "psychic", "revivalblessing", "bugbuzz"], "ability": "Synchronize", "evs": {"hp": 85, "atk": 0, "def": 85, "spa": 85, "spd": 85, "spe": 0}, "ivs": {"hp": 31, "atk": 0, "def": 31, "spa": 31, "spd": 31, "spe": 0}, "item": "Heavy-Duty Boots", "teraType": "Steel", "role": "Wallbreaker", "bvs": {"hp": 75, "atk": 50, "def": 85, "spa": 115, "spd": 100, "spe": 45}, "stats": {"hp": 284, "atk": 96, "def": 207, "spa": 261, "spd": 234, "spe": 86}, "types": ["Bug", "Psychic"]}, "Noivern": {"name": "Noivern", "species": "Noivern", "speciesId": "noivern", "gender": "F", "shiny": false, "level": 82, "moves": ["hurricane", "flamethrower", "roost", "dracometeor"], "ability": "Infiltrator", "evs": {"hp": 85, "atk": 0, "def": 85, "spa": 85, "spd": 85, "spe": 85}, "ivs": {"hp": 31, "atk": 0, "def": 31, "spa": 31, "spd": 31, "spe": 31}, "item": "Heavy-Duty Boots", "teraType": "Fire", "role": "Fast Support", "bvs": {"hp": 85, "atk": 70, "def": 80, "spa": 97, "spd": 80, "spe": 123}, "stats": {"hp": 274, "atk": 119, "def": 178, "spa": 206, "spd": 178, "spe": 249}, "types": ["Flying", "Dragon"]}, "Bombirdier": {"name": "Bombirdier", "species": "Bombirdier", "speciesId": "bombirdier", "gender": "M", "shiny": false, "level": 85, "moves": ["stoneedge", "knockoff", "bravebird", "roost"], "ability": "Rocky Payload", "evs": {"hp": 85, "atk": 85, "def": 85, "spa": 85, "spd": 85, "spe": 85}, "ivs": {"hp": 31, "atk": 31, "def": 31, "spa": 31, "spd": 31, "spe": 31}, "item": "Heavy-Duty Boots", "teraType": "Rock", "role": "Fast Attacker", "bvs": {"hp": 70, "atk": 103, "def": 85, "spa": 60, "spd": 85, "spe": 82}, "stats": {"hp": 258, "atk": 224, "def": 193, "spa": 151, "spd": 193, "spe": 188}, "types": ["Flying", "Dark"]}, "Kyogre": {"name": "Kyogre", "species": "Kyogre", "speciesId": "kyogre", "gender": "N", "shiny": false, "level": 71, "moves": ["icebeam", "thunder", "originpulse", "waterspout"], "ability": "Drizzle", "evs": {"hp": 85, "atk": 0, "def": 85, "spa": 85, "spd": 85, "spe": 85}, "ivs": {"hp": 31, "atk": 0, "def": 31, "spa": 31, "spd": 31, "spe": 31}, "item": "Choice Scarf", "teraType": "Water", "role": "Fast Attacker", "bvs": {"hp": 100, "atk": 100, "def": 90, "spa": 150, "spd": 140, "spe": 90}, "stats": {"hp": 259, "atk": 147, "def": 169, "spa": 254, "spd": 240, "spe": 169}, "types": ["Water"]}, "Basculegion": {"name": "Basculegion", "species": "Basculegion", "speciesId": "basculegion", "gender": "M", "shiny": false, "level": 80, "moves": ["shadowball", "aquajet", "wavecrash", "flipturn"], "ability": "Adaptability", "evs": {"hp": 85, "atk": 85, "def": 85, "spa": 85, "spd": 85, "spe": 85}, "ivs": {"hp": 31, "atk": 31, "def": 31, "spa": 31, "spd": 31, "spe": 31}, "item": "Assault Vest", "teraType": "Water", "role": "AV Pivot", "bvs": {"hp": 120, "atk": 112, "def": 65, "spa": 80, "spd": 75, "spe": 78}, "stats": {"hp": 323, "atk": 225, "def": 150, "spa": 174, "spd": 166, "spe": 171}, "types": ["Water", "Ghost"]}, "Zangoose": {"name": "Zangoose", "species": "Zangoose", "speciesId": "zangoose", "gender": "F", "shiny": false, "level": 85, "moves": ["knockoff", "quickattack", "facade", "closecombat"], "ability": "Toxic Boost", "evs": {"hp": 85, "atk": 85, "def": 85, "spa": 85, "spd": 85, "spe": 85}, "ivs": {"hp": 31, "atk": 31, "def": 31, "spa": 31, "spd": 31, "spe": 31}, "item": "Toxic Orb", "teraType": "Normal", "role": "Fast Attacker", "bvs": {"hp": 73, "atk": 115, "def": 60, "spa": 60, "spd": 60, "spe": 90}, "stats": {"hp": 263, "atk": 244, "def": 151, "spa": 151, "spd": 151, "spe": 202}, "types": ["Normal"]}}]}