{"id": "gen9randombattle-2642149491", "format": "[Gen 9] Random Battle", "players": ["jnpr010334", "swolebadguyfieri"], "log": "|j|\u2606jnpr010334\n|j|\u2606swolebadguyfieri\n|t:|1782900520\n|gametype|singles\n|player|p1|jnpr010334|265|1671\n|player|p2|swolebadguyfieri|170|1697\n|gen|9\n|tier|[Gen 9] Random Battle\n|rated|\n|rule|Species Clause: Limit one of each Pok\u00e9mon\n|rule|HP Percentage Mod: HP is shown in percentages\n|rule|Sleep Clause Mod: Limit one foe put to sleep\n|rule|Illusion Level Mod: Illusion disguises the Pok\u00e9mon's true level\n|\n|t:|1782900520\n|teamsize|p1|6\n|teamsize|p2|6\n|start\n|switch|p1a: Serperior|Serperior, L79, F|248/248\n|switch|p2a: Alomomola|Alomomola, L87, F|429/429\n|turn|1\n|inactive|Battle timer is ON: inactive players will automatically lose when time's up. (requested by swolebadguyfieri)\n|inactive|jnpr010334 also wants the timer to be on.\n|\n|t:|1782900533\n|switch|p2a: Salazzle|Salazzle, L83, F|249/249\n|move|p1a: Serperior|Glare|p2a: Salazzle\n|-status|p2a: Salazzle|par\n|\n|upkeep\n|turn|2\n|\n|t:|1782900543\n|switch|p1a: Flygon|Flygon, L82, M|265/265\n|move|p2a: Salazzle|Fire Blast|p1a: Flygon|[miss]\n|-miss|p2a: Salazzle|p1a: Flygon\n|\n|upkeep\n|turn|3\n|\n|t:|1782900552\n|switch|p2a: Alomomola|Alomomola, L87, F|429/429\n|move|p1a: Flygon|Dragon Dance|p1a: Flygon\n|-boost|p1a: Flygon|atk|1\n|-boost|p1a: Flygon|spe|1\n|\n|upkeep\n|turn|4\n|\n|t:|1782900554\n|-terastallize|p1a: Flygon|Ground\n|move|p1a: Flygon|Earthquake|p2a: Alomomola\n|-crit|p2a: Alomomola\n|-damage|p2a: Alomomola|111/429\n|move|p2a: Alomomola|Scald|p1a: Flygon\n|-supereffective|p1a: Flygon\n|-damage|p1a: Flygon|163/265\n|\n|upkeep\n|turn|5\n|\n|t:|1782900566\n|switch|p2a: Flygon|Flygon, L82, F|265/265\n|move|p1a: Flygon|Earthquake|p2a: Flygon\n|-immune|p2a: Flygon|[from] ability: Levitate\n|\n|upkeep\n|turn|6\n|\n|t:|1782900581\n|move|p1a: Flygon|Outrage|p2a: Flygon\n|-supereffective|p2a: Flygon\n|-damage|p2a: Flygon|0 fnt\n|faint|p2a: Flygon\n|\n|upkeep\n|\n|t:|1782900583\n|switch|p2a: Alomomola|Alomomola, L87, F|254/429\n|turn|7\n|\n|t:|1782900584\n|move|p1a: Flygon|Outrage|p2a: Alomomola|[from] lockedmove\n|-damage|p2a: Alomomola|74/429\n|-start|p1a: Flygon|confusion|[fatigue]\n|-enditem|p1a: Flygon|Lum Berry|[eat]\n|-end|p1a: Flygon|confusion\n|move|p2a: Alomomola|Scald|p1a: Flygon\n|-supereffective|p1a: Flygon\n|-damage|p1a: Flygon|55/265\n|-status|p1a: Flygon|brn\n|\n|-damage|p1a: Flygon|39/265 brn|[from] brn\n|upkeep\n|turn|8\n|\n|t:|1782900596\n|switch|p2a: Dunsparce|Dunsparce, L86, M|312/312\n|move|p1a: Flygon|Earthquake|p2a: Dunsparce\n|-damage|p2a: Dunsparce|229/312\n|\n|-damage|p1a: Flygon|23/265 brn|[from] brn\n|upkeep\n|turn|9\n|\n|t:|1782900601\n|move|p1a: Flygon|Earthquake|p2a: Dunsparce\n|-damage|p2a: Dunsparce|150/312\n|move|p2a: Dunsparce|Coil|p2a: Dunsparce\n|-boost|p2a: Dunsparce|atk|1\n|-boost|p2a: Dunsparce|def|1\n|-boost|p2a: Dunsparce|accuracy|1\n|\n|-damage|p1a: Flygon|7/265 brn|[from] brn\n|upkeep\n|turn|10\n|\n|t:|1782900604\n|move|p1a: Flygon|Earthquake|p2a: Dunsparce\n|-damage|p2a: Dunsparce|99/312\n|move|p2a: Dunsparce|Roost|p2a: Dunsparce\n|-heal|p2a: Dunsparce|255/312\n|-singleturn|p2a: Dunsparce|move: Roost\n|\n|-damage|p1a: Flygon|0 fnt|[from] brn\n|faint|p1a: Flygon\n|upkeep\n|\n|t:|1782900605\n|switch|p1a: Serperior|Serperior, L79, F|248/248\n|turn|11\n|\n|t:|1782900608\n|move|p1a: Serperior|Glare|p2a: Dunsparce\n|-status|p2a: Dunsparce|par\n|move|p2a: Dunsparce|Body Slam|p1a: Serperior\n|-damage|p1a: Serperior|133/248\n|-status|p1a: Serperior|par\n|\n|upkeep\n|turn|12\n|\n|t:|1782900615\n|move|p1a: Serperior|Synthesis|p1a: Serperior\n|-heal|p1a: Serperior|248/248 par\n|move|p2a: Dunsparce|Body Slam|p1a: Serperior\n|-damage|p1a: Serperior|127/248 par\n|\n|upkeep\n|turn|13\n|\n|t:|1782900618\n|cant|p1a: Serperior|par\n|move|p2a: Dunsparce|Body Slam|p1a: Serperior\n|-damage|p1a: Serperior|22/248 par\n|\n|upkeep\n|turn|14\n|\n|t:|1782900620\n|move|p1a: Serperior|Synthesis|p1a: Serperior\n|-heal|p1a: Serperior|146/248 par\n|cant|p2a: Dunsparce|par\n|\n|upkeep\n|turn|15\n|\n|t:|1782900622\n|move|p1a: Serperior|Leaf Storm|p2a: Dunsparce\n|-damage|p2a: Dunsparce|146/312 par\n|-boost|p1a: Serperior|spa|2\n|-damage|p1a: Serperior|122/248 par|[from] item: Life Orb\n|move|p2a: Dunsparce|Body Slam|p1a: Serperior\n|-damage|p1a: Serperior|19/248 par\n|\n|upkeep\n|turn|16\n|\n|t:|1782900626\n|move|p1a: Serperior|Leaf Storm|p2a: Dunsparce\n|-damage|p2a: Dunsparce|0 fnt\n|-boost|p1a: Serperior|spa|2\n|faint|p2a: Dunsparce\n|-damage|p1a: Serperior|0 fnt|[from] item: Life Orb\n|faint|p1a: Serperior\n|\n|upkeep\n|\n|t:|1782900630\n|switch|p1a: Zebstrika|Zebstrika, L87, F|272/272\n|switch|p2a: Alomomola|Alomomola, L87, F|217/429\n|turn|17\n|\n|t:|1782900635\n|move|p2a: Alomomola|Protect|p2a: Alomomola\n|-singleturn|p2a: Alomomola|Protect\n|move|p1a: Zebstrika|Supercell Slam|p2a: Alomomola\n|-activate|p2a: Alomomola|move: Protect\n|-damage|p1a: Zebstrika|136/272|[from] supercellslam\n|\n|upkeep\n|turn|18\n|\n|t:|1782900655\n|switch|p2a: Salazzle|Salazzle, L83, F|249/249 par\n|move|p1a: Zebstrika|Supercell Slam|p2a: Salazzle\n|-damage|p2a: Salazzle|62/249 par\n|-damage|p1a: Zebstrika|109/272|[from] item: Life Orb\n|\n|upkeep\n|turn|19\n|\n|t:|1782900664\n|move|p1a: Zebstrika|High Horsepower|p2a: Salazzle\n|-supereffective|p2a: Salazzle\n|-damage|p2a: Salazzle|0 fnt\n|faint|p2a: Salazzle\n|-damage|p1a: Zebstrika|82/272|[from] item: Life Orb\n|\n|upkeep\n|\n|t:|1782900669\n|switch|p2a: Alomomola|Alomomola, L87, F|360/429\n|turn|20\n|\n|t:|1782900674\n|move|p1a: Zebstrika|Volt Switch|p2a: Alomomola\n|-supereffective|p2a: Alomomola\n|-damage|p2a: Alomomola|103/429\n|-damage|p1a: Zebstrika|55/272|[from] item: Life Orb\n|\n|t:|1782900675\n|switch|p1a: Alcremie|Alcremie-Lemon-Cream, L90, F|263/263|[from] Volt Switch\n|move|p2a: Alomomola|Scald|p1a: Alcremie\n|-damage|p1a: Alcremie|224/263\n|\n|-heal|p1a: Alcremie|240/263|[from] item: Leftovers\n|upkeep\n|turn|21\n|\n|t:|1782900682\n|switch|p2a: Chi-Yu|Chi-Yu, L77|211/211\n|-ability|p2a: Chi-Yu|Beads of Ruin\n|move|p1a: Alcremie|Calm Mind|p1a: Alcremie\n|-boost|p1a: Alcremie|spa|1\n|-boost|p1a: Alcremie|spd|1\n|\n|-heal|p1a: Alcremie|256/263|[from] item: Leftovers\n|upkeep\n|turn|22\n|\n|t:|1782900689\n|move|p2a: Chi-Yu|Nasty Plot|p2a: Chi-Yu\n|-boost|p2a: Chi-Yu|spa|2\n|move|p1a: Alcremie|Alluring Voice|p2a: Chi-Yu\n|-damage|p2a: Chi-Yu|66/211\n|-start|p2a: Chi-Yu|confusion\n|\n|-heal|p1a: Alcremie|263/263|[from] item: Leftovers\n|upkeep\n|turn|23\n|\n|t:|1782900693\n|-terastallize|p2a: Chi-Yu|Fire\n|-activate|p2a: Chi-Yu|confusion\n|-damage|p2a: Chi-Yu|46/211|[from] confusion\n|move|p1a: Alcremie|Alluring Voice|p2a: Chi-Yu\n|-resisted|p2a: Chi-Yu\n|-damage|p2a: Chi-Yu|0 fnt\n|faint|p2a: Chi-Yu\n|\n|upkeep\n|-message|swolebadguyfieri forfeited.\n|\n|win|jnpr010334\n|raw|jnpr010334's rating: 1696 &rarr; <strong>1716</strong><br />(+20 for winning)\n|raw|swolebadguyfieri's rating: 1697 &rarr; <strong>1677</strong><br />(-20 for losing)\n", "inputlog": ">version f8ac14003a5f27e1bdc8d8c59608a773c1cb96e5\n>start {\"formatid\":\"gen9randombattle\",\"seed\":\"sodium,5d3fb0b855e85eba3f1e86896f09823a\",\"rated\":\"Rated battle\"}\n>player p1 {\"name\":\"jnpr010334\",\"avatar\":\"265\",\"rating\":1671,\"seed\":\"sodium,47744d4eeb6f8d3f85691be2803ed65a\"}\n>player p2 {\"name\":\"swolebadguyfieri\",\"avatar\":\"170\",\"rating\":1697,\"seed\":\"sodium,3205bbf370f42cff67b52ef2cf19265f\"}\n>p1 move glare\n>p2 switch 2\n>p1 switch 2\n>p2 move fireblast\n>p1 move dragondance\n>p2 switch 2\n>p1 move earthquake terastallize\n>p2 move scald\n>p1 move earthquake\n>p2 switch 6\n>p1 move outrage\n>p2 move dragondance\n>p2 switch 6\n>p1 move outrage\n>p2 move scald\n>p1 move earthquake\n>p2 switch 4\n>p1 move earthquake\n>p2 move coil\n>p1 move earthquake\n>p2 move roost\n>p1 switch 2\n>p1 move glare\n>p2 move bodyslam\n>p1 move synthesis\n>p2 move bodyslam\n>p1 move synthesis\n>p2 move bodyslam\n>p1 move synthesis\n>p2 move bodyslam\n>p1 move leafstorm\n>p2 move bodyslam\n>p1 move leafstorm\n>p2 move bodyslam\n>p1 switch 4\n>p2 switch 4\n>p1 move supercellslam\n>p2 move protect\n>p1 move supercellslam\n>p2 switch 2\n>p1 move highhorsepower\n>p2 move sludgewave\n>p2 switch 2\n>p1 move voltswitch\n>p2 move scald\n>p1 switch 3\n>p1 move calmmind\n>p2 switch 3\n>p1 move alluringvoice\n>p2 move nastyplot\n>p1 move alluringvoice\n>p2 move fireblast terastallize\n>forcelose p2", "uploadtime": 1782900698, "views": 11, "formatid": "gen9randombattle", "rating": 1677, "private": 0, "password": null, "player_dets": [{"name": "jnpr010334", "avatar": "265", "rating": 1671, "seed": "sodium,47744d4eeb6f8d3f85691be2803ed65a"}, {"name": "swolebadguyfieri", "avatar": "170", "rating": 1697, "seed": "sodium,3205bbf370f42cff67b52ef2cf19265f"}], "teams_full": [{"Serperior": {"name": "Serperior", "species": "Serperior", "speciesId": "serperior", "gender": "F", "shiny": false, "level": 79, "moves": ["leafstorm", "dragonpulse", "glare", "synthesis"], "ability": "Contrary", "evs": {"hp": 85, "atk": 0, "def": 85, "spa": 85, "spd": 85, "spe": 85}, "ivs": {"hp": 31, "atk": 0, "def": 31, "spa": 31, "spd": 31, "spe": 31}, "item": "Life Orb", "teraType": "Water", "role": "Fast Attacker", "bvs": {"hp": 75, "atk": 75, "def": 95, "spa": 75, "spd": 95, "spe": 113}, "stats": {"hp": 248, "atk": 123, "def": 196, "spa": 164, "spd": 196, "spe": 224}, "types": ["Grass"]}, "Flygon": {"name": "Flygon", "species": "Flygon", "speciesId": "flygon", "gender": "M", "shiny": false, "level": 82, "moves": ["dragondance", "outrage", "earthquake", "stoneedge"], "ability": "Levitate", "evs": {"hp": 85, "atk": 85, "def": 85, "spa": 85, "spd": 85, "spe": 85}, "ivs": {"hp": 31, "atk": 31, "def": 31, "spa": 31, "spd": 31, "spe": 31}, "item": "Lum Berry", "teraType": "Ground", "role": "Fast Attacker", "bvs": {"hp": 80, "atk": 100, "def": 80, "spa": 80, "spd": 80, "spe": 100}, "stats": {"hp": 265, "atk": 211, "def": 178, "spa": 178, "spd": 178, "spe": 211}, "types": ["Ground", "Dragon"]}, "Alcremie": {"name": "Alcremie", "species": "Alcremie-Lemon-Cream", "speciesId": "alcremie", "gender": "F", "shiny": false, "level": 90, "moves": ["terablast", "alluringvoice", "calmmind", "recover"], "ability": "Aroma Veil", "evs": {"hp": 85, "atk": 0, "def": 85, "spa": 85, "spd": 85, "spe": 85}, "ivs": {"hp": 31, "atk": 0, "def": 31, "spa": 31, "spd": 31, "spe": 31}, "item": "Leftovers", "teraType": "Ground", "role": "Tera Blast user", "bvs": {"hp": 65, "atk": 60, "def": 75, "spa": 110, "spd": 121, "spe": 64}, "stats": {"hp": 263, "atk": 113, "def": 186, "spa": 249, "spd": 269, "spe": 167}, "types": ["Fairy"]}, "Zebstrika": {"name": "Zebstrika", "species": "Zebstrika", "speciesId": "zebstrika", "gender": "F", "shiny": false, "level": 87, "moves": ["voltswitch", "supercellslam", "overheat", "highhorsepower"], "ability": "Sap Sipper", "evs": {"hp": 85, "atk": 85, "def": 85, "spa": 85, "spd": 85, "spe": 85}, "ivs": {"hp": 31, "atk": 31, "def": 31, "spa": 31, "spd": 31, "spe": 31}, "item": "Life Orb", "teraType": "Ground", "role": "Fast Attacker", "bvs": {"hp": 75, "atk": 100, "def": 63, "spa": 80, "spd": 63, "spe": 116}, "stats": {"hp": 272, "atk": 224, "def": 159, "spa": 189, "spd": 159, "spe": 252}, "types": ["Electric"]}, "Pikachu": {"name": "Pikachu", "species": "Pikachu-Original", "speciesId": "pikachu", "gender": "M", "shiny": false, "level": 93, "moves": ["fakeout", "volttackle", "surf", "playrough"], "ability": "Lightning Rod", "evs": {"hp": 85, "atk": 85, "def": 85, "spa": 85, "spd": 85, "spe": 85}, "ivs": {"hp": 31, "atk": 31, "def": 31, "spa": 31, "spd": 31, "spe": 31}, "item": "Light Ball", "teraType": "Water", "role": "Fast Attacker", "bvs": {"hp": 35, "atk": 55, "def": 40, "spa": 50, "spd": 50, "spe": 90}, "stats": {"hp": 216, "atk": 155, "def": 127, "spa": 146, "spd": 146, "spe": 220}, "types": ["Electric"]}, "Sceptile": {"name": "Sceptile", "species": "Sceptile", "speciesId": "sceptile", "gender": "M", "shiny": false, "level": 87, "moves": ["leechseed", "substitute", "focusblast", "gigadrain"], "ability": "Overgrow", "evs": {"hp": 85, "atk": 0, "def": 85, "spa": 85, "spd": 85, "spe": 85}, "ivs": {"hp": 31, "atk": 0, "def": 31, "spa": 31, "spd": 31, "spe": 31}, "item": "Leftovers", "teraType": "Steel", "role": "Fast Support", "bvs": {"hp": 70, "atk": 85, "def": 65, "spa": 105, "spd": 85, "spe": 120}, "stats": {"hp": 264, "atk": 152, "def": 163, "spa": 232, "spd": 198, "spe": 259}, "types": ["Grass"]}}, {"Alomomola": {"name": "Alomomola", "species": "Alomomola", "speciesId": "alomomola", "gender": "F", "shiny": false, "level": 87, "moves": ["scald", "protect", "flipturn", "wish"], "ability": "Regenerator", "evs": {"hp": 85, "atk": 85, "def": 85, "spa": 85, "spd": 85, "spe": 85}, "ivs": {"hp": 31, "atk": 31, "def": 31, "spa": 31, "spd": 31, "spe": 31}, "item": "Heavy-Duty Boots", "teraType": "Steel", "role": "Fast Support", "bvs": {"hp": 165, "atk": 75, "def": 80, "spa": 40, "spd": 45, "spe": 65}, "stats": {"hp": 429, "atk": 180, "def": 189, "spa": 119, "spd": 128, "spe": 163}, "types": ["Water"]}, "Salazzle": {"name": "Salazzle", "species": "Salazzle", "speciesId": "salazzle", "gender": "F", "shiny": false, "level": 83, "moves": ["fireblast", "sludgewave", "nastyplot", "terablast"], "ability": "Corrosion", "evs": {"hp": 85, "atk": 0, "def": 85, "spa": 85, "spd": 85, "spe": 85}, "ivs": {"hp": 31, "atk": 0, "def": 31, "spa": 31, "spd": 31, "spe": 31}, "item": "Heavy-Duty Boots", "teraType": "Grass", "role": "Tera Blast user", "bvs": {"hp": 68, "atk": 64, "def": 60, "spa": 111, "spd": 60, "spe": 117}, "stats": {"hp": 249, "atk": 111, "def": 147, "spa": 232, "spd": 147, "spe": 242}, "types": ["Poison", "Fire"]}, "Chi-Yu": {"name": "Chi-Yu", "species": "Chi-Yu", "speciesId": "chiyu", "gender": "N", "shiny": false, "level": 77, "moves": ["psychic", "fireblast", "darkpulse", "nastyplot"], "ability": "Beads of Ruin", "evs": {"hp": 85, "atk": 0, "def": 85, "spa": 85, "spd": 85, "spe": 85}, "ivs": {"hp": 31, "atk": 0, "def": 31, "spa": 31, "spd": 31, "spe": 31}, "item": "Heavy-Duty Boots", "teraType": "Fire", "role": "Setup Sweeper", "bvs": {"hp": 55, "atk": 80, "def": 80, "spa": 135, "spd": 120, "spe": 100}, "stats": {"hp": 211, "atk": 128, "def": 168, "spa": 252, "spd": 229, "spe": 199}, "types": ["Dark", "Fire"]}, "Dunsparce": {"name": "Dunsparce", "species": "Dunsparce", "speciesId": "dunsparce", "gender": "M", "shiny": false, "level": 86, "moves": ["earthquake", "bodyslam", "roost", "coil"], "ability": "Serene Grace", "evs": {"hp": 85, "atk": 85, "def": 85, "spa": 85, "spd": 85, "spe": 85}, "ivs": {"hp": 31, "atk": 31, "def": 31, "spa": 31, "spd": 31, "spe": 31}, "item": "Eviolite", "teraType": "Ground", "role": "Bulky Setup", "bvs": {"hp": 100, "atk": 70, "def": 70, "spa": 65, "spd": 65, "spe": 45}, "stats": {"hp": 312, "atk": 170, "def": 170, "spa": 161, "spd": 161, "spe": 127}, "types": ["Normal"]}, "Blastoise": {"name": "Blastoise", "species": "Blastoise", "speciesId": "blastoise", "gender": "M", "shiny": false, "level": 80, "moves": ["shellsmash", "hydropump", "earthquake", "icebeam"], "ability": "Torrent", "evs": {"hp": 85, "atk": 85, "def": 85, "spa": 85, "spd": 85, "spe": 85}, "ivs": {"hp": 31, "atk": 31, "def": 31, "spa": 31, "spd": 31, "spe": 31}, "item": "White Herb", "teraType": "Steel", "role": "Setup Sweeper", "bvs": {"hp": 79, "atk": 83, "def": 100, "spa": 85, "spd": 105, "spe": 78}, "stats": {"hp": 258, "atk": 179, "def": 206, "spa": 182, "spd": 214, "spe": 171}, "types": ["Water"]}, "Flygon": {"name": "Flygon", "species": "Flygon", "speciesId": "flygon", "gender": "F", "shiny": false, "level": 82, "moves": ["dragondance", "stoneedge", "earthquake", "outrage"], "ability": "Levitate", "evs": {"hp": 85, "atk": 85, "def": 85, "spa": 85, "spd": 85, "spe": 85}, "ivs": {"hp": 31, "atk": 31, "def": 31, "spa": 31, "spd": 31, "spe": 31}, "item": "Lum Berry", "teraType": "Ground", "role": "Fast Attacker", "bvs": {"hp": 80, "atk": 100, "def": 80, "spa": 80, "spd": 80, "spe": 100}, "stats": {"hp": 265, "atk": 211, "def": 178, "spa": 178, "spd": 178, "spe": 211}, "types": ["Ground", "Dragon"]}}]}