{"id": "gen9randombattle-2642116731", "format": "[Gen 9] Random Battle", "players": ["forcemajor14", "Seit417"], "log": "|j|\u2606forcemajor14\n|j|\u2606Seit417\n|t:|1782893548\n|gametype|singles\n|player|p1|forcemajor14|266|2128\n|player|p2|Seit417|burglar|2231\n|gen|9\n|tier|[Gen 9] Random Battle\n|rated|\n|rule|Species Clause: Limit one of each Pok\u00e9mon\n|rule|HP Percentage Mod: HP is shown in percentages\n|rule|Sleep Clause Mod: Limit one foe put to sleep\n|rule|Illusion Level Mod: Illusion disguises the Pok\u00e9mon's true level\n|\n|t:|1782893548\n|teamsize|p1|6\n|teamsize|p2|6\n|start\n|switch|p1a: Great Tusk|Great Tusk, L77|304/304\n|switch|p2a: Gastrodon|Gastrodon, L86, F|331/331\n|turn|1\n|inactive|Battle timer is ON: inactive players will automatically lose when time's up. (requested by forcemajor14)\n|inactive|Seit417 has 120 seconds left.\n|\n|t:|1782893585\n|move|p1a: Great Tusk|Earthquake|p2a: Gastrodon\n|-damage|p2a: Gastrodon|205/331\n|move|p2a: Gastrodon|Stealth Rock|p1a: Great Tusk\n|-sidestart|p1: forcemajor14|move: Stealth Rock\n|\n|-heal|p2a: Gastrodon|225/331|[from] item: Leftovers\n|upkeep\n|turn|2\n|\n|t:|1782893589\n|switch|p2a: Mismagius|Mismagius, L86, F|243/243\n|move|p1a: Great Tusk|Rapid Spin|p2a: Mismagius\n|-immune|p2a: Mismagius\n|\n|upkeep\n|turn|3\n|\n|t:|1782893596\n|-end|p1a: Great Tusk|Protosynthesis|[silent]\n|switch|p1a: Clodsire|Clodsire, L81, F|343/343\n|-damage|p1a: Clodsire|322/343|[from] Stealth Rock\n|move|p2a: Mismagius|Shadow Ball|p1a: Clodsire\n|-damage|p1a: Clodsire|193/343\n|-unboost|p1a: Clodsire|spd|1\n|\n|-heal|p1a: Clodsire|214/343|[from] item: Leftovers\n|upkeep\n|turn|4\n|\n|t:|1782893600\n|move|p2a: Mismagius|Shadow Ball|p1a: Clodsire\n|-damage|p1a: Clodsire|6/343\n|move|p1a: Clodsire|Toxic Spikes|p2a: Mismagius\n|-sidestart|p2: Seit417|move: Toxic Spikes\n|\n|-heal|p1a: Clodsire|27/343|[from] item: Leftovers\n|upkeep\n|turn|5\n|\n|t:|1782893610\n|switch|p1a: Glalie|Glalie, L96, M|309/309\n|move|p2a: Mismagius|Shadow Ball|p1a: Glalie\n|-damage|p1a: Glalie|165/309\n|\n|upkeep\n|turn|6\n|\n|t:|1782893616\n|move|p2a: Mismagius|Shadow Ball|p1a: Glalie\n|-damage|p1a: Glalie|24/309\n|-unboost|p1a: Glalie|spd|1\n|move|p1a: Glalie|Freeze-Dry|p2a: Mismagius\n|-damage|p2a: Mismagius|173/243\n|\n|upkeep\n|turn|7\n|\n|t:|1782893622\n|move|p2a: Mismagius|Shadow Ball|p1a: Glalie\n|-damage|p1a: Glalie|0 fnt\n|faint|p1a: Glalie\n|\n|upkeep\n|\n|t:|1782893627\n|switch|p1a: Golem|Golem-Alola, L93, F|300/300\n|-damage|p1a: Golem|263/300|[from] Stealth Rock\n|turn|8\n|\n|t:|1782893646\n|switch|p2a: Rotom|Rotom-Mow, L87|229/229\n|move|p1a: Golem|Rock Polish|p1a: Golem\n|-boost|p1a: Golem|spe|2\n|\n|upkeep\n|turn|9\n|\n|t:|1782893653\n|move|p1a: Golem|Stone Edge|p2a: Rotom\n|-damage|p2a: Rotom|60/229\n|-damage|p1a: Golem|233/300|[from] item: Life Orb\n|move|p2a: Rotom|Will-O-Wisp|p1a: Golem\n|-status|p1a: Golem|brn\n|\n|-heal|p2a: Rotom|74/229|[from] item: Leftovers\n|-damage|p1a: Golem|215/300 brn|[from] brn\n|upkeep\n|turn|10\n|\n|t:|1782893661\n|switch|p2a: Gastrodon|Gastrodon, L86, F|225/331\n|-status|p2a: Gastrodon|psn\n|move|p1a: Golem|Double-Edge|p2a: Gastrodon\n|-immune|p2a: Gastrodon\n|\n|-heal|p2a: Gastrodon|245/331 psn|[from] item: Leftovers\n|-damage|p2a: Gastrodon|204/331 psn|[from] psn\n|-damage|p1a: Golem|197/300 brn|[from] brn\n|upkeep\n|turn|11\n|\n|t:|1782893669\n|switch|p1a: Houndstone|Houndstone, L86, F|264/264\n|-damage|p1a: Houndstone|231/264|[from] Stealth Rock\n|-terastallize|p2a: Gastrodon|Poison\n|move|p2a: Gastrodon|Recover|p2a: Gastrodon\n|-heal|p2a: Gastrodon|331/331 psn\n|\n|-heal|p1a: Houndstone|247/264|[from] item: Leftovers\n|-damage|p2a: Gastrodon|290/331 psn|[from] psn\n|upkeep\n|turn|12\n|\n|t:|1782893682\n|move|p1a: Houndstone|Poltergeist|p2a: Gastrodon|[miss]\n|-miss|p1a: Houndstone|p2a: Gastrodon\n|move|p2a: Gastrodon|Earthquake|p1a: Houndstone\n|-damage|p1a: Houndstone|159/264\n|\n|-heal|p1a: Houndstone|175/264|[from] item: Leftovers\n|-heal|p2a: Gastrodon|310/331 psn|[from] item: Leftovers\n|-damage|p2a: Gastrodon|269/331 psn|[from] psn\n|upkeep\n|turn|13\n|\n|t:|1782893695\n|move|p1a: Houndstone|Poltergeist|p2a: Gastrodon\n|-activate|p2a: Gastrodon|move: Poltergeist|Leftovers\n|-damage|p2a: Gastrodon|131/331 psn\n|move|p2a: Gastrodon|Earthquake|p1a: Houndstone\n|-damage|p1a: Houndstone|94/264\n|\n|-heal|p1a: Houndstone|110/264|[from] item: Leftovers\n|-heal|p2a: Gastrodon|151/331 psn|[from] item: Leftovers\n|-damage|p2a: Gastrodon|110/331 psn|[from] psn\n|upkeep\n|turn|14\n|\n|t:|1782893715\n|switch|p2a: Cloyster|Cloyster, L80, M|211/211\n|-status|p2a: Cloyster|psn\n|move|p1a: Houndstone|Poltergeist|p2a: Cloyster\n|-activate|p2a: Cloyster|move: Poltergeist|White Herb\n|-damage|p2a: Cloyster|142/211 psn\n|\n|-heal|p1a: Houndstone|126/264|[from] item: Leftovers\n|-damage|p2a: Cloyster|116/211 psn|[from] psn\n|upkeep\n|turn|15\n|\n|t:|1782893726\n|move|p1a: Houndstone|Body Press|p2a: Cloyster\n|-supereffective|p2a: Cloyster\n|-damage|p2a: Cloyster|46/211 psn\n|move|p2a: Cloyster|Shell Smash|p2a: Cloyster\n|-unboost|p2a: Cloyster|def|1\n|-unboost|p2a: Cloyster|spd|1\n|-boost|p2a: Cloyster|atk|2\n|-boost|p2a: Cloyster|spa|2\n|-boost|p2a: Cloyster|spe|2\n|-enditem|p2a: Cloyster|White Herb\n|-clearnegativeboost|p2a: Cloyster|[silent]\n|\n|-heal|p1a: Houndstone|142/264|[from] item: Leftovers\n|-damage|p2a: Cloyster|20/211 psn|[from] psn\n|upkeep\n|turn|16\n|\n|t:|1782893731\n|switch|p1a: Clodsire|Clodsire, L81, F|27/343\n|-damage|p1a: Clodsire|6/343|[from] Stealth Rock\n|move|p2a: Cloyster|Icicle Spear|p1a: Clodsire\n|-supereffective|p1a: Clodsire\n|-damage|p1a: Clodsire|0 fnt\n|faint|p1a: Clodsire\n|-hitcount|p1: Clodsire|1\n|\n|-damage|p2a: Cloyster|0 fnt|[from] psn\n|faint|p2a: Cloyster\n|upkeep\n|\n|t:|1782893744\n|switch|p2a: Mismagius|Mismagius, L86, F|173/243\n|switch|p1a: Gengar|Gengar, L81, F|230/230\n|-damage|p1a: Gengar|202/230|[from] Stealth Rock\n|turn|17\n|\n|t:|1782893760\n|switch|p2a: Gastrodon|Gastrodon, L86, F, tera:Poison|110/331 psn\n|-sideend|p2: Seit417|move: Toxic Spikes|[of] p2a: Gastrodon\n|-terastallize|p1a: Gengar|Dark\n|move|p1a: Gengar|Shadow Ball|p2a: Gastrodon\n|-damage|p2a: Gastrodon|0 fnt\n|faint|p2a: Gastrodon\n|-damage|p1a: Gengar|179/230|[from] item: Life Orb\n|\n|upkeep\n|\n|t:|1782893768\n|switch|p2a: Mienshao|Mienshao, L83, M|244/244\n|turn|18\n|\n|t:|1782893775\n|move|p1a: Gengar|Will-O-Wisp|p2a: Mienshao\n|-status|p2a: Mienshao|brn\n|move|p2a: Mienshao|U-turn|p1a: Gengar\n|-supereffective|p1a: Gengar\n|-damage|p1a: Gengar|97/230\n|inactive|Seit417 has 120 seconds left.\n|\n|t:|1782893791\n|switch|p2a: Mismagius|Mismagius, L86, F|173/243|[from] U-turn\n|\n|upkeep\n|turn|19\n|\n|t:|1782893799\n|move|p2a: Mismagius|Energy Ball|p1a: Gengar\n|-damage|p1a: Gengar|0 fnt\n|-start|p2a: Mismagius|Disable|Energy Ball|[from] ability: Cursed Body|[of] p1a: Gengar\n|faint|p1a: Gengar\n|\n|upkeep\n|\n|t:|1782893800\n|switch|p1a: Golem|Golem-Alola, L93, F|197/300 brn\n|-damage|p1a: Golem|160/300 brn|[from] Stealth Rock\n|turn|20\n|\n|t:|1782893818\n|switch|p2a: Mienshao|Mienshao, L83, M|244/244 brn\n|move|p1a: Golem|Rock Polish|p1a: Golem\n|-boost|p1a: Golem|spe|2\n|\n|-damage|p1a: Golem|142/300 brn|[from] brn\n|-damage|p2a: Mienshao|229/244 brn|[from] brn\n|upkeep\n|turn|21\n|\n|t:|1782893825\n|move|p2a: Mienshao|Fake Out|p1a: Golem\n|-resisted|p1a: Golem\n|-damage|p1a: Golem|136/300 brn\n|cant|p1a: Golem|flinch\n|\n|-damage|p1a: Golem|118/300 brn|[from] brn\n|-damage|p2a: Mienshao|214/244 brn|[from] brn\n|upkeep\n|turn|22\n|\n|t:|1782893830\n|move|p1a: Golem|Double-Edge|p2a: Mienshao\n|-damage|p2a: Mienshao|20/244 brn\n|-damage|p1a: Golem|54/300 brn|[from] Recoil\n|-damage|p1a: Golem|24/300 brn|[from] item: Life Orb\n|move|p2a: Mienshao|U-turn|p1a: Golem\n|-damage|p1a: Golem|6/300 brn\n|\n|t:|1782893848\n|switch|p2a: Rotom|Rotom-Mow, L87|74/229|[from] U-turn\n|\n|-heal|p2a: Rotom|88/229|[from] item: Leftovers\n|-damage|p1a: Golem|0 fnt|[from] brn\n|faint|p1a: Golem\n|upkeep\n|\n|t:|1782893849\n|switch|p1a: Great Tusk|Great Tusk, L77|304/304\n|-damage|p1a: Great Tusk|295/304|[from] Stealth Rock\n|turn|23\n|\n|t:|1782893862\n|switch|p2a: Mismagius|Mismagius, L86, F|173/243\n|move|p1a: Great Tusk|Rapid Spin|p2a: Mismagius\n|-immune|p2a: Mismagius\n|\n|-heal|p1a: Great Tusk|304/304|[from] item: Leftovers\n|upkeep\n|turn|24\n|\n|t:|1782893873\n|move|p2a: Mismagius|Energy Ball|p1a: Great Tusk\n|-supereffective|p1a: Great Tusk\n|-damage|p1a: Great Tusk|0 fnt\n|faint|p1a: Great Tusk\n|-end|p1a: Great Tusk|Protosynthesis|[silent]\n|\n|upkeep\n|\n|t:|1782893876\n|switch|p1a: Houndstone|Houndstone, L86, F|142/264\n|-damage|p1a: Houndstone|109/264|[from] Stealth Rock\n|turn|25\n|\n|t:|1782893888\n|switch|p2a: Mienshao|Mienshao, L83, M|101/244 brn\n|move|p1a: Houndstone|Poltergeist|p2a: Mienshao|[miss]\n|-miss|p1a: Houndstone|p2a: Mienshao\n|\n|-heal|p1a: Houndstone|125/264|[from] item: Leftovers\n|-damage|p2a: Mienshao|86/244 brn|[from] brn\n|upkeep\n|turn|26\n|\n|t:|1782893892\n|move|p2a: Mienshao|Knock Off|p1a: Houndstone\n|-supereffective|p1a: Houndstone\n|-damage|p1a: Houndstone|86/264\n|-enditem|p1a: Houndstone|Leftovers|[from] move: Knock Off|[of] p2a: Mienshao\n|move|p1a: Houndstone|Rest|p1a: Houndstone\n|-status|p1a: Houndstone|slp|[from] move: Rest\n|-heal|p1a: Houndstone|264/264 slp|[silent]\n|\n|-damage|p2a: Mienshao|71/244 brn|[from] brn\n|upkeep\n|turn|27\n|\n|t:|1782893901\n|move|p2a: Mienshao|Knock Off|p1a: Houndstone\n|-supereffective|p1a: Houndstone\n|-damage|p1a: Houndstone|240/264 slp\n|cant|p1a: Houndstone|slp\n|move|p1a: Houndstone|Sleep Talk|p1a: Houndstone\n|move|p1a: Houndstone|Poltergeist|p2a: Mienshao|[from] move: Sleep Talk\n|-activate|p2a: Mienshao|move: Poltergeist|Assault Vest\n|-damage|p2a: Mienshao|0 fnt\n|faint|p2a: Mienshao\n|\n|upkeep\n|\n|t:|1782893908\n|switch|p2a: Mismagius|Mismagius, L86, F|173/243\n|turn|28\n|\n|t:|1782893911\n|move|p2a: Mismagius|Shadow Ball|p1a: Houndstone\n|-supereffective|p1a: Houndstone\n|-damage|p1a: Houndstone|0 fnt\n|faint|p1a: Houndstone\n|\n|win|Seit417\n|raw|forcemajor14's rating: 2192 &rarr; <strong>2174</strong><br />(-18 for losing)\n|raw|Seit417's rating: 2231 &rarr; <strong>2249</strong><br />(+18 for winning)\n", "inputlog": ">version f8ac14003a5f27e1bdc8d8c59608a773c1cb96e5\n>start {\"formatid\":\"gen9randombattle\",\"seed\":\"sodium,b46ec202c482bc629655f2b590b24bb8\",\"rated\":\"Rated battle\"}\n>player p1 {\"name\":\"forcemajor14\",\"avatar\":\"266\",\"rating\":2128,\"seed\":\"sodium,970f3cbd15eaeff5f050b2181bcab06a\"}\n>player p2 {\"name\":\"Seit417\",\"avatar\":\"burglar\",\"rating\":2231,\"seed\":\"sodium,ea6f51dba7c669b4949c4a6e149ff715\"}\n>p1 move earthquake\n>p2 move stealthrock\n>p1 move rapidspin\n>p2 switch 4\n>p1 switch 2\n>p2 move shadowball\n>p1 move toxicspikes\n>p2 move shadowball\n>p1 switch 4\n>p2 move shadowball\n>p1 move freezedry\n>p2 move shadowball\n>p1 move freezedry\n>p2 move shadowball\n>p1 switch 5\n>p1 move rockpolish\n>p2 switch 3\n>p1 move stoneedge\n>p2 move willowisp\n>p1 move doubleedge\n>p2 switch 4\n>p1 switch 6\n>p2 move recover terastallize\n>p1 move poltergeist\n>p2 move earthquake\n>p1 move poltergeist\n>p2 move earthquake\n>p1 move poltergeist\n>p2 switch 5\n>p1 move bodypress\n>p2 move shellsmash\n>p1 switch 4\n>p2 move iciclespear\n>p1 switch 3\n>p2 switch 3\n>p1 move shadowball terastallize\n>p2 switch 5\n>p2 switch 6\n>p1 move willowisp\n>p2 move uturn\n>p2 switch 5\n>p1 move shadowball\n>p2 move energyball\n>p1 switch 6\n>p1 move rockpolish\n>p2 switch 5\n>p1 move doubleedge\n>p2 move fakeout\n>p1 move doubleedge\n>p2 move uturn\n>p2 switch 4\n>p1 switch 2\n>p1 move rapidspin\n>p2 switch 5\n>p1 move rapidspin\n>p2 move energyball\n>p1 switch 4\n>p1 move poltergeist\n>p2 switch 4\n>p1 move rest\n>p2 move knockoff\n>p1 move sleeptalk\n>p2 move knockoff\n>p2 switch 4\n>p1 move sleeptalk\n>p2 move shadowball", "uploadtime": 1782893911, "views": 2, "formatid": "gen9randombattle", "rating": 2174, "private": 0, "password": null, "player_dets": [{"name": "forcemajor14", "avatar": "266", "rating": 2128, "seed": "sodium,970f3cbd15eaeff5f050b2181bcab06a"}, {"name": "Seit417", "avatar": "burglar", "rating": 2231, "seed": "sodium,ea6f51dba7c669b4949c4a6e149ff715"}], "teams_full": [{"Great Tusk": {"name": "Great Tusk", "species": "Great Tusk", "speciesId": "greattusk", "gender": "N", "shiny": false, "level": 77, "moves": ["closecombat", "bulkup", "rapidspin", "earthquake"], "ability": "Protosynthesis", "evs": {"hp": 85, "atk": 85, "def": 85, "spa": 85, "spd": 85, "spe": 85}, "ivs": {"hp": 31, "atk": 31, "def": 31, "spa": 31, "spd": 31, "spe": 31}, "item": "Leftovers", "teraType": "Ground", "role": "Bulky Setup", "bvs": {"hp": 115, "atk": 131, "def": 131, "spa": 53, "spd": 53, "spe": 87}, "stats": {"hp": 304, "atk": 246, "def": 246, "spa": 126, "spd": 126, "spe": 179}, "types": ["Ground", "Fighting"]}, "Clodsire": {"name": "Clodsire", "species": "Clodsire", "speciesId": "clodsire", "gender": "F", "shiny": false, "level": 81, "moves": ["toxicspikes", "recover", "earthquake", "poisonjab"], "ability": "Unaware", "evs": {"hp": 85, "atk": 85, "def": 85, "spa": 85, "spd": 85, "spe": 85}, "ivs": {"hp": 31, "atk": 31, "def": 31, "spa": 31, "spd": 31, "spe": 31}, "item": "Leftovers", "teraType": "Steel", "role": "Bulky Attacker", "bvs": {"hp": 130, "atk": 75, "def": 60, "spa": 45, "spd": 100, "spe": 20}, "stats": {"hp": 343, "atk": 168, "def": 144, "spa": 120, "spd": 209, "spe": 79}, "types": ["Poison", "Ground"]}, "Gengar": {"name": "Gengar", "species": "Gengar", "speciesId": "gengar", "gender": "F", "shiny": false, "level": 81, "moves": ["encore", "sludgewave", "willowisp", "shadowball"], "ability": "Cursed Body", "evs": {"hp": 85, "atk": 0, "def": 85, "spa": 85, "spd": 85, "spe": 85}, "ivs": {"hp": 31, "atk": 0, "def": 31, "spa": 31, "spd": 31, "spe": 31}, "item": "Life Orb", "teraType": "Dark", "role": "Fast Attacker", "bvs": {"hp": 60, "atk": 65, "def": 60, "spa": 130, "spd": 75, "spe": 110}, "stats": {"hp": 230, "atk": 110, "def": 144, "spa": 257, "spd": 168, "spe": 225}, "types": ["Ghost", "Poison"]}, "Glalie": {"name": "Glalie", "species": "Glalie", "speciesId": "glalie", "gender": "M", "shiny": false, "level": 96, "moves": ["taunt", "freezedry", "earthquake", "spikes"], "ability": "Inner Focus", "evs": {"hp": 85, "atk": 85, "def": 85, "spa": 85, "spd": 85, "spe": 85}, "ivs": {"hp": 31, "atk": 31, "def": 31, "spa": 31, "spd": 31, "spe": 31}, "item": "Heavy-Duty Boots", "teraType": "Ghost", "role": "Fast Support", "bvs": {"hp": 80, "atk": 80, "def": 80, "spa": 80, "spd": 80, "spe": 80}, "stats": {"hp": 309, "atk": 208, "def": 208, "spa": 208, "spd": 208, "spe": 208}, "types": ["Ice"]}, "Golem": {"name": "Golem", "species": "Golem-Alola", "speciesId": "golemalola", "gender": "F", "shiny": false, "level": 93, "moves": ["rockpolish", "stoneedge", "doubleedge", "earthquake"], "ability": "Galvanize", "evs": {"hp": 85, "atk": 85, "def": 85, "spa": 85, "spd": 85, "spe": 85}, "ivs": {"hp": 31, "atk": 31, "def": 31, "spa": 31, "spd": 31, "spe": 31}, "item": "Life Orb", "teraType": "Flying", "role": "Setup Sweeper", "bvs": {"hp": 80, "atk": 120, "def": 130, "spa": 55, "spd": 65, "spe": 45}, "stats": {"hp": 300, "atk": 276, "def": 295, "spa": 155, "spd": 174, "spe": 137}, "types": ["Rock", "Electric"]}, "Houndstone": {"name": "Houndstone", "species": "Houndstone", "speciesId": "houndstone", "gender": "F", "shiny": false, "level": 86, "moves": ["bodypress", "poltergeist", "sleeptalk", "rest"], "ability": "Fluffy", "evs": {"hp": 85, "atk": 85, "def": 85, "spa": 85, "spd": 85, "spe": 85}, "ivs": {"hp": 31, "atk": 31, "def": 31, "spa": 31, "spd": 31, "spe": 31}, "item": "Leftovers", "teraType": "Fighting", "role": "Bulky Support", "bvs": {"hp": 72, "atk": 101, "def": 100, "spa": 50, "spd": 97, "spe": 68}, "stats": {"hp": 264, "atk": 223, "def": 221, "spa": 135, "spd": 216, "spe": 166}, "types": ["Ghost"]}}, {"Gastrodon": {"name": "Gastrodon", "species": "Gastrodon", "speciesId": "gastrodon", "gender": "F", "shiny": false, "level": 86, "moves": ["stealthrock", "earthquake", "sludgebomb", "recover"], "ability": "Storm Drain", "evs": {"hp": 85, "atk": 85, "def": 85, "spa": 85, "spd": 85, "spe": 85}, "ivs": {"hp": 31, "atk": 31, "def": 31, "spa": 31, "spd": 31, "spe": 31}, "item": "Leftovers", "teraType": "Poison", "role": "Bulky Support", "bvs": {"hp": 111, "atk": 83, "def": 68, "spa": 92, "spd": 82, "spe": 39}, "stats": {"hp": 331, "atk": 192, "def": 166, "spa": 207, "spd": 190, "spe": 116}, "types": ["Water", "Ground"]}, "Banette": {"name": "Banette", "species": "Banette", "speciesId": "banette", "gender": "M", "shiny": false, "level": 93, "moves": ["poltergeist", "thunderwave", "shadowsneak", "gunkshot"], "ability": "Insomnia", "evs": {"hp": 85, "atk": 85, "def": 85, "spa": 85, "spd": 85, "spe": 85}, "ivs": {"hp": 31, "atk": 31, "def": 31, "spa": 31, "spd": 31, "spe": 31}, "item": "Life Orb", "teraType": "Ghost", "role": "Wallbreaker", "bvs": {"hp": 64, "atk": 115, "def": 65, "spa": 83, "spd": 63, "spe": 65}, "stats": {"hp": 270, "atk": 267, "def": 174, "spa": 207, "spd": 170, "spe": 174}, "types": ["Ghost"]}, "Rotom": {"name": "Rotom", "species": "Rotom-Mow", "speciesId": "rotommow", "gender": "N", "shiny": false, "level": 87, "moves": ["voltswitch", "thunderbolt", "willowisp", "leafstorm"], "ability": "Levitate", "evs": {"hp": 85, "atk": 0, "def": 85, "spa": 85, "spd": 85, "spe": 85}, "ivs": {"hp": 31, "atk": 0, "def": 31, "spa": 31, "spd": 31, "spe": 31}, "item": "Leftovers", "teraType": "Grass", "role": "Bulky Attacker", "bvs": {"hp": 50, "atk": 65, "def": 107, "spa": 105, "spd": 107, "spe": 86}, "stats": {"hp": 229, "atk": 118, "def": 236, "spa": 232, "spd": 236, "spe": 199}, "types": ["Electric", "Grass"]}, "Mismagius": {"name": "Mismagius", "species": "Mismagius", "speciesId": "mismagius", "gender": "F", "shiny": false, "level": 86, "moves": ["shadowball", "thunderbolt", "energyball", "mysticalfire"], "ability": "Levitate", "evs": {"hp": 85, "atk": 0, "def": 85, "spa": 85, "spd": 85, "spe": 85}, "ivs": {"hp": 31, "atk": 0, "def": 31, "spa": 31, "spd": 31, "spe": 31}, "item": "Choice Specs", "teraType": "Electric", "role": "Wallbreaker", "bvs": {"hp": 60, "atk": 60, "def": 60, "spa": 105, "spd": 105, "spe": 105}, "stats": {"hp": 243, "atk": 108, "def": 152, "spa": 230, "spd": 230, "spe": 230}, "types": ["Ghost"]}, "Cloyster": {"name": "Cloyster", "species": "Cloyster", "speciesId": "cloyster", "gender": "M", "shiny": false, "level": 80, "moves": ["rockblast", "iciclespear", "shellsmash", "hydropump"], "ability": "Skill Link", "evs": {"hp": 85, "atk": 85, "def": 85, "spa": 85, "spd": 85, "spe": 85}, "ivs": {"hp": 31, "atk": 31, "def": 31, "spa": 31, "spd": 31, "spe": 31}, "item": "White Herb", "teraType": "Ice", "role": "Setup Sweeper", "bvs": {"hp": 50, "atk": 95, "def": 180, "spa": 85, "spd": 45, "spe": 70}, "stats": {"hp": 211, "atk": 198, "def": 334, "spa": 182, "spd": 118, "spe": 158}, "types": ["Water", "Ice"]}, "Mienshao": {"name": "Mienshao", "species": "Mienshao", "speciesId": "mienshao", "gender": "M", "shiny": false, "level": 83, "moves": ["uturn", "knockoff", "fakeout", "closecombat"], "ability": "Regenerator", "evs": {"hp": 85, "atk": 85, "def": 85, "spa": 85, "spd": 85, "spe": 85}, "ivs": {"hp": 31, "atk": 31, "def": 31, "spa": 31, "spd": 31, "spe": 31}, "item": "Assault Vest", "teraType": "Dark", "role": "AV Pivot", "bvs": {"hp": 65, "atk": 125, "def": 60, "spa": 95, "spd": 60, "spe": 105}, "stats": {"hp": 244, "atk": 255, "def": 147, "spa": 205, "spd": 147, "spe": 222}, "types": ["Fighting"]}}]}