{"id": "gen9randombattle-2642179606", "format": "[Gen 9] Random Battle", "players": ["sjzl2", "masbahlilganteng"], "log": "|j|\u2606sjzl2\n|j|\u2606masbahlilganteng\n|t:|1782906382\n|gametype|singles\n|player|p1|sjzl2|caitlin|1931\n|player|p2|masbahlilganteng|hoopster|1968\n|gen|9\n|tier|[Gen 9] Random Battle\n|rated|\n|rule|Species Clause: Limit one of each Pok\u00e9mon\n|rule|HP Percentage Mod: HP is shown in percentages\n|rule|Sleep Clause Mod: Limit one foe put to sleep\n|rule|Illusion Level Mod: Illusion disguises the Pok\u00e9mon's true level\n|\n|t:|1782906382\n|teamsize|p1|6\n|teamsize|p2|6\n|start\n|switch|p1a: Rhydon|Rhydon, L85, M|317/317\n|switch|p2a: Araquanid|Araquanid, L82, F|246/246\n|turn|1\n|inactive|Battle timer is ON: inactive players will automatically lose when time's up. (requested by masbahlilganteng)\n|\n|t:|1782906398\n|move|p1a: Rhydon|Stone Edge|p2a: Araquanid\n|-supereffective|p2a: Araquanid\n|-damage|p2a: Araquanid|0 fnt\n|faint|p2a: Araquanid\n|\n|upkeep\n|\n|t:|1782906408\n|switch|p2a: Passimian|Passimian, L83, M|302/302\n|turn|2\n|\n|t:|1782906420\n|switch|p1a: Mudsdale|Mudsdale, L83, M|302/302\n|move|p2a: Passimian|Knock Off|p1a: Mudsdale\n|-damage|p1a: Mudsdale|234/302\n|-ability|p1a: Mudsdale|Stamina|boost\n|-boost|p1a: Mudsdale|def|1\n|-enditem|p1a: Mudsdale|Leftovers|[from] move: Knock Off|[of] p2a: Passimian\n|\n|upkeep\n|turn|3\n|\n|t:|1782906431\n|switch|p2a: Quagsire|Quagsire, L84, F|297/297\n|move|p1a: Mudsdale|Earthquake|p2a: Quagsire\n|-damage|p2a: Quagsire|158/297\n|\n|-heal|p2a: Quagsire|176/297|[from] item: Leftovers\n|upkeep\n|turn|4\n|\n|t:|1782906442\n|move|p2a: Quagsire|Earthquake|p1a: Mudsdale\n|-damage|p1a: Mudsdale|141/302\n|-ability|p1a: Mudsdale|Stamina|boost\n|-boost|p1a: Mudsdale|def|1\n|move|p1a: Mudsdale|Earthquake|p2a: Quagsire\n|-damage|p2a: Quagsire|34/297\n|\n|-heal|p2a: Quagsire|52/297|[from] item: Leftovers\n|upkeep\n|turn|5\n|\n|t:|1782906449\n|move|p2a: Quagsire|Recover|p2a: Quagsire\n|-heal|p2a: Quagsire|201/297\n|move|p1a: Mudsdale|Earthquake|p2a: Quagsire\n|-damage|p2a: Quagsire|71/297\n|\n|-heal|p2a: Quagsire|89/297|[from] item: Leftovers\n|upkeep\n|turn|6\n|\n|t:|1782906456\n|move|p2a: Quagsire|Recover|p2a: Quagsire\n|-heal|p2a: Quagsire|238/297\n|move|p1a: Mudsdale|Earthquake|p2a: Quagsire\n|-damage|p2a: Quagsire|118/297\n|\n|-heal|p2a: Quagsire|136/297|[from] item: Leftovers\n|upkeep\n|turn|7\n|\n|t:|1782906468\n|move|p2a: Quagsire|Recover|p2a: Quagsire\n|-heal|p2a: Quagsire|285/297\n|move|p1a: Mudsdale|Earthquake|p2a: Quagsire\n|-damage|p2a: Quagsire|146/297\n|\n|-heal|p2a: Quagsire|164/297|[from] item: Leftovers\n|upkeep\n|turn|8\n|\n|t:|1782906474\n|move|p2a: Quagsire|Ice Beam|p1a: Mudsdale\n|-supereffective|p1a: Mudsdale\n|-damage|p1a: Mudsdale|45/302\n|-ability|p1a: Mudsdale|Stamina|boost\n|-boost|p1a: Mudsdale|def|1\n|move|p1a: Mudsdale|Earthquake|p2a: Quagsire\n|-damage|p2a: Quagsire|35/297\n|\n|-heal|p2a: Quagsire|53/297|[from] item: Leftovers\n|upkeep\n|turn|9\n|\n|t:|1782906484\n|switch|p1a: Ogerpon|Ogerpon-Wellspring, L76, F|247/247\n|move|p2a: Quagsire|Ice Beam|p1a: Ogerpon\n|-damage|p1a: Ogerpon|194/247\n|\n|-heal|p2a: Quagsire|71/297|[from] item: Leftovers\n|upkeep\n|turn|10\n|\n|t:|1782906492\n|switch|p2a: Scyther|Scyther, L82, F|249/249\n|move|p1a: Ogerpon|Knock Off|p2a: Scyther\n|-damage|p2a: Scyther|156/249\n|-enditem|p2a: Scyther|Heavy-Duty Boots|[from] move: Knock Off|[of] p1a: Ogerpon\n|\n|upkeep\n|turn|11\n|\n|t:|1782906514\n|switch|p1a: Rhydon|Rhydon, L85, M|317/317\n|move|p2a: Scyther|Bug Bite|p1a: Rhydon\n|-damage|p1a: Rhydon|269/317\n|\n|upkeep\n|turn|12\n|\n|t:|1782906520\n|switch|p2a: Passimian|Passimian, L83, M|302/302\n|move|p1a: Rhydon|Stealth Rock|p2a: Passimian\n|-sidestart|p2: masbahlilganteng|move: Stealth Rock\n|\n|upkeep\n|turn|13\n|\n|t:|1782906525\n|switch|p1a: Mudsdale|Mudsdale, L83, M|45/302\n|move|p2a: Passimian|Bulk Up|p2a: Passimian\n|-boost|p2a: Passimian|atk|1\n|-boost|p2a: Passimian|def|1\n|\n|upkeep\n|turn|14\n|\n|t:|1782906531\n|move|p2a: Passimian|Drain Punch|p1a: Mudsdale\n|-damage|p1a: Mudsdale|0 fnt\n|faint|p1a: Mudsdale\n|\n|upkeep\n|\n|t:|1782906533\n|switch|p1a: Munkidori|Munkidori, L79, M|269/269\n|turn|15\n|\n|t:|1782906544\n|move|p1a: Munkidori|Fake Out|p2a: Passimian\n|-damage|p2a: Passimian|288/302\n|cant|p2a: Passimian|flinch\n|\n|-heal|p2a: Passimian|302/302|[from] item: Leftovers\n|upkeep\n|turn|16\n|\n|t:|1782906558\n|-terastallize|p2a: Passimian|Dark\n|move|p1a: Munkidori|Psychic Noise|p2a: Passimian\n|-immune|p2a: Passimian\n|move|p2a: Passimian|Knock Off|p1a: Munkidori\n|-supereffective|p1a: Munkidori\n|-damage|p1a: Munkidori|0 fnt\n|-enditem|p1a: Munkidori|Assault Vest|[from] move: Knock Off|[of] p2a: Passimian\n|faint|p1a: Munkidori\n|\n|upkeep\n|\n|t:|1782906574\n|switch|p1a: Alcremie|Alcremie-Lemon-Cream, L90, F|263/263\n|turn|17\n|\n|t:|1782906577\n|-terastallize|p1a: Alcremie|Poison\n|move|p2a: Passimian|Gunk Shot|p1a: Alcremie\n|-resisted|p1a: Alcremie\n|-damage|p1a: Alcremie|180/263\n|move|p1a: Alcremie|Alluring Voice|p2a: Passimian\n|-supereffective|p2a: Passimian\n|-damage|p2a: Passimian|0 fnt\n|faint|p2a: Passimian\n|\n|-heal|p1a: Alcremie|196/263|[from] item: Leftovers\n|upkeep\n|\n|t:|1782906592\n|switch|p2a: Sudowoodo|Sudowoodo, L94, M|284/284\n|-damage|p2a: Sudowoodo|249/284|[from] Stealth Rock\n|turn|18\n|\n|t:|1782906605\n|move|p1a: Alcremie|Alluring Voice|p2a: Sudowoodo\n|-damage|p2a: Sudowoodo|119/284\n|move|p2a: Sudowoodo|Wood Hammer|p1a: Alcremie\n|-resisted|p1a: Alcremie\n|-damage|p1a: Alcremie|116/263\n|\n|-heal|p1a: Alcremie|132/263|[from] item: Leftovers\n|upkeep\n|turn|19\n|\n|t:|1782906612\n|move|p1a: Alcremie|Alluring Voice|p2a: Sudowoodo\n|-damage|p2a: Sudowoodo|0 fnt\n|faint|p2a: Sudowoodo\n|\n|-heal|p1a: Alcremie|148/263|[from] item: Leftovers\n|upkeep\n|\n|t:|1782906618\n|switch|p2a: Scyther|Scyther, L82, F|156/249\n|-damage|p2a: Scyther|32/249|[from] Stealth Rock\n|turn|20\n|\n|t:|1782906625\n|move|p2a: Scyther|Dual Wingbeat|p1a: Alcremie\n|-damage|p1a: Alcremie|81/263\n|-damage|p1a: Alcremie|3/263\n|-hitcount|p1a: Alcremie|2\n|move|p1a: Alcremie|Alluring Voice|p2a: Scyther\n|-damage|p2a: Scyther|0 fnt\n|faint|p2a: Scyther\n|\n|-heal|p1a: Alcremie|19/263|[from] item: Leftovers\n|upkeep\n|-message|masbahlilganteng forfeited.\n|\n|win|sjzl2\n|raw|sjzl2's rating: 1931 &rarr; <strong>1953</strong><br />(+22 for winning)\n|raw|masbahlilganteng's rating: 1968 &rarr; <strong>1946</strong><br />(-22 for losing)\n", "inputlog": ">version f8ac14003a5f27e1bdc8d8c59608a773c1cb96e5\n>start {\"formatid\":\"gen9randombattle\",\"seed\":\"sodium,1f50095ffe647792fa7a28bd1087a474\",\"rated\":\"Rated battle\"}\n>player p1 {\"name\":\"sjzl2\",\"avatar\":\"caitlin\",\"rating\":1931,\"seed\":\"sodium,173bf3b500481da92cc5d152f18ec90a\"}\n>player p2 {\"name\":\"masbahlilganteng\",\"avatar\":\"hoopster\",\"rating\":1968,\"seed\":\"sodium,80606dec27a90ad43d9173d4a93054e7\"}\n>p1 move stoneedge\n>p2 move stickyweb\n>p2 switch 2\n>p1 switch 3\n>p2 move knockoff\n>p1 move earthquake\n>p2 switch 3\n>p1 move earthquake\n>p2 move earthquake\n>p1 move earthquake\n>p2 move recover\n>p1 move earthquake\n>p2 move recover\n>p1 move earthquake\n>p2 move recover\n>p1 move earthquake\n>p2 move icebeam\n>p1 switch 2\n>p2 move icebeam\n>p1 move knockoff\n>p2 switch 6\n>p1 switch 3\n>p2 move bugbite\n>p1 move stealthrock\n>p2 switch 3\n>p1 switch 2\n>p2 move bulkup\n>p1 move roar\n>p2 move drainpunch\n>p1 switch 5\n>p1 move fakeout\n>p2 move knockoff\n>p1 move psychicnoise\n>p2 move knockoff terastallize\n>p1 switch 6\n>p1 move alluringvoice terastallize\n>p2 move gunkshot\n>p2 switch 5\n>p1 move alluringvoice\n>p2 move woodhammer\n>p1 move alluringvoice\n>p2 move woodhammer\n>p2 switch 3\n>p1 move alluringvoice\n>p2 move dualwingbeat\n>forcelose p2", "uploadtime": 1782906633, "views": 4, "formatid": "gen9randombattle", "rating": 1946, "private": 0, "password": null, "player_dets": [{"name": "sjzl2", "avatar": "caitlin", "rating": 1931, "seed": "sodium,173bf3b500481da92cc5d152f18ec90a"}, {"name": "masbahlilganteng", "avatar": "hoopster", "rating": 1968, "seed": "sodium,80606dec27a90ad43d9173d4a93054e7"}], "teams_full": [{"Rhydon": {"name": "Rhydon", "species": "Rhydon", "speciesId": "rhydon", "gender": "M", "shiny": false, "level": 85, "moves": ["stealthrock", "megahorn", "stoneedge", "earthquake"], "ability": "Lightning Rod", "evs": {"hp": 85, "atk": 85, "def": 85, "spa": 85, "spd": 85, "spe": 85}, "ivs": {"hp": 31, "atk": 31, "def": 31, "spa": 31, "spd": 31, "spe": 31}, "item": "Eviolite", "teraType": "Water", "role": "Bulky Attacker", "bvs": {"hp": 105, "atk": 130, "def": 120, "spa": 45, "spd": 45, "spe": 40}, "stats": {"hp": 317, "atk": 270, "def": 253, "spa": 125, "spd": 125, "spe": 117}, "types": ["Ground", "Rock"]}, "Ogerpon": {"name": "Ogerpon", "species": "Ogerpon-Wellspring", "speciesId": "ogerponwellspring", "gender": "F", "shiny": false, "level": 76, "moves": ["ivycudgel", "hornleech", "knockoff", "swordsdance"], "ability": "Water Absorb", "evs": {"hp": 85, "atk": 85, "def": 85, "spa": 85, "spd": 85, "spe": 85}, "ivs": {"hp": 31, "atk": 31, "def": 31, "spa": 31, "spd": 31, "spe": 31}, "item": "Wellspring Mask", "teraType": "Water", "role": "Setup Sweeper", "bvs": {"hp": 80, "atk": 120, "def": 84, "spa": 60, "spd": 96, "spe": 110}, "stats": {"hp": 247, "atk": 226, "def": 172, "spa": 135, "spd": 190, "spe": 211}, "types": ["Grass", "Water"]}, "Mudsdale": {"name": "Mudsdale", "species": "Mudsdale", "speciesId": "mudsdale", "gender": "M", "shiny": false, "level": 83, "moves": ["stoneedge", "earthquake", "roar", "heavyslam"], "ability": "Stamina", "evs": {"hp": 85, "atk": 85, "def": 85, "spa": 85, "spd": 85, "spe": 85}, "ivs": {"hp": 31, "atk": 31, "def": 31, "spa": 31, "spd": 31, "spe": 31}, "item": "Leftovers", "teraType": "Steel", "role": "Bulky Attacker", "bvs": {"hp": 100, "atk": 125, "def": 100, "spa": 55, "spd": 85, "spe": 35}, "stats": {"hp": 302, "atk": 255, "def": 214, "spa": 139, "spd": 189, "spe": 106}, "types": ["Ground"]}, "Miraidon": {"name": "Miraidon", "species": "Miraidon", "speciesId": "miraidon", "gender": "N", "shiny": false, "level": 65, "moves": ["dragonpulse", "calmmind", "dracometeor", "electrodrift"], "ability": "Hadron Engine", "evs": {"hp": 85, "atk": 0, "def": 85, "spa": 85, "spd": 85, "spe": 85}, "ivs": {"hp": 31, "atk": 0, "def": 31, "spa": 31, "spd": 31, "spe": 31}, "item": "Life Orb", "teraType": "Electric", "role": "Setup Sweeper", "bvs": {"hp": 100, "atk": 85, "def": 100, "spa": 135, "spd": 115, "spe": 135}, "stats": {"hp": 238, "atk": 115, "def": 168, "spa": 214, "spd": 188, "spe": 214}, "types": ["Electric", "Dragon"]}, "Munkidori": {"name": "Munkidori", "species": "Munkidori", "speciesId": "munkidori", "gender": "M", "shiny": false, "level": 79, "moves": ["uturn", "fakeout", "sludgewave", "psychicnoise"], "ability": "Toxic Chain", "evs": {"hp": 85, "atk": 85, "def": 85, "spa": 85, "spd": 85, "spe": 85}, "ivs": {"hp": 31, "atk": 31, "def": 31, "spa": 31, "spd": 31, "spe": 31}, "item": "Assault Vest", "teraType": "Dark", "role": "AV Pivot", "bvs": {"hp": 88, "atk": 75, "def": 66, "spa": 130, "spd": 90, "spe": 106}, "stats": {"hp": 269, "atk": 164, "def": 150, "spa": 251, "spd": 188, "spe": 213}, "types": ["Poison", "Psychic"]}, "Alcremie": {"name": "Alcremie", "species": "Alcremie-Lemon-Cream", "speciesId": "alcremie", "gender": "F", "shiny": false, "level": 90, "moves": ["recover", "psyshock", "alluringvoice", "calmmind"], "ability": "Aroma Veil", "evs": {"hp": 85, "atk": 0, "def": 85, "spa": 85, "spd": 85, "spe": 85}, "ivs": {"hp": 31, "atk": 0, "def": 31, "spa": 31, "spd": 31, "spe": 31}, "item": "Leftovers", "teraType": "Poison", "role": "Bulky Setup", "bvs": {"hp": 65, "atk": 60, "def": 75, "spa": 110, "spd": 121, "spe": 64}, "stats": {"hp": 263, "atk": 113, "def": 186, "spa": 249, "spd": 269, "spe": 167}, "types": ["Fairy"]}}, {"Araquanid": {"name": "Araquanid", "species": "Araquanid", "speciesId": "araquanid", "gender": "F", "shiny": false, "level": 82, "moves": ["liquidation", "leechlife", "stickyweb", "hydropump"], "ability": "Water Bubble", "evs": {"hp": 85, "atk": 85, "def": 85, "spa": 85, "spd": 85, "spe": 85}, "ivs": {"hp": 31, "atk": 31, "def": 31, "spa": 31, "spd": 31, "spe": 31}, "item": "Heavy-Duty Boots", "teraType": "Steel", "role": "Bulky Attacker", "bvs": {"hp": 68, "atk": 70, "def": 92, "spa": 50, "spd": 132, "spe": 42}, "stats": {"hp": 246, "atk": 162, "def": 198, "spa": 129, "spd": 264, "spe": 116}, "types": ["Water", "Bug"]}, "Passimian": {"name": "Passimian", "species": "Passimian", "speciesId": "passimian", "gender": "M", "shiny": false, "level": 83, "moves": ["gunkshot", "drainpunch", "bulkup", "knockoff"], "ability": "Defiant", "evs": {"hp": 85, "atk": 85, "def": 85, "spa": 85, "spd": 85, "spe": 85}, "ivs": {"hp": 31, "atk": 31, "def": 31, "spa": 31, "spd": 31, "spe": 31}, "item": "Leftovers", "teraType": "Dark", "role": "Bulky Setup", "bvs": {"hp": 100, "atk": 120, "def": 90, "spa": 40, "spd": 60, "spe": 80}, "stats": {"hp": 302, "atk": 247, "def": 197, "spa": 114, "spd": 147, "spe": 180}, "types": ["Fighting"]}, "Quagsire": {"name": "Quagsire", "species": "Quagsire", "speciesId": "quagsire", "gender": "F", "shiny": false, "level": 84, "moves": ["earthquake", "recover", "icebeam", "toxic"], "ability": "Unaware", "evs": {"hp": 85, "atk": 85, "def": 85, "spa": 85, "spd": 85, "spe": 85}, "ivs": {"hp": 31, "atk": 31, "def": 31, "spa": 31, "spd": 31, "spe": 31}, "item": "Leftovers", "teraType": "Poison", "role": "Bulky Support", "bvs": {"hp": 95, "atk": 85, "def": 85, "spa": 65, "spd": 65, "spe": 35}, "stats": {"hp": 297, "atk": 191, "def": 191, "spa": 157, "spd": 157, "spe": 107}, "types": ["Water", "Ground"]}, "Zoroark": {"name": "Zoroark", "species": "Zoroark", "speciesId": "zoroark", "gender": "F", "shiny": false, "level": 83, "moves": ["flamethrower", "sludgebomb", "darkpulse", "uturn"], "ability": "Illusion", "evs": {"hp": 85, "atk": 85, "def": 85, "spa": 85, "spd": 85, "spe": 85}, "ivs": {"hp": 31, "atk": 31, "def": 31, "spa": 31, "spd": 31, "spe": 31}, "item": "Choice Specs", "teraType": "Poison", "role": "Wallbreaker", "bvs": {"hp": 60, "atk": 105, "def": 60, "spa": 120, "spd": 60, "spe": 105}, "stats": {"hp": 235, "atk": 222, "def": 147, "spa": 247, "spd": 147, "spe": 222}, "types": ["Dark"]}, "Sudowoodo": {"name": "Sudowoodo", "species": "Sudowoodo", "speciesId": "sudowoodo", "gender": "M", "shiny": false, "level": 94, "moves": ["suckerpunch", "earthquake", "woodhammer", "headsmash"], "ability": "Rock Head", "evs": {"hp": 85, "atk": 85, "def": 85, "spa": 85, "spd": 85, "spe": 85}, "ivs": {"hp": 31, "atk": 31, "def": 31, "spa": 31, "spd": 31, "spe": 31}, "item": "Choice Band", "teraType": "Grass", "role": "Bulky Attacker", "bvs": {"hp": 70, "atk": 100, "def": 115, "spa": 30, "spd": 65, "spe": 30}, "stats": {"hp": 284, "atk": 241, "def": 270, "spa": 110, "spd": 176, "spe": 110}, "types": ["Rock"]}, "Scyther": {"name": "Scyther", "species": "Scyther", "speciesId": "scyther", "gender": "F", "shiny": false, "level": 82, "moves": ["swordsdance", "bugbite", "closecombat", "dualwingbeat"], "ability": "Technician", "evs": {"hp": 85, "atk": 85, "def": 85, "spa": 85, "spd": 85, "spe": 85}, "ivs": {"hp": 31, "atk": 31, "def": 31, "spa": 31, "spd": 31, "spe": 31}, "item": "Heavy-Duty Boots", "teraType": "Fighting", "role": "Setup Sweeper", "bvs": {"hp": 70, "atk": 110, "def": 80, "spa": 55, "spd": 80, "spe": 105}, "stats": {"hp": 249, "atk": 228, "def": 178, "spa": 137, "spd": 178, "spe": 219}, "types": ["Bug", "Flying"]}}]}