{"id": "gen9randombattle-2641805694", "format": "[Gen 9] Random Battle", "players": ["Tiziown", "Osranedupsko"], "log": "|j|\u2606Tiziown\n|j|\u2606Osranedupsko\n|t:|1782844055\n|gametype|singles\n|player|p1|Tiziown|rocker-gen3|1999\n|player|p2|Osranedupsko|janitor|2101\n|gen|9\n|tier|[Gen 9] Random Battle\n|rated|\n|rule|Species Clause: Limit one of each Pok\u00e9mon\n|rule|HP Percentage Mod: HP is shown in percentages\n|rule|Sleep Clause Mod: Limit one foe put to sleep\n|rule|Illusion Level Mod: Illusion disguises the Pok\u00e9mon's true level\n|\n|t:|1782844055\n|teamsize|p1|6\n|teamsize|p2|6\n|start\n|switch|p1a: Porygon2|Porygon2, L81|270/270\n|switch|p2a: Bellibolt|Bellibolt, L84, M|320/320\n|-ability|p1a: Porygon2|Download|boost\n|-boost|p1a: Porygon2|spa|1\n|turn|1\n|inactive|Battle timer is ON: inactive players will automatically lose when time's up. (requested by Osranedupsko)\n|\n|t:|1782844082\n|switch|p1a: Vespiquen|Vespiquen, L99, F|299/299\n|-ability|p1a: Vespiquen|Pressure\n|move|p2a: Bellibolt|Toxic|p1a: Vespiquen\n|-status|p1a: Vespiquen|tox\n|\n|-damage|p1a: Vespiquen|281/299 tox|[from] psn\n|upkeep\n|turn|2\n|\n|t:|1782844094\n|move|p1a: Vespiquen|Spikes|p2a: Bellibolt\n|-sidestart|p2: Osranedupsko|Spikes\n|move|p2a: Bellibolt|Thunderbolt|p1a: Vespiquen\n|-supereffective|p1a: Vespiquen\n|-damage|p1a: Vespiquen|123/299 tox\n|\n|-damage|p1a: Vespiquen|87/299 tox|[from] psn\n|upkeep\n|turn|3\n|\n|t:|1782844102\n|move|p1a: Vespiquen|Spikes|p2a: Bellibolt\n|-sidestart|p2: Osranedupsko|Spikes\n|move|p2a: Bellibolt|Thunderbolt|p1a: Vespiquen\n|-supereffective|p1a: Vespiquen\n|-damage|p1a: Vespiquen|0 fnt\n|faint|p1a: Vespiquen\n|\n|upkeep\n|inactive|Tiziown has 120 seconds left.\n|\n|t:|1782844135\n|switch|p1a: Cyclizar|Cyclizar, L83, F|252/252\n|turn|4\n|\n|t:|1782844143\n|move|p1a: Cyclizar|Shed Tail|p1a: Cyclizar\n|-start|p1a: Cyclizar|Substitute|[from] move: Shed Tail\n|-damage|p1a: Cyclizar|126/252\n|\n|t:|1782844145\n|switch|p1a: Virizion|Virizion, L82|283/283|[from] Shed Tail\n|move|p2a: Bellibolt|Thunderbolt|p1a: Virizion\n|-resisted|p1a: Virizion\n|-activate|p1a: Virizion|move: Substitute|[damage]\n|\n|upkeep\n|turn|5\n|\n|t:|1782844166\n|move|p1a: Virizion|Swords Dance|p1a: Virizion\n|-boost|p1a: Virizion|atk|2\n|move|p2a: Bellibolt|Thunderbolt|p1a: Virizion\n|-resisted|p1a: Virizion\n|-end|p1a: Virizion|Substitute\n|\n|upkeep\n|turn|6\n|\n|t:|1782844175\n|move|p1a: Virizion|Swords Dance|p1a: Virizion\n|-boost|p1a: Virizion|atk|2\n|move|p2a: Bellibolt|Toxic|p1a: Virizion\n|-status|p1a: Virizion|tox\n|\n|-damage|p1a: Virizion|266/283 tox|[from] psn\n|upkeep\n|turn|7\n|\n|t:|1782844187\n|switch|p2a: Yanmega|Yanmega, L82, F|275/275\n|move|p1a: Virizion|Close Combat|p2a: Yanmega\n|-resisted|p2a: Yanmega\n|-damage|p2a: Yanmega|159/275\n|-unboost|p1a: Virizion|def|1\n|-unboost|p1a: Virizion|spd|1\n|-damage|p1a: Virizion|238/283 tox|[from] item: Life Orb\n|\n|-damage|p1a: Virizion|204/283 tox|[from] psn\n|upkeep\n|turn|8\n|\n|t:|1782844210\n|move|p1a: Virizion|Close Combat|p2a: Yanmega\n|-resisted|p2a: Yanmega\n|-damage|p2a: Yanmega|49/275\n|-unboost|p1a: Virizion|def|1\n|-unboost|p1a: Virizion|spd|1\n|-damage|p1a: Virizion|176/283 tox|[from] item: Life Orb\n|move|p2a: Yanmega|Bug Buzz|p1a: Virizion\n|-damage|p1a: Virizion|0 fnt\n|faint|p1a: Virizion\n|\n|upkeep\n|\n|t:|1782844228\n|switch|p1a: Cyclizar|Cyclizar, L83, F|210/252\n|turn|9\n|\n|t:|1782844237\n|move|p1a: Cyclizar|Rapid Spin|p2a: Yanmega\n|-damage|p2a: Yanmega|0 fnt\n|-boost|p1a: Cyclizar|spe|1\n|faint|p2a: Yanmega\n|\n|upkeep\n|\n|t:|1782844254\n|switch|p2a: Hitmonchan|Hitmonchan, L87, M|229/229\n|-damage|p2a: Hitmonchan|191/229|[from] Spikes\n|turn|10\n|\n|t:|1782844277\n|-terastallize|p1a: Cyclizar|Fairy\n|move|p2a: Hitmonchan|Mach Punch|p1a: Cyclizar\n|-resisted|p1a: Cyclizar\n|-damage|p1a: Cyclizar|166/252\n|-damage|p2a: Hitmonchan|169/229|[from] item: Life Orb\n|move|p1a: Cyclizar|Shed Tail|p1a: Cyclizar\n|-start|p1a: Cyclizar|Substitute|[from] move: Shed Tail\n|-damage|p1a: Cyclizar|40/252\n|\n|t:|1782844284\n|switch|p1a: Gouging Fire|Gouging Fire, L74|277/277|[from] Shed Tail\n|\n|upkeep\n|turn|11\n|\n|t:|1782844295\n|move|p2a: Hitmonchan|Drain Punch|p1a: Gouging Fire\n|-end|p1a: Gouging Fire|Substitute\n|-heal|p2a: Hitmonchan|201/229|[from] drain|[of] p1a: Gouging Fire\n|-damage|p2a: Hitmonchan|179/229|[from] item: Life Orb\n|move|p1a: Gouging Fire|Dragon Dance|p1a: Gouging Fire\n|-boost|p1a: Gouging Fire|atk|1\n|-boost|p1a: Gouging Fire|spe|1\n|\n|upkeep\n|turn|12\n|\n|t:|1782844320\n|move|p1a: Gouging Fire|Dragon Dance|p1a: Gouging Fire\n|-boost|p1a: Gouging Fire|atk|1\n|-boost|p1a: Gouging Fire|spe|1\n|move|p2a: Hitmonchan|Drain Punch|p1a: Gouging Fire\n|-damage|p1a: Gouging Fire|156/277\n|-heal|p2a: Hitmonchan|229/229|[from] drain|[of] p1a: Gouging Fire\n|-damage|p2a: Hitmonchan|207/229|[from] item: Life Orb\n|\n|upkeep\n|turn|13\n|inactive|Tiziown has 120 seconds left.\n|\n|t:|1782844336\n|move|p1a: Gouging Fire|Morning Sun|p1a: Gouging Fire\n|-heal|p1a: Gouging Fire|277/277\n|move|p2a: Hitmonchan|Drain Punch|p1a: Gouging Fire\n|-damage|p1a: Gouging Fire|155/277\n|-heal|p2a: Hitmonchan|229/229|[from] drain|[of] p1a: Gouging Fire\n|-damage|p2a: Hitmonchan|207/229|[from] item: Life Orb\n|\n|upkeep\n|turn|14\n|\n|t:|1782844342\n|move|p1a: Gouging Fire|Heat Crash|p2a: Hitmonchan\n|-damage|p2a: Hitmonchan|0 fnt\n|faint|p2a: Hitmonchan\n|\n|upkeep\n|\n|t:|1782844364\n|switch|p2a: Bellibolt|Bellibolt, L84, M|320/320\n|-damage|p2a: Bellibolt|267/320|[from] Spikes\n|turn|15\n|\n|t:|1782844376\n|move|p1a: Gouging Fire|Dragon Dance|p1a: Gouging Fire\n|-boost|p1a: Gouging Fire|atk|1\n|-boost|p1a: Gouging Fire|spe|1\n|move|p2a: Bellibolt|Toxic|p1a: Gouging Fire\n|-status|p1a: Gouging Fire|tox\n|\n|-heal|p2a: Bellibolt|287/320|[from] item: Leftovers\n|-damage|p1a: Gouging Fire|138/277 tox|[from] psn\n|upkeep\n|turn|16\n|\n|t:|1782844383\n|move|p1a: Gouging Fire|Heat Crash|p2a: Bellibolt\n|-damage|p2a: Bellibolt|5/320\n|-start|p2a: Bellibolt|Charge|Heat Crash|[from] ability: Electromorphosis\n|move|p2a: Bellibolt|Thunderbolt|p1a: Gouging Fire\n|-resisted|p1a: Gouging Fire\n|-damage|p1a: Gouging Fire|24/277 tox\n|-end|p2a: Bellibolt|Charge|[silent]\n|\n|-heal|p2a: Bellibolt|25/320|[from] item: Leftovers\n|-damage|p1a: Gouging Fire|0 fnt|[from] psn\n|faint|p1a: Gouging Fire\n|-end|p1a: Gouging Fire|Protosynthesis|[silent]\n|upkeep\n|\n|t:|1782844391\n|switch|p1a: Cyclizar|Cyclizar, L83, F, tera:Fairy|124/252\n|turn|17\n|\n|t:|1782844396\n|move|p1a: Cyclizar|Rapid Spin|p2a: Bellibolt\n|-damage|p2a: Bellibolt|0 fnt\n|-boost|p1a: Cyclizar|spe|1\n|faint|p2a: Bellibolt\n|\n|upkeep\n|\n|t:|1782844404\n|switch|p2a: Salazzle|Salazzle, L83, F|249/249\n|turn|18\n|\n|t:|1782844428\n|move|p1a: Cyclizar|Knock Off|p2a: Salazzle\n|-damage|p2a: Salazzle|168/249\n|-enditem|p2a: Salazzle|Heavy-Duty Boots|[from] move: Knock Off|[of] p1a: Cyclizar\n|move|p2a: Salazzle|Sludge Wave|p1a: Cyclizar\n|-supereffective|p1a: Cyclizar\n|-damage|p1a: Cyclizar|0 fnt\n|faint|p1a: Cyclizar\n|\n|upkeep\n|\n|t:|1782844436\n|switch|p1a: Porygon2|Porygon2, L81|270/270\n|-ability|p1a: Porygon2|Download|boost\n|-boost|p1a: Porygon2|spa|1\n|turn|19\n|\n|t:|1782844446\n|move|p2a: Salazzle|Sludge Wave|p1a: Porygon2\n|-damage|p1a: Porygon2|192/270\n|move|p1a: Porygon2|Tera Blast|p2a: Salazzle\n|-damage|p2a: Salazzle|12/249\n|\n|upkeep\n|turn|20\n|\n|t:|1782844452\n|move|p2a: Salazzle|Sludge Wave|p1a: Porygon2\n|-damage|p1a: Porygon2|125/270\n|move|p1a: Porygon2|Recover|p1a: Porygon2\n|-heal|p1a: Porygon2|260/270\n|\n|upkeep\n|turn|21\n|\n|t:|1782844459\n|move|p2a: Salazzle|Sludge Wave|p1a: Porygon2\n|-damage|p1a: Porygon2|181/270\n|-status|p1a: Porygon2|psn\n|move|p1a: Porygon2|Tera Blast|p2a: Salazzle\n|-damage|p2a: Salazzle|0 fnt\n|faint|p2a: Salazzle\n|\n|-damage|p1a: Porygon2|148/270 psn|[from] psn\n|upkeep\n|\n|t:|1782844462\n|switch|p2a: Virizion|Virizion, L82|283/283\n|-damage|p2a: Virizion|236/283|[from] Spikes\n|turn|22\n|\n|t:|1782844468\n|move|p2a: Virizion|Close Combat|p1a: Porygon2\n|-supereffective|p1a: Porygon2\n|-damage|p1a: Porygon2|0 fnt\n|-unboost|p2a: Virizion|def|1\n|-unboost|p2a: Virizion|spd|1\n|faint|p1a: Porygon2\n|-damage|p2a: Virizion|208/283|[from] item: Life Orb\n|\n|upkeep\n|\n|t:|1782844470\n|switch|p1a: Cetitan|Cetitan, L82, F|413/413\n|turn|23\n|\n|t:|1782844474\n|move|p1a: Cetitan|Ice Shard|p2a: Virizion\n|-supereffective|p2a: Virizion\n|-damage|p2a: Virizion|13/283\n|-damage|p1a: Cetitan|372/413|[from] item: Life Orb\n|move|p2a: Virizion|Close Combat|p1a: Cetitan\n|-supereffective|p1a: Cetitan\n|-damage|p1a: Cetitan|18/413\n|-unboost|p2a: Virizion|def|1\n|-unboost|p2a: Virizion|spd|1\n|-damage|p2a: Virizion|0 fnt|[from] item: Life Orb\n|faint|p2a: Virizion\n|\n|upkeep\n|\n|t:|1782844477\n|switch|p2a: Entei|Entei, L78|307/307\n|-damage|p2a: Entei|256/307|[from] Spikes\n|turn|24\n|\n|t:|1782844481\n|-terastallize|p2a: Entei|Normal\n|move|p2a: Entei|Extreme Speed|p1a: Cetitan\n|-crit|p1a: Cetitan\n|-damage|p1a: Cetitan|0 fnt\n|faint|p1a: Cetitan\n|\n|win|Osranedupsko\n|raw|Tiziown's rating: 1999 &rarr; <strong>1985</strong><br />(-14 for losing)\n|raw|Osranedupsko's rating: 2101 &rarr; <strong>2115</strong><br />(+14 for winning)\n", "inputlog": ">version f8ac14003a5f27e1bdc8d8c59608a773c1cb96e5\n>start {\"formatid\":\"gen9randombattle\",\"seed\":\"sodium,7a4bec05ea98042a0a057525c24c927c\",\"rated\":\"Rated battle\"}\n>player p1 {\"name\":\"Tiziown\",\"avatar\":\"rocker-gen3\",\"rating\":1999,\"seed\":\"sodium,d248971a451a6458b636e04dcccb86bf\"}\n>player p2 {\"name\":\"Osranedupsko\",\"avatar\":\"janitor\",\"rating\":2101,\"seed\":\"sodium,82ee634fce9064e826a6e6debca95b4a\"}\n>p1 switch 4\n>p2 move toxic\n>p1 move spikes\n>p2 move thunderbolt\n>p1 move spikes\n>p2 move thunderbolt\n>p1 switch 3\n>p1 move shedtail\n>p2 move thunderbolt\n>p1 switch 6\n>p1 move swordsdance\n>p2 move thunderbolt\n>p1 move swordsdance\n>p2 move toxic\n>p1 move closecombat\n>p2 switch 2\n>p1 move closecombat\n>p2 move bugbuzz\n>p1 switch 6\n>p1 move rapidspin\n>p2 move bugbuzz\n>p2 switch 6\n>p1 move shedtail terastallize\n>p2 move machpunch\n>p1 switch 5\n>p1 move dragondance\n>p2 move drainpunch\n>p1 move dragondance\n>p2 move drainpunch\n>p1 move morningsun\n>p2 move drainpunch\n>p1 move heatcrash\n>p2 move drainpunch\n>p2 switch 2\n>p1 move dragondance\n>p2 move toxic\n>p1 move heatcrash\n>p2 move thunderbolt\n>p1 switch 5\n>p1 move rapidspin\n>p2 move slackoff\n>p2 switch 3\n>p1 move knockoff\n>p2 move sludgewave\n>p1 switch 4\n>p1 move terablast\n>p2 move sludgewave\n>p1 move recover\n>p2 move sludgewave\n>p1 move terablast\n>p2 move sludgewave\n>p2 switch 4\n>p1 move thunderwave\n>p2 move closecombat\n>p1 switch 2\n>p1 move iceshard\n>p2 move closecombat\n>p2 switch 5\n>p1 move earthquake\n>p2 move extremespeed terastallize", "uploadtime": 1782844481, "views": 7, "formatid": "gen9randombattle", "rating": 1985, "private": 0, "password": null, "player_dets": [{"name": "Tiziown", "avatar": "rocker-gen3", "rating": 1999, "seed": "sodium,d248971a451a6458b636e04dcccb86bf"}, {"name": "Osranedupsko", "avatar": "janitor", "rating": 2101, "seed": "sodium,82ee634fce9064e826a6e6debca95b4a"}], "teams_full": [{"Porygon2": {"name": "Porygon2", "species": "Porygon2", "speciesId": "porygon2", "gender": "N", "shiny": false, "level": 81, "moves": ["terablast", "shadowball", "thunderwave", "recover"], "ability": "Download", "evs": {"hp": 85, "atk": 85, "def": 85, "spa": 85, "spd": 85, "spe": 85}, "ivs": {"hp": 31, "atk": 31, "def": 31, "spa": 31, "spd": 31, "spe": 31}, "item": "Eviolite", "teraType": "Fighting", "role": "Tera Blast user", "bvs": {"hp": 85, "atk": 80, "def": 90, "spa": 105, "spd": 95, "spe": 60}, "stats": {"hp": 270, "atk": 176, "def": 192, "spa": 217, "spd": 201, "spe": 144}, "types": ["Normal"]}, "Cetitan": {"name": "Cetitan", "species": "Cetitan", "speciesId": "cetitan", "gender": "F", "shiny": false, "level": 82, "moves": ["liquidation", "iceshard", "earthquake", "iciclecrash"], "ability": "Sheer Force", "evs": {"hp": 85, "atk": 85, "def": 85, "spa": 85, "spd": 85, "spe": 85}, "ivs": {"hp": 31, "atk": 31, "def": 31, "spa": 31, "spd": 31, "spe": 31}, "item": "Life Orb", "teraType": "Water", "role": "Wallbreaker", "bvs": {"hp": 170, "atk": 113, "def": 65, "spa": 45, "spd": 55, "spe": 73}, "stats": {"hp": 413, "atk": 232, "def": 154, "spa": 121, "spd": 137, "spe": 167}, "types": ["Ice"]}, "Cyclizar": {"name": "Cyclizar", "species": "Cyclizar", "speciesId": "cyclizar", "gender": "F", "shiny": false, "level": 83, "moves": ["knockoff", "rapidspin", "dracometeor", "shedtail"], "ability": "Regenerator", "evs": {"hp": 85, "atk": 85, "def": 85, "spa": 85, "spd": 85, "spe": 85}, "ivs": {"hp": 31, "atk": 31, "def": 31, "spa": 31, "spd": 31, "spe": 31}, "item": "Heavy-Duty Boots", "teraType": "Fairy", "role": "Fast Support", "bvs": {"hp": 70, "atk": 95, "def": 65, "spa": 85, "spd": 65, "spe": 121}, "stats": {"hp": 252, "atk": 205, "def": 156, "spa": 189, "spd": 156, "spe": 249}, "types": ["Dragon", "Normal"]}, "Vespiquen": {"name": "Vespiquen", "species": "Vespiquen", "speciesId": "vespiquen", "gender": "F", "shiny": false, "level": 99, "moves": ["spikes", "uturn", "roost", "airslash"], "ability": "Pressure", "evs": {"hp": 85, "atk": 85, "def": 85, "spa": 85, "spd": 85, "spe": 85}, "ivs": {"hp": 31, "atk": 31, "def": 31, "spa": 31, "spd": 31, "spe": 31}, "item": "Heavy-Duty Boots", "teraType": "Steel", "role": "Bulky Support", "bvs": {"hp": 70, "atk": 80, "def": 102, "spa": 80, "spd": 102, "spe": 40}, "stats": {"hp": 299, "atk": 214, "def": 258, "spa": 214, "spd": 258, "spe": 135}, "types": ["Bug", "Flying"]}, "Gouging Fire": {"name": "Gouging Fire", "species": "Gouging Fire", "speciesId": "gougingfire", "gender": "N", "shiny": false, "level": 74, "moves": ["dragondance", "heatcrash", "morningsun", "outrage"], "ability": "Protosynthesis", "evs": {"hp": 85, "atk": 85, "def": 85, "spa": 85, "spd": 85, "spe": 85}, "ivs": {"hp": 31, "atk": 31, "def": 31, "spa": 31, "spd": 31, "spe": 31}, "item": "Heavy-Duty Boots", "teraType": "Fairy", "role": "Bulky Setup", "bvs": {"hp": 105, "atk": 115, "def": 121, "spa": 65, "spd": 93, "spe": 91}, "stats": {"hp": 277, "atk": 213, "def": 222, "spa": 139, "spd": 181, "spe": 178}, "types": ["Fire", "Dragon"]}, "Virizion": {"name": "Virizion", "species": "Virizion", "speciesId": "virizion", "gender": "N", "shiny": false, "level": 82, "moves": ["closecombat", "swordsdance", "leafblade", "stoneedge"], "ability": "Justified", "evs": {"hp": 85, "atk": 85, "def": 85, "spa": 85, "spd": 85, "spe": 85}, "ivs": {"hp": 31, "atk": 31, "def": 31, "spa": 31, "spd": 31, "spe": 31}, "item": "Life Orb", "teraType": "Rock", "role": "Setup Sweeper", "bvs": {"hp": 91, "atk": 90, "def": 72, "spa": 90, "spd": 129, "spe": 108}, "stats": {"hp": 283, "atk": 195, "def": 165, "spa": 195, "spd": 259, "spe": 224}, "types": ["Grass", "Fighting"]}}, {"Bellibolt": {"name": "Bellibolt", "species": "Bellibolt", "speciesId": "bellibolt", "gender": "M", "shiny": false, "level": 84, "moves": ["slackoff", "thunderbolt", "muddywater", "toxic"], "ability": "Electromorphosis", "evs": {"hp": 85, "atk": 0, "def": 85, "spa": 85, "spd": 85, "spe": 85}, "ivs": {"hp": 31, "atk": 0, "def": 31, "spa": 31, "spd": 31, "spe": 31}, "item": "Leftovers", "teraType": "Water", "role": "Bulky Attacker", "bvs": {"hp": 109, "atk": 64, "def": 91, "spa": 103, "spd": 83, "spe": 45}, "stats": {"hp": 320, "atk": 112, "def": 201, "spa": 221, "spd": 188, "spe": 124}, "types": ["Electric"]}, "Yanmega": {"name": "Yanmega", "species": "Yanmega", "speciesId": "yanmega", "gender": "F", "shiny": false, "level": 82, "moves": ["gigadrain", "uturn", "bugbuzz", "airslash"], "ability": "Tinted Lens", "evs": {"hp": 85, "atk": 85, "def": 85, "spa": 85, "spd": 85, "spe": 85}, "ivs": {"hp": 31, "atk": 31, "def": 31, "spa": 31, "spd": 31, "spe": 31}, "item": "Choice Specs", "teraType": "Bug", "role": "Wallbreaker", "bvs": {"hp": 86, "atk": 76, "def": 86, "spa": 116, "spd": 56, "spe": 95}, "stats": {"hp": 275, "atk": 172, "def": 188, "spa": 237, "spd": 139, "spe": 203}, "types": ["Bug", "Flying"]}, "Salazzle": {"name": "Salazzle", "species": "Salazzle", "speciesId": "salazzle", "gender": "F", "shiny": false, "level": 83, "moves": ["terablast", "nastyplot", "sludgewave", "fireblast"], "ability": "Corrosion", "evs": {"hp": 85, "atk": 0, "def": 85, "spa": 85, "spd": 85, "spe": 85}, "ivs": {"hp": 31, "atk": 0, "def": 31, "spa": 31, "spd": 31, "spe": 31}, "item": "Heavy-Duty Boots", "teraType": "Grass", "role": "Tera Blast user", "bvs": {"hp": 68, "atk": 64, "def": 60, "spa": 111, "spd": 60, "spe": 117}, "stats": {"hp": 249, "atk": 111, "def": 147, "spa": 232, "spd": 147, "spe": 242}, "types": ["Poison", "Fire"]}, "Virizion": {"name": "Virizion", "species": "Virizion", "speciesId": "virizion", "gender": "N", "shiny": false, "level": 82, "moves": ["swordsdance", "closecombat", "stoneedge", "leafblade"], "ability": "Justified", "evs": {"hp": 85, "atk": 85, "def": 85, "spa": 85, "spd": 85, "spe": 85}, "ivs": {"hp": 31, "atk": 31, "def": 31, "spa": 31, "spd": 31, "spe": 31}, "item": "Life Orb", "teraType": "Rock", "role": "Setup Sweeper", "bvs": {"hp": 91, "atk": 90, "def": 72, "spa": 90, "spd": 129, "spe": 108}, "stats": {"hp": 283, "atk": 195, "def": 165, "spa": 195, "spd": 259, "spe": 224}, "types": ["Grass", "Fighting"]}, "Entei": {"name": "Entei", "species": "Entei", "speciesId": "entei", "gender": "N", "shiny": false, "level": 78, "moves": ["stompingtantrum", "extremespeed", "flareblitz", "sacredfire"], "ability": "Inner Focus", "evs": {"hp": 85, "atk": 85, "def": 85, "spa": 85, "spd": 85, "spe": 85}, "ivs": {"hp": 31, "atk": 31, "def": 31, "spa": 31, "spd": 31, "spe": 31}, "item": "Choice Band", "teraType": "Normal", "role": "Wallbreaker", "bvs": {"hp": 115, "atk": 115, "def": 85, "spa": 90, "spd": 75, "spe": 100}, "stats": {"hp": 307, "atk": 224, "def": 178, "spa": 185, "spd": 162, "spe": 201}, "types": ["Fire"]}, "Hitmonchan": {"name": "Hitmonchan", "species": "Hitmonchan", "speciesId": "hitmonchan", "gender": "M", "shiny": false, "level": 87, "moves": ["knockoff", "drainpunch", "machpunch", "swordsdance"], "ability": "Iron Fist", "evs": {"hp": 85, "atk": 85, "def": 85, "spa": 85, "spd": 85, "spe": 85}, "ivs": {"hp": 31, "atk": 31, "def": 31, "spa": 31, "spd": 31, "spe": 31}, "item": "Life Orb", "teraType": "Fighting", "role": "Setup Sweeper", "bvs": {"hp": 50, "atk": 105, "def": 79, "spa": 35, "spd": 110, "spe": 76}, "stats": {"hp": 229, "atk": 232, "def": 187, "spa": 111, "spd": 241, "spe": 182}, "types": ["Fighting"]}}]}