{"id": "gen9randombattle-2642086778", "format": "[Gen 9] Random Battle", "players": ["wimbobimbojimbo", "jnpr010334"], "log": "|j|\u2606wimbobimbojimbo\n|j|\u2606jnpr010334\n|t:|1782886979\n|gametype|singles\n|player|p1|wimbobimbojimbo|rood|1905\n|player|p2|jnpr010334|265|1933\n|gen|9\n|tier|[Gen 9] Random Battle\n|rated|\n|rule|Species Clause: Limit one of each Pok\u00e9mon\n|rule|HP Percentage Mod: HP is shown in percentages\n|rule|Sleep Clause Mod: Limit one foe put to sleep\n|rule|Illusion Level Mod: Illusion disguises the Pok\u00e9mon's true level\n|\n|t:|1782886980\n|teamsize|p1|6\n|teamsize|p2|6\n|start\n|switch|p1a: Wugtrio|Wugtrio, L91, F|212/212\n|switch|p2a: Ogerpon|Ogerpon-Hearthflame, L74, F|239/239\n|-ability|p2a: Ogerpon|Mold Breaker\n|turn|1\n|inactive|Battle timer is ON: inactive players will automatically lose when time's up. (requested by wimbobimbojimbo)\n|inactive|jnpr010334 also wants the timer to be on.\n|\n|t:|1782886994\n|switch|p1a: Chandelure|Chandelure, L83, M|235/235\n|switch|p2a: Avalugg|Avalugg, L88, F|310/310\n|\n|upkeep\n|turn|2\n|\n|t:|1782887001\n|switch|p2a: Copperajah|Copperajah, L86, F|350/350\n|move|p1a: Chandelure|Fire Blast|p2a: Copperajah\n|-supereffective|p2a: Copperajah\n|-damage|p2a: Copperajah|0 fnt\n|faint|p2a: Copperajah\n|\n|upkeep\n|\n|t:|1782887003\n|switch|p2a: Veluza|Veluza, L85, M|292/292\n|turn|3\n|\n|t:|1782887010\n|move|p1a: Chandelure|Shadow Ball|p2a: Veluza\n|-supereffective|p2a: Veluza\n|-damage|p2a: Veluza|0 fnt\n|faint|p2a: Veluza\n|\n|upkeep\n|\n|t:|1782887012\n|switch|p2a: Scovillain|Scovillain, L91, M|266/266\n|turn|4\n|\n|t:|1782887022\n|switch|p1a: Hatterene|Hatterene, L85, F|236/236\n|move|p2a: Scovillain|Leaf Storm|p1a: Hatterene\n|-damage|p1a: Hatterene|139/236\n|-unboost|p2a: Scovillain|spa|2\n|\n|upkeep\n|turn|5\n|\n|t:|1782887029\n|switch|p2a: Ogerpon|Ogerpon-Hearthflame, L74, F|239/239\n|-ability|p2a: Ogerpon|Mold Breaker\n|move|p1a: Hatterene|Nuzzle|p2a: Ogerpon\n|-resisted|p2a: Ogerpon\n|-damage|p2a: Ogerpon|230/239\n|-status|p2a: Ogerpon|par\n|\n|upkeep\n|turn|6\n|\n|t:|1782887042\n|switch|p1a: Chandelure|Chandelure, L83, M|235/235\n|move|p2a: Ogerpon|Ivy Cudgel|p1a: Chandelure|[anim] Ivy Cudgel Fire\n|-resisted|p1a: Chandelure\n|-damage|p1a: Chandelure|174/235\n|\n|-heal|p1a: Chandelure|188/235|[from] item: Leftovers\n|upkeep\n|turn|7\n|\n|t:|1782887050\n|move|p1a: Chandelure|Substitute|p1a: Chandelure\n|-start|p1a: Chandelure|Substitute\n|-damage|p1a: Chandelure|130/235\n|cant|p2a: Ogerpon|par\n|\n|-heal|p1a: Chandelure|144/235|[from] item: Leftovers\n|upkeep\n|turn|8\n|\n|t:|1782887057\n|move|p1a: Chandelure|Calm Mind|p1a: Chandelure\n|-boost|p1a: Chandelure|spa|1\n|-boost|p1a: Chandelure|spd|1\n|cant|p2a: Ogerpon|par\n|\n|-heal|p1a: Chandelure|158/235|[from] item: Leftovers\n|upkeep\n|turn|9\n|\n|t:|1782887063\n|move|p1a: Chandelure|Fire Blast|p2a: Ogerpon\n|-damage|p2a: Ogerpon|0 fnt\n|faint|p2a: Ogerpon\n|\n|-heal|p1a: Chandelure|172/235|[from] item: Leftovers\n|upkeep\n|\n|t:|1782887065\n|switch|p2a: Scovillain|Scovillain, L91, M|266/266\n|turn|10\n|\n|t:|1782887071\n|move|p2a: Scovillain|Leaf Storm|p1a: Chandelure\n|-resisted|p1a: Chandelure\n|-activate|p1a: Chandelure|move: Substitute|[damage]\n|-unboost|p2a: Scovillain|spa|2\n|move|p1a: Chandelure|Fire Blast|p2a: Scovillain\n|-damage|p2a: Scovillain|1/266\n|\n|-heal|p1a: Chandelure|186/235|[from] item: Leftovers\n|upkeep\n|turn|11\n|\n|t:|1782887080\n|move|p2a: Scovillain|Leaf Storm|p1a: Chandelure\n|-resisted|p1a: Chandelure\n|-end|p1a: Chandelure|Substitute\n|-unboost|p2a: Scovillain|spa|2\n|move|p1a: Chandelure|Calm Mind|p1a: Chandelure\n|-boost|p1a: Chandelure|spa|1\n|-boost|p1a: Chandelure|spd|1\n|\n|-heal|p1a: Chandelure|200/235|[from] item: Leftovers\n|upkeep\n|turn|12\n|\n|t:|1782887089\n|move|p2a: Scovillain|Leaf Storm|p1a: Chandelure\n|-resisted|p1a: Chandelure\n|-damage|p1a: Chandelure|186/235\n|-unboost|p2a: Scovillain|spa|2\n|move|p1a: Chandelure|Substitute|p1a: Chandelure\n|-start|p1a: Chandelure|Substitute\n|-damage|p1a: Chandelure|128/235\n|\n|-heal|p1a: Chandelure|142/235|[from] item: Leftovers\n|upkeep\n|turn|13\n|\n|t:|1782887097\n|move|p2a: Scovillain|Leaf Storm|p1a: Chandelure\n|-resisted|p1a: Chandelure\n|-activate|p1a: Chandelure|move: Substitute|[damage]\n|move|p1a: Chandelure|Shadow Ball|p2a: Scovillain\n|-damage|p2a: Scovillain|0 fnt\n|faint|p2a: Scovillain\n|\n|-heal|p1a: Chandelure|156/235|[from] item: Leftovers\n|upkeep\n|\n|t:|1782887100\n|switch|p2a: Carbink|Carbink, L90|236/236\n|turn|14\n|\n|t:|1782887108\n|move|p1a: Chandelure|Shadow Ball|p2a: Carbink\n|-damage|p2a: Carbink|103/236\n|move|p2a: Carbink|Rest|p2a: Carbink\n|-status|p2a: Carbink|slp|[from] move: Rest\n|-heal|p2a: Carbink|236/236 slp|[silent]\n|-enditem|p2a: Carbink|Chesto Berry|[eat]\n|-curestatus|p2a: Carbink|slp|[msg]\n|\n|-heal|p1a: Chandelure|170/235|[from] item: Leftovers\n|upkeep\n|turn|15\n|\n|t:|1782887118\n|move|p1a: Chandelure|Shadow Ball|p2a: Carbink\n|-damage|p2a: Carbink|101/236\n|move|p2a: Carbink|Moonblast|p1a: Chandelure\n|-resisted|p1a: Chandelure\n|-activate|p1a: Chandelure|move: Substitute|[damage]\n|\n|-heal|p1a: Chandelure|184/235|[from] item: Leftovers\n|upkeep\n|turn|16\n|\n|t:|1782887126\n|move|p1a: Chandelure|Shadow Ball|p2a: Carbink\n|-damage|p2a: Carbink|0 fnt\n|faint|p2a: Carbink\n|\n|-heal|p1a: Chandelure|198/235|[from] item: Leftovers\n|upkeep\n|\n|t:|1782887128\n|switch|p2a: Avalugg|Avalugg, L88, F|310/310\n|turn|17\n|\n|t:|1782887134\n|move|p1a: Chandelure|Fire Blast|p2a: Avalugg\n|-supereffective|p2a: Avalugg\n|-ability|p2a: Avalugg|Sturdy\n|-damage|p2a: Avalugg|1/310\n|move|p2a: Avalugg|Avalanche|p1a: Chandelure\n|-resisted|p1a: Chandelure\n|-end|p1a: Chandelure|Substitute\n|\n|-heal|p1a: Chandelure|212/235|[from] item: Leftovers\n|upkeep\n|turn|18\n|\n|t:|1782887144\n|move|p1a: Chandelure|Shadow Ball|p2a: Avalugg\n|-crit|p2a: Avalugg\n|-damage|p2a: Avalugg|0 fnt\n|faint|p2a: Avalugg\n|\n|win|wimbobimbojimbo\n|raw|wimbobimbojimbo's rating: 1905 &rarr; <strong>1923</strong><br />(+18 for winning)\n|raw|jnpr010334's rating: 1873 &rarr; <strong>1855</strong><br />(-18 for losing)\n", "inputlog": ">version f8ac14003a5f27e1bdc8d8c59608a773c1cb96e5\n>start {\"formatid\":\"gen9randombattle\",\"seed\":\"sodium,651d807fb11c538428270554bee8d390\",\"rated\":\"Rated battle\"}\n>player p1 {\"name\":\"wimbobimbojimbo\",\"avatar\":\"rood\",\"rating\":1905,\"seed\":\"sodium,585a74c0b870235e4a38edf00bc1a372\"}\n>player p2 {\"name\":\"jnpr010334\",\"avatar\":\"265\",\"rating\":1933,\"seed\":\"sodium,df9b571f0db54d9fcff9daf5a987d9c9\"}\n>p1 switch 2\n>p2 switch 5\n>p1 move fireblast\n>p2 switch 4\n>p2 switch 2\n>p1 move shadowball\n>p2 move aquacutter\n>p2 switch 3\n>p1 switch 3\n>p2 move leafstorm\n>p1 move nuzzle\n>p2 switch 5\n>p1 switch 3\n>p2 move ivycudgel\n>p1 move substitute\n>p2 move stompingtantrum\n>p1 move calmmind\n>p2 move stompingtantrum\n>p1 move fireblast\n>p2 move stompingtantrum\n>p2 switch 5\n>p1 move fireblast\n>p2 move leafstorm\n>p1 move calmmind\n>p2 move leafstorm\n>p1 move substitute\n>p2 move leafstorm\n>p1 move shadowball\n>p2 move leafstorm\n>p2 switch 6\n>p1 move shadowball\n>p2 move rest\n>p1 move shadowball\n>p2 move moonblast\n>p1 move shadowball\n>p2 move rest\n>p2 switch 4\n>p1 move fireblast\n>p2 move avalanche\n>p1 move shadowball\n>p2 move avalanche", "uploadtime": 1782887146, "views": 4, "formatid": "gen9randombattle", "rating": 1855, "private": 0, "password": null, "player_dets": [{"name": "wimbobimbojimbo", "avatar": "rood", "rating": 1905, "seed": "sodium,585a74c0b870235e4a38edf00bc1a372"}, {"name": "jnpr010334", "avatar": "265", "rating": 1933, "seed": "sodium,df9b571f0db54d9fcff9daf5a987d9c9"}], "teams_full": [{"Wugtrio": {"name": "Wugtrio", "species": "Wugtrio", "speciesId": "wugtrio", "gender": "F", "shiny": false, "level": 91, "moves": ["throatchop", "stompingtantrum", "aquajet", "liquidation"], "ability": "Gooey", "evs": {"hp": 85, "atk": 85, "def": 85, "spa": 85, "spd": 85, "spe": 85}, "ivs": {"hp": 31, "atk": 31, "def": 31, "spa": 31, "spd": 31, "spe": 31}, "item": "Choice Band", "teraType": "Ground", "role": "Fast Attacker", "bvs": {"hp": 35, "atk": 100, "def": 50, "spa": 50, "spd": 70, "spe": 120}, "stats": {"hp": 212, "atk": 234, "def": 143, "spa": 143, "spd": 179, "spe": 270}, "types": ["Water"]}, "Chandelure": {"name": "Chandelure", "species": "Chandelure", "speciesId": "chandelure", "gender": "M", "shiny": false, "level": 83, "moves": ["fireblast", "substitute", "calmmind", "shadowball"], "ability": "Flame Body", "evs": {"hp": 85, "atk": 0, "def": 85, "spa": 85, "spd": 85, "spe": 85}, "ivs": {"hp": 31, "atk": 0, "def": 31, "spa": 31, "spd": 31, "spe": 31}, "item": "Leftovers", "teraType": "Ghost", "role": "Fast Bulky Setup", "bvs": {"hp": 60, "atk": 55, "def": 90, "spa": 145, "spd": 90, "spe": 80}, "stats": {"hp": 235, "atk": 96, "def": 197, "spa": 288, "spd": 197, "spe": 180}, "types": ["Ghost", "Fire"]}, "Hatterene": {"name": "Hatterene", "species": "Hatterene", "speciesId": "hatterene", "gender": "F", "shiny": false, "level": 85, "moves": ["psychic", "drainingkiss", "mysticalfire", "nuzzle"], "ability": "Magic Bounce", "evs": {"hp": 85, "atk": 85, "def": 85, "spa": 85, "spd": 85, "spe": 85}, "ivs": {"hp": 31, "atk": 31, "def": 31, "spa": 31, "spd": 31, "spe": 31}, "item": "Assault Vest", "teraType": "Fairy", "role": "AV Pivot", "bvs": {"hp": 57, "atk": 90, "def": 95, "spa": 136, "spd": 103, "spe": 29}, "stats": {"hp": 236, "atk": 202, "def": 210, "spa": 280, "spd": 224, "spe": 98}, "types": ["Psychic", "Fairy"]}, "Passimian": {"name": "Passimian", "species": "Passimian", "speciesId": "passimian", "gender": "M", "shiny": false, "level": 83, "moves": ["knockoff", "earthquake", "gunkshot", "closecombat"], "ability": "Defiant", "evs": {"hp": 85, "atk": 85, "def": 85, "spa": 85, "spd": 85, "spe": 85}, "ivs": {"hp": 31, "atk": 31, "def": 31, "spa": 31, "spd": 31, "spe": 31}, "item": "Choice Scarf", "teraType": "Dark", "role": "Fast Attacker", "bvs": {"hp": 100, "atk": 120, "def": 90, "spa": 40, "spd": 60, "spe": 80}, "stats": {"hp": 302, "atk": 247, "def": 197, "spa": 114, "spd": 147, "spe": 180}, "types": ["Fighting"]}, "Iron Thorns": {"name": "Iron Thorns", "species": "Iron Thorns", "speciesId": "ironthorns", "gender": "N", "shiny": false, "level": 83, "moves": ["earthquake", "wildcharge", "dragondance", "stoneedge"], "ability": "Quark Drive", "evs": {"hp": 85, "atk": 85, "def": 85, "spa": 85, "spd": 85, "spe": 85}, "ivs": {"hp": 31, "atk": 31, "def": 31, "spa": 31, "spd": 31, "spe": 31}, "item": "Booster Energy", "teraType": "Rock", "role": "Fast Bulky Setup", "bvs": {"hp": 100, "atk": 134, "def": 110, "spa": 70, "spd": 84, "spe": 72}, "stats": {"hp": 302, "atk": 270, "def": 230, "spa": 164, "spd": 187, "spe": 167}, "types": ["Rock", "Electric"]}, "Salamence": {"name": "Salamence", "species": "Salamence", "speciesId": "salamence", "gender": "M", "shiny": false, "level": 77, "moves": ["dualwingbeat", "earthquake", "dragondance", "outrage"], "ability": "Intimidate", "evs": {"hp": 85, "atk": 85, "def": 85, "spa": 85, "spd": 85, "spe": 85}, "ivs": {"hp": 31, "atk": 31, "def": 31, "spa": 31, "spd": 31, "spe": 31}, "item": "Heavy-Duty Boots", "teraType": "Ground", "role": "Setup Sweeper", "bvs": {"hp": 95, "atk": 135, "def": 80, "spa": 110, "spd": 80, "spe": 100}, "stats": {"hp": 273, "atk": 252, "def": 168, "spa": 214, "spd": 168, "spe": 199}, "types": ["Dragon", "Flying"]}}, {"Ogerpon": {"name": "Ogerpon", "species": "Ogerpon-Hearthflame", "speciesId": "ogerponhearthflame", "gender": "F", "shiny": false, "level": 74, "moves": ["hornleech", "stompingtantrum", "ivycudgel", "swordsdance"], "ability": "Mold Breaker", "evs": {"hp": 77, "atk": 85, "def": 85, "spa": 85, "spd": 85, "spe": 85}, "ivs": {"hp": 31, "atk": 31, "def": 31, "spa": 31, "spd": 31, "spe": 31}, "item": "Hearthflame Mask", "teraType": "Fire", "role": "Setup Sweeper", "bvs": {"hp": 80, "atk": 120, "def": 84, "spa": 60, "spd": 96, "spe": 110}, "stats": {"hp": 239, "atk": 221, "def": 167, "spa": 132, "spd": 185, "spe": 206}, "types": ["Grass", "Fire"]}, "Veluza": {"name": "Veluza", "species": "Veluza", "speciesId": "veluza", "gender": "M", "shiny": false, "level": 85, "moves": ["aquacutter", "psychocut", "nightslash", "aquajet"], "ability": "Sharpness", "evs": {"hp": 85, "atk": 85, "def": 85, "spa": 85, "spd": 85, "spe": 85}, "ivs": {"hp": 31, "atk": 31, "def": 31, "spa": 31, "spd": 31, "spe": 31}, "item": "Choice Band", "teraType": "Dark", "role": "Fast Attacker", "bvs": {"hp": 90, "atk": 102, "def": 73, "spa": 78, "spd": 65, "spe": 70}, "stats": {"hp": 292, "atk": 222, "def": 173, "spa": 181, "spd": 159, "spe": 168}, "types": ["Water", "Psychic"]}, "Scovillain": {"name": "Scovillain", "species": "Scovillain", "speciesId": "scovillain", "gender": "M", "shiny": false, "level": 91, "moves": ["overheat", "leafstorm", "flamethrower", "energyball"], "ability": "Chlorophyll", "evs": {"hp": 85, "atk": 0, "def": 85, "spa": 85, "spd": 85, "spe": 85}, "ivs": {"hp": 31, "atk": 0, "def": 31, "spa": 31, "spd": 31, "spe": 31}, "item": "Choice Scarf", "teraType": "Fire", "role": "Fast Attacker", "bvs": {"hp": 65, "atk": 108, "def": 65, "spa": 108, "spd": 65, "spe": 75}, "stats": {"hp": 266, "atk": 201, "def": 170, "spa": 248, "spd": 170, "spe": 188}, "types": ["Grass", "Fire"]}, "Copperajah": {"name": "Copperajah", "species": "Copperajah", "speciesId": "copperajah", "gender": "F", "shiny": false, "level": 86, "moves": ["ironhead", "earthquake", "stealthrock", "playrough"], "ability": "Sheer Force", "evs": {"hp": 85, "atk": 85, "def": 85, "spa": 85, "spd": 85, "spe": 85}, "ivs": {"hp": 31, "atk": 31, "def": 31, "spa": 31, "spd": 31, "spe": 31}, "item": "Life Orb", "teraType": "Fairy", "role": "Wallbreaker", "bvs": {"hp": 122, "atk": 130, "def": 69, "spa": 80, "spd": 69, "spe": 30}, "stats": {"hp": 350, "atk": 273, "def": 168, "spa": 187, "spd": 168, "spe": 101}, "types": ["Steel"]}, "Avalugg": {"name": "Avalugg", "species": "Avalugg", "speciesId": "avalugg", "gender": "F", "shiny": false, "level": 88, "moves": ["recover", "bodypress", "avalanche", "rapidspin"], "ability": "Sturdy", "evs": {"hp": 85, "atk": 85, "def": 85, "spa": 85, "spd": 85, "spe": 85}, "ivs": {"hp": 31, "atk": 31, "def": 31, "spa": 31, "spd": 31, "spe": 31}, "item": "Heavy-Duty Boots", "teraType": "Fighting", "role": "Bulky Support", "bvs": {"hp": 95, "atk": 117, "def": 184, "spa": 44, "spd": 46, "spe": 28}, "stats": {"hp": 310, "atk": 256, "def": 374, "spa": 128, "spd": 131, "spe": 100}, "types": ["Ice"]}, "Carbink": {"name": "Carbink", "species": "Carbink", "speciesId": "carbink", "gender": "N", "shiny": false, "level": 90, "moves": ["bodypress", "rest", "irondefense", "moonblast"], "ability": "Clear Body", "evs": {"hp": 85, "atk": 0, "def": 85, "spa": 85, "spd": 85, "spe": 85}, "ivs": {"hp": 31, "atk": 0, "def": 31, "spa": 31, "spd": 31, "spe": 31}, "item": "Chesto Berry", "teraType": "Fighting", "role": "Fast Bulky Setup", "bvs": {"hp": 50, "atk": 50, "def": 150, "spa": 50, "spd": 150, "spe": 50}, "stats": {"hp": 236, "atk": 95, "def": 321, "spa": 141, "spd": 321, "spe": 141}, "types": ["Rock", "Fairy"]}}]}