{"id": "gen9randombattle-2642185407", "format": "[Gen 9] Random Battle", "players": ["Kopliko", "forcemajor14"], "log": "|j|\u2606Kopliko\n|j|\u2606forcemajor14\n|t:|1782907395\n|gametype|singles\n|player|p1|Kopliko|pokefanf-gen4|1963\n|player|p2|forcemajor14|266|2031\n|gen|9\n|tier|[Gen 9] Random Battle\n|rated|\n|rule|Species Clause: Limit one of each Pok\u00e9mon\n|rule|HP Percentage Mod: HP is shown in percentages\n|rule|Sleep Clause Mod: Limit one foe put to sleep\n|rule|Illusion Level Mod: Illusion disguises the Pok\u00e9mon's true level\n|\n|t:|1782907395\n|teamsize|p1|6\n|teamsize|p2|6\n|start\n|switch|p1a: Iron Moth|Iron Moth, L78|253/253\n|switch|p2a: Jirachi|Jirachi, L80|291/291\n|turn|1\n|inactive|Battle timer is ON: inactive players will automatically lose when time's up. (requested by Kopliko)\n|inactive|forcemajor14 also wants the timer to be on.\n|\n|t:|1782907407\n|switch|p2a: Basculin|Basculin, L86, F|261/261\n|move|p1a: Iron Moth|Fiery Dance|p2a: Basculin\n|-resisted|p2a: Basculin\n|-damage|p2a: Basculin|189/261\n|-boost|p1a: Iron Moth|spa|1\n|\n|upkeep\n|turn|2\n|\n|t:|1782907415\n|-terastallize|p1a: Iron Moth|Grass\n|move|p2a: Basculin|Flip Turn|p1a: Iron Moth\n|-resisted|p1a: Iron Moth\n|-damage|p1a: Iron Moth|161/253\n|\n|t:|1782907417\n|switch|p2a: Mismagius|Mismagius, L86, M|243/243|[from] Flip Turn\n|move|p1a: Iron Moth|Toxic Spikes|p2a: Mismagius\n|-sidestart|p2: forcemajor14|move: Toxic Spikes\n|\n|upkeep\n|turn|3\n|\n|t:|1782907424\n|-end|p1a: Iron Moth|Quark Drive|[silent]\n|switch|p1a: Iron Treads|Iron Treads, L77|265/265\n|move|p2a: Mismagius|Nasty Plot|p2a: Mismagius\n|-boost|p2a: Mismagius|spa|2\n|\n|upkeep\n|turn|4\n|\n|t:|1782907427\n|move|p2a: Mismagius|Shadow Ball|p1a: Iron Treads\n|-damage|p1a: Iron Treads|34/265\n|move|p1a: Iron Treads|Iron Head|p2a: Mismagius\n|-damage|p2a: Mismagius|138/243\n|\n|-heal|p2a: Mismagius|153/243|[from] item: Leftovers\n|-heal|p1a: Iron Treads|50/265|[from] item: Leftovers\n|upkeep\n|turn|5\n|\n|t:|1782907435\n|move|p2a: Mismagius|Shadow Ball|p1a: Iron Treads\n|-damage|p1a: Iron Treads|0 fnt\n|faint|p1a: Iron Treads\n|-end|p1a: Iron Treads|Quark Drive|[silent]\n|\n|-heal|p2a: Mismagius|168/243|[from] item: Leftovers\n|upkeep\n|\n|t:|1782907438\n|switch|p1a: Espeon|Espeon, L84, F|246/246\n|turn|6\n|\n|t:|1782907441\n|switch|p2a: Jirachi|Jirachi, L80|291/291\n|move|p1a: Espeon|Psyshock|p2a: Jirachi\n|-resisted|p2a: Jirachi\n|-damage|p2a: Jirachi|261/291\n|-damage|p1a: Espeon|222/246|[from] item: Life Orb\n|\n|upkeep\n|turn|7\n|\n|t:|1782907450\n|switch|p1a: Iron Moth|Iron Moth, L78, tera:Grass|161/253\n|move|p2a: Jirachi|U-turn|p1a: Iron Moth\n|-supereffective|p1a: Iron Moth\n|-damage|p1a: Iron Moth|33/253\n|\n|t:|1782907454\n|switch|p2a: Mismagius|Mismagius, L86, M|168/243|[from] U-turn\n|\n|-heal|p2a: Mismagius|183/243|[from] item: Leftovers\n|upkeep\n|turn|8\n|\n|t:|1782907458\n|move|p2a: Mismagius|Shadow Ball|p1a: Iron Moth\n|-damage|p1a: Iron Moth|0 fnt\n|faint|p1a: Iron Moth\n|-end|p1a: Iron Moth|Quark Drive|[silent]\n|\n|-heal|p2a: Mismagius|198/243|[from] item: Leftovers\n|upkeep\n|\n|t:|1782907460\n|switch|p1a: Espeon|Espeon, L84, F|222/246\n|turn|9\n|\n|t:|1782907463\n|switch|p2a: Jirachi|Jirachi, L80|261/291\n|move|p1a: Espeon|Shadow Ball|p2a: Jirachi\n|-supereffective|p2a: Jirachi\n|-damage|p2a: Jirachi|144/291\n|-damage|p1a: Espeon|198/246|[from] item: Life Orb\n|\n|upkeep\n|turn|10\n|\n|t:|1782907468\n|move|p1a: Espeon|Shadow Ball|p2a: Jirachi\n|-supereffective|p2a: Jirachi\n|-damage|p2a: Jirachi|17/291\n|-damage|p1a: Espeon|174/246|[from] item: Life Orb\n|move|p2a: Jirachi|U-turn|p1a: Espeon\n|-supereffective|p1a: Espeon\n|-damage|p1a: Espeon|44/246\n|\n|t:|1782907471\n|switch|p2a: Kingambit|Kingambit, L74, F|270/270|[from] U-turn\n|\n|upkeep\n|turn|11\n|\n|t:|1782907474\n|switch|p1a: Zamazenta|Zamazenta-Crowned, L68|238/238\n|-ability|p1a: Zamazenta|Dauntless Shield|boost\n|-boost|p1a: Zamazenta|def|1\n|move|p2a: Kingambit|Swords Dance|p2a: Kingambit\n|-boost|p2a: Kingambit|atk|2\n|\n|upkeep\n|turn|12\n|\n|t:|1782907480\n|-end|p2a: Kingambit|fallenundefined|[silent]\n|switch|p2a: Spidops|Spidops, L96, F|271/271\n|move|p1a: Zamazenta|Heavy Slam|p2a: Spidops\n|-damage|p2a: Spidops|180/271\n|\n|upkeep\n|turn|13\n|\n|t:|1782907483\n|move|p1a: Zamazenta|Stone Edge|p2a: Spidops|[miss]\n|-miss|p1a: Zamazenta|p2a: Spidops\n|move|p2a: Spidops|Sticky Web|p1a: Zamazenta\n|-sidestart|p1: Kopliko|move: Sticky Web\n|\n|upkeep\n|turn|14\n|\n|t:|1782907487\n|switch|p2a: Groudon|Groudon, L72|263/263\n|-status|p2a: Groudon|psn\n|-weather|SunnyDay|[from] ability: Drought|[of] p2a: Groudon\n|move|p1a: Zamazenta|Heavy Slam|p2a: Groudon\n|-damage|p2a: Groudon|236/263 psn\n|\n|-weather|SunnyDay|[upkeep]\n|-heal|p2a: Groudon|252/263 psn|[from] item: Leftovers\n|-damage|p2a: Groudon|220/263 psn|[from] psn\n|upkeep\n|turn|15\n|\n|t:|1782907492\n|switch|p1a: Yanmega|Yanmega, L82, M|275/275\n|move|p2a: Groudon|Precipice Blades|p1a: Yanmega\n|-immune|p1a: Yanmega\n|\n|-weather|SunnyDay|[upkeep]\n|-heal|p2a: Groudon|236/263 psn|[from] item: Leftovers\n|-damage|p2a: Groudon|204/263 psn|[from] psn\n|upkeep\n|turn|16\n|\n|t:|1782907497\n|move|p1a: Yanmega|U-turn|p2a: Groudon\n|-damage|p2a: Groudon|158/263 psn\n|\n|t:|1782907500\n|switch|p1a: Espeon|Espeon, L84, F|44/246|[from] U-turn\n|-activate|p1a: Espeon|move: Sticky Web\n|-unboost|p1a: Espeon|spe|1\n|move|p2a: Groudon|Heat Crash|p1a: Espeon\n|-damage|p1a: Espeon|0 fnt\n|faint|p1a: Espeon\n|\n|-weather|SunnyDay|[upkeep]\n|-heal|p2a: Groudon|174/263 psn|[from] item: Leftovers\n|-damage|p2a: Groudon|142/263 psn|[from] psn\n|upkeep\n|\n|t:|1782907502\n|switch|p1a: Yanmega|Yanmega, L82, M|275/275\n|turn|17\n|\n|t:|1782907505\n|move|p1a: Yanmega|Bug Buzz|p2a: Groudon\n|-damage|p2a: Groudon|0 fnt\n|faint|p2a: Groudon\n|\n|-weather|SunnyDay|[upkeep]\n|upkeep\n|\n|t:|1782907508\n|switch|p2a: Basculin|Basculin, L86, F|189/261\n|-status|p2a: Basculin|psn\n|turn|18\n|\n|t:|1782907512\n|move|p2a: Basculin|Flip Turn|p1a: Yanmega\n|-damage|p1a: Yanmega|207/275\n|\n|t:|1782907516\n|switch|p2a: Jirachi|Jirachi, L80|17/291|[from] Flip Turn\n|move|p1a: Yanmega|Bug Buzz|p2a: Jirachi\n|-damage|p2a: Jirachi|0 fnt\n|faint|p2a: Jirachi\n|\n|-weather|none\n|upkeep\n|\n|t:|1782907519\n|switch|p2a: Basculin|Basculin, L86, F|189/261 psn\n|turn|19\n|\n|t:|1782907522\n|move|p2a: Basculin|Flip Turn|p1a: Yanmega\n|-damage|p1a: Yanmega|71/275\n|\n|t:|1782907524\n|switch|p2a: Mismagius|Mismagius, L86, M|198/243|[from] Flip Turn\n|move|p1a: Yanmega|Bug Buzz|p2a: Mismagius\n|-resisted|p2a: Mismagius\n|-damage|p2a: Mismagius|58/243\n|-unboost|p2a: Mismagius|spd|1\n|\n|-heal|p2a: Mismagius|73/243|[from] item: Leftovers\n|upkeep\n|turn|20\n|\n|t:|1782907530\n|move|p2a: Mismagius|Shadow Ball|p1a: Yanmega\n|-damage|p1a: Yanmega|0 fnt\n|faint|p1a: Yanmega\n|\n|-heal|p2a: Mismagius|88/243|[from] item: Leftovers\n|upkeep\n|\n|t:|1782907534\n|switch|p1a: Zamazenta|Zamazenta-Crowned, L68|238/238\n|-activate|p1a: Zamazenta|move: Sticky Web\n|-unboost|p1a: Zamazenta|spe|1\n|turn|21\n|\n|t:|1782907537\n|switch|p2a: Spidops|Spidops, L96, F|180/271\n|move|p1a: Zamazenta|Heavy Slam|p2a: Spidops\n|-damage|p2a: Spidops|92/271\n|\n|upkeep\n|turn|22\n|\n|t:|1782907541\n|move|p1a: Zamazenta|Iron Defense|p1a: Zamazenta\n|-boost|p1a: Zamazenta|def|2\n|move|p2a: Spidops|Circle Throw|p1a: Zamazenta\n|-supereffective|p1a: Zamazenta\n|-damage|p1a: Zamazenta|198/238\n|drag|p1a: Kommo-o|Kommo-o, L78, F|245/245\n|-activate|p1a: Kommo-o|move: Sticky Web\n|-unboost|p1a: Kommo-o|spe|1\n|\n|upkeep\n|turn|23\n|\n|t:|1782907545\n|move|p1a: Kommo-o|Boomburst|p2a: Spidops\n|-damage|p2a: Spidops|16/271\n|-enditem|p1a: Kommo-o|Throat Spray\n|-boost|p1a: Kommo-o|spa|1|[from] item: Throat Spray\n|move|p2a: Spidops|Circle Throw|p1a: Kommo-o|[miss]\n|-miss|p2a: Spidops|p1a: Kommo-o\n|\n|upkeep\n|turn|24\n|\n|t:|1782907550\n|move|p1a: Kommo-o|Drain Punch|p2a: Spidops\n|-resisted|p2a: Spidops\n|-damage|p2a: Spidops|0 fnt\n|faint|p2a: Spidops\n|\n|upkeep\n|\n|t:|1782907554\n|switch|p2a: Mismagius|Mismagius, L86, M|88/243\n|turn|25\n|\n|t:|1782907558\n|switch|p1a: Zamazenta|Zamazenta-Crowned, L68|198/238\n|-activate|p1a: Zamazenta|move: Sticky Web\n|-unboost|p1a: Zamazenta|spe|1\n|move|p2a: Mismagius|Shadow Ball|p1a: Zamazenta\n|-damage|p1a: Zamazenta|114/238\n|\n|-heal|p2a: Mismagius|103/243|[from] item: Leftovers\n|upkeep\n|turn|26\n|\n|t:|1782907564\n|move|p2a: Mismagius|Nasty Plot|p2a: Mismagius\n|-boost|p2a: Mismagius|spa|2\n|move|p1a: Zamazenta|Heavy Slam|p2a: Mismagius\n|-damage|p2a: Mismagius|0 fnt\n|faint|p2a: Mismagius\n|\n|upkeep\n|\n|t:|1782907569\n|switch|p2a: Kingambit|Kingambit, L74, F|270/270\n|-activate|p2a: Kingambit|ability: Supreme Overlord\n|-start|p2a: Kingambit|fallen4|[silent]\n|turn|27\n|\n|t:|1782907574\n|-terastallize|p2a: Kingambit|Flying\n|move|p1a: Zamazenta|Iron Defense|p1a: Zamazenta\n|-boost|p1a: Zamazenta|def|2\n|move|p2a: Kingambit|Swords Dance|p2a: Kingambit\n|-boost|p2a: Kingambit|atk|2\n|\n|upkeep\n|turn|28\n|\n|t:|1782907580\n|move|p1a: Zamazenta|Iron Defense|p1a: Zamazenta\n|-boost|p1a: Zamazenta|def|2\n|move|p2a: Kingambit|Swords Dance|p2a: Kingambit\n|-boost|p2a: Kingambit|atk|2\n|\n|upkeep\n|turn|29\n|\n|t:|1782907584\n|move|p1a: Zamazenta|Iron Defense|p1a: Zamazenta\n|-boost|p1a: Zamazenta|def|2\n|move|p2a: Kingambit|Iron Head|p1a: Zamazenta\n|-resisted|p1a: Zamazenta\n|-damage|p1a: Zamazenta|75/238\n|\n|upkeep\n|turn|30\n|\n|t:|1782907588\n|move|p1a: Zamazenta|Body Press|p2a: Kingambit\n|-resisted|p2a: Kingambit\n|-damage|p2a: Kingambit|141/270\n|move|p2a: Kingambit|Iron Head|p1a: Zamazenta\n|-resisted|p1a: Zamazenta\n|-damage|p1a: Zamazenta|38/238\n|\n|-heal|p2a: Kingambit|157/270|[from] item: Leftovers\n|upkeep\n|turn|31\n|\n|t:|1782907592\n|move|p2a: Kingambit|Sucker Punch|p1a: Zamazenta\n|-resisted|p1a: Zamazenta\n|-damage|p1a: Zamazenta|2/238\n|move|p1a: Zamazenta|Body Press|p2a: Kingambit\n|-resisted|p2a: Kingambit\n|-damage|p2a: Kingambit|29/270\n|\n|-heal|p2a: Kingambit|45/270|[from] item: Leftovers\n|upkeep\n|turn|32\n|\n|t:|1782907596\n|move|p2a: Kingambit|Sucker Punch|p1a: Zamazenta\n|-resisted|p1a: Zamazenta\n|-damage|p1a: Zamazenta|0 fnt\n|faint|p1a: Zamazenta\n|\n|-heal|p2a: Kingambit|61/270|[from] item: Leftovers\n|upkeep\n|\n|t:|1782907597\n|switch|p1a: Kommo-o|Kommo-o, L78, F|245/245\n|-activate|p1a: Kommo-o|move: Sticky Web\n|-unboost|p1a: Kommo-o|spe|1\n|turn|33\n|\n|t:|1782907601\n|move|p1a: Kommo-o|Boomburst|p2a: Kingambit\n|-damage|p2a: Kingambit|0 fnt\n|faint|p2a: Kingambit\n|-end|p2a: Kingambit|fallen4|[silent]\n|\n|upkeep\n|\n|t:|1782907602\n|switch|p2a: Basculin|Basculin, L86, F|189/261 psn\n|turn|34\n|\n|t:|1782907609\n|move|p2a: Basculin|Wave Crash|p1a: Kommo-o\n|-resisted|p1a: Kommo-o\n|-damage|p1a: Kommo-o|136/245\n|-damage|p2a: Basculin|153/261 psn|[from] Recoil\n|move|p1a: Kommo-o|Drain Punch|p2a: Basculin\n|-damage|p2a: Basculin|53/261 psn\n|-heal|p1a: Kommo-o|186/245|[from] drain|[of] p2a: Basculin\n|\n|-damage|p2a: Basculin|21/261 psn|[from] psn\n|upkeep\n|turn|35\n|\n|t:|1782907612\n|move|p2a: Basculin|Wave Crash|p1a: Kommo-o\n|-resisted|p1a: Kommo-o\n|-crit|p1a: Kommo-o\n|-damage|p1a: Kommo-o|38/245\n|-damage|p2a: Basculin|0 fnt|[from] Recoil\n|faint|p2a: Basculin\n|\n|win|Kopliko\n|raw|Kopliko's rating: 1963 &rarr; <strong>1987</strong><br />(+24 for winning)\n|raw|forcemajor14's rating: 2038 &rarr; <strong>2014</strong><br />(-24 for losing)\n", "inputlog": ">version f8ac14003a5f27e1bdc8d8c59608a773c1cb96e5\n>start {\"formatid\":\"gen9randombattle\",\"seed\":\"sodium,1ec663ed25555f5b3464a60b51109770\",\"rated\":\"Rated battle\"}\n>player p1 {\"name\":\"Kopliko\",\"avatar\":\"pokefanf-gen4\",\"rating\":1963,\"seed\":\"sodium,1ab2a49a365220107df003db939c6a50\"}\n>player p2 {\"name\":\"forcemajor14\",\"avatar\":\"266\",\"rating\":2031,\"seed\":\"sodium,c43579d95e8989078cc94d00f66bb077\"}\n>p1 move fierydance\n>p2 switch 4\n>p1 move toxicspikes terastallize\n>p2 move flipturn\n>p2 switch 5\n>p1 switch 2\n>p2 move nastyplot\n>p1 move ironhead\n>p2 move shadowball\n>p1 move ironhead\n>p2 move shadowball\n>p1 switch 5\n>p1 move psyshock\n>p2 switch 4\n>p1 switch 2\n>p2 move uturn\n>p2 switch 4\n>p1 move fierydance\n>p2 move shadowball\n>p1 switch 2\n>p1 move shadowball\n>p2 switch 4\n>p1 move shadowball\n>p2 move uturn\n>p2 switch 6\n>p1 switch 3\n>p2 move swordsdance\n>p1 move heavyslam\n>p2 switch 3\n>p1 move stoneedge\n>p2 move stickyweb\n>p1 move heavyslam\n>p2 switch 2\n>p1 switch 6\n>p2 move precipiceblades\n>p1 move uturn\n>p2 move heatcrash\n>p1 switch 3\n>p1 switch 3\n>p1 move bugbuzz\n>p2 move heatcrash\n>p2 switch 5\n>p1 move bugbuzz\n>p2 move flipturn\n>p2 switch 6\n>p2 switch 6\n>p1 move bugbuzz\n>p2 move flipturn\n>p2 switch 4\n>p1 move bugbuzz\n>p2 move shadowball\n>p1 switch 6\n>p1 move heavyslam\n>p2 switch 2\n>p1 move irondefense\n>p2 move circlethrow\n>p1 move boomburst\n>p2 move circlethrow\n>p1 move drainpunch\n>p2 move circlethrow\n>p2 switch 2\n>p1 switch 4\n>p2 move shadowball\n>p1 move heavyslam\n>p2 move nastyplot\n>p2 switch 3\n>p1 move irondefense\n>p2 move swordsdance terastallize\n>p1 move irondefense\n>p2 move swordsdance\n>p1 move irondefense\n>p2 move ironhead\n>p1 move bodypress\n>p2 move ironhead\n>p1 move bodypress\n>p2 move suckerpunch\n>p1 move bodypress\n>p2 move suckerpunch\n>p1 switch 4\n>p1 move boomburst\n>p2 move ironhead\n>p2 switch 4\n>p1 move drainpunch\n>p2 move wavecrash\n>p1 move drainpunch\n>p2 move wavecrash", "uploadtime": 1782907612, "views": 2, "formatid": "gen9randombattle", "rating": 1987, "private": 0, "password": null, "player_dets": [{"name": "Kopliko", "avatar": "pokefanf-gen4", "rating": 1963, "seed": "sodium,1ab2a49a365220107df003db939c6a50"}, {"name": "forcemajor14", "avatar": "266", "rating": 2031, "seed": "sodium,c43579d95e8989078cc94d00f66bb077"}], "teams_full": [{"Iron Moth": {"name": "Iron Moth", "species": "Iron Moth", "speciesId": "ironmoth", "gender": "N", "shiny": false, "level": 78, "moves": ["toxicspikes", "fierydance", "energyball", "sludgewave"], "ability": "Quark Drive", "evs": {"hp": 85, "atk": 0, "def": 85, "spa": 85, "spd": 85, "spe": 85}, "ivs": {"hp": 31, "atk": 0, "def": 31, "spa": 31, "spd": 31, "spe": 31}, "item": "Heavy-Duty Boots", "teraType": "Grass", "role": "Fast Attacker", "bvs": {"hp": 80, "atk": 70, "def": 60, "spa": 140, "spd": 110, "spe": 110}, "stats": {"hp": 253, "atk": 114, "def": 139, "spa": 263, "spd": 217, "spe": 217}, "types": ["Fire", "Poison"]}, "Iron Treads": {"name": "Iron Treads", "species": "Iron Treads", "speciesId": "irontreads", "gender": "N", "shiny": false, "level": 77, "moves": ["earthquake", "stealthrock", "rapidspin", "ironhead"], "ability": "Quark Drive", "evs": {"hp": 85, "atk": 85, "def": 85, "spa": 85, "spd": 85, "spe": 85}, "ivs": {"hp": 31, "atk": 31, "def": 31, "spa": 31, "spd": 31, "spe": 31}, "item": "Leftovers", "teraType": "Ghost", "role": "Bulky Support", "bvs": {"hp": 90, "atk": 112, "def": 120, "spa": 72, "spd": 70, "spe": 106}, "stats": {"hp": 265, "atk": 217, "def": 229, "spa": 155, "spd": 152, "spe": 208}, "types": ["Ground", "Steel"]}, "Zamazenta": {"name": "Zamazenta", "species": "Zamazenta", "speciesId": "zamazentacrowned", "gender": "N", "shiny": false, "level": 68, "moves": ["bodypress", "irondefense", "stoneedge", "heavyslam"], "ability": "Dauntless Shield", "evs": {"hp": 85, "atk": 85, "def": 85, "spa": 85, "spd": 85, "spe": 85}, "ivs": {"hp": 31, "atk": 31, "def": 31, "spa": 31, "spd": 31, "spe": 31}, "item": "Rusted Shield", "teraType": "Fighting", "role": "Bulky Setup", "bvs": {"hp": 92, "atk": 120, "def": 140, "spa": 80, "spd": 140, "spe": 128}, "stats": {"hp": 238, "atk": 203, "def": 230, "spa": 149, "spd": 230, "spe": 214}, "types": ["Fighting", "Steel"]}, "Kommo-o": {"name": "Kommo-o", "species": "Kommo-o", "speciesId": "kommoo", "gender": "F", "shiny": false, "level": 78, "moves": ["clangoroussoul", "boomburst", "clangingscales", "drainpunch"], "ability": "Soundproof", "evs": {"hp": 85, "atk": 85, "def": 85, "spa": 85, "spd": 85, "spe": 85}, "ivs": {"hp": 31, "atk": 31, "def": 31, "spa": 31, "spd": 31, "spe": 31}, "item": "Throat Spray", "teraType": "Normal", "role": "Fast Bulky Setup", "bvs": {"hp": 75, "atk": 110, "def": 125, "spa": 100, "spd": 105, "spe": 85}, "stats": {"hp": 245, "atk": 217, "def": 240, "spa": 201, "spd": 209, "spe": 178}, "types": ["Dragon", "Fighting"]}, "Espeon": {"name": "Espeon", "species": "Espeon", "speciesId": "espeon", "gender": "F", "shiny": false, "level": 84, "moves": ["alluringvoice", "morningsun", "psyshock", "shadowball"], "ability": "Magic Bounce", "evs": {"hp": 85, "atk": 0, "def": 85, "spa": 85, "spd": 85, "spe": 85}, "ivs": {"hp": 31, "atk": 0, "def": 31, "spa": 31, "spd": 31, "spe": 31}, "item": "Life Orb", "teraType": "Psychic", "role": "Fast Attacker", "bvs": {"hp": 65, "atk": 65, "def": 60, "spa": 130, "spd": 95, "spe": 110}, "stats": {"hp": 246, "atk": 114, "def": 149, "spa": 267, "spd": 208, "spe": 233}, "types": ["Psychic"]}, "Yanmega": {"name": "Yanmega", "species": "Yanmega", "speciesId": "yanmega", "gender": "M", "shiny": false, "level": 82, "moves": ["uturn", "airslash", "bugbuzz", "gigadrain"], "ability": "Tinted Lens", "evs": {"hp": 85, "atk": 85, "def": 85, "spa": 85, "spd": 85, "spe": 85}, "ivs": {"hp": 31, "atk": 31, "def": 31, "spa": 31, "spd": 31, "spe": 31}, "item": "Choice Specs", "teraType": "Bug", "role": "Wallbreaker", "bvs": {"hp": 86, "atk": 76, "def": 86, "spa": 116, "spd": 56, "spe": 95}, "stats": {"hp": 275, "atk": 172, "def": 188, "spa": 237, "spd": 139, "spe": 203}, "types": ["Bug", "Flying"]}}, {"Jirachi": {"name": "Jirachi", "species": "Jirachi", "speciesId": "jirachi", "gender": "N", "shiny": false, "level": 80, "moves": ["bodyslam", "drainpunch", "ironhead", "uturn"], "ability": "Serene Grace", "evs": {"hp": 85, "atk": 85, "def": 85, "spa": 85, "spd": 85, "spe": 85}, "ivs": {"hp": 31, "atk": 31, "def": 31, "spa": 31, "spd": 31, "spe": 31}, "item": "Assault Vest", "teraType": "Water", "role": "Bulky Attacker", "bvs": {"hp": 100, "atk": 100, "def": 100, "spa": 100, "spd": 100, "spe": 100}, "stats": {"hp": 291, "atk": 206, "def": 206, "spa": 206, "spd": 206, "spe": 206}, "types": ["Steel", "Psychic"]}, "Groudon": {"name": "Groudon", "species": "Groudon", "speciesId": "groudon", "gender": "N", "shiny": false, "level": 72, "moves": ["spikes", "roar", "heatcrash", "precipiceblades"], "ability": "Drought", "evs": {"hp": 85, "atk": 85, "def": 85, "spa": 85, "spd": 85, "spe": 85}, "ivs": {"hp": 31, "atk": 31, "def": 31, "spa": 31, "spd": 31, "spe": 31}, "item": "Leftovers", "teraType": "Fire", "role": "Bulky Attacker", "bvs": {"hp": 100, "atk": 150, "def": 140, "spa": 100, "spd": 90, "spe": 90}, "stats": {"hp": 263, "atk": 258, "def": 244, "spa": 186, "spd": 172, "spe": 172}, "types": ["Ground"]}, "Spidops": {"name": "Spidops", "species": "Spidops", "speciesId": "spidops", "gender": "F", "shiny": false, "level": 96, "moves": ["spikes", "circlethrow", "stickyweb", "knockoff"], "ability": "Stakeout", "evs": {"hp": 85, "atk": 85, "def": 85, "spa": 85, "spd": 85, "spe": 85}, "ivs": {"hp": 31, "atk": 31, "def": 31, "spa": 31, "spd": 31, "spe": 31}, "item": "Heavy-Duty Boots", "teraType": "Ghost", "role": "Bulky Support", "bvs": {"hp": 60, "atk": 79, "def": 92, "spa": 52, "spd": 86, "spe": 35}, "stats": {"hp": 271, "atk": 206, "def": 231, "spa": 154, "spd": 220, "spe": 122}, "types": ["Bug"]}, "Basculin": {"name": "Basculin", "species": "Basculin", "speciesId": "basculin", "gender": "F", "shiny": false, "level": 86, "moves": ["flipturn", "aquajet", "doubleedge", "wavecrash"], "ability": "Adaptability", "evs": {"hp": 85, "atk": 85, "def": 85, "spa": 85, "spd": 85, "spe": 85}, "ivs": {"hp": 31, "atk": 31, "def": 31, "spa": 31, "spd": 31, "spe": 31}, "item": "Choice Band", "teraType": "Water", "role": "Wallbreaker", "bvs": {"hp": 70, "atk": 92, "def": 65, "spa": 80, "spd": 55, "spe": 98}, "stats": {"hp": 261, "atk": 207, "def": 161, "spa": 187, "spd": 144, "spe": 218}, "types": ["Water"]}, "Mismagius": {"name": "Mismagius", "species": "Mismagius", "speciesId": "mismagius", "gender": "M", "shiny": false, "level": 86, "moves": ["nastyplot", "shadowball", "substitute", "terablast"], "ability": "Levitate", "evs": {"hp": 85, "atk": 0, "def": 85, "spa": 85, "spd": 85, "spe": 85}, "ivs": {"hp": 31, "atk": 0, "def": 31, "spa": 31, "spd": 31, "spe": 31}, "item": "Leftovers", "teraType": "Fighting", "role": "Tera Blast user", "bvs": {"hp": 60, "atk": 60, "def": 60, "spa": 105, "spd": 105, "spe": 105}, "stats": {"hp": 243, "atk": 108, "def": 152, "spa": 230, "spd": 230, "spe": 230}, "types": ["Ghost"]}, "Kingambit": {"name": "Kingambit", "species": "Kingambit", "speciesId": "kingambit", "gender": "F", "shiny": false, "level": 74, "moves": ["ironhead", "swordsdance", "suckerpunch", "kowtowcleave"], "ability": "Supreme Overlord", "evs": {"hp": 85, "atk": 85, "def": 85, "spa": 85, "spd": 85, "spe": 85}, "ivs": {"hp": 31, "atk": 31, "def": 31, "spa": 31, "spd": 31, "spe": 31}, "item": "Leftovers", "teraType": "Flying", "role": "Bulky Attacker", "bvs": {"hp": 100, "atk": 135, "def": 120, "spa": 60, "spd": 85, "spe": 50}, "stats": {"hp": 270, "atk": 243, "def": 221, "spa": 132, "spd": 169, "spe": 117}, "types": ["Dark", "Steel"]}}]}