{"id": "gen9randombattle-2641809036", "format": "[Gen 9] Random Battle", "players": ["toxic_manchild", "Zeratel"], "log": "|j|\u2606toxic_manchild\n|j|\u2606Zeratel\n|t:|1782844445\n|gametype|singles\n|player|p1|toxic_manchild|1|1339\n|player|p2|Zeratel|101|1360\n|gen|9\n|tier|[Gen 9] Random Battle\n|rated|\n|rule|Species Clause: Limit one of each Pok\u00e9mon\n|rule|HP Percentage Mod: HP is shown in percentages\n|rule|Sleep Clause Mod: Limit one foe put to sleep\n|rule|Illusion Level Mod: Illusion disguises the Pok\u00e9mon's true level\n|\n|t:|1782844445\n|teamsize|p1|6\n|teamsize|p2|6\n|start\n|switch|p1a: Plusle|Plusle, L95, M|268/268\n|switch|p2a: Scyther|Scyther, L82, M|249/249\n|turn|1\n|\n|t:|1782844459\n|move|p1a: Plusle|Thunderbolt|p2a: Scyther\n|-supereffective|p2a: Scyther\n|-damage|p2a: Scyther|0 fnt\n|faint|p2a: Scyther\n|-damage|p1a: Plusle|242/268|[from] item: Life Orb\n|\n|upkeep\n|inactive|Battle timer is ON: inactive players will automatically lose when time's up. (requested by Zeratel)\n|\n|t:|1782844465\n|switch|p2a: Raikou|Raikou, L81|278/278\n|-ability|p2a: Raikou|Pressure\n|turn|2\n|\n|t:|1782844472\n|move|p1a: Plusle|Nasty Plot|p1a: Plusle\n|-boost|p1a: Plusle|spa|2\n|move|p2a: Raikou|Calm Mind|p2a: Raikou\n|-boost|p2a: Raikou|spa|1\n|-boost|p2a: Raikou|spd|1\n|\n|upkeep\n|turn|3\n|\n|t:|1782844479\n|move|p1a: Plusle|Encore|p2a: Raikou\n|-start|p2a: Raikou|Encore\n|move|p2a: Raikou|Calm Mind|p2a: Raikou\n|-boost|p2a: Raikou|spa|1\n|-boost|p2a: Raikou|spd|1\n|\n|upkeep\n|turn|4\n|\n|t:|1782844484\n|switch|p1a: Calyrex|Calyrex-Ice, L72|263/263\n|-ability|p1a: Calyrex|As One\n|-ability|p1a: Calyrex|Unnerve\n|move|p2a: Raikou|Calm Mind|p2a: Raikou\n|-boost|p2a: Raikou|spa|1\n|-boost|p2a: Raikou|spd|1\n|\n|upkeep\n|turn|5\n|\n|t:|1782844495\n|move|p2a: Raikou|Calm Mind|p2a: Raikou\n|-boost|p2a: Raikou|spa|1\n|-boost|p2a: Raikou|spd|1\n|move|p1a: Calyrex|Trick Room|p1a: Calyrex\n|-fieldstart|move: Trick Room|[of] p1a: Calyrex\n|\n|-end|p2a: Raikou|Encore\n|upkeep\n|turn|6\n|\n|t:|1782844503\n|move|p1a: Calyrex|High Horsepower|p2a: Raikou\n|-supereffective|p2a: Raikou\n|-damage|p2a: Raikou|102/278\n|move|p2a: Raikou|Thunderbolt|p1a: Calyrex\n|-damage|p1a: Calyrex|0 fnt\n|faint|p1a: Calyrex\n|\n|-heal|p2a: Raikou|119/278|[from] item: Leftovers\n|upkeep\n|\n|t:|1782844518\n|switch|p1a: Appletun|Appletun, L92, F|352/352\n|turn|7\n|\n|t:|1782844525\n|move|p2a: Raikou|Thunderbolt|p1a: Appletun\n|-resisted|p1a: Appletun\n|-damage|p1a: Appletun|276/352\n|move|p1a: Appletun|Dragon Tail|p2a: Raikou|[miss]\n|-miss|p1a: Appletun|p2a: Raikou\n|\n|-heal|p1a: Appletun|298/352|[from] item: Leftovers\n|-heal|p2a: Raikou|136/278|[from] item: Leftovers\n|upkeep\n|turn|8\n|\n|t:|1782844534\n|move|p2a: Raikou|Scald|p1a: Appletun\n|-resisted|p1a: Appletun\n|-damage|p1a: Appletun|251/352\n|-status|p1a: Appletun|brn\n|move|p1a: Appletun|Dragon Tail|p2a: Raikou\n|-damage|p2a: Raikou|98/278\n|drag|p2a: Revavroom|Revavroom, L79, M|256/256\n|\n|-heal|p1a: Appletun|273/352 brn|[from] item: Leftovers\n|-damage|p1a: Appletun|251/352 brn|[from] brn\n|upkeep\n|turn|9\n|\n|t:|1782844545\n|switch|p1a: Necrozma|Necrozma-Dusk-Mane, L69|248/248\n|move|p2a: Revavroom|Gunk Shot|p1a: Necrozma\n|-immune|p1a: Necrozma\n|\n|-fieldend|move: Trick Room\n|upkeep\n|turn|10\n|\n|t:|1782844553\n|move|p2a: Revavroom|High Horsepower|p1a: Necrozma\n|-supereffective|p1a: Necrozma\n|-damage|p1a: Necrozma|131/248\n|-enditem|p1a: Necrozma|Weakness Policy\n|-boost|p1a: Necrozma|atk|2|[from] item: Weakness Policy\n|-boost|p1a: Necrozma|spa|2|[from] item: Weakness Policy\n|-damage|p2a: Revavroom|231/256|[from] item: Life Orb\n|move|p1a: Necrozma|Dragon Dance|p1a: Necrozma\n|-boost|p1a: Necrozma|atk|1\n|-boost|p1a: Necrozma|spe|1\n|\n|upkeep\n|turn|11\n|\n|t:|1782844565\n|move|p1a: Necrozma|Earthquake|p2a: Revavroom\n|-supereffective|p2a: Revavroom\n|-damage|p2a: Revavroom|0 fnt\n|faint|p2a: Revavroom\n|\n|upkeep\n|\n|t:|1782844570\n|switch|p2a: Honchkrow|Honchkrow, L86, F|312/312\n|turn|12\n|\n|t:|1782844584\n|move|p1a: Necrozma|Sunsteel Strike|p2a: Honchkrow\n|-damage|p2a: Honchkrow|0 fnt\n|faint|p2a: Honchkrow\n|\n|upkeep\n|\n|t:|1782844591\n|switch|p2a: Virizion|Virizion, L82|283/283\n|turn|13\n|\n|t:|1782844616\n|move|p2a: Virizion|Close Combat|p1a: Necrozma\n|-damage|p1a: Necrozma|0 fnt\n|-unboost|p2a: Virizion|def|1\n|-unboost|p2a: Virizion|spd|1\n|faint|p1a: Necrozma\n|-damage|p2a: Virizion|255/283|[from] item: Life Orb\n|\n|upkeep\n|\n|t:|1782844625\n|switch|p1a: Plusle|Plusle, L95, M|242/268\n|turn|14\n|\n|t:|1782844642\n|move|p1a: Plusle|Nasty Plot|p1a: Plusle\n|-boost|p1a: Plusle|spa|2\n|move|p2a: Virizion|Leaf Blade|p1a: Plusle\n|-damage|p1a: Plusle|65/268\n|-damage|p2a: Virizion|227/283|[from] item: Life Orb\n|\n|upkeep\n|turn|15\n|\n|t:|1782844653\n|move|p1a: Plusle|Thunderbolt|p2a: Virizion\n|-resisted|p2a: Virizion\n|-damage|p2a: Virizion|58/283\n|-damage|p1a: Plusle|39/268|[from] item: Life Orb\n|move|p2a: Virizion|Leaf Blade|p1a: Plusle\n|-damage|p1a: Plusle|0 fnt\n|faint|p1a: Plusle\n|-damage|p2a: Virizion|30/283|[from] item: Life Orb\n|\n|upkeep\n|inactive|toxic_manchild has 120 seconds left.\n|c|\u2606Zeratel|im waiting\n|\n|t:|1782844693\n|switch|p1a: Flutter Mane|Flutter Mane, L74|203/203\n|turn|16\n|\n|t:|1782844700\n|move|p1a: Flutter Mane|Moonblast|p2a: Virizion\n|-supereffective|p2a: Virizion\n|-damage|p2a: Virizion|0 fnt\n|faint|p2a: Virizion\n|\n|upkeep\n|\n|t:|1782844706\n|switch|p2a: Raikou|Raikou, L81|98/278\n|-ability|p2a: Raikou|Pressure\n|turn|17\n|\n|t:|1782844715\n|move|p1a: Flutter Mane|Moonblast|p2a: Raikou\n|-damage|p2a: Raikou|0 fnt\n|faint|p2a: Raikou\n|\n|upkeep\n|\n|t:|1782844720\n|switch|p2a: Maushold|Maushold, L76|238/238\n|turn|18\n|inactive|toxic_manchild has 120 seconds left.\n|\n|t:|1782844733\n|move|p1a: Flutter Mane|Moonblast|p2a: Maushold\n|-damage|p2a: Maushold|52/238\n|-unboost|p2a: Maushold|spa|1\n|move|p2a: Maushold|Tidy Up|p2a: Maushold\n|-boost|p2a: Maushold|atk|1\n|-boost|p2a: Maushold|spe|1\n|\n|upkeep\n|turn|19\n|\n|t:|1782844742\n|move|p2a: Maushold|Bite|p1a: Flutter Mane\n|-damage|p1a: Flutter Mane|100/203\n|move|p1a: Flutter Mane|Moonblast|p2a: Maushold\n|-damage|p2a: Maushold|0 fnt\n|faint|p2a: Maushold\n|\n|win|toxic_manchild\n|raw|toxic_manchild's rating: 1339 &rarr; <strong>1360</strong><br />(+21 for winning)\n|raw|Zeratel's rating: 1360 &rarr; <strong>1339</strong><br />(-21 for losing)\n", "inputlog": ">version f8ac14003a5f27e1bdc8d8c59608a773c1cb96e5\n>start {\"formatid\":\"gen9randombattle\",\"seed\":\"sodium,0b99aa2f469b3309c8da3654f380334a\",\"rated\":\"Rated battle\"}\n>player p1 {\"name\":\"toxic_manchild\",\"avatar\":\"1\",\"rating\":1339,\"seed\":\"sodium,282da388a04be155d6768d65b0bf0eec\"}\n>player p2 {\"name\":\"Zeratel\",\"avatar\":\"101\",\"rating\":1360,\"seed\":\"sodium,c552dd2918d3fa9e88c32c05829d91bd\"}\n>p1 move thunderbolt\n>p2 move closecombat\n>p2 switch 5\n>p1 move nastyplot\n>p2 move calmmind\n>p1 move encore\n>p2 move substitute\n>p1 switch 3\n>p2 move calmmind\n>p1 move trickroom\n>p2 move calmmind\n>p1 move highhorsepower\n>p2 move thunderbolt\n>p1 switch 5\n>p1 move dragontail\n>p2 move thunderbolt\n>p1 move dragontail\n>p2 move scald\n>p1 switch 6\n>p2 move gunkshot\n>p1 move dragondance\n>p2 move highhorsepower\n>p1 move earthquake\n>p2 move highhorsepower\n>p2 switch 4\n>p1 move sunsteelstrike\n>p2 move heatwave\n>p2 switch 3\n>p1 move sunsteelstrike\n>p2 move closecombat\n>p1 switch 3\n>p1 move nastyplot\n>p2 move leafblade\n>p1 move thunderbolt\n>p2 move leafblade\n>chat \u2606Zeratel|im waiting\n>p1 switch 4\n>p1 move moonblast\n>p2 move stoneedge\n>p2 switch 2\n>p1 move moonblast\n>p2 move substitute\n>p2 switch 6\n>p1 move moonblast\n>p2 move tidyup\n>p1 move moonblast\n>p2 move bite", "uploadtime": 1782844745, "views": 5, "formatid": "gen9randombattle", "rating": 1339, "private": 0, "password": null, "player_dets": [{"name": "toxic_manchild", "avatar": "1", "rating": 1339, "seed": "sodium,282da388a04be155d6768d65b0bf0eec"}, {"name": "Zeratel", "avatar": "101", "rating": 1360, "seed": "sodium,c552dd2918d3fa9e88c32c05829d91bd"}], "teams_full": [{"Plusle": {"name": "Plusle", "species": "Plusle", "speciesId": "plusle", "gender": "M", "shiny": false, "level": 95, "moves": ["encore", "nastyplot", "thunderbolt", "grassknot"], "ability": "Lightning Rod", "evs": {"hp": 85, "atk": 0, "def": 85, "spa": 85, "spd": 85, "spe": 85}, "ivs": {"hp": 31, "atk": 0, "def": 31, "spa": 31, "spd": 31, "spe": 31}, "item": "Life Orb", "teraType": "Grass", "role": "Setup Sweeper", "bvs": {"hp": 60, "atk": 50, "def": 40, "spa": 85, "spd": 75, "spe": 95}, "stats": {"hp": 268, "atk": 100, "def": 130, "spa": 215, "spd": 196, "spe": 234}, "types": ["Electric"]}, "Poliwrath": {"name": "Poliwrath", "species": "Poliwrath", "speciesId": "poliwrath", "gender": "M", "shiny": false, "level": 88, "moves": ["bulkup", "drainpunch", "liquidation", "icepunch"], "ability": "Water Absorb", "evs": {"hp": 85, "atk": 85, "def": 85, "spa": 85, "spd": 85, "spe": 85}, "ivs": {"hp": 31, "atk": 31, "def": 31, "spa": 31, "spd": 31, "spe": 31}, "item": "Leftovers", "teraType": "Fighting", "role": "Bulky Setup", "bvs": {"hp": 90, "atk": 95, "def": 95, "spa": 70, "spd": 90, "spe": 70}, "stats": {"hp": 302, "atk": 217, "def": 217, "spa": 173, "spd": 209, "spe": 173}, "types": ["Water", "Fighting"]}, "Calyrex": {"name": "Calyrex", "species": "Calyrex-Ice", "speciesId": "calyrexice", "gender": "N", "shiny": false, "level": 72, "moves": ["trickroom", "highhorsepower", "closecombat", "glaciallance"], "ability": "As One (Glastrier)", "evs": {"hp": 85, "atk": 85, "def": 85, "spa": 85, "spd": 85, "spe": 0}, "ivs": {"hp": 31, "atk": 31, "def": 31, "spa": 31, "spd": 31, "spe": 0}, "item": "Heavy-Duty Boots", "teraType": "Fighting", "role": "Wallbreaker", "bvs": {"hp": 100, "atk": 165, "def": 150, "spa": 85, "spd": 130, "spe": 50}, "stats": {"hp": 263, "atk": 280, "def": 258, "spa": 164, "spd": 229, "spe": 77}, "types": ["Psychic", "Ice"]}, "Flutter Mane": {"name": "Flutter Mane", "species": "Flutter Mane", "speciesId": "fluttermane", "gender": "N", "shiny": false, "level": 74, "moves": ["thunderbolt", "psyshock", "moonblast", "shadowball"], "ability": "Protosynthesis", "evs": {"hp": 85, "atk": 0, "def": 85, "spa": 85, "spd": 85, "spe": 85}, "ivs": {"hp": 31, "atk": 0, "def": 31, "spa": 31, "spd": 31, "spe": 31}, "item": "Choice Specs", "teraType": "Fairy", "role": "Wallbreaker", "bvs": {"hp": 55, "atk": 55, "def": 55, "spa": 135, "spd": 135, "spe": 135}, "stats": {"hp": 203, "atk": 86, "def": 124, "spa": 243, "spd": 243, "spe": 243}, "types": ["Ghost", "Fairy"]}, "Appletun": {"name": "Appletun", "species": "Appletun", "speciesId": "appletun", "gender": "F", "shiny": false, "level": 92, "moves": ["appleacid", "dragontail", "dracometeor", "recover"], "ability": "Thick Fat", "evs": {"hp": 85, "atk": 85, "def": 85, "spa": 85, "spd": 85, "spe": 85}, "ivs": {"hp": 31, "atk": 31, "def": 31, "spa": 31, "spd": 31, "spe": 31}, "item": "Leftovers", "teraType": "Steel", "role": "Bulky Attacker", "bvs": {"hp": 110, "atk": 85, "def": 80, "spa": 100, "spd": 80, "spe": 30}, "stats": {"hp": 352, "atk": 209, "def": 200, "spa": 236, "spd": 200, "spe": 108}, "types": ["Grass", "Dragon"]}, "Necrozma": {"name": "Necrozma", "species": "Necrozma-Dusk-Mane", "speciesId": "necrozmaduskmane", "gender": "N", "shiny": false, "level": 69, "moves": ["morningsun", "sunsteelstrike", "dragondance", "earthquake"], "ability": "Prism Armor", "evs": {"hp": 85, "atk": 85, "def": 85, "spa": 85, "spd": 85, "spe": 85}, "ivs": {"hp": 31, "atk": 31, "def": 31, "spa": 31, "spd": 31, "spe": 31}, "item": "Weakness Policy", "teraType": "Steel", "role": "Bulky Setup", "bvs": {"hp": 97, "atk": 157, "def": 127, "spa": 113, "spd": 109, "spe": 77}, "stats": {"hp": 248, "atk": 257, "def": 216, "spa": 196, "spd": 191, "spe": 147}, "types": ["Psychic", "Steel"]}}, {"Scyther": {"name": "Scyther", "species": "Scyther", "speciesId": "scyther", "gender": "M", "shiny": false, "level": 82, "moves": ["defog", "closecombat", "dualwingbeat", "uturn"], "ability": "Technician", "evs": {"hp": 85, "atk": 85, "def": 85, "spa": 85, "spd": 85, "spe": 85}, "ivs": {"hp": 31, "atk": 31, "def": 31, "spa": 31, "spd": 31, "spe": 31}, "item": "Heavy-Duty Boots", "teraType": "Fighting", "role": "Fast Support", "bvs": {"hp": 70, "atk": 110, "def": 80, "spa": 55, "spd": 80, "spe": 105}, "stats": {"hp": 249, "atk": 228, "def": 178, "spa": 137, "spd": 178, "spe": 219}, "types": ["Bug", "Flying"]}, "Revavroom": {"name": "Revavroom", "species": "Revavroom", "speciesId": "revavroom", "gender": "M", "shiny": false, "level": 79, "moves": ["highhorsepower", "gunkshot", "ironhead", "shiftgear"], "ability": "Filter", "evs": {"hp": 85, "atk": 85, "def": 85, "spa": 85, "spd": 85, "spe": 85}, "ivs": {"hp": 31, "atk": 31, "def": 31, "spa": 31, "spd": 31, "spe": 31}, "item": "Life Orb", "teraType": "Ground", "role": "Fast Attacker", "bvs": {"hp": 80, "atk": 119, "def": 90, "spa": 54, "spd": 67, "spe": 90}, "stats": {"hp": 256, "atk": 234, "def": 188, "spa": 131, "spd": 151, "spe": 188}, "types": ["Steel", "Poison"]}, "Virizion": {"name": "Virizion", "species": "Virizion", "speciesId": "virizion", "gender": "N", "shiny": false, "level": 82, "moves": ["swordsdance", "closecombat", "leafblade", "stoneedge"], "ability": "Justified", "evs": {"hp": 85, "atk": 85, "def": 85, "spa": 85, "spd": 85, "spe": 85}, "ivs": {"hp": 31, "atk": 31, "def": 31, "spa": 31, "spd": 31, "spe": 31}, "item": "Life Orb", "teraType": "Rock", "role": "Setup Sweeper", "bvs": {"hp": 91, "atk": 90, "def": 72, "spa": 90, "spd": 129, "spe": 108}, "stats": {"hp": 283, "atk": 195, "def": 165, "spa": 195, "spd": 259, "spe": 224}, "types": ["Grass", "Fighting"]}, "Honchkrow": {"name": "Honchkrow", "species": "Honchkrow", "speciesId": "honchkrow", "gender": "F", "shiny": false, "level": 86, "moves": ["uturn", "bravebird", "suckerpunch", "heatwave"], "ability": "Moxie", "evs": {"hp": 85, "atk": 85, "def": 85, "spa": 85, "spd": 85, "spe": 85}, "ivs": {"hp": 31, "atk": 31, "def": 31, "spa": 31, "spd": 31, "spe": 31}, "item": "Heavy-Duty Boots", "teraType": "Flying", "role": "Fast Attacker", "bvs": {"hp": 100, "atk": 125, "def": 52, "spa": 105, "spd": 52, "spe": 71}, "stats": {"hp": 312, "atk": 264, "def": 139, "spa": 230, "spd": 139, "spe": 171}, "types": ["Dark", "Flying"]}, "Raikou": {"name": "Raikou", "species": "Raikou", "speciesId": "raikou", "gender": "N", "shiny": false, "level": 81, "moves": ["scald", "substitute", "calmmind", "thunderbolt"], "ability": "Pressure", "evs": {"hp": 85, "atk": 0, "def": 85, "spa": 85, "spd": 85, "spe": 85}, "ivs": {"hp": 31, "atk": 0, "def": 31, "spa": 31, "spd": 31, "spe": 31}, "item": "Leftovers", "teraType": "Water", "role": "Bulky Setup", "bvs": {"hp": 90, "atk": 85, "def": 75, "spa": 115, "spd": 100, "spe": 115}, "stats": {"hp": 278, "atk": 142, "def": 168, "spa": 233, "spd": 209, "spe": 233}, "types": ["Electric"]}, "Maushold": {"name": "Maushold", "species": "Maushold", "speciesId": "maushold", "gender": "N", "shiny": false, "level": 76, "moves": ["bite", "populationbomb", "tidyup", "encore"], "ability": "Technician", "evs": {"hp": 85, "atk": 85, "def": 85, "spa": 85, "spd": 85, "spe": 85}, "ivs": {"hp": 31, "atk": 31, "def": 31, "spa": 31, "spd": 31, "spe": 31}, "item": "Wide Lens", "teraType": "Ghost", "role": "Setup Sweeper", "bvs": {"hp": 74, "atk": 75, "def": 70, "spa": 65, "spd": 75, "spe": 111}, "stats": {"hp": 238, "atk": 158, "def": 150, "spa": 143, "spd": 158, "spe": 213}, "types": ["Normal"]}}]}