{"id": "gen9randombattle-2641437608", "format": "[Gen 9] Random Battle", "players": ["the egg dude", "mr012"], "log": "|j|\u2606the egg dude\n|j|\u2606mr012\n|t:|1782784714\n|gametype|singles\n|player|p1|the egg dude|urbain|1911\n|player|p2|mr012|169|1971\n|gen|9\n|tier|[Gen 9] Random Battle\n|rated|\n|rule|Species Clause: Limit one of each Pok\u00e9mon\n|rule|HP Percentage Mod: HP is shown in percentages\n|rule|Sleep Clause Mod: Limit one foe put to sleep\n|rule|Illusion Level Mod: Illusion disguises the Pok\u00e9mon's true level\n|\n|t:|1782784714\n|teamsize|p1|6\n|teamsize|p2|6\n|start\n|switch|p1a: Veluza|Veluza, L85, M|292/292\n|switch|p2a: Porygon-Z|Porygon-Z, L83|277/277\n|turn|1\n|inactive|Battle timer is ON: inactive players will automatically lose when time's up. (requested by the egg dude)\n|c|\u2606the egg dude|glhf\n|\n|t:|1782784726\n|switch|p1a: Tinkaton|Tinkaton, L82, F|274/274\n|-ability|p1a: Tinkaton|Mold Breaker\n|move|p2a: Porygon-Z|Thunderbolt|p1a: Tinkaton\n|-damage|p1a: Tinkaton|206/274\n|\n|-heal|p1a: Tinkaton|223/274|[from] item: Leftovers\n|upkeep\n|turn|2\n|\n|t:|1782784736\n|switch|p2a: Corviknight|Corviknight, L80, M|288/288\n|move|p1a: Tinkaton|Swords Dance|p1a: Tinkaton\n|-boost|p1a: Tinkaton|atk|2\n|\n|-heal|p1a: Tinkaton|240/274|[from] item: Leftovers\n|upkeep\n|turn|3\n|\n|t:|1782784746\n|move|p1a: Tinkaton|Swords Dance|p1a: Tinkaton\n|-boost|p1a: Tinkaton|atk|2\n|move|p2a: Corviknight|U-turn|p1a: Tinkaton\n|-resisted|p1a: Tinkaton\n|-damage|p1a: Tinkaton|228/274\n|\n|t:|1782784748\n|switch|p2a: Plusle|Plusle, L95, M|268/268|[from] U-turn\n|\n|-heal|p1a: Tinkaton|245/274|[from] item: Leftovers\n|upkeep\n|turn|4\n|\n|t:|1782784754\n|switch|p1a: Mesprit|Mesprit, L85|275/275\n|move|p2a: Plusle|Encore||[still]\n|-fail|p2a: Plusle\n|\n|upkeep\n|turn|5\n|\n|t:|1782784760\n|switch|p2a: Leavanny|Leavanny, L86, M|269/269\n|move|p1a: Mesprit|Knock Off|p2a: Leavanny\n|-damage|p2a: Leavanny|183/269\n|-enditem|p2a: Leavanny|Heavy-Duty Boots|[from] move: Knock Off|[of] p1a: Mesprit\n|\n|upkeep\n|turn|6\n|\n|t:|1782784763\n|move|p2a: Leavanny|Sticky Web|p1a: Mesprit\n|-sidestart|p1: the egg dude|move: Sticky Web\n|move|p1a: Mesprit|U-turn|p2a: Leavanny\n|-supereffective|p2a: Leavanny\n|-damage|p2a: Leavanny|69/269\n|\n|t:|1782784778\n|switch|p1a: Orthworm|Orthworm, L88, F|266/266|[from] U-turn\n|-activate|p1a: Orthworm|move: Sticky Web\n|-unboost|p1a: Orthworm|spe|1\n|\n|upkeep\n|turn|7\n|\n|t:|1782784783\n|move|p2a: Leavanny|Knock Off|p1a: Orthworm\n|-damage|p1a: Orthworm|219/266\n|-enditem|p1a: Orthworm|Leftovers|[from] move: Knock Off|[of] p2a: Leavanny\n|move|p1a: Orthworm|Stealth Rock|p2a: Leavanny\n|-sidestart|p2: mr012|move: Stealth Rock\n|\n|upkeep\n|turn|8\n|\n|t:|1782784789\n|move|p2a: Leavanny|Lunge|p1a: Orthworm\n|-resisted|p1a: Orthworm\n|-damage|p1a: Orthworm|176/266\n|-unboost|p1a: Orthworm|atk|1\n|move|p1a: Orthworm|Shed Tail|p1a: Orthworm\n|-start|p1a: Orthworm|Substitute|[from] move: Shed Tail\n|-damage|p1a: Orthworm|43/266\n|\n|t:|1782784793\n|switch|p1a: Volcarona|Volcarona, L77, M|257/257|[from] Shed Tail\n|\n|upkeep\n|turn|9\n|\n|t:|1782784798\n|move|p2a: Leavanny|Knock Off|p1a: Volcarona\n|-end|p1a: Volcarona|Substitute\n|move|p1a: Volcarona|Quiver Dance|p1a: Volcarona\n|-boost|p1a: Volcarona|spa|1\n|-boost|p1a: Volcarona|spd|1\n|-boost|p1a: Volcarona|spe|1\n|\n|upkeep\n|turn|10\n|\n|t:|1782784804\n|move|p1a: Volcarona|Quiver Dance|p1a: Volcarona\n|-boost|p1a: Volcarona|spa|1\n|-boost|p1a: Volcarona|spd|1\n|-boost|p1a: Volcarona|spe|1\n|move|p2a: Leavanny|Knock Off|p1a: Volcarona\n|-damage|p1a: Volcarona|150/257\n|-status|p2a: Leavanny|brn|[from] ability: Flame Body|[of] p1a: Volcarona\n|-enditem|p1a: Volcarona|Heavy-Duty Boots|[from] move: Knock Off|[of] p2a: Leavanny\n|\n|-damage|p2a: Leavanny|53/269 brn|[from] brn\n|upkeep\n|turn|11\n|\n|t:|1782784810\n|move|p1a: Volcarona|Quiver Dance|p1a: Volcarona\n|-boost|p1a: Volcarona|spa|1\n|-boost|p1a: Volcarona|spd|1\n|-boost|p1a: Volcarona|spe|1\n|move|p2a: Leavanny|Knock Off|p1a: Volcarona\n|-damage|p1a: Volcarona|113/257\n|\n|-damage|p2a: Leavanny|37/269 brn|[from] brn\n|upkeep\n|turn|12\n|\n|t:|1782784811\n|move|p1a: Volcarona|Bug Buzz|p2a: Leavanny\n|-supereffective|p2a: Leavanny\n|-damage|p2a: Leavanny|0 fnt\n|faint|p2a: Leavanny\n|\n|upkeep\n|\n|t:|1782784816\n|switch|p2a: Komala|Komala, L88, F|258/258\n|-damage|p2a: Komala|226/258|[from] Stealth Rock\n|-ability|p2a: Komala|Comatose\n|turn|13\n|\n|t:|1782784841\n|switch|p1a: Orthworm|Orthworm, L88, F|43/266\n|-activate|p1a: Orthworm|move: Sticky Web\n|-unboost|p1a: Orthworm|spe|1\n|move|p2a: Komala|Body Slam|p1a: Orthworm\n|-resisted|p1a: Orthworm\n|-damage|p1a: Orthworm|6/266\n|\n|upkeep\n|turn|14\n|\n|t:|1782784846\n|move|p2a: Komala|Rapid Spin|p1a: Orthworm\n|-resisted|p1a: Orthworm\n|-damage|p1a: Orthworm|0 fnt\n|-boost|p2a: Komala|spe|1\n|-sideend|p2: mr012|Stealth Rock|[from] move: Rapid Spin|[of] p2a: Komala\n|faint|p1a: Orthworm\n|\n|upkeep\n|\n|t:|1782784849\n|switch|p1a: Mesprit|Mesprit, L85|275/275\n|turn|15\n|\n|t:|1782784851\n|move|p2a: Komala|Knock Off|p1a: Mesprit\n|-supereffective|p1a: Mesprit\n|-crit|p1a: Mesprit\n|-damage|p1a: Mesprit|35/275\n|-enditem|p1a: Mesprit|Leftovers|[from] move: Knock Off|[of] p2a: Komala\n|move|p1a: Mesprit|Knock Off|p2a: Komala\n|-damage|p2a: Komala|143/258\n|-enditem|p2a: Komala|Assault Vest|[from] move: Knock Off|[of] p1a: Mesprit\n|\n|upkeep\n|turn|16\n|\n|t:|1782784855\n|move|p2a: Komala|Body Slam|p1a: Mesprit\n|-damage|p1a: Mesprit|0 fnt\n|faint|p1a: Mesprit\n|\n|upkeep\n|\n|t:|1782784862\n|switch|p1a: Tinkaton|Tinkaton, L82, F|245/274\n|-activate|p1a: Tinkaton|move: Sticky Web\n|-unboost|p1a: Tinkaton|spe|1\n|-ability|p1a: Tinkaton|Mold Breaker\n|turn|17\n|\n|t:|1782784866\n|switch|p1a: Volcarona|Volcarona, L77, M|113/257\n|-activate|p1a: Volcarona|move: Sticky Web\n|-unboost|p1a: Volcarona|spe|1\n|move|p2a: Komala|Knock Off|p1a: Volcarona\n|-damage|p1a: Volcarona|39/257\n|\n|upkeep\n|turn|18\n|\n|t:|1782784871\n|switch|p1a: Tinkaton|Tinkaton, L82, F|245/274\n|-activate|p1a: Tinkaton|move: Sticky Web\n|-unboost|p1a: Tinkaton|spe|1\n|-ability|p1a: Tinkaton|Mold Breaker\n|move|p2a: Komala|Body Slam|p1a: Tinkaton\n|-resisted|p1a: Tinkaton\n|-damage|p1a: Tinkaton|176/274\n|\n|-heal|p1a: Tinkaton|193/274|[from] item: Leftovers\n|upkeep\n|turn|19\n|\n|t:|1782784873\n|move|p2a: Komala|Knock Off|p1a: Tinkaton\n|-resisted|p1a: Tinkaton\n|-damage|p1a: Tinkaton|142/274\n|-enditem|p1a: Tinkaton|Leftovers|[from] move: Knock Off|[of] p2a: Komala\n|move|p1a: Tinkaton|Gigaton Hammer|p2a: Komala\n|-damage|p2a: Komala|0 fnt\n|faint|p2a: Komala\n|\n|upkeep\n|\n|t:|1782784890\n|switch|p2a: Corviknight|Corviknight, L80, M|288/288\n|turn|20\n|\n|t:|1782784898\n|move|p2a: Corviknight|Body Press|p1a: Tinkaton\n|-damage|p1a: Tinkaton|75/274\n|move|p1a: Tinkaton|Play Rough|p2a: Corviknight\n|-resisted|p2a: Corviknight\n|-damage|p2a: Corviknight|252/288\n|-unboost|p2a: Corviknight|atk|1\n|\n|-heal|p2a: Corviknight|270/288|[from] item: Leftovers\n|upkeep\n|turn|21\n|\n|t:|1782784904\n|move|p2a: Corviknight|Body Press|p1a: Tinkaton\n|-damage|p1a: Tinkaton|15/274\n|move|p1a: Tinkaton|Gigaton Hammer|p2a: Corviknight\n|-resisted|p2a: Corviknight\n|-crit|p2a: Corviknight\n|-damage|p2a: Corviknight|179/288\n|\n|-heal|p2a: Corviknight|197/288|[from] item: Leftovers\n|upkeep\n|turn|22\n|\n|t:|1782784907\n|move|p2a: Corviknight|U-turn|p1a: Tinkaton\n|-resisted|p1a: Tinkaton\n|-damage|p1a: Tinkaton|7/274\n|\n|t:|1782784912\n|switch|p2a: Porygon-Z|Porygon-Z, L83|277/277|[from] U-turn\n|move|p1a: Tinkaton|Play Rough|p2a: Porygon-Z\n|-damage|p2a: Porygon-Z|189/277\n|\n|upkeep\n|turn|23\n|\n|t:|1782784919\n|move|p2a: Porygon-Z|Tri Attack|p1a: Tinkaton\n|-resisted|p1a: Tinkaton\n|-damage|p1a: Tinkaton|0 fnt\n|faint|p1a: Tinkaton\n|\n|upkeep\n|\n|t:|1782784924\n|switch|p1a: Venomoth|Venomoth, L84, F|255/255\n|turn|24\n|\n|t:|1782784929\n|move|p2a: Porygon-Z|Tri Attack|p1a: Venomoth\n|-damage|p1a: Venomoth|89/255\n|move|p1a: Venomoth|Quiver Dance|p1a: Venomoth\n|-boost|p1a: Venomoth|spa|1\n|-boost|p1a: Venomoth|spd|1\n|-boost|p1a: Venomoth|spe|1\n|\n|upkeep\n|turn|25\n|\n|t:|1782784934\n|move|p1a: Venomoth|Sludge Wave|p2a: Porygon-Z\n|-damage|p2a: Porygon-Z|38/277\n|move|p2a: Porygon-Z|Tri Attack|p1a: Venomoth\n|-crit|p1a: Venomoth\n|-damage|p1a: Venomoth|0 fnt\n|faint|p1a: Venomoth\n|\n|upkeep\n|\n|t:|1782784944\n|switch|p1a: Veluza|Veluza, L85, M|292/292\n|-activate|p1a: Veluza|move: Sticky Web\n|-unboost|p1a: Veluza|spe|1\n|turn|26\n|\n|t:|1782784950\n|move|p2a: Porygon-Z|Tri Attack|p1a: Veluza\n|-damage|p1a: Veluza|102/292\n|-enditem|p1a: Veluza|Sitrus Berry|[eat]\n|-heal|p1a: Veluza|175/292|[from] item: Sitrus Berry\n|move|p1a: Veluza|Fillet Away|p1a: Veluza\n|-boost|p1a: Veluza|atk|2\n|-boost|p1a: Veluza|spa|2\n|-boost|p1a: Veluza|spe|2\n|-damage|p1a: Veluza|29/292\n|\n|upkeep\n|turn|27\n|c|\u2606the egg dude|gg\n|\n|t:|1782784959\n|move|p2a: Porygon-Z|Tri Attack|p1a: Veluza\n|-damage|p1a: Veluza|0 fnt\n|faint|p1a: Veluza\n|\n|upkeep\n|\n|t:|1782784960\n|switch|p1a: Volcarona|Volcarona, L77, M|39/257\n|-activate|p1a: Volcarona|move: Sticky Web\n|-unboost|p1a: Volcarona|spe|1\n|turn|28\n|\n|t:|1782784966\n|move|p2a: Porygon-Z|Tri Attack|p1a: Volcarona\n|-damage|p1a: Volcarona|0 fnt\n|faint|p1a: Volcarona\n|\n|win|mr012\n", "inputlog": ">version f8ac14003a5f27e1bdc8d8c59608a773c1cb96e5\n>start {\"formatid\":\"gen9randombattle\",\"seed\":\"sodium,d182767939a71b431e29f33bfcf3823f\",\"rated\":\"Rated battle\"}\n>player p1 {\"name\":\"the egg dude\",\"avatar\":\"urbain\",\"rating\":1911,\"seed\":\"sodium,3c05d61539d70ebec667252caad0c01b\"}\n>player p2 {\"name\":\"mr012\",\"avatar\":\"169\",\"rating\":1971,\"seed\":\"sodium,974e3c110f69445b796ef006a52f4dcd\"}\n>chat \u2606the egg dude|glhf\n>p1 switch 3\n>p2 move thunderbolt\n>p1 move swordsdance\n>p2 switch 5\n>p1 move swordsdance\n>p2 move uturn\n>p2 switch 6\n>p1 switch 5\n>p2 move encore\n>p1 move knockoff\n>p2 switch 3\n>p1 move uturn\n>p2 move stickyweb\n>p1 switch 4\n>p1 move stealthrock\n>p2 move knockoff\n>p1 move shedtail\n>p2 move lunge\n>p1 switch 2\n>p1 move quiverdance\n>p2 move knockoff\n>p1 move quiverdance\n>p2 move knockoff\n>p1 move quiverdance\n>p2 move knockoff\n>p1 move bugbuzz\n>p2 move knockoff\n>p2 switch 2\n>p1 switch 2\n>p2 move bodyslam\n>p1 move heavyslam\n>p2 move rapidspin\n>p1 switch 4\n>p1 move knockoff\n>p2 move knockoff\n>p1 move psychicnoise\n>p2 move bodyslam\n>p1 switch 5\n>p1 switch 2\n>p2 move knockoff\n>p1 switch 2\n>p2 move bodyslam\n>p1 move gigatonhammer\n>p2 move knockoff\n>p2 switch 6\n>p1 move playrough\n>p2 move bodypress\n>p1 move gigatonhammer\n>p2 move bodypress\n>p1 move playrough\n>p2 move uturn\n>p2 switch 5\n>p1 move gigatonhammer\n>p2 move triattack\n>p1 switch 6\n>p1 move quiverdance\n>p2 move triattack\n>p1 move sludgewave\n>p2 move triattack\n>p1 switch 3\n>p1 move filletaway\n>p2 move triattack\n>chat \u2606the egg dude|gg\n>p1 move aquacutter\n>p2 move triattack\n>p1 switch 2\n>p1 move morningsun\n>p2 move triattack", "uploadtime": 1782784716, "views": 7, "formatid": "gen9randombattle", "rating": null, "private": 0, "password": null, "player_dets": [{"name": "the egg dude", "avatar": "urbain", "rating": 1911, "seed": "sodium,3c05d61539d70ebec667252caad0c01b"}, {"name": "mr012", "avatar": "169", "rating": 1971, "seed": "sodium,974e3c110f69445b796ef006a52f4dcd"}], "teams_full": [{"Veluza": {"name": "Veluza", "species": "Veluza", "speciesId": "veluza", "gender": "M", "shiny": false, "level": 85, "moves": ["filletaway", "psychocut", "aquacutter", "nightslash"], "ability": "Sharpness", "evs": {"hp": 85, "atk": 85, "def": 85, "spa": 85, "spd": 85, "spe": 85}, "ivs": {"hp": 31, "atk": 31, "def": 31, "spa": 31, "spd": 31, "spe": 31}, "item": "Sitrus Berry", "teraType": "Water", "role": "Setup Sweeper", "bvs": {"hp": 90, "atk": 102, "def": 73, "spa": 78, "spd": 65, "spe": 70}, "stats": {"hp": 292, "atk": 222, "def": 173, "spa": 181, "spd": 159, "spe": 168}, "types": ["Water", "Psychic"]}, "Volcarona": {"name": "Volcarona", "species": "Volcarona", "speciesId": "volcarona", "gender": "M", "shiny": false, "level": 77, "moves": ["bugbuzz", "fierydance", "morningsun", "quiverdance"], "ability": "Flame Body", "evs": {"hp": 85, "atk": 0, "def": 85, "spa": 85, "spd": 85, "spe": 85}, "ivs": {"hp": 31, "atk": 0, "def": 31, "spa": 31, "spd": 31, "spe": 31}, "item": "Heavy-Duty Boots", "teraType": "Fire", "role": "Fast Bulky Setup", "bvs": {"hp": 85, "atk": 60, "def": 65, "spa": 135, "spd": 105, "spe": 100}, "stats": {"hp": 257, "atk": 97, "def": 145, "spa": 252, "spd": 206, "spe": 199}, "types": ["Bug", "Fire"]}, "Tinkaton": {"name": "Tinkaton", "species": "Tinkaton", "speciesId": "tinkaton", "gender": "F", "shiny": false, "level": 82, "moves": ["playrough", "swordsdance", "gigatonhammer", "protect"], "ability": "Mold Breaker", "evs": {"hp": 85, "atk": 85, "def": 85, "spa": 85, "spd": 85, "spe": 85}, "ivs": {"hp": 31, "atk": 31, "def": 31, "spa": 31, "spd": 31, "spe": 31}, "item": "Leftovers", "teraType": "Steel", "role": "Bulky Setup", "bvs": {"hp": 85, "atk": 75, "def": 77, "spa": 70, "spd": 105, "spe": 94}, "stats": {"hp": 274, "atk": 170, "def": 173, "spa": 162, "spd": 219, "spe": 201}, "types": ["Fairy", "Steel"]}, "Orthworm": {"name": "Orthworm", "species": "Orthworm", "speciesId": "orthworm", "gender": "F", "shiny": false, "level": 88, "moves": ["bodypress", "heavyslam", "shedtail", "stealthrock"], "ability": "Earth Eater", "evs": {"hp": 85, "atk": 85, "def": 85, "spa": 85, "spd": 85, "spe": 85}, "ivs": {"hp": 31, "atk": 31, "def": 31, "spa": 31, "spd": 31, "spe": 31}, "item": "Leftovers", "teraType": "Ghost", "role": "Bulky Attacker", "bvs": {"hp": 70, "atk": 85, "def": 145, "spa": 60, "spd": 55, "spe": 65}, "stats": {"hp": 266, "atk": 200, "def": 305, "spa": 156, "spd": 147, "spe": 165}, "types": ["Steel"]}, "Mesprit": {"name": "Mesprit", "species": "Mesprit", "speciesId": "mesprit", "gender": "N", "shiny": false, "level": 85, "moves": ["psychicnoise", "uturn", "thunderwave", "knockoff"], "ability": "Levitate", "evs": {"hp": 85, "atk": 85, "def": 85, "spa": 85, "spd": 85, "spe": 85}, "ivs": {"hp": 31, "atk": 31, "def": 31, "spa": 31, "spd": 31, "spe": 31}, "item": "Leftovers", "teraType": "Electric", "role": "Bulky Support", "bvs": {"hp": 80, "atk": 105, "def": 105, "spa": 105, "spd": 105, "spe": 80}, "stats": {"hp": 275, "atk": 227, "def": 227, "spa": 227, "spd": 227, "spe": 185}, "types": ["Psychic"]}, "Venomoth": {"name": "Venomoth", "species": "Venomoth", "speciesId": "venomoth", "gender": "F", "shiny": false, "level": 84, "moves": ["quiverdance", "bugbuzz", "sleeppowder", "sludgewave"], "ability": "Tinted Lens", "evs": {"hp": 85, "atk": 0, "def": 85, "spa": 85, "spd": 85, "spe": 85}, "ivs": {"hp": 31, "atk": 0, "def": 31, "spa": 31, "spd": 31, "spe": 31}, "item": "Heavy-Duty Boots", "teraType": "Water", "role": "Setup Sweeper", "bvs": {"hp": 70, "atk": 65, "def": 60, "spa": 90, "spd": 75, "spe": 90}, "stats": {"hp": 255, "atk": 114, "def": 149, "spa": 199, "spd": 174, "spe": 199}, "types": ["Bug", "Poison"]}}, {"Porygon-Z": {"name": "Porygon-Z", "species": "Porygon-Z", "speciesId": "porygonz", "gender": "N", "shiny": false, "level": 83, "moves": ["triattack", "thunderbolt", "shadowball", "trick"], "ability": "Adaptability", "evs": {"hp": 85, "atk": 0, "def": 85, "spa": 85, "spd": 85, "spe": 85}, "ivs": {"hp": 31, "atk": 0, "def": 31, "spa": 31, "spd": 31, "spe": 31}, "item": "Choice Scarf", "teraType": "Ghost", "role": "Fast Attacker", "bvs": {"hp": 85, "atk": 80, "def": 70, "spa": 135, "spd": 75, "spe": 90}, "stats": {"hp": 277, "atk": 137, "def": 164, "spa": 272, "spd": 172, "spe": 197}, "types": ["Normal"]}, "Komala": {"name": "Komala", "species": "Komala", "speciesId": "komala", "gender": "F", "shiny": false, "level": 88, "moves": ["knockoff", "rapidspin", "uturn", "bodyslam"], "ability": "Comatose", "evs": {"hp": 85, "atk": 85, "def": 85, "spa": 85, "spd": 85, "spe": 85}, "ivs": {"hp": 31, "atk": 31, "def": 31, "spa": 31, "spd": 31, "spe": 31}, "item": "Assault Vest", "teraType": "Ghost", "role": "Bulky Support", "bvs": {"hp": 65, "atk": 115, "def": 65, "spa": 75, "spd": 95, "spe": 65}, "stats": {"hp": 258, "atk": 253, "def": 165, "spa": 182, "spd": 217, "spe": 165}, "types": ["Normal"]}, "Leavanny": {"name": "Leavanny", "species": "Leavanny", "speciesId": "leavanny", "gender": "M", "shiny": false, "level": 86, "moves": ["stickyweb", "lunge", "knockoff", "leafblade"], "ability": "Swarm", "evs": {"hp": 85, "atk": 85, "def": 85, "spa": 85, "spd": 85, "spe": 85}, "ivs": {"hp": 31, "atk": 31, "def": 31, "spa": 31, "spd": 31, "spe": 31}, "item": "Heavy-Duty Boots", "teraType": "Ghost", "role": "Fast Support", "bvs": {"hp": 75, "atk": 103, "def": 80, "spa": 70, "spd": 80, "spe": 92}, "stats": {"hp": 269, "atk": 226, "def": 187, "spa": 170, "spd": 187, "spe": 207}, "types": ["Bug", "Grass"]}, "Zarude": {"name": "Zarude", "species": "Zarude", "speciesId": "zarude", "gender": "N", "shiny": false, "level": 77, "moves": ["swordsdance", "synthesis", "powerwhip", "knockoff"], "ability": "Leaf Guard", "evs": {"hp": 85, "atk": 85, "def": 85, "spa": 85, "spd": 85, "spe": 85}, "ivs": {"hp": 31, "atk": 31, "def": 31, "spa": 31, "spd": 31, "spe": 31}, "item": "Leftovers", "teraType": "Grass", "role": "Fast Bulky Setup", "bvs": {"hp": 105, "atk": 120, "def": 105, "spa": 70, "spd": 95, "spe": 105}, "stats": {"hp": 288, "atk": 229, "def": 206, "spa": 152, "spd": 191, "spe": 206}, "types": ["Dark", "Grass"]}, "Corviknight": {"name": "Corviknight", "species": "Corviknight", "speciesId": "corviknight", "gender": "M", "shiny": false, "level": 80, "moves": ["roost", "uturn", "bravebird", "bodypress"], "ability": "Mirror Armor", "evs": {"hp": 85, "atk": 85, "def": 85, "spa": 85, "spd": 85, "spe": 85}, "ivs": {"hp": 31, "atk": 31, "def": 31, "spa": 31, "spd": 31, "spe": 31}, "item": "Leftovers", "teraType": "Dragon", "role": "Bulky Support", "bvs": {"hp": 98, "atk": 87, "def": 105, "spa": 53, "spd": 85, "spe": 67}, "stats": {"hp": 288, "atk": 185, "def": 214, "spa": 131, "spd": 182, "spe": 153}, "types": ["Flying", "Steel"]}, "Plusle": {"name": "Plusle", "species": "Plusle", "speciesId": "plusle", "gender": "M", "shiny": false, "level": 95, "moves": ["encore", "thunderbolt", "alluringvoice", "nastyplot"], "ability": "Lightning Rod", "evs": {"hp": 85, "atk": 0, "def": 85, "spa": 85, "spd": 85, "spe": 85}, "ivs": {"hp": 31, "atk": 0, "def": 31, "spa": 31, "spd": 31, "spe": 31}, "item": "Life Orb", "teraType": "Fairy", "role": "Setup Sweeper", "bvs": {"hp": 60, "atk": 50, "def": 40, "spa": 85, "spd": 75, "spe": 95}, "stats": {"hp": 268, "atk": 100, "def": 130, "spa": 215, "spd": 196, "spe": 234}, "types": ["Electric"]}}]}