{"id": "gen9randombattle-2642168710", "format": "[Gen 9] Random Battle", "players": ["DinhKhanh", "forcemajor14"], "log": "|j|\u2606DinhKhanh\n|j|\u2606forcemajor14\n|t:|1782904387\n|gametype|singles\n|player|p1|DinhKhanh|winona|2023\n|player|p2|forcemajor14|266|2180\n|gen|9\n|tier|[Gen 9] Random Battle\n|rated|\n|rule|Species Clause: Limit one of each Pok\u00e9mon\n|rule|HP Percentage Mod: HP is shown in percentages\n|rule|Sleep Clause Mod: Limit one foe put to sleep\n|rule|Illusion Level Mod: Illusion disguises the Pok\u00e9mon's true level\n|\n|t:|1782904387\n|teamsize|p1|6\n|teamsize|p2|6\n|start\n|switch|p1a: Iron Bundle|Iron Bundle, L78|215/215\n|switch|p2a: Landorus|Landorus, L75, M|257/257\n|turn|1\n|inactive|Battle timer is ON: inactive players will automatically lose when time's up. (requested by DinhKhanh)\n|\n|t:|1782904393\n|switch|p2a: Luxray|Luxray, L88, M|284/284\n|-ability|p2a: Luxray|Intimidate|boost\n|-unboost|p1a: Iron Bundle|atk|1\n|move|p1a: Iron Bundle|Hydro Pump|p2a: Luxray\n|-damage|p2a: Luxray|203/284\n|\n|upkeep\n|turn|2\n|inactive|forcemajor14 also wants the timer to be on.\n|\n|t:|1782904400\n|move|p1a: Iron Bundle|Flip Turn|p2a: Luxray\n|-damage|p2a: Luxray|170/284\n|\n|t:|1782904404\n|-end|p1a: Iron Bundle|Quark Drive|[silent]\n|switch|p1a: Camerupt|Camerupt, L91, M|275/275|[from] Flip Turn\n|move|p2a: Luxray|Volt Switch|p1a: Camerupt\n|-immune|p1a: Camerupt\n|\n|upkeep\n|turn|3\n|\n|t:|1782904410\n|switch|p2a: Landorus|Landorus, L75, M|257/257\n|move|p1a: Camerupt|Stealth Rock|p2a: Landorus\n|-sidestart|p2: forcemajor14|move: Stealth Rock\n|\n|upkeep\n|turn|4\n|\n|t:|1782904420\n|switch|p1a: Ditto|Ditto, L87|225/225\n|-transform|p1a: Ditto|p2a: Landorus|[from] ability: Imposter\n|move|p2a: Landorus|Earth Power|p1a: Ditto\n|-immune|p1a: Ditto\n|\n|upkeep\n|turn|5\n|\n|t:|1782904439\n|switch|p1a: Iron Bundle|Iron Bundle, L78|215/215\n|move|p2a: Landorus|Nasty Plot|p2a: Landorus\n|-boost|p2a: Landorus|spa|2\n|\n|upkeep\n|turn|6\n|\n|t:|1782904445\n|-terastallize|p2a: Landorus|Poison\n|move|p1a: Iron Bundle|Encore|p2a: Landorus\n|-start|p2a: Landorus|Encore\n|move|p2a: Landorus|Nasty Plot|p2a: Landorus\n|-boost|p2a: Landorus|spa|2\n|\n|upkeep\n|turn|7\n|\n|t:|1782904449\n|switch|p2a: Meowstic|Meowstic, L89, M|277/277\n|-damage|p2a: Meowstic|243/277|[from] Stealth Rock\n|move|p1a: Iron Bundle|Hydro Pump|p2a: Meowstic\n|-damage|p2a: Meowstic|125/277\n|\n|upkeep\n|turn|8\n|\n|t:|1782904455\n|-end|p1a: Iron Bundle|Quark Drive|[silent]\n|switch|p1a: Camerupt|Camerupt, L91, M|275/275\n|move|p2a: Meowstic|Thunder Wave|p1a: Camerupt\n|-immune|p1a: Camerupt\n|\n|upkeep\n|turn|9\n|\n|t:|1782904461\n|move|p2a: Meowstic|Reflect|p2a: Meowstic\n|-sidestart|p2: forcemajor14|Reflect\n|move|p1a: Camerupt|Earthquake|p2a: Meowstic\n|-damage|p2a: Meowstic|62/277\n|\n|upkeep\n|turn|10\n|\n|t:|1782904465\n|switch|p2a: Giratina|Giratina, L75|349/349\n|-damage|p2a: Giratina|306/349|[from] Stealth Rock\n|-ability|p2a: Giratina|Pressure\n|move|p1a: Camerupt|Earthquake|p2a: Giratina\n|-damage|p2a: Giratina|252/349\n|\n|-heal|p2a: Giratina|273/349|[from] item: Leftovers\n|upkeep\n|turn|11\n|\n|t:|1782904473\n|move|p2a: Giratina|Shadow Ball|p1a: Camerupt\n|-damage|p1a: Camerupt|200/275\n|move|p1a: Camerupt|Will-O-Wisp|p2a: Giratina\n|-status|p2a: Giratina|brn\n|\n|-heal|p2a: Giratina|294/349 brn|[from] item: Leftovers\n|-heal|p1a: Camerupt|217/275|[from] item: Leftovers\n|-damage|p2a: Giratina|273/349 brn|[from] brn\n|upkeep\n|turn|12\n|inactive|DinhKhanh has 120 seconds left.\n|\n|t:|1782904516\n|switch|p1a: Iron Bundle|Iron Bundle, L78|215/215\n|move|p2a: Giratina|Shadow Ball|p1a: Iron Bundle\n|-damage|p1a: Iron Bundle|110/215\n|\n|-heal|p2a: Giratina|294/349 brn|[from] item: Leftovers\n|-damage|p2a: Giratina|273/349 brn|[from] brn\n|upkeep\n|turn|13\n|\n|t:|1782904522\n|move|p1a: Iron Bundle|Freeze-Dry|p2a: Giratina\n|-supereffective|p2a: Giratina\n|-damage|p2a: Giratina|141/349 brn\n|move|p2a: Giratina|Shadow Ball|p1a: Iron Bundle\n|-damage|p1a: Iron Bundle|13/215\n|\n|-heal|p2a: Giratina|162/349 brn|[from] item: Leftovers\n|-damage|p2a: Giratina|141/349 brn|[from] brn\n|upkeep\n|turn|14\n|inactive|DinhKhanh has 120 seconds left.\n|\n|t:|1782904534\n|move|p1a: Iron Bundle|Freeze-Dry|p2a: Giratina\n|-supereffective|p2a: Giratina\n|-damage|p2a: Giratina|0 fnt\n|faint|p2a: Giratina\n|\n|upkeep\n|\n|t:|1782904537\n|switch|p2a: Meowstic|Meowstic, L89, M|62/277\n|-damage|p2a: Meowstic|28/277|[from] Stealth Rock\n|turn|15\n|\n|t:|1782904541\n|-end|p1a: Iron Bundle|Quark Drive|[silent]\n|switch|p1a: Camerupt|Camerupt, L91, M|217/275\n|move|p2a: Meowstic|Light Screen|p2a: Meowstic\n|-sidestart|p2: forcemajor14|move: Light Screen\n|\n|-heal|p1a: Camerupt|234/275|[from] item: Leftovers\n|upkeep\n|turn|16\n|\n|t:|1782904546\n|move|p2a: Meowstic|Reflect||[still]\n|-fail|p2a: Meowstic\n|move|p1a: Camerupt|Earthquake|p2a: Meowstic\n|-damage|p2a: Meowstic|0 fnt\n|faint|p2a: Meowstic\n|\n|-heal|p1a: Camerupt|251/275|[from] item: Leftovers\n|-sideend|p2: forcemajor14|Reflect\n|upkeep\n|\n|t:|1782904547\n|switch|p2a: Landorus|Landorus, L75, M, tera:Poison|257/257\n|-damage|p2a: Landorus|225/257|[from] Stealth Rock\n|turn|17\n|\n|t:|1782904558\n|move|p2a: Landorus|Earth Power|p1a: Camerupt\n|-supereffective|p1a: Camerupt\n|-damage|p1a: Camerupt|0 fnt\n|faint|p1a: Camerupt\n|\n|upkeep\n|\n|t:|1782904566\n|switch|p1a: Ditto|Ditto, L87|225/225\n|-transform|p1a: Ditto|p2a: Landorus|[from] ability: Imposter\n|turn|18\n|\n|t:|1782904568\n|move|p1a: Ditto|Earth Power|p2a: Landorus\n|-supereffective|p2a: Landorus\n|-damage|p2a: Landorus|63/257\n|move|p2a: Landorus|Nasty Plot|p2a: Landorus\n|-boost|p2a: Landorus|spa|2\n|\n|upkeep\n|turn|19\n|\n|t:|1782904572\n|move|p1a: Ditto|Earth Power|p2a: Landorus\n|-supereffective|p2a: Landorus\n|-damage|p2a: Landorus|0 fnt\n|faint|p2a: Landorus\n|\n|upkeep\n|\n|t:|1782904574\n|switch|p2a: Oricorio|Oricorio-Pom-Pom, L82, M|257/257\n|turn|20\n|\n|t:|1782904600\n|switch|p1a: Iron Bundle|Iron Bundle, L78|13/215\n|move|p2a: Oricorio|Quiver Dance|p2a: Oricorio\n|-boost|p2a: Oricorio|spa|1\n|-boost|p2a: Oricorio|spd|1\n|-boost|p2a: Oricorio|spe|1\n|\n|upkeep\n|turn|21\n|\n|t:|1782904607\n|move|p2a: Oricorio|Revelation Dance|p1a: Iron Bundle\n|-supereffective|p1a: Iron Bundle\n|-damage|p1a: Iron Bundle|0 fnt\n|faint|p1a: Iron Bundle\n|-end|p1a: Iron Bundle|Quark Drive|[silent]\n|\n|upkeep\n|\n|t:|1782904612\n|switch|p1a: Arbok|Arbok, L87, M|246/246\n|-ability|p1a: Arbok|Intimidate|boost\n|-unboost|p2a: Oricorio|atk|1\n|turn|22\n|\n|t:|1782904618\n|move|p2a: Oricorio|Quiver Dance|p2a: Oricorio\n|-boost|p2a: Oricorio|spa|1\n|-boost|p2a: Oricorio|spd|1\n|-boost|p2a: Oricorio|spe|1\n|move|p1a: Arbok|Gunk Shot|p2a: Oricorio\n|-damage|p2a: Oricorio|91/257\n|\n|-sideend|p2: forcemajor14|move: Light Screen\n|upkeep\n|turn|23\n|l|\u2606forcemajor14\n|inactive|forcemajor14 disconnected and has a minute to reconnect!\n|player|p2|\n|j|\u2606forcemajor14\n|inactive|forcemajor14 reconnected.\n|player|p2|forcemajor14|266|\n|\n|t:|1782904630\n|move|p2a: Oricorio|Roost|p2a: Oricorio\n|-heal|p2a: Oricorio|220/257\n|-singleturn|p2a: Oricorio|move: Roost\n|move|p1a: Arbok|Gunk Shot|p2a: Oricorio\n|-damage|p2a: Oricorio|54/257\n|-status|p2a: Oricorio|psn\n|\n|-damage|p2a: Oricorio|22/257 psn|[from] psn\n|upkeep\n|turn|24\n|\n|t:|1782904641\n|move|p2a: Oricorio|Roost|p2a: Oricorio\n|-heal|p2a: Oricorio|151/257 psn\n|-singleturn|p2a: Oricorio|move: Roost\n|move|p1a: Arbok|Earthquake|p2a: Oricorio\n|-supereffective|p2a: Oricorio\n|-damage|p2a: Oricorio|0 fnt\n|faint|p2a: Oricorio\n|\n|upkeep\n|\n|t:|1782904642\n|switch|p2a: Luxray|Luxray, L88, M|170/284\n|-damage|p2a: Luxray|135/284|[from] Stealth Rock\n|-ability|p2a: Luxray|Intimidate|boost\n|-unboost|p1a: Arbok|atk|1\n|turn|25\n|\n|t:|1782904647\n|move|p1a: Arbok|Trailblaze|p2a: Luxray\n|-damage|p2a: Luxray|108/284\n|-boost|p1a: Arbok|spe|1\n|move|p2a: Luxray|Throat Chop|p1a: Arbok\n|-damage|p1a: Arbok|159/246\n|-start|p1a: Arbok|Throat Chop|[silent]\n|\n|-heal|p1a: Arbok|174/246|[from] item: Leftovers\n|upkeep\n|turn|26\n|\n|t:|1782904652\n|move|p1a: Arbok|Coil|p1a: Arbok\n|-boost|p1a: Arbok|atk|1\n|-boost|p1a: Arbok|def|1\n|-boost|p1a: Arbok|accuracy|1\n|move|p2a: Luxray|Volt Switch|p1a: Arbok\n|-damage|p1a: Arbok|81/246\n|\n|t:|1782904653\n|switch|p2a: Blaziken|Blaziken, L76, F|247/247|[from] Volt Switch\n|-damage|p2a: Blaziken|217/247|[from] Stealth Rock\n|\n|-heal|p1a: Arbok|96/246|[from] item: Leftovers\n|-end|p1a: Arbok|Throat Chop|[silent]\n|upkeep\n|turn|27\n|\n|t:|1782904661\n|move|p1a: Arbok|Gunk Shot|p2a: Blaziken\n|-damage|p2a: Blaziken|49/247\n|-status|p2a: Blaziken|psn\n|move|p2a: Blaziken|Flare Blitz|p1a: Arbok\n|-damage|p1a: Arbok|0 fnt\n|faint|p1a: Arbok\n|-damage|p2a: Blaziken|17/247 psn|[from] Recoil\n|-damage|p2a: Blaziken|0 fnt|[from] item: Life Orb\n|faint|p2a: Blaziken\n|\n|upkeep\n|\n|t:|1782904665\n|switch|p1a: Ditto|Ditto, L87|225/225\n|switch|p2a: Luxray|Luxray, L88, M|108/284\n|-transform|p1a: Ditto|p2a: Luxray|[from] ability: Imposter\n|-ability|p1a: Ditto|Intimidate|boost\n|-unboost|p2a: Luxray|atk|1\n|-damage|p2a: Luxray|73/284|[from] Stealth Rock\n|-ability|p2a: Luxray|Intimidate|boost\n|-unboost|p1a: Ditto|atk|1\n|turn|28\n|\n|t:|1782904670\n|move|p1a: Ditto|Play Rough|p2a: Luxray|[miss]\n|-miss|p1a: Ditto|p2a: Luxray\n|move|p2a: Luxray|Play Rough|p1a: Ditto\n|-damage|p1a: Ditto|172/225\n|\n|upkeep\n|turn|29\n|\n|t:|1782904673\n|move|p1a: Ditto|Play Rough|p2a: Luxray\n|-damage|p2a: Luxray|21/284\n|move|p2a: Luxray|Wild Charge|p1a: Ditto\n|-resisted|p1a: Ditto\n|-crit|p1a: Ditto\n|-damage|p1a: Ditto|75/225\n|-damage|p2a: Luxray|0 fnt|[from] Recoil\n|faint|p2a: Luxray\n|\n|win|DinhKhanh\n|raw|DinhKhanh's rating: 2023 &rarr; <strong>2049</strong><br />(+26 for winning)\n|raw|forcemajor14's rating: 2131 &rarr; <strong>2105</strong><br />(-26 for losing)\n", "inputlog": ">version f8ac14003a5f27e1bdc8d8c59608a773c1cb96e5\n>start {\"formatid\":\"gen9randombattle\",\"seed\":\"sodium,ff81941548dc811939e6b73ccb64008c\",\"rated\":\"Rated battle\"}\n>player p1 {\"name\":\"DinhKhanh\",\"avatar\":\"winona\",\"rating\":2023,\"seed\":\"sodium,1c916e49961f89ff2601c862131bb187\"}\n>player p2 {\"name\":\"forcemajor14\",\"avatar\":\"266\",\"rating\":2180,\"seed\":\"sodium,af60f75553ee5c4f2e762fa7f80d7959\"}\n>p1 move hydropump\n>p2 switch 6\n>p1 move flipturn\n>p2 move voltswitch\n>p1 switch 6\n>p1 move stealthrock\n>p2 switch 6\n>p1 switch 4\n>p2 move earthpower\n>p1 switch 6\n>p2 move nastyplot\n>p1 move encore\n>p2 move sludgewave terastallize\n>p1 move hydropump\n>p2 switch 5\n>p1 switch 4\n>p2 move thunderwave\n>p1 move earthquake\n>p2 move reflect\n>p1 move earthquake\n>p2 switch 4\n>p1 move willowisp\n>p2 move shadowball\n>p1 switch 4\n>p2 move shadowball\n>p1 move freezedry\n>p2 move shadowball\n>p1 move freezedry\n>p2 move rest\n>p2 switch 4\n>p1 switch 4\n>p2 move lightscreen\n>p1 move earthquake\n>p2 move reflect\n>p2 switch 5\n>p1 move earthquake\n>p2 move earthpower\n>p1 switch 6\n>p1 move earthpower\n>p2 move nastyplot\n>p1 move earthpower\n>p2 move sludgewave\n>p2 switch 3\n>p1 switch 4\n>p2 move quiverdance\n>p1 move encore\n>p2 move revelationdance\n>p1 switch 5\n>p1 move gunkshot\n>p2 move quiverdance\n>p1 move gunkshot\n>p2 move roost\n>p1 move earthquake\n>p2 move roost\n>p2 switch 6\n>p1 move trailblaze\n>p2 move throatchop\n>p1 move coil\n>p2 move voltswitch\n>p2 switch 2\n>p1 move gunkshot\n>p2 move flareblitz\n>p1 switch 4\n>p2 switch 2\n>p1 move playrough\n>p2 move playrough\n>p1 move playrough\n>p2 move wildcharge", "uploadtime": 1782904673, "views": 3, "formatid": "gen9randombattle", "rating": 2049, "private": 0, "password": null, "player_dets": [{"name": "DinhKhanh", "avatar": "winona", "rating": 2023, "seed": "sodium,1c916e49961f89ff2601c862131bb187"}, {"name": "forcemajor14", "avatar": "266", "rating": 2180, "seed": "sodium,af60f75553ee5c4f2e762fa7f80d7959"}], "teams_full": [{"Iron Bundle": {"name": "Iron Bundle", "species": "Iron Bundle", "speciesId": "ironbundle", "gender": "N", "shiny": false, "level": 78, "moves": ["encore", "flipturn", "hydropump", "freezedry"], "ability": "Quark Drive", "evs": {"hp": 85, "atk": 85, "def": 85, "spa": 85, "spd": 85, "spe": 85}, "ivs": {"hp": 31, "atk": 31, "def": 31, "spa": 31, "spd": 31, "spe": 31}, "item": "Heavy-Duty Boots", "teraType": "Ice", "role": "Fast Attacker", "bvs": {"hp": 56, "atk": 80, "def": 114, "spa": 124, "spd": 60, "spe": 136}, "stats": {"hp": 215, "atk": 170, "def": 223, "spa": 239, "spd": 139, "spe": 257}, "types": ["Ice", "Water"]}, "Cobalion": {"name": "Cobalion", "species": "Cobalion", "speciesId": "cobalion", "gender": "N", "shiny": false, "level": 80, "moves": ["thunderwave", "irondefense", "ironhead", "bodypress"], "ability": "Justified", "evs": {"hp": 85, "atk": 85, "def": 85, "spa": 85, "spd": 85, "spe": 85}, "ivs": {"hp": 31, "atk": 31, "def": 31, "spa": 31, "spd": 31, "spe": 31}, "item": "Leftovers", "teraType": "Water", "role": "Bulky Support", "bvs": {"hp": 91, "atk": 90, "def": 129, "spa": 90, "spd": 72, "spe": 108}, "stats": {"hp": 277, "atk": 190, "def": 253, "spa": 190, "spd": 161, "spe": 219}, "types": ["Steel", "Fighting"]}, "Feraligatr": {"name": "Feraligatr", "species": "Feraligatr", "speciesId": "feraligatr", "gender": "M", "shiny": false, "level": 79, "moves": ["dragondance", "icepunch", "liquidation", "trailblaze"], "ability": "Sheer Force", "evs": {"hp": 85, "atk": 85, "def": 85, "spa": 85, "spd": 85, "spe": 85}, "ivs": {"hp": 31, "atk": 31, "def": 31, "spa": 31, "spd": 31, "spe": 31}, "item": "Life Orb", "teraType": "Grass", "role": "Setup Sweeper", "bvs": {"hp": 85, "atk": 105, "def": 100, "spa": 79, "spd": 83, "spe": 78}, "stats": {"hp": 264, "atk": 211, "def": 204, "spa": 170, "spd": 177, "spe": 169}, "types": ["Water"]}, "Ditto": {"name": "Ditto", "species": "Ditto", "speciesId": "ditto", "gender": "N", "shiny": false, "level": 87, "moves": ["transform"], "ability": "Imposter", "evs": {"hp": 85, "atk": 85, "def": 85, "spa": 85, "spd": 85, "spe": 85}, "ivs": {"hp": 31, "atk": 31, "def": 31, "spa": 31, "spd": 31, "spe": 31}, "item": "Choice Scarf", "teraType": "Steel", "role": "Fast Support", "bvs": {"hp": 48, "atk": 48, "def": 48, "spa": 48, "spd": 48, "spe": 48}, "stats": {"hp": 225, "atk": 133, "def": 133, "spa": 133, "spd": 133, "spe": 133}, "types": ["Normal"]}, "Arbok": {"name": "Arbok", "species": "Arbok", "speciesId": "arbok", "gender": "M", "shiny": false, "level": 87, "moves": ["trailblaze", "gunkshot", "earthquake", "coil"], "ability": "Intimidate", "evs": {"hp": 85, "atk": 85, "def": 85, "spa": 85, "spd": 85, "spe": 85}, "ivs": {"hp": 31, "atk": 31, "def": 31, "spa": 31, "spd": 31, "spe": 31}, "item": "Leftovers", "teraType": "Ground", "role": "Bulky Setup", "bvs": {"hp": 60, "atk": 95, "def": 69, "spa": 65, "spd": 79, "spe": 80}, "stats": {"hp": 246, "atk": 215, "def": 170, "spa": 163, "spd": 187, "spe": 189}, "types": ["Poison"]}, "Camerupt": {"name": "Camerupt", "species": "Camerupt", "speciesId": "camerupt", "gender": "M", "shiny": false, "level": 91, "moves": ["willowisp", "overheat", "earthquake", "stealthrock"], "ability": "Solid Rock", "evs": {"hp": 85, "atk": 85, "def": 85, "spa": 85, "spd": 85, "spe": 85}, "ivs": {"hp": 31, "atk": 31, "def": 31, "spa": 31, "spd": 31, "spe": 31}, "item": "Leftovers", "teraType": "Water", "role": "Bulky Support", "bvs": {"hp": 70, "atk": 100, "def": 70, "spa": 105, "spd": 75, "spe": 40}, "stats": {"hp": 275, "atk": 234, "def": 179, "spa": 243, "spd": 188, "spe": 125}, "types": ["Fire", "Ground"]}}, {"Landorus": {"name": "Landorus", "species": "Landorus", "speciesId": "landorus", "gender": "M", "shiny": false, "level": 75, "moves": ["nastyplot", "focusblast", "earthpower", "sludgewave"], "ability": "Sheer Force", "evs": {"hp": 85, "atk": 0, "def": 85, "spa": 85, "spd": 85, "spe": 85}, "ivs": {"hp": 31, "atk": 0, "def": 31, "spa": 31, "spd": 31, "spe": 31}, "item": "Life Orb", "teraType": "Poison", "role": "Fast Attacker", "bvs": {"hp": 89, "atk": 125, "def": 90, "spa": 115, "spd": 80, "spe": 101}, "stats": {"hp": 257, "atk": 192, "def": 179, "spa": 216, "spd": 164, "spe": 195}, "types": ["Ground", "Flying"]}, "Blaziken": {"name": "Blaziken", "species": "Blaziken", "speciesId": "blaziken", "gender": "F", "shiny": false, "level": 76, "moves": ["closecombat", "swordsdance", "knockoff", "flareblitz"], "ability": "Speed Boost", "evs": {"hp": 85, "atk": 85, "def": 85, "spa": 85, "spd": 85, "spe": 85}, "ivs": {"hp": 31, "atk": 31, "def": 31, "spa": 31, "spd": 31, "spe": 31}, "item": "Life Orb", "teraType": "Fighting", "role": "Setup Sweeper", "bvs": {"hp": 80, "atk": 120, "def": 70, "spa": 110, "spd": 70, "spe": 80}, "stats": {"hp": 247, "atk": 226, "def": 150, "spa": 211, "spd": 150, "spe": 166}, "types": ["Fire", "Fighting"]}, "Oricorio": {"name": "Oricorio", "species": "Oricorio-Pom-Pom", "speciesId": "oricoriopompom", "gender": "M", "shiny": false, "level": 82, "moves": ["roost", "quiverdance", "revelationdance", "hurricane"], "ability": "Dancer", "evs": {"hp": 85, "atk": 0, "def": 85, "spa": 85, "spd": 85, "spe": 85}, "ivs": {"hp": 31, "atk": 0, "def": 31, "spa": 31, "spd": 31, "spe": 31}, "item": "Heavy-Duty Boots", "teraType": "Ground", "role": "Setup Sweeper", "bvs": {"hp": 75, "atk": 70, "def": 70, "spa": 98, "spd": 70, "spe": 93}, "stats": {"hp": 257, "atk": 119, "def": 162, "spa": 208, "spd": 162, "spe": 200}, "types": ["Electric", "Flying"]}, "Giratina": {"name": "Giratina", "species": "Giratina", "speciesId": "giratina", "gender": "N", "shiny": false, "level": 75, "moves": ["shadowball", "rest", "dragontail", "sleeptalk"], "ability": "Pressure", "evs": {"hp": 85, "atk": 85, "def": 85, "spa": 85, "spd": 85, "spe": 85}, "ivs": {"hp": 31, "atk": 31, "def": 31, "spa": 31, "spd": 31, "spe": 31}, "item": "Leftovers", "teraType": "Fairy", "role": "Bulky Attacker", "bvs": {"hp": 150, "atk": 100, "def": 120, "spa": 100, "spd": 120, "spe": 90}, "stats": {"hp": 349, "atk": 194, "def": 224, "spa": 194, "spd": 224, "spe": 179}, "types": ["Ghost", "Dragon"]}, "Meowstic": {"name": "Meowstic", "species": "Meowstic", "speciesId": "meowstic", "gender": "M", "shiny": false, "level": 89, "moves": ["reflect", "psychicnoise", "lightscreen", "thunderwave"], "ability": "Prankster", "evs": {"hp": 85, "atk": 0, "def": 85, "spa": 85, "spd": 85, "spe": 85}, "ivs": {"hp": 31, "atk": 0, "def": 31, "spa": 31, "spd": 31, "spe": 31}, "item": "Light Clay", "teraType": "Fairy", "role": "Bulky Support", "bvs": {"hp": 74, "atk": 48, "def": 76, "spa": 83, "spd": 81, "spe": 104}, "stats": {"hp": 277, "atk": 90, "def": 186, "spa": 199, "spd": 195, "spe": 236}, "types": ["Psychic"]}, "Luxray": {"name": "Luxray", "species": "Luxray", "speciesId": "luxray", "gender": "M", "shiny": false, "level": 88, "moves": ["playrough", "wildcharge", "voltswitch", "throatchop"], "ability": "Intimidate", "evs": {"hp": 85, "atk": 85, "def": 85, "spa": 85, "spd": 85, "spe": 85}, "ivs": {"hp": 31, "atk": 31, "def": 31, "spa": 31, "spd": 31, "spe": 31}, "item": "Assault Vest", "teraType": "Fairy", "role": "AV Pivot", "bvs": {"hp": 80, "atk": 120, "def": 79, "spa": 95, "spd": 79, "spe": 70}, "stats": {"hp": 284, "atk": 261, "def": 189, "spa": 217, "spd": 189, "spe": 173}, "types": ["Electric"]}}]}