{"id": "gen9randombattle-2642154214", "format": "[Gen 9] Random Battle", "players": ["MewtwoFixUp", "jnpr010334"], "log": "|j|\u2606MewtwoFixUp\n|j|\u2606jnpr010334\n|t:|1782901500\n|gametype|singles\n|player|p1|MewtwoFixUp|169|1679\n|player|p2|jnpr010334|265|1684\n|gen|9\n|tier|[Gen 9] Random Battle\n|rated|\n|rule|Species Clause: Limit one of each Pok\u00e9mon\n|rule|HP Percentage Mod: HP is shown in percentages\n|rule|Sleep Clause Mod: Limit one foe put to sleep\n|rule|Illusion Level Mod: Illusion disguises the Pok\u00e9mon's true level\n|\n|t:|1782901500\n|teamsize|p1|6\n|teamsize|p2|6\n|start\n|switch|p1a: Iron Leaves|Iron Leaves, L80|275/275\n|switch|p2a: Frosmoth|Frosmoth, L82, F|249/249\n|turn|1\n|inactive|Battle timer is ON: inactive players will automatically lose when time's up. (requested by MewtwoFixUp)\n|inactive|jnpr010334 also wants the timer to be on.\n|\n|t:|1782901524\n|move|p1a: Iron Leaves|Psyblade|p2a: Frosmoth\n|-damage|p2a: Frosmoth|70/249\n|-damage|p1a: Iron Leaves|248/275|[from] item: Life Orb\n|move|p2a: Frosmoth|Quiver Dance|p2a: Frosmoth\n|-boost|p2a: Frosmoth|spa|1\n|-boost|p2a: Frosmoth|spd|1\n|-boost|p2a: Frosmoth|spe|1\n|\n|upkeep\n|turn|2\n|\n|t:|1782901537\n|-end|p1a: Iron Leaves|Quark Drive|[silent]\n|switch|p1a: Ditto|Ditto, L87|225/225\n|-transform|p1a: Ditto|p2a: Frosmoth|[from] ability: Imposter\n|move|p2a: Frosmoth|Bug Buzz|p1a: Ditto\n|-damage|p1a: Ditto|168/225\n|\n|upkeep\n|turn|3\n|\n|t:|1782901547\n|move|p1a: Ditto|Bug Buzz|p2a: Frosmoth\n|-damage|p2a: Frosmoth|16/249\n|move|p2a: Frosmoth|Quiver Dance|p2a: Frosmoth\n|-boost|p2a: Frosmoth|spa|1\n|-boost|p2a: Frosmoth|spd|1\n|-boost|p2a: Frosmoth|spe|1\n|\n|upkeep\n|turn|4\n|\n|t:|1782901554\n|move|p1a: Ditto|Bug Buzz|p2a: Frosmoth\n|-damage|p2a: Frosmoth|0 fnt\n|faint|p2a: Frosmoth\n|\n|upkeep\n|\n|t:|1782901556\n|switch|p2a: Swampert|Swampert, L83, F|302/302\n|turn|5\n|\n|t:|1782901561\n|move|p1a: Ditto|Bug Buzz|p2a: Swampert\n|-damage|p2a: Swampert|130/302\n|move|p2a: Swampert|Knock Off|p1a: Ditto\n|-damage|p1a: Ditto|63/225\n|-enditem|p1a: Ditto|Choice Scarf|[from] move: Knock Off|[of] p2a: Swampert\n|\n|-heal|p2a: Swampert|148/302|[from] item: Leftovers\n|upkeep\n|turn|6\n|\n|t:|1782901570\n|move|p1a: Ditto|Bug Buzz|p2a: Swampert\n|-damage|p2a: Swampert|0 fnt\n|faint|p2a: Swampert\n|\n|upkeep\n|\n|t:|1782901572\n|switch|p2a: Orthworm|Orthworm, L88, M|266/266\n|turn|7\n|\n|t:|1782901581\n|move|p1a: Ditto|Bug Buzz|p2a: Orthworm\n|-resisted|p2a: Orthworm\n|-damage|p2a: Orthworm|149/266\n|move|p2a: Orthworm|Coil|p2a: Orthworm\n|-boost|p2a: Orthworm|atk|1\n|-boost|p2a: Orthworm|def|1\n|-boost|p2a: Orthworm|accuracy|1\n|\n|upkeep\n|turn|8\n|\n|t:|1782901589\n|move|p1a: Ditto|Ice Beam|p2a: Orthworm\n|-resisted|p2a: Orthworm\n|-damage|p2a: Orthworm|41/266\n|move|p2a: Orthworm|Rest|p2a: Orthworm\n|-status|p2a: Orthworm|slp|[from] move: Rest\n|-heal|p2a: Orthworm|266/266 slp|[silent]\n|-enditem|p2a: Orthworm|Chesto Berry|[eat]\n|-curestatus|p2a: Orthworm|slp|[msg]\n|\n|upkeep\n|turn|9\n|\n|t:|1782901598\n|move|p1a: Ditto|Ice Beam|p2a: Orthworm\n|-resisted|p2a: Orthworm\n|-damage|p2a: Orthworm|153/266\n|move|p2a: Orthworm|Coil|p2a: Orthworm\n|-boost|p2a: Orthworm|atk|1\n|-boost|p2a: Orthworm|def|1\n|-boost|p2a: Orthworm|accuracy|1\n|\n|upkeep\n|turn|10\n|\n|t:|1782901605\n|move|p1a: Ditto|Ice Beam|p2a: Orthworm\n|-resisted|p2a: Orthworm\n|-damage|p2a: Orthworm|45/266\n|move|p2a: Orthworm|Rest|p2a: Orthworm\n|-status|p2a: Orthworm|slp|[from] move: Rest\n|-heal|p2a: Orthworm|266/266 slp|[silent]\n|\n|upkeep\n|turn|11\n|\n|t:|1782901613\n|move|p1a: Ditto|Ice Beam|p2a: Orthworm\n|-resisted|p2a: Orthworm\n|-damage|p2a: Orthworm|146/266 slp\n|cant|p2a: Orthworm|slp\n|\n|upkeep\n|turn|12\n|\n|t:|1782901619\n|move|p1a: Ditto|Ice Beam|p2a: Orthworm\n|-resisted|p2a: Orthworm\n|-damage|p2a: Orthworm|29/266 slp\n|cant|p2a: Orthworm|slp\n|\n|upkeep\n|turn|13\n|\n|t:|1782901625\n|move|p1a: Ditto|Tera Blast|p2a: Orthworm\n|-resisted|p2a: Orthworm\n|-damage|p2a: Orthworm|0 fnt\n|faint|p2a: Orthworm\n|\n|upkeep\n|\n|t:|1782901627\n|switch|p2a: Chandelure|Chandelure, L83, F|235/235\n|turn|14\n|\n|t:|1782901635\n|switch|p1a: Mimikyu|Mimikyu, L79, F|216/216\n|switch|p2a: Rabsca|Rabsca, L91, M|284/284\n|\n|upkeep\n|turn|15\n|\n|t:|1782901643\n|switch|p2a: Duraludon|Duraludon, L82, M|249/249\n|move|p1a: Mimikyu|Swords Dance|p1a: Mimikyu\n|-boost|p1a: Mimikyu|atk|2\n|\n|upkeep\n|turn|16\n|\n|t:|1782901656\n|-terastallize|p2a: Duraludon|Fighting\n|move|p1a: Mimikyu|Play Rough|p2a: Duraludon\n|-supereffective|p2a: Duraludon\n|-damage|p2a: Duraludon|36/249\n|-damage|p1a: Mimikyu|195/216|[from] item: Life Orb\n|move|p2a: Duraludon|Flash Cannon|p1a: Mimikyu\n|-activate|p1a: Mimikyu|ability: Disguise\n|-damage|p1a: Mimikyu|195/216\n|detailschange|p1a: Mimikyu|Mimikyu-Busted, L79, F\n|-damage|p1a: Mimikyu|168/216|[from] pokemon: Mimikyu-Busted\n|\n|upkeep\n|turn|17\n|\n|t:|1782901670\n|move|p1a: Mimikyu|Shadow Claw|p2a: Duraludon\n|-damage|p2a: Duraludon|0 fnt\n|faint|p2a: Duraludon\n|-damage|p1a: Mimikyu|147/216|[from] item: Life Orb\n|\n|upkeep\n|\n|t:|1782901671\n|switch|p2a: Chandelure|Chandelure, L83, F|235/235\n|turn|18\n|\n|t:|1782901678\n|move|p1a: Mimikyu|Shadow Sneak|p2a: Chandelure\n|-supereffective|p2a: Chandelure\n|-damage|p2a: Chandelure|61/235\n|-damage|p1a: Mimikyu|126/216|[from] item: Life Orb\n|move|p2a: Chandelure|Shadow Ball|p1a: Mimikyu\n|-supereffective|p1a: Mimikyu\n|-damage|p1a: Mimikyu|0 fnt\n|faint|p1a: Mimikyu\n|\n|upkeep\n|\n|t:|1782901696\n|switch|p1a: Raging Bolt|Raging Bolt, L78|323/323\n|turn|19\n|\n|t:|1782901706\n|move|p2a: Chandelure|Pain Split|p1a: Raging Bolt\n|-sethp|p1a: Raging Bolt|192/323|[from] move: Pain Split|[silent]\n|-sethp|p2a: Chandelure|192/235|[from] move: Pain Split\n|move|p1a: Raging Bolt|Thunderbolt|p2a: Chandelure\n|-damage|p2a: Chandelure|77/235\n|\n|-heal|p1a: Raging Bolt|212/323|[from] item: Leftovers\n|upkeep\n|turn|20\n|\n|t:|1782901723\n|move|p2a: Chandelure|Pain Split|p1a: Raging Bolt\n|-sethp|p1a: Raging Bolt|144/323|[from] move: Pain Split|[silent]\n|-sethp|p2a: Chandelure|144/235|[from] move: Pain Split\n|move|p1a: Raging Bolt|Thunderbolt|p2a: Chandelure\n|-damage|p2a: Chandelure|30/235\n|\n|-heal|p1a: Raging Bolt|164/323|[from] item: Leftovers\n|upkeep\n|turn|21\n|\n|t:|1782901732\n|move|p2a: Chandelure|Shadow Ball|p1a: Raging Bolt\n|-damage|p1a: Raging Bolt|38/323\n|move|p1a: Raging Bolt|Thunderbolt|p2a: Chandelure\n|-damage|p2a: Chandelure|0 fnt\n|faint|p2a: Chandelure\n|\n|-heal|p1a: Raging Bolt|58/323|[from] item: Leftovers\n|upkeep\n|\n|t:|1782901734\n|switch|p2a: Rabsca|Rabsca, L91, M|284/284\n|turn|22\n|\n|t:|1782901743\n|move|p1a: Raging Bolt|Thunderbolt|p2a: Rabsca\n|-damage|p2a: Rabsca|187/284\n|move|p2a: Rabsca|Revival Blessing|p2a: Rabsca\n|\n|t:|1782901745\n|-heal|p2: Swampert|151/302|[from] move: Revival Blessing\n|\n|-heal|p1a: Raging Bolt|78/323|[from] item: Leftovers\n|upkeep\n|turn|23\n|\n|t:|1782901755\n|switch|p2a: Swampert|Swampert, L83, F|151/302\n|move|p1a: Raging Bolt|Thunderbolt|p2a: Swampert\n|-immune|p2a: Swampert\n|\n|-heal|p1a: Raging Bolt|98/323|[from] item: Leftovers\n|-heal|p2a: Swampert|169/302|[from] item: Leftovers\n|upkeep\n|turn|24\n|\n|t:|1782901763\n|move|p1a: Raging Bolt|Draco Meteor|p2a: Swampert\n|-damage|p2a: Swampert|21/302\n|-unboost|p1a: Raging Bolt|spa|2\n|move|p2a: Swampert|Ice Beam|p1a: Raging Bolt\n|-supereffective|p1a: Raging Bolt\n|-damage|p1a: Raging Bolt|0 fnt\n|faint|p1a: Raging Bolt\n|-end|p1a: Raging Bolt|Protosynthesis|[silent]\n|\n|-heal|p2a: Swampert|39/302|[from] item: Leftovers\n|upkeep\n|\n|t:|1782901775\n|switch|p1a: Iron Leaves|Iron Leaves, L80|248/275\n|turn|25\n|\n|t:|1782901791\n|move|p1a: Iron Leaves|Leaf Blade|p2a: Swampert\n|-supereffective|p2a: Swampert\n|-damage|p2a: Swampert|0 fnt\n|faint|p2a: Swampert\n|-damage|p1a: Iron Leaves|221/275|[from] item: Life Orb\n|\n|upkeep\n|\n|t:|1782901793\n|switch|p2a: Rabsca|Rabsca, L91, M|187/284\n|turn|26\n|\n|t:|1782901802\n|move|p1a: Iron Leaves|Leaf Blade|p2a: Rabsca\n|-resisted|p2a: Rabsca\n|-crit|p2a: Rabsca\n|-damage|p2a: Rabsca|90/284\n|-damage|p1a: Iron Leaves|194/275|[from] item: Life Orb\n|move|p2a: Rabsca|Bug Buzz|p1a: Iron Leaves\n|-supereffective|p1a: Iron Leaves\n|-damage|p1a: Iron Leaves|0 fnt\n|faint|p1a: Iron Leaves\n|-end|p1a: Iron Leaves|Quark Drive|[silent]\n|\n|upkeep\n|\n|t:|1782901813\n|switch|p1a: Eiscue|Eiscue, L88, M|274/274\n|turn|27\n|\n|t:|1782901820\n|move|p1a: Eiscue|Ice Spinner|p2a: Rabsca\n|-damage|p2a: Rabsca|9/284\n|move|p2a: Rabsca|Psychic|p1a: Eiscue\n|-damage|p1a: Eiscue|163/274\n|\n|upkeep\n|turn|28\n|\n|t:|1782901826\n|move|p1a: Eiscue|Ice Spinner|p2a: Rabsca\n|-damage|p2a: Rabsca|0 fnt\n|faint|p2a: Rabsca\n|\n|win|MewtwoFixUp\n|raw|MewtwoFixUp's rating: 1679 &rarr; <strong>1696</strong><br />(+17 for winning)\n|raw|jnpr010334's rating: 1625 &rarr; <strong>1608</strong><br />(-17 for losing)\n", "inputlog": ">version f8ac14003a5f27e1bdc8d8c59608a773c1cb96e5\n>start {\"formatid\":\"gen9randombattle\",\"seed\":\"sodium,76f6170d8ff2e6368c50aa93a1b40875\",\"rated\":\"Rated battle\"}\n>player p1 {\"name\":\"MewtwoFixUp\",\"avatar\":\"169\",\"rating\":1679,\"seed\":\"sodium,c19edaf833e6b24f34d65127e0a7039c\"}\n>player p2 {\"name\":\"jnpr010334\",\"avatar\":\"265\",\"rating\":1684,\"seed\":\"sodium,788644ed1791a2d18aa67e6545cf00f4\"}\n>p1 move psyblade\n>p2 move quiverdance\n>p1 switch 6\n>p2 move bugbuzz\n>p1 move bugbuzz\n>p2 move quiverdance\n>p1 move bugbuzz\n>p2 move quiverdance\n>p2 switch 6\n>p1 move bugbuzz\n>p2 move knockoff\n>p1 move bugbuzz\n>p2 move knockoff\n>p2 switch 3\n>p1 move bugbuzz\n>p2 move coil\n>p1 move icebeam\n>p2 move rest\n>p1 move icebeam\n>p2 move coil\n>p1 move icebeam\n>p2 move rest\n>p1 move icebeam\n>p2 move coil\n>p1 move icebeam\n>p2 move rest\n>p1 move terablast\n>p2 move rest\n>p2 switch 5\n>p1 switch 4\n>p2 switch 2\n>p1 move swordsdance\n>p2 switch 4\n>p1 move playrough\n>p2 move flashcannon terastallize\n>p1 move shadowclaw\n>p2 move flashcannon\n>p2 switch 2\n>p1 move shadowsneak\n>p2 move shadowball\n>p1 switch 5\n>p1 move thunderbolt\n>p2 move painsplit\n>p1 move thunderbolt\n>p2 move painsplit\n>p1 move thunderbolt\n>p2 move shadowball\n>p2 switch 4\n>p1 move thunderbolt\n>p2 move revivalblessing\n>p2 switch 3\n>p1 move thunderbolt\n>p2 switch 3\n>p1 move dracometeor\n>p2 move icebeam\n>p1 switch 6\n>p1 move leafblade\n>p2 move knockoff\n>p2 switch 3\n>p1 move leafblade\n>p2 move bugbuzz\n>p1 switch 2\n>p1 move icespinner\n>p2 move psychic\n>p1 move icespinner\n>p2 move bugbuzz", "uploadtime": 1782901828, "views": 2, "formatid": "gen9randombattle", "rating": 1608, "private": 0, "password": null, "player_dets": [{"name": "MewtwoFixUp", "avatar": "169", "rating": 1679, "seed": "sodium,c19edaf833e6b24f34d65127e0a7039c"}, {"name": "jnpr010334", "avatar": "265", "rating": 1684, "seed": "sodium,788644ed1791a2d18aa67e6545cf00f4"}], "teams_full": [{"Iron Leaves": {"name": "Iron Leaves", "species": "Iron Leaves", "speciesId": "ironleaves", "gender": "N", "shiny": false, "level": 80, "moves": ["leafblade", "psyblade", "closecombat", "swordsdance"], "ability": "Quark Drive", "evs": {"hp": 85, "atk": 85, "def": 85, "spa": 85, "spd": 85, "spe": 85}, "ivs": {"hp": 31, "atk": 31, "def": 31, "spa": 31, "spd": 31, "spe": 31}, "item": "Life Orb", "teraType": "Fighting", "role": "Wallbreaker", "bvs": {"hp": 90, "atk": 130, "def": 88, "spa": 70, "spd": 108, "spe": 104}, "stats": {"hp": 275, "atk": 254, "def": 187, "spa": 158, "spd": 219, "spe": 213}, "types": ["Grass", "Psychic"]}, "Eiscue": {"name": "Eiscue", "species": "Eiscue", "speciesId": "eiscue", "gender": "M", "shiny": false, "level": 88, "moves": ["bellydrum", "zenheadbutt", "icespinner", "liquidation"], "ability": "Ice Face", "evs": {"hp": 81, "atk": 85, "def": 85, "spa": 85, "spd": 85, "spe": 85}, "ivs": {"hp": 31, "atk": 31, "def": 31, "spa": 31, "spd": 31, "spe": 31}, "item": "Sitrus Berry", "teraType": "Water", "role": "Setup Sweeper", "bvs": {"hp": 75, "atk": 80, "def": 110, "spa": 65, "spd": 90, "spe": 50}, "stats": {"hp": 274, "atk": 191, "def": 244, "spa": 165, "spd": 209, "spe": 138}, "types": ["Ice"]}, "Chesnaught": {"name": "Chesnaught", "species": "Chesnaught", "speciesId": "chesnaught", "gender": "F", "shiny": false, "level": 84, "moves": ["knockoff", "bodypress", "synthesis", "woodhammer"], "ability": "Bulletproof", "evs": {"hp": 85, "atk": 85, "def": 85, "spa": 85, "spd": 85, "spe": 85}, "ivs": {"hp": 31, "atk": 31, "def": 31, "spa": 31, "spd": 31, "spe": 31}, "item": "Rocky Helmet", "teraType": "Steel", "role": "Bulky Support", "bvs": {"hp": 88, "atk": 107, "def": 122, "spa": 74, "spd": 75, "spe": 64}, "stats": {"hp": 285, "atk": 228, "def": 253, "spa": 173, "spd": 174, "spe": 156}, "types": ["Grass", "Fighting"]}, "Mimikyu": {"name": "Mimikyu", "species": "Mimikyu", "speciesId": "mimikyu", "gender": "F", "shiny": false, "level": 79, "moves": ["shadowclaw", "playrough", "shadowsneak", "swordsdance"], "ability": "Disguise", "evs": {"hp": 85, "atk": 85, "def": 85, "spa": 85, "spd": 85, "spe": 85}, "ivs": {"hp": 31, "atk": 31, "def": 31, "spa": 31, "spd": 31, "spe": 31}, "item": "Life Orb", "teraType": "Ghost", "role": "Fast Bulky Setup", "bvs": {"hp": 55, "atk": 90, "def": 80, "spa": 50, "spd": 105, "spe": 96}, "stats": {"hp": 216, "atk": 188, "def": 172, "spa": 125, "spd": 211, "spe": 197}, "types": ["Ghost", "Fairy"]}, "Raging Bolt": {"name": "Raging Bolt", "species": "Raging Bolt", "speciesId": "ragingbolt", "gender": "N", "shiny": false, "level": 78, "moves": ["thunderclap", "thunderbolt", "calmmind", "dracometeor"], "ability": "Protosynthesis", "evs": {"hp": 85, "atk": 0, "def": 85, "spa": 85, "spd": 85, "spe": 85}, "ivs": {"hp": 31, "atk": 0, "def": 31, "spa": 31, "spd": 31, "spe": 31}, "item": "Leftovers", "teraType": "Electric", "role": "Bulky Setup", "bvs": {"hp": 125, "atk": 73, "def": 91, "spa": 137, "spd": 89, "spe": 75}, "stats": {"hp": 323, "atk": 118, "def": 187, "spa": 259, "spd": 184, "spe": 162}, "types": ["Electric", "Dragon"]}, "Ditto": {"name": "Ditto", "species": "Ditto", "speciesId": "ditto", "gender": "N", "shiny": false, "level": 87, "moves": ["transform"], "ability": "Imposter", "evs": {"hp": 85, "atk": 85, "def": 85, "spa": 85, "spd": 85, "spe": 85}, "ivs": {"hp": 31, "atk": 31, "def": 31, "spa": 31, "spd": 31, "spe": 31}, "item": "Choice Scarf", "teraType": "Ghost", "role": "Fast Support", "bvs": {"hp": 48, "atk": 48, "def": 48, "spa": 48, "spd": 48, "spe": 48}, "stats": {"hp": 225, "atk": 133, "def": 133, "spa": 133, "spd": 133, "spe": 133}, "types": ["Normal"]}}, {"Frosmoth": {"name": "Frosmoth", "species": "Frosmoth", "speciesId": "frosmoth", "gender": "F", "shiny": false, "level": 82, "moves": ["quiverdance", "icebeam", "terablast", "bugbuzz"], "ability": "Ice Scales", "evs": {"hp": 85, "atk": 0, "def": 85, "spa": 85, "spd": 85, "spe": 85}, "ivs": {"hp": 31, "atk": 0, "def": 31, "spa": 31, "spd": 31, "spe": 31}, "item": "Heavy-Duty Boots", "teraType": "Ground", "role": "Tera Blast user", "bvs": {"hp": 70, "atk": 65, "def": 60, "spa": 125, "spd": 90, "spe": 65}, "stats": {"hp": 249, "atk": 111, "def": 146, "spa": 252, "spd": 195, "spe": 154}, "types": ["Ice", "Bug"]}, "Rabsca": {"name": "Rabsca", "species": "Rabsca", "speciesId": "rabsca", "gender": "M", "shiny": false, "level": 91, "moves": ["revivalblessing", "trickroom", "bugbuzz", "psychic"], "ability": "Synchronize", "evs": {"hp": 85, "atk": 0, "def": 85, "spa": 85, "spd": 85, "spe": 0}, "ivs": {"hp": 31, "atk": 0, "def": 31, "spa": 31, "spd": 31, "spe": 0}, "item": "Heavy-Duty Boots", "teraType": "Steel", "role": "Wallbreaker", "bvs": {"hp": 75, "atk": 50, "def": 85, "spa": 115, "spd": 100, "spe": 45}, "stats": {"hp": 284, "atk": 96, "def": 207, "spa": 261, "spd": 234, "spe": 86}, "types": ["Bug", "Psychic"]}, "Orthworm": {"name": "Orthworm", "species": "Orthworm", "speciesId": "orthworm", "gender": "M", "shiny": false, "level": 88, "moves": ["bodypress", "rest", "coil", "irontail"], "ability": "Earth Eater", "evs": {"hp": 85, "atk": 85, "def": 85, "spa": 85, "spd": 85, "spe": 85}, "ivs": {"hp": 31, "atk": 31, "def": 31, "spa": 31, "spd": 31, "spe": 31}, "item": "Chesto Berry", "teraType": "Electric", "role": "Bulky Setup", "bvs": {"hp": 70, "atk": 85, "def": 145, "spa": 60, "spd": 55, "spe": 65}, "stats": {"hp": 266, "atk": 200, "def": 305, "spa": 156, "spd": 147, "spe": 165}, "types": ["Steel"]}, "Duraludon": {"name": "Duraludon", "species": "Duraludon", "speciesId": "duraludon", "gender": "M", "shiny": false, "level": 82, "moves": ["stealthrock", "flashcannon", "bodypress", "dracometeor"], "ability": "Light Metal", "evs": {"hp": 85, "atk": 0, "def": 85, "spa": 85, "spd": 85, "spe": 85}, "ivs": {"hp": 31, "atk": 0, "def": 31, "spa": 31, "spd": 31, "spe": 31}, "item": "Eviolite", "teraType": "Fighting", "role": "Bulky Attacker", "bvs": {"hp": 70, "atk": 95, "def": 115, "spa": 120, "spd": 50, "spe": 85}, "stats": {"hp": 249, "atk": 160, "def": 236, "spa": 244, "spd": 129, "spe": 187}, "types": ["Steel", "Dragon"]}, "Chandelure": {"name": "Chandelure", "species": "Chandelure", "speciesId": "chandelure", "gender": "F", "shiny": false, "level": 83, "moves": ["fireblast", "painsplit", "shadowball", "calmmind"], "ability": "Flash Fire", "evs": {"hp": 85, "atk": 0, "def": 85, "spa": 85, "spd": 85, "spe": 85}, "ivs": {"hp": 31, "atk": 0, "def": 31, "spa": 31, "spd": 31, "spe": 31}, "item": "Heavy-Duty Boots", "teraType": "Fire", "role": "Fast Bulky Setup", "bvs": {"hp": 60, "atk": 55, "def": 90, "spa": 145, "spd": 90, "spe": 80}, "stats": {"hp": 235, "atk": 96, "def": 197, "spa": 288, "spd": 197, "spe": 180}, "types": ["Ghost", "Fire"]}, "Swampert": {"name": "Swampert", "species": "Swampert", "speciesId": "swampert", "gender": "F", "shiny": false, "level": 83, "moves": ["earthquake", "roar", "knockoff", "icebeam"], "ability": "Damp", "evs": {"hp": 85, "atk": 85, "def": 85, "spa": 85, "spd": 85, "spe": 85}, "ivs": {"hp": 31, "atk": 31, "def": 31, "spa": 31, "spd": 31, "spe": 31}, "item": "Leftovers", "teraType": "Steel", "role": "Bulky Support", "bvs": {"hp": 100, "atk": 110, "def": 90, "spa": 85, "spd": 90, "spe": 60}, "stats": {"hp": 302, "atk": 230, "def": 197, "spa": 189, "spd": 197, "spe": 147}, "types": ["Water", "Ground"]}}]}