{"id": "gen9randombattle-2641820167", "format": "[Gen 9] Random Battle", "players": ["Fortre", "NoamL21"], "log": "|j|\u2606Fortre\n|j|\u2606NoamL21\n|t:|1782845821\n|gametype|singles\n|player|p1|Fortre|102|2034\n|player|p2|NoamL21|preschooler|2068\n|gen|9\n|tier|[Gen 9] Random Battle\n|rated|\n|rule|Species Clause: Limit one of each Pok\u00e9mon\n|rule|HP Percentage Mod: HP is shown in percentages\n|rule|Sleep Clause Mod: Limit one foe put to sleep\n|rule|Illusion Level Mod: Illusion disguises the Pok\u00e9mon's true level\n|\n|t:|1782845821\n|teamsize|p1|6\n|teamsize|p2|6\n|start\n|switch|p1a: Ursaring|Ursaring, L84, F|288/288\n|switch|p2a: Ho-Oh|Ho-Oh, L71|268/268\n|turn|1\n|inactive|Battle timer is ON: inactive players will automatically lose when time's up. (requested by NoamL21)\n|\n|t:|1782845828\n|switch|p2a: Emboar|Emboar, L84, F|322/322\n|move|p1a: Ursaring|Swords Dance|p1a: Ursaring\n|-boost|p1a: Ursaring|atk|2\n|\n|-status|p1a: Ursaring|tox|[from] item: Toxic Orb\n|upkeep\n|turn|2\n|\n|t:|1782845835\n|-terastallize|p1a: Ursaring|Normal\n|move|p1a: Ursaring|Facade|p2a: Emboar\n|-damage|p2a: Emboar|0 fnt\n|faint|p2a: Emboar\n|\n|-damage|p1a: Ursaring|270/288 tox|[from] psn\n|upkeep\n|\n|t:|1782845840\n|switch|p2a: Zamazenta|Zamazenta-Crowned, L68|238/238\n|-ability|p2a: Zamazenta|Dauntless Shield|boost\n|-boost|p2a: Zamazenta|def|1\n|turn|3\n|\n|t:|1782845846\n|switch|p1a: Zapdos|Zapdos, L78|268/268\n|move|p2a: Zamazenta|Body Press|p1a: Zapdos\n|-resisted|p1a: Zapdos\n|-damage|p1a: Zapdos|208/268\n|-status|p2a: Zamazenta|par|[from] ability: Static|[of] p1a: Zapdos\n|\n|upkeep\n|turn|4\n|\n|t:|1782845863\n|move|p1a: Zapdos|Hurricane|p2a: Zamazenta\n|-damage|p2a: Zamazenta|130/238 par\n|move|p2a: Zamazenta|Stone Edge|p1a: Zapdos\n|-supereffective|p1a: Zapdos\n|-damage|p1a: Zapdos|90/268\n|\n|upkeep\n|turn|5\n|\n|t:|1782845872\n|switch|p2a: Komala|Komala, L88, M|258/258\n|-ability|p2a: Komala|Comatose\n|move|p1a: Zapdos|Discharge|p2a: Komala\n|-damage|p2a: Komala|201/258\n|\n|upkeep\n|turn|6\n|\n|t:|1782845881\n|move|p1a: Zapdos|U-turn|p2a: Komala\n|-damage|p2a: Komala|150/258\n|\n|t:|1782845882\n|switch|p1a: Ursaring|Ursaring, L84, F, tera:Normal|270/288 tox|[from] U-turn\n|move|p2a: Komala|Rapid Spin|p1a: Ursaring\n|-damage|p1a: Ursaring|191/288 tox\n|-boost|p2a: Komala|spe|1\n|\n|-damage|p1a: Ursaring|173/288 tox|[from] psn\n|upkeep\n|turn|7\n|\n|t:|1782845889\n|move|p2a: Komala|Body Slam|p1a: Ursaring\n|-damage|p1a: Ursaring|38/288 tox\n|move|p1a: Ursaring|Facade|p2a: Komala\n|-damage|p2a: Komala|0 fnt\n|faint|p2a: Komala\n|\n|-damage|p1a: Ursaring|2/288 tox|[from] psn\n|upkeep\n|\n|t:|1782845895\n|switch|p2a: Zamazenta|Zamazenta-Crowned, L68|130/238 par\n|turn|8\n|\n|t:|1782845903\n|move|p1a: Ursaring|Close Combat|p2a: Zamazenta\n|-supereffective|p2a: Zamazenta\n|-crit|p2a: Zamazenta\n|-damage|p2a: Zamazenta|0 fnt\n|-unboost|p1a: Ursaring|def|1\n|-unboost|p1a: Ursaring|spd|1\n|faint|p2a: Zamazenta\n|\n|-damage|p1a: Ursaring|0 fnt|[from] psn\n|faint|p1a: Ursaring\n|upkeep\n|\n|t:|1782845915\n|switch|p2a: Girafarig|Girafarig, L89, M|269/269\n|switch|p1a: Zapdos|Zapdos, L78|90/268\n|turn|9\n|\n|t:|1782845920\n|move|p2a: Girafarig|Nasty Plot|p2a: Girafarig\n|-boost|p2a: Girafarig|spa|2\n|move|p1a: Zapdos|Discharge|p2a: Girafarig\n|-damage|p2a: Girafarig|202/269\n|\n|upkeep\n|turn|10\n|\n|t:|1782845926\n|move|p2a: Girafarig|Psyshock|p1a: Zapdos\n|-damage|p1a: Zapdos|0 fnt\n|faint|p1a: Zapdos\n|\n|upkeep\n|\n|t:|1782845929\n|switch|p1a: Skuntank|Skuntank, L84, F|310/310\n|turn|11\n|\n|t:|1782845932\n|move|p2a: Girafarig|Thunderbolt|p1a: Skuntank\n|-damage|p1a: Skuntank|139/310\n|move|p1a: Skuntank|Knock Off|p2a: Girafarig\n|-supereffective|p2a: Girafarig\n|-damage|p2a: Girafarig|0 fnt\n|-enditem|p2a: Girafarig|Eviolite|[from] move: Knock Off|[of] p1a: Skuntank\n|faint|p2a: Girafarig\n|-damage|p1a: Skuntank|108/310|[from] item: Life Orb\n|\n|upkeep\n|inactive|NoamL21 has 120 seconds left.\n|\n|t:|1782845975\n|switch|p2a: Ho-Oh|Ho-Oh, L71|268/268\n|turn|12\n|\n|t:|1782845979\n|move|p1a: Skuntank|Gunk Shot|p2a: Ho-Oh\n|-damage|p2a: Ho-Oh|99/268\n|-damage|p1a: Skuntank|77/310|[from] item: Life Orb\n|move|p2a: Ho-Oh|Earthquake|p1a: Skuntank\n|-supereffective|p1a: Skuntank\n|-damage|p1a: Skuntank|0 fnt\n|faint|p1a: Skuntank\n|\n|upkeep\n|\n|t:|1782845986\n|switch|p1a: Mienshao|Mienshao, L83, F|244/244\n|turn|13\n|inactive|NoamL21 has 120 seconds left.\n|inactive|NoamL21 has 90 seconds left.\n|\n|t:|1782846040\n|switch|p2a: Darkrai|Darkrai, L77|234/234\n|move|p1a: Mienshao|Knock Off|p2a: Darkrai\n|-resisted|p2a: Darkrai\n|-crit|p2a: Darkrai\n|-damage|p2a: Darkrai|144/234\n|-enditem|p2a: Darkrai|Life Orb|[from] move: Knock Off|[of] p1a: Mienshao\n|-damage|p1a: Mienshao|220/244|[from] item: Life Orb\n|\n|upkeep\n|turn|14\n|inactive|NoamL21 has 90 seconds left.\n|inactive|NoamL21 has 60 seconds left.\n|inactive|NoamL21 has 30 seconds left.\n|\n|t:|1782846120\n|move|p2a: Darkrai|Hypnosis|p1a: Mienshao\n|-status|p1a: Mienshao|slp|[from] move: Hypnosis\n|cant|p1a: Mienshao|slp\n|\n|-damage|p1a: Mienshao|190/244 slp|[from] ability: Bad Dreams|[of] p2a: Darkrai\n|upkeep\n|turn|15\n|\n|t:|1782846127\n|switch|p1a: Arboliva|Arboliva, L91, F|288/288\n|move|p2a: Darkrai|Nasty Plot|p2a: Darkrai\n|-boost|p2a: Darkrai|spa|2\n|\n|upkeep\n|turn|16\n|inactive|NoamL21 has 30 seconds left.\n|\n|t:|1782846151\n|-terastallize|p2a: Darkrai|Poison\n|move|p2a: Darkrai|Sludge Bomb|p1a: Arboliva\n|-supereffective|p1a: Arboliva\n|-damage|p1a: Arboliva|0 fnt\n|faint|p1a: Arboliva\n|\n|upkeep\n|\n|t:|1782846154\n|switch|p1a: Pelipper|Pelipper, L86, M|243/243\n|-weather|RainDance|[from] ability: Drizzle|[of] p1a: Pelipper\n|turn|17\n|\n|t:|1782846162\n|move|p2a: Darkrai|Sludge Bomb|p1a: Pelipper\n|-damage|p1a: Pelipper|17/243\n|move|p1a: Pelipper|Surf|p2a: Darkrai\n|-damage|p2a: Darkrai|0 fnt\n|faint|p2a: Darkrai\n|\n|-weather|RainDance|[upkeep]\n|upkeep\n|\n|t:|1782846165\n|switch|p2a: Ho-Oh|Ho-Oh, L71|188/268\n|turn|18\n|\n|t:|1782846185\n|move|p2a: Ho-Oh|Brave Bird|p1a: Pelipper\n|-damage|p1a: Pelipper|0 fnt\n|faint|p1a: Pelipper\n|-damage|p2a: Ho-Oh|182/268|[from] Recoil\n|\n|-weather|RainDance|[upkeep]\n|upkeep\n|\n|t:|1782846186\n|switch|p1a: Mienshao|Mienshao, L83, F|244/244 slp\n|turn|19\n|\n|t:|1782846189\n|-curestatus|p1a: Mienshao|slp|[msg]\n|move|p1a: Mienshao|Knock Off|p2a: Ho-Oh\n|-damage|p2a: Ho-Oh|66/268\n|-enditem|p2a: Ho-Oh|Heavy-Duty Boots|[from] move: Knock Off|[of] p1a: Mienshao\n|-damage|p1a: Mienshao|220/244|[from] item: Life Orb\n|move|p2a: Ho-Oh|Brave Bird|p1a: Mienshao\n|-supereffective|p1a: Mienshao\n|-damage|p1a: Mienshao|0 fnt\n|faint|p1a: Mienshao\n|-damage|p2a: Ho-Oh|0 fnt|[from] Recoil\n|faint|p2a: Ho-Oh\n|\n|win|NoamL21\n|raw|Fortre's rating: 2034 &rarr; <strong>2016</strong><br />(-18 for losing)\n|raw|NoamL21's rating: 2068 &rarr; <strong>2086</strong><br />(+18 for winning)\n", "inputlog": ">version f8ac14003a5f27e1bdc8d8c59608a773c1cb96e5\n>start {\"formatid\":\"gen9randombattle\",\"seed\":\"sodium,b863a2973309ebfa265028bc007bdc4e\",\"rated\":\"Rated battle\"}\n>player p1 {\"name\":\"Fortre\",\"avatar\":\"102\",\"rating\":2034,\"seed\":\"sodium,a819fc319f42b84809d14242815531eb\"}\n>player p2 {\"name\":\"NoamL21\",\"avatar\":\"preschooler\",\"rating\":2068,\"seed\":\"sodium,3e979b3582cad51ff88d189aaea5a152\"}\n>p1 move swordsdance\n>p2 switch 3\n>p1 move facade terastallize\n>p2 move closecombat\n>p2 switch 4\n>p1 switch 2\n>p2 move bodypress\n>p1 move hurricane\n>p2 move stoneedge\n>p1 move discharge\n>p2 switch 5\n>p1 move uturn\n>p2 move rapidspin\n>p1 switch 2\n>p1 move facade\n>p2 move bodyslam\n>p2 switch 5\n>p1 move closecombat\n>p2 move bodypress\n>p1 switch 2\n>p2 switch 2\n>p1 move discharge\n>p2 move nastyplot\n>p1 move discharge\n>p2 move psyshock\n>p1 switch 5\n>p1 move knockoff\n>p2 move thunderbolt\n>p2 switch 3\n>p1 move gunkshot\n>p2 move earthquake\n>p1 switch 6\n>p1 move knockoff\n>p2 switch 6\n>p1 move closecombat\n>p2 move hypnosis\n>p1 switch 4\n>p2 move nastyplot\n>p1 move hypervoice\n>p2 move sludgebomb terastallize\n>p1 switch 3\n>p1 move surf\n>p2 move sludgebomb\n>p2 switch 6\n>p1 move surf\n>p2 move bravebird\n>p1 switch 4\n>p1 move knockoff\n>p2 move bravebird", "uploadtime": 1782846189, "views": 6, "formatid": "gen9randombattle", "rating": 2016, "private": 0, "password": null, "player_dets": [{"name": "Fortre", "avatar": "102", "rating": 2034, "seed": "sodium,a819fc319f42b84809d14242815531eb"}, {"name": "NoamL21", "avatar": "preschooler", "rating": 2068, "seed": "sodium,3e979b3582cad51ff88d189aaea5a152"}], "teams_full": [{"Ursaring": {"name": "Ursaring", "species": "Ursaring", "speciesId": "ursaring", "gender": "F", "shiny": false, "level": 84, "moves": ["facade", "closecombat", "swordsdance", "crunch"], "ability": "Quick Feet", "evs": {"hp": 85, "atk": 85, "def": 85, "spa": 85, "spd": 85, "spe": 85}, "ivs": {"hp": 31, "atk": 31, "def": 31, "spa": 31, "spd": 31, "spe": 31}, "item": "Toxic Orb", "teraType": "Normal", "role": "Setup Sweeper", "bvs": {"hp": 90, "atk": 130, "def": 75, "spa": 75, "spd": 75, "spe": 55}, "stats": {"hp": 288, "atk": 267, "def": 174, "spa": 174, "spd": 174, "spe": 141}, "types": ["Normal"]}, "Zapdos": {"name": "Zapdos", "species": "Zapdos", "speciesId": "zapdos", "gender": "N", "shiny": false, "level": 78, "moves": ["hurricane", "uturn", "roost", "discharge"], "ability": "Static", "evs": {"hp": 85, "atk": 85, "def": 85, "spa": 85, "spd": 85, "spe": 85}, "ivs": {"hp": 31, "atk": 31, "def": 31, "spa": 31, "spd": 31, "spe": 31}, "item": "Heavy-Duty Boots", "teraType": "Electric", "role": "Bulky Attacker", "bvs": {"hp": 90, "atk": 90, "def": 85, "spa": 125, "spd": 90, "spe": 100}, "stats": {"hp": 268, "atk": 185, "def": 178, "spa": 240, "spd": 185, "spe": 201}, "types": ["Electric", "Flying"]}, "Pelipper": {"name": "Pelipper", "species": "Pelipper", "speciesId": "pelipper", "gender": "M", "shiny": false, "level": 86, "moves": ["hurricane", "uturn", "roost", "surf"], "ability": "Drizzle", "evs": {"hp": 85, "atk": 85, "def": 85, "spa": 85, "spd": 85, "spe": 85}, "ivs": {"hp": 31, "atk": 31, "def": 31, "spa": 31, "spd": 31, "spe": 31}, "item": "Heavy-Duty Boots", "teraType": "Water", "role": "Bulky Attacker", "bvs": {"hp": 60, "atk": 50, "def": 100, "spa": 95, "spd": 70, "spe": 65}, "stats": {"hp": 243, "atk": 135, "def": 221, "spa": 213, "spd": 170, "spe": 161}, "types": ["Water", "Flying"]}, "Arboliva": {"name": "Arboliva", "species": "Arboliva", "speciesId": "arboliva", "gender": "F", "shiny": false, "level": 91, "moves": ["substitute", "leechseed", "hypervoice", "protect"], "ability": "Harvest", "evs": {"hp": 77, "atk": 0, "def": 85, "spa": 85, "spd": 85, "spe": 85}, "ivs": {"hp": 31, "atk": 0, "def": 31, "spa": 31, "spd": 31, "spe": 31}, "item": "Sitrus Berry", "teraType": "Water", "role": "Bulky Support", "bvs": {"hp": 78, "atk": 69, "def": 90, "spa": 125, "spd": 109, "spe": 39}, "stats": {"hp": 288, "atk": 130, "def": 216, "spa": 279, "spd": 250, "spe": 123}, "types": ["Grass", "Normal"]}, "Skuntank": {"name": "Skuntank", "species": "Skuntank", "speciesId": "skuntank", "gender": "F", "shiny": false, "level": 84, "moves": ["knockoff", "toxicspikes", "gunkshot", "fireblast"], "ability": "Aftermath", "evs": {"hp": 85, "atk": 85, "def": 85, "spa": 85, "spd": 85, "spe": 85}, "ivs": {"hp": 31, "atk": 31, "def": 31, "spa": 31, "spd": 31, "spe": 31}, "item": "Life Orb", "teraType": "Poison", "role": "Fast Support", "bvs": {"hp": 103, "atk": 93, "def": 67, "spa": 71, "spd": 61, "spe": 84}, "stats": {"hp": 310, "atk": 204, "def": 161, "spa": 167, "spd": 151, "spe": 189}, "types": ["Poison", "Dark"]}, "Mienshao": {"name": "Mienshao", "species": "Mienshao", "speciesId": "mienshao", "gender": "F", "shiny": false, "level": 83, "moves": ["swordsdance", "knockoff", "closecombat", "poisonjab"], "ability": "Regenerator", "evs": {"hp": 85, "atk": 85, "def": 85, "spa": 85, "spd": 85, "spe": 85}, "ivs": {"hp": 31, "atk": 31, "def": 31, "spa": 31, "spd": 31, "spe": 31}, "item": "Life Orb", "teraType": "Dark", "role": "Setup Sweeper", "bvs": {"hp": 65, "atk": 125, "def": 60, "spa": 95, "spd": 60, "spe": 105}, "stats": {"hp": 244, "atk": 255, "def": 147, "spa": 205, "spd": 147, "spe": 222}, "types": ["Fighting"]}}, {"Ho-Oh": {"name": "Ho-Oh", "species": "Ho-Oh", "speciesId": "hooh", "gender": "N", "shiny": false, "level": 71, "moves": ["earthquake", "sacredfire", "recover", "bravebird"], "ability": "Regenerator", "evs": {"hp": 85, "atk": 85, "def": 85, "spa": 85, "spd": 85, "spe": 85}, "ivs": {"hp": 31, "atk": 31, "def": 31, "spa": 31, "spd": 31, "spe": 31}, "item": "Heavy-Duty Boots", "teraType": "Ground", "role": "Bulky Attacker", "bvs": {"hp": 106, "atk": 130, "def": 90, "spa": 110, "spd": 154, "spe": 90}, "stats": {"hp": 268, "atk": 226, "def": 169, "spa": 198, "spd": 260, "spe": 169}, "types": ["Fire", "Flying"]}, "Girafarig": {"name": "Girafarig", "species": "Girafarig", "speciesId": "girafarig", "gender": "M", "shiny": false, "level": 89, "moves": ["nastyplot", "thunderbolt", "psyshock", "shadowball"], "ability": "Sap Sipper", "evs": {"hp": 85, "atk": 0, "def": 85, "spa": 85, "spd": 85, "spe": 85}, "ivs": {"hp": 31, "atk": 0, "def": 31, "spa": 31, "spd": 31, "spe": 31}, "item": "Eviolite", "teraType": "Psychic", "role": "Bulky Setup", "bvs": {"hp": 70, "atk": 80, "def": 65, "spa": 90, "spd": 65, "spe": 85}, "stats": {"hp": 269, "atk": 147, "def": 166, "spa": 211, "spd": 166, "spe": 202}, "types": ["Normal", "Psychic"]}, "Emboar": {"name": "Emboar", "species": "Emboar", "speciesId": "emboar", "gender": "F", "shiny": false, "level": 84, "moves": ["flareblitz", "scald", "closecombat", "knockoff"], "ability": "Reckless", "evs": {"hp": 85, "atk": 85, "def": 85, "spa": 85, "spd": 85, "spe": 85}, "ivs": {"hp": 31, "atk": 31, "def": 31, "spa": 31, "spd": 31, "spe": 31}, "item": "Assault Vest", "teraType": "Water", "role": "AV Pivot", "bvs": {"hp": 110, "atk": 123, "def": 65, "spa": 100, "spd": 65, "spe": 65}, "stats": {"hp": 322, "atk": 255, "def": 157, "spa": 216, "spd": 157, "spe": 157}, "types": ["Fire", "Fighting"]}, "Zamazenta": {"name": "Zamazenta", "species": "Zamazenta", "speciesId": "zamazentacrowned", "gender": "N", "shiny": false, "level": 68, "moves": ["bodypress", "stoneedge", "irondefense", "heavyslam"], "ability": "Dauntless Shield", "evs": {"hp": 85, "atk": 85, "def": 85, "spa": 85, "spd": 85, "spe": 85}, "ivs": {"hp": 31, "atk": 31, "def": 31, "spa": 31, "spd": 31, "spe": 31}, "item": "Rusted Shield", "teraType": "Fighting", "role": "Bulky Setup", "bvs": {"hp": 92, "atk": 120, "def": 140, "spa": 80, "spd": 140, "spe": 128}, "stats": {"hp": 238, "atk": 203, "def": 230, "spa": 149, "spd": 230, "spe": 214}, "types": ["Fighting", "Steel"]}, "Komala": {"name": "Komala", "species": "Komala", "speciesId": "komala", "gender": "M", "shiny": false, "level": 88, "moves": ["rapidspin", "knockoff", "uturn", "bodyslam"], "ability": "Comatose", "evs": {"hp": 85, "atk": 85, "def": 85, "spa": 85, "spd": 85, "spe": 85}, "ivs": {"hp": 31, "atk": 31, "def": 31, "spa": 31, "spd": 31, "spe": 31}, "item": "Assault Vest", "teraType": "Ghost", "role": "Bulky Support", "bvs": {"hp": 65, "atk": 115, "def": 65, "spa": 75, "spd": 95, "spe": 65}, "stats": {"hp": 258, "atk": 253, "def": 165, "spa": 182, "spd": 217, "spe": 165}, "types": ["Normal"]}, "Darkrai": {"name": "Darkrai", "species": "Darkrai", "speciesId": "darkrai", "gender": "N", "shiny": false, "level": 77, "moves": ["darkpulse", "sludgebomb", "hypnosis", "nastyplot"], "ability": "Bad Dreams", "evs": {"hp": 85, "atk": 0, "def": 85, "spa": 85, "spd": 85, "spe": 85}, "ivs": {"hp": 31, "atk": 0, "def": 31, "spa": 31, "spd": 31, "spe": 31}, "item": "Life Orb", "teraType": "Poison", "role": "Setup Sweeper", "bvs": {"hp": 70, "atk": 90, "def": 90, "spa": 135, "spd": 90, "spe": 125}, "stats": {"hp": 234, "atk": 143, "def": 183, "spa": 252, "spd": 183, "spe": 237}, "types": ["Dark"]}}]}