{"id": "gen9randombattle-2641755105", "format": "[Gen 9] Random Battle", "players": ["warnerbrotha", "bottom1"], "log": "|j|\u2606warnerbrotha\n|j|\u2606bottom1\n|t:|1782838031\n|gametype|singles\n|player|p1|warnerbrotha|crasherwake|2043\n|player|p2|bottom1|red|1997\n|gen|9\n|tier|[Gen 9] Random Battle\n|rated|\n|rule|Species Clause: Limit one of each Pok\u00e9mon\n|rule|HP Percentage Mod: HP is shown in percentages\n|rule|Sleep Clause Mod: Limit one foe put to sleep\n|rule|Illusion Level Mod: Illusion disguises the Pok\u00e9mon's true level\n|\n|t:|1782838031\n|teamsize|p1|6\n|teamsize|p2|6\n|start\n|switch|p1a: Scyther|Scyther, L82, M|249/249\n|switch|p2a: Toxapex|Toxapex, L82, M|216/216\n|turn|1\n|inactive|Battle timer is ON: inactive players will automatically lose when time's up. (requested by bottom1)\n|\n|t:|1782838046\n|move|p1a: Scyther|U-turn|p2a: Toxapex\n|-resisted|p2a: Toxapex\n|-damage|p2a: Toxapex|191/216\n|\n|t:|1782838053\n|switch|p1a: Grafaiai|Grafaiai, L86, F|249/249|[from] U-turn\n|move|p2a: Toxapex|Toxic|p1a: Grafaiai\n|-immune|p1a: Grafaiai\n|\n|-heal|p2a: Toxapex|204/216|[from] item: Leftovers\n|upkeep\n|turn|2\n|\n|t:|1782838065\n|switch|p2a: Klefki|Klefki, L84, M|233/233\n|move|p1a: Grafaiai|Swords Dance|p1a: Grafaiai\n|-boost|p1a: Grafaiai|atk|2\n|\n|upkeep\n|turn|3\n|\n|t:|1782838075\n|move|p1a: Grafaiai|Knock Off|p2a: Klefki\n|-resisted|p2a: Klefki\n|-damage|p2a: Klefki|143/233\n|-enditem|p2a: Klefki|Leftovers|[from] move: Knock Off|[of] p1a: Grafaiai\n|-damage|p1a: Grafaiai|225/249|[from] item: Life Orb\n|move|p2a: Klefki|Foul Play|p1a: Grafaiai\n|-damage|p1a: Grafaiai|73/249\n|\n|upkeep\n|turn|4\n|\n|t:|1782838086\n|switch|p1a: Vaporeon|Vaporeon, L86, M|364/364\n|move|p2a: Klefki|Foul Play|p1a: Vaporeon\n|-damage|p1a: Vaporeon|313/364\n|\n|-heal|p1a: Vaporeon|335/364|[from] item: Leftovers\n|upkeep\n|turn|5\n|\n|t:|1782838091\n|switch|p2a: Toxapex|Toxapex, L82, M|216/216\n|move|p1a: Vaporeon|Scald|p2a: Toxapex\n|-resisted|p2a: Toxapex\n|-damage|p2a: Toxapex|180/216\n|-status|p2a: Toxapex|brn\n|\n|-heal|p1a: Vaporeon|357/364|[from] item: Leftovers\n|-heal|p2a: Toxapex|193/216 brn|[from] item: Leftovers\n|-damage|p2a: Toxapex|180/216 brn|[from] brn\n|upkeep\n|turn|6\n|\n|t:|1782838098\n|switch|p1a: Grafaiai|Grafaiai, L86, F|73/249\n|move|p2a: Toxapex|Toxic|p1a: Grafaiai\n|-immune|p1a: Grafaiai\n|\n|-heal|p2a: Toxapex|193/216 brn|[from] item: Leftovers\n|-damage|p2a: Toxapex|180/216 brn|[from] brn\n|upkeep\n|turn|7\n|\n|t:|1782838102\n|switch|p2a: Klefki|Klefki, L84, M|143/233\n|move|p1a: Grafaiai|Knock Off|p2a: Klefki\n|-resisted|p2a: Klefki\n|-damage|p2a: Klefki|111/233\n|-damage|p1a: Grafaiai|49/249|[from] item: Life Orb\n|\n|upkeep\n|turn|8\n|\n|t:|1782838107\n|switch|p1a: Vaporeon|Vaporeon, L86, M|357/364\n|move|p2a: Klefki|Spikes|p1a: Vaporeon\n|-sidestart|p1: warnerbrotha|Spikes\n|\n|-heal|p1a: Vaporeon|364/364|[from] item: Leftovers\n|upkeep\n|turn|9\n|\n|t:|1782838111\n|switch|p2a: Toxapex|Toxapex, L82, M|216/216 brn\n|move|p1a: Vaporeon|Scald|p2a: Toxapex\n|-resisted|p2a: Toxapex\n|-damage|p2a: Toxapex|182/216 brn\n|\n|-heal|p2a: Toxapex|195/216 brn|[from] item: Leftovers\n|-damage|p2a: Toxapex|182/216 brn|[from] brn\n|upkeep\n|turn|10\n|j| GoPlayCatch\n|\n|t:|1782838137\n|switch|p1a: Grafaiai|Grafaiai, L86, F|49/249\n|-damage|p1a: Grafaiai|18/249|[from] Spikes\n|move|p2a: Toxapex|Toxic|p1a: Grafaiai\n|-immune|p1a: Grafaiai\n|\n|-heal|p2a: Toxapex|195/216 brn|[from] item: Leftovers\n|-damage|p2a: Toxapex|182/216 brn|[from] brn\n|upkeep\n|turn|11\n|\n|t:|1782838144\n|switch|p2a: Klefki|Klefki, L84, M|111/233\n|move|p1a: Grafaiai|Knock Off|p2a: Klefki\n|-resisted|p2a: Klefki\n|-damage|p2a: Klefki|79/233\n|-damage|p1a: Grafaiai|0 fnt|[from] item: Life Orb\n|faint|p1a: Grafaiai\n|\n|upkeep\n|\n|t:|1782838152\n|switch|p1a: Roaring Moon|Roaring Moon, L72|270/270\n|-damage|p1a: Roaring Moon|237/270|[from] Spikes\n|turn|12\n|\n|t:|1782838164\n|move|p1a: Roaring Moon|Iron Head|p2a: Klefki\n|-damage|p2a: Klefki|29/233\n|move|p2a: Klefki|Dazzling Gleam|p1a: Roaring Moon\n|-supereffective|p1a: Roaring Moon\n|-damage|p1a: Roaring Moon|0 fnt\n|faint|p1a: Roaring Moon\n|-end|p1a: Roaring Moon|Protosynthesis|[silent]\n|\n|upkeep\n|l|\u2606warnerbrotha\n|inactive|warnerbrotha disconnected and has a minute to reconnect!\n|player|p1|\n|inactive|warnerbrotha has 30 seconds to reconnect!\n|inactive|warnerbrotha has 20 seconds to reconnect!\n|inactive|warnerbrotha has 15 seconds to reconnect!\n|inactive|warnerbrotha has 10 seconds to reconnect!\n|inactive|warnerbrotha has 5 seconds to reconnect!\n|-message|warnerbrotha lost due to inactivity.\n|\n|win|bottom1\n|raw|warnerbrotha's rating: 2043 &rarr; <strong>2020</strong><br />(-23 for losing)\n|raw|bottom1's rating: 1997 &rarr; <strong>2020</strong><br />(+23 for winning)\n", "inputlog": ">version f8ac14003a5f27e1bdc8d8c59608a773c1cb96e5\n>start {\"formatid\":\"gen9randombattle\",\"seed\":\"sodium,e80b93411455cc2f171435ea1e4ffa70\",\"rated\":\"Rated battle\"}\n>player p1 {\"name\":\"warnerbrotha\",\"avatar\":\"crasherwake\",\"rating\":2043,\"seed\":\"sodium,3c8af9594a951a31b17a21199792bff4\"}\n>player p2 {\"name\":\"bottom1\",\"avatar\":\"red\",\"rating\":1997,\"seed\":\"sodium,e1eb5727c9d3f8d60e977851956b3c49\"}\n>p1 move uturn\n>p2 move toxic\n>p1 switch 6\n>p1 move swordsdance\n>p2 switch 3\n>p1 move knockoff\n>p2 move foulplay\n>p1 switch 4\n>p2 move foulplay\n>p1 move scald\n>p2 switch 3\n>p1 switch 4\n>p2 move toxic\n>p1 move knockoff\n>p2 switch 3\n>p1 switch 4\n>p2 move spikes\n>p1 move scald\n>p2 switch 3\n>p1 switch 4\n>p2 move toxic\n>p1 move knockoff\n>p2 switch 3\n>p1 switch 5\n>p1 move ironhead\n>p2 move dazzlinggleam\n>forcelose p1", "uploadtime": 1782838035, "views": 8, "formatid": "gen9randombattle", "rating": 2020, "private": 0, "password": null, "player_dets": [{"name": "warnerbrotha", "avatar": "crasherwake", "rating": 2043, "seed": "sodium,3c8af9594a951a31b17a21199792bff4"}, {"name": "bottom1", "avatar": "red", "rating": 1997, "seed": "sodium,e1eb5727c9d3f8d60e977851956b3c49"}], "teams_full": [{"Scyther": {"name": "Scyther", "species": "Scyther", "speciesId": "scyther", "gender": "M", "shiny": false, "level": 82, "moves": ["uturn", "defog", "closecombat", "dualwingbeat"], "ability": "Technician", "evs": {"hp": 85, "atk": 85, "def": 85, "spa": 85, "spd": 85, "spe": 85}, "ivs": {"hp": 31, "atk": 31, "def": 31, "spa": 31, "spd": 31, "spe": 31}, "item": "Heavy-Duty Boots", "teraType": "Fighting", "role": "Fast Support", "bvs": {"hp": 70, "atk": 110, "def": 80, "spa": 55, "spd": 80, "spe": 105}, "stats": {"hp": 249, "atk": 228, "def": 178, "spa": 137, "spd": 178, "spe": 219}, "types": ["Bug", "Flying"]}, "Zacian": {"name": "Zacian", "species": "Zacian", "speciesId": "zacian", "gender": "N", "shiny": false, "level": 69, "moves": ["swordsdance", "crunch", "closecombat", "playrough"], "ability": "Intrepid Sword", "evs": {"hp": 85, "atk": 85, "def": 85, "spa": 85, "spd": 85, "spe": 85}, "ivs": {"hp": 31, "atk": 31, "def": 31, "spa": 31, "spd": 31, "spe": 31}, "item": "Life Orb", "teraType": "Fighting", "role": "Fast Attacker", "bvs": {"hp": 92, "atk": 120, "def": 115, "spa": 80, "spd": 115, "spe": 138}, "stats": {"hp": 241, "atk": 206, "def": 199, "spa": 151, "spd": 199, "spe": 231}, "types": ["Fairy"]}, "Zarude": {"name": "Zarude", "species": "Zarude-Dada", "speciesId": "zarude", "gender": "N", "shiny": false, "level": 77, "moves": ["uturn", "closecombat", "powerwhip", "knockoff"], "ability": "Leaf Guard", "evs": {"hp": 85, "atk": 85, "def": 85, "spa": 85, "spd": 85, "spe": 85}, "ivs": {"hp": 31, "atk": 31, "def": 31, "spa": 31, "spd": 31, "spe": 31}, "item": "Choice Band", "teraType": "Fighting", "role": "Fast Attacker", "bvs": {"hp": 105, "atk": 120, "def": 105, "spa": 70, "spd": 95, "spe": 105}, "stats": {"hp": 288, "atk": 229, "def": 206, "spa": 152, "spd": 191, "spe": 206}, "types": ["Dark", "Grass"]}, "Vaporeon": {"name": "Vaporeon", "species": "Vaporeon", "speciesId": "vaporeon", "gender": "M", "shiny": false, "level": 86, "moves": ["wish", "protect", "icebeam", "scald"], "ability": "Water Absorb", "evs": {"hp": 85, "atk": 0, "def": 85, "spa": 85, "spd": 85, "spe": 85}, "ivs": {"hp": 31, "atk": 0, "def": 31, "spa": 31, "spd": 31, "spe": 31}, "item": "Leftovers", "teraType": "Ground", "role": "Bulky Support", "bvs": {"hp": 130, "atk": 65, "def": 60, "spa": 110, "spd": 95, "spe": 65}, "stats": {"hp": 364, "atk": 116, "def": 152, "spa": 238, "spd": 213, "spe": 161}, "types": ["Water"]}, "Roaring Moon": {"name": "Roaring Moon", "species": "Roaring Moon", "speciesId": "roaringmoon", "gender": "N", "shiny": false, "level": 72, "moves": ["ironhead", "outrage", "dragondance", "knockoff"], "ability": "Protosynthesis", "evs": {"hp": 85, "atk": 85, "def": 85, "spa": 85, "spd": 85, "spe": 85}, "ivs": {"hp": 31, "atk": 31, "def": 31, "spa": 31, "spd": 31, "spe": 31}, "item": "Lum Berry", "teraType": "Steel", "role": "Setup Sweeper", "bvs": {"hp": 105, "atk": 139, "def": 71, "spa": 55, "spd": 101, "spe": 119}, "stats": {"hp": 270, "atk": 242, "def": 144, "spa": 121, "spd": 187, "spe": 213}, "types": ["Dragon", "Dark"]}, "Grafaiai": {"name": "Grafaiai", "species": "Grafaiai", "speciesId": "grafaiai", "gender": "F", "shiny": false, "level": 86, "moves": ["knockoff", "gunkshot", "swordsdance", "lowkick"], "ability": "Poison Touch", "evs": {"hp": 85, "atk": 85, "def": 85, "spa": 85, "spd": 85, "spe": 85}, "ivs": {"hp": 31, "atk": 31, "def": 31, "spa": 31, "spd": 31, "spe": 31}, "item": "Life Orb", "teraType": "Dark", "role": "Setup Sweeper", "bvs": {"hp": 63, "atk": 95, "def": 65, "spa": 80, "spd": 72, "spe": 110}, "stats": {"hp": 249, "atk": 213, "def": 161, "spa": 187, "spd": 173, "spe": 238}, "types": ["Poison", "Normal"]}}, {"Toxapex": {"name": "Toxapex", "species": "Toxapex", "speciesId": "toxapex", "gender": "M", "shiny": false, "level": 82, "moves": ["toxic", "haze", "recover", "liquidation"], "ability": "Regenerator", "evs": {"hp": 85, "atk": 85, "def": 85, "spa": 85, "spd": 85, "spe": 85}, "ivs": {"hp": 31, "atk": 31, "def": 31, "spa": 31, "spd": 31, "spe": 31}, "item": "Leftovers", "teraType": "Fairy", "role": "Bulky Support", "bvs": {"hp": 50, "atk": 63, "def": 152, "spa": 53, "spd": 142, "spe": 35}, "stats": {"hp": 216, "atk": 150, "def": 296, "spa": 134, "spd": 280, "spe": 105}, "types": ["Poison", "Water"]}, "Garganacl": {"name": "Garganacl", "species": "Garganacl", "speciesId": "garganacl", "gender": "M", "shiny": false, "level": 80, "moves": ["saltcure", "bodypress", "recover", "irondefense"], "ability": "Purifying Salt", "evs": {"hp": 85, "atk": 85, "def": 85, "spa": 85, "spd": 85, "spe": 85}, "ivs": {"hp": 31, "atk": 31, "def": 31, "spa": 31, "spd": 31, "spe": 31}, "item": "Leftovers", "teraType": "Dragon", "role": "Bulky Setup", "bvs": {"hp": 100, "atk": 100, "def": 130, "spa": 45, "spd": 90, "spe": 35}, "stats": {"hp": 291, "atk": 206, "def": 254, "spa": 118, "spd": 190, "spe": 102}, "types": ["Rock"]}, "Klefki": {"name": "Klefki", "species": "Klefki", "speciesId": "klefki", "gender": "M", "shiny": false, "level": 84, "moves": ["thunderwave", "spikes", "foulplay", "dazzlinggleam"], "ability": "Prankster", "evs": {"hp": 85, "atk": 0, "def": 85, "spa": 85, "spd": 85, "spe": 85}, "ivs": {"hp": 31, "atk": 0, "def": 31, "spa": 31, "spd": 31, "spe": 31}, "item": "Leftovers", "teraType": "Flying", "role": "Bulky Attacker", "bvs": {"hp": 57, "atk": 80, "def": 91, "spa": 80, "spd": 87, "spe": 75}, "stats": {"hp": 233, "atk": 139, "def": 201, "spa": 183, "spd": 194, "spe": 174}, "types": ["Steel", "Fairy"]}, "Blissey": {"name": "Blissey", "species": "Blissey", "speciesId": "blissey", "gender": "F", "shiny": false, "level": 85, "moves": ["softboiled", "stealthrock", "seismictoss", "thunderwave"], "ability": "Natural Cure", "evs": {"hp": 85, "atk": 0, "def": 85, "spa": 85, "spd": 85, "spe": 85}, "ivs": {"hp": 31, "atk": 0, "def": 31, "spa": 31, "spd": 31, "spe": 31}, "item": "Leftovers", "teraType": "Dark", "role": "Bulky Support", "bvs": {"hp": 255, "atk": 10, "def": 10, "spa": 75, "spd": 135, "spe": 55}, "stats": {"hp": 572, "atk": 22, "def": 66, "spa": 176, "spd": 278, "spe": 142}, "types": ["Normal"]}, "Pelipper": {"name": "Pelipper", "species": "Pelipper", "speciesId": "pelipper", "gender": "M", "shiny": false, "level": 86, "moves": ["hurricane", "uturn", "roost", "surf"], "ability": "Drizzle", "evs": {"hp": 85, "atk": 85, "def": 85, "spa": 85, "spd": 85, "spe": 85}, "ivs": {"hp": 31, "atk": 31, "def": 31, "spa": 31, "spd": 31, "spe": 31}, "item": "Heavy-Duty Boots", "teraType": "Water", "role": "Bulky Attacker", "bvs": {"hp": 60, "atk": 50, "def": 100, "spa": 95, "spd": 70, "spe": 65}, "stats": {"hp": 243, "atk": 135, "def": 221, "spa": 213, "spd": 170, "spe": 161}, "types": ["Water", "Flying"]}, "Zapdos": {"name": "Zapdos", "species": "Zapdos-Galar", "speciesId": "zapdosgalar", "gender": "N", "shiny": false, "level": 77, "moves": ["uturn", "closecombat", "knockoff", "bravebird"], "ability": "Defiant", "evs": {"hp": 85, "atk": 85, "def": 85, "spa": 85, "spd": 85, "spe": 85}, "ivs": {"hp": 31, "atk": 31, "def": 31, "spa": 31, "spd": 31, "spe": 31}, "item": "Choice Band", "teraType": "Dark", "role": "Fast Attacker", "bvs": {"hp": 90, "atk": 125, "def": 90, "spa": 85, "spd": 90, "spe": 100}, "stats": {"hp": 265, "atk": 237, "def": 183, "spa": 175, "spd": 183, "spe": 199}, "types": ["Fighting", "Flying"]}}]}