{"id": "gen9randombattle-2641949660", "format": "[Gen 9] Random Battle", "players": ["Stefanopro18", "Santa01"], "log": "|j|\u2606Stefanopro18\n|j|\u2606Santa01\n|t:|1782863490\n|gametype|singles\n|player|p1|Stefanopro18|cynthia-gen4|1460\n|player|p2|Santa01|hilda-wonderlauncher|1467\n|gen|9\n|tier|[Gen 9] Random Battle\n|rated|\n|rule|Species Clause: Limit one of each Pok\u00e9mon\n|rule|HP Percentage Mod: HP is shown in percentages\n|rule|Sleep Clause Mod: Limit one foe put to sleep\n|rule|Illusion Level Mod: Illusion disguises the Pok\u00e9mon's true level\n|\n|t:|1782863490\n|teamsize|p1|6\n|teamsize|p2|6\n|start\n|switch|p1a: Whimsicott|Whimsicott, L84, M|238/238\n|switch|p2a: Dipplin|Dipplin, L88, F|284/284\n|turn|1\n|inactive|Battle timer is ON: inactive players will automatically lose when time's up. (requested by Santa01)\n|\n|t:|1782863510\n|switch|p2a: Skeledirge|Skeledirge, L79, M|294/294\n|move|p1a: Whimsicott|Moonblast|p2a: Skeledirge\n|-resisted|p2a: Skeledirge\n|-damage|p2a: Skeledirge|246/294\n|\n|upkeep\n|turn|2\n|\n|t:|1782863517\n|switch|p1a: Tyranitar|Tyranitar, L78, F|284/284\n|-weather|Sandstorm|[from] ability: Sand Stream|[of] p1a: Tyranitar\n|move|p2a: Skeledirge|Flame Charge|p1a: Tyranitar\n|-resisted|p1a: Tyranitar\n|-damage|p1a: Tyranitar|266/284\n|-boost|p2a: Skeledirge|spe|1\n|\n|-weather|Sandstorm|[upkeep]\n|-damage|p2a: Skeledirge|228/294|[from] Sandstorm\n|upkeep\n|turn|3\n|\n|t:|1782863542\n|switch|p2a: Dipplin|Dipplin, L88, F|284/284\n|move|p1a: Tyranitar|Dragon Dance|p1a: Tyranitar\n|-boost|p1a: Tyranitar|atk|1\n|-boost|p1a: Tyranitar|spe|1\n|\n|-weather|Sandstorm|[upkeep]\n|-damage|p2a: Dipplin|267/284|[from] Sandstorm\n|upkeep\n|turn|4\n|\n|t:|1782863555\n|move|p1a: Tyranitar|Knock Off|p2a: Dipplin\n|-crit|p2a: Dipplin\n|-damage|p2a: Dipplin|131/284\n|-activate|p2a: Dipplin|ability: Sticky Hold\n|move|p2a: Dipplin|Giga Drain|p1a: Tyranitar\n|-supereffective|p1a: Tyranitar\n|-damage|p1a: Tyranitar|150/284\n|-heal|p2a: Dipplin|189/284|[from] drain|[of] p1a: Tyranitar\n|-enditem|p1a: Tyranitar|Weakness Policy\n|-boost|p1a: Tyranitar|atk|2|[from] item: Weakness Policy\n|-boost|p1a: Tyranitar|spa|2|[from] item: Weakness Policy\n|\n|-weather|Sandstorm|[upkeep]\n|-damage|p2a: Dipplin|172/284|[from] Sandstorm\n|upkeep\n|turn|5\n|\n|t:|1782863569\n|move|p1a: Tyranitar|Stone Edge|p2a: Dipplin\n|-damage|p2a: Dipplin|3/284\n|move|p2a: Dipplin|Giga Drain|p1a: Tyranitar\n|-supereffective|p1a: Tyranitar\n|-damage|p1a: Tyranitar|34/284\n|-heal|p2a: Dipplin|61/284|[from] drain|[of] p1a: Tyranitar\n|\n|-weather|Sandstorm|[upkeep]\n|-damage|p2a: Dipplin|44/284|[from] Sandstorm\n|upkeep\n|turn|6\n|\n|t:|1782863575\n|move|p2a: Dipplin|Sucker Punch|p1a: Tyranitar\n|-resisted|p1a: Tyranitar\n|-crit|p1a: Tyranitar\n|-damage|p1a: Tyranitar|1/284\n|move|p1a: Tyranitar|Knock Off|p2a: Dipplin\n|-damage|p2a: Dipplin|0 fnt\n|-enditem|p2a: Dipplin|Eviolite|[from] move: Knock Off|[of] p1a: Tyranitar\n|faint|p2a: Dipplin\n|\n|-weather|none\n|upkeep\n|\n|t:|1782863597\n|switch|p2a: Azumarill|Azumarill, L82, F|298/298\n|turn|7\n|n|!Stefanopro18|stefanopro18\n|inactive|Stefanopro18 has 120 seconds left.\n|\n|t:|1782863627\n|move|p2a: Azumarill|Aqua Jet|p1a: Tyranitar\n|-supereffective|p1a: Tyranitar\n|-damage|p1a: Tyranitar|0 fnt\n|faint|p1a: Tyranitar\n|\n|upkeep\n|inactive|Stefanopro18 has 120 seconds left.\n|\n|t:|1782863642\n|switch|p1a: Whimsicott|Whimsicott, L84, M|238/238\n|turn|8\n|inactive|Stefanopro18 has 120 seconds left.\n|\n|t:|1782863648\n|switch|p2a: Skeledirge|Skeledirge, L79, M|228/294\n|move|p1a: Whimsicott|Leech Seed|p2a: Skeledirge\n|-start|p2a: Skeledirge|move: Leech Seed\n|\n|-damage|p2a: Skeledirge|192/294|[from] Leech Seed|[of] p1a: Whimsicott\n|upkeep\n|turn|9\n|\n|t:|1782863658\n|switch|p1a: Talonflame|Talonflame, L83, F|265/265\n|move|p2a: Skeledirge|Torch Song|p1a: Talonflame\n|-resisted|p1a: Talonflame\n|-damage|p1a: Talonflame|215/265\n|-boost|p2a: Skeledirge|spa|1\n|\n|-damage|p2a: Skeledirge|156/294|[from] Leech Seed|[of] p1a: Talonflame\n|-heal|p1a: Talonflame|251/265|[silent]\n|upkeep\n|turn|10\n|\n|t:|1782863669\n|move|p1a: Talonflame|Brave Bird|p2a: Skeledirge\n|-damage|p2a: Skeledirge|47/294\n|-damage|p1a: Talonflame|215/265|[from] Recoil\n|move|p2a: Skeledirge|Slack Off|p2a: Skeledirge\n|-heal|p2a: Skeledirge|194/294\n|\n|-damage|p2a: Skeledirge|158/294|[from] Leech Seed|[of] p1a: Talonflame\n|-heal|p1a: Talonflame|251/265|[silent]\n|upkeep\n|turn|11\n|\n|t:|1782863675\n|move|p1a: Talonflame|Brave Bird|p2a: Skeledirge\n|-damage|p2a: Skeledirge|53/294\n|-damage|p1a: Talonflame|216/265|[from] Recoil\n|move|p2a: Skeledirge|Shadow Ball|p1a: Talonflame\n|-damage|p1a: Talonflame|54/265\n|-unboost|p1a: Talonflame|spd|1\n|\n|-damage|p2a: Skeledirge|17/294|[from] Leech Seed|[of] p1a: Talonflame\n|-heal|p1a: Talonflame|90/265|[silent]\n|upkeep\n|turn|12\n|\n|t:|1782863684\n|move|p1a: Talonflame|Roost|p1a: Talonflame\n|-heal|p1a: Talonflame|223/265\n|-singleturn|p1a: Talonflame|move: Roost\n|move|p2a: Skeledirge|Shadow Ball|p1a: Talonflame\n|-damage|p1a: Talonflame|78/265\n|-unboost|p1a: Talonflame|spd|1\n|\n|-damage|p2a: Skeledirge|0 fnt|[from] Leech Seed|[of] p1a: Talonflame\n|-heal|p1a: Talonflame|95/265|[silent]\n|faint|p2a: Skeledirge\n|upkeep\n|\n|t:|1782863688\n|switch|p2a: Ursaring|Ursaring, L84, M|288/288\n|turn|13\n|\n|t:|1782863701\n|switch|p1a: Whimsicott|Whimsicott, L84, M|238/238\n|move|p2a: Ursaring|Crunch|p1a: Whimsicott\n|-resisted|p1a: Whimsicott\n|-damage|p1a: Whimsicott|204/238\n|\n|-heal|p1a: Whimsicott|218/238|[from] item: Leftovers\n|-status|p2a: Ursaring|tox|[from] item: Toxic Orb\n|upkeep\n|turn|14\n|\n|t:|1782863709\n|-terastallize|p2a: Ursaring|Normal\n|move|p1a: Whimsicott|Encore|p2a: Ursaring\n|-start|p2a: Ursaring|Encore\n|move|p2a: Ursaring|Crunch|p1a: Whimsicott\n|-resisted|p1a: Whimsicott\n|-damage|p1a: Whimsicott|184/238\n|\n|-heal|p1a: Whimsicott|198/238|[from] item: Leftovers\n|-damage|p2a: Ursaring|270/288 tox|[from] psn\n|upkeep\n|turn|15\n|\n|t:|1782863716\n|switch|p2a: Volcanion|Volcanion, L79|255/255\n|move|p1a: Whimsicott|Leech Seed|p2a: Volcanion\n|-start|p2a: Volcanion|move: Leech Seed\n|\n|-heal|p1a: Whimsicott|212/238|[from] item: Leftovers\n|-damage|p2a: Volcanion|224/255|[from] Leech Seed|[of] p1a: Whimsicott\n|-heal|p1a: Whimsicott|238/238|[silent]\n|upkeep\n|turn|16\n|\n|t:|1782863728\n|move|p1a: Whimsicott|Substitute|p1a: Whimsicott\n|-start|p1a: Whimsicott|Substitute\n|-damage|p1a: Whimsicott|179/238\n|move|p2a: Volcanion|Steam Eruption|p1a: Whimsicott\n|-resisted|p1a: Whimsicott\n|-end|p1a: Whimsicott|Substitute\n|\n|-heal|p1a: Whimsicott|193/238|[from] item: Leftovers\n|-damage|p2a: Volcanion|193/255|[from] Leech Seed|[of] p1a: Whimsicott\n|-heal|p1a: Whimsicott|224/238|[silent]\n|upkeep\n|turn|17\n|\n|t:|1782863744\n|move|p1a: Whimsicott|Encore|p2a: Volcanion\n|-start|p2a: Volcanion|Encore\n|move|p2a: Volcanion|Steam Eruption|p1a: Whimsicott\n|-resisted|p1a: Whimsicott\n|-damage|p1a: Whimsicott|149/238\n|-status|p1a: Whimsicott|brn\n|\n|-heal|p1a: Whimsicott|163/238 brn|[from] item: Leftovers\n|-damage|p2a: Volcanion|162/255|[from] Leech Seed|[of] p1a: Whimsicott\n|-heal|p1a: Whimsicott|194/238 brn|[silent]\n|-damage|p1a: Whimsicott|180/238 brn|[from] brn\n|upkeep\n|turn|18\n|\n|t:|1782863757\n|switch|p1a: Arceus|Arceus-Grass, L73|296/296\n|switch|p2a: Ursaring|Ursaring, L84, M, tera:Normal|270/288 tox\n|\n|-damage|p2a: Ursaring|252/288 tox|[from] psn\n|upkeep\n|turn|19\n|\n|t:|1782863767\n|move|p1a: Arceus|Judgment|p2a: Ursaring\n|-damage|p2a: Ursaring|113/288 tox\n|move|p2a: Ursaring|Facade|p1a: Arceus\n|-damage|p1a: Arceus|82/296\n|\n|-damage|p2a: Ursaring|77/288 tox|[from] psn\n|upkeep\n|turn|20\n|\n|t:|1782863773\n|move|p1a: Arceus|Judgment|p2a: Ursaring\n|-damage|p2a: Ursaring|0 fnt\n|faint|p2a: Ursaring\n|\n|upkeep\n|\n|t:|1782863776\n|switch|p2a: Rhyperior|Rhyperior, L82, M|323/323\n|turn|21\n|\n|t:|1782863781\n|move|p1a: Arceus|Judgment|p2a: Rhyperior\n|-supereffective|p2a: Rhyperior\n|-damage|p2a: Rhyperior|0 fnt\n|faint|p2a: Rhyperior\n|\n|upkeep\n|\n|t:|1782863786\n|switch|p2a: Azumarill|Azumarill, L82, F|298/298\n|turn|22\n|\n|t:|1782863790\n|move|p1a: Arceus|Judgment|p2a: Azumarill\n|-supereffective|p2a: Azumarill\n|-damage|p2a: Azumarill|52/298\n|-enditem|p2a: Azumarill|Sitrus Berry|[eat]\n|-heal|p2a: Azumarill|126/298|[from] item: Sitrus Berry\n|move|p2a: Azumarill|Play Rough|p1a: Arceus\n|-damage|p1a: Arceus|0 fnt\n|faint|p1a: Arceus\n|\n|upkeep\n|\n|t:|1782863799\n|switch|p1a: Whimsicott|Whimsicott, L84, M|180/238 brn\n|turn|23\n|\n|t:|1782863801\n|move|p1a: Whimsicott|Leech Seed|p2a: Azumarill\n|-start|p2a: Azumarill|move: Leech Seed\n|move|p2a: Azumarill|Play Rough|p1a: Whimsicott\n|-damage|p1a: Whimsicott|74/238 brn\n|\n|-heal|p1a: Whimsicott|88/238 brn|[from] item: Leftovers\n|-damage|p2a: Azumarill|89/298|[from] Leech Seed|[of] p1a: Whimsicott\n|-heal|p1a: Whimsicott|125/238 brn|[silent]\n|-damage|p1a: Whimsicott|111/238 brn|[from] brn\n|upkeep\n|turn|24\n|l|\u2606Santa01\n|inactive|Santa01 disconnected and has a minute to reconnect!\n|player|p2|\n|inactive|Santa01 has 30 seconds to reconnect!\n|inactive|Santa01 has 20 seconds to reconnect!\n|inactive|Santa01 has 15 seconds to reconnect!\n|inactive|Santa01 has 10 seconds to reconnect!\n|inactive|Santa01 has 5 seconds to reconnect!\n|-message|Santa01 lost due to inactivity.\n|\n|win|Stefanopro18\n", "inputlog": ">version f8ac14003a5f27e1bdc8d8c59608a773c1cb96e5\n>start {\"formatid\":\"gen9randombattle\",\"seed\":\"sodium,81d3ec9c53b31b7e89bfdd039e7b14c8\",\"rated\":\"Rated battle\"}\n>player p1 {\"name\":\"Stefanopro18\",\"avatar\":\"cynthia-gen4\",\"rating\":1460,\"seed\":\"sodium,1f36d054c6585d443e651b46f40259f3\"}\n>player p2 {\"name\":\"Santa01\",\"avatar\":\"hilda-wonderlauncher\",\"rating\":1467,\"seed\":\"sodium,176c35b97b4535d8a7cc8112f8ba3958\"}\n>p1 move moonblast\n>p2 switch 2\n>p1 switch 3\n>p2 move flamecharge\n>p1 move dragondance\n>p2 switch 2\n>p1 move knockoff\n>p2 move gigadrain\n>p1 move stoneedge\n>p2 move gigadrain\n>p1 move knockoff\n>p2 move suckerpunch\n>p2 switch 6\n>chat \u2606Stefanopro18|fuck your have acua jet right?\n>p1 move stoneedge\n>p2 move aquajet\n>p1 switch 3\n>p1 move leechseed\n>p2 switch 2\n>p1 switch 5\n>p2 move torchsong\n>p1 move bravebird\n>p2 move slackoff\n>p1 move bravebird\n>p2 move shadowball\n>p1 move roost\n>p2 move shadowball\n>p2 switch 5\n>p1 switch 5\n>p2 move crunch\n>p1 move encore\n>p2 move facade terastallize\n>p1 move leechseed\n>p2 switch 3\n>p1 move substitute\n>p2 move steameruption\n>p1 move encore\n>p2 move flamethrower\n>p1 switch 6\n>p2 switch 3\n>p1 move judgment\n>p2 move facade\n>p1 move judgment\n>p2 move facade\n>p2 switch 4\n>p1 move judgment\n>p2 move rockpolish\n>p2 switch 2\n>p1 move judgment\n>p2 move playrough\n>p1 switch 6\n>p1 move leechseed\n>p2 move playrough\n>forcelose p2", "uploadtime": 1782863616, "views": 2, "formatid": "gen9randombattle", "rating": null, "private": 0, "password": null, "player_dets": [{"name": "Stefanopro18", "avatar": "cynthia-gen4", "rating": 1460, "seed": "sodium,1f36d054c6585d443e651b46f40259f3"}, {"name": "Santa01", "avatar": "hilda-wonderlauncher", "rating": 1467, "seed": "sodium,176c35b97b4535d8a7cc8112f8ba3958"}], "teams_full": [{"Whimsicott": {"name": "Whimsicott", "species": "Whimsicott", "speciesId": "whimsicott", "gender": "M", "shiny": false, "level": 84, "moves": ["substitute", "leechseed", "encore", "moonblast"], "ability": "Prankster", "evs": {"hp": 85, "atk": 0, "def": 85, "spa": 85, "spd": 85, "spe": 85}, "ivs": {"hp": 31, "atk": 0, "def": 31, "spa": 31, "spd": 31, "spe": 31}, "item": "Leftovers", "teraType": "Poison", "role": "Bulky Support", "bvs": {"hp": 60, "atk": 67, "def": 85, "spa": 77, "spd": 75, "spe": 116}, "stats": {"hp": 238, "atk": 117, "def": 191, "spa": 178, "spd": 174, "spe": 243}, "types": ["Grass", "Fairy"]}, "Squawkabilly": {"name": "Squawkabilly", "species": "Squawkabilly-Yellow", "speciesId": "squawkabillyyellow", "gender": "M", "shiny": false, "level": 89, "moves": ["bravebird", "foulplay", "quickattack", "doubleedge"], "ability": "Hustle", "evs": {"hp": 85, "atk": 85, "def": 85, "spa": 85, "spd": 85, "spe": 85}, "ivs": {"hp": 31, "atk": 31, "def": 31, "spa": 31, "spd": 31, "spe": 31}, "item": "Choice Band", "teraType": "Normal", "role": "Wallbreaker", "bvs": {"hp": 82, "atk": 96, "def": 51, "spa": 45, "spd": 51, "spe": 92}, "stats": {"hp": 291, "atk": 222, "def": 142, "spa": 131, "spd": 142, "spe": 215}, "types": ["Normal", "Flying"]}, "Tyranitar": {"name": "Tyranitar", "species": "Tyranitar", "speciesId": "tyranitar", "gender": "F", "shiny": false, "level": 78, "moves": ["earthquake", "dragondance", "stoneedge", "knockoff"], "ability": "Sand Stream", "evs": {"hp": 85, "atk": 85, "def": 85, "spa": 85, "spd": 85, "spe": 85}, "ivs": {"hp": 31, "atk": 31, "def": 31, "spa": 31, "spd": 31, "spe": 31}, "item": "Weakness Policy", "teraType": "Rock", "role": "Bulky Setup", "bvs": {"hp": 100, "atk": 134, "def": 110, "spa": 95, "spd": 100, "spe": 61}, "stats": {"hp": 284, "atk": 254, "def": 217, "spa": 193, "spd": 201, "spe": 140}, "types": ["Rock", "Dark"]}, "Ribombee": {"name": "Ribombee", "species": "Ribombee", "speciesId": "ribombee", "gender": "M", "shiny": false, "level": 83, "moves": ["bugbuzz", "quiverdance", "terablast", "moonblast"], "ability": "Shield Dust", "evs": {"hp": 85, "atk": 0, "def": 85, "spa": 85, "spd": 85, "spe": 85}, "ivs": {"hp": 31, "atk": 0, "def": 31, "spa": 31, "spd": 31, "spe": 31}, "item": "Heavy-Duty Boots", "teraType": "Ground", "role": "Tera Blast user", "bvs": {"hp": 60, "atk": 55, "def": 60, "spa": 95, "spd": 70, "spe": 124}, "stats": {"hp": 235, "atk": 96, "def": 147, "spa": 205, "spd": 164, "spe": 254}, "types": ["Bug", "Fairy"]}, "Talonflame": {"name": "Talonflame", "species": "Talonflame", "speciesId": "talonflame", "gender": "F", "shiny": false, "level": 83, "moves": ["overheat", "roost", "defog", "bravebird"], "ability": "Flame Body", "evs": {"hp": 85, "atk": 85, "def": 85, "spa": 85, "spd": 85, "spe": 85}, "ivs": {"hp": 31, "atk": 31, "def": 31, "spa": 31, "spd": 31, "spe": 31}, "item": "Heavy-Duty Boots", "teraType": "Dragon", "role": "Bulky Attacker", "bvs": {"hp": 78, "atk": 81, "def": 71, "spa": 74, "spd": 69, "spe": 126}, "stats": {"hp": 265, "atk": 182, "def": 166, "spa": 171, "spd": 162, "spe": 257}, "types": ["Fire", "Flying"]}, "Arceus": {"name": "Arceus", "species": "Arceus-Grass", "speciesId": "arceusgrass", "gender": "N", "shiny": false, "level": 73, "moves": ["calmmind", "earthpower", "icebeam", "judgment"], "ability": "Multitype", "evs": {"hp": 85, "atk": 0, "def": 85, "spa": 85, "spd": 85, "spe": 85}, "ivs": {"hp": 31, "atk": 0, "def": 31, "spa": 31, "spd": 31, "spe": 31}, "item": "Meadow Plate", "teraType": "Ground", "role": "Setup Sweeper", "bvs": {"hp": 120, "atk": 120, "def": 120, "spa": 120, "spd": 120, "spe": 120}, "stats": {"hp": 296, "atk": 180, "def": 218, "spa": 218, "spd": 218, "spe": 218}, "types": ["Grass"]}}, {"Dipplin": {"name": "Dipplin", "species": "Dipplin", "speciesId": "dipplin", "gender": "F", "shiny": false, "level": 88, "moves": ["gigadrain", "dragonpulse", "suckerpunch", "recover"], "ability": "Sticky Hold", "evs": {"hp": 85, "atk": 85, "def": 85, "spa": 85, "spd": 85, "spe": 85}, "ivs": {"hp": 31, "atk": 31, "def": 31, "spa": 31, "spd": 31, "spe": 31}, "item": "Eviolite", "teraType": "Steel", "role": "Bulky Attacker", "bvs": {"hp": 80, "atk": 80, "def": 110, "spa": 95, "spd": 80, "spe": 40}, "stats": {"hp": 284, "atk": 191, "def": 244, "spa": 217, "spd": 191, "spe": 121}, "types": ["Grass", "Dragon"]}, "Skeledirge": {"name": "Skeledirge", "species": "Skeledirge", "speciesId": "skeledirge", "gender": "M", "shiny": false, "level": 79, "moves": ["torchsong", "slackoff", "flamecharge", "shadowball"], "ability": "Unaware", "evs": {"hp": 85, "atk": 85, "def": 85, "spa": 85, "spd": 85, "spe": 85}, "ivs": {"hp": 31, "atk": 31, "def": 31, "spa": 31, "spd": 31, "spe": 31}, "item": "Heavy-Duty Boots", "teraType": "Water", "role": "Bulky Attacker", "bvs": {"hp": 104, "atk": 75, "def": 100, "spa": 110, "spd": 75, "spe": 66}, "stats": {"hp": 294, "atk": 164, "def": 204, "spa": 219, "spd": 164, "spe": 150}, "types": ["Fire", "Ghost"]}, "Volcanion": {"name": "Volcanion", "species": "Volcanion", "speciesId": "volcanion", "gender": "N", "shiny": false, "level": 79, "moves": ["flamethrower", "flamecharge", "sludgebomb", "steameruption"], "ability": "Water Absorb", "evs": {"hp": 81, "atk": 85, "def": 85, "spa": 85, "spd": 85, "spe": 85}, "ivs": {"hp": 31, "atk": 31, "def": 31, "spa": 31, "spd": 31, "spe": 31}, "item": "Assault Vest", "teraType": "Water", "role": "Bulky Attacker", "bvs": {"hp": 80, "atk": 110, "def": 120, "spa": 130, "spd": 90, "spe": 70}, "stats": {"hp": 255, "atk": 219, "def": 235, "spa": 251, "spd": 188, "spe": 156}, "types": ["Fire", "Water"]}, "Rhyperior": {"name": "Rhyperior", "species": "Rhyperior", "speciesId": "rhyperior", "gender": "M", "shiny": false, "level": 82, "moves": ["earthquake", "stoneedge", "rockpolish", "megahorn"], "ability": "Solid Rock", "evs": {"hp": 85, "atk": 85, "def": 85, "spa": 85, "spd": 85, "spe": 85}, "ivs": {"hp": 31, "atk": 31, "def": 31, "spa": 31, "spd": 31, "spe": 31}, "item": "Weakness Policy", "teraType": "Bug", "role": "Bulky Setup", "bvs": {"hp": 115, "atk": 140, "def": 130, "spa": 55, "spd": 55, "spe": 40}, "stats": {"hp": 323, "atk": 277, "def": 260, "spa": 137, "spd": 137, "spe": 113}, "types": ["Ground", "Rock"]}, "Ursaring": {"name": "Ursaring", "species": "Ursaring", "speciesId": "ursaring", "gender": "M", "shiny": false, "level": 84, "moves": ["crunch", "facade", "closecombat", "swordsdance"], "ability": "Quick Feet", "evs": {"hp": 85, "atk": 85, "def": 85, "spa": 85, "spd": 85, "spe": 85}, "ivs": {"hp": 31, "atk": 31, "def": 31, "spa": 31, "spd": 31, "spe": 31}, "item": "Toxic Orb", "teraType": "Normal", "role": "Setup Sweeper", "bvs": {"hp": 90, "atk": 130, "def": 75, "spa": 75, "spd": 75, "spe": 55}, "stats": {"hp": 288, "atk": 267, "def": 174, "spa": 174, "spd": 174, "spe": 141}, "types": ["Normal"]}, "Azumarill": {"name": "Azumarill", "species": "Azumarill", "speciesId": "azumarill", "gender": "F", "shiny": false, "level": 82, "moves": ["playrough", "liquidation", "aquajet", "bellydrum"], "ability": "Huge Power", "evs": {"hp": 85, "atk": 85, "def": 85, "spa": 85, "spd": 85, "spe": 85}, "ivs": {"hp": 31, "atk": 31, "def": 31, "spa": 31, "spd": 31, "spe": 31}, "item": "Sitrus Berry", "teraType": "Water", "role": "Bulky Attacker", "bvs": {"hp": 100, "atk": 50, "def": 80, "spa": 60, "spd": 80, "spe": 50}, "stats": {"hp": 298, "atk": 129, "def": 178, "spa": 146, "spd": 178, "spe": 129}, "types": ["Water", "Fairy"]}}]}