{"id": "gen9randombattle-2641755930", "format": "[Gen 9] Random Battle", "players": ["Awing3382", "JaviC04"], "log": "|j|\u2606Awing3382\n|j|\u2606JaviC04\n|t:|1782838125\n|gametype|singles\n|player|p1|Awing3382|yellow|2062\n|player|p2|JaviC04|artist|2098\n|gen|9\n|tier|[Gen 9] Random Battle\n|rated|\n|rule|Species Clause: Limit one of each Pok\u00e9mon\n|rule|HP Percentage Mod: HP is shown in percentages\n|rule|Sleep Clause Mod: Limit one foe put to sleep\n|rule|Illusion Level Mod: Illusion disguises the Pok\u00e9mon's true level\n|\n|t:|1782838125\n|teamsize|p1|6\n|teamsize|p2|6\n|start\n|switch|p1a: Oinkologne|Oinkologne, L92, M|352/352\n|switch|p2a: Luvdisc|Luvdisc, F|247/247\n|turn|1\n|inactive|Battle timer is ON: inactive players will automatically lose when time's up. (requested by JaviC04)\n|inactive|Awing3382 has 120 seconds left.\n|inactive|Awing3382 has 90 seconds left.\n|inactive|Awing3382 has 60 seconds left.\n|inactive|Awing3382 has 30 seconds left.\n|inactive|Awing3382 has 20 seconds left.\n|inactive|Awing3382 has 15 seconds left.\n|inactive|Awing3382 has 10 seconds left.\n|inactive|Awing3382 has 5 seconds left.\n|-message|Awing3382 lost due to inactivity.\n|\n|win|JaviC04\n|raw|Awing3382's rating: 2062 &rarr; <strong>2044</strong><br />(-18 for losing)\n|raw|JaviC04's rating: 2098 &rarr; <strong>2116</strong><br />(+18 for winning)\n", "inputlog": ">version f8ac14003a5f27e1bdc8d8c59608a773c1cb96e5\n>start {\"formatid\":\"gen9randombattle\",\"seed\":\"sodium,d72e2147ab5aff0417243a14e1cc9c44\",\"rated\":\"Rated battle\"}\n>player p1 {\"name\":\"Awing3382\",\"avatar\":\"yellow\",\"rating\":2062,\"seed\":\"sodium,0757594d93a4223963fa1094f1f0d3fb\"}\n>player p2 {\"name\":\"JaviC04\",\"avatar\":\"artist\",\"rating\":2098,\"seed\":\"sodium,07ff1d677bb7cbb5068f842dba853812\"}\n>forcelose p1", "uploadtime": 1782838282, "views": 7, "formatid": "gen9randombattle", "rating": 2044, "private": 0, "password": null, "player_dets": [{"name": "Awing3382", "avatar": "yellow", "rating": 2062, "seed": "sodium,0757594d93a4223963fa1094f1f0d3fb"}, {"name": "JaviC04", "avatar": "artist", "rating": 2098, "seed": "sodium,07ff1d677bb7cbb5068f842dba853812"}], "teams_full": [{"Oinkologne": {"name": "Oinkologne", "species": "Oinkologne", "speciesId": "oinkologne", "gender": "M", "shiny": false, "level": 92, "moves": ["highhorsepower", "lashout", "curse", "bodyslam"], "ability": "Thick Fat", "evs": {"hp": 85, "atk": 85, "def": 85, "spa": 85, "spd": 85, "spe": 85}, "ivs": {"hp": 31, "atk": 31, "def": 31, "spa": 31, "spd": 31, "spe": 31}, "item": "Leftovers", "teraType": "Ground", "role": "Bulky Setup", "bvs": {"hp": 110, "atk": 100, "def": 75, "spa": 59, "spd": 80, "spe": 65}, "stats": {"hp": 352, "atk": 236, "def": 190, "spa": 161, "spd": 200, "spe": 172}, "types": ["Normal"]}, "Clodsire": {"name": "Clodsire", "species": "Clodsire", "speciesId": "clodsire", "gender": "F", "shiny": false, "level": 81, "moves": ["stealthrock", "earthquake", "recover", "poisonjab"], "ability": "Water Absorb", "evs": {"hp": 85, "atk": 85, "def": 85, "spa": 85, "spd": 85, "spe": 85}, "ivs": {"hp": 31, "atk": 31, "def": 31, "spa": 31, "spd": 31, "spe": 31}, "item": "Leftovers", "teraType": "Steel", "role": "Bulky Attacker", "bvs": {"hp": 130, "atk": 75, "def": 60, "spa": 45, "spd": 100, "spe": 20}, "stats": {"hp": 343, "atk": 168, "def": 144, "spa": 120, "spd": 209, "spe": 79}, "types": ["Poison", "Ground"]}, "Kilowattrel": {"name": "Kilowattrel", "species": "Kilowattrel", "speciesId": "kilowattrel", "gender": "F", "shiny": false, "level": 83, "moves": ["hurricane", "thunderbolt", "uturn", "roost"], "ability": "Volt Absorb", "evs": {"hp": 85, "atk": 85, "def": 85, "spa": 85, "spd": 85, "spe": 85}, "ivs": {"hp": 31, "atk": 31, "def": 31, "spa": 31, "spd": 31, "spe": 31}, "item": "Heavy-Duty Boots", "teraType": "Water", "role": "Bulky Attacker", "bvs": {"hp": 70, "atk": 70, "def": 60, "spa": 105, "spd": 60, "spe": 125}, "stats": {"hp": 252, "atk": 164, "def": 147, "spa": 222, "spd": 147, "spe": 255}, "types": ["Electric", "Flying"]}, "Charizard": {"name": "Charizard", "species": "Charizard", "speciesId": "charizard", "gender": "F", "shiny": false, "level": 85, "moves": ["earthquake", "willowisp", "flamethrower", "hurricane"], "ability": "Blaze", "evs": {"hp": 85, "atk": 85, "def": 85, "spa": 85, "spd": 85, "spe": 85}, "ivs": {"hp": 31, "atk": 31, "def": 31, "spa": 31, "spd": 31, "spe": 31}, "item": "Heavy-Duty Boots", "teraType": "Dragon", "role": "Fast Attacker", "bvs": {"hp": 78, "atk": 84, "def": 78, "spa": 109, "spd": 85, "spe": 100}, "stats": {"hp": 271, "atk": 192, "def": 181, "spa": 234, "spd": 193, "spe": 219}, "types": ["Fire", "Flying"]}, "Abomasnow": {"name": "Abomasnow", "species": "Abomasnow", "speciesId": "abomasnow", "gender": "F", "shiny": false, "level": 84, "moves": ["auroraveil", "blizzard", "earthquake", "iceshard"], "ability": "Snow Warning", "evs": {"hp": 77, "atk": 85, "def": 85, "spa": 85, "spd": 85, "spe": 85}, "ivs": {"hp": 31, "atk": 31, "def": 31, "spa": 31, "spd": 31, "spe": 31}, "item": "Light Clay", "teraType": "Ghost", "role": "Bulky Support", "bvs": {"hp": 90, "atk": 92, "def": 75, "spa": 92, "spd": 85, "spe": 60}, "stats": {"hp": 287, "atk": 203, "def": 174, "spa": 203, "spd": 191, "spe": 149}, "types": ["Grass", "Ice"]}, "Breloom": {"name": "Breloom", "species": "Breloom", "speciesId": "breloom", "gender": "M", "shiny": false, "level": 83, "moves": ["machpunch", "spore", "rocktomb", "bulletseed"], "ability": "Technician", "evs": {"hp": 85, "atk": 85, "def": 85, "spa": 85, "spd": 85, "spe": 85}, "ivs": {"hp": 31, "atk": 31, "def": 31, "spa": 31, "spd": 31, "spe": 31}, "item": "Life Orb", "teraType": "Rock", "role": "Fast Attacker", "bvs": {"hp": 60, "atk": 130, "def": 80, "spa": 60, "spd": 60, "spe": 70}, "stats": {"hp": 235, "atk": 263, "def": 180, "spa": 147, "spd": 147, "spe": 164}, "types": ["Grass", "Fighting"]}}, {"Luvdisc": {"name": "Luvdisc", "species": "Luvdisc", "speciesId": "luvdisc", "gender": "F", "shiny": false, "level": 100, "moves": ["endeavor", "surf", "substitute", "whirlpool"], "ability": "Swift Swim", "evs": {"hp": 81, "atk": 0, "def": 85, "spa": 85, "spd": 85, "spe": 85}, "ivs": {"hp": 31, "atk": 0, "def": 31, "spa": 31, "spd": 31, "spe": 31}, "item": "Heavy-Duty Boots", "teraType": "Ground", "role": "Fast Support", "bvs": {"hp": 43, "atk": 30, "def": 55, "spa": 40, "spd": 65, "spe": 97}, "stats": {"hp": 247, "atk": 65, "def": 167, "spa": 137, "spd": 187, "spe": 251}, "types": ["Water"]}, "Hydrapple": {"name": "Hydrapple", "species": "Hydrapple", "speciesId": "hydrapple", "gender": "M", "shiny": false, "level": 83, "moves": ["ficklebeam", "leafstorm", "dracometeor", "earthpower"], "ability": "Regenerator", "evs": {"hp": 85, "atk": 0, "def": 85, "spa": 85, "spd": 85, "spe": 85}, "ivs": {"hp": 31, "atk": 0, "def": 31, "spa": 31, "spd": 31, "spe": 31}, "item": "Choice Specs", "teraType": "Dragon", "role": "Wallbreaker", "bvs": {"hp": 106, "atk": 80, "def": 110, "spa": 120, "spd": 80, "spe": 44}, "stats": {"hp": 312, "atk": 137, "def": 230, "spa": 247, "spd": 180, "spe": 121}, "types": ["Grass", "Dragon"]}, "Hitmontop": {"name": "Hitmontop", "species": "Hitmontop", "speciesId": "hitmontop", "gender": "M", "shiny": false, "level": 88, "moves": ["closecombat", "tripleaxel", "bulkup", "rapidspin"], "ability": "Technician", "evs": {"hp": 85, "atk": 85, "def": 85, "spa": 85, "spd": 85, "spe": 85}, "ivs": {"hp": 31, "atk": 31, "def": 31, "spa": 31, "spd": 31, "spe": 31}, "item": "Leftovers", "teraType": "Ice", "role": "Bulky Setup", "bvs": {"hp": 50, "atk": 95, "def": 95, "spa": 35, "spd": 110, "spe": 70}, "stats": {"hp": 231, "atk": 217, "def": 217, "spa": 112, "spd": 244, "spe": 173}, "types": ["Fighting"]}, "Zebstrika": {"name": "Zebstrika", "species": "Zebstrika", "speciesId": "zebstrika", "gender": "F", "shiny": false, "level": 87, "moves": ["voltswitch", "highhorsepower", "supercellslam", "overheat"], "ability": "Sap Sipper", "evs": {"hp": 85, "atk": 85, "def": 85, "spa": 85, "spd": 85, "spe": 85}, "ivs": {"hp": 31, "atk": 31, "def": 31, "spa": 31, "spd": 31, "spe": 31}, "item": "Life Orb", "teraType": "Ground", "role": "Fast Attacker", "bvs": {"hp": 75, "atk": 100, "def": 63, "spa": 80, "spd": 63, "spe": 116}, "stats": {"hp": 272, "atk": 224, "def": 159, "spa": 189, "spd": 159, "spe": 252}, "types": ["Electric"]}, "Glastrier": {"name": "Glastrier", "species": "Glastrier", "speciesId": "glastrier", "gender": "N", "shiny": false, "level": 86, "moves": ["highhorsepower", "closecombat", "heavyslam", "iciclecrash"], "ability": "Chilling Neigh", "evs": {"hp": 81, "atk": 85, "def": 85, "spa": 85, "spd": 85, "spe": 85}, "ivs": {"hp": 31, "atk": 31, "def": 31, "spa": 31, "spd": 31, "spe": 31}, "item": "Choice Band", "teraType": "Fighting", "role": "Bulky Attacker", "bvs": {"hp": 100, "atk": 145, "def": 130, "spa": 65, "spd": 110, "spe": 30}, "stats": {"hp": 311, "atk": 299, "def": 273, "spa": 161, "spd": 238, "spe": 101}, "types": ["Ice"]}, "Toxapex": {"name": "Toxapex", "species": "Toxapex", "speciesId": "toxapex", "gender": "F", "shiny": false, "level": 82, "moves": ["recover", "toxicspikes", "liquidation", "haze"], "ability": "Regenerator", "evs": {"hp": 85, "atk": 85, "def": 85, "spa": 85, "spd": 85, "spe": 85}, "ivs": {"hp": 31, "atk": 31, "def": 31, "spa": 31, "spd": 31, "spe": 31}, "item": "Leftovers", "teraType": "Grass", "role": "Bulky Support", "bvs": {"hp": 50, "atk": 63, "def": 152, "spa": 53, "spd": 142, "spe": 35}, "stats": {"hp": 216, "atk": 150, "def": 296, "spa": 134, "spd": 280, "spe": 105}, "types": ["Poison", "Water"]}}]}