{"id": "gen9randombattle-2642057522", "format": "[Gen 9] Random Battle", "players": ["randbatsluvr", "Kenistzu"], "log": "|j|\u2606randbatsluvr\n|j|\u2606Kenistzu\n|t:|1782880923\n|gametype|singles\n|player|p1|randbatsluvr|169|1124\n|player|p2|Kenistzu|101|1119\n|gen|9\n|tier|[Gen 9] Random Battle\n|rated|\n|rule|Species Clause: Limit one of each Pok\u00e9mon\n|rule|HP Percentage Mod: HP is shown in percentages\n|rule|Sleep Clause Mod: Limit one foe put to sleep\n|rule|Illusion Level Mod: Illusion disguises the Pok\u00e9mon's true level\n|\n|t:|1782880923\n|teamsize|p1|6\n|teamsize|p2|6\n|start\n|switch|p1a: Mienshao|Mienshao, L83, F|243/243\n|switch|p2a: Hatterene|Hatterene, L85, F|236/236\n|turn|1\n|inactive|Battle timer is ON: inactive players will automatically lose when time's up. (requested by randbatsluvr)\n|\n|t:|1782880935\n|switch|p1a: Brambleghast|Brambleghast, L88, M|240/240\n|move|p2a: Hatterene|Calm Mind|p2a: Hatterene\n|-boost|p2a: Hatterene|spa|1\n|-boost|p2a: Hatterene|spd|1\n|\n|upkeep\n|turn|2\n|\n|t:|1782880944\n|move|p1a: Brambleghast|Poltergeist|p2a: Hatterene\n|-activate|p2a: Hatterene|move: Poltergeist|Leftovers\n|-supereffective|p2a: Hatterene\n|-damage|p2a: Hatterene|0 fnt\n|faint|p2a: Hatterene\n|\n|upkeep\n|\n|t:|1782880965\n|switch|p2a: Goodra|Goodra-Hisui, L82, M|265/265\n|turn|3\n|\n|t:|1782880973\n|move|p1a: Brambleghast|Poltergeist|p2a: Goodra\n|-activate|p2a: Goodra|move: Poltergeist|Assault Vest\n|-damage|p2a: Goodra|130/265\n|move|p2a: Goodra|Heavy Slam|p1a: Brambleghast\n|-damage|p1a: Brambleghast|111/240\n|\n|upkeep\n|turn|4\n|\n|t:|1782880984\n|-terastallize|p1a: Brambleghast|Water\n|move|p1a: Brambleghast|Poltergeist|p2a: Goodra\n|-activate|p2a: Goodra|move: Poltergeist|Assault Vest\n|-damage|p2a: Goodra|0 fnt\n|faint|p2a: Goodra\n|\n|upkeep\n|\n|t:|1782880999\n|switch|p2a: Regidrago|Regidrago, L77|435/435\n|turn|5\n|\n|t:|1782881004\n|switch|p1a: Archaludon|Archaludon, L78, M|268/268\n|move|p2a: Regidrago|Earthquake|p1a: Archaludon\n|-supereffective|p1a: Archaludon\n|-damage|p1a: Archaludon|172/268\n|-ability|p1a: Archaludon|Stamina|boost\n|-boost|p1a: Archaludon|def|1\n|\n|upkeep\n|turn|6\n|\n|t:|1782881013\n|move|p2a: Regidrago|Earthquake|p1a: Archaludon\n|-supereffective|p1a: Archaludon\n|-damage|p1a: Archaludon|104/268\n|-ability|p1a: Archaludon|Stamina|boost\n|-boost|p1a: Archaludon|def|1\n|move|p1a: Archaludon|Draco Meteor|p2a: Regidrago\n|-supereffective|p2a: Regidrago\n|-damage|p2a: Regidrago|0 fnt\n|-unboost|p1a: Archaludon|spa|2\n|faint|p2a: Regidrago\n|\n|upkeep\n|\n|t:|1782881026\n|switch|p2a: Munkidori|Munkidori, L79, M|269/269\n|turn|7\n|\n|t:|1782881031\n|switch|p1a: Excadrill|Excadrill, L79, F|303/303\n|-ability|p1a: Excadrill|Mold Breaker\n|move|p2a: Munkidori|Psychic Noise|p1a: Excadrill\n|-resisted|p1a: Excadrill\n|-damage|p1a: Excadrill|264/303\n|-start|p1a: Excadrill|move: Heal Block\n|\n|upkeep\n|turn|8\n|\n|t:|1782881041\n|move|p2a: Munkidori|U-turn|p1a: Excadrill\n|-resisted|p1a: Excadrill\n|-damage|p1a: Excadrill|236/303\n|\n|t:|1782881046\n|switch|p2a: Minior|Minior-Green, L79|224/224|[from] U-turn\n|-formechange|p2a: Minior|Minior-Meteor||[from] ability: Shields Down\n|move|p1a: Excadrill|Earthquake|p2a: Minior\n|-immune|p2a: Minior\n|\n|-end|p1a: Excadrill|move: Heal Block\n|upkeep\n|turn|9\n|\n|t:|1782881061\n|move|p1a: Excadrill|Iron Head|p2a: Minior\n|-supereffective|p2a: Minior\n|-damage|p2a: Minior|26/224\n|move|p2a: Minior|Earthquake|p1a: Excadrill\n|-supereffective|p1a: Excadrill\n|-damage|p1a: Excadrill|108/303\n|\n|-formechange|p2a: Minior|Minior-Green||[from] ability: Shields Down\n|upkeep\n|turn|10\n|\n|t:|1782881071\n|switch|p1a: Frosmoth|Frosmoth, L82, M|249/249\n|move|p2a: Minior|Acrobatics|p1a: Frosmoth\n|-supereffective|p1a: Frosmoth\n|-damage|p1a: Frosmoth|93/249\n|\n|upkeep\n|turn|11\n|\n|t:|1782881080\n|switch|p1a: Basculin|Basculin-Blue-Striped, L86, M|261/261\n|move|p2a: Minior|Acrobatics|p1a: Basculin\n|-damage|p1a: Basculin|197/261\n|\n|upkeep\n|turn|12\n|\n|t:|1782881088\n|move|p1a: Basculin|Aqua Jet|p2a: Minior\n|-supereffective|p2a: Minior\n|-damage|p2a: Minior|0 fnt\n|faint|p2a: Minior\n|\n|upkeep\n|\n|t:|1782881093\n|switch|p2a: Squawkabilly|Squawkabilly-Yellow, L89, M|291/291\n|turn|13\n|\n|t:|1782881105\n|move|p1a: Basculin|Aqua Jet|p2a: Squawkabilly\n|-damage|p2a: Squawkabilly|179/291\n|move|p2a: Squawkabilly|Quick Attack|p1a: Basculin\n|-damage|p1a: Basculin|110/261\n|\n|upkeep\n|turn|14\n|\n|t:|1782881113\n|switch|p1a: Archaludon|Archaludon, L78, M|104/268\n|move|p2a: Squawkabilly|Parting Shot|p1a: Archaludon\n|-unboost|p1a: Archaludon|atk|1\n|-unboost|p1a: Archaludon|spa|1\n|\n|t:|1782881120\n|switch|p2a: Munkidori|Munkidori, L79, M|269/269|[from] Parting Shot\n|\n|upkeep\n|turn|15\n|\n|t:|1782881131\n|switch|p1a: Excadrill|Excadrill, L79, F|108/303\n|-ability|p1a: Excadrill|Mold Breaker\n|move|p2a: Munkidori|Fake Out|p1a: Excadrill\n|-resisted|p1a: Excadrill\n|-damage|p1a: Excadrill|95/303\n|\n|upkeep\n|turn|16\n|\n|t:|1782881139\n|move|p2a: Munkidori|U-turn|p1a: Excadrill\n|-resisted|p1a: Excadrill\n|-damage|p1a: Excadrill|71/303\n|\n|t:|1782881142\n|switch|p2a: Squawkabilly|Squawkabilly-Yellow, L89, M|179/291|[from] U-turn\n|move|p1a: Excadrill|Earthquake|p2a: Squawkabilly\n|-immune|p2a: Squawkabilly\n|\n|upkeep\n|turn|17\n|\n|t:|1782881159\n|switch|p1a: Archaludon|Archaludon, L78, M|104/268\n|move|p2a: Squawkabilly|Parting Shot|p1a: Archaludon\n|-unboost|p1a: Archaludon|atk|1\n|-unboost|p1a: Archaludon|spa|1\n|\n|t:|1782881165\n|switch|p2a: Munkidori|Munkidori, L79, M|269/269|[from] Parting Shot\n|\n|upkeep\n|turn|18\n|\n|t:|1782881170\n|switch|p1a: Excadrill|Excadrill, L79, F|71/303\n|-ability|p1a: Excadrill|Mold Breaker\n|move|p2a: Munkidori|U-turn|p1a: Excadrill\n|-resisted|p1a: Excadrill\n|-damage|p1a: Excadrill|44/303\n|\n|t:|1782881177\n|switch|p2a: Squawkabilly|Squawkabilly-Yellow, L89, M|179/291|[from] U-turn\n|\n|upkeep\n|turn|19\n|\n|t:|1782881184\n|switch|p1a: Archaludon|Archaludon, L78, M|104/268\n|move|p2a: Squawkabilly|Parting Shot|p1a: Archaludon\n|-unboost|p1a: Archaludon|atk|1\n|-unboost|p1a: Archaludon|spa|1\n|\n|t:|1782881190\n|switch|p2a: Munkidori|Munkidori, L79, M|269/269|[from] Parting Shot\n|\n|upkeep\n|turn|20\n|\n|t:|1782881195\n|switch|p1a: Excadrill|Excadrill, L79, F|44/303\n|-ability|p1a: Excadrill|Mold Breaker\n|move|p2a: Munkidori|U-turn|p1a: Excadrill\n|-resisted|p1a: Excadrill\n|-crit|p1a: Excadrill\n|-damage|p1a: Excadrill|3/303\n|\n|t:|1782881208\n|switch|p2a: Squawkabilly|Squawkabilly-Yellow, L89, M|179/291|[from] U-turn\n|\n|upkeep\n|turn|21\n|\n|t:|1782881217\n|switch|p1a: Archaludon|Archaludon, L78, M|104/268\n|move|p2a: Squawkabilly|Parting Shot|p1a: Archaludon\n|-unboost|p1a: Archaludon|atk|1\n|-unboost|p1a: Archaludon|spa|1\n|\n|t:|1782881224\n|switch|p2a: Munkidori|Munkidori, L79, M|269/269|[from] Parting Shot\n|\n|upkeep\n|turn|22\n|\n|t:|1782881229\n|move|p2a: Munkidori|U-turn|p1a: Archaludon\n|-resisted|p1a: Archaludon\n|-damage|p1a: Archaludon|89/268\n|-ability|p1a: Archaludon|Stamina|boost\n|-boost|p1a: Archaludon|def|1\n|\n|t:|1782881238\n|switch|p2a: Squawkabilly|Squawkabilly-Yellow, L89, M|179/291|[from] U-turn\n|move|p1a: Archaludon|Dragon Tail|p2a: Squawkabilly\n|-damage|p2a: Squawkabilly|125/291\n|drag|p2a: Munkidori|Munkidori, L79, M|269/269\n|\n|upkeep\n|turn|23\n|\n|t:|1782881253\n|move|p2a: Munkidori|U-turn|p1a: Archaludon\n|-resisted|p1a: Archaludon\n|-damage|p1a: Archaludon|80/268\n|-ability|p1a: Archaludon|Stamina|boost\n|-boost|p1a: Archaludon|def|1\n|\n|t:|1782881258\n|switch|p2a: Squawkabilly|Squawkabilly-Yellow, L89, M|125/291|[from] U-turn\n|move|p1a: Archaludon|Dragon Tail|p2a: Squawkabilly\n|-damage|p2a: Squawkabilly|73/291\n|drag|p2a: Munkidori|Munkidori, L79, M|269/269\n|\n|upkeep\n|turn|24\n|\n|t:|1782881273\n|move|p2a: Munkidori|U-turn|p1a: Archaludon\n|-resisted|p1a: Archaludon\n|-damage|p1a: Archaludon|72/268\n|-ability|p1a: Archaludon|Stamina|boost\n|-boost|p1a: Archaludon|def|1\n|\n|t:|1782881278\n|switch|p2a: Squawkabilly|Squawkabilly-Yellow, L89, M|73/291|[from] U-turn\n|move|p1a: Archaludon|Dragon Tail|p2a: Squawkabilly\n|-damage|p2a: Squawkabilly|16/291\n|drag|p2a: Munkidori|Munkidori, L79, M|269/269\n|\n|upkeep\n|turn|25\n|\n|t:|1782881287\n|move|p2a: Munkidori|Psychic Noise|p1a: Archaludon\n|-resisted|p1a: Archaludon\n|-damage|p1a: Archaludon|36/268\n|-start|p1a: Archaludon|move: Heal Block\n|-ability|p1a: Archaludon|Stamina|boost\n|-boost|p1a: Archaludon|def|1\n|move|p1a: Archaludon|Body Press|p2a: Munkidori\n|-resisted|p2a: Munkidori\n|-damage|p2a: Munkidori|208/269\n|\n|upkeep\n|turn|26\n|\n|t:|1782881302\n|switch|p1a: Frosmoth|Frosmoth, L82, M|93/249\n|move|p2a: Munkidori|Sludge Wave|p1a: Frosmoth\n|-damage|p1a: Frosmoth|36/249\n|-status|p1a: Frosmoth|tox|[from] ability: Toxic Chain|[of] p2a: Munkidori\n|\n|-damage|p1a: Frosmoth|21/249 tox|[from] psn\n|upkeep\n|turn|27\n|\n|t:|1782881311\n|switch|p1a: Mienshao|Mienshao, L83, F|243/243\n|move|p2a: Munkidori|U-turn|p1a: Mienshao\n|-resisted|p1a: Mienshao\n|-damage|p1a: Mienshao|221/243\n|\n|t:|1782881316\n|switch|p2a: Squawkabilly|Squawkabilly-Yellow, L89, M|16/291|[from] U-turn\n|\n|upkeep\n|turn|28\n|\n|t:|1782881325\n|move|p2a: Squawkabilly|Quick Attack|p1a: Mienshao\n|-damage|p1a: Mienshao|133/243\n|move|p1a: Mienshao|Knock Off|p2a: Squawkabilly\n|-damage|p2a: Squawkabilly|0 fnt\n|-enditem|p2a: Squawkabilly|Heavy-Duty Boots|[from] move: Knock Off|[of] p1a: Mienshao\n|faint|p2a: Squawkabilly\n|\n|upkeep\n|\n|t:|1782881333\n|switch|p2a: Munkidori|Munkidori, L79, M|208/269\n|turn|29\n|\n|t:|1782881339\n|move|p1a: Mienshao|Knock Off|p2a: Munkidori\n|-supereffective|p2a: Munkidori\n|-damage|p2a: Munkidori|0 fnt\n|-enditem|p2a: Munkidori|Assault Vest|[from] move: Knock Off|[of] p1a: Mienshao\n|faint|p2a: Munkidori\n|\n|win|randbatsluvr\n|raw|randbatsluvr's rating: 1056 &rarr; <strong>1093</strong><br />(+37 for winning)\n|raw|Kenistzu's rating: 1119 &rarr; <strong>1090</strong><br />(-29 for losing)\n|l|\u2606randbatsluvr\n|player|p1|\n", "inputlog": ">version f8ac14003a5f27e1bdc8d8c59608a773c1cb96e5\n>start {\"formatid\":\"gen9randombattle\",\"seed\":\"sodium,4d805c34b1051703b91df0fa23df7d2a\",\"rated\":\"Rated battle\"}\n>player p1 {\"name\":\"randbatsluvr\",\"avatar\":\"169\",\"rating\":1124,\"seed\":\"sodium,4295ce7c5b9f09bfa051fde3b71f1cf2\"}\n>player p2 {\"name\":\"Kenistzu\",\"avatar\":\"101\",\"rating\":1119,\"seed\":\"sodium,cb86beef06da6862d954e400350a1f75\"}\n>p1 switch 5\n>p2 move calmmind\n>p1 move poltergeist\n>p2 move mysticalfire\n>p2 switch 5\n>p1 move poltergeist\n>p2 move heavyslam\n>p1 move poltergeist terastallize\n>p2 move dracometeor\n>p2 switch 2\n>p1 switch 2\n>p2 move earthquake\n>p1 move dracometeor\n>p2 move earthquake\n>p2 switch 6\n>p1 switch 6\n>p2 move psychicnoise\n>p1 move earthquake\n>p2 move uturn\n>p2 switch 4\n>p1 move ironhead\n>p2 move earthquake\n>p1 switch 4\n>p2 move acrobatics\n>p1 switch 3\n>p2 move acrobatics\n>p1 move aquajet\n>p2 move shellsmash\n>p2 switch 3\n>p1 move aquajet\n>p2 move quickattack\n>p1 switch 6\n>p2 move partingshot\n>p2 switch 4\n>p1 switch 4\n>p2 move fakeout\n>p1 move earthquake\n>p2 move uturn\n>p2 switch 4\n>p1 switch 4\n>p2 move partingshot\n>p2 switch 4\n>p1 switch 4\n>p2 move uturn\n>p2 switch 4\n>p1 switch 4\n>p2 move partingshot\n>p2 switch 4\n>p1 switch 4\n>p2 move uturn\n>p2 switch 4\n>p1 switch 4\n>p2 move partingshot\n>p2 switch 4\n>p1 move dragontail\n>p2 move uturn\n>p2 switch 4\n>p1 move dragontail\n>p2 move uturn\n>p2 switch 4\n>p1 move dragontail\n>p2 move uturn\n>p2 switch 4\n>p1 move bodypress\n>p2 move psychicnoise\n>p1 switch 3\n>p2 move sludgewave\n>p1 switch 5\n>p2 move uturn\n>p2 switch 4\n>p1 move knockoff\n>p2 move quickattack\n>p2 switch 4\n>p1 move knockoff\n>p2 move psychicnoise", "uploadtime": 1782881342, "views": 4, "formatid": "gen9randombattle", "rating": 1090, "private": 0, "password": null, "player_dets": [{"name": "randbatsluvr", "avatar": "169", "rating": 1124, "seed": "sodium,4295ce7c5b9f09bfa051fde3b71f1cf2"}, {"name": "Kenistzu", "avatar": "101", "rating": 1119, "seed": "sodium,cb86beef06da6862d954e400350a1f75"}], "teams_full": [{"Mienshao": {"name": "Mienshao", "species": "Mienshao", "speciesId": "mienshao", "gender": "F", "shiny": false, "level": 83, "moves": ["highjumpkick", "stoneedge", "uturn", "knockoff"], "ability": "Reckless", "evs": {"hp": 81, "atk": 85, "def": 85, "spa": 85, "spd": 85, "spe": 85}, "ivs": {"hp": 31, "atk": 31, "def": 31, "spa": 31, "spd": 31, "spe": 31}, "item": "Choice Band", "teraType": "Fighting", "role": "Wallbreaker", "bvs": {"hp": 65, "atk": 125, "def": 60, "spa": 95, "spd": 60, "spe": 105}, "stats": {"hp": 243, "atk": 255, "def": 147, "spa": 205, "spd": 147, "spe": 222}, "types": ["Fighting"]}, "Archaludon": {"name": "Archaludon", "species": "Archaludon", "speciesId": "archaludon", "gender": "M", "shiny": false, "level": 78, "moves": ["flashcannon", "dracometeor", "dragontail", "bodypress"], "ability": "Stamina", "evs": {"hp": 85, "atk": 85, "def": 85, "spa": 85, "spd": 85, "spe": 85}, "ivs": {"hp": 31, "atk": 31, "def": 31, "spa": 31, "spd": 31, "spe": 31}, "item": "Assault Vest", "teraType": "Fighting", "role": "Bulky Attacker", "bvs": {"hp": 90, "atk": 105, "def": 130, "spa": 125, "spd": 65, "spe": 85}, "stats": {"hp": 268, "atk": 209, "def": 248, "spa": 240, "spd": 146, "spe": 178}, "types": ["Steel", "Dragon"]}, "Basculin": {"name": "Basculin", "species": "Basculin-Blue-Striped", "speciesId": "basculin", "gender": "M", "shiny": false, "level": 86, "moves": ["flipturn", "wavecrash", "aquajet", "doubleedge"], "ability": "Adaptability", "evs": {"hp": 85, "atk": 85, "def": 85, "spa": 85, "spd": 85, "spe": 85}, "ivs": {"hp": 31, "atk": 31, "def": 31, "spa": 31, "spd": 31, "spe": 31}, "item": "Choice Band", "teraType": "Water", "role": "Wallbreaker", "bvs": {"hp": 70, "atk": 92, "def": 65, "spa": 80, "spd": 55, "spe": 98}, "stats": {"hp": 261, "atk": 207, "def": 161, "spa": 187, "spd": 144, "spe": 218}, "types": ["Water"]}, "Frosmoth": {"name": "Frosmoth", "species": "Frosmoth", "speciesId": "frosmoth", "gender": "M", "shiny": false, "level": 82, "moves": ["bugbuzz", "quiverdance", "terablast", "icebeam"], "ability": "Ice Scales", "evs": {"hp": 85, "atk": 0, "def": 85, "spa": 85, "spd": 85, "spe": 85}, "ivs": {"hp": 31, "atk": 0, "def": 31, "spa": 31, "spd": 31, "spe": 31}, "item": "Heavy-Duty Boots", "teraType": "Ground", "role": "Tera Blast user", "bvs": {"hp": 70, "atk": 65, "def": 60, "spa": 125, "spd": 90, "spe": 65}, "stats": {"hp": 249, "atk": 111, "def": 146, "spa": 252, "spd": 195, "spe": 154}, "types": ["Ice", "Bug"]}, "Brambleghast": {"name": "Brambleghast", "species": "Brambleghast", "speciesId": "brambleghast", "gender": "M", "shiny": false, "level": 88, "moves": ["poltergeist", "powerwhip", "rapidspin", "strengthsap"], "ability": "Wind Rider", "evs": {"hp": 85, "atk": 85, "def": 85, "spa": 85, "spd": 85, "spe": 85}, "ivs": {"hp": 31, "atk": 31, "def": 31, "spa": 31, "spd": 31, "spe": 31}, "item": "Heavy-Duty Boots", "teraType": "Water", "role": "Fast Support", "bvs": {"hp": 55, "atk": 115, "def": 70, "spa": 80, "spd": 70, "spe": 90}, "stats": {"hp": 240, "atk": 253, "def": 173, "spa": 191, "spd": 173, "spe": 209}, "types": ["Grass", "Ghost"]}, "Excadrill": {"name": "Excadrill", "species": "Excadrill", "speciesId": "excadrill", "gender": "F", "shiny": false, "level": 79, "moves": ["rockslide", "earthquake", "ironhead", "rapidspin"], "ability": "Mold Breaker", "evs": {"hp": 85, "atk": 85, "def": 85, "spa": 85, "spd": 85, "spe": 85}, "ivs": {"hp": 31, "atk": 31, "def": 31, "spa": 31, "spd": 31, "spe": 31}, "item": "Assault Vest", "teraType": "Water", "role": "AV Pivot", "bvs": {"hp": 110, "atk": 135, "def": 60, "spa": 50, "spd": 65, "spe": 88}, "stats": {"hp": 303, "atk": 259, "def": 140, "spa": 125, "spd": 148, "spe": 185}, "types": ["Ground", "Steel"]}}, {"Hatterene": {"name": "Hatterene", "species": "Hatterene", "speciesId": "hatterene", "gender": "F", "shiny": false, "level": 85, "moves": ["psychic", "drainingkiss", "mysticalfire", "calmmind"], "ability": "Magic Bounce", "evs": {"hp": 85, "atk": 0, "def": 85, "spa": 85, "spd": 85, "spe": 85}, "ivs": {"hp": 31, "atk": 0, "def": 31, "spa": 31, "spd": 31, "spe": 31}, "item": "Leftovers", "teraType": "Fairy", "role": "Bulky Setup", "bvs": {"hp": 57, "atk": 90, "def": 95, "spa": 136, "spd": 103, "spe": 29}, "stats": {"hp": 236, "atk": 158, "def": 210, "spa": 280, "spd": 224, "spe": 98}, "types": ["Psychic", "Fairy"]}, "Regidrago": {"name": "Regidrago", "species": "Regidrago", "speciesId": "regidrago", "gender": "N", "shiny": false, "level": 77, "moves": ["dragonenergy", "outrage", "dracometeor", "earthquake"], "ability": "Dragon's Maw", "evs": {"hp": 85, "atk": 85, "def": 85, "spa": 85, "spd": 85, "spe": 85}, "ivs": {"hp": 31, "atk": 31, "def": 31, "spa": 31, "spd": 31, "spe": 31}, "item": "Choice Scarf", "teraType": "Dragon", "role": "Fast Attacker", "bvs": {"hp": 200, "atk": 100, "def": 50, "spa": 100, "spd": 50, "spe": 80}, "stats": {"hp": 435, "atk": 199, "def": 122, "spa": 199, "spd": 122, "spe": 168}, "types": ["Dragon"]}, "Squawkabilly": {"name": "Squawkabilly", "species": "Squawkabilly-Yellow", "speciesId": "squawkabillyyellow", "gender": "M", "shiny": false, "level": 89, "moves": ["quickattack", "bravebird", "partingshot", "doubleedge"], "ability": "Hustle", "evs": {"hp": 85, "atk": 85, "def": 85, "spa": 85, "spd": 85, "spe": 85}, "ivs": {"hp": 31, "atk": 31, "def": 31, "spa": 31, "spd": 31, "spe": 31}, "item": "Heavy-Duty Boots", "teraType": "Normal", "role": "Wallbreaker", "bvs": {"hp": 82, "atk": 96, "def": 51, "spa": 45, "spd": 51, "spe": 92}, "stats": {"hp": 291, "atk": 222, "def": 142, "spa": 131, "spd": 142, "spe": 215}, "types": ["Normal", "Flying"]}, "Minior": {"name": "Minior", "species": "Minior-Green", "speciesId": "minior", "gender": "N", "shiny": false, "level": 79, "moves": ["shellsmash", "acrobatics", "powergem", "earthquake"], "ability": "Shields Down", "evs": {"hp": 85, "atk": 85, "def": 85, "spa": 85, "spd": 85, "spe": 85}, "ivs": {"hp": 31, "atk": 31, "def": 31, "spa": 31, "spd": 31, "spe": 31}, "item": "White Herb", "teraType": "Ground", "role": "Setup Sweeper", "bvs": {"hp": 60, "atk": 100, "def": 60, "spa": 100, "spd": 60, "spe": 120}, "stats": {"hp": 224, "atk": 204, "def": 140, "spa": 204, "spd": 140, "spe": 235}, "types": ["Rock", "Flying"]}, "Goodra": {"name": "Goodra", "species": "Goodra-Hisui", "speciesId": "goodrahisui", "gender": "M", "shiny": false, "level": 82, "moves": ["dracometeor", "earthquake", "heavyslam", "dragontail"], "ability": "Sap Sipper", "evs": {"hp": 85, "atk": 85, "def": 85, "spa": 85, "spd": 85, "spe": 85}, "ivs": {"hp": 31, "atk": 31, "def": 31, "spa": 31, "spd": 31, "spe": 31}, "item": "Assault Vest", "teraType": "Dragon", "role": "AV Pivot", "bvs": {"hp": 80, "atk": 100, "def": 100, "spa": 110, "spd": 150, "spe": 60}, "stats": {"hp": 265, "atk": 211, "def": 211, "spa": 228, "spd": 293, "spe": 146}, "types": ["Steel", "Dragon"]}, "Munkidori": {"name": "Munkidori", "species": "Munkidori", "speciesId": "munkidori", "gender": "M", "shiny": false, "level": 79, "moves": ["uturn", "fakeout", "sludgewave", "psychicnoise"], "ability": "Toxic Chain", "evs": {"hp": 85, "atk": 85, "def": 85, "spa": 85, "spd": 85, "spe": 85}, "ivs": {"hp": 31, "atk": 31, "def": 31, "spa": 31, "spd": 31, "spe": 31}, "item": "Assault Vest", "teraType": "Dark", "role": "AV Pivot", "bvs": {"hp": 88, "atk": 75, "def": 66, "spa": 130, "spd": 90, "spe": 106}, "stats": {"hp": 269, "atk": 164, "def": 150, "spa": 251, "spd": 188, "spe": 213}, "types": ["Poison", "Psychic"]}}]}