{"id": "gen9randombattle-2642031195", "format": "[Gen 9] Random Battle", "players": ["thanh0973743541", "kylerr"], "log": "|j|\u2606thanh0973743541\n|j|\u2606kylerr\n|t:|1782876172\n|gametype|singles\n|player|p1|thanh0973743541|psychic-gen4|1501\n|player|p2|kylerr|cameraman|1502\n|gen|9\n|tier|[Gen 9] Random Battle\n|rated|\n|rule|Species Clause: Limit one of each Pok\u00e9mon\n|rule|HP Percentage Mod: HP is shown in percentages\n|rule|Sleep Clause Mod: Limit one foe put to sleep\n|rule|Illusion Level Mod: Illusion disguises the Pok\u00e9mon's true level\n|\n|t:|1782876172\n|teamsize|p1|6\n|teamsize|p2|6\n|start\n|switch|p1a: Dipplin|Dipplin, L88, M|284/284\n|switch|p2a: Dedenne|Dedenne, L88, M|261/261\n|turn|1\n|inactive|Battle timer is ON: inactive players will automatically lose when time's up. (requested by thanh0973743541)\n|\n|t:|1782876180\n|switch|p1a: Oricorio|Oricorio-Pom-Pom, L82, F|257/257\n|move|p2a: Dedenne|Nuzzle|p1a: Oricorio\n|-damage|p1a: Oricorio|238/257\n|\n|upkeep\n|turn|2\n|\n|t:|1782876195\n|switch|p2a: Groudon|Groudon, L72|263/263\n|-weather|SunnyDay|[from] ability: Drought|[of] p2a: Groudon\n|move|p1a: Oricorio|Quiver Dance|p1a: Oricorio\n|-boost|p1a: Oricorio|spa|1\n|-boost|p1a: Oricorio|spd|1\n|-boost|p1a: Oricorio|spe|1\n|\n|-weather|SunnyDay|[upkeep]\n|upkeep\n|turn|3\n|\n|t:|1782876201\n|move|p1a: Oricorio|Hurricane|p2a: Groudon\n|-damage|p2a: Groudon|79/263\n|move|p2a: Groudon|Stone Edge|p1a: Oricorio\n|-supereffective|p1a: Oricorio\n|-damage|p1a: Oricorio|56/257\n|\n|-weather|SunnyDay|[upkeep]\n|-heal|p2a: Groudon|95/263|[from] item: Leftovers\n|upkeep\n|turn|4\n|\n|t:|1782876211\n|move|p1a: Oricorio|Hurricane|p2a: Groudon|[miss]\n|-miss|p1a: Oricorio|p2a: Groudon\n|move|p2a: Groudon|Heat Crash|p1a: Oricorio\n|-damage|p1a: Oricorio|0 fnt\n|faint|p1a: Oricorio\n|\n|-weather|SunnyDay|[upkeep]\n|-heal|p2a: Groudon|111/263|[from] item: Leftovers\n|upkeep\n|\n|t:|1782876213\n|switch|p1a: Dipplin|Dipplin, L88, M|284/284\n|turn|5\n|\n|t:|1782876218\n|switch|p2a: Dedenne|Dedenne, L88, M|261/261\n|move|p1a: Dipplin|Giga Drain|p2a: Dedenne\n|-crit|p2a: Dedenne\n|-damage|p2a: Dedenne|98/261\n|-enditem|p2a: Dedenne|Sitrus Berry|[eat]\n|-heal|p2a: Dedenne|163/261|[from] item: Sitrus Berry\n|-heal|p2a: Dedenne|250/261|[from] ability: Cheek Pouch\n|\n|-weather|SunnyDay|[upkeep]\n|upkeep\n|turn|6\n|\n|t:|1782876224\n|switch|p1a: Skuntank|Skuntank, L84, M|310/310\n|move|p2a: Dedenne|Nuzzle|p1a: Skuntank\n|-damage|p1a: Skuntank|292/310\n|-status|p1a: Skuntank|par\n|\n|-weather|none\n|-heal|p1a: Skuntank|310/310 par|[from] item: Leftovers\n|upkeep\n|turn|7\n|\n|t:|1782876248\n|move|p2a: Dedenne|Thunderbolt|p1a: Skuntank\n|-damage|p1a: Skuntank|195/310 par\n|cant|p1a: Skuntank|par\n|\n|-heal|p1a: Skuntank|214/310 par|[from] item: Leftovers\n|upkeep\n|turn|8\n|\n|t:|1782876260\n|move|p2a: Dedenne|Thunderbolt|p1a: Skuntank\n|-damage|p1a: Skuntank|87/310 par\n|move|p1a: Skuntank|Gunk Shot|p2a: Dedenne\n|-supereffective|p2a: Dedenne\n|-damage|p2a: Dedenne|0 fnt\n|faint|p2a: Dedenne\n|\n|-heal|p1a: Skuntank|106/310 par|[from] item: Leftovers\n|upkeep\n|inactive|kylerr has 120 seconds left.\n|\n|t:|1782876291\n|switch|p2a: Duraludon|Duraludon, L82, F|249/249\n|turn|9\n|\n|t:|1782876313\n|move|p2a: Duraludon|Flash Cannon|p1a: Skuntank\n|-damage|p1a: Skuntank|0 fnt\n|faint|p1a: Skuntank\n|\n|upkeep\n|\n|t:|1782876325\n|switch|p1a: Delphox|Delphox, L84, F|263/263\n|turn|10\n|l|\u2606thanh0973743541\n|inactive|thanh0973743541 disconnected and has a minute to reconnect!\n|player|p1|\n|\n|t:|1782876335\n|move|p1a: Delphox|Focus Blast|p2a: Duraludon\n|-supereffective|p2a: Duraludon\n|-damage|p2a: Duraludon|0 fnt\n|faint|p2a: Duraludon\n|\n|upkeep\n|\n|t:|1782876342\n|switch|p2a: Vivillon|Vivillon-Sun, L83, M|268/268\n|turn|11\n|j|\u2606thanh0973743541\n|inactive|thanh0973743541 reconnected and has 135 seconds left.\n|player|p1|thanh0973743541|psychic-gen4|\n|\n|t:|1782876370\n|switch|p1a: Tatsugiri|Tatsugiri, L87, M|260/260\n|move|p2a: Vivillon|Quiver Dance|p2a: Vivillon\n|-boost|p2a: Vivillon|spa|1\n|-boost|p2a: Vivillon|spd|1\n|-boost|p2a: Vivillon|spe|1\n|\n|upkeep\n|turn|12\n|\n|t:|1782876380\n|move|p2a: Vivillon|Sleep Powder|p1a: Tatsugiri\n|-status|p1a: Tatsugiri|slp|[from] move: Sleep Powder\n|cant|p1a: Tatsugiri|slp\n|\n|upkeep\n|turn|13\n|inactive|thanh0973743541 has 120 seconds left.\n|\n|t:|1782876406\n|move|p2a: Vivillon|Bug Buzz|p1a: Tatsugiri\n|-damage|p1a: Tatsugiri|143/260 slp\n|-unboost|p1a: Tatsugiri|spd|1\n|-curestatus|p1a: Tatsugiri|slp|[msg]\n|move|p1a: Tatsugiri|Nasty Plot|p1a: Tatsugiri\n|-boost|p1a: Tatsugiri|spa|2\n|\n|upkeep\n|turn|14\n|\n|t:|1782876414\n|move|p2a: Vivillon|Sleep Powder|p1a: Tatsugiri\n|-status|p1a: Tatsugiri|slp|[from] move: Sleep Powder\n|cant|p1a: Tatsugiri|slp\n|\n|upkeep\n|turn|15\n|\n|t:|1782876417\n|move|p2a: Vivillon|Bug Buzz|p1a: Tatsugiri\n|-damage|p1a: Tatsugiri|0 fnt\n|faint|p1a: Tatsugiri\n|\n|upkeep\n|\n|t:|1782876420\n|switch|p1a: Darkrai|Darkrai, L77|234/234\n|turn|16\n|\n|t:|1782876427\n|-terastallize|p1a: Darkrai|Poison\n|move|p2a: Vivillon|Sleep Powder|p1a: Darkrai\n|-status|p1a: Darkrai|slp|[from] move: Sleep Powder\n|cant|p1a: Darkrai|slp\n|\n|upkeep\n|turn|17\n|l|\u2606thanh0973743541\n|inactive|thanh0973743541 disconnected and has a minute to reconnect!\n|player|p1|\n|inactive|thanh0973743541 has 30 seconds to reconnect!\n|inactive|thanh0973743541 has 20 seconds to reconnect!\n|c|\u2606kylerr|Why would I go for a bug buzz on a 1.5x boost\n|inactive|thanh0973743541 has 15 seconds to reconnect!\n|inactive|thanh0973743541 has 10 seconds to reconnect!\n|inactive|thanh0973743541 has 5 seconds to reconnect!\n|-message|thanh0973743541 lost due to inactivity.\n|\n|win|kylerr\n|raw|thanh0973743541's rating: 1501 &rarr; <strong>1481</strong><br />(-20 for losing)\n|raw|kylerr's rating: 1502 &rarr; <strong>1522</strong><br />(+20 for winning)\n", "inputlog": ">version f8ac14003a5f27e1bdc8d8c59608a773c1cb96e5\n>start {\"formatid\":\"gen9randombattle\",\"seed\":\"sodium,b8ebd4b35db8eb6c4df3c7bebcf3ce80\",\"rated\":\"Rated battle\"}\n>player p1 {\"name\":\"thanh0973743541\",\"avatar\":\"psychic-gen4\",\"rating\":1501,\"seed\":\"sodium,76f77e3cd18cfa79b3d1b5c299cd3cf8\"}\n>player p2 {\"name\":\"kylerr\",\"avatar\":\"cameraman\",\"rating\":1502,\"seed\":\"sodium,40b8ec509f4d1a3650d29030eab1496d\"}\n>p1 switch 3\n>p2 move nuzzle\n>p1 move quiverdance\n>p2 switch 6\n>p1 move hurricane\n>p2 move stoneedge\n>p1 move hurricane\n>p2 move heatcrash\n>p1 switch 3\n>p1 move gigadrain\n>p2 switch 6\n>p1 switch 2\n>p2 move nuzzle\n>p1 move gunkshot\n>p2 move thunderbolt\n>p1 move gunkshot\n>p2 move thunderbolt\n>p2 switch 3\n>p1 move knockoff\n>p2 move flashcannon\n>p1 switch 5\n>p1 move focusblast\n>p2 move dragontail\n>p2 switch 2\n>p1 switch 6\n>p2 move quiverdance\n>p1 move nastyplot\n>p2 move sleeppowder\n>p1 move nastyplot\n>p2 move bugbuzz\n>p1 move dracometeor\n>p2 move sleeppowder\n>p1 move dracometeor\n>p2 move bugbuzz\n>p1 switch 4\n>p1 move hypnosis terastallize\n>p2 move sleeppowder\n>chat \u2606kylerr|Why would I go for a bug buzz on a 1.5x boost\n>forcelose p1", "uploadtime": 1782876508, "views": 7, "formatid": "gen9randombattle", "rating": 1481, "private": 0, "password": null, "player_dets": [{"name": "thanh0973743541", "avatar": "psychic-gen4", "rating": 1501, "seed": "sodium,76f77e3cd18cfa79b3d1b5c299cd3cf8"}, {"name": "kylerr", "avatar": "cameraman", "rating": 1502, "seed": "sodium,40b8ec509f4d1a3650d29030eab1496d"}], "teams_full": [{"Dipplin": {"name": "Dipplin", "species": "Dipplin", "speciesId": "dipplin", "gender": "M", "shiny": false, "level": 88, "moves": ["dragontail", "recover", "dragonpulse", "gigadrain"], "ability": "Sticky Hold", "evs": {"hp": 85, "atk": 85, "def": 85, "spa": 85, "spd": 85, "spe": 85}, "ivs": {"hp": 31, "atk": 31, "def": 31, "spa": 31, "spd": 31, "spe": 31}, "item": "Eviolite", "teraType": "Steel", "role": "Bulky Attacker", "bvs": {"hp": 80, "atk": 80, "def": 110, "spa": 95, "spd": 80, "spe": 40}, "stats": {"hp": 284, "atk": 191, "def": 244, "spa": 217, "spd": 191, "spe": 121}, "types": ["Grass", "Dragon"]}, "Skuntank": {"name": "Skuntank", "species": "Skuntank", "speciesId": "skuntank", "gender": "M", "shiny": false, "level": 84, "moves": ["knockoff", "toxicspikes", "gunkshot", "taunt"], "ability": "Aftermath", "evs": {"hp": 85, "atk": 85, "def": 85, "spa": 85, "spd": 85, "spe": 85}, "ivs": {"hp": 31, "atk": 31, "def": 31, "spa": 31, "spd": 31, "spe": 31}, "item": "Leftovers", "teraType": "Dark", "role": "Fast Support", "bvs": {"hp": 103, "atk": 93, "def": 67, "spa": 71, "spd": 61, "spe": 84}, "stats": {"hp": 310, "atk": 204, "def": 161, "spa": 167, "spd": 151, "spe": 189}, "types": ["Poison", "Dark"]}, "Oricorio": {"name": "Oricorio", "species": "Oricorio-Pom-Pom", "speciesId": "oricoriopompom", "gender": "F", "shiny": false, "level": 82, "moves": ["roost", "quiverdance", "revelationdance", "hurricane"], "ability": "Dancer", "evs": {"hp": 85, "atk": 0, "def": 85, "spa": 85, "spd": 85, "spe": 85}, "ivs": {"hp": 31, "atk": 0, "def": 31, "spa": 31, "spd": 31, "spe": 31}, "item": "Heavy-Duty Boots", "teraType": "Ground", "role": "Setup Sweeper", "bvs": {"hp": 75, "atk": 70, "def": 70, "spa": 98, "spd": 70, "spe": 93}, "stats": {"hp": 257, "atk": 119, "def": 162, "spa": 208, "spd": 162, "spe": 200}, "types": ["Electric", "Flying"]}, "Darkrai": {"name": "Darkrai", "species": "Darkrai", "speciesId": "darkrai", "gender": "N", "shiny": false, "level": 77, "moves": ["hypnosis", "darkpulse", "nastyplot", "sludgebomb"], "ability": "Bad Dreams", "evs": {"hp": 85, "atk": 0, "def": 85, "spa": 85, "spd": 85, "spe": 85}, "ivs": {"hp": 31, "atk": 0, "def": 31, "spa": 31, "spd": 31, "spe": 31}, "item": "Life Orb", "teraType": "Poison", "role": "Setup Sweeper", "bvs": {"hp": 70, "atk": 90, "def": 90, "spa": 135, "spd": 90, "spe": 125}, "stats": {"hp": 234, "atk": 143, "def": 183, "spa": 252, "spd": 183, "spe": 237}, "types": ["Dark"]}, "Delphox": {"name": "Delphox", "species": "Delphox", "speciesId": "delphox", "gender": "F", "shiny": false, "level": 84, "moves": ["fireblast", "grassknot", "focusblast", "psyshock"], "ability": "Blaze", "evs": {"hp": 85, "atk": 0, "def": 85, "spa": 85, "spd": 85, "spe": 85}, "ivs": {"hp": 31, "atk": 0, "def": 31, "spa": 31, "spd": 31, "spe": 31}, "item": "Choice Specs", "teraType": "Fighting", "role": "Fast Attacker", "bvs": {"hp": 75, "atk": 69, "def": 72, "spa": 114, "spd": 100, "spe": 104}, "stats": {"hp": 263, "atk": 120, "def": 169, "spa": 240, "spd": 216, "spe": 223}, "types": ["Fire", "Psychic"]}, "Tatsugiri": {"name": "Tatsugiri", "species": "Tatsugiri", "speciesId": "tatsugiri", "gender": "M", "shiny": false, "level": 87, "moves": ["hydropump", "dracometeor", "rapidspin", "nastyplot"], "ability": "Storm Drain", "evs": {"hp": 85, "atk": 85, "def": 85, "spa": 85, "spd": 85, "spe": 85}, "ivs": {"hp": 31, "atk": 31, "def": 31, "spa": 31, "spd": 31, "spe": 31}, "item": "Heavy-Duty Boots", "teraType": "Steel", "role": "Fast Support", "bvs": {"hp": 68, "atk": 50, "def": 60, "spa": 120, "spd": 95, "spe": 82}, "stats": {"hp": 260, "atk": 137, "def": 154, "spa": 259, "spd": 215, "spe": 192}, "types": ["Dragon", "Water"]}}, {"Dedenne": {"name": "Dedenne", "species": "Dedenne", "speciesId": "dedenne", "gender": "M", "shiny": false, "level": 88, "moves": ["dazzlinggleam", "uturn", "nuzzle", "thunderbolt"], "ability": "Cheek Pouch", "evs": {"hp": 85, "atk": 85, "def": 85, "spa": 85, "spd": 85, "spe": 85}, "ivs": {"hp": 31, "atk": 31, "def": 31, "spa": 31, "spd": 31, "spe": 31}, "item": "Sitrus Berry", "teraType": "Flying", "role": "Fast Support", "bvs": {"hp": 67, "atk": 58, "def": 57, "spa": 81, "spd": 67, "spe": 101}, "stats": {"hp": 261, "atk": 152, "def": 151, "spa": 193, "spd": 168, "spe": 228}, "types": ["Electric", "Fairy"]}, "Vivillon": {"name": "Vivillon", "species": "Vivillon-Sun", "speciesId": "vivillon", "gender": "M", "shiny": false, "level": 83, "moves": ["hurricane", "bugbuzz", "quiverdance", "sleeppowder"], "ability": "Compound Eyes", "evs": {"hp": 85, "atk": 0, "def": 85, "spa": 85, "spd": 85, "spe": 85}, "ivs": {"hp": 31, "atk": 0, "def": 31, "spa": 31, "spd": 31, "spe": 31}, "item": "Heavy-Duty Boots", "teraType": "Steel", "role": "Fast Bulky Setup", "bvs": {"hp": 80, "atk": 52, "def": 50, "spa": 90, "spd": 50, "spe": 89}, "stats": {"hp": 268, "atk": 91, "def": 131, "spa": 197, "spd": 131, "spe": 195}, "types": ["Bug", "Flying"]}, "Duraludon": {"name": "Duraludon", "species": "Duraludon", "speciesId": "duraludon", "gender": "F", "shiny": false, "level": 82, "moves": ["bodypress", "dragontail", "flashcannon", "dracometeor"], "ability": "Light Metal", "evs": {"hp": 85, "atk": 85, "def": 85, "spa": 85, "spd": 85, "spe": 85}, "ivs": {"hp": 31, "atk": 31, "def": 31, "spa": 31, "spd": 31, "spe": 31}, "item": "Eviolite", "teraType": "Fighting", "role": "Bulky Attacker", "bvs": {"hp": 70, "atk": 95, "def": 115, "spa": 120, "spd": 50, "spe": 85}, "stats": {"hp": 249, "atk": 203, "def": 236, "spa": 244, "spd": 129, "spe": 187}, "types": ["Steel", "Dragon"]}, "Enamorus": {"name": "Enamorus", "species": "Enamorus", "speciesId": "enamorus", "gender": "F", "shiny": false, "level": 79, "moves": ["superpower", "zenheadbutt", "playrough", "taunt"], "ability": "Contrary", "evs": {"hp": 85, "atk": 85, "def": 85, "spa": 85, "spd": 85, "spe": 85}, "ivs": {"hp": 31, "atk": 31, "def": 31, "spa": 31, "spd": 31, "spe": 31}, "item": "Heavy-Duty Boots", "teraType": "Fighting", "role": "Setup Sweeper", "bvs": {"hp": 74, "atk": 115, "def": 70, "spa": 135, "spd": 80, "spe": 106}, "stats": {"hp": 247, "atk": 227, "def": 156, "spa": 259, "spd": 172, "spe": 213}, "types": ["Fairy", "Flying"]}, "Tauros": {"name": "Tauros", "species": "Tauros-Paldea-Combat", "speciesId": "taurospaldeacombat", "gender": "M", "shiny": false, "level": 82, "moves": ["throatchop", "stoneedge", "closecombat", "ironhead"], "ability": "Intimidate", "evs": {"hp": 85, "atk": 85, "def": 85, "spa": 85, "spd": 85, "spe": 85}, "ivs": {"hp": 31, "atk": 31, "def": 31, "spa": 31, "spd": 31, "spe": 31}, "item": "Choice Band", "teraType": "Fighting", "role": "Wallbreaker", "bvs": {"hp": 75, "atk": 110, "def": 105, "spa": 30, "spd": 70, "spe": 100}, "stats": {"hp": 257, "atk": 228, "def": 219, "spa": 96, "spd": 162, "spe": 211}, "types": ["Fighting"]}, "Groudon": {"name": "Groudon", "species": "Groudon", "speciesId": "groudon", "gender": "N", "shiny": false, "level": 72, "moves": ["swordsdance", "precipiceblades", "heatcrash", "stoneedge"], "ability": "Drought", "evs": {"hp": 85, "atk": 85, "def": 85, "spa": 85, "spd": 85, "spe": 85}, "ivs": {"hp": 31, "atk": 31, "def": 31, "spa": 31, "spd": 31, "spe": 31}, "item": "Leftovers", "teraType": "Fire", "role": "Bulky Setup", "bvs": {"hp": 100, "atk": 150, "def": 140, "spa": 100, "spd": 90, "spe": 90}, "stats": {"hp": 263, "atk": 258, "def": 244, "spa": 186, "spd": 172, "spe": 172}, "types": ["Ground"]}}]}