{"id": "gen9randombattle-2642138122", "format": "[Gen 9] Random Battle", "players": ["jorn lande", "Waisa29"], "log": "|j|\u2606jorn lande\n|j|\u2606Waisa29\n|t:|1782898129\n|gametype|singles\n|player|p1|jorn lande|266|1927\n|player|p2|Waisa29|170|1981\n|gen|9\n|tier|[Gen 9] Random Battle\n|rated|\n|rule|Species Clause: Limit one of each Pok\u00e9mon\n|rule|HP Percentage Mod: HP is shown in percentages\n|rule|Sleep Clause Mod: Limit one foe put to sleep\n|rule|Illusion Level Mod: Illusion disguises the Pok\u00e9mon's true level\n|\n|t:|1782898129\n|teamsize|p1|6\n|teamsize|p2|6\n|start\n|switch|p1a: Luvdisc|Luvdisc, M|247/247\n|switch|p2a: Yanmega|Yanmega, L82, F|275/275\n|turn|1\n|inactive|Battle timer is ON: inactive players will automatically lose when time's up. (requested by jorn lande)\n|\n|t:|1782898141\n|switch|p1a: Volcanion|Volcanion, L79|255/255\n|move|p2a: Yanmega|Protect||[still]\n|-fail|p2a: Yanmega\n|\n|-ability|p2a: Yanmega|Speed Boost|boost\n|-boost|p2a: Yanmega|spe|1\n|upkeep\n|turn|2\n|\n|t:|1782898154\n|switch|p2a: Zamazenta|Zamazenta, L71|248/248\n|-ability|p2a: Zamazenta|Dauntless Shield|boost\n|-boost|p2a: Zamazenta|def|1\n|move|p1a: Volcanion|Steam Eruption|p2a: Zamazenta\n|-damage|p2a: Zamazenta|121/248\n|\n|upkeep\n|turn|3\n|\n|t:|1782898171\n|move|p2a: Zamazenta|Stone Edge|p1a: Volcanion\n|-supereffective|p1a: Volcanion\n|-damage|p1a: Volcanion|99/255\n|move|p1a: Volcanion|Steam Eruption|p2a: Zamazenta\n|-damage|p2a: Zamazenta|0 fnt\n|faint|p2a: Zamazenta\n|\n|upkeep\n|\n|t:|1782898178\n|switch|p2a: Electrode|Electrode-Hisui, L87|246/246\n|turn|4\n|\n|t:|1782898189\n|switch|p1a: Giratina|Giratina, L75|349/349\n|-ability|p1a: Giratina|Pressure\n|move|p2a: Electrode|Substitute|p2a: Electrode\n|-start|p2a: Electrode|Substitute\n|-damage|p2a: Electrode|185/246\n|\n|-heal|p2a: Electrode|200/246|[from] item: Leftovers\n|upkeep\n|turn|5\n|\n|t:|1782898199\n|move|p2a: Electrode|Leech Seed|p1a: Giratina\n|-start|p1a: Giratina|move: Leech Seed\n|move|p1a: Giratina|Dragon Pulse|p2a: Electrode\n|-end|p2a: Electrode|Substitute\n|\n|-heal|p2a: Electrode|215/246|[from] item: Leftovers\n|-damage|p1a: Giratina|306/349|[from] Leech Seed|[of] p2a: Electrode\n|-heal|p2a: Electrode|246/246|[silent]\n|upkeep\n|turn|6\n|\n|t:|1782898216\n|switch|p1a: Thundurus|Thundurus, L80, M|258/258\n|move|p2a: Electrode|Substitute|p2a: Electrode\n|-start|p2a: Electrode|Substitute\n|-damage|p2a: Electrode|185/246\n|\n|-heal|p2a: Electrode|200/246|[from] item: Leftovers\n|upkeep\n|turn|7\n|inactive|Waisa29 has 120 seconds left.\n|\n|t:|1782898272\n|move|p2a: Electrode|Leech Seed|p1a: Thundurus\n|-start|p1a: Thundurus|move: Leech Seed\n|move|p1a: Thundurus|Tera Blast|p2a: Electrode\n|-end|p2a: Electrode|Substitute\n|\n|-heal|p2a: Electrode|215/246|[from] item: Leftovers\n|-damage|p1a: Thundurus|226/258|[from] Leech Seed|[of] p2a: Electrode\n|-heal|p2a: Electrode|246/246|[silent]\n|upkeep\n|turn|8\n|\n|t:|1782898282\n|switch|p1a: Giratina|Giratina, L75|306/349\n|-ability|p1a: Giratina|Pressure\n|move|p2a: Electrode|Substitute|p2a: Electrode\n|-start|p2a: Electrode|Substitute\n|-damage|p2a: Electrode|185/246\n|\n|-heal|p2a: Electrode|200/246|[from] item: Leftovers\n|-heal|p1a: Giratina|327/349|[from] item: Leftovers\n|upkeep\n|turn|9\n|\n|t:|1782898292\n|move|p2a: Electrode|Leech Seed|p1a: Giratina\n|-start|p1a: Giratina|move: Leech Seed\n|move|p1a: Giratina|Dragon Pulse|p2a: Electrode\n|-end|p2a: Electrode|Substitute\n|\n|-heal|p2a: Electrode|215/246|[from] item: Leftovers\n|-heal|p1a: Giratina|348/349|[from] item: Leftovers\n|-damage|p1a: Giratina|305/349|[from] Leech Seed|[of] p2a: Electrode\n|-heal|p2a: Electrode|246/246|[silent]\n|upkeep\n|turn|10\n|\n|t:|1782898302\n|move|p2a: Electrode|Leech Seed||[still]\n|-fail|p2a: Electrode\n|move|p1a: Giratina|Dragon Pulse|p2a: Electrode\n|-damage|p2a: Electrode|170/246\n|\n|-heal|p2a: Electrode|185/246|[from] item: Leftovers\n|-heal|p1a: Giratina|326/349|[from] item: Leftovers\n|-damage|p1a: Giratina|283/349|[from] Leech Seed|[of] p2a: Electrode\n|-heal|p2a: Electrode|228/246|[silent]\n|upkeep\n|turn|11\n|inactive|Waisa29 has 120 seconds left.\n|\n|t:|1782898312\n|switch|p1a: Thundurus|Thundurus, L80, M|226/258\n|move|p2a: Electrode|Giga Drain|p1a: Thundurus\n|-resisted|p1a: Thundurus\n|-damage|p1a: Thundurus|187/258\n|-heal|p2a: Electrode|246/246|[from] drain|[of] p1a: Thundurus\n|\n|upkeep\n|turn|12\n|\n|t:|1782898320\n|switch|p1a: Giratina|Giratina, L75|283/349\n|-ability|p1a: Giratina|Pressure\n|move|p2a: Electrode|Leech Seed|p1a: Giratina\n|-start|p1a: Giratina|move: Leech Seed\n|\n|-heal|p1a: Giratina|304/349|[from] item: Leftovers\n|-damage|p1a: Giratina|261/349|[from] Leech Seed|[of] p2a: Electrode\n|upkeep\n|turn|13\n|\n|t:|1782898331\n|switch|p1a: Thundurus|Thundurus, L80, M|187/258\n|move|p2a: Electrode|Thunderbolt|p1a: Thundurus\n|-damage|p1a: Thundurus|85/258\n|\n|upkeep\n|turn|14\n|\n|t:|1782898339\n|switch|p1a: Giratina|Giratina, L75|261/349\n|-ability|p1a: Giratina|Pressure\n|move|p2a: Electrode|Thunderbolt|p1a: Giratina\n|-resisted|p1a: Giratina\n|-damage|p1a: Giratina|225/349\n|-status|p1a: Giratina|par\n|\n|-heal|p1a: Giratina|246/349 par|[from] item: Leftovers\n|upkeep\n|turn|15\n|\n|t:|1782898351\n|move|p2a: Electrode|Substitute|p2a: Electrode\n|-start|p2a: Electrode|Substitute\n|-damage|p2a: Electrode|185/246\n|move|p1a: Giratina|Dragon Pulse|p2a: Electrode\n|-end|p2a: Electrode|Substitute\n|\n|-heal|p2a: Electrode|200/246|[from] item: Leftovers\n|-heal|p1a: Giratina|267/349 par|[from] item: Leftovers\n|upkeep\n|turn|16\n|\n|t:|1782898364\n|switch|p2a: Yanmega|Yanmega, L82, F|275/275\n|move|p1a: Giratina|Dragon Pulse|p2a: Yanmega\n|-damage|p2a: Yanmega|178/275\n|\n|-heal|p1a: Giratina|288/349 par|[from] item: Leftovers\n|upkeep\n|turn|17\n|\n|t:|1782898373\n|move|p2a: Yanmega|Air Slash|p1a: Giratina\n|-damage|p1a: Giratina|207/349 par\n|move|p1a: Giratina|Rest|p1a: Giratina\n|-status|p1a: Giratina|slp|[from] move: Rest\n|-heal|p1a: Giratina|349/349 slp|[silent]\n|\n|-ability|p2a: Yanmega|Speed Boost|boost\n|-boost|p2a: Yanmega|spe|1\n|upkeep\n|turn|18\n|\n|t:|1782898383\n|switch|p2a: Krookodile|Krookodile, L79, F|280/280\n|-ability|p2a: Krookodile|Intimidate|boost\n|-unboost|p1a: Giratina|atk|1\n|cant|p1a: Giratina|slp\n|move|p1a: Giratina|Sleep Talk|p1a: Giratina\n|move|p1a: Giratina|Calm Mind|p1a: Giratina|[from] move: Sleep Talk\n|-boost|p1a: Giratina|spa|1\n|-boost|p1a: Giratina|spd|1\n|\n|upkeep\n|turn|19\n|\n|t:|1782898395\n|switch|p1a: Luvdisc|Luvdisc, M|247/247\n|move|p2a: Krookodile|Stealth Rock|p1a: Luvdisc\n|-sidestart|p1: jorn lande|move: Stealth Rock\n|\n|upkeep\n|turn|20\n|inactive|Waisa29 has 120 seconds left.\n|\n|t:|1782898433\n|switch|p2a: Electrode|Electrode-Hisui, L87|200/246\n|move|p1a: Luvdisc|Whirlpool|p2a: Electrode\n|-resisted|p2a: Electrode\n|-damage|p2a: Electrode|184/246\n|-activate|p2a: Electrode|move: Whirlpool|[of] p1a: Luvdisc\n|\n|-heal|p2a: Electrode|199/246|[from] item: Leftovers\n|-damage|p2a: Electrode|169/246|[from] move: Whirlpool|[partiallytrapped]\n|upkeep\n|turn|21\n|inactive|Waisa29 has 120 seconds left.\n|\n|t:|1782898444\n|move|p2a: Electrode|Leech Seed|p1a: Luvdisc\n|-start|p1a: Luvdisc|move: Leech Seed\n|move|p1a: Luvdisc|Endeavor|p2a: Electrode\n|-immune|p2a: Electrode\n|\n|-heal|p2a: Electrode|184/246|[from] item: Leftovers\n|-damage|p1a: Luvdisc|217/247|[from] Leech Seed|[of] p2a: Electrode\n|-heal|p2a: Electrode|214/246|[silent]\n|-damage|p2a: Electrode|184/246|[from] move: Whirlpool|[partiallytrapped]\n|upkeep\n|turn|22\n|\n|t:|1782898457\n|switch|p1a: Giratina|Giratina, L75|349/349 slp\n|-damage|p1a: Giratina|306/349 slp|[from] Stealth Rock\n|-ability|p1a: Giratina|Pressure\n|move|p2a: Electrode|Substitute|p2a: Electrode\n|-start|p2a: Electrode|Substitute\n|-end|p2a: Electrode|Whirlpool|[partiallytrapped]|[silent]\n|-damage|p2a: Electrode|123/246\n|\n|-heal|p2a: Electrode|138/246|[from] item: Leftovers\n|-heal|p1a: Giratina|327/349 slp|[from] item: Leftovers\n|upkeep\n|turn|23\n|\n|t:|1782898468\n|switch|p2a: Krookodile|Krookodile, L79, F|280/280\n|-ability|p2a: Krookodile|Intimidate|boost\n|-unboost|p1a: Giratina|atk|1\n|cant|p1a: Giratina|slp\n|move|p1a: Giratina|Sleep Talk|p1a: Giratina\n|move|p1a: Giratina|Rest||[from] move: Sleep Talk|[still]\n|-fail|p1a: Giratina\n|\n|-heal|p1a: Giratina|348/349 slp|[from] item: Leftovers\n|upkeep\n|turn|24\n|\n|t:|1782898481\n|switch|p1a: Luvdisc|Luvdisc, M|217/247\n|move|p2a: Krookodile|Knock Off|p1a: Luvdisc\n|-damage|p1a: Luvdisc|69/247\n|-enditem|p1a: Luvdisc|Heavy-Duty Boots|[from] move: Knock Off|[of] p2a: Krookodile\n|-damage|p2a: Krookodile|252/280|[from] item: Life Orb\n|\n|upkeep\n|turn|25\n|\n|t:|1782898489\n|switch|p2a: Yanmega|Yanmega, L82, F|178/275\n|move|p1a: Luvdisc|Substitute|p1a: Luvdisc\n|-start|p1a: Luvdisc|Substitute\n|-damage|p1a: Luvdisc|8/247\n|\n|upkeep\n|turn|26\n|\n|t:|1782898499\n|switch|p1a: Giratina|Giratina, L75|348/349 slp\n|-damage|p1a: Giratina|305/349 slp|[from] Stealth Rock\n|-ability|p1a: Giratina|Pressure\n|move|p2a: Yanmega|Protect||[still]\n|-fail|p2a: Yanmega\n|\n|-heal|p1a: Giratina|326/349 slp|[from] item: Leftovers\n|-ability|p2a: Yanmega|Speed Boost|boost\n|-boost|p2a: Yanmega|spe|1\n|upkeep\n|turn|27\n|\n|t:|1782898511\n|move|p2a: Yanmega|Air Slash|p1a: Giratina\n|-damage|p1a: Giratina|244/349 slp\n|-curestatus|p1a: Giratina|slp|[msg]\n|move|p1a: Giratina|Dragon Pulse|p2a: Yanmega\n|-damage|p2a: Yanmega|69/275\n|\n|-heal|p1a: Giratina|265/349|[from] item: Leftovers\n|-ability|p2a: Yanmega|Speed Boost|boost\n|-boost|p2a: Yanmega|spe|1\n|upkeep\n|turn|28\n|\n|t:|1782898521\n|move|p2a: Yanmega|Air Slash|p1a: Giratina\n|-damage|p1a: Giratina|187/349\n|move|p1a: Giratina|Dragon Pulse|p2a: Yanmega\n|-damage|p2a: Yanmega|0 fnt\n|faint|p2a: Yanmega\n|\n|-heal|p1a: Giratina|208/349|[from] item: Leftovers\n|upkeep\n|\n|t:|1782898526\n|switch|p2a: Krookodile|Krookodile, L79, F|252/280\n|-ability|p2a: Krookodile|Intimidate|boost\n|-unboost|p1a: Giratina|atk|1\n|turn|29\n|\n|t:|1782898535\n|switch|p1a: Luvdisc|Luvdisc, M|8/247\n|-damage|p1a: Luvdisc|0 fnt|[from] Stealth Rock\n|faint|p1a: Luvdisc\n|move|p2a: Krookodile|Knock Off|p1: Luvdisc|[notarget]\n|-fail|p2a: Krookodile\n|\n|upkeep\n|\n|t:|1782898547\n|switch|p1a: Thundurus|Thundurus, L80, M|85/258\n|turn|30\n|\n|t:|1782898551\n|switch|p2a: Electrode|Electrode-Hisui, L87|138/246\n|move|p1a: Thundurus|Focus Blast|p2a: Electrode|[miss]\n|-miss|p1a: Thundurus|p2a: Electrode\n|\n|-heal|p2a: Electrode|153/246|[from] item: Leftovers\n|upkeep\n|turn|31\n|\n|t:|1782898559\n|move|p2a: Electrode|Thunderbolt|p1a: Thundurus\n|-damage|p1a: Thundurus|0 fnt\n|faint|p1a: Thundurus\n|\n|-heal|p2a: Electrode|168/246|[from] item: Leftovers\n|upkeep\n|-message|jorn lande forfeited.\n|\n|win|Waisa29\n|raw|jorn lande's rating: 1927 &rarr; <strong>1910</strong><br />(-17 for losing)\n|raw|Waisa29's rating: 1981 &rarr; <strong>1998</strong><br />(+17 for winning)\n", "inputlog": ">version f8ac14003a5f27e1bdc8d8c59608a773c1cb96e5\n>start {\"formatid\":\"gen9randombattle\",\"seed\":\"sodium,a6dbcba06cdd5408634dde9cc756255f\",\"rated\":\"Rated battle\"}\n>player p1 {\"name\":\"jorn lande\",\"avatar\":\"266\",\"rating\":1927,\"seed\":\"sodium,55274092aa7135490cb70569e9fd29dd\"}\n>player p2 {\"name\":\"Waisa29\",\"avatar\":\"170\",\"rating\":1981,\"seed\":\"sodium,133e3a5488d14bc1814afb7202fa8f2a\"}\n>p1 switch 4\n>p2 move protect\n>p1 move steameruption\n>p2 switch 6\n>p1 move steameruption\n>p2 move stoneedge\n>p2 switch 4\n>p1 switch 6\n>p2 move substitute\n>p1 move dragonpulse\n>p2 move leechseed\n>p1 switch 3\n>p2 move substitute\n>p1 move terablast\n>p2 move leechseed\n>p1 switch 3\n>p2 move substitute\n>p1 move dragonpulse\n>p2 move leechseed\n>p1 move dragonpulse\n>p2 move leechseed\n>p1 switch 3\n>p2 move gigadrain\n>p1 switch 3\n>p2 move leechseed\n>p1 switch 3\n>p2 move thunderbolt\n>p1 switch 3\n>p2 move thunderbolt\n>p1 move dragonpulse\n>p2 move substitute\n>p1 move dragonpulse\n>p2 switch 6\n>p1 move rest\n>p2 move airslash\n>p1 move sleeptalk\n>p2 switch 2\n>p1 switch 4\n>p2 move stealthrock\n>p1 move whirlpool\n>p2 switch 6\n>p1 move endeavor\n>p2 move leechseed\n>p1 switch 4\n>p2 move substitute\n>p1 move sleeptalk\n>p2 switch 6\n>p1 switch 4\n>p2 move knockoff\n>p1 move substitute\n>p2 switch 2\n>p1 switch 4\n>p2 move protect\n>p1 move dragonpulse\n>p2 move airslash\n>p1 move dragonpulse\n>p2 move airslash\n>p2 switch 2\n>p1 switch 4\n>p2 move knockoff\n>p1 switch 3\n>p1 move focusblast\n>p2 switch 6\n>p1 move focusblast\n>p2 move thunderbolt\n>forcelose p1", "uploadtime": 1782898563, "views": 7, "formatid": "gen9randombattle", "rating": 1910, "private": 0, "password": null, "player_dets": [{"name": "jorn lande", "avatar": "266", "rating": 1927, "seed": "sodium,55274092aa7135490cb70569e9fd29dd"}, {"name": "Waisa29", "avatar": "170", "rating": 1981, "seed": "sodium,133e3a5488d14bc1814afb7202fa8f2a"}], "teams_full": [{"Luvdisc": {"name": "Luvdisc", "species": "Luvdisc", "speciesId": "luvdisc", "gender": "M", "shiny": false, "level": 100, "moves": ["surf", "whirlpool", "endeavor", "substitute"], "ability": "Swift Swim", "evs": {"hp": 81, "atk": 0, "def": 85, "spa": 85, "spd": 85, "spe": 85}, "ivs": {"hp": 31, "atk": 0, "def": 31, "spa": 31, "spd": 31, "spe": 31}, "item": "Heavy-Duty Boots", "teraType": "Ghost", "role": "Fast Support", "bvs": {"hp": 43, "atk": 30, "def": 55, "spa": 40, "spd": 65, "spe": 97}, "stats": {"hp": 247, "atk": 65, "def": 167, "spa": 137, "spd": 187, "spe": 251}, "types": ["Water"]}, "Necrozma": {"name": "Necrozma", "species": "Necrozma-Dusk-Mane", "speciesId": "necrozmaduskmane", "gender": "N", "shiny": false, "level": 69, "moves": ["photongeyser", "dragondance", "sunsteelstrike", "earthquake"], "ability": "Prism Armor", "evs": {"hp": 85, "atk": 85, "def": 85, "spa": 85, "spd": 85, "spe": 85}, "ivs": {"hp": 31, "atk": 31, "def": 31, "spa": 31, "spd": 31, "spe": 31}, "item": "Weakness Policy", "teraType": "Steel", "role": "Bulky Setup", "bvs": {"hp": 97, "atk": 157, "def": 127, "spa": 113, "spd": 109, "spe": 77}, "stats": {"hp": 248, "atk": 257, "def": 216, "spa": 196, "spd": 191, "spe": 147}, "types": ["Psychic", "Steel"]}, "Thundurus": {"name": "Thundurus", "species": "Thundurus", "speciesId": "thundurus", "gender": "M", "shiny": false, "level": 80, "moves": ["focusblast", "thunderbolt", "nastyplot", "terablast"], "ability": "Defiant", "evs": {"hp": 85, "atk": 85, "def": 85, "spa": 85, "spd": 85, "spe": 85}, "ivs": {"hp": 31, "atk": 31, "def": 31, "spa": 31, "spd": 31, "spe": 31}, "item": "Heavy-Duty Boots", "teraType": "Flying", "role": "Tera Blast user", "bvs": {"hp": 79, "atk": 115, "def": 70, "spa": 125, "spd": 80, "spe": 111}, "stats": {"hp": 258, "atk": 230, "def": 158, "spa": 246, "spd": 174, "spe": 224}, "types": ["Electric", "Flying"]}, "Volcanion": {"name": "Volcanion", "species": "Volcanion", "speciesId": "volcanion", "gender": "N", "shiny": false, "level": 79, "moves": ["flamecharge", "sludgebomb", "flamethrower", "steameruption"], "ability": "Water Absorb", "evs": {"hp": 81, "atk": 85, "def": 85, "spa": 85, "spd": 85, "spe": 85}, "ivs": {"hp": 31, "atk": 31, "def": 31, "spa": 31, "spd": 31, "spe": 31}, "item": "Assault Vest", "teraType": "Water", "role": "Bulky Attacker", "bvs": {"hp": 80, "atk": 110, "def": 120, "spa": 130, "spd": 90, "spe": 70}, "stats": {"hp": 255, "atk": 219, "def": 235, "spa": 251, "spd": 188, "spe": 156}, "types": ["Fire", "Water"]}, "Mewtwo": {"name": "Mewtwo", "species": "Mewtwo", "speciesId": "mewtwo", "gender": "N", "shiny": false, "level": 72, "moves": ["darkpulse", "nastyplot", "aurasphere", "psystrike"], "ability": "Unnerve", "evs": {"hp": 85, "atk": 0, "def": 85, "spa": 85, "spd": 85, "spe": 85}, "ivs": {"hp": 31, "atk": 0, "def": 31, "spa": 31, "spd": 31, "spe": 31}, "item": "Life Orb", "teraType": "Fighting", "role": "Setup Sweeper", "bvs": {"hp": 106, "atk": 110, "def": 90, "spa": 154, "spd": 90, "spe": 130}, "stats": {"hp": 272, "atk": 163, "def": 172, "spa": 264, "spd": 172, "spe": 229}, "types": ["Psychic"]}, "Giratina": {"name": "Giratina", "species": "Giratina", "speciesId": "giratina", "gender": "N", "shiny": false, "level": 75, "moves": ["rest", "dragonpulse", "calmmind", "sleeptalk"], "ability": "Pressure", "evs": {"hp": 85, "atk": 0, "def": 85, "spa": 85, "spd": 85, "spe": 85}, "ivs": {"hp": 31, "atk": 0, "def": 31, "spa": 31, "spd": 31, "spe": 31}, "item": "Leftovers", "teraType": "Fairy", "role": "Bulky Setup", "bvs": {"hp": 150, "atk": 100, "def": 120, "spa": 100, "spd": 120, "spe": 90}, "stats": {"hp": 349, "atk": 155, "def": 224, "spa": 194, "spd": 224, "spe": 179}, "types": ["Ghost", "Dragon"]}}, {"Yanmega": {"name": "Yanmega", "species": "Yanmega", "speciesId": "yanmega", "gender": "F", "shiny": false, "level": 82, "moves": ["terablast", "protect", "airslash", "bugbuzz"], "ability": "Speed Boost", "evs": {"hp": 85, "atk": 0, "def": 85, "spa": 85, "spd": 85, "spe": 85}, "ivs": {"hp": 31, "atk": 0, "def": 31, "spa": 31, "spd": 31, "spe": 31}, "item": "Heavy-Duty Boots", "teraType": "Ground", "role": "Tera Blast user", "bvs": {"hp": 86, "atk": 76, "def": 86, "spa": 116, "spd": 56, "spe": 95}, "stats": {"hp": 275, "atk": 129, "def": 188, "spa": 237, "spd": 139, "spe": 203}, "types": ["Bug", "Flying"]}, "Krookodile": {"name": "Krookodile", "species": "Krookodile", "speciesId": "krookodile", "gender": "F", "shiny": false, "level": 79, "moves": ["earthquake", "stealthrock", "knockoff", "stoneedge"], "ability": "Intimidate", "evs": {"hp": 85, "atk": 85, "def": 85, "spa": 85, "spd": 85, "spe": 85}, "ivs": {"hp": 31, "atk": 31, "def": 31, "spa": 31, "spd": 31, "spe": 31}, "item": "Life Orb", "teraType": "Ground", "role": "Fast Attacker", "bvs": {"hp": 95, "atk": 117, "def": 80, "spa": 65, "spd": 70, "spe": 92}, "stats": {"hp": 280, "atk": 230, "def": 172, "spa": 148, "spd": 156, "spe": 191}, "types": ["Ground", "Dark"]}, "Cramorant": {"name": "Cramorant", "species": "Cramorant", "speciesId": "cramorant", "gender": "M", "shiny": false, "level": 86, "moves": ["roost", "surf", "defog", "bravebird"], "ability": "Gulp Missile", "evs": {"hp": 85, "atk": 85, "def": 85, "spa": 85, "spd": 85, "spe": 85}, "ivs": {"hp": 31, "atk": 31, "def": 31, "spa": 31, "spd": 31, "spe": 31}, "item": "Heavy-Duty Boots", "teraType": "Ground", "role": "Bulky Support", "bvs": {"hp": 70, "atk": 85, "def": 55, "spa": 85, "spd": 95, "spe": 85}, "stats": {"hp": 261, "atk": 195, "def": 144, "spa": 195, "spd": 213, "spe": 195}, "types": ["Flying", "Water"]}, "Electrode": {"name": "Electrode", "species": "Electrode-Hisui", "speciesId": "electrodehisui", "gender": "N", "shiny": false, "level": 87, "moves": ["thunderbolt", "leechseed", "substitute", "gigadrain"], "ability": "Soundproof", "evs": {"hp": 85, "atk": 0, "def": 85, "spa": 85, "spd": 85, "spe": 85}, "ivs": {"hp": 31, "atk": 0, "def": 31, "spa": 31, "spd": 31, "spe": 31}, "item": "Leftovers", "teraType": "Poison", "role": "Fast Support", "bvs": {"hp": 60, "atk": 50, "def": 70, "spa": 80, "spd": 80, "spe": 150}, "stats": {"hp": 246, "atk": 92, "def": 172, "spa": 189, "spd": 189, "spe": 311}, "types": ["Electric", "Grass"]}, "Vikavolt": {"name": "Vikavolt", "species": "Vikavolt", "speciesId": "vikavolt", "gender": "M", "shiny": false, "level": 83, "moves": ["bugbuzz", "voltswitch", "discharge", "stickyweb"], "ability": "Levitate", "evs": {"hp": 85, "atk": 0, "def": 85, "spa": 85, "spd": 85, "spe": 85}, "ivs": {"hp": 31, "atk": 0, "def": 31, "spa": 31, "spd": 31, "spe": 31}, "item": "Heavy-Duty Boots", "teraType": "Electric", "role": "Bulky Support", "bvs": {"hp": 77, "atk": 70, "def": 90, "spa": 145, "spd": 75, "spe": 43}, "stats": {"hp": 263, "atk": 121, "def": 197, "spa": 288, "spd": 172, "spe": 119}, "types": ["Bug", "Electric"]}, "Zamazenta": {"name": "Zamazenta", "species": "Zamazenta", "speciesId": "zamazenta", "gender": "N", "shiny": false, "level": 71, "moves": ["stoneedge", "ironhead", "crunch", "closecombat"], "ability": "Dauntless Shield", "evs": {"hp": 85, "atk": 85, "def": 85, "spa": 85, "spd": 85, "spe": 85}, "ivs": {"hp": 31, "atk": 31, "def": 31, "spa": 31, "spd": 31, "spe": 31}, "item": "Choice Band", "teraType": "Dark", "role": "Bulky Attacker", "bvs": {"hp": 92, "atk": 120, "def": 115, "spa": 80, "spd": 115, "spe": 138}, "stats": {"hp": 248, "atk": 212, "def": 205, "spa": 155, "spd": 205, "spe": 237}, "types": ["Fighting"]}}]}