{"id": "gen9randombattle-2641931663", "format": "[Gen 9] Random Battle", "players": ["NovaScore", "testbotcif"], "log": "|j|\u2606NovaScore\n|j|\u2606testbotcif\n|t:|1782860750\n|gametype|singles\n|player|p1|NovaScore|gambler|1331\n|player|p2|testbotcif|1|1310\n|gen|9\n|tier|[Gen 9] Random Battle\n|rated|\n|rule|Species Clause: Limit one of each Pok\u00e9mon\n|rule|HP Percentage Mod: HP is shown in percentages\n|rule|Sleep Clause Mod: Limit one foe put to sleep\n|rule|Illusion Level Mod: Illusion disguises the Pok\u00e9mon's true level\n|\n|t:|1782860750\n|teamsize|p1|6\n|teamsize|p2|6\n|start\n|switch|p1a: Thundurus|Thundurus-Therian, L80, M|258/258\n|switch|p2a: Grafaiai|Grafaiai, L86, F|249/249\n|turn|1\n|c|\u2606testbotcif|rlhf\n|inactive|Battle timer is ON: inactive players will automatically lose when time's up. (requested by testbotcif)\n|inactive|NovaScore has 120 seconds left.\n|\n|t:|1782860782\n|move|p2a: Grafaiai|Gunk Shot|p1a: Thundurus\n|-crit|p1a: Thundurus\n|-damage|p1a: Thundurus|12/258\n|-status|p1a: Thundurus|psn\n|move|p1a: Thundurus|Nasty Plot|p1a: Thundurus\n|-boost|p1a: Thundurus|spa|2\n|\n|-damage|p1a: Thundurus|0 fnt|[from] psn\n|faint|p1a: Thundurus\n|upkeep\n|\n|t:|1782860794\n|switch|p1a: Arceus|Arceus-Poison, L70|284/284\n|turn|2\n|\n|t:|1782860797\n|move|p2a: Grafaiai|Gunk Shot|p1a: Arceus\n|-resisted|p1a: Arceus\n|-damage|p1a: Arceus|221/284\n|move|p1a: Arceus|Swords Dance|p1a: Arceus\n|-boost|p1a: Arceus|atk|2\n|\n|upkeep\n|turn|3\n|\n|t:|1782860800\n|move|p2a: Grafaiai|Knock Off|p1a: Arceus\n|-damage|p1a: Arceus|174/284\n|move|p1a: Arceus|Swords Dance|p1a: Arceus\n|-boost|p1a: Arceus|atk|2\n|\n|upkeep\n|turn|4\n|\n|t:|1782860803\n|move|p2a: Grafaiai|Gunk Shot|p1a: Arceus|[miss]\n|-miss|p2a: Grafaiai|p1a: Arceus\n|move|p1a: Arceus|Earthquake|p2a: Grafaiai\n|-supereffective|p2a: Grafaiai\n|-damage|p2a: Grafaiai|0 fnt\n|faint|p2a: Grafaiai\n|\n|upkeep\n|\n|t:|1782860803\n|switch|p2a: Deoxys|Deoxys-Speed, L82|216/216\n|-ability|p2a: Deoxys|Pressure\n|turn|5\n|\n|t:|1782860814\n|-terastallize|p1a: Arceus|Normal\n|move|p1a: Arceus|Extreme Speed|p2a: Deoxys\n|-damage|p2a: Deoxys|15/216\n|move|p2a: Deoxys|Psycho Boost|p1a: Arceus\n|-damage|p1a: Arceus|1/284\n|-unboost|p2a: Deoxys|spa|2\n|-damage|p2a: Deoxys|0 fnt|[from] item: Life Orb\n|faint|p2a: Deoxys\n|\n|upkeep\n|\n|t:|1782860814\n|switch|p2a: Spiritomb|Spiritomb, L89, F|234/234\n|turn|6\n|\n|t:|1782860823\n|move|p1a: Arceus|Earthquake|p2a: Spiritomb\n|-damage|p2a: Spiritomb|80/234\n|move|p2a: Spiritomb|Foul Play|p1a: Arceus\n|-damage|p1a: Arceus|0 fnt\n|faint|p1a: Arceus\n|\n|-heal|p2a: Spiritomb|94/234|[from] item: Leftovers\n|upkeep\n|\n|t:|1782860838\n|switch|p1a: Pawmot|Pawmot, L80, F|243/243\n|turn|7\n|\n|t:|1782860842\n|move|p1a: Pawmot|Knock Off|p2a: Spiritomb\n|-damage|p2a: Spiritomb|23/234\n|-enditem|p2a: Spiritomb|Leftovers|[from] move: Knock Off|[of] p1a: Pawmot\n|-damage|p1a: Pawmot|219/243|[from] item: Life Orb\n|move|p2a: Spiritomb|Poltergeist|p1a: Pawmot\n|-activate|p1a: Pawmot|move: Poltergeist|Life Orb\n|-damage|p1a: Pawmot|54/243\n|\n|upkeep\n|turn|8\n|\n|t:|1782860846\n|move|p2a: Spiritomb|Shadow Sneak|p1a: Pawmot\n|-damage|p1a: Pawmot|0 fnt\n|faint|p1a: Pawmot\n|\n|upkeep\n|\n|t:|1782860849\n|switch|p1a: Ninetales|Ninetales-Alola, L78, F|242/242\n|-weather|Snowscape|[from] ability: Snow Warning|[of] p1a: Ninetales\n|turn|9\n|\n|t:|1782860852\n|move|p1a: Ninetales|Aurora Veil|p1a: Ninetales\n|-sidestart|p1: NovaScore|move: Aurora Veil\n|move|p2a: Spiritomb|Poltergeist|p1a: Ninetales\n|-activate|p1a: Ninetales|move: Poltergeist|Light Clay\n|-damage|p1a: Ninetales|136/242\n|\n|-weather|Snowscape|[upkeep]\n|upkeep\n|turn|10\n|\n|t:|1782860856\n|move|p2a: Spiritomb|Shadow Sneak|p1a: Ninetales\n|-damage|p1a: Ninetales|99/242\n|move|p1a: Ninetales|Blizzard|p2a: Spiritomb\n|-damage|p2a: Spiritomb|0 fnt\n|faint|p2a: Spiritomb\n|\n|-weather|Snowscape|[upkeep]\n|upkeep\n|\n|t:|1782860856\n|switch|p2a: Dunsparce|Dunsparce, L86, M|312/312\n|turn|11\n|\n|t:|1782860859\n|move|p1a: Ninetales|Nasty Plot|p1a: Ninetales\n|-boost|p1a: Ninetales|spa|2\n|move|p2a: Dunsparce|Coil|p2a: Dunsparce\n|-boost|p2a: Dunsparce|atk|1\n|-boost|p2a: Dunsparce|def|1\n|-boost|p2a: Dunsparce|accuracy|1\n|\n|-weather|Snowscape|[upkeep]\n|upkeep\n|turn|12\n|\n|t:|1782860866\n|move|p1a: Ninetales|Moonblast|p2a: Dunsparce\n|-damage|p2a: Dunsparce|194/312\n|move|p2a: Dunsparce|Body Slam|p1a: Ninetales\n|-damage|p1a: Ninetales|56/242\n|\n|-weather|Snowscape|[upkeep]\n|upkeep\n|turn|13\n|\n|t:|1782860869\n|move|p1a: Ninetales|Blizzard|p2a: Dunsparce\n|-damage|p2a: Dunsparce|58/312\n|move|p2a: Dunsparce|Roost|p2a: Dunsparce\n|-heal|p2a: Dunsparce|214/312\n|-singleturn|p2a: Dunsparce|move: Roost\n|\n|-weather|none\n|upkeep\n|turn|14\n|\n|t:|1782860872\n|move|p1a: Ninetales|Blizzard|p2a: Dunsparce\n|-damage|p2a: Dunsparce|60/312\n|-status|p2a: Dunsparce|frz\n|cant|p2a: Dunsparce|frz\n|\n|upkeep\n|turn|15\n|\n|t:|1782860876\n|move|p1a: Ninetales|Moonblast|p2a: Dunsparce\n|-damage|p2a: Dunsparce|0 fnt\n|faint|p2a: Dunsparce\n|\n|upkeep\n|\n|t:|1782860876\n|switch|p2a: Clawitzer|Clawitzer, L87, M|265/265\n|turn|16\n|\n|t:|1782860884\n|move|p1a: Ninetales|Moonblast|p2a: Clawitzer\n|-damage|p2a: Clawitzer|112/265\n|move|p2a: Clawitzer|Water Pulse|p1a: Ninetales\n|-damage|p1a: Ninetales|0 fnt\n|faint|p1a: Ninetales\n|\n|-sideend|p1: NovaScore|move: Aurora Veil\n|upkeep\n|\n|t:|1782860888\n|switch|p1a: Regidrago|Regidrago, L77|435/435\n|turn|17\n|\n|t:|1782860899\n|switch|p2a: Overqwil|Overqwil, L82, M|274/274\n|-ability|p2a: Overqwil|Intimidate|boost\n|-unboost|p1a: Regidrago|atk|1\n|move|p1a: Regidrago|Dragon Energy|p2a: Overqwil\n|-damage|p2a: Overqwil|6/274\n|\n|upkeep\n|turn|18\n|\n|t:|1782860902\n|-terastallize|p2a: Overqwil|Dragon\n|move|p1a: Regidrago|Dragon Energy|p2a: Overqwil\n|-supereffective|p2a: Overqwil\n|-damage|p2a: Overqwil|0 fnt\n|faint|p2a: Overqwil\n|\n|upkeep\n|\n|t:|1782860902\n|switch|p2a: Clawitzer|Clawitzer, L87, M|112/265\n|turn|19\n|\n|t:|1782860904\n|move|p1a: Regidrago|Dragon Energy|p2a: Clawitzer\n|-damage|p2a: Clawitzer|0 fnt\n|faint|p2a: Clawitzer\n|\n|win|NovaScore\n|raw|NovaScore's rating: 1331 &rarr; <strong>1350</strong><br />(+19 for winning)\n|raw|testbotcif's rating: 1310 &rarr; <strong>1291</strong><br />(-19 for losing)\n", "inputlog": ">version f8ac14003a5f27e1bdc8d8c59608a773c1cb96e5\n>start {\"formatid\":\"gen9randombattle\",\"seed\":\"sodium,1906aec3f604db8d2c7f8def195bfc65\",\"rated\":\"Rated battle\"}\n>player p1 {\"name\":\"NovaScore\",\"avatar\":\"gambler\",\"rating\":1331,\"seed\":\"sodium,f55411a40af7ed34b55cc5452db4caad\"}\n>player p2 {\"name\":\"testbotcif\",\"avatar\":\"1\",\"rating\":1310,\"seed\":\"sodium,d1fb2c307a1603edd7128db0b095caa7\"}\n>chat \u2606testbotcif|rlhf\n>p1 move nastyplot\n>p2 move gunkshot\n>p1 switch 5\n>p1 move swordsdance\n>p2 move gunkshot\n>p1 move swordsdance\n>p2 move knockoff\n>p1 move earthquake\n>p2 move gunkshot\n>p2 switch 3\n>p1 move extremespeed terastallize\n>p2 move psychoboost\n>p2 switch 6\n>p1 move earthquake\n>p2 move foulplay\n>p1 switch 3\n>p1 move knockoff\n>p2 move poltergeist\n>p1 move revivalblessing\n>p2 move shadowsneak\n>p1 switch 2\n>p1 move auroraveil\n>p2 move poltergeist\n>p1 move blizzard\n>p2 move shadowsneak\n>p2 switch 4\n>p1 move nastyplot\n>p2 move coil\n>p1 move moonblast\n>p2 move bodyslam\n>p1 move blizzard\n>p2 move roost\n>p1 move blizzard\n>p2 move roost\n>p1 move moonblast\n>p2 move roost\n>p2 switch 5\n>p1 move moonblast\n>p2 move waterpulse\n>p1 switch 6\n>p1 move dragonenergy\n>p2 switch 2\n>p1 move dragonenergy\n>p2 move scaleshot terastallize\n>p2 switch 2\n>p1 move dragonenergy\n>p2 move dragonpulse", "uploadtime": 1782860904, "views": 5, "formatid": "gen9randombattle", "rating": 1291, "private": 0, "password": null, "player_dets": [{"name": "NovaScore", "avatar": "gambler", "rating": 1331, "seed": "sodium,f55411a40af7ed34b55cc5452db4caad"}, {"name": "testbotcif", "avatar": "1", "rating": 1310, "seed": "sodium,d1fb2c307a1603edd7128db0b095caa7"}], "teams_full": [{"Thundurus": {"name": "Thundurus", "species": "Thundurus-Therian", "speciesId": "thundurustherian", "gender": "M", "shiny": false, "level": 80, "moves": ["grassknot", "nastyplot", "thunderbolt", "sludgewave"], "ability": "Volt Absorb", "evs": {"hp": 85, "atk": 0, "def": 85, "spa": 85, "spd": 85, "spe": 85}, "ivs": {"hp": 31, "atk": 0, "def": 31, "spa": 31, "spd": 31, "spe": 31}, "item": "Heavy-Duty Boots", "teraType": "Poison", "role": "Fast Attacker", "bvs": {"hp": 79, "atk": 105, "def": 70, "spa": 145, "spd": 80, "spe": 101}, "stats": {"hp": 258, "atk": 173, "def": 158, "spa": 278, "spd": 174, "spe": 208}, "types": ["Electric", "Flying"]}, "Ninetales": {"name": "Ninetales", "species": "Ninetales-Alola", "speciesId": "ninetalesalola", "gender": "F", "shiny": false, "level": 78, "moves": ["moonblast", "auroraveil", "nastyplot", "blizzard"], "ability": "Snow Warning", "evs": {"hp": 85, "atk": 0, "def": 85, "spa": 85, "spd": 85, "spe": 85}, "ivs": {"hp": 31, "atk": 0, "def": 31, "spa": 31, "spd": 31, "spe": 31}, "item": "Light Clay", "teraType": "Water", "role": "Fast Support", "bvs": {"hp": 73, "atk": 67, "def": 75, "spa": 81, "spd": 100, "spe": 109}, "stats": {"hp": 242, "atk": 109, "def": 162, "spa": 171, "spd": 201, "spe": 215}, "types": ["Ice", "Fairy"]}, "Pawmot": {"name": "Pawmot", "species": "Pawmot", "speciesId": "pawmot", "gender": "F", "shiny": false, "level": 80, "moves": ["revivalblessing", "knockoff", "closecombat", "doubleshock"], "ability": "Volt Absorb", "evs": {"hp": 85, "atk": 85, "def": 85, "spa": 85, "spd": 85, "spe": 85}, "ivs": {"hp": 31, "atk": 31, "def": 31, "spa": 31, "spd": 31, "spe": 31}, "item": "Life Orb", "teraType": "Electric", "role": "Fast Attacker", "bvs": {"hp": 70, "atk": 115, "def": 70, "spa": 70, "spd": 60, "spe": 105}, "stats": {"hp": 243, "atk": 230, "def": 158, "spa": 158, "spd": 142, "spe": 214}, "types": ["Electric", "Fighting"]}, "Gardevoir": {"name": "Gardevoir", "species": "Gardevoir", "speciesId": "gardevoir", "gender": "F", "shiny": false, "level": 83, "moves": ["mysticalfire", "trick", "moonblast", "psychic"], "ability": "Trace", "evs": {"hp": 85, "atk": 0, "def": 85, "spa": 85, "spd": 85, "spe": 85}, "ivs": {"hp": 31, "atk": 0, "def": 31, "spa": 31, "spd": 31, "spe": 31}, "item": "Choice Scarf", "teraType": "Fire", "role": "Fast Attacker", "bvs": {"hp": 68, "atk": 65, "def": 65, "spa": 125, "spd": 115, "spe": 80}, "stats": {"hp": 249, "atk": 112, "def": 156, "spa": 255, "spd": 239, "spe": 180}, "types": ["Psychic", "Fairy"]}, "Arceus": {"name": "Arceus", "species": "Arceus-Poison", "speciesId": "arceuspoison", "gender": "N", "shiny": false, "level": 70, "moves": ["extremespeed", "earthquake", "swordsdance", "gunkshot"], "ability": "Multitype", "evs": {"hp": 85, "atk": 85, "def": 85, "spa": 85, "spd": 85, "spe": 85}, "ivs": {"hp": 31, "atk": 31, "def": 31, "spa": 31, "spd": 31, "spe": 31}, "item": "Toxic Plate", "teraType": "Normal", "role": "Fast Bulky Setup", "bvs": {"hp": 120, "atk": 120, "def": 120, "spa": 120, "spd": 120, "spe": 120}, "stats": {"hp": 284, "atk": 209, "def": 209, "spa": 209, "spd": 209, "spe": 209}, "types": ["Poison"]}, "Regidrago": {"name": "Regidrago", "species": "Regidrago", "speciesId": "regidrago", "gender": "N", "shiny": false, "level": 77, "moves": ["earthquake", "dragonenergy", "outrage", "dracometeor"], "ability": "Dragon's Maw", "evs": {"hp": 85, "atk": 85, "def": 85, "spa": 85, "spd": 85, "spe": 85}, "ivs": {"hp": 31, "atk": 31, "def": 31, "spa": 31, "spd": 31, "spe": 31}, "item": "Choice Scarf", "teraType": "Dragon", "role": "Fast Attacker", "bvs": {"hp": 200, "atk": 100, "def": 50, "spa": 100, "spd": 50, "spe": 80}, "stats": {"hp": 435, "atk": 199, "def": 122, "spa": 199, "spd": 122, "spe": 168}, "types": ["Dragon"]}}, {"Grafaiai": {"name": "Grafaiai", "species": "Grafaiai", "speciesId": "grafaiai", "gender": "F", "shiny": false, "level": 86, "moves": ["knockoff", "encore", "partingshot", "gunkshot"], "ability": "Prankster", "evs": {"hp": 85, "atk": 85, "def": 85, "spa": 85, "spd": 85, "spe": 85}, "ivs": {"hp": 31, "atk": 31, "def": 31, "spa": 31, "spd": 31, "spe": 31}, "item": "Heavy-Duty Boots", "teraType": "Dark", "role": "Fast Support", "bvs": {"hp": 63, "atk": 95, "def": 65, "spa": 80, "spd": 72, "spe": 110}, "stats": {"hp": 249, "atk": 213, "def": 161, "spa": 187, "spd": 173, "spe": 238}, "types": ["Poison", "Normal"]}, "Overqwil": {"name": "Overqwil", "species": "Overqwil", "speciesId": "overqwil", "gender": "M", "shiny": false, "level": 82, "moves": ["scaleshot", "crunch", "swordsdance", "gunkshot"], "ability": "Intimidate", "evs": {"hp": 85, "atk": 85, "def": 85, "spa": 85, "spd": 85, "spe": 85}, "ivs": {"hp": 31, "atk": 31, "def": 31, "spa": 31, "spd": 31, "spe": 31}, "item": "Loaded Dice", "teraType": "Dragon", "role": "Setup Sweeper", "bvs": {"hp": 85, "atk": 115, "def": 95, "spa": 65, "spd": 65, "spe": 85}, "stats": {"hp": 274, "atk": 236, "def": 203, "spa": 154, "spd": 154, "spe": 187}, "types": ["Dark", "Poison"]}, "Deoxys": {"name": "Deoxys", "species": "Deoxys-Speed", "speciesId": "deoxysspeed", "gender": "N", "shiny": false, "level": 82, "moves": ["psychoboost", "focusblast", "nastyplot", "darkpulse"], "ability": "Pressure", "evs": {"hp": 85, "atk": 0, "def": 85, "spa": 85, "spd": 85, "spe": 85}, "ivs": {"hp": 31, "atk": 0, "def": 31, "spa": 31, "spd": 31, "spe": 31}, "item": "Life Orb", "teraType": "Dark", "role": "Setup Sweeper", "bvs": {"hp": 50, "atk": 95, "def": 90, "spa": 95, "spd": 90, "spe": 180}, "stats": {"hp": 216, "atk": 160, "def": 195, "spa": 203, "spd": 195, "spe": 342}, "types": ["Psychic"]}, "Dunsparce": {"name": "Dunsparce", "species": "Dunsparce", "speciesId": "dunsparce", "gender": "M", "shiny": false, "level": 86, "moves": ["earthquake", "roost", "coil", "bodyslam"], "ability": "Serene Grace", "evs": {"hp": 85, "atk": 85, "def": 85, "spa": 85, "spd": 85, "spe": 85}, "ivs": {"hp": 31, "atk": 31, "def": 31, "spa": 31, "spd": 31, "spe": 31}, "item": "Eviolite", "teraType": "Ground", "role": "Bulky Setup", "bvs": {"hp": 100, "atk": 70, "def": 70, "spa": 65, "spd": 65, "spe": 45}, "stats": {"hp": 312, "atk": 170, "def": 170, "spa": 161, "spd": 161, "spe": 127}, "types": ["Normal"]}, "Clawitzer": {"name": "Clawitzer", "species": "Clawitzer", "speciesId": "clawitzer", "gender": "M", "shiny": false, "level": 87, "moves": ["aurasphere", "darkpulse", "waterpulse", "dragonpulse"], "ability": "Mega Launcher", "evs": {"hp": 85, "atk": 0, "def": 85, "spa": 85, "spd": 85, "spe": 85}, "ivs": {"hp": 31, "atk": 0, "def": 31, "spa": 31, "spd": 31, "spe": 31}, "item": "Choice Specs", "teraType": "Dark", "role": "Wallbreaker", "bvs": {"hp": 71, "atk": 73, "def": 88, "spa": 120, "spd": 89, "spe": 59}, "stats": {"hp": 265, "atk": 132, "def": 203, "spa": 259, "spd": 205, "spe": 152}, "types": ["Water"]}, "Spiritomb": {"name": "Spiritomb", "species": "Spiritomb", "speciesId": "spiritomb", "gender": "F", "shiny": false, "level": 89, "moves": ["shadowsneak", "foulplay", "poltergeist", "painsplit"], "ability": "Infiltrator", "evs": {"hp": 85, "atk": 85, "def": 85, "spa": 85, "spd": 85, "spe": 85}, "ivs": {"hp": 31, "atk": 31, "def": 31, "spa": 31, "spd": 31, "spe": 31}, "item": "Leftovers", "teraType": "Steel", "role": "Bulky Support", "bvs": {"hp": 50, "atk": 92, "def": 108, "spa": 92, "spd": 108, "spe": 35}, "stats": {"hp": 234, "atk": 215, "def": 243, "spa": 215, "spd": 243, "spe": 113}, "types": ["Ghost", "Dark"]}}]}