{"id": "gen9randombattle-2642058843", "format": "[Gen 9] Random Battle", "players": ["gmarboy", "jnpr010334"], "log": "|j|\u2606gmarboy\n|j|\u2606jnpr010334\n|t:|1782881168\n|gametype|singles\n|player|p1|gmarboy|1|1554\n|player|p2|jnpr010334|265|1603\n|gen|9\n|tier|[Gen 9] Random Battle\n|rated|\n|rule|Species Clause: Limit one of each Pok\u00e9mon\n|rule|HP Percentage Mod: HP is shown in percentages\n|rule|Sleep Clause Mod: Limit one foe put to sleep\n|rule|Illusion Level Mod: Illusion disguises the Pok\u00e9mon's true level\n|\n|t:|1782881168\n|teamsize|p1|6\n|teamsize|p2|6\n|start\n|switch|p1a: Bronzong|Bronzong, L88|261/261\n|switch|p2a: Amoonguss|Amoonguss, L82, M|321/321\n|turn|1\n|inactive|Battle timer is ON: inactive players will automatically lose when time's up. (requested by jnpr010334)\n|\n|t:|1782881176\n|move|p1a: Bronzong|Stealth Rock|p2a: Amoonguss\n|-sidestart|p2: jnpr010334|move: Stealth Rock\n|move|p2a: Amoonguss|Spore|p1a: Bronzong\n|-status|p1a: Bronzong|slp|[from] move: Spore\n|\n|upkeep\n|turn|2\n|\n|t:|1782881181\n|switch|p2a: Cobalion|Cobalion, L80|277/277\n|-damage|p2a: Cobalion|269/277|[from] Stealth Rock\n|cant|p1a: Bronzong|slp\n|\n|-heal|p2a: Cobalion|277/277|[from] item: Leftovers\n|upkeep\n|turn|3\n|\n|t:|1782881187\n|move|p2a: Cobalion|Stealth Rock|p1a: Bronzong\n|-sidestart|p1: gmarboy|move: Stealth Rock\n|cant|p1a: Bronzong|slp\n|\n|upkeep\n|turn|4\n|\n|t:|1782881191\n|switch|p2a: Lanturn|Lanturn, L89, M|367/367\n|-damage|p2a: Lanturn|322/367|[from] Stealth Rock\n|-curestatus|p1a: Bronzong|slp|[msg]\n|move|p1a: Bronzong|Earthquake|p2a: Lanturn\n|-supereffective|p2a: Lanturn\n|-damage|p2a: Lanturn|138/367\n|\n|-heal|p2a: Lanturn|160/367|[from] item: Leftovers\n|upkeep\n|turn|5\n|\n|t:|1782881194\n|move|p2a: Lanturn|Thunder Wave|p1a: Bronzong\n|-status|p1a: Bronzong|par\n|cant|p1a: Bronzong|par\n|\n|-heal|p2a: Lanturn|182/367|[from] item: Leftovers\n|upkeep\n|turn|6\n|\n|t:|1782881198\n|move|p2a: Lanturn|Scald|p1a: Bronzong\n|-crit|p1a: Bronzong\n|-damage|p1a: Bronzong|177/261 par\n|cant|p1a: Bronzong|par\n|\n|-heal|p2a: Lanturn|204/367|[from] item: Leftovers\n|-heal|p1a: Bronzong|193/261 par|[from] item: Leftovers\n|upkeep\n|turn|7\n|c|\u2606gmarboy|QWUDBQWDQ\n|c|\u2606gmarboy|YOUR RNG\n|\n|t:|1782881207\n|move|p2a: Lanturn|Thunderbolt|p1a: Bronzong\n|-damage|p1a: Bronzong|126/261 par\n|move|p1a: Bronzong|Earthquake|p2a: Lanturn\n|-supereffective|p2a: Lanturn\n|-damage|p2a: Lanturn|26/367\n|\n|-heal|p2a: Lanturn|48/367|[from] item: Leftovers\n|-heal|p1a: Bronzong|142/261 par|[from] item: Leftovers\n|upkeep\n|turn|8\n|\n|t:|1782881210\n|move|p2a: Lanturn|Thunderbolt|p1a: Bronzong\n|-damage|p1a: Bronzong|72/261 par\n|move|p1a: Bronzong|Earthquake|p2a: Lanturn\n|-supereffective|p2a: Lanturn\n|-damage|p2a: Lanturn|0 fnt\n|faint|p2a: Lanturn\n|\n|-heal|p1a: Bronzong|88/261 par|[from] item: Leftovers\n|upkeep\n|\n|t:|1782881213\n|switch|p2a: Chimecho|Chimecho, L93, F|290/290\n|-damage|p2a: Chimecho|254/290|[from] Stealth Rock\n|turn|9\n|\n|t:|1782881218\n|move|p2a: Chimecho|Cosmic Power|p2a: Chimecho\n|-boost|p2a: Chimecho|def|1\n|-boost|p2a: Chimecho|spd|1\n|move|p1a: Bronzong|Iron Head|p2a: Chimecho\n|-damage|p2a: Chimecho|193/290\n|\n|-heal|p2a: Chimecho|211/290|[from] item: Leftovers\n|-heal|p1a: Bronzong|104/261 par|[from] item: Leftovers\n|upkeep\n|turn|10\n|\n|t:|1782881243\n|switch|p1a: Cloyster|Cloyster, L80, F|211/211\n|-damage|p1a: Cloyster|159/211|[from] Stealth Rock\n|move|p2a: Chimecho|Cosmic Power|p2a: Chimecho\n|-boost|p2a: Chimecho|def|1\n|-boost|p2a: Chimecho|spd|1\n|\n|-heal|p2a: Chimecho|229/290|[from] item: Leftovers\n|upkeep\n|turn|11\n|\n|t:|1782881252\n|-terastallize|p2a: Chimecho|Steel\n|move|p2a: Chimecho|Stored Power|p1a: Cloyster\n|-damage|p1a: Cloyster|0 fnt\n|faint|p1a: Cloyster\n|\n|-heal|p2a: Chimecho|247/290|[from] item: Leftovers\n|upkeep\n|\n|t:|1782881255\n|switch|p1a: Gouging Fire|Gouging Fire, L74|277/277\n|turn|12\n|\n|t:|1782881258\n|move|p1a: Gouging Fire|Heat Crash|p2a: Chimecho\n|-supereffective|p2a: Chimecho\n|-damage|p2a: Chimecho|137/290\n|move|p2a: Chimecho|Cosmic Power|p2a: Chimecho\n|-boost|p2a: Chimecho|def|1\n|-boost|p2a: Chimecho|spd|1\n|\n|-heal|p2a: Chimecho|155/290|[from] item: Leftovers\n|upkeep\n|turn|13\n|\n|t:|1782881261\n|move|p1a: Gouging Fire|Heat Crash|p2a: Chimecho\n|-supereffective|p2a: Chimecho\n|-damage|p2a: Chimecho|65/290\n|move|p2a: Chimecho|Recover|p2a: Chimecho\n|-heal|p2a: Chimecho|210/290\n|\n|-heal|p2a: Chimecho|228/290|[from] item: Leftovers\n|upkeep\n|turn|14\n|\n|t:|1782881262\n|move|p1a: Gouging Fire|Heat Crash|p2a: Chimecho\n|-supereffective|p2a: Chimecho\n|-damage|p2a: Chimecho|138/290\n|move|p2a: Chimecho|Stored Power|p1a: Gouging Fire\n|-damage|p1a: Gouging Fire|82/277\n|\n|-heal|p2a: Chimecho|156/290|[from] item: Leftovers\n|upkeep\n|turn|15\n|\n|t:|1782881266\n|move|p1a: Gouging Fire|Heat Crash|p2a: Chimecho\n|-supereffective|p2a: Chimecho\n|-damage|p2a: Chimecho|72/290\n|move|p2a: Chimecho|Recover|p2a: Chimecho\n|-heal|p2a: Chimecho|217/290\n|\n|-heal|p2a: Chimecho|235/290|[from] item: Leftovers\n|upkeep\n|turn|16\n|\n|t:|1782881271\n|move|p1a: Gouging Fire|Heat Crash|p2a: Chimecho\n|-supereffective|p2a: Chimecho\n|-damage|p2a: Chimecho|145/290\n|move|p2a: Chimecho|Stored Power|p1a: Gouging Fire\n|-damage|p1a: Gouging Fire|0 fnt\n|faint|p1a: Gouging Fire\n|-end|p1a: Gouging Fire|Protosynthesis|[silent]\n|\n|-heal|p2a: Chimecho|163/290|[from] item: Leftovers\n|upkeep\n|-message|gmarboy forfeited.\n|\n|win|jnpr010334\n|raw|gmarboy's rating: 1554 &rarr; <strong>1538</strong><br />(-16 for losing)\n|raw|jnpr010334's rating: 1626 &rarr; <strong>1642</strong><br />(+16 for winning)\n", "inputlog": ">version f8ac14003a5f27e1bdc8d8c59608a773c1cb96e5\n>start {\"formatid\":\"gen9randombattle\",\"seed\":\"sodium,cb9936c28beefc6de8446c1307cacf70\",\"rated\":\"Rated battle\"}\n>player p1 {\"name\":\"gmarboy\",\"avatar\":\"1\",\"rating\":1554,\"seed\":\"sodium,988801ae9eed44097d1ceaae3ba488a1\"}\n>player p2 {\"name\":\"jnpr010334\",\"avatar\":\"265\",\"rating\":1603,\"seed\":\"sodium,08518e465552cebc3353431f31893c25\"}\n>p1 move stealthrock\n>p2 move spore\n>p1 move psychicnoise\n>p2 switch 2\n>p1 move earthquake\n>p2 move stealthrock\n>p1 move earthquake\n>p2 switch 3\n>p1 move earthquake\n>p2 move thunderwave\n>p1 move earthquake\n>p2 move scald\n>chat \u2606gmarboy|QWUDBQWDQ\n>chat \u2606gmarboy|YOUR RNG \n>p1 move earthquake\n>p2 move thunderbolt\n>p1 move earthquake\n>p2 move thunderbolt\n>p2 switch 5\n>p1 move ironhead\n>p2 move cosmicpower\n>p1 switch 5\n>p2 move cosmicpower\n>p1 move iciclespear\n>p2 move storedpower terastallize\n>p1 switch 2\n>p1 move heatcrash\n>p2 move cosmicpower\n>p1 move heatcrash\n>p2 move recover\n>p1 move heatcrash\n>p2 move storedpower\n>p1 move heatcrash\n>p2 move recover\n>p1 move heatcrash\n>p2 move storedpower\n>forcelose p1", "uploadtime": 1782881277, "views": 6, "formatid": "gen9randombattle", "rating": 1538, "private": 0, "password": null, "player_dets": [{"name": "gmarboy", "avatar": "1", "rating": 1554, "seed": "sodium,988801ae9eed44097d1ceaae3ba488a1"}, {"name": "jnpr010334", "avatar": "265", "rating": 1603, "seed": "sodium,08518e465552cebc3353431f31893c25"}], "teams_full": [{"Bronzong": {"name": "Bronzong", "species": "Bronzong", "speciesId": "bronzong", "gender": "N", "shiny": false, "level": 88, "moves": ["psychicnoise", "stealthrock", "earthquake", "ironhead"], "ability": "Levitate", "evs": {"hp": 85, "atk": 85, "def": 85, "spa": 85, "spd": 85, "spe": 85}, "ivs": {"hp": 31, "atk": 31, "def": 31, "spa": 31, "spd": 31, "spe": 31}, "item": "Leftovers", "teraType": "Electric", "role": "Bulky Support", "bvs": {"hp": 67, "atk": 89, "def": 116, "spa": 79, "spd": 116, "spe": 33}, "stats": {"hp": 261, "atk": 207, "def": 254, "spa": 189, "spd": 254, "spe": 108}, "types": ["Steel", "Psychic"]}, "Gouging Fire": {"name": "Gouging Fire", "species": "Gouging Fire", "speciesId": "gougingfire", "gender": "N", "shiny": false, "level": 74, "moves": ["earthquake", "heatcrash", "dragondance", "outrage"], "ability": "Protosynthesis", "evs": {"hp": 85, "atk": 85, "def": 85, "spa": 85, "spd": 85, "spe": 85}, "ivs": {"hp": 31, "atk": 31, "def": 31, "spa": 31, "spd": 31, "spe": 31}, "item": "Heavy-Duty Boots", "teraType": "Ground", "role": "Setup Sweeper", "bvs": {"hp": 105, "atk": 115, "def": 121, "spa": 65, "spd": 93, "spe": 91}, "stats": {"hp": 277, "atk": 213, "def": 222, "spa": 139, "spd": 181, "spe": 178}, "types": ["Fire", "Dragon"]}, "Floatzel": {"name": "Floatzel", "species": "Floatzel", "speciesId": "floatzel", "gender": "M", "shiny": false, "level": 86, "moves": ["flipturn", "icespinner", "wavecrash", "crunch"], "ability": "Water Veil", "evs": {"hp": 85, "atk": 85, "def": 85, "spa": 85, "spd": 85, "spe": 85}, "ivs": {"hp": 31, "atk": 31, "def": 31, "spa": 31, "spd": 31, "spe": 31}, "item": "Choice Band", "teraType": "Water", "role": "Wallbreaker", "bvs": {"hp": 85, "atk": 105, "def": 55, "spa": 85, "spd": 50, "spe": 115}, "stats": {"hp": 286, "atk": 230, "def": 144, "spa": 195, "spd": 135, "spe": 247}, "types": ["Water"]}, "Lucario": {"name": "Lucario", "species": "Lucario", "speciesId": "lucario", "gender": "M", "shiny": false, "level": 84, "moves": ["closecombat", "meteormash", "stoneedge", "extremespeed"], "ability": "Justified", "evs": {"hp": 85, "atk": 85, "def": 85, "spa": 85, "spd": 85, "spe": 85}, "ivs": {"hp": 31, "atk": 31, "def": 31, "spa": 31, "spd": 31, "spe": 31}, "item": "Choice Band", "teraType": "Normal", "role": "Fast Attacker", "bvs": {"hp": 70, "atk": 110, "def": 70, "spa": 115, "spd": 70, "spe": 90}, "stats": {"hp": 255, "atk": 233, "def": 166, "spa": 241, "spd": 166, "spe": 199}, "types": ["Fighting", "Steel"]}, "Cloyster": {"name": "Cloyster", "species": "Cloyster", "speciesId": "cloyster", "gender": "F", "shiny": false, "level": 80, "moves": ["shellsmash", "drillrun", "iciclespear", "rockblast"], "ability": "Skill Link", "evs": {"hp": 85, "atk": 85, "def": 85, "spa": 85, "spd": 85, "spe": 85}, "ivs": {"hp": 31, "atk": 31, "def": 31, "spa": 31, "spd": 31, "spe": 31}, "item": "White Herb", "teraType": "Ground", "role": "Fast Attacker", "bvs": {"hp": 50, "atk": 95, "def": 180, "spa": 85, "spd": 45, "spe": 70}, "stats": {"hp": 211, "atk": 198, "def": 334, "spa": 182, "spd": 118, "spe": 158}, "types": ["Water", "Ice"]}, "Enamorus": {"name": "Enamorus", "species": "Enamorus-Therian", "speciesId": "enamorustherian", "gender": "F", "shiny": false, "level": 83, "moves": ["moonblast", "earthpower", "agility", "superpower"], "ability": "Overcoat", "evs": {"hp": 85, "atk": 85, "def": 85, "spa": 85, "spd": 85, "spe": 85}, "ivs": {"hp": 31, "atk": 31, "def": 31, "spa": 31, "spd": 31, "spe": 31}, "item": "Weakness Policy", "teraType": "Ground", "role": "Bulky Setup", "bvs": {"hp": 74, "atk": 115, "def": 110, "spa": 135, "spd": 100, "spe": 46}, "stats": {"hp": 259, "atk": 239, "def": 230, "spa": 272, "spd": 214, "spe": 124}, "types": ["Fairy", "Flying"]}}, {"Amoonguss": {"name": "Amoonguss", "species": "Amoonguss", "speciesId": "amoonguss", "gender": "M", "shiny": false, "level": 82, "moves": ["sludgebomb", "stompingtantrum", "gigadrain", "spore"], "ability": "Regenerator", "evs": {"hp": 85, "atk": 85, "def": 85, "spa": 85, "spd": 85, "spe": 85}, "ivs": {"hp": 31, "atk": 31, "def": 31, "spa": 31, "spd": 31, "spe": 31}, "item": "Rocky Helmet", "teraType": "Water", "role": "Bulky Attacker", "bvs": {"hp": 114, "atk": 85, "def": 70, "spa": 85, "spd": 80, "spe": 30}, "stats": {"hp": 321, "atk": 187, "def": 162, "spa": 187, "spd": 178, "spe": 96}, "types": ["Grass", "Poison"]}, "Cobalion": {"name": "Cobalion", "species": "Cobalion", "speciesId": "cobalion", "gender": "N", "shiny": false, "level": 80, "moves": ["bodypress", "thunderwave", "ironhead", "stealthrock"], "ability": "Justified", "evs": {"hp": 85, "atk": 85, "def": 85, "spa": 85, "spd": 85, "spe": 85}, "ivs": {"hp": 31, "atk": 31, "def": 31, "spa": 31, "spd": 31, "spe": 31}, "item": "Leftovers", "teraType": "Ghost", "role": "Bulky Support", "bvs": {"hp": 91, "atk": 90, "def": 129, "spa": 90, "spd": 72, "spe": 108}, "stats": {"hp": 277, "atk": 190, "def": 253, "spa": 190, "spd": 161, "spe": 219}, "types": ["Steel", "Fighting"]}, "Lanturn": {"name": "Lanturn", "species": "Lanturn", "speciesId": "lanturn", "gender": "M", "shiny": false, "level": 89, "moves": ["thunderbolt", "scald", "thunderwave", "icebeam"], "ability": "Volt Absorb", "evs": {"hp": 85, "atk": 0, "def": 85, "spa": 85, "spd": 85, "spe": 85}, "ivs": {"hp": 31, "atk": 0, "def": 31, "spa": 31, "spd": 31, "spe": 31}, "item": "Leftovers", "teraType": "Flying", "role": "Bulky Attacker", "bvs": {"hp": 125, "atk": 58, "def": 58, "spa": 76, "spd": 76, "spe": 67}, "stats": {"hp": 367, "atk": 108, "def": 154, "spa": 186, "spd": 186, "spe": 170}, "types": ["Water", "Electric"]}, "Iron Leaves": {"name": "Iron Leaves", "species": "Iron Leaves", "speciesId": "ironleaves", "gender": "N", "shiny": false, "level": 80, "moves": ["closecombat", "leafblade", "megahorn", "psyblade"], "ability": "Quark Drive", "evs": {"hp": 85, "atk": 85, "def": 85, "spa": 85, "spd": 85, "spe": 85}, "ivs": {"hp": 31, "atk": 31, "def": 31, "spa": 31, "spd": 31, "spe": 31}, "item": "Choice Band", "teraType": "Fighting", "role": "Wallbreaker", "bvs": {"hp": 90, "atk": 130, "def": 88, "spa": 70, "spd": 108, "spe": 104}, "stats": {"hp": 275, "atk": 254, "def": 187, "spa": 158, "spd": 219, "spe": 213}, "types": ["Grass", "Psychic"]}, "Chimecho": {"name": "Chimecho", "species": "Chimecho", "speciesId": "chimecho", "gender": "F", "shiny": false, "level": 93, "moves": ["dazzlinggleam", "cosmicpower", "storedpower", "recover"], "ability": "Levitate", "evs": {"hp": 85, "atk": 0, "def": 85, "spa": 85, "spd": 85, "spe": 85}, "ivs": {"hp": 31, "atk": 0, "def": 31, "spa": 31, "spd": 31, "spe": 31}, "item": "Leftovers", "teraType": "Steel", "role": "Bulky Attacker", "bvs": {"hp": 75, "atk": 50, "def": 80, "spa": 95, "spd": 90, "spe": 65}, "stats": {"hp": 290, "atk": 98, "def": 202, "spa": 230, "spd": 220, "spe": 174}, "types": ["Psychic"]}, "Walking Wake": {"name": "Walking Wake", "species": "Walking Wake", "speciesId": "walkingwake", "gender": "N", "shiny": false, "level": 79, "moves": ["hydrosteam", "sunnyday", "dracometeor", "flamethrower"], "ability": "Protosynthesis", "evs": {"hp": 85, "atk": 0, "def": 85, "spa": 85, "spd": 85, "spe": 85}, "ivs": {"hp": 31, "atk": 0, "def": 31, "spa": 31, "spd": 31, "spe": 31}, "item": "Life Orb", "teraType": "Fire", "role": "Fast Attacker", "bvs": {"hp": 99, "atk": 83, "def": 91, "spa": 125, "spd": 83, "spe": 109}, "stats": {"hp": 286, "atk": 136, "def": 189, "spa": 243, "spd": 177, "spe": 218}, "types": ["Water", "Dragon"]}}]}