{"id": "gen9randombattle-2642002154", "format": "[Gen 9] Random Battle", "players": ["yugaman19", "Vel2410"], "log": "|j|\u2606yugaman19\n|j|\u2606Vel2410\n|t:|1782871460\n|gametype|singles\n|player|p1|yugaman19|dawn|1159\n|player|p2|Vel2410|266|1158\n|gen|9\n|tier|[Gen 9] Random Battle\n|rated|\n|rule|Species Clause: Limit one of each Pok\u00e9mon\n|rule|HP Percentage Mod: HP is shown in percentages\n|rule|Sleep Clause Mod: Limit one foe put to sleep\n|rule|Illusion Level Mod: Illusion disguises the Pok\u00e9mon's true level\n|\n|t:|1782871460\n|teamsize|p1|6\n|teamsize|p2|6\n|start\n|switch|p1a: Darkrai|Darkrai, L77|234/234\n|switch|p2a: Zebstrika|Zebstrika, L87, M|272/272\n|turn|1\n|inactive|Battle timer is ON: inactive players will automatically lose when time's up. (requested by Vel2410)\n|\n|t:|1782871473\n|move|p2a: Zebstrika|Supercell Slam|p1a: Darkrai\n|-damage|p1a: Darkrai|74/234\n|-damage|p2a: Zebstrika|245/272|[from] item: Life Orb\n|move|p1a: Darkrai|Hypnosis|p2a: Zebstrika\n|-status|p2a: Zebstrika|slp|[from] move: Hypnosis\n|\n|-damage|p2a: Zebstrika|211/272 slp|[from] ability: Bad Dreams|[of] p1a: Darkrai\n|upkeep\n|turn|2\n|\n|t:|1782871499\n|switch|p2a: Great Tusk|Great Tusk, L77|304/304\n|-enditem|p2a: Great Tusk|Booster Energy\n|-activate|p2a: Great Tusk|ability: Protosynthesis|[fromitem]\n|-start|p2a: Great Tusk|protosynthesisatk\n|move|p1a: Darkrai|Nasty Plot|p1a: Darkrai\n|-boost|p1a: Darkrai|spa|2\n|\n|upkeep\n|turn|3\n|\n|t:|1782871506\n|-terastallize|p1a: Darkrai|Poison\n|move|p1a: Darkrai|Sludge Bomb|p2a: Great Tusk\n|-resisted|p2a: Great Tusk\n|-damage|p2a: Great Tusk|97/304\n|-damage|p1a: Darkrai|51/234|[from] item: Life Orb\n|move|p2a: Great Tusk|Rapid Spin|p1a: Darkrai\n|-damage|p1a: Darkrai|0 fnt\n|-boost|p2a: Great Tusk|spe|1\n|faint|p1a: Darkrai\n|\n|upkeep\n|\n|t:|1782871526\n|switch|p1a: Weezing|Weezing-Galar, L86, F|252/252\n|turn|4\n|\n|t:|1782871534\n|-end|p2a: Great Tusk|Protosynthesis|[silent]\n|switch|p2a: Bronzong|Bronzong, L88|261/261\n|move|p1a: Weezing|Strange Steam|p2a: Bronzong\n|-resisted|p2a: Bronzong\n|-damage|p2a: Bronzong|228/261\n|\n|upkeep\n|turn|5\n|\n|t:|1782871545\n|switch|p1a: Abomasnow|Abomasnow, L84, M|287/287\n|-weather|Snowscape|[from] ability: Snow Warning|[of] p1a: Abomasnow\n|move|p2a: Bronzong|Iron Head|p1a: Abomasnow\n|-supereffective|p1a: Abomasnow\n|-damage|p1a: Abomasnow|167/287\n|\n|-weather|Snowscape|[upkeep]\n|upkeep\n|turn|6\n|\n|t:|1782871552\n|move|p1a: Abomasnow|Aurora Veil|p1a: Abomasnow\n|-sidestart|p1: yugaman19|move: Aurora Veil\n|move|p2a: Bronzong|Iron Head|p1a: Abomasnow\n|-supereffective|p1a: Abomasnow\n|-damage|p1a: Abomasnow|98/287\n|\n|-weather|Snowscape|[upkeep]\n|upkeep\n|turn|7\n|\n|t:|1782871560\n|move|p1a: Abomasnow|Blizzard|p2a: Bronzong\n|-resisted|p2a: Bronzong\n|-damage|p2a: Bronzong|186/261\n|move|p2a: Bronzong|Iron Head|p1a: Abomasnow\n|-supereffective|p1a: Abomasnow\n|-damage|p1a: Abomasnow|26/287\n|\n|-weather|Snowscape|[upkeep]\n|upkeep\n|turn|8\n|\n|t:|1782871566\n|move|p1a: Abomasnow|Wood Hammer|p2a: Bronzong\n|-resisted|p2a: Bronzong\n|-damage|p2a: Bronzong|142/261\n|-damage|p1a: Abomasnow|11/287|[from] Recoil\n|move|p2a: Bronzong|Iron Defense|p2a: Bronzong\n|-boost|p2a: Bronzong|def|2\n|\n|-weather|Snowscape|[upkeep]\n|upkeep\n|turn|9\n|\n|t:|1782871581\n|switch|p1a: Minun|Minun, L95, M|268/268\n|move|p2a: Bronzong|Iron Defense|p2a: Bronzong\n|-boost|p2a: Bronzong|def|2\n|\n|-weather|none\n|upkeep\n|turn|10\n|\n|t:|1782871587\n|move|p1a: Minun|Encore|p2a: Bronzong\n|-start|p2a: Bronzong|Encore\n|move|p2a: Bronzong|Iron Defense|p2a: Bronzong\n|-boost|p2a: Bronzong|def|2\n|\n|upkeep\n|turn|11\n|\n|t:|1782871595\n|switch|p2a: Great Tusk|Great Tusk, L77|97/304\n|move|p1a: Minun|Nasty Plot|p1a: Minun\n|-boost|p1a: Minun|spa|2\n|\n|upkeep\n|turn|12\n|\n|t:|1782871599\n|move|p1a: Minun|Alluring Voice|p2a: Great Tusk\n|-supereffective|p2a: Great Tusk\n|-damage|p2a: Great Tusk|0 fnt\n|faint|p2a: Great Tusk\n|-end|p2a: Great Tusk|Protosynthesis|[silent]\n|-damage|p1a: Minun|242/268|[from] item: Life Orb\n|\n|upkeep\n|\n|t:|1782871605\n|switch|p2a: Revavroom|Revavroom, L79, M|256/256\n|turn|13\n|\n|t:|1782871614\n|move|p1a: Minun|Alluring Voice|p2a: Revavroom\n|-resisted|p2a: Revavroom\n|-damage|p2a: Revavroom|207/256\n|-damage|p1a: Minun|216/268|[from] item: Life Orb\n|move|p2a: Revavroom|Shift Gear|p2a: Revavroom\n|-boost|p2a: Revavroom|spe|2\n|-boost|p2a: Revavroom|atk|1\n|\n|-sideend|p1: yugaman19|move: Aurora Veil\n|upkeep\n|turn|14\n|\n|t:|1782871620\n|move|p2a: Revavroom|High Horsepower|p1a: Minun\n|-supereffective|p1a: Minun\n|-damage|p1a: Minun|0 fnt\n|faint|p1a: Minun\n|-damage|p2a: Revavroom|182/256|[from] item: Life Orb\n|\n|upkeep\n|\n|t:|1782871630\n|switch|p1a: Weezing|Weezing-Galar, L86, F|252/252\n|turn|15\n|\n|t:|1782871635\n|move|p2a: Revavroom|Iron Head|p1a: Weezing\n|-supereffective|p1a: Weezing\n|-crit|p1a: Weezing\n|-damage|p1a: Weezing|0 fnt\n|faint|p1a: Weezing\n|-damage|p2a: Revavroom|157/256|[from] item: Life Orb\n|\n|upkeep\n|\n|t:|1782871648\n|switch|p1a: Salamence|Salamence, L77, F|273/273\n|-ability|p1a: Salamence|Intimidate|boost\n|-unboost|p2a: Revavroom|atk|1\n|turn|16\n|\n|t:|1782871657\n|move|p2a: Revavroom|Iron Head|p1a: Salamence\n|-damage|p1a: Salamence|139/273\n|-damage|p2a: Revavroom|132/256|[from] item: Life Orb\n|move|p1a: Salamence|Dual Wingbeat|p2a: Revavroom\n|-resisted|p2a: Revavroom\n|-damage|p2a: Revavroom|109/256\n|-resisted|p2a: Revavroom\n|-damage|p2a: Revavroom|85/256\n|-hitcount|p2a: Revavroom|2\n|\n|upkeep\n|turn|17\n|inactive|yugaman19 has 120 seconds left.\n|\n|t:|1782871690\n|move|p2a: Revavroom|Gunk Shot|p1a: Salamence\n|-damage|p1a: Salamence|0 fnt\n|faint|p1a: Salamence\n|-damage|p2a: Revavroom|60/256|[from] item: Life Orb\n|\n|upkeep\n|\n|t:|1782871693\n|switch|p1a: Abomasnow|Abomasnow, L84, M|11/287\n|-weather|Snowscape|[from] ability: Snow Warning|[of] p1a: Abomasnow\n|turn|18\n|\n|t:|1782871704\n|move|p2a: Revavroom|Iron Head|p1a: Abomasnow\n|-supereffective|p1a: Abomasnow\n|-damage|p1a: Abomasnow|0 fnt\n|faint|p1a: Abomasnow\n|-damage|p2a: Revavroom|35/256|[from] item: Life Orb\n|\n|-weather|Snowscape|[upkeep]\n|upkeep\n|\n|t:|1782871708\n|switch|p1a: Greninja|Greninja, L80, M|246/246\n|turn|19\n|\n|t:|1782871717\n|move|p2a: Revavroom|Gunk Shot|p1a: Greninja\n|-damage|p1a: Greninja|22/246\n|-damage|p2a: Revavroom|10/256|[from] item: Life Orb\n|move|p1a: Greninja|Dark Pulse|p2a: Revavroom\n|-crit|p2a: Revavroom\n|-damage|p2a: Revavroom|0 fnt\n|faint|p2a: Revavroom\n|-ability|p1a: Greninja|Battle Bond|boost\n|-boost|p1a: Greninja|atk|1\n|-boost|p1a: Greninja|spa|1\n|-boost|p1a: Greninja|spe|1\n|-activate|p1a: Greninja|ability: Battle Bond\n|-damage|p1a: Greninja|0 fnt|[from] item: Life Orb\n|faint|p1a: Greninja\n|\n|win|Vel2410\n|raw|yugaman19's rating: 1159 &rarr; <strong>1134</strong><br />(-25 for losing)\n|raw|Vel2410's rating: 1158 &rarr; <strong>1183</strong><br />(+25 for winning)\n", "inputlog": ">version f8ac14003a5f27e1bdc8d8c59608a773c1cb96e5\n>start {\"formatid\":\"gen9randombattle\",\"seed\":\"sodium,62a655829b5db3dc3ae973f93b89d013\",\"rated\":\"Rated battle\"}\n>player p1 {\"name\":\"yugaman19\",\"avatar\":\"dawn\",\"rating\":1159,\"seed\":\"sodium,fc39fbd9d5096c683e5b5654697e4e6e\"}\n>player p2 {\"name\":\"Vel2410\",\"avatar\":\"266\",\"rating\":1158,\"seed\":\"sodium,adfa39fbca9d0df83e5c13dddd9ed5a1\"}\n>p1 move hypnosis\n>p2 move supercellslam\n>p1 move nastyplot\n>p2 switch 6\n>p1 move sludgebomb terastallize\n>p2 move rapidspin\n>p1 switch 6\n>p1 move strangesteam\n>p2 switch 4\n>p1 switch 3\n>p2 move ironhead\n>p1 move auroraveil\n>p2 move ironhead\n>p1 move blizzard\n>p2 move ironhead\n>p1 move woodhammer\n>p2 move irondefense\n>p1 switch 2\n>p2 move irondefense\n>p1 move encore\n>p2 move rest\n>p1 move nastyplot\n>p2 switch 4\n>p1 move alluringvoice\n>p2 move rapidspin\n>p2 switch 5\n>p1 move alluringvoice\n>p2 move shiftgear\n>p1 move thunderbolt\n>p2 move highhorsepower\n>p1 switch 3\n>p1 move painsplit\n>p2 move ironhead\n>p1 switch 5\n>p1 move dualwingbeat\n>p2 move ironhead\n>p1 move dualwingbeat\n>p2 move gunkshot\n>p1 switch 2\n>p1 move blizzard\n>p2 move ironhead\n>p1 switch 4\n>p1 move darkpulse\n>p2 move gunkshot", "uploadtime": 1782871721, "views": 4, "formatid": "gen9randombattle", "rating": 1134, "private": 0, "password": null, "player_dets": [{"name": "yugaman19", "avatar": "dawn", "rating": 1159, "seed": "sodium,fc39fbd9d5096c683e5b5654697e4e6e"}, {"name": "Vel2410", "avatar": "266", "rating": 1158, "seed": "sodium,adfa39fbca9d0df83e5c13dddd9ed5a1"}], "teams_full": [{"Darkrai": {"name": "Darkrai", "species": "Darkrai", "speciesId": "darkrai", "gender": "N", "shiny": false, "level": 77, "moves": ["hypnosis", "nastyplot", "darkpulse", "sludgebomb"], "ability": "Bad Dreams", "evs": {"hp": 85, "atk": 0, "def": 85, "spa": 85, "spd": 85, "spe": 85}, "ivs": {"hp": 31, "atk": 0, "def": 31, "spa": 31, "spd": 31, "spe": 31}, "item": "Life Orb", "teraType": "Poison", "role": "Setup Sweeper", "bvs": {"hp": 70, "atk": 90, "def": 90, "spa": 135, "spd": 90, "spe": 125}, "stats": {"hp": 234, "atk": 143, "def": 183, "spa": 252, "spd": 183, "spe": 237}, "types": ["Dark"]}, "Minun": {"name": "Minun", "species": "Minun", "speciesId": "minun", "gender": "M", "shiny": false, "level": 95, "moves": ["thunderbolt", "alluringvoice", "nastyplot", "encore"], "ability": "Volt Absorb", "evs": {"hp": 85, "atk": 0, "def": 85, "spa": 85, "spd": 85, "spe": 85}, "ivs": {"hp": 31, "atk": 0, "def": 31, "spa": 31, "spd": 31, "spe": 31}, "item": "Life Orb", "teraType": "Fairy", "role": "Setup Sweeper", "bvs": {"hp": 60, "atk": 40, "def": 50, "spa": 75, "spd": 85, "spe": 95}, "stats": {"hp": 268, "atk": 81, "def": 149, "spa": 196, "spd": 215, "spe": 234}, "types": ["Electric"]}, "Abomasnow": {"name": "Abomasnow", "species": "Abomasnow", "speciesId": "abomasnow", "gender": "M", "shiny": false, "level": 84, "moves": ["woodhammer", "earthquake", "blizzard", "auroraveil"], "ability": "Snow Warning", "evs": {"hp": 77, "atk": 85, "def": 85, "spa": 85, "spd": 85, "spe": 85}, "ivs": {"hp": 31, "atk": 31, "def": 31, "spa": 31, "spd": 31, "spe": 31}, "item": "Light Clay", "teraType": "Water", "role": "Bulky Support", "bvs": {"hp": 90, "atk": 92, "def": 75, "spa": 92, "spd": 85, "spe": 60}, "stats": {"hp": 287, "atk": 203, "def": 174, "spa": 203, "spd": 191, "spe": 149}, "types": ["Grass", "Ice"]}, "Greninja": {"name": "Greninja", "species": "Greninja-Bond", "speciesId": "greninjabond", "gender": "M", "shiny": false, "level": 80, "moves": ["hydropump", "darkpulse", "icebeam", "gunkshot"], "ability": "Battle Bond", "evs": {"hp": 85, "atk": 85, "def": 85, "spa": 85, "spd": 85, "spe": 85}, "ivs": {"hp": 31, "atk": 31, "def": 31, "spa": 31, "spd": 31, "spe": 31}, "item": "Life Orb", "teraType": "Water", "role": "Fast Attacker", "bvs": {"hp": 72, "atk": 95, "def": 67, "spa": 103, "spd": 71, "spe": 122}, "stats": {"hp": 246, "atk": 198, "def": 153, "spa": 211, "spd": 160, "spe": 241}, "types": ["Water", "Dark"]}, "Salamence": {"name": "Salamence", "species": "Salamence", "speciesId": "salamence", "gender": "F", "shiny": false, "level": 77, "moves": ["roost", "outrage", "dragondance", "dualwingbeat"], "ability": "Intimidate", "evs": {"hp": 85, "atk": 85, "def": 85, "spa": 85, "spd": 85, "spe": 85}, "ivs": {"hp": 31, "atk": 31, "def": 31, "spa": 31, "spd": 31, "spe": 31}, "item": "Heavy-Duty Boots", "teraType": "Dragon", "role": "Setup Sweeper", "bvs": {"hp": 95, "atk": 135, "def": 80, "spa": 110, "spd": 80, "spe": 100}, "stats": {"hp": 273, "atk": 252, "def": 168, "spa": 214, "spd": 168, "spe": 199}, "types": ["Dragon", "Flying"]}, "Weezing": {"name": "Weezing", "species": "Weezing-Galar", "speciesId": "weezinggalar", "gender": "F", "shiny": false, "level": 86, "moves": ["defog", "gunkshot", "strangesteam", "painsplit"], "ability": "Levitate", "evs": {"hp": 85, "atk": 85, "def": 85, "spa": 85, "spd": 85, "spe": 85}, "ivs": {"hp": 31, "atk": 31, "def": 31, "spa": 31, "spd": 31, "spe": 31}, "item": "Leftovers", "teraType": "Steel", "role": "Bulky Support", "bvs": {"hp": 65, "atk": 90, "def": 120, "spa": 85, "spd": 70, "spe": 60}, "stats": {"hp": 252, "atk": 204, "def": 256, "spa": 195, "spd": 170, "spe": 152}, "types": ["Poison", "Fairy"]}}, {"Zebstrika": {"name": "Zebstrika", "species": "Zebstrika", "speciesId": "zebstrika", "gender": "M", "shiny": false, "level": 87, "moves": ["supercellslam", "voltswitch", "overheat", "highhorsepower"], "ability": "Sap Sipper", "evs": {"hp": 85, "atk": 85, "def": 85, "spa": 85, "spd": 85, "spe": 85}, "ivs": {"hp": 31, "atk": 31, "def": 31, "spa": 31, "spd": 31, "spe": 31}, "item": "Life Orb", "teraType": "Ground", "role": "Fast Attacker", "bvs": {"hp": 75, "atk": 100, "def": 63, "spa": 80, "spd": 63, "spe": 116}, "stats": {"hp": 272, "atk": 224, "def": 159, "spa": 189, "spd": 159, "spe": 252}, "types": ["Electric"]}, "Hydreigon": {"name": "Hydreigon", "species": "Hydreigon", "speciesId": "hydreigon", "gender": "M", "shiny": false, "level": 79, "moves": ["darkpulse", "uturn", "flashcannon", "dracometeor"], "ability": "Levitate", "evs": {"hp": 85, "atk": 85, "def": 85, "spa": 85, "spd": 85, "spe": 85}, "ivs": {"hp": 31, "atk": 31, "def": 31, "spa": 31, "spd": 31, "spe": 31}, "item": "Choice Specs", "teraType": "Steel", "role": "Fast Attacker", "bvs": {"hp": 92, "atk": 105, "def": 90, "spa": 125, "spd": 90, "spe": 98}, "stats": {"hp": 275, "atk": 211, "def": 188, "spa": 243, "spd": 188, "spe": 200}, "types": ["Dark", "Dragon"]}, "Trevenant": {"name": "Trevenant", "species": "Trevenant", "speciesId": "trevenant", "gender": "M", "shiny": false, "level": 89, "moves": ["poltergeist", "drainpunch", "toxic", "protect"], "ability": "Harvest", "evs": {"hp": 85, "atk": 85, "def": 85, "spa": 85, "spd": 85, "spe": 85}, "ivs": {"hp": 31, "atk": 31, "def": 31, "spa": 31, "spd": 31, "spe": 31}, "item": "Sitrus Berry", "teraType": "Fighting", "role": "Bulky Support", "bvs": {"hp": 85, "atk": 110, "def": 76, "spa": 65, "spd": 82, "spe": 56}, "stats": {"hp": 296, "atk": 247, "def": 186, "spa": 166, "spd": 197, "spe": 150}, "types": ["Ghost", "Grass"]}, "Bronzong": {"name": "Bronzong", "species": "Bronzong", "speciesId": "bronzong", "gender": "N", "shiny": false, "level": 88, "moves": ["ironhead", "rest", "irondefense", "bodypress"], "ability": "Levitate", "evs": {"hp": 85, "atk": 85, "def": 85, "spa": 85, "spd": 85, "spe": 85}, "ivs": {"hp": 31, "atk": 31, "def": 31, "spa": 31, "spd": 31, "spe": 31}, "item": "Chesto Berry", "teraType": "Fighting", "role": "Bulky Setup", "bvs": {"hp": 67, "atk": 89, "def": 116, "spa": 79, "spd": 116, "spe": 33}, "stats": {"hp": 261, "atk": 207, "def": 254, "spa": 189, "spd": 254, "spe": 108}, "types": ["Steel", "Psychic"]}, "Revavroom": {"name": "Revavroom", "species": "Revavroom", "speciesId": "revavroom", "gender": "M", "shiny": false, "level": 79, "moves": ["shiftgear", "ironhead", "highhorsepower", "gunkshot"], "ability": "Filter", "evs": {"hp": 85, "atk": 85, "def": 85, "spa": 85, "spd": 85, "spe": 85}, "ivs": {"hp": 31, "atk": 31, "def": 31, "spa": 31, "spd": 31, "spe": 31}, "item": "Life Orb", "teraType": "Ground", "role": "Fast Attacker", "bvs": {"hp": 80, "atk": 119, "def": 90, "spa": 54, "spd": 67, "spe": 90}, "stats": {"hp": 256, "atk": 234, "def": 188, "spa": 131, "spd": 151, "spe": 188}, "types": ["Steel", "Poison"]}, "Great Tusk": {"name": "Great Tusk", "species": "Great Tusk", "speciesId": "greattusk", "gender": "N", "shiny": false, "level": 77, "moves": ["closecombat", "rapidspin", "bulkup", "earthquake"], "ability": "Protosynthesis", "evs": {"hp": 85, "atk": 85, "def": 85, "spa": 85, "spd": 85, "spe": 85}, "ivs": {"hp": 31, "atk": 31, "def": 31, "spa": 31, "spd": 31, "spe": 31}, "item": "Booster Energy", "teraType": "Ground", "role": "Fast Bulky Setup", "bvs": {"hp": 115, "atk": 131, "def": 131, "spa": 53, "spd": 53, "spe": 87}, "stats": {"hp": 304, "atk": 246, "def": 246, "spa": 126, "spd": 126, "spe": 179}, "types": ["Ground", "Fighting"]}}]}