{"id": "gen9randombattle-2642106832", "format": "[Gen 9] Random Battle", "players": ["flubudubdub", "toplaneisop"], "log": "|j|\u2606flubudubdub\n|j|\u2606toplaneisop\n|t:|1782891380\n|gametype|singles\n|player|p1|flubudubdub|102|1945\n|player|p2|toplaneisop|266|1919\n|gen|9\n|tier|[Gen 9] Random Battle\n|rated|\n|rule|Species Clause: Limit one of each Pok\u00e9mon\n|rule|HP Percentage Mod: HP is shown in percentages\n|rule|Sleep Clause Mod: Limit one foe put to sleep\n|rule|Illusion Level Mod: Illusion disguises the Pok\u00e9mon's true level\n|\n|t:|1782891380\n|teamsize|p1|6\n|teamsize|p2|6\n|start\n|switch|p1a: Stonjourner|Stonjourner, L91, F|330/330\n|switch|p2a: Vespiquen|Vespiquen, L99, F|299/299\n|-ability|p2a: Vespiquen|Pressure\n|turn|1\n|\n|t:|1782891386\n|switch|p2a: Leafeon|Leafeon, L88, F|258/258\n|move|p1a: Stonjourner|Stealth Rock|p2a: Leafeon\n|-sidestart|p2: toplaneisop|move: Stealth Rock\n|\n|upkeep\n|turn|2\n|inactive|Battle timer is ON: inactive players will automatically lose when time's up. (requested by flubudubdub)\n|\n|t:|1782891398\n|move|p2a: Leafeon|Swords Dance|p2a: Leafeon\n|-boost|p2a: Leafeon|atk|2\n|move|p1a: Stonjourner|Heat Crash|p2a: Leafeon\n|-supereffective|p2a: Leafeon\n|-damage|p2a: Leafeon|16/258\n|-damage|p1a: Stonjourner|297/330|[from] item: Life Orb\n|\n|-heal|p2a: Leafeon|32/258|[from] item: Leftovers\n|upkeep\n|turn|3\n|\n|t:|1782891405\n|switch|p1a: Forretress|Forretress, L84, M|263/263\n|move|p2a: Leafeon|Leaf Blade|p1a: Forretress\n|-resisted|p1a: Forretress\n|-damage|p1a: Forretress|222/263\n|\n|-heal|p2a: Leafeon|48/258|[from] item: Leftovers\n|-heal|p1a: Forretress|238/263|[from] item: Leftovers\n|upkeep\n|turn|4\n|\n|t:|1782891411\n|move|p2a: Leafeon|Knock Off|p1a: Forretress\n|-damage|p1a: Forretress|115/263\n|-enditem|p1a: Forretress|Leftovers|[from] move: Knock Off|[of] p2a: Leafeon\n|move|p1a: Forretress|Iron Head|p2a: Leafeon\n|-damage|p2a: Leafeon|0 fnt\n|faint|p2a: Leafeon\n|\n|upkeep\n|\n|t:|1782891415\n|switch|p2a: Chi-Yu|Chi-Yu, L77|211/211\n|-damage|p2a: Chi-Yu|159/211|[from] Stealth Rock\n|-ability|p2a: Chi-Yu|Beads of Ruin\n|turn|5\n|\n|t:|1782891422\n|move|p2a: Chi-Yu|Dark Pulse|p1a: Forretress\n|-damage|p1a: Forretress|0 fnt\n|faint|p1a: Forretress\n|\n|upkeep\n|\n|t:|1782891428\n|switch|p1a: Regice|Regice, L88|284/284\n|turn|6\n|\n|t:|1782891436\n|switch|p2a: Tauros|Tauros, L82, M|257/257\n|-damage|p2a: Tauros|225/257|[from] Stealth Rock\n|move|p1a: Regice|Thunderbolt|p2a: Tauros\n|-damage|p2a: Tauros|143/257\n|\n|upkeep\n|turn|7\n|\n|t:|1782891440\n|switch|p1a: Stonjourner|Stonjourner, L91, F|297/330\n|move|p2a: Tauros|Close Combat|p1a: Stonjourner\n|-supereffective|p1a: Stonjourner\n|-damage|p1a: Stonjourner|164/330\n|-unboost|p2a: Tauros|def|1\n|-unboost|p2a: Tauros|spd|1\n|-damage|p2a: Tauros|118/257|[from] item: Life Orb\n|\n|upkeep\n|turn|8\n|\n|t:|1782891450\n|move|p2a: Tauros|Close Combat|p1a: Stonjourner\n|-supereffective|p1a: Stonjourner\n|-damage|p1a: Stonjourner|13/330\n|-unboost|p2a: Tauros|def|1\n|-unboost|p2a: Tauros|spd|1\n|-damage|p2a: Tauros|93/257|[from] item: Life Orb\n|move|p1a: Stonjourner|Heat Crash|p2a: Tauros\n|-damage|p2a: Tauros|0 fnt\n|faint|p2a: Tauros\n|-damage|p1a: Stonjourner|0 fnt|[from] item: Life Orb\n|faint|p1a: Stonjourner\n|\n|upkeep\n|\n|t:|1782891460\n|switch|p2a: Chi-Yu|Chi-Yu, L77|159/211\n|switch|p1a: Dodrio|Dodrio, L85, F|241/241\n|-damage|p2a: Chi-Yu|107/211|[from] Stealth Rock\n|-ability|p2a: Chi-Yu|Beads of Ruin\n|turn|9\n|\n|t:|1782891470\n|move|p2a: Chi-Yu|Overheat|p1a: Dodrio\n|-damage|p1a: Dodrio|0 fnt\n|-unboost|p2a: Chi-Yu|spa|2\n|faint|p1a: Dodrio\n|\n|upkeep\n|\n|t:|1782891476\n|switch|p1a: Regice|Regice, L88|235/235\n|turn|10\n|\n|t:|1782891484\n|switch|p2a: Regice|Regice, L88|284/284\n|move|p1a: Regice|Sludge Bomb|p2a: Regice\n|-damage|p2a: Regice|231/284\n|\n|upkeep\n|turn|11\n|\n|t:|1782891487\n|switch|p1a: Regice|Regice, L88|284/284\n|move|p2a: Regice|Thunder Wave|p1a: Regice\n|-status|p1a: Regice|par\n|\n|upkeep\n|turn|12\n|\n|t:|1782891492\n|move|p2a: Regice|Body Press|p1a: Regice\n|-supereffective|p1a: Regice\n|-damage|p1a: Regice|180/284 par\n|move|p1a: Regice|Thunderbolt|p2a: Regice\n|-damage|p2a: Regice|193/284\n|\n|upkeep\n|turn|13\n|\n|t:|1782891494\n|move|p2a: Regice|Body Press|p1a: Regice\n|-supereffective|p1a: Regice\n|-damage|p1a: Regice|70/284 par\n|cant|p1a: Regice|par\n|\n|upkeep\n|turn|14\n|\n|t:|1782891496\n|move|p2a: Regice|Body Press|p1a: Regice\n|-supereffective|p1a: Regice\n|-damage|p1a: Regice|0 fnt\n|faint|p1a: Regice\n|\n|upkeep\n|\n|t:|1782891499\n|switch|p1a: Sceptile|Sceptile, L87, F|264/264\n|turn|15\n|\n|t:|1782891525\n|-terastallize|p1a: Sceptile|Rock\n|move|p1a: Sceptile|Rock Slide|p2a: Regice\n|-supereffective|p2a: Regice\n|-damage|p2a: Regice|14/284\n|-damage|p1a: Sceptile|238/264|[from] item: Life Orb\n|move|p2a: Regice|Ice Beam|p1a: Sceptile\n|-damage|p1a: Sceptile|133/264\n|\n|upkeep\n|turn|16\n|inactive|toplaneisop has 120 seconds left.\n|\n|t:|1782891574\n|move|p1a: Sceptile|Leaf Blade|p2a: Regice\n|-damage|p2a: Regice|0 fnt\n|faint|p2a: Regice\n|-damage|p1a: Sceptile|107/264|[from] item: Life Orb\n|\n|upkeep\n|\n|t:|1782891576\n|switch|p2a: Chi-Yu|Chi-Yu, L77|107/211\n|-damage|p2a: Chi-Yu|55/211|[from] Stealth Rock\n|-ability|p2a: Chi-Yu|Beads of Ruin\n|turn|17\n|\n|t:|1782891580\n|move|p2a: Chi-Yu|Dark Pulse|p1a: Sceptile\n|-damage|p1a: Sceptile|0 fnt\n|faint|p1a: Sceptile\n|\n|upkeep\n|\n|t:|1782891582\n|switch|p1a: Zoroark|Zoroark, L83, M|235/235\n|turn|18\n|\n|t:|1782891588\n|move|p2a: Chi-Yu|Dark Pulse|p1a: Zoroark\n|-resisted|p1a: Zoroark\n|-crit|p1a: Zoroark\n|-damage|p1a: Zoroark|103/235\n|move|p1a: Zoroark|Dark Pulse|p2a: Chi-Yu\n|-resisted|p2a: Chi-Yu\n|-damage|p2a: Chi-Yu|0 fnt\n|faint|p2a: Chi-Yu\n|\n|upkeep\n|\n|t:|1782891592\n|switch|p2a: Florges|Florges-Blue, L85, F|271/271\n|-damage|p2a: Florges|238/271|[from] Stealth Rock\n|turn|19\n|\n|t:|1782891594\n|move|p1a: Zoroark|Dark Pulse|p2a: Florges\n|-resisted|p2a: Florges\n|-damage|p2a: Florges|187/271\n|move|p2a: Florges|Moonblast|p1a: Zoroark\n|-supereffective|p1a: Zoroark\n|-damage|p1a: Zoroark|0 fnt\n|faint|p1a: Zoroark\n|\n|win|toplaneisop\n|raw|flubudubdub's rating: 1945 &rarr; <strong>1925</strong><br />(-20 for losing)\n|raw|toplaneisop's rating: 1943 &rarr; <strong>1963</strong><br />(+20 for winning)\n", "inputlog": ">version f8ac14003a5f27e1bdc8d8c59608a773c1cb96e5\n>start {\"formatid\":\"gen9randombattle\",\"seed\":\"sodium,23fb499e9d0f1c1a2a71d25d7502da92\",\"rated\":\"Rated battle\"}\n>player p1 {\"name\":\"flubudubdub\",\"avatar\":\"102\",\"rating\":1945,\"seed\":\"sodium,34f6618705cc2aafaa523270cc54f335\"}\n>player p2 {\"name\":\"toplaneisop\",\"avatar\":\"266\",\"rating\":1919,\"seed\":\"sodium,aff823746617c2cd1022fd9ed1fe8552\"}\n>p1 move stealthrock\n>p2 switch 4\n>p1 move heatcrash\n>p2 move swordsdance\n>p1 switch 4\n>p2 move leafblade\n>p1 move ironhead\n>p2 move knockoff\n>p2 switch 6\n>p1 move toxicspikes\n>p2 move darkpulse\n>p1 switch 3\n>p1 move thunderbolt\n>p2 switch 2\n>p1 switch 4\n>p2 move closecombat\n>p1 move heatcrash\n>p2 move closecombat\n>p1 switch 6\n>p2 switch 2\n>p1 move bravebird\n>p2 move overheat\n>p1 switch 5\n>p1 move sludgebomb\n>p2 switch 3\n>p1 switch 4\n>p2 move thunderwave\n>p1 move thunderbolt\n>p2 move bodypress\n>p1 move thunderbolt\n>p2 move bodypress\n>p1 move thunderbolt\n>p2 move bodypress\n>p1 switch 2\n>p1 move rockslide terastallize\n>p2 move icebeam\n>p1 move leafblade\n>p2 move bodypress\n>p2 switch 3\n>p1 move earthquake\n>p2 move darkpulse\n>p1 switch 4\n>p1 move darkpulse\n>p2 move darkpulse\n>p2 switch 5\n>p1 move darkpulse\n>p2 move moonblast", "uploadtime": 1782891595, "views": 2, "formatid": "gen9randombattle", "rating": 1925, "private": 0, "password": null, "player_dets": [{"name": "flubudubdub", "avatar": "102", "rating": 1945, "seed": "sodium,34f6618705cc2aafaa523270cc54f335"}, {"name": "toplaneisop", "avatar": "266", "rating": 1919, "seed": "sodium,aff823746617c2cd1022fd9ed1fe8552"}], "teams_full": [{"Stonjourner": {"name": "Stonjourner", "species": "Stonjourner", "speciesId": "stonjourner", "gender": "F", "shiny": false, "level": 91, "moves": ["stealthrock", "stoneedge", "earthquake", "heatcrash"], "ability": "Power Spot", "evs": {"hp": 85, "atk": 85, "def": 85, "spa": 85, "spd": 85, "spe": 85}, "ivs": {"hp": 31, "atk": 31, "def": 31, "spa": 31, "spd": 31, "spe": 31}, "item": "Life Orb", "teraType": "Ground", "role": "Fast Attacker", "bvs": {"hp": 100, "atk": 125, "def": 135, "spa": 20, "spd": 20, "spe": 70}, "stats": {"hp": 330, "atk": 279, "def": 298, "spa": 88, "spd": 88, "spe": 179}, "types": ["Rock"]}, "Sceptile": {"name": "Sceptile", "species": "Sceptile", "speciesId": "sceptile", "gender": "F", "shiny": false, "level": 87, "moves": ["earthquake", "rockslide", "leafblade", "swordsdance"], "ability": "Overgrow", "evs": {"hp": 85, "atk": 85, "def": 85, "spa": 85, "spd": 85, "spe": 85}, "ivs": {"hp": 31, "atk": 31, "def": 31, "spa": 31, "spd": 31, "spe": 31}, "item": "Life Orb", "teraType": "Rock", "role": "Setup Sweeper", "bvs": {"hp": 70, "atk": 85, "def": 65, "spa": 105, "spd": 85, "spe": 120}, "stats": {"hp": 264, "atk": 198, "def": 163, "spa": 232, "spd": 198, "spe": 259}, "types": ["Grass"]}, "Regice": {"name": "Regice", "species": "Regice", "speciesId": "regice", "gender": "N", "shiny": false, "level": 88, "moves": ["rest", "thunderbolt", "sleeptalk", "icebeam"], "ability": "Clear Body", "evs": {"hp": 85, "atk": 0, "def": 85, "spa": 85, "spd": 85, "spe": 85}, "ivs": {"hp": 31, "atk": 0, "def": 31, "spa": 31, "spd": 31, "spe": 31}, "item": "Heavy-Duty Boots", "teraType": "Electric", "role": "Bulky Attacker", "bvs": {"hp": 80, "atk": 50, "def": 100, "spa": 100, "spd": 200, "spe": 50}, "stats": {"hp": 284, "atk": 93, "def": 226, "spa": 226, "spd": 402, "spe": 138}, "types": ["Ice"]}, "Forretress": {"name": "Forretress", "species": "Forretress", "speciesId": "forretress", "gender": "M", "shiny": false, "level": 84, "moves": ["rapidspin", "ironhead", "voltswitch", "toxicspikes"], "ability": "Sturdy", "evs": {"hp": 85, "atk": 85, "def": 85, "spa": 85, "spd": 85, "spe": 85}, "ivs": {"hp": 31, "atk": 31, "def": 31, "spa": 31, "spd": 31, "spe": 31}, "item": "Leftovers", "teraType": "Water", "role": "Bulky Support", "bvs": {"hp": 75, "atk": 90, "def": 140, "spa": 60, "spd": 60, "spe": 40}, "stats": {"hp": 263, "atk": 199, "def": 283, "spa": 149, "spd": 149, "spe": 115}, "types": ["Bug", "Steel"]}, "Zoroark": {"name": "Zoroark", "species": "Zoroark", "speciesId": "zoroark", "gender": "M", "shiny": false, "level": 83, "moves": ["darkpulse", "sludgebomb", "flamethrower", "uturn"], "ability": "Illusion", "evs": {"hp": 85, "atk": 85, "def": 85, "spa": 85, "spd": 85, "spe": 85}, "ivs": {"hp": 31, "atk": 31, "def": 31, "spa": 31, "spd": 31, "spe": 31}, "item": "Choice Specs", "teraType": "Poison", "role": "Wallbreaker", "bvs": {"hp": 60, "atk": 105, "def": 60, "spa": 120, "spd": 60, "spe": 105}, "stats": {"hp": 235, "atk": 222, "def": 147, "spa": 247, "spd": 147, "spe": 222}, "types": ["Dark"]}, "Dodrio": {"name": "Dodrio", "species": "Dodrio", "speciesId": "dodrio", "gender": "F", "shiny": false, "level": 85, "moves": ["bravebird", "knockoff", "drillrun", "quickattack"], "ability": "Early Bird", "evs": {"hp": 85, "atk": 85, "def": 85, "spa": 85, "spd": 85, "spe": 85}, "ivs": {"hp": 31, "atk": 31, "def": 31, "spa": 31, "spd": 31, "spe": 31}, "item": "Choice Band", "teraType": "Ground", "role": "Fast Attacker", "bvs": {"hp": 60, "atk": 110, "def": 70, "spa": 60, "spd": 60, "spe": 110}, "stats": {"hp": 241, "atk": 236, "def": 168, "spa": 151, "spd": 151, "spe": 236}, "types": ["Normal", "Flying"]}}, {"Vespiquen": {"name": "Vespiquen", "species": "Vespiquen", "speciesId": "vespiquen", "gender": "F", "shiny": false, "level": 99, "moves": ["uturn", "roost", "airslash", "spikes"], "ability": "Pressure", "evs": {"hp": 85, "atk": 85, "def": 85, "spa": 85, "spd": 85, "spe": 85}, "ivs": {"hp": 31, "atk": 31, "def": 31, "spa": 31, "spd": 31, "spe": 31}, "item": "Heavy-Duty Boots", "teraType": "Steel", "role": "Bulky Support", "bvs": {"hp": 70, "atk": 80, "def": 102, "spa": 80, "spd": 102, "spe": 40}, "stats": {"hp": 299, "atk": 214, "def": 258, "spa": 214, "spd": 258, "spe": 135}, "types": ["Bug", "Flying"]}, "Tauros": {"name": "Tauros", "species": "Tauros", "speciesId": "tauros", "gender": "M", "shiny": false, "level": 82, "moves": ["zenheadbutt", "throatchop", "closecombat", "bodyslam"], "ability": "Sheer Force", "evs": {"hp": 85, "atk": 85, "def": 85, "spa": 85, "spd": 85, "spe": 85}, "ivs": {"hp": 31, "atk": 31, "def": 31, "spa": 31, "spd": 31, "spe": 31}, "item": "Life Orb", "teraType": "Normal", "role": "Wallbreaker", "bvs": {"hp": 75, "atk": 100, "def": 95, "spa": 40, "spd": 70, "spe": 110}, "stats": {"hp": 257, "atk": 211, "def": 203, "spa": 113, "spd": 162, "spe": 228}, "types": ["Normal"]}, "Regice": {"name": "Regice", "species": "Regice", "speciesId": "regice", "gender": "N", "shiny": false, "level": 88, "moves": ["thunderbolt", "thunderwave", "icebeam", "bodypress"], "ability": "Clear Body", "evs": {"hp": 85, "atk": 0, "def": 85, "spa": 85, "spd": 85, "spe": 85}, "ivs": {"hp": 31, "atk": 0, "def": 31, "spa": 31, "spd": 31, "spe": 31}, "item": "Heavy-Duty Boots", "teraType": "Electric", "role": "Bulky Attacker", "bvs": {"hp": 80, "atk": 50, "def": 100, "spa": 100, "spd": 200, "spe": 50}, "stats": {"hp": 284, "atk": 93, "def": 226, "spa": 226, "spd": 402, "spe": 138}, "types": ["Ice"]}, "Leafeon": {"name": "Leafeon", "species": "Leafeon", "speciesId": "leafeon", "gender": "F", "shiny": false, "level": 88, "moves": ["substitute", "leafblade", "swordsdance", "knockoff"], "ability": "Chlorophyll", "evs": {"hp": 85, "atk": 85, "def": 85, "spa": 85, "spd": 85, "spe": 85}, "ivs": {"hp": 31, "atk": 31, "def": 31, "spa": 31, "spd": 31, "spe": 31}, "item": "Leftovers", "teraType": "Dark", "role": "Setup Sweeper", "bvs": {"hp": 65, "atk": 110, "def": 130, "spa": 60, "spd": 65, "spe": 95}, "stats": {"hp": 258, "atk": 244, "def": 279, "spa": 156, "spd": 165, "spe": 217}, "types": ["Grass"]}, "Florges": {"name": "Florges", "species": "Florges-Blue", "speciesId": "florges", "gender": "F", "shiny": false, "level": 85, "moves": ["moonblast", "terablast", "calmmind", "synthesis"], "ability": "Flower Veil", "evs": {"hp": 85, "atk": 0, "def": 85, "spa": 85, "spd": 85, "spe": 85}, "ivs": {"hp": 31, "atk": 0, "def": 31, "spa": 31, "spd": 31, "spe": 31}, "item": "Leftovers", "teraType": "Ground", "role": "Tera Blast user", "bvs": {"hp": 78, "atk": 65, "def": 68, "spa": 112, "spd": 154, "spe": 75}, "stats": {"hp": 271, "atk": 115, "def": 164, "spa": 239, "spd": 311, "spe": 176}, "types": ["Fairy"]}, "Chi-Yu": {"name": "Chi-Yu", "species": "Chi-Yu", "speciesId": "chiyu", "gender": "N", "shiny": false, "level": 77, "moves": ["psychic", "overheat", "flamethrower", "darkpulse"], "ability": "Beads of Ruin", "evs": {"hp": 85, "atk": 0, "def": 85, "spa": 85, "spd": 85, "spe": 85}, "ivs": {"hp": 31, "atk": 0, "def": 31, "spa": 31, "spd": 31, "spe": 31}, "item": "Choice Scarf", "teraType": "Dark", "role": "Fast Attacker", "bvs": {"hp": 55, "atk": 80, "def": 80, "spa": 135, "spd": 120, "spe": 100}, "stats": {"hp": 211, "atk": 128, "def": 168, "spa": 252, "spd": 229, "spe": 199}, "types": ["Dark", "Fire"]}}]}