{"id": "gen9randombattle-2642110585", "format": "[Gen 9] Random Battle", "players": ["jnpr010334", "codenamejuno"], "log": "|j|\u2606jnpr010334\n|j|\u2606codenamejuno\n|t:|1782892194\n|gametype|singles\n|player|p1|jnpr010334|265|1830\n|player|p2|codenamejuno|clemont|1848\n|gen|9\n|tier|[Gen 9] Random Battle\n|rated|\n|rule|Species Clause: Limit one of each Pok\u00e9mon\n|rule|HP Percentage Mod: HP is shown in percentages\n|rule|Sleep Clause Mod: Limit one foe put to sleep\n|rule|Illusion Level Mod: Illusion disguises the Pok\u00e9mon's true level\n|\n|t:|1782892194\n|teamsize|p1|6\n|teamsize|p2|6\n|start\n|switch|p1a: Suicune|Suicune, L82|298/298\n|switch|p2a: Azumarill|Azumarill, L82, M|298/298\n|-ability|p1a: Suicune|Pressure\n|turn|1\n|inactive|Battle timer is ON: inactive players will automatically lose when time's up. (requested by jnpr010334)\n|\n|t:|1782892216\n|switch|p2a: Tornadus|Tornadus, L82, M|264/264\n|move|p1a: Suicune|Substitute|p1a: Suicune\n|-start|p1a: Suicune|Substitute\n|-damage|p1a: Suicune|224/298\n|\n|-heal|p1a: Suicune|242/298|[from] item: Leftovers\n|upkeep\n|turn|2\n|\n|t:|1782892219\n|move|p2a: Tornadus|Nasty Plot|p2a: Tornadus\n|-boost|p2a: Tornadus|spa|2\n|move|p1a: Suicune|Calm Mind|p1a: Suicune\n|-boost|p1a: Suicune|spa|1\n|-boost|p1a: Suicune|spd|1\n|\n|-heal|p1a: Suicune|260/298|[from] item: Leftovers\n|upkeep\n|turn|3\n|\n|t:|1782892221\n|move|p2a: Tornadus|Grass Knot|p1a: Suicune\n|-supereffective|p1a: Suicune\n|-end|p1a: Suicune|Substitute\n|move|p1a: Suicune|Ice Beam|p2a: Tornadus\n|-supereffective|p2a: Tornadus\n|-damage|p2a: Tornadus|72/264\n|\n|-heal|p1a: Suicune|278/298|[from] item: Leftovers\n|upkeep\n|turn|4\n|\n|t:|1782892226\n|move|p2a: Tornadus|Grass Knot|p1a: Suicune\n|-supereffective|p1a: Suicune\n|-damage|p1a: Suicune|86/298\n|move|p1a: Suicune|Ice Beam|p2a: Tornadus\n|-supereffective|p2a: Tornadus\n|-damage|p2a: Tornadus|0 fnt\n|faint|p2a: Tornadus\n|\n|-heal|p1a: Suicune|104/298|[from] item: Leftovers\n|upkeep\n|\n|t:|1782892233\n|switch|p2a: Gallade|Gallade, L80, M|240/240\n|turn|5\n|\n|t:|1782892237\n|move|p2a: Gallade|Sacred Sword|p1a: Suicune\n|-damage|p1a: Suicune|0 fnt\n|faint|p1a: Suicune\n|\n|upkeep\n|\n|t:|1782892239\n|switch|p1a: Spidops|Spidops, L96, M|271/271\n|turn|6\n|\n|t:|1782892252\n|switch|p2a: Breloom|Breloom, L83, F|235/235\n|move|p1a: Spidops|Sticky Web|p2a: Breloom\n|-sidestart|p2: codenamejuno|move: Sticky Web\n|\n|upkeep\n|turn|7\n|\n|t:|1782892256\n|move|p2a: Breloom|Spore|p1a: Spidops\n|-status|p1a: Spidops|slp|[from] move: Spore\n|cant|p1a: Spidops|slp\n|\n|upkeep\n|turn|8\n|\n|t:|1782892278\n|switch|p1a: Iron Moth|Iron Moth, L78|253/253\n|move|p2a: Breloom|Swords Dance|p2a: Breloom\n|-boost|p2a: Breloom|atk|2\n|\n|upkeep\n|turn|9\n|\n|t:|1782892292\n|switch|p2a: Inteleon|Inteleon, L81, F|246/246\n|-activate|p2a: Inteleon|move: Sticky Web\n|-unboost|p2a: Inteleon|spe|1\n|move|p1a: Iron Moth|Fiery Dance|p2a: Inteleon\n|-resisted|p2a: Inteleon\n|-crit|p2a: Inteleon\n|-damage|p2a: Inteleon|147/246\n|-boost|p1a: Iron Moth|spa|1\n|\n|upkeep\n|turn|10\n|\n|t:|1782892296\n|-terastallize|p1a: Iron Moth|Fire\n|move|p1a: Iron Moth|Sludge Wave|p2a: Inteleon\n|-damage|p2a: Inteleon|0 fnt\n|faint|p2a: Inteleon\n|\n|upkeep\n|\n|t:|1782892300\n|switch|p2a: Gallade|Gallade, L80, M|240/240\n|-activate|p2a: Gallade|move: Sticky Web\n|-unboost|p2a: Gallade|spe|1\n|turn|11\n|\n|t:|1782892307\n|-end|p1a: Iron Moth|Quark Drive|[silent]\n|switch|p1a: Spidops|Spidops, L96, M|271/271 slp\n|move|p2a: Gallade|Sacred Sword|p1a: Spidops\n|-resisted|p1a: Spidops\n|-damage|p1a: Spidops|206/271 slp\n|\n|upkeep\n|turn|12\n|\n|t:|1782892311\n|switch|p2a: Wigglytuff|Wigglytuff, L96, M|424/424\n|-activate|p2a: Wigglytuff|move: Sticky Web\n|-unboost|p2a: Wigglytuff|spe|1\n|-ability|p2a: Wigglytuff|Competitive|boost\n|-boost|p2a: Wigglytuff|spa|2\n|cant|p1a: Spidops|slp\n|\n|upkeep\n|turn|13\n|\n|t:|1782892317\n|switch|p1a: Regice|Regice, L88|284/284\n|move|p2a: Wigglytuff|Alluring Voice|p1a: Regice\n|-damage|p1a: Regice|190/284\n|\n|upkeep\n|turn|14\n|\n|t:|1782892321\n|move|p2a: Wigglytuff|Protect|p2a: Wigglytuff\n|-singleturn|p2a: Wigglytuff|Protect\n|move|p1a: Regice|Ice Beam|p2a: Wigglytuff\n|-activate|p2a: Wigglytuff|move: Protect\n|\n|upkeep\n|turn|15\n|\n|t:|1782892325\n|move|p1a: Regice|Ice Beam|p2a: Wigglytuff\n|-damage|p2a: Wigglytuff|285/424\n|move|p2a: Wigglytuff|Knock Off|p1a: Regice\n|-damage|p1a: Regice|133/284\n|-enditem|p1a: Regice|Heavy-Duty Boots|[from] move: Knock Off|[of] p2a: Wigglytuff\n|\n|-heal|p2a: Wigglytuff|311/424|[from] item: Leftovers\n|upkeep\n|turn|16\n|\n|t:|1782892331\n|move|p1a: Regice|Ice Beam|p2a: Wigglytuff\n|-damage|p2a: Wigglytuff|167/424\n|move|p2a: Wigglytuff|Wish|p2a: Wigglytuff\n|\n|-heal|p2a: Wigglytuff|193/424|[from] item: Leftovers\n|upkeep\n|turn|17\n|\n|t:|1782892333\n|move|p1a: Regice|Ice Beam|p2a: Wigglytuff\n|-damage|p2a: Wigglytuff|40/424\n|move|p2a: Wigglytuff|Alluring Voice|p1a: Regice\n|-damage|p1a: Regice|43/284\n|\n|-heal|p2a: Wigglytuff|252/424|[from] move: Wish|[wisher] Wigglytuff\n|-heal|p2a: Wigglytuff|278/424|[from] item: Leftovers\n|upkeep\n|turn|18\n|\n|t:|1782892340\n|move|p1a: Regice|Ice Beam|p2a: Wigglytuff\n|-crit|p2a: Wigglytuff\n|-damage|p2a: Wigglytuff|64/424\n|move|p2a: Wigglytuff|Wish|p2a: Wigglytuff\n|\n|-heal|p2a: Wigglytuff|90/424|[from] item: Leftovers\n|upkeep\n|turn|19\n|\n|t:|1782892343\n|move|p2a: Wigglytuff|Protect|p2a: Wigglytuff\n|-singleturn|p2a: Wigglytuff|Protect\n|move|p1a: Regice|Ice Beam|p2a: Wigglytuff\n|-activate|p2a: Wigglytuff|move: Protect\n|\n|-heal|p2a: Wigglytuff|302/424|[from] move: Wish|[wisher] Wigglytuff\n|-heal|p2a: Wigglytuff|328/424|[from] item: Leftovers\n|upkeep\n|turn|20\n|\n|t:|1782892346\n|move|p1a: Regice|Ice Beam|p2a: Wigglytuff\n|-damage|p2a: Wigglytuff|196/424\n|-status|p2a: Wigglytuff|frz\n|cant|p2a: Wigglytuff|frz\n|\n|-heal|p2a: Wigglytuff|222/424 frz|[from] item: Leftovers\n|upkeep\n|turn|21\n|\n|t:|1782892355\n|move|p1a: Regice|Ice Beam|p2a: Wigglytuff\n|-damage|p2a: Wigglytuff|93/424 frz\n|cant|p2a: Wigglytuff|frz\n|\n|-heal|p2a: Wigglytuff|119/424 frz|[from] item: Leftovers\n|upkeep\n|turn|22\n|\n|t:|1782892358\n|move|p1a: Regice|Ice Beam|p2a: Wigglytuff\n|-crit|p2a: Wigglytuff\n|-damage|p2a: Wigglytuff|0 fnt\n|faint|p2a: Wigglytuff\n|\n|upkeep\n|\n|t:|1782892363\n|switch|p2a: Gallade|Gallade, L80, M|240/240\n|-activate|p2a: Gallade|move: Sticky Web\n|-unboost|p2a: Gallade|spe|1\n|turn|23\n|\n|t:|1782892366\n|move|p2a: Gallade|Psycho Cut|p1a: Regice\n|-damage|p1a: Regice|0 fnt\n|faint|p1a: Regice\n|\n|upkeep\n|\n|t:|1782892368\n|switch|p1a: Leafeon|Leafeon, L88, F|258/258\n|turn|24\n|\n|t:|1782892371\n|switch|p2a: Breloom|Breloom, L83, F|235/235\n|-activate|p2a: Breloom|move: Sticky Web\n|-unboost|p2a: Breloom|spe|1\n|move|p1a: Leafeon|Swords Dance|p1a: Leafeon\n|-boost|p1a: Leafeon|atk|2\n|\n|upkeep\n|turn|25\n|\n|t:|1782892375\n|move|p1a: Leafeon|Leaf Blade|p2a: Breloom\n|-resisted|p2a: Breloom\n|-damage|p2a: Breloom|66/235\n|-damage|p1a: Leafeon|233/258|[from] item: Life Orb\n|move|p2a: Breloom|Swords Dance|p2a: Breloom\n|-boost|p2a: Breloom|atk|2\n|\n|upkeep\n|turn|26\n|\n|t:|1782892380\n|-terastallize|p2a: Breloom|Fighting\n|move|p2a: Breloom|Mach Punch|p1a: Leafeon\n|-damage|p1a: Leafeon|48/258\n|-damage|p2a: Breloom|43/235|[from] item: Life Orb\n|move|p1a: Leafeon|Leaf Blade|p2a: Breloom\n|-damage|p2a: Breloom|0 fnt\n|faint|p2a: Breloom\n|-damage|p1a: Leafeon|23/258|[from] item: Life Orb\n|\n|upkeep\n|\n|t:|1782892387\n|switch|p2a: Azumarill|Azumarill, L82, M|298/298\n|-activate|p2a: Azumarill|move: Sticky Web\n|-unboost|p2a: Azumarill|spe|1\n|turn|27\n|\n|t:|1782892389\n|move|p2a: Azumarill|Aqua Jet|p1a: Leafeon\n|-resisted|p1a: Leafeon\n|-damage|p1a: Leafeon|0 fnt\n|faint|p1a: Leafeon\n|\n|upkeep\n|\n|t:|1782892390\n|switch|p1a: Iron Moth|Iron Moth, L78, tera:Fire|253/253\n|turn|28\n|\n|t:|1782892393\n|move|p2a: Azumarill|Aqua Jet|p1a: Iron Moth\n|-supereffective|p1a: Iron Moth\n|-damage|p1a: Iron Moth|49/253\n|move|p1a: Iron Moth|Sludge Wave|p2a: Azumarill\n|-supereffective|p2a: Azumarill\n|-damage|p2a: Azumarill|22/298\n|\n|upkeep\n|turn|29\n|\n|t:|1782892395\n|-end|p1a: Iron Moth|Quark Drive|[silent]\n|switch|p1a: Spidops|Spidops, L96, M|206/271 slp\n|move|p2a: Azumarill|Aqua Jet|p1a: Spidops\n|-crit|p1a: Spidops\n|-damage|p1a: Spidops|107/271 slp\n|\n|upkeep\n|turn|30\n|\n|t:|1782892400\n|switch|p2a: Gallade|Gallade, L80, M|240/240\n|-activate|p2a: Gallade|move: Sticky Web\n|-unboost|p2a: Gallade|spe|1\n|-curestatus|p1a: Spidops|slp|[msg]\n|move|p1a: Spidops|U-turn|p2a: Gallade\n|-damage|p2a: Gallade|18/240\n|\n|t:|1782892401\n|switch|p1a: Iron Moth|Iron Moth, L78, tera:Fire|49/253|[from] U-turn\n|\n|upkeep\n|turn|31\n|\n|t:|1782892410\n|move|p1a: Iron Moth|Fiery Dance|p2a: Gallade\n|-damage|p2a: Gallade|0 fnt\n|-boost|p1a: Iron Moth|spa|1\n|faint|p2a: Gallade\n|\n|upkeep\n|\n|t:|1782892411\n|switch|p2a: Azumarill|Azumarill, L82, M|22/298\n|-activate|p2a: Azumarill|move: Sticky Web\n|-unboost|p2a: Azumarill|spe|1\n|turn|32\n|\n|t:|1782892414\n|move|p2a: Azumarill|Aqua Jet|p1a: Iron Moth\n|-supereffective|p1a: Iron Moth\n|-damage|p1a: Iron Moth|0 fnt\n|faint|p1a: Iron Moth\n|-end|p1a: Iron Moth|Quark Drive|[silent]\n|\n|upkeep\n|\n|t:|1782892416\n|switch|p1a: Morpeko|Morpeko, L88, F|245/245\n|turn|33\n|\n|t:|1782892418\n|move|p2a: Azumarill|Aqua Jet|p1a: Morpeko\n|-damage|p1a: Morpeko|143/245\n|move|p1a: Morpeko|Aura Wheel|p2a: Azumarill\n|-supereffective|p2a: Azumarill\n|-damage|p2a: Azumarill|0 fnt\n|-boost|p1a: Morpeko|spe|1\n|faint|p2a: Azumarill\n|\n|win|jnpr010334\n|raw|jnpr010334's rating: 1860 &rarr; <strong>1879</strong><br />(+19 for winning)\n|raw|codenamejuno's rating: 1848 &rarr; <strong>1829</strong><br />(-19 for losing)\n|l|\u2606codenamejuno\n|player|p2|\n", "inputlog": ">version f8ac14003a5f27e1bdc8d8c59608a773c1cb96e5\n>start {\"formatid\":\"gen9randombattle\",\"seed\":\"sodium,d586a0cc9a021ba02831713e5879526b\",\"rated\":\"Rated battle\"}\n>player p1 {\"name\":\"jnpr010334\",\"avatar\":\"265\",\"rating\":1830,\"seed\":\"sodium,c85545153919c279bd314764454be7b9\"}\n>player p2 {\"name\":\"codenamejuno\",\"avatar\":\"clemont\",\"rating\":1848,\"seed\":\"sodium,2846d0a2c57bb1a61d5d336a80c4142a\"}\n>p1 move substitute\n>p2 switch 3\n>p1 move calmmind\n>p2 move nastyplot\n>p1 move icebeam\n>p2 move grassknot\n>p1 move icebeam\n>p2 move grassknot\n>p2 switch 6\n>p1 move scald\n>p2 move sacredsword\n>p1 switch 3\n>p1 move stickyweb\n>p2 switch 2\n>p1 move uturn\n>p2 move spore\n>p1 switch 2\n>p2 move swordsdance\n>p1 move fierydance\n>p2 switch 4\n>p1 move sludgewave terastallize\n>p2 move hydropump\n>p2 switch 2\n>p1 switch 2\n>p2 move sacredsword\n>p1 move uturn\n>p2 switch 5\n>p1 switch 5\n>p2 move alluringvoice\n>p1 move icebeam\n>p2 move protect\n>p1 move icebeam\n>p2 move knockoff\n>p1 move icebeam\n>p2 move wish\n>p1 move icebeam\n>p2 move alluringvoice\n>p1 move icebeam\n>p2 move wish\n>p1 move icebeam\n>p2 move protect\n>p1 move icebeam\n>p2 move wish\n>p1 move icebeam\n>p2 move alluringvoice\n>p1 move icebeam\n>p2 move alluringvoice\n>p2 switch 5\n>p1 move icebeam\n>p2 move psychocut\n>p1 switch 4\n>p1 move swordsdance\n>p2 switch 4\n>p1 move leafblade\n>p2 move swordsdance\n>p1 move leafblade\n>p2 move machpunch terastallize\n>p2 switch 3\n>p1 move leafblade\n>p2 move aquajet\n>p1 switch 2\n>p1 move sludgewave\n>p2 move aquajet\n>p1 switch 5\n>p2 move aquajet\n>p1 move uturn\n>p2 switch 4\n>p1 switch 5\n>p1 move fierydance\n>p2 move psychocut\n>p2 switch 4\n>p1 move fierydance\n>p2 move aquajet\n>p1 switch 6\n>p1 move aurawheel\n>p2 move aquajet", "uploadtime": 1782892420, "views": 4, "formatid": "gen9randombattle", "rating": 1829, "private": 0, "password": null, "player_dets": [{"name": "jnpr010334", "avatar": "265", "rating": 1830, "seed": "sodium,c85545153919c279bd314764454be7b9"}, {"name": "codenamejuno", "avatar": "clemont", "rating": 1848, "seed": "sodium,2846d0a2c57bb1a61d5d336a80c4142a"}], "teams_full": [{"Suicune": {"name": "Suicune", "species": "Suicune", "speciesId": "suicune", "gender": "N", "shiny": false, "level": 82, "moves": ["scald", "calmmind", "substitute", "icebeam"], "ability": "Pressure", "evs": {"hp": 85, "atk": 0, "def": 85, "spa": 85, "spd": 85, "spe": 85}, "ivs": {"hp": 31, "atk": 0, "def": 31, "spa": 31, "spd": 31, "spe": 31}, "item": "Leftovers", "teraType": "Dragon", "role": "Bulky Setup", "bvs": {"hp": 100, "atk": 75, "def": 115, "spa": 90, "spd": 115, "spe": 85}, "stats": {"hp": 298, "atk": 127, "def": 236, "spa": 195, "spd": 236, "spe": 187}, "types": ["Water"]}, "Iron Moth": {"name": "Iron Moth", "species": "Iron Moth", "speciesId": "ironmoth", "gender": "N", "shiny": false, "level": 78, "moves": ["toxicspikes", "sludgewave", "fierydance", "uturn"], "ability": "Quark Drive", "evs": {"hp": 85, "atk": 85, "def": 85, "spa": 85, "spd": 85, "spe": 85}, "ivs": {"hp": 31, "atk": 31, "def": 31, "spa": 31, "spd": 31, "spe": 31}, "item": "Heavy-Duty Boots", "teraType": "Fire", "role": "Fast Attacker", "bvs": {"hp": 80, "atk": 70, "def": 60, "spa": 140, "spd": 110, "spe": 110}, "stats": {"hp": 253, "atk": 154, "def": 139, "spa": 263, "spd": 217, "spe": 217}, "types": ["Fire", "Poison"]}, "Spidops": {"name": "Spidops", "species": "Spidops", "speciesId": "spidops", "gender": "M", "shiny": false, "level": 96, "moves": ["circlethrow", "stickyweb", "knockoff", "uturn"], "ability": "Stakeout", "evs": {"hp": 85, "atk": 85, "def": 85, "spa": 85, "spd": 85, "spe": 85}, "ivs": {"hp": 31, "atk": 31, "def": 31, "spa": 31, "spd": 31, "spe": 31}, "item": "Heavy-Duty Boots", "teraType": "Ghost", "role": "Bulky Support", "bvs": {"hp": 60, "atk": 79, "def": 92, "spa": 52, "spd": 86, "spe": 35}, "stats": {"hp": 271, "atk": 206, "def": 231, "spa": 154, "spd": 220, "spe": 122}, "types": ["Bug"]}, "Leafeon": {"name": "Leafeon", "species": "Leafeon", "speciesId": "leafeon", "gender": "F", "shiny": false, "level": 88, "moves": ["synthesis", "swordsdance", "leafblade", "doubleedge"], "ability": "Chlorophyll", "evs": {"hp": 85, "atk": 85, "def": 85, "spa": 85, "spd": 85, "spe": 85}, "ivs": {"hp": 31, "atk": 31, "def": 31, "spa": 31, "spd": 31, "spe": 31}, "item": "Life Orb", "teraType": "Normal", "role": "Setup Sweeper", "bvs": {"hp": 65, "atk": 110, "def": 130, "spa": 60, "spd": 65, "spe": 95}, "stats": {"hp": 258, "atk": 244, "def": 279, "spa": 156, "spd": 165, "spe": 217}, "types": ["Grass"]}, "Regice": {"name": "Regice", "species": "Regice", "speciesId": "regice", "gender": "N", "shiny": false, "level": 88, "moves": ["icebeam", "sleeptalk", "rest", "thunderbolt"], "ability": "Clear Body", "evs": {"hp": 85, "atk": 0, "def": 85, "spa": 85, "spd": 85, "spe": 85}, "ivs": {"hp": 31, "atk": 0, "def": 31, "spa": 31, "spd": 31, "spe": 31}, "item": "Heavy-Duty Boots", "teraType": "Electric", "role": "Bulky Attacker", "bvs": {"hp": 80, "atk": 50, "def": 100, "spa": 100, "spd": 200, "spe": 50}, "stats": {"hp": 284, "atk": 93, "def": 226, "spa": 226, "spd": 402, "spe": 138}, "types": ["Ice"]}, "Morpeko": {"name": "Morpeko", "species": "Morpeko", "speciesId": "morpeko", "gender": "F", "shiny": false, "level": 88, "moves": ["partingshot", "rapidspin", "aurawheel", "protect"], "ability": "Hunger Switch", "evs": {"hp": 85, "atk": 85, "def": 85, "spa": 85, "spd": 85, "spe": 85}, "ivs": {"hp": 31, "atk": 31, "def": 31, "spa": 31, "spd": 31, "spe": 31}, "item": "Heavy-Duty Boots", "teraType": "Electric", "role": "Fast Support", "bvs": {"hp": 58, "atk": 95, "def": 58, "spa": 70, "spd": 58, "spe": 97}, "stats": {"hp": 245, "atk": 217, "def": 152, "spa": 173, "spd": 152, "spe": 221}, "types": ["Electric", "Dark"]}}, {"Azumarill": {"name": "Azumarill", "species": "Azumarill", "speciesId": "azumarill", "gender": "M", "shiny": false, "level": 82, "moves": ["aquajet", "playrough", "superpower", "liquidation"], "ability": "Huge Power", "evs": {"hp": 85, "atk": 85, "def": 85, "spa": 85, "spd": 85, "spe": 85}, "ivs": {"hp": 31, "atk": 31, "def": 31, "spa": 31, "spd": 31, "spe": 31}, "item": "Choice Band", "teraType": "Water", "role": "Bulky Attacker", "bvs": {"hp": 100, "atk": 50, "def": 80, "spa": 60, "spd": 80, "spe": 50}, "stats": {"hp": 298, "atk": 129, "def": 178, "spa": 146, "spd": 178, "spe": 129}, "types": ["Water", "Fairy"]}, "Breloom": {"name": "Breloom", "species": "Breloom", "speciesId": "breloom", "gender": "F", "shiny": false, "level": 83, "moves": ["machpunch", "spore", "bulletseed", "swordsdance"], "ability": "Technician", "evs": {"hp": 85, "atk": 85, "def": 85, "spa": 85, "spd": 85, "spe": 85}, "ivs": {"hp": 31, "atk": 31, "def": 31, "spa": 31, "spd": 31, "spe": 31}, "item": "Life Orb", "teraType": "Fighting", "role": "Fast Attacker", "bvs": {"hp": 60, "atk": 130, "def": 80, "spa": 60, "spd": 60, "spe": 70}, "stats": {"hp": 235, "atk": 263, "def": 180, "spa": 147, "spd": 147, "spe": 164}, "types": ["Grass", "Fighting"]}, "Tornadus": {"name": "Tornadus", "species": "Tornadus", "speciesId": "tornadus", "gender": "M", "shiny": false, "level": 82, "moves": ["focusblast", "nastyplot", "bleakwindstorm", "grassknot"], "ability": "Prankster", "evs": {"hp": 85, "atk": 0, "def": 85, "spa": 85, "spd": 85, "spe": 85}, "ivs": {"hp": 31, "atk": 0, "def": 31, "spa": 31, "spd": 31, "spe": 31}, "item": "Heavy-Duty Boots", "teraType": "Fighting", "role": "Fast Attacker", "bvs": {"hp": 79, "atk": 115, "def": 70, "spa": 125, "spd": 80, "spe": 111}, "stats": {"hp": 264, "atk": 193, "def": 162, "spa": 252, "spd": 178, "spe": 229}, "types": ["Flying"]}, "Inteleon": {"name": "Inteleon", "species": "Inteleon", "speciesId": "inteleon", "gender": "F", "shiny": false, "level": 81, "moves": ["icebeam", "hydropump", "uturn", "scald"], "ability": "Torrent", "evs": {"hp": 85, "atk": 85, "def": 85, "spa": 85, "spd": 85, "spe": 85}, "ivs": {"hp": 31, "atk": 31, "def": 31, "spa": 31, "spd": 31, "spe": 31}, "item": "Choice Specs", "teraType": "Water", "role": "Wallbreaker", "bvs": {"hp": 70, "atk": 85, "def": 65, "spa": 125, "spd": 65, "spe": 120}, "stats": {"hp": 246, "atk": 184, "def": 152, "spa": 249, "spd": 152, "spe": 241}, "types": ["Water"]}, "Wigglytuff": {"name": "Wigglytuff", "species": "Wigglytuff", "speciesId": "wigglytuff", "gender": "M", "shiny": false, "level": 96, "moves": ["alluringvoice", "wish", "knockoff", "protect"], "ability": "Competitive", "evs": {"hp": 85, "atk": 85, "def": 85, "spa": 85, "spd": 85, "spe": 85}, "ivs": {"hp": 31, "atk": 31, "def": 31, "spa": 31, "spd": 31, "spe": 31}, "item": "Leftovers", "teraType": "Poison", "role": "Bulky Support", "bvs": {"hp": 140, "atk": 70, "def": 45, "spa": 85, "spd": 50, "spe": 45}, "stats": {"hp": 424, "atk": 189, "def": 141, "spa": 218, "spd": 150, "spe": 141}, "types": ["Normal", "Fairy"]}, "Gallade": {"name": "Gallade", "species": "Gallade", "speciesId": "gallade", "gender": "M", "shiny": false, "level": 80, "moves": ["leafblade", "sacredsword", "nightslash", "psychocut"], "ability": "Sharpness", "evs": {"hp": 85, "atk": 85, "def": 85, "spa": 85, "spd": 85, "spe": 85}, "ivs": {"hp": 31, "atk": 31, "def": 31, "spa": 31, "spd": 31, "spe": 31}, "item": "Choice Scarf", "teraType": "Grass", "role": "Fast Attacker", "bvs": {"hp": 68, "atk": 125, "def": 65, "spa": 65, "spd": 115, "spe": 80}, "stats": {"hp": 240, "atk": 246, "def": 150, "spa": 150, "spd": 230, "spe": 174}, "types": ["Psychic", "Fighting"]}}]}