{"id": "gen9randombattle-2642145470", "format": "[Gen 9] Random Battle", "players": ["prajkundi", "forcemajor14"], "log": "|j|\u2606prajkundi\n|j|\u2606forcemajor14\n|t:|1782899677\n|gametype|singles\n|player|p1|prajkundi|red|2213\n|player|p2|forcemajor14|266|2254\n|gen|9\n|tier|[Gen 9] Random Battle\n|rated|\n|rule|Species Clause: Limit one of each Pok\u00e9mon\n|rule|HP Percentage Mod: HP is shown in percentages\n|rule|Sleep Clause Mod: Limit one foe put to sleep\n|rule|Illusion Level Mod: Illusion disguises the Pok\u00e9mon's true level\n|\n|t:|1782899677\n|teamsize|p1|6\n|teamsize|p2|6\n|start\n|switch|p1a: Brute Bonnet|Brute Bonnet, L80|309/309\n|switch|p2a: Azelf|Azelf, L82|257/257\n|turn|1\n|inactive|Battle timer is ON: inactive players will automatically lose when time's up. (requested by prajkundi)\n|\n|t:|1782899682\n|move|p2a: Azelf|Fire Blast|p1a: Brute Bonnet\n|-supereffective|p1a: Brute Bonnet\n|-damage|p1a: Brute Bonnet|80/309\n|-damage|p2a: Azelf|232/257|[from] item: Life Orb\n|move|p1a: Brute Bonnet|Spore|p2a: Azelf\n|-status|p2a: Azelf|slp|[from] move: Spore\n|\n|-heal|p1a: Brute Bonnet|99/309|[from] item: Leftovers\n|upkeep\n|turn|2\n|\n|t:|1782899686\n|switch|p2a: Ogerpon|Ogerpon-Hearthflame, L74, F|239/239\n|-ability|p2a: Ogerpon|Mold Breaker\n|move|p1a: Brute Bonnet|Crunch|p2a: Ogerpon\n|-damage|p2a: Ogerpon|130/239\n|\n|-heal|p1a: Brute Bonnet|118/309|[from] item: Leftovers\n|upkeep\n|turn|3\n|inactive|forcemajor14 also wants the timer to be on.\n|\n|t:|1782899694\n|-end|p1a: Brute Bonnet|Protosynthesis|[silent]\n|switch|p1a: Delphox|Delphox, L84, F|263/263\n|move|p2a: Ogerpon|Ivy Cudgel|p1a: Delphox|[anim] Ivy Cudgel Fire\n|-resisted|p1a: Delphox\n|-damage|p1a: Delphox|196/263\n|\n|upkeep\n|turn|4\n|\n|t:|1782899700\n|switch|p2a: Komala|Komala, L88, F|258/258\n|-ability|p2a: Komala|Comatose\n|move|p1a: Delphox|Nasty Plot|p1a: Delphox\n|-boost|p1a: Delphox|spa|2\n|\n|upkeep\n|turn|5\n|\n|t:|1782899704\n|move|p1a: Delphox|Focus Blast|p2a: Komala\n|-supereffective|p2a: Komala\n|-damage|p2a: Komala|40/258\n|move|p2a: Komala|Body Slam|p1a: Delphox\n|-damage|p1a: Delphox|63/263\n|\n|upkeep\n|turn|6\n|\n|t:|1782899709\n|move|p1a: Delphox|Psyshock|p2a: Komala\n|-damage|p2a: Komala|0 fnt\n|faint|p2a: Komala\n|\n|upkeep\n|\n|t:|1782899711\n|switch|p2a: Swanna|Swanna, L89, F|278/278\n|turn|7\n|\n|t:|1782899730\n|move|p2a: Swanna|Brave Bird|p1a: Delphox\n|-damage|p1a: Delphox|0 fnt\n|faint|p1a: Delphox\n|-damage|p2a: Swanna|257/278|[from] Recoil\n|\n|upkeep\n|\n|t:|1782899732\n|switch|p1a: Munkidori|Munkidori, L79, M|269/269\n|turn|8\n|\n|t:|1782899735\n|move|p1a: Munkidori|Fake Out|p2a: Swanna\n|-damage|p2a: Swanna|230/278\n|cant|p2a: Swanna|flinch\n|\n|upkeep\n|turn|9\n|\n|t:|1782899739\n|move|p2a: Swanna|Knock Off|p1a: Munkidori\n|-supereffective|p1a: Munkidori\n|-damage|p1a: Munkidori|89/269\n|-enditem|p1a: Munkidori|Assault Vest|[from] move: Knock Off|[of] p2a: Swanna\n|move|p1a: Munkidori|Sludge Wave|p2a: Swanna\n|-crit|p2a: Swanna\n|-damage|p2a: Swanna|37/278\n|\n|upkeep\n|turn|10\n|\n|t:|1782899749\n|move|p2a: Swanna|Brave Bird|p1a: Munkidori\n|-damage|p1a: Munkidori|0 fnt\n|faint|p1a: Munkidori\n|-damage|p2a: Swanna|8/278|[from] Recoil\n|\n|upkeep\n|inactive|prajkundi has 120 seconds left.\n|\n|t:|1782899785\n|switch|p1a: Cinderace|Cinderace, L77, F|249/249\n|turn|11\n|\n|t:|1782899789\n|move|p1a: Cinderace|U-turn|p2a: Swanna\n|-start|p1a: Cinderace|typechange|Bug|[from] ability: Libero\n|-resisted|p2a: Swanna\n|-damage|p2a: Swanna|0 fnt\n|faint|p2a: Swanna\n|\n|t:|1782899798\n|switch|p1a: Inteleon|Inteleon, L81, M|246/246|[from] U-turn\n|\n|upkeep\n|\n|t:|1782899799\n|switch|p2a: Blastoise|Blastoise, L80, M|258/258\n|turn|12\n|inactive|prajkundi has 120 seconds left.\n|\n|t:|1782899821\n|move|p1a: Inteleon|U-turn|p2a: Blastoise\n|-damage|p2a: Blastoise|217/258\n|\n|t:|1782899823\n|switch|p1a: Heracross|Heracross, L80, M|259/259|[from] U-turn\n|move|p2a: Blastoise|Shell Smash|p2a: Blastoise\n|-unboost|p2a: Blastoise|def|1\n|-unboost|p2a: Blastoise|spd|1\n|-boost|p2a: Blastoise|atk|2\n|-boost|p2a: Blastoise|spa|2\n|-boost|p2a: Blastoise|spe|2\n|-enditem|p2a: Blastoise|White Herb\n|-clearnegativeboost|p2a: Blastoise|[silent]\n|\n|-status|p1a: Heracross|brn|[from] item: Flame Orb\n|upkeep\n|turn|13\n|\n|t:|1782899829\n|move|p2a: Blastoise|Hydro Pump|p1a: Heracross|[miss]\n|-miss|p2a: Blastoise|p1a: Heracross\n|move|p1a: Heracross|Close Combat|p2a: Blastoise\n|-damage|p2a: Blastoise|21/258\n|-unboost|p1a: Heracross|def|1\n|-unboost|p1a: Heracross|spd|1\n|\n|-damage|p1a: Heracross|243/259 brn|[from] brn\n|upkeep\n|turn|14\n|\n|t:|1782899841\n|move|p2a: Blastoise|Hydro Pump|p1a: Heracross\n|-damage|p1a: Heracross|0 fnt\n|faint|p1a: Heracross\n|\n|upkeep\n|\n|t:|1782899842\n|switch|p1a: Brute Bonnet|Brute Bonnet, L80|118/309\n|turn|15\n|\n|t:|1782899847\n|switch|p2a: Ogerpon|Ogerpon-Hearthflame, L74, F|130/239\n|-ability|p2a: Ogerpon|Mold Breaker\n|move|p1a: Brute Bonnet|Sucker Punch||[still]\n|-fail|p1a: Brute Bonnet\n|\n|-heal|p1a: Brute Bonnet|137/309|[from] item: Leftovers\n|upkeep\n|turn|16\n|\n|t:|1782899856\n|-end|p1a: Brute Bonnet|Protosynthesis|[silent]\n|switch|p1a: Cinderace|Cinderace, L77, F|249/249\n|move|p2a: Ogerpon|Ivy Cudgel|p1a: Cinderace|[anim] Ivy Cudgel Fire\n|-resisted|p1a: Cinderace\n|-crit|p1a: Cinderace\n|-damage|p1a: Cinderace|134/249\n|\n|upkeep\n|turn|17\n|\n|t:|1782899865\n|switch|p2a: Blastoise|Blastoise, L80, M|21/258\n|move|p1a: Cinderace|Pyro Ball|p2a: Blastoise\n|-resisted|p2a: Blastoise\n|-damage|p2a: Blastoise|0 fnt\n|faint|p2a: Blastoise\n|\n|upkeep\n|\n|t:|1782899868\n|switch|p2a: Altaria|Altaria, L89, M|278/278\n|turn|18\n|\n|t:|1782899883\n|switch|p1a: Inteleon|Inteleon, L81, M|246/246\n|move|p2a: Altaria|Dragon Dance|p2a: Altaria\n|-boost|p2a: Altaria|atk|1\n|-boost|p2a: Altaria|spe|1\n|\n|upkeep\n|turn|19\n|\n|t:|1782899897\n|switch|p1a: Brute Bonnet|Brute Bonnet, L80|137/309\n|-terastallize|p2a: Altaria|Steel\n|move|p2a: Altaria|Brave Bird|p1a: Brute Bonnet\n|-supereffective|p1a: Brute Bonnet\n|-damage|p1a: Brute Bonnet|0 fnt\n|faint|p1a: Brute Bonnet\n|-end|p1a: Brute Bonnet|Protosynthesis|[silent]\n|-damage|p2a: Altaria|233/278|[from] Recoil\n|\n|upkeep\n|\n|t:|1782899904\n|switch|p1a: Inteleon|Inteleon, L81, M|246/246\n|turn|20\n|\n|t:|1782899906\n|-terastallize|p1a: Inteleon|Water\n|move|p2a: Altaria|Brave Bird|p1a: Inteleon\n|-damage|p1a: Inteleon|45/246\n|-damage|p2a: Altaria|167/278|[from] Recoil\n|move|p1a: Inteleon|Hydro Pump|p2a: Altaria\n|-damage|p2a: Altaria|0 fnt\n|faint|p2a: Altaria\n|\n|upkeep\n|\n|t:|1782899913\n|switch|p2a: Ogerpon|Ogerpon-Hearthflame, L74, F|130/239\n|-ability|p2a: Ogerpon|Mold Breaker\n|turn|21\n|\n|t:|1782899917\n|move|p1a: Inteleon|Hydro Pump|p2a: Ogerpon\n|-damage|p2a: Ogerpon|0 fnt\n|faint|p2a: Ogerpon\n|\n|upkeep\n|\n|t:|1782899920\n|switch|p2a: Azelf|Azelf, L82|232/257 slp\n|turn|22\n|\n|t:|1782899922\n|move|p1a: Inteleon|Hydro Pump|p2a: Azelf\n|-damage|p2a: Azelf|0 fnt\n|faint|p2a: Azelf\n|\n|win|prajkundi\n|raw|prajkundi's rating: 2213 &rarr; <strong>2239</strong><br />(+26 for winning)\n|raw|forcemajor14's rating: 2314 &rarr; <strong>2288</strong><br />(-26 for losing)\n", "inputlog": ">version f8ac14003a5f27e1bdc8d8c59608a773c1cb96e5\n>start {\"formatid\":\"gen9randombattle\",\"seed\":\"sodium,2a899085745d1e2e25eacf5f6c7e7cff\",\"rated\":\"Rated battle\"}\n>player p1 {\"name\":\"prajkundi\",\"avatar\":\"red\",\"rating\":2213,\"seed\":\"sodium,1441a2b51b13c02209fedb9820e98639\"}\n>player p2 {\"name\":\"forcemajor14\",\"avatar\":\"266\",\"rating\":2254,\"seed\":\"sodium,ee3d8fdaf44d56ec065a2bd26bd8fee9\"}\n>p1 move spore\n>p2 move fireblast\n>p1 move crunch\n>p2 switch 5\n>p1 switch 2\n>p2 move ivycudgel\n>p1 move nastyplot\n>p2 switch 3\n>p1 move focusblast\n>p2 move bodyslam\n>p1 move psyshock\n>p2 move knockoff\n>p2 switch 4\n>p1 move psyshock\n>p2 move bravebird\n>p1 switch 6\n>p1 move fakeout\n>p2 move knockoff\n>p1 move sludgewave\n>p2 move knockoff\n>p1 move psychicnoise\n>p2 move bravebird\n>p1 switch 5\n>p1 move uturn\n>p2 move hydropump\n>p1 switch 3\n>p2 switch 6\n>p1 move uturn\n>p2 move shellsmash\n>p1 switch 4\n>p1 move closecombat\n>p2 move hydropump\n>p1 move knockoff\n>p2 move hydropump\n>p1 switch 2\n>p1 move suckerpunch\n>p2 switch 3\n>p1 switch 3\n>p2 move ivycudgel\n>p1 move pyroball\n>p2 switch 3\n>p2 switch 2\n>p1 switch 4\n>p2 move dragondance\n>p1 switch 3\n>p2 move bravebird terastallize\n>p1 switch 3\n>p1 move hydropump terastallize\n>p2 move bravebird\n>p2 switch 3\n>p1 move hydropump\n>p2 move hornleech\n>p2 switch 5\n>p1 move hydropump\n>p2 move psychic", "uploadtime": 1782899923, "views": 2, "formatid": "gen9randombattle", "rating": 2239, "private": 0, "password": null, "player_dets": [{"name": "prajkundi", "avatar": "red", "rating": 2213, "seed": "sodium,1441a2b51b13c02209fedb9820e98639"}, {"name": "forcemajor14", "avatar": "266", "rating": 2254, "seed": "sodium,ee3d8fdaf44d56ec065a2bd26bd8fee9"}], "teams_full": [{"Brute Bonnet": {"name": "Brute Bonnet", "species": "Brute Bonnet", "speciesId": "brutebonnet", "gender": "N", "shiny": false, "level": 80, "moves": ["suckerpunch", "crunch", "closecombat", "spore"], "ability": "Protosynthesis", "evs": {"hp": 85, "atk": 85, "def": 85, "spa": 85, "spd": 85, "spe": 85}, "ivs": {"hp": 31, "atk": 31, "def": 31, "spa": 31, "spd": 31, "spe": 31}, "item": "Leftovers", "teraType": "Poison", "role": "Bulky Attacker", "bvs": {"hp": 111, "atk": 127, "def": 99, "spa": 79, "spd": 99, "spe": 55}, "stats": {"hp": 309, "atk": 249, "def": 205, "spa": 173, "spd": 205, "spe": 134}, "types": ["Grass", "Dark"]}, "Delphox": {"name": "Delphox", "species": "Delphox", "speciesId": "delphox", "gender": "F", "shiny": false, "level": 84, "moves": ["nastyplot", "psyshock", "focusblast", "fireblast"], "ability": "Blaze", "evs": {"hp": 85, "atk": 0, "def": 85, "spa": 85, "spd": 85, "spe": 85}, "ivs": {"hp": 31, "atk": 0, "def": 31, "spa": 31, "spd": 31, "spe": 31}, "item": "Heavy-Duty Boots", "teraType": "Fire", "role": "Fast Attacker", "bvs": {"hp": 75, "atk": 69, "def": 72, "spa": 114, "spd": 100, "spe": 104}, "stats": {"hp": 263, "atk": 120, "def": 169, "spa": 240, "spd": 216, "spe": 223}, "types": ["Fire", "Psychic"]}, "Inteleon": {"name": "Inteleon", "species": "Inteleon", "speciesId": "inteleon", "gender": "M", "shiny": false, "level": 81, "moves": ["hydropump", "scald", "uturn", "icebeam"], "ability": "Torrent", "evs": {"hp": 85, "atk": 85, "def": 85, "spa": 85, "spd": 85, "spe": 85}, "ivs": {"hp": 31, "atk": 31, "def": 31, "spa": 31, "spd": 31, "spe": 31}, "item": "Choice Specs", "teraType": "Water", "role": "Wallbreaker", "bvs": {"hp": 70, "atk": 85, "def": 65, "spa": 125, "spd": 65, "spe": 120}, "stats": {"hp": 246, "atk": 184, "def": 152, "spa": 249, "spd": 152, "spe": 241}, "types": ["Water"]}, "Heracross": {"name": "Heracross", "species": "Heracross", "speciesId": "heracross", "gender": "M", "shiny": false, "level": 80, "moves": ["knockoff", "trailblaze", "facade", "closecombat"], "ability": "Guts", "evs": {"hp": 85, "atk": 85, "def": 85, "spa": 85, "spd": 85, "spe": 85}, "ivs": {"hp": 31, "atk": 31, "def": 31, "spa": 31, "spd": 31, "spe": 31}, "item": "Flame Orb", "teraType": "Normal", "role": "Setup Sweeper", "bvs": {"hp": 80, "atk": 125, "def": 75, "spa": 40, "spd": 95, "spe": 85}, "stats": {"hp": 259, "atk": 246, "def": 166, "spa": 110, "spd": 198, "spe": 182}, "types": ["Bug", "Fighting"]}, "Cinderace": {"name": "Cinderace", "species": "Cinderace", "speciesId": "cinderace", "gender": "F", "shiny": false, "level": 77, "moves": ["pyroball", "gunkshot", "uturn", "highjumpkick"], "ability": "Libero", "evs": {"hp": 81, "atk": 85, "def": 85, "spa": 85, "spd": 85, "spe": 85}, "ivs": {"hp": 31, "atk": 31, "def": 31, "spa": 31, "spd": 31, "spe": 31}, "item": "Choice Band", "teraType": "Fire", "role": "Wallbreaker", "bvs": {"hp": 80, "atk": 116, "def": 75, "spa": 65, "spd": 75, "spe": 119}, "stats": {"hp": 249, "atk": 223, "def": 160, "spa": 145, "spd": 160, "spe": 228}, "types": ["Fire"]}, "Munkidori": {"name": "Munkidori", "species": "Munkidori", "speciesId": "munkidori", "gender": "M", "shiny": false, "level": 79, "moves": ["uturn", "sludgewave", "psychicnoise", "fakeout"], "ability": "Toxic Chain", "evs": {"hp": 85, "atk": 85, "def": 85, "spa": 85, "spd": 85, "spe": 85}, "ivs": {"hp": 31, "atk": 31, "def": 31, "spa": 31, "spd": 31, "spe": 31}, "item": "Assault Vest", "teraType": "Dark", "role": "AV Pivot", "bvs": {"hp": 88, "atk": 75, "def": 66, "spa": 130, "spd": 90, "spe": 106}, "stats": {"hp": 269, "atk": 164, "def": 150, "spa": 251, "spd": 188, "spe": 213}, "types": ["Poison", "Psychic"]}}, {"Azelf": {"name": "Azelf", "species": "Azelf", "speciesId": "azelf", "gender": "N", "shiny": false, "level": 82, "moves": ["dazzlinggleam", "nastyplot", "fireblast", "psychic"], "ability": "Levitate", "evs": {"hp": 85, "atk": 0, "def": 85, "spa": 85, "spd": 85, "spe": 85}, "ivs": {"hp": 31, "atk": 0, "def": 31, "spa": 31, "spd": 31, "spe": 31}, "item": "Life Orb", "teraType": "Fire", "role": "Fast Attacker", "bvs": {"hp": 75, "atk": 125, "def": 70, "spa": 125, "spd": 70, "spe": 115}, "stats": {"hp": 257, "atk": 210, "def": 162, "spa": 252, "spd": 162, "spe": 236}, "types": ["Psychic"]}, "Altaria": {"name": "Altaria", "species": "Altaria", "speciesId": "altaria", "gender": "M", "shiny": false, "level": 89, "moves": ["earthquake", "roost", "dragondance", "bravebird"], "ability": "Natural Cure", "evs": {"hp": 85, "atk": 85, "def": 85, "spa": 85, "spd": 85, "spe": 85}, "ivs": {"hp": 31, "atk": 31, "def": 31, "spa": 31, "spd": 31, "spe": 31}, "item": "Heavy-Duty Boots", "teraType": "Steel", "role": "Bulky Setup", "bvs": {"hp": 75, "atk": 70, "def": 90, "spa": 70, "spd": 105, "spe": 80}, "stats": {"hp": 278, "atk": 175, "def": 211, "spa": 175, "spd": 238, "spe": 193}, "types": ["Dragon", "Flying"]}, "Komala": {"name": "Komala", "species": "Komala", "speciesId": "komala", "gender": "F", "shiny": false, "level": 88, "moves": ["rapidspin", "bodyslam", "uturn", "knockoff"], "ability": "Comatose", "evs": {"hp": 85, "atk": 85, "def": 85, "spa": 85, "spd": 85, "spe": 85}, "ivs": {"hp": 31, "atk": 31, "def": 31, "spa": 31, "spd": 31, "spe": 31}, "item": "Assault Vest", "teraType": "Ghost", "role": "Bulky Support", "bvs": {"hp": 65, "atk": 115, "def": 65, "spa": 75, "spd": 95, "spe": 65}, "stats": {"hp": 258, "atk": 253, "def": 165, "spa": 182, "spd": 217, "spe": 165}, "types": ["Normal"]}, "Swanna": {"name": "Swanna", "species": "Swanna", "speciesId": "swanna", "gender": "F", "shiny": false, "level": 89, "moves": ["roost", "knockoff", "bravebird", "hydropump"], "ability": "Hydration", "evs": {"hp": 85, "atk": 85, "def": 85, "spa": 85, "spd": 85, "spe": 85}, "ivs": {"hp": 31, "atk": 31, "def": 31, "spa": 31, "spd": 31, "spe": 31}, "item": "Heavy-Duty Boots", "teraType": "Ground", "role": "Bulky Support", "bvs": {"hp": 75, "atk": 87, "def": 63, "spa": 87, "spd": 63, "spe": 98}, "stats": {"hp": 278, "atk": 206, "def": 163, "spa": 206, "spd": 163, "spe": 225}, "types": ["Water", "Flying"]}, "Ogerpon": {"name": "Ogerpon", "species": "Ogerpon-Hearthflame", "speciesId": "ogerponhearthflame", "gender": "F", "shiny": false, "level": 74, "moves": ["swordsdance", "hornleech", "knockoff", "ivycudgel"], "ability": "Mold Breaker", "evs": {"hp": 77, "atk": 85, "def": 85, "spa": 85, "spd": 85, "spe": 85}, "ivs": {"hp": 31, "atk": 31, "def": 31, "spa": 31, "spd": 31, "spe": 31}, "item": "Hearthflame Mask", "teraType": "Fire", "role": "Setup Sweeper", "bvs": {"hp": 80, "atk": 120, "def": 84, "spa": 60, "spd": 96, "spe": 110}, "stats": {"hp": 239, "atk": 221, "def": 167, "spa": 132, "spd": 185, "spe": 206}, "types": ["Grass", "Fire"]}, "Blastoise": {"name": "Blastoise", "species": "Blastoise", "speciesId": "blastoise", "gender": "M", "shiny": false, "level": 80, "moves": ["hydropump", "earthquake", "shellsmash", "icebeam"], "ability": "Torrent", "evs": {"hp": 85, "atk": 85, "def": 85, "spa": 85, "spd": 85, "spe": 85}, "ivs": {"hp": 31, "atk": 31, "def": 31, "spa": 31, "spd": 31, "spe": 31}, "item": "White Herb", "teraType": "Water", "role": "Setup Sweeper", "bvs": {"hp": 79, "atk": 83, "def": 100, "spa": 85, "spd": 105, "spe": 78}, "stats": {"hp": 258, "atk": 179, "def": 206, "spa": 182, "spd": 214, "spe": 171}, "types": ["Water"]}}]}