{"id": "gen9randombattle-2642151950", "format": "[Gen 9] Random Battle", "players": ["Bosslayer9000", "jnpr010334"], "log": "|j|\u2606Bosslayer9000\n|j|\u2606jnpr010334\n|t:|1782901028\n|gametype|singles\n|player|p1|Bosslayer9000|2|1634\n|player|p2|jnpr010334|265|1640\n|gen|9\n|tier|[Gen 9] Random Battle\n|rated|\n|rule|Species Clause: Limit one of each Pok\u00e9mon\n|rule|HP Percentage Mod: HP is shown in percentages\n|rule|Sleep Clause Mod: Limit one foe put to sleep\n|rule|Illusion Level Mod: Illusion disguises the Pok\u00e9mon's true level\n|\n|t:|1782901028\n|teamsize|p1|6\n|teamsize|p2|6\n|start\n|switch|p1a: Frosmoth|Frosmoth, L82, M|249/249\n|switch|p2a: Serperior|Serperior, L79, F|248/248\n|turn|1\n|inactive|Battle timer is ON: inactive players will automatically lose when time's up. (requested by Bosslayer9000)\n|\n|t:|1782901034\n|switch|p2a: Leafeon|Leafeon, L88, F|258/258\n|move|p1a: Frosmoth|Quiver Dance|p1a: Frosmoth\n|-boost|p1a: Frosmoth|spa|1\n|-boost|p1a: Frosmoth|spd|1\n|-boost|p1a: Frosmoth|spe|1\n|\n|upkeep\n|turn|2\n|inactive|jnpr010334 also wants the timer to be on.\n|\n|t:|1782901040\n|switch|p2a: Gurdurr|Gurdurr, L85, F|283/283\n|move|p1a: Frosmoth|Ice Beam|p2a: Gurdurr\n|-damage|p2a: Gurdurr|135/283\n|\n|upkeep\n|turn|3\n|\n|t:|1782901044\n|move|p1a: Frosmoth|Ice Beam|p2a: Gurdurr\n|-damage|p2a: Gurdurr|0 fnt\n|faint|p2a: Gurdurr\n|\n|upkeep\n|\n|t:|1782901046\n|switch|p2a: Grumpig|Grumpig, L92, F|297/297\n|turn|4\n|\n|t:|1782901061\n|switch|p1a: Jumpluff|Jumpluff, L87, F|271/271\n|-terastallize|p2a: Grumpig|Fairy\n|move|p2a: Grumpig|Nasty Plot|p2a: Grumpig\n|-boost|p2a: Grumpig|spa|2\n|\n|upkeep\n|turn|5\n|\n|t:|1782901064\n|move|p1a: Jumpluff|Sleep Powder|p2a: Grumpig\n|-status|p2a: Grumpig|slp|[from] move: Sleep Powder\n|cant|p2a: Grumpig|slp\n|\n|upkeep\n|turn|6\n|\n|t:|1782901068\n|switch|p1a: Smeargle|Smeargle, L95, M|258/258\n|cant|p2a: Grumpig|slp\n|\n|upkeep\n|turn|7\n|\n|t:|1782901073\n|-curestatus|p2a: Grumpig|slp|[msg]\n|move|p2a: Grumpig|Psychic|p1a: Smeargle\n|-damage|p1a: Smeargle|0 fnt\n|faint|p1a: Smeargle\n|\n|upkeep\n|\n|t:|1782901089\n|switch|p1a: Jumpluff|Jumpluff, L87, F|271/271\n|turn|8\n|\n|t:|1782901092\n|move|p1a: Jumpluff|Sleep Powder|p2a: Grumpig\n|-status|p2a: Grumpig|slp|[from] move: Sleep Powder\n|cant|p2a: Grumpig|slp\n|\n|upkeep\n|turn|9\n|\n|t:|1782901095\n|move|p1a: Jumpluff|Acrobatics|p2a: Grumpig\n|-damage|p2a: Grumpig|198/297 slp\n|-curestatus|p2a: Grumpig|slp|[msg]\n|move|p2a: Grumpig|Nasty Plot|p2a: Grumpig\n|-boost|p2a: Grumpig|spa|2\n|\n|-heal|p2a: Grumpig|216/297|[from] item: Leftovers\n|upkeep\n|turn|10\n|\n|t:|1782901099\n|move|p1a: Jumpluff|Sleep Powder|p2a: Grumpig|[miss]\n|-miss|p1a: Jumpluff|p2a: Grumpig\n|move|p2a: Grumpig|Psychic|p1a: Jumpluff\n|-damage|p1a: Jumpluff|0 fnt\n|faint|p1a: Jumpluff\n|\n|-heal|p2a: Grumpig|234/297|[from] item: Leftovers\n|upkeep\n|\n|t:|1782901120\n|switch|p1a: Frosmoth|Frosmoth, L82, M|249/249\n|turn|11\n|\n|t:|1782901123\n|move|p2a: Grumpig|Psychic|p1a: Frosmoth\n|-damage|p1a: Frosmoth|76/249\n|move|p1a: Frosmoth|Quiver Dance|p1a: Frosmoth\n|-boost|p1a: Frosmoth|spa|1\n|-boost|p1a: Frosmoth|spd|1\n|-boost|p1a: Frosmoth|spe|1\n|\n|-heal|p2a: Grumpig|252/297|[from] item: Leftovers\n|upkeep\n|turn|12\n|\n|t:|1782901128\n|move|p1a: Frosmoth|Giga Drain|p2a: Grumpig\n|-damage|p2a: Grumpig|187/297\n|-heal|p1a: Frosmoth|109/249|[from] drain|[of] p2a: Grumpig\n|move|p2a: Grumpig|Dazzling Gleam|p1a: Frosmoth\n|-damage|p1a: Frosmoth|10/249\n|\n|-heal|p2a: Grumpig|205/297|[from] item: Leftovers\n|upkeep\n|turn|13\n|\n|t:|1782901133\n|move|p1a: Frosmoth|Giga Drain|p2a: Grumpig\n|-damage|p2a: Grumpig|129/297\n|-heal|p1a: Frosmoth|48/249|[from] drain|[of] p2a: Grumpig\n|move|p2a: Grumpig|Shadow Ball|p1a: Frosmoth\n|-damage|p1a: Frosmoth|0 fnt\n|faint|p1a: Frosmoth\n|\n|-heal|p2a: Grumpig|147/297|[from] item: Leftovers\n|upkeep\n|\n|t:|1782901140\n|switch|p1a: Porygon2|Porygon2, L81|270/270\n|-ability|p1a: Porygon2|Download|boost\n|-boost|p1a: Porygon2|atk|1\n|turn|14\n|c|\u2606Bosslayer9000|Damn\n|\n|t:|1782901148\n|move|p2a: Grumpig|Psychic|p1a: Porygon2\n|-damage|p1a: Porygon2|71/270\n|move|p1a: Porygon2|Tri Attack|p2a: Grumpig\n|-damage|p2a: Grumpig|83/297\n|\n|-heal|p2a: Grumpig|101/297|[from] item: Leftovers\n|upkeep\n|turn|15\n|c|\u2606Bosslayer9000|Ggwp\n|-message|Bosslayer9000 forfeited.\n|\n|win|jnpr010334\n|raw|Bosslayer9000's rating: 1634 &rarr; <strong>1615</strong><br />(-19 for losing)\n|raw|jnpr010334's rating: 1653 &rarr; <strong>1672</strong><br />(+19 for winning)\n", "inputlog": ">version f8ac14003a5f27e1bdc8d8c59608a773c1cb96e5\n>start {\"formatid\":\"gen9randombattle\",\"seed\":\"sodium,16467ec55eee1bca6f626758c563ab1c\",\"rated\":\"Rated battle\"}\n>player p1 {\"name\":\"Bosslayer9000\",\"avatar\":\"2\",\"rating\":1634,\"seed\":\"sodium,ee10a25b5aaef89020afd7122da60903\"}\n>player p2 {\"name\":\"jnpr010334\",\"avatar\":\"265\",\"rating\":1640,\"seed\":\"sodium,25825fd720fc83971c2d4bc86d00f29b\"}\n>p1 move quiverdance\n>p2 switch 3\n>p1 move icebeam\n>p2 switch 2\n>p1 move icebeam\n>p2 move drainpunch\n>p2 switch 6\n>p1 switch 4\n>p2 move nastyplot terastallize\n>p1 move sleeppowder\n>p2 move psychic\n>p1 switch 3\n>p2 move psychic\n>p1 move populationbomb\n>p2 move psychic\n>p1 switch 3\n>p1 move sleeppowder\n>p2 move nastyplot\n>p1 move acrobatics\n>p2 move nastyplot\n>p1 move sleeppowder\n>p2 move psychic\n>p1 switch 4\n>p1 move quiverdance\n>p2 move psychic\n>p1 move gigadrain\n>p2 move dazzlinggleam\n>p1 move gigadrain\n>p2 move shadowball\n>p1 switch 5\n>chat \u2606Bosslayer9000|Damn\n>p1 move triattack\n>p2 move psychic\n>chat \u2606Bosslayer9000|Ggwp\n>forcelose p1", "uploadtime": 1782901158, "views": 2, "formatid": "gen9randombattle", "rating": 1615, "private": 0, "password": null, "player_dets": [{"name": "Bosslayer9000", "avatar": "2", "rating": 1634, "seed": "sodium,ee10a25b5aaef89020afd7122da60903"}, {"name": "jnpr010334", "avatar": "265", "rating": 1640, "seed": "sodium,25825fd720fc83971c2d4bc86d00f29b"}], "teams_full": [{"Frosmoth": {"name": "Frosmoth", "species": "Frosmoth", "speciesId": "frosmoth", "gender": "M", "shiny": false, "level": 82, "moves": ["icebeam", "gigadrain", "terablast", "quiverdance"], "ability": "Ice Scales", "evs": {"hp": 85, "atk": 0, "def": 85, "spa": 85, "spd": 85, "spe": 85}, "ivs": {"hp": 31, "atk": 0, "def": 31, "spa": 31, "spd": 31, "spe": 31}, "item": "Heavy-Duty Boots", "teraType": "Ground", "role": "Tera Blast user", "bvs": {"hp": 70, "atk": 65, "def": 60, "spa": 125, "spd": 90, "spe": 65}, "stats": {"hp": 249, "atk": 111, "def": 146, "spa": 252, "spd": 195, "spe": 154}, "types": ["Ice", "Bug"]}, "Ampharos": {"name": "Ampharos", "species": "Ampharos", "speciesId": "ampharos", "gender": "M", "shiny": false, "level": 88, "moves": ["focusblast", "voltswitch", "dazzlinggleam", "thunderbolt"], "ability": "Static", "evs": {"hp": 85, "atk": 0, "def": 85, "spa": 85, "spd": 85, "spe": 85}, "ivs": {"hp": 31, "atk": 0, "def": 31, "spa": 31, "spd": 31, "spe": 31}, "item": "Choice Specs", "teraType": "Fairy", "role": "Wallbreaker", "bvs": {"hp": 90, "atk": 75, "def": 85, "spa": 115, "spd": 90, "spe": 55}, "stats": {"hp": 302, "atk": 137, "def": 200, "spa": 253, "spd": 209, "spe": 147}, "types": ["Electric"]}, "Smeargle": {"name": "Smeargle", "species": "Smeargle", "speciesId": "smeargle", "gender": "M", "shiny": false, "level": 95, "moves": ["shellsmash", "powertrip", "populationbomb", "spore"], "ability": "Technician", "evs": {"hp": 85, "atk": 85, "def": 85, "spa": 85, "spd": 85, "spe": 85}, "ivs": {"hp": 31, "atk": 31, "def": 31, "spa": 31, "spd": 31, "spe": 31}, "item": "Wide Lens", "teraType": "Ghost", "role": "Setup Sweeper", "bvs": {"hp": 55, "atk": 20, "def": 35, "spa": 20, "spd": 45, "spe": 75}, "stats": {"hp": 258, "atk": 92, "def": 120, "spa": 92, "spd": 139, "spe": 196}, "types": ["Normal"]}, "Jumpluff": {"name": "Jumpluff", "species": "Jumpluff", "speciesId": "jumpluff", "gender": "F", "shiny": false, "level": 87, "moves": ["acrobatics", "strengthsap", "sleeppowder", "uturn"], "ability": "Infiltrator", "evs": {"hp": 81, "atk": 85, "def": 85, "spa": 85, "spd": 85, "spe": 85}, "ivs": {"hp": 31, "atk": 31, "def": 31, "spa": 31, "spd": 31, "spe": 31}, "item": "", "teraType": "Steel", "role": "Bulky Attacker", "bvs": {"hp": 75, "atk": 55, "def": 70, "spa": 55, "spd": 95, "spe": 110}, "stats": {"hp": 271, "atk": 145, "def": 172, "spa": 145, "spd": 215, "spe": 241}, "types": ["Grass", "Flying"]}, "Porygon2": {"name": "Porygon2", "species": "Porygon2", "speciesId": "porygon2", "gender": "N", "shiny": false, "level": 81, "moves": ["discharge", "recover", "icebeam", "triattack"], "ability": "Download", "evs": {"hp": 85, "atk": 0, "def": 85, "spa": 85, "spd": 85, "spe": 85}, "ivs": {"hp": 31, "atk": 0, "def": 31, "spa": 31, "spd": 31, "spe": 31}, "item": "Eviolite", "teraType": "Electric", "role": "Bulky Support", "bvs": {"hp": 85, "atk": 80, "def": 90, "spa": 105, "spd": 95, "spe": 60}, "stats": {"hp": 270, "atk": 134, "def": 192, "spa": 217, "spd": 201, "spe": 144}, "types": ["Normal"]}, "Primarina": {"name": "Primarina", "species": "Primarina", "speciesId": "primarina", "gender": "M", "shiny": false, "level": 83, "moves": ["drainingkiss", "moonblast", "psychicnoise", "calmmind"], "ability": "Liquid Voice", "evs": {"hp": 85, "atk": 0, "def": 85, "spa": 85, "spd": 85, "spe": 85}, "ivs": {"hp": 31, "atk": 0, "def": 31, "spa": 31, "spd": 31, "spe": 31}, "item": "Leftovers", "teraType": "Poison", "role": "Bulky Setup", "bvs": {"hp": 80, "atk": 74, "def": 74, "spa": 126, "spd": 116, "spe": 60}, "stats": {"hp": 268, "atk": 127, "def": 171, "spa": 257, "spd": 240, "spe": 147}, "types": ["Water", "Fairy"]}}, {"Serperior": {"name": "Serperior", "species": "Serperior", "speciesId": "serperior", "gender": "F", "shiny": false, "level": 79, "moves": ["leafstorm", "leechseed", "substitute", "dragonpulse"], "ability": "Contrary", "evs": {"hp": 85, "atk": 0, "def": 85, "spa": 85, "spd": 85, "spe": 85}, "ivs": {"hp": 31, "atk": 0, "def": 31, "spa": 31, "spd": 31, "spe": 31}, "item": "Leftovers", "teraType": "Dragon", "role": "Fast Attacker", "bvs": {"hp": 75, "atk": 75, "def": 95, "spa": 75, "spd": 95, "spe": 113}, "stats": {"hp": 248, "atk": 123, "def": 196, "spa": 164, "spd": 196, "spe": 224}, "types": ["Grass"]}, "Gurdurr": {"name": "Gurdurr", "species": "Gurdurr", "speciesId": "gurdurr", "gender": "F", "shiny": false, "level": 85, "moves": ["knockoff", "defog", "machpunch", "drainpunch"], "ability": "Guts", "evs": {"hp": 85, "atk": 85, "def": 85, "spa": 85, "spd": 85, "spe": 85}, "ivs": {"hp": 31, "atk": 31, "def": 31, "spa": 31, "spd": 31, "spe": 31}, "item": "Eviolite", "teraType": "Steel", "role": "Bulky Attacker", "bvs": {"hp": 85, "atk": 105, "def": 85, "spa": 40, "spd": 50, "spe": 40}, "stats": {"hp": 283, "atk": 227, "def": 193, "spa": 117, "spd": 134, "spe": 117}, "types": ["Fighting"]}, "Leafeon": {"name": "Leafeon", "species": "Leafeon", "speciesId": "leafeon", "gender": "F", "shiny": false, "level": 88, "moves": ["swordsdance", "substitute", "doubleedge", "leafblade"], "ability": "Chlorophyll", "evs": {"hp": 85, "atk": 85, "def": 85, "spa": 85, "spd": 85, "spe": 85}, "ivs": {"hp": 31, "atk": 31, "def": 31, "spa": 31, "spd": 31, "spe": 31}, "item": "Leftovers", "teraType": "Normal", "role": "Setup Sweeper", "bvs": {"hp": 65, "atk": 110, "def": 130, "spa": 60, "spd": 65, "spe": 95}, "stats": {"hp": 258, "atk": 244, "def": 279, "spa": 156, "spd": 165, "spe": 217}, "types": ["Grass"]}, "Miraidon": {"name": "Miraidon", "species": "Miraidon", "speciesId": "miraidon", "gender": "N", "shiny": false, "level": 65, "moves": ["calmmind", "electrodrift", "dracometeor", "dragonpulse"], "ability": "Hadron Engine", "evs": {"hp": 85, "atk": 0, "def": 85, "spa": 85, "spd": 85, "spe": 85}, "ivs": {"hp": 31, "atk": 0, "def": 31, "spa": 31, "spd": 31, "spe": 31}, "item": "Life Orb", "teraType": "Electric", "role": "Setup Sweeper", "bvs": {"hp": 100, "atk": 85, "def": 100, "spa": 135, "spd": 115, "spe": 135}, "stats": {"hp": 238, "atk": 115, "def": 168, "spa": 214, "spd": 188, "spe": 214}, "types": ["Electric", "Dragon"]}, "Eiscue": {"name": "Eiscue", "species": "Eiscue", "speciesId": "eiscue", "gender": "M", "shiny": false, "level": 88, "moves": ["liquidation", "icespinner", "bellydrum", "terablast"], "ability": "Ice Face", "evs": {"hp": 81, "atk": 85, "def": 85, "spa": 85, "spd": 85, "spe": 85}, "ivs": {"hp": 31, "atk": 31, "def": 31, "spa": 31, "spd": 31, "spe": 31}, "item": "Sitrus Berry", "teraType": "Electric", "role": "Tera Blast user", "bvs": {"hp": 75, "atk": 80, "def": 110, "spa": 65, "spd": 90, "spe": 50}, "stats": {"hp": 274, "atk": 191, "def": 244, "spa": 165, "spd": 209, "spe": 138}, "types": ["Ice"]}, "Grumpig": {"name": "Grumpig", "species": "Grumpig", "speciesId": "grumpig", "gender": "F", "shiny": false, "level": 92, "moves": ["nastyplot", "dazzlinggleam", "psychic", "shadowball"], "ability": "Thick Fat", "evs": {"hp": 85, "atk": 0, "def": 85, "spa": 85, "spd": 85, "spe": 85}, "ivs": {"hp": 31, "atk": 0, "def": 31, "spa": 31, "spd": 31, "spe": 31}, "item": "Leftovers", "teraType": "Fairy", "role": "Bulky Setup", "bvs": {"hp": 80, "atk": 45, "def": 65, "spa": 90, "spd": 110, "spe": 80}, "stats": {"hp": 297, "atk": 87, "def": 172, "spa": 218, "spd": 255, "spe": 200}, "types": ["Psychic"]}}]}