{"id": "gen9randombattle-2641868786", "format": "[Gen 9] Random Battle", "players": ["testbotcif", "SaberSerenity"], "log": "|j|\u2606testbotcif\n|j|\u2606SaberSerenity\n|t:|1782851622\n|gametype|singles\n|player|p1|testbotcif|266|1322\n|player|p2|SaberSerenity|skyla|1351\n|gen|9\n|tier|[Gen 9] Random Battle\n|rated|\n|rule|Species Clause: Limit one of each Pok\u00e9mon\n|rule|HP Percentage Mod: HP is shown in percentages\n|rule|Sleep Clause Mod: Limit one foe put to sleep\n|rule|Illusion Level Mod: Illusion disguises the Pok\u00e9mon's true level\n|\n|t:|1782851622\n|teamsize|p1|6\n|teamsize|p2|6\n|start\n|switch|p1a: Dachsbun|Dachsbun, L92, M|254/254\n|switch|p2a: Porygon2|Porygon2, L81|270/270\n|-ability|p2a: Porygon2|Download|boost\n|-boost|p2a: Porygon2|spa|1\n|turn|1\n|inactive|Battle timer is ON: inactive players will automatically lose when time's up. (requested by SaberSerenity)\n|inactive|testbotcif also wants the timer to be on.\n|c|\u2606testbotcif|rlhf\n|\n|t:|1782851636\n|move|p1a: Dachsbun|Body Press|p2a: Porygon2\n|-supereffective|p2a: Porygon2\n|-damage|p2a: Porygon2|166/270\n|move|p2a: Porygon2|Thunder Wave|p1a: Dachsbun\n|-status|p1a: Dachsbun|par\n|\n|upkeep\n|turn|2\n|\n|t:|1782851651\n|move|p2a: Porygon2|Tera Blast|p1a: Dachsbun\n|-damage|p1a: Dachsbun|137/254 par\n|cant|p1a: Dachsbun|par\n|\n|-heal|p1a: Dachsbun|152/254 par|[from] item: Leftovers\n|upkeep\n|turn|3\n|c|\u2606SaberSerenity|glhf\n|\n|t:|1782851664\n|move|p2a: Porygon2|Tera Blast|p1a: Dachsbun\n|-damage|p1a: Dachsbun|17/254 par\n|cant|p1a: Dachsbun|par\n|\n|-heal|p1a: Dachsbun|32/254 par|[from] item: Leftovers\n|upkeep\n|turn|4\n|\n|t:|1782851669\n|move|p2a: Porygon2|Tera Blast|p1a: Dachsbun\n|-damage|p1a: Dachsbun|0 fnt\n|faint|p1a: Dachsbun\n|\n|upkeep\n|\n|t:|1782851669\n|switch|p1a: Alcremie|Alcremie, L90, F|263/263\n|turn|5\n|\n|t:|1782851695\n|switch|p2a: Sudowoodo|Sudowoodo, L94, M|284/284\n|move|p1a: Alcremie|Calm Mind|p1a: Alcremie\n|-boost|p1a: Alcremie|spa|1\n|-boost|p1a: Alcremie|spd|1\n|\n|upkeep\n|turn|6\n|inactive|SaberSerenity has 120 seconds left.\n|\n|t:|1782851711\n|move|p1a: Alcremie|Alluring Voice|p2a: Sudowoodo\n|-damage|p2a: Sudowoodo|119/284\n|move|p2a: Sudowoodo|Head Smash|p1a: Alcremie|[miss]\n|-miss|p2a: Sudowoodo|p1a: Alcremie\n|\n|upkeep\n|turn|7\n|\n|t:|1782851714\n|move|p1a: Alcremie|Alluring Voice|p2a: Sudowoodo\n|-damage|p2a: Sudowoodo|0 fnt\n|faint|p2a: Sudowoodo\n|\n|upkeep\n|\n|t:|1782851723\n|switch|p2a: Luxray|Luxray, L88, M|284/284\n|-ability|p2a: Luxray|Intimidate|boost\n|-unboost|p1a: Alcremie|atk|1\n|turn|8\n|\n|t:|1782851725\n|move|p2a: Luxray|Wild Charge|p1a: Alcremie\n|-damage|p1a: Alcremie|143/263\n|-damage|p2a: Luxray|254/284|[from] Recoil\n|move|p1a: Alcremie|Alluring Voice|p2a: Luxray\n|-damage|p2a: Luxray|143/284\n|\n|-heal|p1a: Alcremie|159/263|[from] item: Leftovers\n|upkeep\n|turn|9\n|\n|t:|1782851744\n|move|p2a: Luxray|Wild Charge|p1a: Alcremie\n|-damage|p1a: Alcremie|20/263\n|-damage|p2a: Luxray|108/284|[from] Recoil\n|move|p1a: Alcremie|Recover|p1a: Alcremie\n|-heal|p1a: Alcremie|152/263\n|\n|-heal|p1a: Alcremie|168/263|[from] item: Leftovers\n|upkeep\n|turn|10\n|\n|t:|1782851747\n|move|p2a: Luxray|Wild Charge|p1a: Alcremie\n|-damage|p1a: Alcremie|38/263\n|-damage|p2a: Luxray|75/284|[from] Recoil\n|move|p1a: Alcremie|Recover|p1a: Alcremie\n|-heal|p1a: Alcremie|170/263\n|\n|-heal|p1a: Alcremie|186/263|[from] item: Leftovers\n|upkeep\n|turn|11\n|\n|t:|1782851758\n|move|p2a: Luxray|Wild Charge|p1a: Alcremie\n|-damage|p1a: Alcremie|47/263\n|-damage|p2a: Luxray|40/284|[from] Recoil\n|move|p1a: Alcremie|Recover|p1a: Alcremie\n|-heal|p1a: Alcremie|179/263\n|\n|-heal|p1a: Alcremie|195/263|[from] item: Leftovers\n|upkeep\n|turn|12\n|\n|t:|1782851762\n|move|p2a: Luxray|Wild Charge|p1a: Alcremie\n|-damage|p1a: Alcremie|75/263\n|-damage|p2a: Luxray|10/284|[from] Recoil\n|move|p1a: Alcremie|Recover|p1a: Alcremie\n|-heal|p1a: Alcremie|207/263\n|\n|-heal|p1a: Alcremie|223/263|[from] item: Leftovers\n|upkeep\n|turn|13\n|\n|t:|1782851782\n|move|p2a: Luxray|Wild Charge|p1a: Alcremie\n|-damage|p1a: Alcremie|91/263\n|-damage|p2a: Luxray|0 fnt|[from] Recoil\n|faint|p2a: Luxray\n|move|p1a: Alcremie|Recover|p1a: Alcremie\n|-heal|p1a: Alcremie|223/263\n|\n|-heal|p1a: Alcremie|239/263|[from] item: Leftovers\n|upkeep\n|\n|t:|1782851786\n|switch|p2a: Grumpig|Grumpig, L92, M|297/297\n|turn|14\n|\n|t:|1782851787\n|move|p2a: Grumpig|Nasty Plot|p2a: Grumpig\n|-boost|p2a: Grumpig|spa|2\n|move|p1a: Alcremie|Alluring Voice|p2a: Grumpig\n|-damage|p2a: Grumpig|177/297\n|-start|p2a: Grumpig|confusion\n|\n|-heal|p2a: Grumpig|195/297|[from] item: Leftovers\n|-heal|p1a: Alcremie|255/263|[from] item: Leftovers\n|upkeep\n|turn|15\n|\n|t:|1782851816\n|-activate|p2a: Grumpig|confusion\n|move|p2a: Grumpig|Shadow Ball|p1a: Alcremie\n|-damage|p1a: Alcremie|197/263\n|move|p1a: Alcremie|Alluring Voice|p2a: Grumpig\n|-crit|p2a: Grumpig\n|-damage|p2a: Grumpig|0 fnt\n|faint|p2a: Grumpig\n|\n|-heal|p1a: Alcremie|213/263|[from] item: Leftovers\n|upkeep\n|\n|t:|1782851820\n|switch|p2a: Dunsparce|Dunsparce, L86, F|312/312\n|turn|16\n|\n|t:|1782851822\n|move|p1a: Alcremie|Alluring Voice|p2a: Dunsparce\n|-damage|p2a: Dunsparce|176/312\n|move|p2a: Dunsparce|Body Slam|p1a: Alcremie\n|-damage|p1a: Alcremie|140/263\n|-status|p1a: Alcremie|par\n|\n|-heal|p1a: Alcremie|156/263 par|[from] item: Leftovers\n|upkeep\n|turn|17\n|\n|t:|1782851826\n|move|p2a: Dunsparce|Coil|p2a: Dunsparce\n|-boost|p2a: Dunsparce|atk|1\n|-boost|p2a: Dunsparce|def|1\n|-boost|p2a: Dunsparce|accuracy|1\n|move|p1a: Alcremie|Recover|p1a: Alcremie\n|-heal|p1a: Alcremie|263/263 par\n|\n|upkeep\n|turn|18\n|\n|t:|1782851828\n|move|p2a: Dunsparce|Coil|p2a: Dunsparce\n|-boost|p2a: Dunsparce|atk|1\n|-boost|p2a: Dunsparce|def|1\n|-boost|p2a: Dunsparce|accuracy|1\n|move|p1a: Alcremie|Alluring Voice|p2a: Dunsparce\n|-damage|p2a: Dunsparce|47/312\n|-start|p2a: Dunsparce|confusion\n|\n|upkeep\n|turn|19\n|\n|t:|1782851841\n|-activate|p2a: Dunsparce|confusion\n|move|p2a: Dunsparce|Roost|p2a: Dunsparce\n|-heal|p2a: Dunsparce|203/312\n|-singleturn|p2a: Dunsparce|move: Roost\n|cant|p1a: Alcremie|par\n|\n|upkeep\n|turn|20\n|\n|t:|1782851846\n|-end|p2a: Dunsparce|confusion\n|move|p2a: Dunsparce|Roost|p2a: Dunsparce\n|-heal|p2a: Dunsparce|312/312\n|-singleturn|p2a: Dunsparce|move: Roost\n|move|p1a: Alcremie|Alluring Voice|p2a: Dunsparce\n|-damage|p2a: Dunsparce|189/312\n|\n|upkeep\n|turn|21\n|\n|t:|1782851865\n|move|p2a: Dunsparce|Body Slam|p1a: Alcremie\n|-damage|p1a: Alcremie|98/263 par\n|move|p1a: Alcremie|Alluring Voice|p2a: Dunsparce\n|-damage|p2a: Dunsparce|60/312\n|\n|-heal|p1a: Alcremie|114/263 par|[from] item: Leftovers\n|upkeep\n|turn|22\n|\n|t:|1782851887\n|move|p2a: Dunsparce|Body Slam|p1a: Alcremie\n|-damage|p1a: Alcremie|0 fnt\n|faint|p1a: Alcremie\n|\n|upkeep\n|\n|t:|1782851887\n|switch|p1a: Munkidori|Munkidori, L79, M|269/269\n|turn|23\n|\n|t:|1782851897\n|move|p1a: Munkidori|Sludge Wave|p2a: Dunsparce\n|-damage|p2a: Dunsparce|0 fnt\n|faint|p2a: Dunsparce\n|-damage|p1a: Munkidori|243/269|[from] item: Life Orb\n|\n|upkeep\n|\n|t:|1782851903\n|switch|p2a: Porygon2|Porygon2, L81|166/270\n|-ability|p2a: Porygon2|Download|boost\n|-boost|p2a: Porygon2|atk|1\n|turn|24\n|\n|t:|1782851905\n|-terastallize|p1a: Munkidori|Poison\n|move|p1a: Munkidori|Focus Blast|p2a: Porygon2|[miss]\n|-miss|p1a: Munkidori|p2a: Porygon2\n|move|p2a: Porygon2|Thunder Wave|p1a: Munkidori\n|-status|p1a: Munkidori|par\n|\n|upkeep\n|turn|25\n|inactive|SaberSerenity has 120 seconds left.\n|\n|t:|1782851938\n|move|p2a: Porygon2|Tera Blast|p1a: Munkidori\n|-damage|p1a: Munkidori|155/269 par\n|move|p1a: Munkidori|Focus Blast|p2a: Porygon2\n|-supereffective|p2a: Porygon2\n|-damage|p2a: Porygon2|5/270\n|-damage|p1a: Munkidori|129/269 par|[from] item: Life Orb\n|\n|upkeep\n|turn|26\n|\n|t:|1782851940\n|move|p2a: Porygon2|Tera Blast|p1a: Munkidori\n|-damage|p1a: Munkidori|41/269 par\n|cant|p1a: Munkidori|par\n|\n|upkeep\n|turn|27\n|\n|t:|1782851950\n|move|p2a: Porygon2|Tera Blast|p1a: Munkidori\n|-damage|p1a: Munkidori|0 fnt\n|faint|p1a: Munkidori\n|\n|upkeep\n|\n|t:|1782851951\n|switch|p1a: Mismagius|Mismagius, L86, F|243/243\n|turn|28\n|\n|t:|1782851954\n|move|p1a: Mismagius|Nasty Plot|p1a: Mismagius\n|-boost|p1a: Mismagius|spa|2\n|move|p2a: Porygon2|Shadow Ball|p1a: Mismagius\n|-supereffective|p1a: Mismagius\n|-damage|p1a: Mismagius|149/243\n|\n|-heal|p1a: Mismagius|164/243|[from] item: Leftovers\n|upkeep\n|turn|29\n|\n|t:|1782851956\n|move|p1a: Mismagius|Thunderbolt|p2a: Porygon2\n|-damage|p2a: Porygon2|0 fnt\n|faint|p2a: Porygon2\n|\n|-heal|p1a: Mismagius|179/243|[from] item: Leftovers\n|upkeep\n|\n|t:|1782851958\n|switch|p2a: Zapdos|Zapdos, L78|268/268\n|turn|30\n|\n|t:|1782851961\n|move|p1a: Mismagius|Shadow Ball|p2a: Zapdos\n|-damage|p2a: Zapdos|67/268\n|move|p2a: Zapdos|Thunderbolt|p1a: Mismagius\n|-damage|p1a: Mismagius|92/243\n|-status|p1a: Mismagius|par\n|\n|-heal|p1a: Mismagius|107/243 par|[from] item: Leftovers\n|upkeep\n|turn|31\n|\n|t:|1782851964\n|move|p2a: Zapdos|Thunderbolt|p1a: Mismagius\n|-damage|p1a: Mismagius|22/243 par\n|move|p1a: Mismagius|Shadow Ball|p2a: Zapdos\n|-damage|p2a: Zapdos|0 fnt\n|faint|p2a: Zapdos\n|\n|win|testbotcif\n|raw|testbotcif's rating: 1322 &rarr; <strong>1345</strong><br />(+23 for winning)\n|raw|SaberSerenity's rating: 1372 &rarr; <strong>1349</strong><br />(-23 for losing)\n", "inputlog": ">version f8ac14003a5f27e1bdc8d8c59608a773c1cb96e5\n>start {\"formatid\":\"gen9randombattle\",\"seed\":\"sodium,7c2d363b3b52cde6aa082e260e1e3585\",\"rated\":\"Rated battle\"}\n>player p1 {\"name\":\"testbotcif\",\"avatar\":\"266\",\"rating\":1322,\"seed\":\"sodium,0dce9888e03a5e6c7d987e659fa9c59d\"}\n>player p2 {\"name\":\"SaberSerenity\",\"avatar\":\"skyla\",\"rating\":1351,\"seed\":\"sodium,b70db9d02d0e8ecadc158e4abd30d868\"}\n>chat \u2606testbotcif|rlhf\n>p1 move bodypress\n>p2 move thunderwave\n>p1 move bodypress\n>p2 move terablast\n>chat \u2606SaberSerenity|glhf\n>p1 move bodypress\n>p2 move terablast\n>p1 move bodypress\n>p2 move terablast\n>p1 switch 3\n>p1 move calmmind\n>p2 switch 4\n>p1 move alluringvoice\n>p2 move headsmash\n>p1 move alluringvoice\n>p2 move headsmash\n>p2 switch 5\n>p1 move alluringvoice\n>p2 move wildcharge\n>p1 move recover\n>p2 move wildcharge\n>p1 move recover\n>p2 move wildcharge\n>p1 move recover\n>p2 move wildcharge\n>p1 move recover\n>p2 move wildcharge\n>p1 move recover\n>p2 move wildcharge\n>p2 switch 3\n>p1 move alluringvoice\n>p2 move nastyplot\n>p1 move alluringvoice\n>p2 move shadowball\n>p2 switch 2\n>p1 move alluringvoice\n>p2 move bodyslam\n>p1 move recover\n>p2 move coil\n>p1 move alluringvoice\n>p2 move coil\n>p1 move alluringvoice\n>p2 move roost\n>p1 move alluringvoice\n>p2 move roost\n>p1 move alluringvoice\n>p2 move bodyslam\n>p1 move recover\n>p2 move bodyslam\n>p1 switch 4\n>p1 move sludgewave\n>p2 move earthquake\n>p2 switch 4\n>p1 move focusblast terastallize\n>p2 move thunderwave\n>p1 move focusblast\n>p2 move terablast\n>p1 move psyshock\n>p2 move terablast\n>p1 move psyshock\n>p2 move terablast\n>p1 switch 6\n>p1 move nastyplot\n>p2 move shadowball\n>p1 move thunderbolt\n>p2 move shadowball\n>p2 switch 6\n>p1 move shadowball\n>p2 move thunderbolt\n>p1 move shadowball\n>p2 move thunderbolt", "uploadtime": 1782851964, "views": 6, "formatid": "gen9randombattle", "rating": 1345, "private": 0, "password": null, "player_dets": [{"name": "testbotcif", "avatar": "266", "rating": 1322, "seed": "sodium,0dce9888e03a5e6c7d987e659fa9c59d"}, {"name": "SaberSerenity", "avatar": "skyla", "rating": 1351, "seed": "sodium,b70db9d02d0e8ecadc158e4abd30d868"}], "teams_full": [{"Dachsbun": {"name": "Dachsbun", "species": "Dachsbun", "speciesId": "dachsbun", "gender": "M", "shiny": false, "level": 92, "moves": ["bodypress", "wish", "playrough", "protect"], "ability": "Well-Baked Body", "evs": {"hp": 85, "atk": 85, "def": 85, "spa": 85, "spd": 85, "spe": 85}, "ivs": {"hp": 31, "atk": 31, "def": 31, "spa": 31, "spd": 31, "spe": 31}, "item": "Leftovers", "teraType": "Steel", "role": "Bulky Support", "bvs": {"hp": 57, "atk": 80, "def": 115, "spa": 50, "spd": 80, "spe": 95}, "stats": {"hp": 254, "atk": 200, "def": 264, "spa": 144, "spd": 200, "spe": 227}, "types": ["Fairy"]}, "Masquerain": {"name": "Masquerain", "species": "Masquerain", "speciesId": "masquerain", "gender": "F", "shiny": false, "level": 87, "moves": ["quiverdance", "bugbuzz", "hydropump", "hurricane"], "ability": "Intimidate", "evs": {"hp": 85, "atk": 0, "def": 85, "spa": 85, "spd": 85, "spe": 85}, "ivs": {"hp": 31, "atk": 0, "def": 31, "spa": 31, "spd": 31, "spe": 31}, "item": "Heavy-Duty Boots", "teraType": "Water", "role": "Setup Sweeper", "bvs": {"hp": 70, "atk": 60, "def": 62, "spa": 100, "spd": 82, "spe": 80}, "stats": {"hp": 264, "atk": 109, "def": 158, "spa": 224, "spd": 192, "spe": 189}, "types": ["Bug", "Flying"]}, "Alcremie": {"name": "Alcremie", "species": "Alcremie", "speciesId": "alcremie", "gender": "F", "shiny": false, "level": 90, "moves": ["alluringvoice", "recover", "terablast", "calmmind"], "ability": "Aroma Veil", "evs": {"hp": 85, "atk": 0, "def": 85, "spa": 85, "spd": 85, "spe": 85}, "ivs": {"hp": 31, "atk": 0, "def": 31, "spa": 31, "spd": 31, "spe": 31}, "item": "Leftovers", "teraType": "Ground", "role": "Tera Blast user", "bvs": {"hp": 65, "atk": 60, "def": 75, "spa": 110, "spd": 121, "spe": 64}, "stats": {"hp": 263, "atk": 113, "def": 186, "spa": 249, "spd": 269, "spe": 167}, "types": ["Fairy"]}, "Munkidori": {"name": "Munkidori", "species": "Munkidori", "speciesId": "munkidori", "gender": "M", "shiny": false, "level": 79, "moves": ["focusblast", "psyshock", "sludgewave", "nastyplot"], "ability": "Toxic Chain", "evs": {"hp": 85, "atk": 0, "def": 85, "spa": 85, "spd": 85, "spe": 85}, "ivs": {"hp": 31, "atk": 0, "def": 31, "spa": 31, "spd": 31, "spe": 31}, "item": "Life Orb", "teraType": "Poison", "role": "Fast Attacker", "bvs": {"hp": 88, "atk": 75, "def": 66, "spa": 130, "spd": 90, "spe": 106}, "stats": {"hp": 269, "atk": 123, "def": 150, "spa": 251, "spd": 188, "spe": 213}, "types": ["Poison", "Psychic"]}, "Thundurus": {"name": "Thundurus", "species": "Thundurus-Therian", "speciesId": "thundurustherian", "gender": "M", "shiny": false, "level": 80, "moves": ["psychic", "voltswitch", "focusblast", "thunderbolt"], "ability": "Volt Absorb", "evs": {"hp": 85, "atk": 0, "def": 85, "spa": 85, "spd": 85, "spe": 85}, "ivs": {"hp": 31, "atk": 0, "def": 31, "spa": 31, "spd": 31, "spe": 31}, "item": "Choice Specs", "teraType": "Electric", "role": "Fast Attacker", "bvs": {"hp": 79, "atk": 105, "def": 70, "spa": 145, "spd": 80, "spe": 101}, "stats": {"hp": 258, "atk": 173, "def": 158, "spa": 278, "spd": 174, "spe": 208}, "types": ["Electric", "Flying"]}, "Mismagius": {"name": "Mismagius", "species": "Mismagius", "speciesId": "mismagius", "gender": "F", "shiny": false, "level": 86, "moves": ["substitute", "shadowball", "thunderbolt", "nastyplot"], "ability": "Levitate", "evs": {"hp": 85, "atk": 0, "def": 85, "spa": 85, "spd": 85, "spe": 85}, "ivs": {"hp": 31, "atk": 0, "def": 31, "spa": 31, "spd": 31, "spe": 31}, "item": "Leftovers", "teraType": "Electric", "role": "Setup Sweeper", "bvs": {"hp": 60, "atk": 60, "def": 60, "spa": 105, "spd": 105, "spe": 105}, "stats": {"hp": 243, "atk": 108, "def": 152, "spa": 230, "spd": 230, "spe": 230}, "types": ["Ghost"]}}, {"Porygon2": {"name": "Porygon2", "species": "Porygon2", "speciesId": "porygon2", "gender": "N", "shiny": false, "level": 81, "moves": ["terablast", "shadowball", "recover", "thunderwave"], "ability": "Download", "evs": {"hp": 85, "atk": 85, "def": 85, "spa": 85, "spd": 85, "spe": 85}, "ivs": {"hp": 31, "atk": 31, "def": 31, "spa": 31, "spd": 31, "spe": 31}, "item": "Eviolite", "teraType": "Fighting", "role": "Tera Blast user", "bvs": {"hp": 85, "atk": 80, "def": 90, "spa": 105, "spd": 95, "spe": 60}, "stats": {"hp": 270, "atk": 176, "def": 192, "spa": 217, "spd": 201, "spe": 144}, "types": ["Normal"]}, "Dunsparce": {"name": "Dunsparce", "species": "Dunsparce", "speciesId": "dunsparce", "gender": "F", "shiny": false, "level": 86, "moves": ["bodyslam", "earthquake", "roost", "coil"], "ability": "Serene Grace", "evs": {"hp": 85, "atk": 85, "def": 85, "spa": 85, "spd": 85, "spe": 85}, "ivs": {"hp": 31, "atk": 31, "def": 31, "spa": 31, "spd": 31, "spe": 31}, "item": "Eviolite", "teraType": "Ghost", "role": "Bulky Setup", "bvs": {"hp": 100, "atk": 70, "def": 70, "spa": 65, "spd": 65, "spe": 45}, "stats": {"hp": 312, "atk": 170, "def": 170, "spa": 161, "spd": 161, "spe": 127}, "types": ["Normal"]}, "Grumpig": {"name": "Grumpig", "species": "Grumpig", "speciesId": "grumpig", "gender": "M", "shiny": false, "level": 92, "moves": ["focusblast", "nastyplot", "shadowball", "psyshock"], "ability": "Thick Fat", "evs": {"hp": 85, "atk": 0, "def": 85, "spa": 85, "spd": 85, "spe": 85}, "ivs": {"hp": 31, "atk": 0, "def": 31, "spa": 31, "spd": 31, "spe": 31}, "item": "Leftovers", "teraType": "Fighting", "role": "Bulky Setup", "bvs": {"hp": 80, "atk": 45, "def": 65, "spa": 90, "spd": 110, "spe": 80}, "stats": {"hp": 297, "atk": 87, "def": 172, "spa": 218, "spd": 255, "spe": 200}, "types": ["Psychic"]}, "Sudowoodo": {"name": "Sudowoodo", "species": "Sudowoodo", "speciesId": "sudowoodo", "gender": "M", "shiny": false, "level": 94, "moves": ["earthquake", "woodhammer", "headsmash", "suckerpunch"], "ability": "Rock Head", "evs": {"hp": 85, "atk": 85, "def": 85, "spa": 85, "spd": 85, "spe": 85}, "ivs": {"hp": 31, "atk": 31, "def": 31, "spa": 31, "spd": 31, "spe": 31}, "item": "Choice Band", "teraType": "Rock", "role": "Bulky Attacker", "bvs": {"hp": 70, "atk": 100, "def": 115, "spa": 30, "spd": 65, "spe": 30}, "stats": {"hp": 284, "atk": 241, "def": 270, "spa": 110, "spd": 176, "spe": 110}, "types": ["Rock"]}, "Luxray": {"name": "Luxray", "species": "Luxray", "speciesId": "luxray", "gender": "M", "shiny": false, "level": 88, "moves": ["voltswitch", "wildcharge", "throatchop", "playrough"], "ability": "Intimidate", "evs": {"hp": 85, "atk": 85, "def": 85, "spa": 85, "spd": 85, "spe": 85}, "ivs": {"hp": 31, "atk": 31, "def": 31, "spa": 31, "spd": 31, "spe": 31}, "item": "Assault Vest", "teraType": "Electric", "role": "AV Pivot", "bvs": {"hp": 80, "atk": 120, "def": 79, "spa": 95, "spd": 79, "spe": 70}, "stats": {"hp": 284, "atk": 261, "def": 189, "spa": 217, "spd": 189, "spe": 173}, "types": ["Electric"]}, "Zapdos": {"name": "Zapdos", "species": "Zapdos", "speciesId": "zapdos", "gender": "N", "shiny": false, "level": 78, "moves": ["roost", "uturn", "hurricane", "thunderbolt"], "ability": "Static", "evs": {"hp": 85, "atk": 85, "def": 85, "spa": 85, "spd": 85, "spe": 85}, "ivs": {"hp": 31, "atk": 31, "def": 31, "spa": 31, "spd": 31, "spe": 31}, "item": "Heavy-Duty Boots", "teraType": "Electric", "role": "Bulky Attacker", "bvs": {"hp": 90, "atk": 90, "def": 85, "spa": 125, "spd": 90, "spe": 100}, "stats": {"hp": 268, "atk": 185, "def": 178, "spa": 240, "spd": 185, "spe": 201}, "types": ["Electric", "Flying"]}}]}