{"id": "gen9randombattle-2642101319", "format": "[Gen 9] Random Battle", "players": ["jnpr010334", "Hose7Tango"], "log": "|j|\u2606jnpr010334\n|j|\u2606Hose7Tango\n|t:|1782890169\n|gametype|singles\n|player|p1|jnpr010334|265|1874\n|player|p2|Hose7Tango|hiker-gen4|2034\n|gen|9\n|tier|[Gen 9] Random Battle\n|rated|\n|rule|Species Clause: Limit one of each Pok\u00e9mon\n|rule|HP Percentage Mod: HP is shown in percentages\n|rule|Sleep Clause Mod: Limit one foe put to sleep\n|rule|Illusion Level Mod: Illusion disguises the Pok\u00e9mon's true level\n|\n|t:|1782890169\n|teamsize|p1|6\n|teamsize|p2|6\n|start\n|switch|p1a: Electrode|Electrode-Hisui, L87|246/246\n|switch|p2a: Ditto|Ditto, L87|225/225\n|-transform|p2a: Ditto|p1a: Electrode|[from] ability: Imposter\n|turn|1\n|inactive|Battle timer is ON: inactive players will automatically lose when time's up. (requested by jnpr010334)\n|inactive|Hose7Tango has 120 seconds left.\n|\n|t:|1782890233\n|switch|p1a: Palossand|Palossand, L89, M|296/296\n|move|p2a: Ditto|Volt Switch|p1a: Palossand\n|-immune|p1a: Palossand\n|\n|upkeep\n|turn|2\n|\n|t:|1782890247\n|switch|p2a: Tsareena|Tsareena, L87, F|267/267\n|move|p1a: Palossand|Stealth Rock|p2a: Tsareena\n|-sidestart|p2: Hose7Tango|move: Stealth Rock\n|\n|upkeep\n|turn|3\n|inactive|Hose7Tango has 120 seconds left.\n|\n|t:|1782890284\n|switch|p1a: Klefki|Klefki, L84, M|233/233\n|move|p2a: Tsareena|Knock Off|p1a: Klefki\n|-resisted|p1a: Klefki\n|-damage|p1a: Klefki|168/233\n|-enditem|p1a: Klefki|Leftovers|[from] move: Knock Off|[of] p2a: Tsareena\n|\n|upkeep\n|turn|4\n|inactive|Hose7Tango has 120 seconds left.\n|\n|t:|1782890296\n|switch|p2a: Pyroar|Pyroar, L88, F|295/295\n|-ability|p2a: Pyroar|Unnerve\n|move|p1a: Klefki|Thunder Wave|p2a: Pyroar\n|-status|p2a: Pyroar|par\n|\n|upkeep\n|turn|5\n|\n|t:|1782890298\n|switch|p1a: Vaporeon|Vaporeon, L86, M|364/364\n|move|p2a: Pyroar|Fire Blast|p1a: Vaporeon\n|-resisted|p1a: Vaporeon\n|-crit|p1a: Vaporeon\n|-damage|p1a: Vaporeon|271/364\n|\n|-heal|p1a: Vaporeon|293/364|[from] item: Leftovers\n|upkeep\n|turn|6\n|inactive|Hose7Tango has 120 seconds left.\n|\n|t:|1782890324\n|switch|p2a: Kingdra|Kingdra, L84, F|263/263\n|-damage|p2a: Kingdra|231/263|[from] Stealth Rock\n|move|p1a: Vaporeon|Scald|p2a: Kingdra\n|-resisted|p2a: Kingdra\n|-damage|p2a: Kingdra|210/263\n|\n|-heal|p1a: Vaporeon|315/364|[from] item: Leftovers\n|upkeep\n|turn|7\n|\n|t:|1782890329\n|switch|p1a: Klefki|Klefki, L84, M|168/233\n|move|p2a: Kingdra|Dragon Dance|p2a: Kingdra\n|-boost|p2a: Kingdra|atk|1\n|-boost|p2a: Kingdra|spe|1\n|\n|upkeep\n|turn|8\n|\n|t:|1782890335\n|move|p1a: Klefki|Thunder Wave|p2a: Kingdra\n|-status|p2a: Kingdra|par\n|-enditem|p2a: Kingdra|Lum Berry|[eat]\n|-curestatus|p2a: Kingdra|par|[msg]\n|move|p2a: Kingdra|Wave Crash|p1a: Klefki\n|-crit|p1a: Klefki\n|-damage|p1a: Klefki|0 fnt\n|faint|p1a: Klefki\n|-damage|p2a: Kingdra|155/263|[from] Recoil\n|\n|upkeep\n|\n|t:|1782890338\n|switch|p1a: Electrode|Electrode-Hisui, L87|246/246\n|turn|9\n|\n|t:|1782890343\n|move|p1a: Electrode|Leaf Storm|p2a: Kingdra\n|-damage|p2a: Kingdra|0 fnt\n|-unboost|p1a: Electrode|spa|2\n|faint|p2a: Kingdra\n|-damage|p1a: Electrode|222/246|[from] item: Life Orb\n|\n|upkeep\n|\n|t:|1782890355\n|switch|p2a: Kyurem|Kyurem-Black, L71|295/295\n|-damage|p2a: Kyurem|222/295|[from] Stealth Rock\n|-ability|p2a: Kyurem|Teravolt\n|turn|10\n|\n|t:|1782890360\n|switch|p1a: Fezandipiti|Fezandipiti, L82, M|278/278\n|move|p2a: Kyurem|Dragon Dance|p2a: Kyurem\n|-boost|p2a: Kyurem|atk|1\n|-boost|p2a: Kyurem|spe|1\n|\n|upkeep\n|turn|11\n|inactive|Hose7Tango has 120 seconds left.\n|\n|t:|1782890397\n|-terastallize|p1a: Fezandipiti|Dark\n|move|p2a: Kyurem|Icicle Spear|p1a: Fezandipiti\n|-damage|p1a: Fezandipiti|229/278\n|-damage|p1a: Fezandipiti|184/278\n|-crit|p1a: Fezandipiti\n|-damage|p1a: Fezandipiti|114/278\n|-crit|p1a: Fezandipiti\n|-damage|p1a: Fezandipiti|41/278\n|-hitcount|p1a: Fezandipiti|4\n|move|p1a: Fezandipiti|Moonblast|p2a: Kyurem\n|-supereffective|p2a: Kyurem\n|-damage|p2a: Kyurem|60/295\n|\n|-heal|p1a: Fezandipiti|58/278|[from] item: Leftovers\n|upkeep\n|turn|12\n|inactive|Hose7Tango has 120 seconds left.\n|\n|t:|1782890406\n|move|p2a: Kyurem|Icicle Spear|p1a: Fezandipiti\n|-damage|p1a: Fezandipiti|12/278\n|-damage|p1a: Fezandipiti|0 fnt\n|faint|p1a: Fezandipiti\n|-hitcount|p1: Fezandipiti|2\n|\n|upkeep\n|\n|t:|1782890410\n|switch|p1a: Electrode|Electrode-Hisui, L87|222/246\n|turn|13\n|\n|t:|1782890415\n|move|p1a: Electrode|Leaf Storm|p2a: Kyurem\n|-resisted|p2a: Kyurem\n|-damage|p2a: Kyurem|0 fnt\n|-unboost|p1a: Electrode|spa|2\n|faint|p2a: Kyurem\n|-damage|p1a: Electrode|198/246|[from] item: Life Orb\n|\n|upkeep\n|\n|t:|1782890421\n|switch|p2a: Tsareena|Tsareena, L87, F|267/267\n|-damage|p2a: Tsareena|234/267|[from] Stealth Rock\n|turn|14\n|\n|t:|1782890424\n|move|p1a: Electrode|Volt Switch|p2a: Tsareena\n|-resisted|p2a: Tsareena\n|-damage|p2a: Tsareena|215/267\n|-damage|p1a: Electrode|174/246|[from] item: Life Orb\n|\n|t:|1782890427\n|switch|p1a: Honchkrow|Honchkrow, L86, F|312/312|[from] Volt Switch\n|move|p2a: Tsareena|Power Whip|p1a: Honchkrow\n|-resisted|p1a: Honchkrow\n|-damage|p1a: Honchkrow|153/312\n|\n|upkeep\n|turn|15\n|\n|t:|1782890452\n|move|p2a: Tsareena|Power Whip|p1a: Honchkrow\n|-resisted|p1a: Honchkrow\n|-damage|p1a: Honchkrow|0 fnt\n|faint|p1a: Honchkrow\n|\n|upkeep\n|\n|t:|1782890453\n|switch|p1a: Electrode|Electrode-Hisui, L87|174/246\n|turn|16\n|\n|t:|1782890458\n|move|p1a: Electrode|Volt Switch|p2a: Tsareena\n|-resisted|p2a: Tsareena\n|-damage|p2a: Tsareena|179/267\n|-damage|p1a: Electrode|150/246|[from] item: Life Orb\n|\n|t:|1782890464\n|switch|p1a: Palossand|Palossand, L89, M|296/296|[from] Volt Switch\n|move|p2a: Tsareena|Power Whip|p1a: Palossand|[miss]\n|-miss|p2a: Tsareena|p1a: Palossand\n|\n|upkeep\n|turn|17\n|\n|t:|1782890470\n|move|p2a: Tsareena|Power Whip|p1a: Palossand\n|-supereffective|p1a: Palossand\n|-damage|p1a: Palossand|0 fnt\n|faint|p1a: Palossand\n|\n|upkeep\n|\n|t:|1782890472\n|switch|p1a: Electrode|Electrode-Hisui, L87|150/246\n|turn|18\n|\n|t:|1782890475\n|move|p1a: Electrode|Leaf Storm|p2a: Tsareena\n|-resisted|p2a: Tsareena\n|-crit|p2a: Tsareena\n|-damage|p2a: Tsareena|67/267\n|-unboost|p1a: Electrode|spa|2\n|-damage|p1a: Electrode|126/246|[from] item: Life Orb\n|move|p2a: Tsareena|Power Whip|p1a: Electrode\n|-resisted|p1a: Electrode\n|-damage|p1a: Electrode|0 fnt\n|faint|p1a: Electrode\n|\n|upkeep\n|\n|t:|1782890478\n|switch|p1a: Vaporeon|Vaporeon, L86, M|315/364\n|turn|19\n|\n|t:|1782890481\n|move|p2a: Tsareena|Power Whip|p1a: Vaporeon\n|-supereffective|p1a: Vaporeon\n|-damage|p1a: Vaporeon|0 fnt\n|faint|p1a: Vaporeon\n|\n|win|Hose7Tango\n|raw|jnpr010334's rating: 1861 &rarr; <strong>1850</strong><br />(-11 for losing)\n|raw|Hose7Tango's rating: 2034 &rarr; <strong>2045</strong><br />(+11 for winning)\n", "inputlog": ">version f8ac14003a5f27e1bdc8d8c59608a773c1cb96e5\n>start {\"formatid\":\"gen9randombattle\",\"seed\":\"sodium,4e8b66f1f28a04c7aeb58976c5a91acc\",\"rated\":\"Rated battle\"}\n>player p1 {\"name\":\"jnpr010334\",\"avatar\":\"265\",\"rating\":1874,\"seed\":\"sodium,fa7c2a03cb2d22de46d28ab224a0eec5\"}\n>player p2 {\"name\":\"Hose7Tango\",\"avatar\":\"hiker-gen4\",\"rating\":2034,\"seed\":\"sodium,ccbd3c77ca21e841f06f053771aa4ca3\"}\n>p1 switch 4\n>p2 move voltswitch\n>p1 move stealthrock\n>p2 switch 2\n>p1 switch 6\n>p2 move knockoff\n>p1 move thunderwave\n>p2 switch 5\n>p1 switch 5\n>p2 move fireblast\n>p1 move scald\n>p2 switch 4\n>p1 switch 5\n>p2 move dragondance\n>p1 move thunderwave\n>p2 move wavecrash\n>p1 switch 4\n>p1 move leafstorm\n>p2 move dragondance\n>p2 switch 6\n>p1 switch 2\n>p2 move dragondance\n>p1 move moonblast terastallize\n>p2 move iciclespear\n>p1 move moonblast\n>p2 move iciclespear\n>p1 switch 2\n>p1 move leafstorm\n>p2 move iciclespear\n>p2 switch 5\n>p1 move voltswitch\n>p2 move powerwhip\n>p1 switch 3\n>p1 move uturn\n>p2 move powerwhip\n>p1 switch 3\n>p1 move voltswitch\n>p2 move powerwhip\n>p1 switch 6\n>p1 move shadowball\n>p2 move powerwhip\n>p1 switch 6\n>p1 move leafstorm\n>p2 move powerwhip\n>p1 switch 5\n>p1 move icebeam\n>p2 move powerwhip", "uploadtime": 1782890483, "views": 2, "formatid": "gen9randombattle", "rating": 1850, "private": 0, "password": null, "player_dets": [{"name": "jnpr010334", "avatar": "265", "rating": 1874, "seed": "sodium,fa7c2a03cb2d22de46d28ab224a0eec5"}, {"name": "Hose7Tango", "avatar": "hiker-gen4", "rating": 2034, "seed": "sodium,ccbd3c77ca21e841f06f053771aa4ca3"}], "teams_full": [{"Electrode": {"name": "Electrode", "species": "Electrode-Hisui", "speciesId": "electrodehisui", "gender": "N", "shiny": false, "level": 87, "moves": ["thunderbolt", "leafstorm", "voltswitch", "taunt"], "ability": "Static", "evs": {"hp": 85, "atk": 0, "def": 85, "spa": 85, "spd": 85, "spe": 85}, "ivs": {"hp": 31, "atk": 0, "def": 31, "spa": 31, "spd": 31, "spe": 31}, "item": "Life Orb", "teraType": "Electric", "role": "Fast Attacker", "bvs": {"hp": 60, "atk": 50, "def": 70, "spa": 80, "spd": 80, "spe": 150}, "stats": {"hp": 246, "atk": 92, "def": 172, "spa": 189, "spd": 189, "spe": 311}, "types": ["Electric", "Grass"]}, "Fezandipiti": {"name": "Fezandipiti", "species": "Fezandipiti", "speciesId": "fezandipiti", "gender": "M", "shiny": false, "level": 82, "moves": ["gunkshot", "roost", "moonblast", "beatup"], "ability": "Toxic Chain", "evs": {"hp": 85, "atk": 85, "def": 85, "spa": 85, "spd": 85, "spe": 85}, "ivs": {"hp": 31, "atk": 31, "def": 31, "spa": 31, "spd": 31, "spe": 31}, "item": "Leftovers", "teraType": "Dark", "role": "Bulky Attacker", "bvs": {"hp": 88, "atk": 91, "def": 82, "spa": 70, "spd": 125, "spe": 99}, "stats": {"hp": 278, "atk": 196, "def": 182, "spa": 162, "spd": 252, "spe": 210}, "types": ["Poison", "Fairy"]}, "Honchkrow": {"name": "Honchkrow", "species": "Honchkrow", "speciesId": "honchkrow", "gender": "F", "shiny": false, "level": 86, "moves": ["bravebird", "suckerpunch", "uturn", "heatwave"], "ability": "Moxie", "evs": {"hp": 85, "atk": 85, "def": 85, "spa": 85, "spd": 85, "spe": 85}, "ivs": {"hp": 31, "atk": 31, "def": 31, "spa": 31, "spd": 31, "spe": 31}, "item": "Heavy-Duty Boots", "teraType": "Flying", "role": "Fast Attacker", "bvs": {"hp": 100, "atk": 125, "def": 52, "spa": 105, "spd": 52, "spe": 71}, "stats": {"hp": 312, "atk": 264, "def": 139, "spa": 230, "spd": 139, "spe": 171}, "types": ["Dark", "Flying"]}, "Palossand": {"name": "Palossand", "species": "Palossand", "speciesId": "palossand", "gender": "M", "shiny": false, "level": 89, "moves": ["stealthrock", "shoreup", "shadowball", "earthpower"], "ability": "Water Compaction", "evs": {"hp": 85, "atk": 0, "def": 85, "spa": 85, "spd": 85, "spe": 85}, "ivs": {"hp": 31, "atk": 0, "def": 31, "spa": 31, "spd": 31, "spe": 31}, "item": "Leftovers", "teraType": "Poison", "role": "Bulky Support", "bvs": {"hp": 85, "atk": 75, "def": 110, "spa": 100, "spd": 75, "spe": 35}, "stats": {"hp": 296, "atk": 138, "def": 247, "spa": 229, "spd": 184, "spe": 113}, "types": ["Ghost", "Ground"]}, "Vaporeon": {"name": "Vaporeon", "species": "Vaporeon", "speciesId": "vaporeon", "gender": "M", "shiny": false, "level": 86, "moves": ["scald", "icebeam", "wish", "protect"], "ability": "Water Absorb", "evs": {"hp": 85, "atk": 0, "def": 85, "spa": 85, "spd": 85, "spe": 85}, "ivs": {"hp": 31, "atk": 0, "def": 31, "spa": 31, "spd": 31, "spe": 31}, "item": "Leftovers", "teraType": "Ghost", "role": "Bulky Support", "bvs": {"hp": 130, "atk": 65, "def": 60, "spa": 110, "spd": 95, "spe": 65}, "stats": {"hp": 364, "atk": 116, "def": 152, "spa": 238, "spd": 213, "spe": 161}, "types": ["Water"]}, "Klefki": {"name": "Klefki", "species": "Klefki", "speciesId": "klefki", "gender": "M", "shiny": false, "level": 84, "moves": ["thunderwave", "spikes", "playrough", "magnetrise"], "ability": "Prankster", "evs": {"hp": 85, "atk": 85, "def": 85, "spa": 85, "spd": 85, "spe": 85}, "ivs": {"hp": 31, "atk": 31, "def": 31, "spa": 31, "spd": 31, "spe": 31}, "item": "Leftovers", "teraType": "Water", "role": "Bulky Support", "bvs": {"hp": 57, "atk": 80, "def": 91, "spa": 80, "spd": 87, "spe": 75}, "stats": {"hp": 233, "atk": 183, "def": 201, "spa": 183, "spd": 194, "spe": 174}, "types": ["Steel", "Fairy"]}}, {"Ditto": {"name": "Ditto", "species": "Ditto", "speciesId": "ditto", "gender": "N", "shiny": false, "level": 87, "moves": ["transform"], "ability": "Imposter", "evs": {"hp": 85, "atk": 85, "def": 85, "spa": 85, "spd": 85, "spe": 85}, "ivs": {"hp": 31, "atk": 31, "def": 31, "spa": 31, "spd": 31, "spe": 31}, "item": "Choice Scarf", "teraType": "Ghost", "role": "Fast Support", "bvs": {"hp": 48, "atk": 48, "def": 48, "spa": 48, "spd": 48, "spe": 48}, "stats": {"hp": 225, "atk": 133, "def": 133, "spa": 133, "spd": 133, "spe": 133}, "types": ["Normal"]}, "Tsareena": {"name": "Tsareena", "species": "Tsareena", "speciesId": "tsareena", "gender": "F", "shiny": false, "level": 87, "moves": ["highjumpkick", "knockoff", "tripleaxel", "powerwhip"], "ability": "Queenly Majesty", "evs": {"hp": 85, "atk": 85, "def": 85, "spa": 85, "spd": 85, "spe": 85}, "ivs": {"hp": 31, "atk": 31, "def": 31, "spa": 31, "spd": 31, "spe": 31}, "item": "Choice Band", "teraType": "Fighting", "role": "Fast Support", "bvs": {"hp": 72, "atk": 120, "def": 98, "spa": 50, "spd": 98, "spe": 72}, "stats": {"hp": 267, "atk": 259, "def": 220, "spa": 137, "spd": 220, "spe": 175}, "types": ["Grass"]}, "Iron Boulder": {"name": "Iron Boulder", "species": "Iron Boulder", "speciesId": "ironboulder", "gender": "N", "shiny": false, "level": 77, "moves": ["swordsdance", "closecombat", "mightycleave", "zenheadbutt"], "ability": "Quark Drive", "evs": {"hp": 85, "atk": 85, "def": 85, "spa": 85, "spd": 85, "spe": 85}, "ivs": {"hp": 31, "atk": 31, "def": 31, "spa": 31, "spd": 31, "spe": 31}, "item": "Booster Energy", "teraType": "Fighting", "role": "Fast Bulky Setup", "bvs": {"hp": 90, "atk": 120, "def": 80, "spa": 68, "spd": 108, "spe": 124}, "stats": {"hp": 265, "atk": 229, "def": 168, "spa": 149, "spd": 211, "spe": 236}, "types": ["Rock", "Psychic"]}, "Kingdra": {"name": "Kingdra", "species": "Kingdra", "speciesId": "kingdra", "gender": "F", "shiny": false, "level": 84, "moves": ["waterfall", "wavecrash", "outrage", "dragondance"], "ability": "Sniper", "evs": {"hp": 85, "atk": 85, "def": 85, "spa": 85, "spd": 85, "spe": 85}, "ivs": {"hp": 31, "atk": 31, "def": 31, "spa": 31, "spd": 31, "spe": 31}, "item": "Lum Berry", "teraType": "Water", "role": "Setup Sweeper", "bvs": {"hp": 75, "atk": 95, "def": 95, "spa": 95, "spd": 95, "spe": 85}, "stats": {"hp": 263, "atk": 208, "def": 208, "spa": 208, "spd": 208, "spe": 191}, "types": ["Water", "Dragon"]}, "Pyroar": {"name": "Pyroar", "species": "Pyroar", "speciesId": "pyroar", "gender": "F", "shiny": false, "level": 88, "moves": ["fireblast", "workup", "hypervoice", "taunt"], "ability": "Unnerve", "evs": {"hp": 85, "atk": 0, "def": 85, "spa": 85, "spd": 85, "spe": 85}, "ivs": {"hp": 31, "atk": 0, "def": 31, "spa": 31, "spd": 31, "spe": 31}, "item": "Heavy-Duty Boots", "teraType": "Fire", "role": "Fast Attacker", "bvs": {"hp": 86, "atk": 68, "def": 72, "spa": 109, "spd": 66, "spe": 106}, "stats": {"hp": 295, "atk": 124, "def": 177, "spa": 242, "spd": 166, "spe": 237}, "types": ["Fire", "Normal"]}, "Kyurem": {"name": "Kyurem", "species": "Kyurem-Black", "speciesId": "kyuremblack", "gender": "N", "shiny": false, "level": 71, "moves": ["iciclespear", "fusionbolt", "dragondance", "scaleshot"], "ability": "Teravolt", "evs": {"hp": 85, "atk": 85, "def": 85, "spa": 85, "spd": 85, "spe": 85}, "ivs": {"hp": 31, "atk": 31, "def": 31, "spa": 31, "spd": 31, "spe": 31}, "item": "Loaded Dice", "teraType": "Electric", "role": "Setup Sweeper", "bvs": {"hp": 125, "atk": 170, "def": 100, "spa": 120, "spd": 90, "spe": 95}, "stats": {"hp": 295, "atk": 283, "def": 183, "spa": 212, "spd": 169, "spe": 176}, "types": ["Dragon", "Ice"]}}]}