{"id": "gen9randombattle-2642017560", "format": "[Gen 9] Random Battle", "players": ["Foxalot14", "mikh32"], "log": "|j|\u2606Foxalot14\n|j|\u2606mikh32\n|t:|1782873968\n|gametype|singles\n|player|p1|Foxalot14|169|1207\n|player|p2|mikh32|hilbert|1216\n|gen|9\n|tier|[Gen 9] Random Battle\n|rated|\n|rule|Species Clause: Limit one of each Pok\u00e9mon\n|rule|HP Percentage Mod: HP is shown in percentages\n|rule|Sleep Clause Mod: Limit one foe put to sleep\n|rule|Illusion Level Mod: Illusion disguises the Pok\u00e9mon's true level\n|\n|t:|1782873968\n|teamsize|p1|6\n|teamsize|p2|6\n|start\n|switch|p1a: Pikachu|Pikachu-World, L93, F|216/216\n|switch|p2a: Swalot|Swalot, L90, F|326/326\n|turn|1\n|inactive|Battle timer is ON: inactive players will automatically lose when time's up. (requested by mikh32)\n|\n|t:|1782873995\n|move|p1a: Pikachu|Volt Tackle|p2a: Swalot\n|-damage|p2a: Swalot|128/326\n|-damage|p1a: Pikachu|151/216|[from] Recoil\n|move|p2a: Swalot|Knock Off|p1a: Pikachu\n|-damage|p1a: Pikachu|56/216\n|-enditem|p1a: Pikachu|Light Ball|[from] move: Knock Off|[of] p2a: Swalot\n|\n|-heal|p2a: Swalot|148/326|[from] item: Leftovers\n|upkeep\n|turn|2\n|\n|t:|1782874005\n|move|p1a: Pikachu|Volt Tackle|p2a: Swalot\n|-damage|p2a: Swalot|42/326\n|-damage|p1a: Pikachu|21/216|[from] Recoil\n|move|p2a: Swalot|Earthquake|p1a: Pikachu\n|-supereffective|p1a: Pikachu\n|-damage|p1a: Pikachu|0 fnt\n|faint|p1a: Pikachu\n|\n|-heal|p2a: Swalot|62/326|[from] item: Leftovers\n|upkeep\n|inactive|Foxalot14 has 120 seconds left.\n|\n|t:|1782874040\n|switch|p1a: Cresselia|Cresselia, L80, F|323/323\n|turn|3\n|\n|t:|1782874044\n|move|p1a: Cresselia|Psyshock|p2a: Swalot\n|-supereffective|p2a: Swalot\n|-damage|p2a: Swalot|0 fnt\n|faint|p2a: Swalot\n|\n|upkeep\n|\n|t:|1782874050\n|switch|p2a: Iron Moth|Iron Moth, L78|253/253\n|turn|4\n|\n|t:|1782874063\n|-terastallize|p2a: Iron Moth|Grass\n|move|p2a: Iron Moth|Fiery Dance|p1a: Cresselia\n|-crit|p1a: Cresselia\n|-damage|p1a: Cresselia|146/323\n|-boost|p2a: Iron Moth|spa|1\n|move|p1a: Cresselia|Calm Mind|p1a: Cresselia\n|-boost|p1a: Cresselia|spa|1\n|-boost|p1a: Cresselia|spd|1\n|\n|-heal|p1a: Cresselia|166/323|[from] item: Leftovers\n|upkeep\n|turn|5\n|inactive|Foxalot14 has 120 seconds left.\n|\n|t:|1782874101\n|switch|p1a: Avalugg|Avalugg, L88, F|310/310\n|move|p2a: Iron Moth|Fiery Dance|p1a: Avalugg\n|-supereffective|p1a: Avalugg\n|-ability|p1a: Avalugg|Sturdy\n|-damage|p1a: Avalugg|1/310\n|\n|upkeep\n|turn|6\n|\n|t:|1782874114\n|switch|p1a: Volcanion|Volcanion, L79|255/255\n|move|p2a: Iron Moth|Fiery Dance|p1a: Volcanion\n|-resisted|p1a: Volcanion\n|-damage|p1a: Volcanion|215/255\n|-boost|p2a: Iron Moth|spa|1\n|\n|upkeep\n|turn|7\n|inactive|Foxalot14 has 90 seconds left.\n|\n|t:|1782874141\n|-end|p2a: Iron Moth|Quark Drive|[silent]\n|switch|p2a: Arceus|Arceus-Fairy, L69|280/280\n|-terastallize|p1a: Volcanion|Fire\n|move|p1a: Volcanion|Flamethrower|p2a: Arceus\n|-damage|p2a: Arceus|146/280\n|-status|p2a: Arceus|brn\n|\n|-damage|p2a: Arceus|129/280 brn|[from] brn\n|upkeep\n|turn|8\n|inactive|Foxalot14 has 90 seconds left.\n|\n|t:|1782874152\n|move|p2a: Arceus|Earth Power|p1a: Volcanion\n|-supereffective|p1a: Volcanion\n|-damage|p1a: Volcanion|145/255\n|move|p1a: Volcanion|Flamethrower|p2a: Arceus\n|-damage|p2a: Arceus|0 fnt\n|faint|p2a: Arceus\n|\n|upkeep\n|\n|t:|1782874159\n|switch|p2a: Illumise|Illumise, L91, F|266/266\n|turn|9\n|\n|t:|1782874166\n|move|p2a: Illumise|Thunder Wave|p1a: Volcanion\n|-status|p1a: Volcanion|par\n|move|p1a: Volcanion|Flamethrower|p2a: Illumise\n|-supereffective|p2a: Illumise\n|-damage|p2a: Illumise|0 fnt\n|faint|p2a: Illumise\n|\n|upkeep\n|\n|t:|1782874171\n|switch|p2a: Koraidon|Koraidon, L64|235/235\n|-weather|SunnyDay|[from] ability: Orichalcum Pulse|[of] p2a: Koraidon\n|-activate|p2a: Koraidon|Orichalcum Pulse|[source]\n|turn|10\n|\n|t:|1782874185\n|switch|p1a: Avalugg|Avalugg, L88, F|1/310\n|move|p2a: Koraidon|Outrage|p1a: Avalugg\n|-damage|p1a: Avalugg|0 fnt\n|faint|p1a: Avalugg\n|\n|-weather|SunnyDay|[upkeep]\n|upkeep\n|inactive|Foxalot14 has 90 seconds left.\n|\n|t:|1782874208\n|switch|p1a: Mienshao|Mienshao, L83, M|243/243\n|turn|11\n|inactive|Foxalot14 has 90 seconds left.\n|\n|t:|1782874225\n|move|p1a: Mienshao|High Jump Kick|p2a: Koraidon\n|-damage|p2a: Koraidon|0 fnt\n|faint|p2a: Koraidon\n|\n|-weather|SunnyDay|[upkeep]\n|upkeep\n|\n|t:|1782874230\n|switch|p2a: Serperior|Serperior, L79, F|248/248\n|turn|12\n|\n|t:|1782874238\n|move|p2a: Serperior|Glare|p1a: Mienshao\n|-status|p1a: Mienshao|par\n|cant|p1a: Mienshao|par\n|\n|-weather|SunnyDay|[upkeep]\n|upkeep\n|turn|13\n|\n|t:|1782874247\n|move|p2a: Serperior|Leaf Storm|p1a: Mienshao\n|-damage|p1a: Mienshao|66/243 par\n|-boost|p2a: Serperior|spa|2\n|-damage|p2a: Serperior|224/248|[from] item: Life Orb\n|move|p1a: Mienshao|High Jump Kick|p2a: Serperior|[miss]\n|-miss|p1a: Mienshao|p2a: Serperior\n|-damage|p1a: Mienshao|0 fnt|[from] highjumpkick\n|faint|p1a: Mienshao\n|\n|-weather|SunnyDay|[upkeep]\n|upkeep\n|\n|t:|1782874259\n|switch|p1a: Volcanion|Volcanion, L79, tera:Fire|145/255 par\n|turn|14\n|\n|t:|1782874263\n|move|p2a: Serperior|Leaf Storm|p1a: Volcanion|[miss]\n|-miss|p2a: Serperior|p1a: Volcanion\n|cant|p1a: Volcanion|par\n|\n|-weather|none\n|upkeep\n|turn|15\n|\n|t:|1782874271\n|move|p2a: Serperior|Leaf Storm|p1a: Volcanion\n|-resisted|p1a: Volcanion\n|-damage|p1a: Volcanion|59/255 par\n|-boost|p2a: Serperior|spa|2\n|-damage|p2a: Serperior|200/248|[from] item: Life Orb\n|cant|p1a: Volcanion|par\n|\n|upkeep\n|turn|16\n|\n|t:|1782874279\n|move|p2a: Serperior|Dragon Pulse|p1a: Volcanion\n|-damage|p1a: Volcanion|0 fnt\n|faint|p1a: Volcanion\n|-damage|p2a: Serperior|176/248|[from] item: Life Orb\n|\n|upkeep\n|\n|t:|1782874292\n|switch|p1a: Zebstrika|Zebstrika, L87, F|272/272\n|turn|17\n|\n|t:|1782874294\n|switch|p1a: Cresselia|Cresselia, L80, F|166/323\n|move|p2a: Serperior|Dragon Pulse|p1a: Cresselia\n|-damage|p1a: Cresselia|26/323\n|-damage|p2a: Serperior|152/248|[from] item: Life Orb\n|\n|-heal|p1a: Cresselia|46/323|[from] item: Leftovers\n|upkeep\n|turn|18\n|\n|t:|1782874303\n|move|p2a: Serperior|Dragon Pulse|p1a: Cresselia\n|-crit|p1a: Cresselia\n|-damage|p1a: Cresselia|0 fnt\n|faint|p1a: Cresselia\n|-damage|p2a: Serperior|128/248|[from] item: Life Orb\n|\n|upkeep\n|\n|t:|1782874310\n|switch|p1a: Zebstrika|Zebstrika, L87, F|272/272\n|turn|19\n|\n|t:|1782874313\n|move|p1a: Zebstrika|Overheat|p2a: Serperior\n|-supereffective|p2a: Serperior\n|-damage|p2a: Serperior|0 fnt\n|-unboost|p1a: Zebstrika|spa|2\n|faint|p2a: Serperior\n|-damage|p1a: Zebstrika|245/272|[from] item: Life Orb\n|\n|upkeep\n|\n|t:|1782874315\n|switch|p2a: Iron Moth|Iron Moth, L78, tera:Grass|253/253\n|turn|20\n|\n|t:|1782874323\n|move|p1a: Zebstrika|Overheat|p2a: Iron Moth\n|-supereffective|p2a: Iron Moth\n|-damage|p2a: Iron Moth|149/253\n|-unboost|p1a: Zebstrika|spa|2\n|-damage|p1a: Zebstrika|218/272|[from] item: Life Orb\n|move|p2a: Iron Moth|Sludge Wave|p1a: Zebstrika\n|-damage|p1a: Zebstrika|0 fnt\n|faint|p1a: Zebstrika\n|\n|win|mikh32\n|raw|Foxalot14's rating: 1207 &rarr; <strong>1183</strong><br />(-24 for losing)\n|raw|mikh32's rating: 1216 &rarr; <strong>1240</strong><br />(+24 for winning)\n|c|\u2606mikh32|gg\n|l|\u2606Foxalot14\n|player|p1|\n", "inputlog": ">version f8ac14003a5f27e1bdc8d8c59608a773c1cb96e5\n>start {\"formatid\":\"gen9randombattle\",\"seed\":\"sodium,c2a51bfd75afebed178281bd8be82933\",\"rated\":\"Rated battle\"}\n>player p1 {\"name\":\"Foxalot14\",\"avatar\":\"169\",\"rating\":1207,\"seed\":\"sodium,66c0e97b009ef6f5132518d84e36d085\"}\n>player p2 {\"name\":\"mikh32\",\"avatar\":\"hilbert\",\"rating\":1216,\"seed\":\"sodium,bee4e0ffc9d10a7d2ba66eb9cf9980c6\"}\n>p1 move volttackle\n>p2 move knockoff\n>p1 move volttackle\n>p2 move earthquake\n>p1 switch 6\n>p1 move psyshock\n>p2 move knockoff\n>p2 switch 3\n>p1 move calmmind\n>p2 move fierydance terastallize\n>p1 switch 5\n>p2 move fierydance\n>p1 switch 2\n>p2 move fierydance\n>p1 move flamethrower terastallize\n>p2 switch 4\n>p1 move flamethrower\n>p2 move earthpower\n>p2 switch 6\n>p1 move flamethrower\n>p2 move thunderwave\n>p2 switch 2\n>p1 switch 2\n>p2 move outrage\n>p1 switch 4\n>p1 move highjumpkick\n>p2 move outrage\n>p2 switch 5\n>p1 move highjumpkick\n>p2 move glare\n>p1 move highjumpkick\n>p2 move leafstorm\n>p1 switch 2\n>p1 move flamethrower\n>p2 move leafstorm\n>p1 move flamethrower\n>p2 move leafstorm\n>p1 move flamethrower\n>p2 move dragonpulse\n>p1 switch 3\n>p1 switch 5\n>p2 move dragonpulse\n>p1 move moonlight\n>p2 move dragonpulse\n>p1 switch 5\n>p1 move overheat\n>p2 move dragonpulse\n>p2 switch 4\n>p1 move overheat\n>p2 move sludgewave", "uploadtime": 1782874333, "views": 3, "formatid": "gen9randombattle", "rating": 1183, "private": 0, "password": null, "player_dets": [{"name": "Foxalot14", "avatar": "169", "rating": 1207, "seed": "sodium,66c0e97b009ef6f5132518d84e36d085"}, {"name": "mikh32", "avatar": "hilbert", "rating": 1216, "seed": "sodium,bee4e0ffc9d10a7d2ba66eb9cf9980c6"}], "teams_full": [{"Pikachu": {"name": "Pikachu", "species": "Pikachu-World", "speciesId": "pikachu", "gender": "F", "shiny": false, "level": 93, "moves": ["knockoff", "playrough", "volttackle", "surf"], "ability": "Lightning Rod", "evs": {"hp": 85, "atk": 85, "def": 85, "spa": 85, "spd": 85, "spe": 85}, "ivs": {"hp": 31, "atk": 31, "def": 31, "spa": 31, "spd": 31, "spe": 31}, "item": "Light Ball", "teraType": "Water", "role": "Fast Attacker", "bvs": {"hp": 35, "atk": 55, "def": 40, "spa": 50, "spd": 50, "spe": 90}, "stats": {"hp": 216, "atk": 155, "def": 127, "spa": 146, "spd": 146, "spe": 220}, "types": ["Electric"]}, "Volcanion": {"name": "Volcanion", "species": "Volcanion", "speciesId": "volcanion", "gender": "N", "shiny": false, "level": 79, "moves": ["earthpower", "flamethrower", "steameruption", "flamecharge"], "ability": "Water Absorb", "evs": {"hp": 81, "atk": 85, "def": 85, "spa": 85, "spd": 85, "spe": 85}, "ivs": {"hp": 31, "atk": 31, "def": 31, "spa": 31, "spd": 31, "spe": 31}, "item": "Assault Vest", "teraType": "Fire", "role": "Bulky Attacker", "bvs": {"hp": 80, "atk": 110, "def": 120, "spa": 130, "spd": 90, "spe": 70}, "stats": {"hp": 255, "atk": 219, "def": 235, "spa": 251, "spd": 188, "spe": 156}, "types": ["Fire", "Water"]}, "Zebstrika": {"name": "Zebstrika", "species": "Zebstrika", "speciesId": "zebstrika", "gender": "F", "shiny": false, "level": 87, "moves": ["highhorsepower", "supercellslam", "voltswitch", "overheat"], "ability": "Sap Sipper", "evs": {"hp": 85, "atk": 85, "def": 85, "spa": 85, "spd": 85, "spe": 85}, "ivs": {"hp": 31, "atk": 31, "def": 31, "spa": 31, "spd": 31, "spe": 31}, "item": "Life Orb", "teraType": "Ground", "role": "Fast Attacker", "bvs": {"hp": 75, "atk": 100, "def": 63, "spa": 80, "spd": 63, "spe": 116}, "stats": {"hp": 272, "atk": 224, "def": 159, "spa": 189, "spd": 159, "spe": 252}, "types": ["Electric"]}, "Mienshao": {"name": "Mienshao", "species": "Mienshao", "speciesId": "mienshao", "gender": "M", "shiny": false, "level": 83, "moves": ["knockoff", "highjumpkick", "stoneedge", "poisonjab"], "ability": "Reckless", "evs": {"hp": 81, "atk": 85, "def": 85, "spa": 85, "spd": 85, "spe": 85}, "ivs": {"hp": 31, "atk": 31, "def": 31, "spa": 31, "spd": 31, "spe": 31}, "item": "Choice Band", "teraType": "Fighting", "role": "Wallbreaker", "bvs": {"hp": 65, "atk": 125, "def": 60, "spa": 95, "spd": 60, "spe": 105}, "stats": {"hp": 243, "atk": 255, "def": 147, "spa": 205, "spd": 147, "spe": 222}, "types": ["Fighting"]}, "Avalugg": {"name": "Avalugg", "species": "Avalugg", "speciesId": "avalugg", "gender": "F", "shiny": false, "level": 88, "moves": ["avalanche", "bodypress", "rapidspin", "recover"], "ability": "Sturdy", "evs": {"hp": 85, "atk": 85, "def": 85, "spa": 85, "spd": 85, "spe": 85}, "ivs": {"hp": 31, "atk": 31, "def": 31, "spa": 31, "spd": 31, "spe": 31}, "item": "Heavy-Duty Boots", "teraType": "Fighting", "role": "Bulky Support", "bvs": {"hp": 95, "atk": 117, "def": 184, "spa": 44, "spd": 46, "spe": 28}, "stats": {"hp": 310, "atk": 256, "def": 374, "spa": 128, "spd": 131, "spe": 100}, "types": ["Ice"]}, "Cresselia": {"name": "Cresselia", "species": "Cresselia", "speciesId": "cresselia", "gender": "F", "shiny": false, "level": 80, "moves": ["thunderbolt", "calmmind", "moonlight", "psyshock"], "ability": "Levitate", "evs": {"hp": 85, "atk": 0, "def": 85, "spa": 85, "spd": 85, "spe": 85}, "ivs": {"hp": 31, "atk": 0, "def": 31, "spa": 31, "spd": 31, "spe": 31}, "item": "Leftovers", "teraType": "Electric", "role": "Bulky Setup", "bvs": {"hp": 120, "atk": 70, "def": 110, "spa": 75, "spd": 120, "spe": 85}, "stats": {"hp": 323, "atk": 117, "def": 222, "spa": 166, "spd": 238, "spe": 182}, "types": ["Psychic"]}}, {"Swalot": {"name": "Swalot", "species": "Swalot", "speciesId": "swalot", "gender": "F", "shiny": false, "level": 90, "moves": ["knockoff", "encore", "earthquake", "sludgebomb"], "ability": "Liquid Ooze", "evs": {"hp": 85, "atk": 85, "def": 85, "spa": 85, "spd": 85, "spe": 85}, "ivs": {"hp": 31, "atk": 31, "def": 31, "spa": 31, "spd": 31, "spe": 31}, "item": "Leftovers", "teraType": "Dark", "role": "Bulky Attacker", "bvs": {"hp": 100, "atk": 73, "def": 83, "spa": 73, "spd": 83, "spe": 55}, "stats": {"hp": 326, "atk": 183, "def": 201, "spa": 183, "spd": 201, "spe": 150}, "types": ["Poison"]}, "Koraidon": {"name": "Koraidon", "species": "Koraidon", "speciesId": "koraidon", "gender": "N", "shiny": false, "level": 64, "moves": ["closecombat", "outrage", "uturn", "flareblitz"], "ability": "Orichalcum Pulse", "evs": {"hp": 85, "atk": 85, "def": 85, "spa": 85, "spd": 85, "spe": 85}, "ivs": {"hp": 31, "atk": 31, "def": 31, "spa": 31, "spd": 31, "spe": 31}, "item": "Choice Band", "teraType": "Fire", "role": "Fast Attacker", "bvs": {"hp": 100, "atk": 135, "def": 115, "spa": 85, "spd": 100, "spe": 135}, "stats": {"hp": 235, "atk": 211, "def": 185, "spa": 147, "spd": 166, "spe": 211}, "types": ["Fighting", "Dragon"]}, "Iron Moth": {"name": "Iron Moth", "species": "Iron Moth", "speciesId": "ironmoth", "gender": "N", "shiny": false, "level": 78, "moves": ["sludgewave", "energyball", "fierydance", "uturn"], "ability": "Quark Drive", "evs": {"hp": 85, "atk": 85, "def": 85, "spa": 85, "spd": 85, "spe": 85}, "ivs": {"hp": 31, "atk": 31, "def": 31, "spa": 31, "spd": 31, "spe": 31}, "item": "Choice Specs", "teraType": "Grass", "role": "Fast Attacker", "bvs": {"hp": 80, "atk": 70, "def": 60, "spa": 140, "spd": 110, "spe": 110}, "stats": {"hp": 253, "atk": 154, "def": 139, "spa": 263, "spd": 217, "spe": 217}, "types": ["Fire", "Poison"]}, "Arceus": {"name": "Arceus", "species": "Arceus-Fairy", "speciesId": "arceusfairy", "gender": "N", "shiny": false, "level": 69, "moves": ["earthpower", "judgment", "calmmind", "recover"], "ability": "Multitype", "evs": {"hp": 85, "atk": 0, "def": 85, "spa": 85, "spd": 85, "spe": 85}, "ivs": {"hp": 31, "atk": 0, "def": 31, "spa": 31, "spd": 31, "spe": 31}, "item": "Pixie Plate", "teraType": "Ground", "role": "Bulky Setup", "bvs": {"hp": 120, "atk": 120, "def": 120, "spa": 120, "spd": 120, "spe": 120}, "stats": {"hp": 280, "atk": 170, "def": 206, "spa": 206, "spd": 206, "spe": 206}, "types": ["Fairy"]}, "Serperior": {"name": "Serperior", "species": "Serperior", "speciesId": "serperior", "gender": "F", "shiny": false, "level": 79, "moves": ["glare", "synthesis", "leafstorm", "dragonpulse"], "ability": "Contrary", "evs": {"hp": 85, "atk": 0, "def": 85, "spa": 85, "spd": 85, "spe": 85}, "ivs": {"hp": 31, "atk": 0, "def": 31, "spa": 31, "spd": 31, "spe": 31}, "item": "Life Orb", "teraType": "Water", "role": "Fast Attacker", "bvs": {"hp": 75, "atk": 75, "def": 95, "spa": 75, "spd": 95, "spe": 113}, "stats": {"hp": 248, "atk": 123, "def": 196, "spa": 164, "spd": 196, "spe": 224}, "types": ["Grass"]}, "Illumise": {"name": "Illumise", "species": "Illumise", "speciesId": "illumise", "gender": "F", "shiny": false, "level": 91, "moves": ["bugbuzz", "thunderwave", "encore", "roost"], "ability": "Prankster", "evs": {"hp": 85, "atk": 0, "def": 85, "spa": 85, "spd": 85, "spe": 85}, "ivs": {"hp": 31, "atk": 0, "def": 31, "spa": 31, "spd": 31, "spe": 31}, "item": "Heavy-Duty Boots", "teraType": "Water", "role": "Bulky Support", "bvs": {"hp": 65, "atk": 47, "def": 75, "spa": 73, "spd": 85, "spe": 85}, "stats": {"hp": 266, "atk": 90, "def": 188, "spa": 185, "spd": 207, "spe": 207}, "types": ["Bug"]}}]}