{"id": "gen9randombattle-2642067852", "format": "[Gen 9] Random Battle", "players": ["jiexs", "jnpr010334"], "log": "|j|\u2606jiexs\n|j|\u2606jnpr010334\n|t:|1782882973\n|gametype|singles\n|player|p1|jiexs|wallace|1683\n|player|p2|jnpr010334|265|1697\n|gen|9\n|tier|[Gen 9] Random Battle\n|rated|\n|rule|Species Clause: Limit one of each Pok\u00e9mon\n|rule|HP Percentage Mod: HP is shown in percentages\n|rule|Sleep Clause Mod: Limit one foe put to sleep\n|rule|Illusion Level Mod: Illusion disguises the Pok\u00e9mon's true level\n|\n|t:|1782882973\n|teamsize|p1|6\n|teamsize|p2|6\n|start\n|switch|p1a: Lycanroc|Lycanroc-Dusk, L81, F|254/254\n|switch|p2a: Staraptor|Staraptor, L79, F|263/263\n|turn|1\n|inactive|Battle timer is ON: inactive players will automatically lose when time's up. (requested by jnpr010334)\n|\n|t:|1782882981\n|switch|p2a: Uxie|Uxie, L83|260/260\n|move|p1a: Lycanroc|Stone Edge|p2a: Uxie\n|-damage|p2a: Uxie|139/260\n|-damage|p1a: Lycanroc|229/254|[from] item: Life Orb\n|\n|-heal|p2a: Uxie|155/260|[from] item: Leftovers\n|upkeep\n|turn|2\n|\n|t:|1782882991\n|move|p1a: Lycanroc|Swords Dance|p1a: Lycanroc\n|-boost|p1a: Lycanroc|atk|2\n|move|p2a: Uxie|Thunder Wave|p1a: Lycanroc\n|-status|p1a: Lycanroc|par\n|\n|-heal|p2a: Uxie|171/260|[from] item: Leftovers\n|upkeep\n|turn|3\n|\n|t:|1782882997\n|move|p2a: Uxie|Encore|p1a: Lycanroc\n|-start|p1a: Lycanroc|Encore\n|move|p1a: Lycanroc|Swords Dance|p1a: Lycanroc\n|-boost|p1a: Lycanroc|atk|2\n|\n|-heal|p2a: Uxie|187/260|[from] item: Leftovers\n|upkeep\n|turn|4\n|\n|t:|1782883003\n|switch|p1a: Morpeko|Morpeko, L88, F|245/245\n|move|p2a: Uxie|Knock Off|p1a: Morpeko\n|-resisted|p1a: Morpeko\n|-crit|p1a: Morpeko\n|-damage|p1a: Morpeko|189/245\n|-enditem|p1a: Morpeko|Heavy-Duty Boots|[from] move: Knock Off|[of] p2a: Uxie\n|\n|-heal|p2a: Uxie|203/260|[from] item: Leftovers\n|-formechange|p1a: Morpeko|Morpeko-Hangry||[from] ability: Hunger Switch\n|upkeep\n|turn|5\n|\n|t:|1782883009\n|switch|p2a: Heatran|Heatran, L79, F|273/273\n|-item|p2a: Heatran|Air Balloon\n|move|p1a: Morpeko|Aura Wheel|p2a: Heatran\n|-damage|p2a: Heatran|162/273\n|-boost|p1a: Morpeko|spe|1\n|-enditem|p2a: Heatran|Air Balloon\n|\n|-formechange|p1a: Morpeko|Morpeko||[from] ability: Hunger Switch\n|upkeep\n|turn|6\n|\n|t:|1782883029\n|move|p1a: Morpeko|Parting Shot|p2a: Heatran\n|-unboost|p2a: Heatran|atk|1\n|-unboost|p2a: Heatran|spa|1\n|\n|t:|1782883031\n|switch|p1a: Blastoise|Blastoise, L80, F|258/258|[from] Parting Shot\n|move|p2a: Heatran|Earth Power|p1a: Blastoise\n|-damage|p1a: Blastoise|214/258\n|\n|upkeep\n|turn|7\n|\n|t:|1782883035\n|switch|p2a: Uxie|Uxie, L83|203/260\n|move|p1a: Blastoise|Shell Smash|p1a: Blastoise\n|-unboost|p1a: Blastoise|def|1\n|-unboost|p1a: Blastoise|spd|1\n|-boost|p1a: Blastoise|atk|2\n|-boost|p1a: Blastoise|spa|2\n|-boost|p1a: Blastoise|spe|2\n|-enditem|p1a: Blastoise|White Herb\n|-clearnegativeboost|p1a: Blastoise|[silent]\n|\n|-heal|p2a: Uxie|219/260|[from] item: Leftovers\n|upkeep\n|turn|8\n|\n|t:|1782883042\n|move|p1a: Blastoise|Hydro Pump|p2a: Uxie\n|-damage|p2a: Uxie|75/260\n|move|p2a: Uxie|Encore|p1a: Blastoise\n|-start|p1a: Blastoise|Encore\n|\n|-heal|p2a: Uxie|91/260|[from] item: Leftovers\n|upkeep\n|turn|9\n|\n|t:|1782883045\n|move|p1a: Blastoise|Hydro Pump|p2a: Uxie\n|-damage|p2a: Uxie|0 fnt\n|faint|p2a: Uxie\n|\n|upkeep\n|\n|t:|1782883047\n|switch|p2a: Haxorus|Haxorus, L77, M|244/244\n|-ability|p2a: Haxorus|Mold Breaker\n|turn|10\n|\n|t:|1782883051\n|-terastallize|p2a: Haxorus|Steel\n|move|p1a: Blastoise|Hydro Pump|p2a: Haxorus|[miss]\n|-miss|p1a: Blastoise|p2a: Haxorus\n|move|p2a: Haxorus|Scale Shot|p1a: Blastoise\n|-damage|p1a: Blastoise|184/258\n|-damage|p1a: Blastoise|153/258\n|-damage|p1a: Blastoise|122/258\n|-damage|p1a: Blastoise|92/258\n|-damage|p1a: Blastoise|62/258\n|-hitcount|p1a: Blastoise|5\n|-unboost|p2a: Haxorus|def|1\n|-boost|p2a: Haxorus|spe|1\n|\n|upkeep\n|turn|11\n|\n|t:|1782883058\n|move|p1a: Blastoise|Hydro Pump|p2a: Haxorus\n|-damage|p2a: Haxorus|0 fnt\n|faint|p2a: Haxorus\n|\n|-end|p1a: Blastoise|Encore\n|upkeep\n|\n|t:|1782883059\n|switch|p2a: Staraptor|Staraptor, L79, F|263/263\n|turn|12\n|\n|t:|1782883063\n|move|p2a: Staraptor|Quick Attack|p1a: Blastoise\n|-damage|p1a: Blastoise|1/258\n|move|p1a: Blastoise|Ice Beam|p2a: Staraptor\n|-supereffective|p2a: Staraptor\n|-damage|p2a: Staraptor|0 fnt\n|faint|p2a: Staraptor\n|\n|upkeep\n|\n|t:|1782883069\n|switch|p2a: Heatran|Heatran, L79, F|162/273\n|turn|13\n|\n|t:|1782883073\n|move|p1a: Blastoise|Earthquake|p2a: Heatran\n|-supereffective|p2a: Heatran\n|-damage|p2a: Heatran|0 fnt\n|faint|p2a: Heatran\n|\n|upkeep\n|\n|t:|1782883080\n|switch|p2a: Necrozma|Necrozma-Dusk-Mane, L69|248/248\n|turn|14\n|\n|t:|1782883086\n|move|p1a: Blastoise|Earthquake|p2a: Necrozma\n|-supereffective|p2a: Necrozma\n|-damage|p2a: Necrozma|97/248\n|-enditem|p2a: Necrozma|Weakness Policy\n|-boost|p2a: Necrozma|atk|2|[from] item: Weakness Policy\n|-boost|p2a: Necrozma|spa|2|[from] item: Weakness Policy\n|move|p2a: Necrozma|Dragon Dance|p2a: Necrozma\n|-boost|p2a: Necrozma|atk|1\n|-boost|p2a: Necrozma|spe|1\n|\n|upkeep\n|turn|15\n|\n|t:|1782883089\n|move|p1a: Blastoise|Earthquake|p2a: Necrozma\n|-supereffective|p2a: Necrozma\n|-damage|p2a: Necrozma|0 fnt\n|faint|p2a: Necrozma\n|\n|upkeep\n|\n|t:|1782883092\n|switch|p2a: Zoroark|Zoroark, L83, M|235/235\n|turn|16\n|\n|t:|1782883098\n|move|p1a: Blastoise|Hydro Pump|p2a: Zoroark\n|-damage|p2a: Zoroark|0 fnt\n|faint|p2a: Zoroark\n|\n|win|jiexs\n|raw|jiexs's rating: 1683 &rarr; <strong>1701</strong><br />(+18 for winning)\n|raw|jnpr010334's rating: 1656 &rarr; <strong>1638</strong><br />(-18 for losing)\n", "inputlog": ">version f8ac14003a5f27e1bdc8d8c59608a773c1cb96e5\n>start {\"formatid\":\"gen9randombattle\",\"seed\":\"sodium,92d4584a244b1df87c0cfeea2362d847\",\"rated\":\"Rated battle\"}\n>player p1 {\"name\":\"jiexs\",\"avatar\":\"wallace\",\"rating\":1683,\"seed\":\"sodium,433b6396b1c5c1f0f6d26fd8a9b4cf9d\"}\n>player p2 {\"name\":\"jnpr010334\",\"avatar\":\"265\",\"rating\":1697,\"seed\":\"sodium,b2cc41cadb43c87253d4e0d61d2d4f25\"}\n>p1 move stoneedge\n>p2 switch 6\n>p1 move swordsdance\n>p2 move thunderwave\n>p1 move psychicfangs\n>p2 move encore\n>p1 switch 2\n>p2 move knockoff\n>p1 move aurawheel\n>p2 switch 3\n>p1 move partingshot\n>p2 move earthpower\n>p1 switch 3\n>p1 move shellsmash\n>p2 switch 3\n>p1 move hydropump\n>p2 move encore\n>p1 move hydropump\n>p2 move thunderwave\n>p2 switch 2\n>p1 move hydropump\n>p2 move scaleshot terastallize\n>p1 move hydropump\n>p2 move scaleshot\n>p2 switch 6\n>p1 move icebeam\n>p2 move quickattack\n>p2 switch 3\n>p1 move earthquake\n>p2 move earthpower\n>p2 switch 4\n>p1 move earthquake\n>p2 move dragondance\n>p1 move earthquake\n>p2 move morningsun\n>p2 switch 5\n>p1 move hydropump\n>p2 move darkpulse", "uploadtime": 1782883099, "views": 2, "formatid": "gen9randombattle", "rating": 1638, "private": 0, "password": null, "player_dets": [{"name": "jiexs", "avatar": "wallace", "rating": 1683, "seed": "sodium,433b6396b1c5c1f0f6d26fd8a9b4cf9d"}, {"name": "jnpr010334", "avatar": "265", "rating": 1697, "seed": "sodium,b2cc41cadb43c87253d4e0d61d2d4f25"}], "teams_full": [{"Lycanroc": {"name": "Lycanroc", "species": "Lycanroc-Dusk", "speciesId": "lycanrocdusk", "gender": "F", "shiny": false, "level": 81, "moves": ["psychicfangs", "swordsdance", "closecombat", "stoneedge"], "ability": "Tough Claws", "evs": {"hp": 85, "atk": 85, "def": 85, "spa": 85, "spd": 85, "spe": 85}, "ivs": {"hp": 31, "atk": 31, "def": 31, "spa": 31, "spd": 31, "spe": 31}, "item": "Life Orb", "teraType": "Fighting", "role": "Setup Sweeper", "bvs": {"hp": 75, "atk": 117, "def": 65, "spa": 55, "spd": 65, "spe": 110}, "stats": {"hp": 254, "atk": 236, "def": 152, "spa": 136, "spd": 152, "spe": 225}, "types": ["Rock"]}, "Morpeko": {"name": "Morpeko", "species": "Morpeko", "speciesId": "morpeko", "gender": "F", "shiny": false, "level": 88, "moves": ["protect", "rapidspin", "partingshot", "aurawheel"], "ability": "Hunger Switch", "evs": {"hp": 85, "atk": 85, "def": 85, "spa": 85, "spd": 85, "spe": 85}, "ivs": {"hp": 31, "atk": 31, "def": 31, "spa": 31, "spd": 31, "spe": 31}, "item": "Heavy-Duty Boots", "teraType": "Electric", "role": "Fast Support", "bvs": {"hp": 58, "atk": 95, "def": 58, "spa": 70, "spd": 58, "spe": 97}, "stats": {"hp": 245, "atk": 217, "def": 152, "spa": 173, "spd": 152, "spe": 221}, "types": ["Electric", "Dark"]}, "Blastoise": {"name": "Blastoise", "species": "Blastoise", "speciesId": "blastoise", "gender": "F", "shiny": false, "level": 80, "moves": ["hydropump", "icebeam", "earthquake", "shellsmash"], "ability": "Torrent", "evs": {"hp": 85, "atk": 85, "def": 85, "spa": 85, "spd": 85, "spe": 85}, "ivs": {"hp": 31, "atk": 31, "def": 31, "spa": 31, "spd": 31, "spe": 31}, "item": "White Herb", "teraType": "Ground", "role": "Setup Sweeper", "bvs": {"hp": 79, "atk": 83, "def": 100, "spa": 85, "spd": 105, "spe": 78}, "stats": {"hp": 258, "atk": 179, "def": 206, "spa": 182, "spd": 214, "spe": 171}, "types": ["Water"]}, "Toedscruel": {"name": "Toedscruel", "species": "Toedscruel", "speciesId": "toedscruel", "gender": "M", "shiny": false, "level": 87, "moves": ["gigadrain", "spore", "knockoff", "earthpower"], "ability": "Mycelium Might", "evs": {"hp": 85, "atk": 85, "def": 85, "spa": 85, "spd": 85, "spe": 85}, "ivs": {"hp": 31, "atk": 31, "def": 31, "spa": 31, "spd": 31, "spe": 31}, "item": "Leftovers", "teraType": "Water", "role": "Bulky Support", "bvs": {"hp": 80, "atk": 70, "def": 65, "spa": 80, "spd": 120, "spe": 100}, "stats": {"hp": 281, "atk": 172, "def": 163, "spa": 189, "spd": 259, "spe": 224}, "types": ["Ground", "Grass"]}, "Banette": {"name": "Banette", "species": "Banette", "speciesId": "banette", "gender": "F", "shiny": false, "level": 93, "moves": ["thunderwave", "poltergeist", "shadowsneak", "gunkshot"], "ability": "Insomnia", "evs": {"hp": 85, "atk": 85, "def": 85, "spa": 85, "spd": 85, "spe": 85}, "ivs": {"hp": 31, "atk": 31, "def": 31, "spa": 31, "spd": 31, "spe": 31}, "item": "Life Orb", "teraType": "Poison", "role": "Wallbreaker", "bvs": {"hp": 64, "atk": 115, "def": 65, "spa": 83, "spd": 63, "spe": 65}, "stats": {"hp": 270, "atk": 267, "def": 174, "spa": 207, "spd": 170, "spe": 174}, "types": ["Ghost"]}, "Glastrier": {"name": "Glastrier", "species": "Glastrier", "speciesId": "glastrier", "gender": "N", "shiny": false, "level": 86, "moves": ["highhorsepower", "iciclecrash", "heavyslam", "swordsdance"], "ability": "Chilling Neigh", "evs": {"hp": 85, "atk": 85, "def": 85, "spa": 85, "spd": 85, "spe": 85}, "ivs": {"hp": 31, "atk": 31, "def": 31, "spa": 31, "spd": 31, "spe": 31}, "item": "Heavy-Duty Boots", "teraType": "Steel", "role": "Bulky Attacker", "bvs": {"hp": 100, "atk": 145, "def": 130, "spa": 65, "spd": 110, "spe": 30}, "stats": {"hp": 312, "atk": 299, "def": 273, "spa": 161, "spd": 238, "spe": 101}, "types": ["Ice"]}}, {"Staraptor": {"name": "Staraptor", "species": "Staraptor", "speciesId": "staraptor", "gender": "F", "shiny": false, "level": 79, "moves": ["quickattack", "bravebird", "closecombat", "doubleedge"], "ability": "Reckless", "evs": {"hp": 81, "atk": 85, "def": 85, "spa": 85, "spd": 85, "spe": 85}, "ivs": {"hp": 31, "atk": 31, "def": 31, "spa": 31, "spd": 31, "spe": 31}, "item": "Choice Band", "teraType": "Fighting", "role": "Fast Attacker", "bvs": {"hp": 85, "atk": 120, "def": 70, "spa": 50, "spd": 60, "spe": 100}, "stats": {"hp": 263, "atk": 235, "def": 156, "spa": 125, "spd": 140, "spe": 204}, "types": ["Normal", "Flying"]}, "Haxorus": {"name": "Haxorus", "species": "Haxorus", "speciesId": "haxorus", "gender": "M", "shiny": false, "level": 77, "moves": ["ironhead", "swordsdance", "scaleshot", "earthquake"], "ability": "Mold Breaker", "evs": {"hp": 85, "atk": 85, "def": 85, "spa": 85, "spd": 85, "spe": 85}, "ivs": {"hp": 31, "atk": 31, "def": 31, "spa": 31, "spd": 31, "spe": 31}, "item": "Loaded Dice", "teraType": "Steel", "role": "Fast Bulky Setup", "bvs": {"hp": 76, "atk": 147, "def": 90, "spa": 60, "spd": 70, "spe": 97}, "stats": {"hp": 244, "atk": 271, "def": 183, "spa": 137, "spd": 152, "spe": 194}, "types": ["Dragon"]}, "Heatran": {"name": "Heatran", "species": "Heatran", "speciesId": "heatran", "gender": "F", "shiny": false, "level": 79, "moves": ["stealthrock", "lavaplume", "earthpower", "heavyslam"], "ability": "Flash Fire", "evs": {"hp": 85, "atk": 85, "def": 85, "spa": 85, "spd": 85, "spe": 85}, "ivs": {"hp": 31, "atk": 31, "def": 31, "spa": 31, "spd": 31, "spe": 31}, "item": "Air Balloon", "teraType": "Grass", "role": "Bulky Support", "bvs": {"hp": 91, "atk": 90, "def": 106, "spa": 130, "spd": 106, "spe": 77}, "stats": {"hp": 273, "atk": 188, "def": 213, "spa": 251, "spd": 213, "spe": 167}, "types": ["Fire", "Steel"]}, "Necrozma": {"name": "Necrozma", "species": "Necrozma-Dusk-Mane", "speciesId": "necrozmaduskmane", "gender": "N", "shiny": false, "level": 69, "moves": ["earthquake", "morningsun", "dragondance", "sunsteelstrike"], "ability": "Prism Armor", "evs": {"hp": 85, "atk": 85, "def": 85, "spa": 85, "spd": 85, "spe": 85}, "ivs": {"hp": 31, "atk": 31, "def": 31, "spa": 31, "spd": 31, "spe": 31}, "item": "Weakness Policy", "teraType": "Water", "role": "Bulky Setup", "bvs": {"hp": 97, "atk": 157, "def": 127, "spa": 113, "spd": 109, "spe": 77}, "stats": {"hp": 248, "atk": 257, "def": 216, "spa": 196, "spd": 191, "spe": 147}, "types": ["Psychic", "Steel"]}, "Zoroark": {"name": "Zoroark", "species": "Zoroark", "speciesId": "zoroark", "gender": "M", "shiny": false, "level": 83, "moves": ["psychic", "uturn", "darkpulse", "sludgebomb"], "ability": "Illusion", "evs": {"hp": 85, "atk": 85, "def": 85, "spa": 85, "spd": 85, "spe": 85}, "ivs": {"hp": 31, "atk": 31, "def": 31, "spa": 31, "spd": 31, "spe": 31}, "item": "Choice Specs", "teraType": "Poison", "role": "Wallbreaker", "bvs": {"hp": 60, "atk": 105, "def": 60, "spa": 120, "spd": 60, "spe": 105}, "stats": {"hp": 235, "atk": 222, "def": 147, "spa": 247, "spd": 147, "spe": 222}, "types": ["Dark"]}, "Uxie": {"name": "Uxie", "species": "Uxie", "speciesId": "uxie", "gender": "N", "shiny": false, "level": 83, "moves": ["encore", "psychicnoise", "thunderwave", "knockoff"], "ability": "Levitate", "evs": {"hp": 85, "atk": 85, "def": 85, "spa": 85, "spd": 85, "spe": 85}, "ivs": {"hp": 31, "atk": 31, "def": 31, "spa": 31, "spd": 31, "spe": 31}, "item": "Leftovers", "teraType": "Electric", "role": "Bulky Support", "bvs": {"hp": 75, "atk": 75, "def": 130, "spa": 75, "spd": 130, "spe": 95}, "stats": {"hp": 260, "atk": 172, "def": 263, "spa": 172, "spd": 263, "spe": 205}, "types": ["Psychic"]}}]}