{"id": "gen9randombattle-2642215433", "format": "[Gen 9] Random Battle", "players": ["Geno New Age Thief", "jnpr010334"], "log": "|j|\u2606Geno New Age Thief\n|j|\u2606jnpr010334\n|t:|1782912112\n|gametype|singles\n|player|p1|Geno New Age Thief|1|1836\n|player|p2|jnpr010334|265|1829\n|gen|9\n|tier|[Gen 9] Random Battle\n|rated|\n|rule|Species Clause: Limit one of each Pok\u00e9mon\n|rule|HP Percentage Mod: HP is shown in percentages\n|rule|Sleep Clause Mod: Limit one foe put to sleep\n|rule|Illusion Level Mod: Illusion disguises the Pok\u00e9mon's true level\n|\n|t:|1782912112\n|teamsize|p1|6\n|teamsize|p2|6\n|start\n|switch|p1a: Clodsire|Clodsire, L81, M|343/343\n|switch|p2a: Hariyama|Hariyama, L87, F|392/392\n|turn|1\n|inactive|Battle timer is ON: inactive players will automatically lose when time's up. (requested by Geno New Age Thief)\n|inactive|jnpr010334 also wants the timer to be on.\n|\n|t:|1782912130\n|switch|p1a: Flamigo|Flamigo, L82, F|269/269\n|move|p2a: Hariyama|Knock Off|p1a: Flamigo\n|-resisted|p1a: Flamigo\n|-damage|p1a: Flamigo|220/269\n|-enditem|p1a: Flamigo|Life Orb|[from] move: Knock Off|[of] p2a: Hariyama\n|\n|-status|p2a: Hariyama|brn|[from] item: Flame Orb\n|upkeep\n|turn|2\n|\n|t:|1782912134\n|move|p1a: Flamigo|Brave Bird|p2a: Hariyama\n|-supereffective|p2a: Hariyama\n|-damage|p2a: Hariyama|62/392 brn\n|-damage|p1a: Flamigo|111/269|[from] Recoil\n|move|p2a: Hariyama|Facade|p1a: Flamigo\n|-damage|p1a: Flamigo|0 fnt\n|faint|p1a: Flamigo\n|\n|-damage|p2a: Hariyama|38/392 brn|[from] brn\n|upkeep\n|\n|t:|1782912145\n|switch|p1a: Crawdaunt|Crawdaunt, L84, M|243/243\n|turn|3\n|\n|t:|1782912149\n|move|p1a: Crawdaunt|Knock Off|p2a: Hariyama\n|-resisted|p2a: Hariyama\n|-damage|p2a: Hariyama|0 fnt\n|-enditem|p2a: Hariyama|Flame Orb|[from] move: Knock Off|[of] p1a: Crawdaunt\n|faint|p2a: Hariyama\n|-damage|p1a: Crawdaunt|219/243|[from] item: Life Orb\n|\n|upkeep\n|\n|t:|1782912151\n|switch|p2a: Tauros|Tauros-Paldea-Combat, L82, M|257/257\n|-ability|p2a: Tauros|Intimidate|boost\n|-unboost|p1a: Crawdaunt|atk|1\n|turn|4\n|\n|t:|1782912156\n|switch|p1a: Ceruledge|Ceruledge, L78, M|245/245\n|move|p2a: Tauros|Close Combat|p1a: Ceruledge\n|-immune|p1a: Ceruledge\n|\n|upkeep\n|turn|5\n|\n|t:|1782912167\n|switch|p2a: Veluza|Veluza, L85, M|292/292\n|move|p1a: Ceruledge|Poltergeist|p2a: Veluza\n|-activate|p2a: Veluza|move: Poltergeist|Sitrus Berry\n|-supereffective|p2a: Veluza\n|-damage|p2a: Veluza|0 fnt\n|faint|p2a: Veluza\n|\n|upkeep\n|\n|t:|1782912171\n|switch|p2a: Tauros|Tauros-Paldea-Combat, L82, M|257/257\n|-ability|p2a: Tauros|Intimidate|boost\n|-unboost|p1a: Ceruledge|atk|1\n|turn|6\n|\n|t:|1782912183\n|switch|p1a: Crawdaunt|Crawdaunt, L84, M|219/243\n|move|p2a: Tauros|Stone Edge|p1a: Crawdaunt\n|-damage|p1a: Crawdaunt|115/243\n|\n|upkeep\n|turn|7\n|\n|t:|1782912193\n|move|p2a: Tauros|Stone Edge|p1a: Crawdaunt\n|-damage|p1a: Crawdaunt|11/243\n|move|p1a: Crawdaunt|Dragon Dance|p1a: Crawdaunt\n|-boost|p1a: Crawdaunt|atk|1\n|-boost|p1a: Crawdaunt|spe|1\n|\n|upkeep\n|turn|8\n|\n|t:|1782912198\n|switch|p2a: Comfey|Comfey, L85, M|225/225\n|move|p1a: Crawdaunt|Crabhammer|p2a: Comfey\n|-damage|p2a: Comfey|0 fnt\n|faint|p2a: Comfey\n|-damage|p1a: Crawdaunt|0 fnt|[from] item: Life Orb\n|faint|p1a: Crawdaunt\n|\n|upkeep\n|\n|t:|1782912202\n|switch|p2a: Tauros|Tauros-Paldea-Combat, L82, M|257/257\n|switch|p1a: Clodsire|Clodsire, L81, M|343/343\n|-ability|p2a: Tauros|Intimidate|boost\n|-unboost|p1a: Clodsire|atk|1\n|turn|9\n|\n|t:|1782912208\n|move|p2a: Tauros|Earthquake|p1a: Clodsire\n|-supereffective|p1a: Clodsire\n|-damage|p1a: Clodsire|67/343\n|move|p1a: Clodsire|Spikes|p2a: Tauros\n|-sidestart|p2: jnpr010334|Spikes\n|\n|-heal|p1a: Clodsire|88/343|[from] item: Leftovers\n|upkeep\n|turn|10\n|\n|t:|1782912213\n|switch|p1a: Dodrio|Dodrio, L85, F|241/241\n|move|p2a: Tauros|Earthquake|p1a: Dodrio\n|-immune|p1a: Dodrio\n|\n|upkeep\n|turn|11\n|\n|t:|1782912217\n|switch|p2a: Skeledirge|Skeledirge, L79, M|294/294\n|move|p1a: Dodrio|Brave Bird|p2a: Skeledirge\n|-crit|p2a: Skeledirge\n|-damage|p2a: Skeledirge|0 fnt\n|faint|p2a: Skeledirge\n|-damage|p1a: Dodrio|144/241|[from] Recoil\n|\n|upkeep\n|\n|t:|1782912222\n|switch|p2a: Deoxys|Deoxys-Attack, L72|191/191\n|-damage|p2a: Deoxys|168/191|[from] Spikes\n|-ability|p2a: Deoxys|Pressure\n|turn|12\n|\n|t:|1782912229\n|switch|p1a: Clodsire|Clodsire, L81, M|88/343\n|move|p2a: Deoxys|Psycho Boost|p1a: Clodsire\n|-supereffective|p1a: Clodsire\n|-damage|p1a: Clodsire|0 fnt\n|-unboost|p2a: Deoxys|spa|2\n|faint|p1a: Clodsire\n|-damage|p2a: Deoxys|149/191|[from] item: Life Orb\n|\n|upkeep\n|\n|t:|1782912240\n|switch|p1a: Ceruledge|Ceruledge, L78, M|245/245\n|turn|13\n|\n|t:|1782912245\n|-terastallize|p2a: Deoxys|Psychic\n|move|p2a: Deoxys|Knock Off|p1a: Ceruledge\n|-supereffective|p1a: Ceruledge\n|-damage|p1a: Ceruledge|0 fnt\n|-enditem|p1a: Ceruledge|Heavy-Duty Boots|[from] move: Knock Off|[of] p2a: Deoxys\n|faint|p1a: Ceruledge\n|-damage|p2a: Deoxys|130/191|[from] item: Life Orb\n|\n|upkeep\n|\n|t:|1782912255\n|switch|p1a: Dodrio|Dodrio, L85, F|144/241\n|turn|14\n|\n|t:|1782912260\n|move|p2a: Deoxys|Psycho Boost|p1a: Dodrio\n|-damage|p1a: Dodrio|0 fnt\n|-unboost|p2a: Deoxys|spa|2\n|faint|p1a: Dodrio\n|-damage|p2a: Deoxys|111/191|[from] item: Life Orb\n|\n|upkeep\n|\n|t:|1782912263\n|switch|p1a: Deoxys|Deoxys, L74|196/196\n|-ability|p1a: Deoxys|Pressure\n|turn|15\n|\n|t:|1782912267\n|move|p2a: Deoxys|Extreme Speed|p1a: Deoxys\n|-damage|p1a: Deoxys|44/196\n|-damage|p2a: Deoxys|92/191|[from] item: Life Orb\n|move|p1a: Deoxys|Knock Off|p2a: Deoxys\n|-supereffective|p2a: Deoxys\n|-damage|p2a: Deoxys|0 fnt\n|-enditem|p2a: Deoxys|Life Orb|[from] move: Knock Off|[of] p1a: Deoxys\n|faint|p2a: Deoxys\n|-damage|p1a: Deoxys|25/196|[from] item: Life Orb\n|\n|upkeep\n|\n|t:|1782912271\n|switch|p2a: Tauros|Tauros-Paldea-Combat, L82, M|257/257\n|-damage|p2a: Tauros|225/257|[from] Spikes\n|-ability|p2a: Tauros|Intimidate|boost\n|-unboost|p1a: Deoxys|atk|1\n|turn|16\n|\n|t:|1782912274\n|-terastallize|p1a: Deoxys|Psychic\n|move|p1a: Deoxys|Psycho Boost|p2a: Tauros\n|-supereffective|p2a: Tauros\n|-crit|p2a: Tauros\n|-damage|p2a: Tauros|0 fnt\n|-unboost|p1a: Deoxys|spa|2\n|faint|p2a: Tauros\n|-damage|p1a: Deoxys|6/196|[from] item: Life Orb\n|\n|win|Geno New Age Thief\n|raw|Geno New Age Thief's rating: 1836 &rarr; <strong>1858</strong><br />(+22 for winning)\n|raw|jnpr010334's rating: 1870 &rarr; <strong>1848</strong><br />(-22 for losing)\n", "inputlog": ">version f8ac14003a5f27e1bdc8d8c59608a773c1cb96e5\n>start {\"formatid\":\"gen9randombattle\",\"seed\":\"sodium,f63b4eac75ab6c7bc088da6a7b247b91\",\"rated\":\"Rated battle\"}\n>player p1 {\"name\":\"Geno New Age Thief\",\"avatar\":\"1\",\"rating\":1836,\"seed\":\"sodium,bcd2cc777476b36dde55fa1ac7e15568\"}\n>player p2 {\"name\":\"jnpr010334\",\"avatar\":\"265\",\"rating\":1829,\"seed\":\"sodium,0c527fcd3341f2f93945d3785d26047c\"}\n>p1 switch 3\n>p2 move knockoff\n>p1 move bravebird\n>p2 move facade\n>p1 switch 6\n>p1 move knockoff\n>p2 move facade\n>p2 switch 5\n>p1 switch 4\n>p2 move closecombat\n>p1 move poltergeist\n>p2 switch 4\n>p2 switch 4\n>p1 switch 4\n>p2 move stoneedge\n>p1 move dragondance\n>p2 move stoneedge\n>p1 move crabhammer\n>p2 switch 6\n>p1 switch 3\n>p2 switch 6\n>p1 move spikes\n>p2 move earthquake\n>p1 switch 2\n>p2 move earthquake\n>p1 move bravebird\n>p2 switch 3\n>p2 switch 2\n>p1 switch 2\n>p2 move psychoboost\n>p1 switch 4\n>p1 move poltergeist\n>p2 move knockoff terastallize\n>p1 switch 2\n>p1 move bravebird\n>p2 move psychoboost\n>p1 switch 5\n>p1 move knockoff\n>p2 move extremespeed\n>p2 switch 3\n>p1 move psychoboost terastallize\n>p2 move throatchop", "uploadtime": 1782912276, "views": 3, "formatid": "gen9randombattle", "rating": 1848, "private": 0, "password": null, "player_dets": [{"name": "Geno New Age Thief", "avatar": "1", "rating": 1836, "seed": "sodium,bcd2cc777476b36dde55fa1ac7e15568"}, {"name": "jnpr010334", "avatar": "265", "rating": 1829, "seed": "sodium,0c527fcd3341f2f93945d3785d26047c"}], "teams_full": [{"Clodsire": {"name": "Clodsire", "species": "Clodsire", "speciesId": "clodsire", "gender": "M", "shiny": false, "level": 81, "moves": ["poisonjab", "recover", "spikes", "earthquake"], "ability": "Unaware", "evs": {"hp": 85, "atk": 85, "def": 85, "spa": 85, "spd": 85, "spe": 85}, "ivs": {"hp": 31, "atk": 31, "def": 31, "spa": 31, "spd": 31, "spe": 31}, "item": "Leftovers", "teraType": "Steel", "role": "Bulky Support", "bvs": {"hp": 130, "atk": 75, "def": 60, "spa": 45, "spd": 100, "spe": 20}, "stats": {"hp": 343, "atk": 168, "def": 144, "spa": 120, "spd": 209, "spe": 79}, "types": ["Poison", "Ground"]}, "Dodrio": {"name": "Dodrio", "species": "Dodrio", "speciesId": "dodrio", "gender": "F", "shiny": false, "level": 85, "moves": ["knockoff", "quickattack", "bravebird", "drillrun"], "ability": "Early Bird", "evs": {"hp": 85, "atk": 85, "def": 85, "spa": 85, "spd": 85, "spe": 85}, "ivs": {"hp": 31, "atk": 31, "def": 31, "spa": 31, "spd": 31, "spe": 31}, "item": "Choice Band", "teraType": "Ground", "role": "Fast Attacker", "bvs": {"hp": 60, "atk": 110, "def": 70, "spa": 60, "spd": 60, "spe": 110}, "stats": {"hp": 241, "atk": 236, "def": 168, "spa": 151, "spd": 151, "spe": 236}, "types": ["Normal", "Flying"]}, "Flamigo": {"name": "Flamigo", "species": "Flamigo", "speciesId": "flamigo", "gender": "F", "shiny": false, "level": 82, "moves": ["swordsdance", "bravebird", "closecombat", "throatchop"], "ability": "Scrappy", "evs": {"hp": 85, "atk": 85, "def": 85, "spa": 85, "spd": 85, "spe": 85}, "ivs": {"hp": 31, "atk": 31, "def": 31, "spa": 31, "spd": 31, "spe": 31}, "item": "Life Orb", "teraType": "Fighting", "role": "Setup Sweeper", "bvs": {"hp": 82, "atk": 115, "def": 74, "spa": 75, "spd": 64, "spe": 90}, "stats": {"hp": 269, "atk": 236, "def": 169, "spa": 170, "spd": 152, "spe": 195}, "types": ["Flying", "Fighting"]}, "Ceruledge": {"name": "Ceruledge", "species": "Ceruledge", "speciesId": "ceruledge", "gender": "M", "shiny": false, "level": 78, "moves": ["bitterblade", "poltergeist", "swordsdance", "closecombat"], "ability": "Weak Armor", "evs": {"hp": 85, "atk": 85, "def": 85, "spa": 85, "spd": 85, "spe": 85}, "ivs": {"hp": 31, "atk": 31, "def": 31, "spa": 31, "spd": 31, "spe": 31}, "item": "Heavy-Duty Boots", "teraType": "Ghost", "role": "Setup Sweeper", "bvs": {"hp": 75, "atk": 125, "def": 80, "spa": 60, "spd": 100, "spe": 85}, "stats": {"hp": 245, "atk": 240, "def": 170, "spa": 139, "spd": 201, "spe": 178}, "types": ["Fire", "Ghost"]}, "Deoxys": {"name": "Deoxys", "species": "Deoxys", "speciesId": "deoxys", "gender": "N", "shiny": false, "level": 74, "moves": ["extremespeed", "superpower", "knockoff", "psychoboost"], "ability": "Pressure", "evs": {"hp": 85, "atk": 85, "def": 85, "spa": 85, "spd": 85, "spe": 85}, "ivs": {"hp": 31, "atk": 31, "def": 31, "spa": 31, "spd": 31, "spe": 31}, "item": "Life Orb", "teraType": "Psychic", "role": "Fast Attacker", "bvs": {"hp": 50, "atk": 150, "def": 50, "spa": 150, "spd": 50, "spe": 150}, "stats": {"hp": 196, "atk": 265, "def": 117, "spa": 265, "spd": 117, "spe": 265}, "types": ["Psychic"]}, "Crawdaunt": {"name": "Crawdaunt", "species": "Crawdaunt", "speciesId": "crawdaunt", "gender": "M", "shiny": false, "level": 84, "moves": ["closecombat", "dragondance", "crabhammer", "knockoff"], "ability": "Adaptability", "evs": {"hp": 85, "atk": 85, "def": 85, "spa": 85, "spd": 85, "spe": 85}, "ivs": {"hp": 31, "atk": 31, "def": 31, "spa": 31, "spd": 31, "spe": 31}, "item": "Life Orb", "teraType": "Fighting", "role": "Fast Attacker", "bvs": {"hp": 63, "atk": 120, "def": 85, "spa": 90, "spd": 55, "spe": 55}, "stats": {"hp": 243, "atk": 250, "def": 191, "spa": 199, "spd": 141, "spe": 141}, "types": ["Water", "Dark"]}}, {"Hariyama": {"name": "Hariyama", "species": "Hariyama", "speciesId": "hariyama", "gender": "F", "shiny": false, "level": 87, "moves": ["fakeout", "knockoff", "closecombat", "facade"], "ability": "Guts", "evs": {"hp": 85, "atk": 85, "def": 85, "spa": 85, "spd": 85, "spe": 85}, "ivs": {"hp": 31, "atk": 31, "def": 31, "spa": 31, "spd": 31, "spe": 31}, "item": "Flame Orb", "teraType": "Normal", "role": "Wallbreaker", "bvs": {"hp": 144, "atk": 120, "def": 60, "spa": 40, "spd": 60, "spe": 50}, "stats": {"hp": 392, "atk": 259, "def": 154, "spa": 119, "spd": 154, "spe": 137}, "types": ["Fighting"]}, "Deoxys": {"name": "Deoxys", "species": "Deoxys-Attack", "speciesId": "deoxysattack", "gender": "N", "shiny": false, "level": 72, "moves": ["extremespeed", "psychoboost", "superpower", "knockoff"], "ability": "Pressure", "evs": {"hp": 85, "atk": 85, "def": 85, "spa": 85, "spd": 85, "spe": 85}, "ivs": {"hp": 31, "atk": 31, "def": 31, "spa": 31, "spd": 31, "spe": 31}, "item": "Life Orb", "teraType": "Psychic", "role": "Fast Attacker", "bvs": {"hp": 50, "atk": 180, "def": 20, "spa": 180, "spd": 20, "spe": 150}, "stats": {"hp": 191, "atk": 301, "def": 71, "spa": 301, "spd": 71, "spe": 258}, "types": ["Psychic"]}, "Skeledirge": {"name": "Skeledirge", "species": "Skeledirge", "speciesId": "skeledirge", "gender": "M", "shiny": false, "level": 79, "moves": ["willowisp", "slackoff", "hex", "torchsong"], "ability": "Unaware", "evs": {"hp": 85, "atk": 0, "def": 85, "spa": 85, "spd": 85, "spe": 85}, "ivs": {"hp": 31, "atk": 0, "def": 31, "spa": 31, "spd": 31, "spe": 31}, "item": "Heavy-Duty Boots", "teraType": "Water", "role": "Bulky Support", "bvs": {"hp": 104, "atk": 75, "def": 100, "spa": 110, "spd": 75, "spe": 66}, "stats": {"hp": 294, "atk": 123, "def": 204, "spa": 219, "spd": 164, "spe": 150}, "types": ["Fire", "Ghost"]}, "Veluza": {"name": "Veluza", "species": "Veluza", "speciesId": "veluza", "gender": "M", "shiny": false, "level": 85, "moves": ["psychocut", "aquacutter", "nightslash", "filletaway"], "ability": "Sharpness", "evs": {"hp": 85, "atk": 85, "def": 85, "spa": 85, "spd": 85, "spe": 85}, "ivs": {"hp": 31, "atk": 31, "def": 31, "spa": 31, "spd": 31, "spe": 31}, "item": "Sitrus Berry", "teraType": "Water", "role": "Setup Sweeper", "bvs": {"hp": 90, "atk": 102, "def": 73, "spa": 78, "spd": 65, "spe": 70}, "stats": {"hp": 292, "atk": 222, "def": 173, "spa": 181, "spd": 159, "spe": 168}, "types": ["Water", "Psychic"]}, "Tauros": {"name": "Tauros", "species": "Tauros-Paldea-Combat", "speciesId": "taurospaldeacombat", "gender": "M", "shiny": false, "level": 82, "moves": ["earthquake", "stoneedge", "closecombat", "throatchop"], "ability": "Intimidate", "evs": {"hp": 85, "atk": 85, "def": 85, "spa": 85, "spd": 85, "spe": 85}, "ivs": {"hp": 31, "atk": 31, "def": 31, "spa": 31, "spd": 31, "spe": 31}, "item": "Choice Band", "teraType": "Dark", "role": "Wallbreaker", "bvs": {"hp": 75, "atk": 110, "def": 105, "spa": 30, "spd": 70, "spe": 100}, "stats": {"hp": 257, "atk": 228, "def": 219, "spa": 96, "spd": 162, "spe": 211}, "types": ["Fighting"]}, "Comfey": {"name": "Comfey", "species": "Comfey", "speciesId": "comfey", "gender": "M", "shiny": false, "level": 85, "moves": ["calmmind", "gigadrain", "drainingkiss", "terablast"], "ability": "Triage", "evs": {"hp": 85, "atk": 0, "def": 85, "spa": 85, "spd": 85, "spe": 85}, "ivs": {"hp": 31, "atk": 0, "def": 31, "spa": 31, "spd": 31, "spe": 31}, "item": "Leftovers", "teraType": "Ground", "role": "Tera Blast user", "bvs": {"hp": 51, "atk": 52, "def": 90, "spa": 82, "spd": 110, "spe": 100}, "stats": {"hp": 225, "atk": 93, "def": 202, "spa": 188, "spd": 236, "spe": 219}, "types": ["Fairy"]}}]}