{"id": "gen9randombattle-2641923297", "format": "[Gen 9] Random Battle", "players": ["wartanks", "Ilelil33"], "log": "|j|\u2606wartanks\n|j|\u2606Ilelil33\n|t:|1782859388\n|gametype|singles\n|player|p1|wartanks|burglar|1155\n|player|p2|Ilelil33|cynthia-gen4|1158\n|gen|9\n|tier|[Gen 9] Random Battle\n|rated|\n|rule|Species Clause: Limit one of each Pok\u00e9mon\n|rule|HP Percentage Mod: HP is shown in percentages\n|rule|Sleep Clause Mod: Limit one foe put to sleep\n|rule|Illusion Level Mod: Illusion disguises the Pok\u00e9mon's true level\n|\n|t:|1782859388\n|teamsize|p1|6\n|teamsize|p2|6\n|start\n|switch|p1a: Dachsbun|Dachsbun, L92, F|254/254\n|switch|p2a: Gliscor|Gliscor, L76, M|239/239\n|turn|1\n|inactive|Battle timer is ON: inactive players will automatically lose when time's up. (requested by Ilelil33)\n|\n|t:|1782859396\n|move|p1a: Dachsbun|Play Rough|p2a: Gliscor\n|-damage|p2a: Gliscor|151/239\n|move|p2a: Gliscor|Toxic|p1a: Dachsbun\n|-status|p1a: Dachsbun|tox\n|\n|-damage|p1a: Dachsbun|239/254 tox|[from] psn\n|-status|p2a: Gliscor|tox|[from] item: Toxic Orb\n|upkeep\n|turn|2\n|\n|t:|1782859406\n|move|p1a: Dachsbun|Play Rough|p2a: Gliscor\n|-damage|p2a: Gliscor|63/239 tox\n|move|p2a: Gliscor|Substitute|p2a: Gliscor\n|-start|p2a: Gliscor|Substitute\n|-damage|p2a: Gliscor|4/239 tox\n|\n|-heal|p1a: Dachsbun|254/254 tox|[from] item: Leftovers\n|-damage|p1a: Dachsbun|224/254 tox|[from] psn\n|-heal|p2a: Gliscor|33/239 tox|[from] ability: Poison Heal\n|upkeep\n|turn|3\n|\n|t:|1782859418\n|move|p2a: Gliscor|Protect|p2a: Gliscor\n|-singleturn|p2a: Gliscor|Protect\n|move|p1a: Dachsbun|Play Rough|p2a: Gliscor\n|-activate|p2a: Gliscor|move: Protect\n|\n|-heal|p1a: Dachsbun|239/254 tox|[from] item: Leftovers\n|-damage|p1a: Dachsbun|194/254 tox|[from] psn\n|-heal|p2a: Gliscor|62/239 tox|[from] ability: Poison Heal\n|upkeep\n|turn|4\n|\n|t:|1782859435\n|move|p1a: Dachsbun|Play Rough|p2a: Gliscor\n|-end|p2a: Gliscor|Substitute\n|move|p2a: Gliscor|Substitute|p2a: Gliscor\n|-start|p2a: Gliscor|Substitute\n|-damage|p2a: Gliscor|3/239 tox\n|\n|-heal|p1a: Dachsbun|209/254 tox|[from] item: Leftovers\n|-damage|p1a: Dachsbun|149/254 tox|[from] psn\n|-heal|p2a: Gliscor|32/239 tox|[from] ability: Poison Heal\n|upkeep\n|turn|5\n|\n|t:|1782859439\n|move|p2a: Gliscor|Protect|p2a: Gliscor\n|-singleturn|p2a: Gliscor|Protect\n|move|p1a: Dachsbun|Play Rough|p2a: Gliscor\n|-activate|p2a: Gliscor|move: Protect\n|\n|-heal|p1a: Dachsbun|164/254 tox|[from] item: Leftovers\n|-damage|p1a: Dachsbun|89/254 tox|[from] psn\n|-heal|p2a: Gliscor|61/239 tox|[from] ability: Poison Heal\n|upkeep\n|turn|6\n|\n|t:|1782859445\n|move|p1a: Dachsbun|Wish|p1a: Dachsbun\n|move|p2a: Gliscor|Substitute|p2a: Gliscor\n|-fail|p2a: Gliscor|move: Substitute\n|\n|-heal|p1a: Dachsbun|104/254 tox|[from] item: Leftovers\n|-damage|p1a: Dachsbun|14/254 tox|[from] psn\n|-heal|p2a: Gliscor|90/239 tox|[from] ability: Poison Heal\n|upkeep\n|turn|7\n|\n|t:|1782859451\n|move|p2a: Gliscor|Protect|p2a: Gliscor\n|-singleturn|p2a: Gliscor|Protect\n|move|p1a: Dachsbun|Play Rough|p2a: Gliscor\n|-activate|p2a: Gliscor|move: Protect\n|\n|-heal|p1a: Dachsbun|141/254 tox|[from] move: Wish|[wisher] Dachsbun\n|-heal|p1a: Dachsbun|156/254 tox|[from] item: Leftovers\n|-damage|p1a: Dachsbun|51/254 tox|[from] psn\n|-heal|p2a: Gliscor|119/239 tox|[from] ability: Poison Heal\n|upkeep\n|turn|8\n|\n|t:|1782859458\n|move|p1a: Dachsbun|Play Rough|p2a: Gliscor\n|-end|p2a: Gliscor|Substitute\n|move|p2a: Gliscor|Substitute|p2a: Gliscor\n|-start|p2a: Gliscor|Substitute\n|-damage|p2a: Gliscor|60/239 tox\n|\n|-heal|p1a: Dachsbun|66/254 tox|[from] item: Leftovers\n|-damage|p1a: Dachsbun|0 fnt|[from] psn\n|faint|p1a: Dachsbun\n|-heal|p2a: Gliscor|89/239 tox|[from] ability: Poison Heal\n|upkeep\n|\n|t:|1782859471\n|switch|p1a: Altaria|Altaria, L89, M|278/278\n|turn|9\n|\n|t:|1782859477\n|-terastallize|p1a: Altaria|Steel\n|move|p1a: Altaria|Dragon Dance|p1a: Altaria\n|-boost|p1a: Altaria|atk|1\n|-boost|p1a: Altaria|spe|1\n|move|p2a: Gliscor|Toxic|p1a: Altaria\n|-immune|p1a: Altaria\n|\n|-heal|p2a: Gliscor|118/239 tox|[from] ability: Poison Heal\n|upkeep\n|turn|10\n|\n|t:|1782859485\n|move|p1a: Altaria|Dragon Dance|p1a: Altaria\n|-boost|p1a: Altaria|atk|1\n|-boost|p1a: Altaria|spe|1\n|move|p2a: Gliscor|Earthquake|p1a: Altaria\n|-supereffective|p1a: Altaria\n|-damage|p1a: Altaria|128/278\n|\n|-heal|p2a: Gliscor|147/239 tox|[from] ability: Poison Heal\n|upkeep\n|turn|11\n|\n|t:|1782859487\n|move|p1a: Altaria|Roost|p1a: Altaria\n|-heal|p1a: Altaria|267/278\n|move|p2a: Gliscor|Earthquake|p1a: Altaria\n|-supereffective|p1a: Altaria\n|-damage|p1a: Altaria|105/278\n|\n|-heal|p2a: Gliscor|176/239 tox|[from] ability: Poison Heal\n|upkeep\n|turn|12\n|\n|t:|1782859491\n|move|p1a: Altaria|Brave Bird|p2a: Gliscor\n|-end|p2a: Gliscor|Substitute\n|-damage|p1a: Altaria|86/278|[from] Recoil|[of] p2a: Gliscor\n|move|p2a: Gliscor|Earthquake|p1a: Altaria\n|-supereffective|p1a: Altaria\n|-damage|p1a: Altaria|0 fnt\n|faint|p1a: Altaria\n|\n|-heal|p2a: Gliscor|205/239 tox|[from] ability: Poison Heal\n|upkeep\n|\n|t:|1782859501\n|switch|p1a: Hawlucha|Hawlucha, L80, F|256/256\n|turn|13\n|\n|t:|1782859504\n|move|p1a: Hawlucha|Brave Bird|p2a: Gliscor\n|-damage|p2a: Gliscor|112/239 tox\n|-damage|p1a: Hawlucha|225/256|[from] Recoil\n|move|p2a: Gliscor|Toxic|p1a: Hawlucha\n|-status|p1a: Hawlucha|tox\n|\n|-damage|p1a: Hawlucha|209/256 tox|[from] psn\n|-heal|p2a: Gliscor|141/239 tox|[from] ability: Poison Heal\n|upkeep\n|turn|14\n|\n|t:|1782859513\n|move|p2a: Gliscor|Protect|p2a: Gliscor\n|-singleturn|p2a: Gliscor|Protect\n|move|p1a: Hawlucha|Throat Chop|p2a: Gliscor\n|-activate|p2a: Gliscor|move: Protect\n|\n|-damage|p1a: Hawlucha|177/256 tox|[from] psn\n|-heal|p2a: Gliscor|170/239 tox|[from] ability: Poison Heal\n|upkeep\n|turn|15\n|\n|t:|1782859523\n|move|p1a: Hawlucha|Brave Bird|p2a: Gliscor\n|-damage|p2a: Gliscor|74/239 tox\n|-damage|p1a: Hawlucha|145/256 tox|[from] Recoil\n|move|p2a: Gliscor|Substitute|p2a: Gliscor\n|-start|p2a: Gliscor|Substitute\n|-damage|p2a: Gliscor|15/239 tox\n|\n|-damage|p1a: Hawlucha|97/256 tox|[from] psn\n|-heal|p2a: Gliscor|44/239 tox|[from] ability: Poison Heal\n|upkeep\n|turn|16\n|\n|t:|1782859528\n|move|p2a: Gliscor|Protect|p2a: Gliscor\n|-singleturn|p2a: Gliscor|Protect\n|move|p1a: Hawlucha|Swords Dance|p1a: Hawlucha\n|-boost|p1a: Hawlucha|atk|2\n|\n|-damage|p1a: Hawlucha|33/256 tox|[from] psn\n|-heal|p2a: Gliscor|73/239 tox|[from] ability: Poison Heal\n|upkeep\n|turn|17\n|\n|t:|1782859532\n|move|p1a: Hawlucha|Brave Bird|p2a: Gliscor\n|-end|p2a: Gliscor|Substitute\n|-damage|p1a: Hawlucha|14/256 tox|[from] Recoil|[of] p2a: Gliscor\n|move|p2a: Gliscor|Substitute|p2a: Gliscor\n|-start|p2a: Gliscor|Substitute\n|-damage|p2a: Gliscor|14/239 tox\n|\n|-damage|p1a: Hawlucha|0 fnt|[from] psn\n|faint|p1a: Hawlucha\n|-heal|p2a: Gliscor|43/239 tox|[from] ability: Poison Heal\n|upkeep\n|\n|t:|1782859536\n|switch|p1a: Greedent|Greedent, L86, M|347/347\n|turn|18\n|\n|t:|1782859539\n|move|p2a: Gliscor|Toxic|p1a: Greedent\n|-status|p1a: Greedent|tox\n|move|p1a: Greedent|Double-Edge|p2a: Gliscor\n|-end|p2a: Gliscor|Substitute\n|-damage|p1a: Greedent|328/347 tox|[from] Recoil|[of] p2a: Gliscor\n|\n|-heal|p2a: Gliscor|72/239 tox|[from] ability: Poison Heal\n|-damage|p1a: Greedent|307/347 tox|[from] psn\n|upkeep\n|turn|19\n|\n|t:|1782859547\n|move|p2a: Gliscor|Protect|p2a: Gliscor\n|-singleturn|p2a: Gliscor|Protect\n|move|p1a: Greedent|Double-Edge|p2a: Gliscor\n|-activate|p2a: Gliscor|move: Protect\n|\n|-heal|p2a: Gliscor|101/239 tox|[from] ability: Poison Heal\n|-damage|p1a: Greedent|265/347 tox|[from] psn\n|upkeep\n|turn|20\n|\n|t:|1782859552\n|move|p2a: Gliscor|Substitute|p2a: Gliscor\n|-start|p2a: Gliscor|Substitute\n|-damage|p2a: Gliscor|42/239 tox\n|move|p1a: Greedent|Double-Edge|p2a: Gliscor\n|-end|p2a: Gliscor|Substitute\n|-damage|p1a: Greedent|246/347 tox|[from] Recoil|[of] p2a: Gliscor\n|\n|-heal|p2a: Gliscor|71/239 tox|[from] ability: Poison Heal\n|-damage|p1a: Greedent|183/347 tox|[from] psn\n|upkeep\n|turn|21\n|\n|t:|1782859562\n|move|p2a: Gliscor|Substitute|p2a: Gliscor\n|-start|p2a: Gliscor|Substitute\n|-damage|p2a: Gliscor|12/239 tox\n|move|p1a: Greedent|Double-Edge|p2a: Gliscor\n|-end|p2a: Gliscor|Substitute\n|-damage|p1a: Greedent|164/347 tox|[from] Recoil|[of] p2a: Gliscor\n|-enditem|p1a: Greedent|Sitrus Berry|[eat]\n|-heal|p1a: Greedent|250/347 tox|[from] item: Sitrus Berry\n|-heal|p1a: Greedent|347/347 tox|[from] ability: Cheek Pouch\n|\n|-heal|p2a: Gliscor|41/239 tox|[from] ability: Poison Heal\n|-damage|p1a: Greedent|263/347 tox|[from] psn\n|upkeep\n|turn|22\n|\n|t:|1782859568\n|move|p2a: Gliscor|Protect|p2a: Gliscor\n|-singleturn|p2a: Gliscor|Protect\n|move|p1a: Greedent|Swords Dance|p1a: Greedent\n|-boost|p1a: Greedent|atk|2\n|\n|-heal|p2a: Gliscor|70/239 tox|[from] ability: Poison Heal\n|-damage|p1a: Greedent|158/347 tox|[from] psn\n|upkeep\n|turn|23\n|\n|t:|1782859571\n|move|p2a: Gliscor|Substitute|p2a: Gliscor\n|-start|p2a: Gliscor|Substitute\n|-damage|p2a: Gliscor|11/239 tox\n|move|p1a: Greedent|Double-Edge|p2a: Gliscor\n|-end|p2a: Gliscor|Substitute\n|-damage|p1a: Greedent|139/347 tox|[from] Recoil|[of] p2a: Gliscor\n|\n|-heal|p2a: Gliscor|40/239 tox|[from] ability: Poison Heal\n|-damage|p1a: Greedent|13/347 tox|[from] psn\n|upkeep\n|turn|24\n|\n|t:|1782859580\n|move|p2a: Gliscor|Protect|p2a: Gliscor\n|-singleturn|p2a: Gliscor|Protect\n|move|p1a: Greedent|Double-Edge|p2a: Gliscor\n|-activate|p2a: Gliscor|move: Protect\n|\n|-heal|p2a: Gliscor|69/239 tox|[from] ability: Poison Heal\n|-damage|p1a: Greedent|0 fnt|[from] psn\n|faint|p1a: Greedent\n|upkeep\n|\n|t:|1782859584\n|switch|p1a: Zarude|Zarude-Dada, L77|288/288\n|turn|25\n|\n|t:|1782859593\n|switch|p2a: Kricketune|Kricketune, L99, F|312/312\n|move|p1a: Zarude|Swords Dance|p1a: Zarude\n|-boost|p1a: Zarude|atk|2\n|\n|upkeep\n|turn|26\n|\n|t:|1782859599\n|move|p1a: Zarude|Knock Off|p2a: Kricketune\n|-crit|p2a: Kricketune\n|-damage|p2a: Kricketune|0 fnt\n|-enditem|p2a: Kricketune|Heavy-Duty Boots|[from] move: Knock Off|[of] p1a: Zarude\n|faint|p2a: Kricketune\n|-damage|p1a: Zarude|260/288|[from] item: Life Orb\n|\n|upkeep\n|\n|t:|1782859607\n|switch|p2a: Dunsparce|Dunsparce, L86, F|312/312\n|turn|27\n|\n|t:|1782859614\n|move|p1a: Zarude|Close Combat|p2a: Dunsparce\n|-supereffective|p2a: Dunsparce\n|-damage|p2a: Dunsparce|5/312\n|-unboost|p1a: Zarude|def|1\n|-unboost|p1a: Zarude|spd|1\n|-damage|p1a: Zarude|232/288|[from] item: Life Orb\n|move|p2a: Dunsparce|Body Slam|p1a: Zarude\n|-damage|p1a: Zarude|129/288\n|-status|p1a: Zarude|par\n|\n|upkeep\n|turn|28\n|\n|t:|1782859622\n|move|p2a: Dunsparce|Body Slam|p1a: Zarude\n|-damage|p1a: Zarude|21/288 par\n|move|p1a: Zarude|Knock Off|p2a: Dunsparce\n|-damage|p2a: Dunsparce|0 fnt\n|-enditem|p2a: Dunsparce|Eviolite|[from] move: Knock Off|[of] p1a: Zarude\n|faint|p2a: Dunsparce\n|-damage|p1a: Zarude|0 fnt|[from] item: Life Orb\n|faint|p1a: Zarude\n|\n|upkeep\n|\n|t:|1782859630\n|switch|p1a: Blaziken|Blaziken, L76, M|247/247\n|switch|p2a: Latios|Latios, L78, M|253/253\n|turn|29\n|\n|t:|1782859637\n|move|p2a: Latios|Luster Purge|p1a: Blaziken\n|-supereffective|p1a: Blaziken\n|-damage|p1a: Blaziken|0 fnt\n|faint|p1a: Blaziken\n|\n|win|Ilelil33\n|raw|wartanks's rating: 1155 &rarr; <strong>1130</strong><br />(-25 for losing)\n|raw|Ilelil33's rating: 1158 &rarr; <strong>1183</strong><br />(+25 for winning)\n", "inputlog": ">version f8ac14003a5f27e1bdc8d8c59608a773c1cb96e5\n>start {\"formatid\":\"gen9randombattle\",\"seed\":\"sodium,1675edc6a2680983e320ce21417168a0\",\"rated\":\"Rated battle\"}\n>player p1 {\"name\":\"wartanks\",\"avatar\":\"burglar\",\"rating\":1155,\"seed\":\"sodium,b318216e6ebfb5508b6e8ca29dfbf6c4\"}\n>player p2 {\"name\":\"Ilelil33\",\"avatar\":\"cynthia-gen4\",\"rating\":1158,\"seed\":\"sodium,7d5822410e4de53350425ccdd809706f\"}\n>p1 move playrough\n>p2 move toxic\n>p1 move playrough\n>p2 move substitute\n>p1 move playrough\n>p2 move protect\n>p1 move playrough\n>p2 move substitute\n>p1 move playrough\n>p2 move protect\n>p1 move wish\n>p2 move substitute\n>p1 move playrough\n>p2 move protect\n>p1 move playrough\n>p2 move substitute\n>p1 switch 6\n>p1 move dragondance terastallize\n>p2 move toxic\n>p1 move dragondance\n>p2 move earthquake\n>p1 move roost\n>p2 move earthquake\n>p1 move bravebird\n>p2 move earthquake\n>p1 switch 3\n>p1 move bravebird\n>p2 move toxic\n>p1 move throatchop\n>p2 move protect\n>p1 move bravebird\n>p2 move substitute\n>p1 move swordsdance\n>p2 move protect\n>p1 move bravebird\n>p2 move substitute\n>p1 switch 4\n>p1 move doubleedge\n>p2 move toxic\n>p1 move doubleedge\n>p2 move protect\n>p1 move doubleedge\n>p2 move substitute\n>p1 move doubleedge\n>p2 move substitute\n>p1 move swordsdance\n>p2 move protect\n>p1 move doubleedge\n>p2 move substitute\n>p1 move doubleedge\n>p2 move protect\n>p1 switch 2\n>p1 move swordsdance\n>p2 switch 4\n>p1 move knockoff\n>p2 move pounce\n>p2 switch 6\n>p1 move closecombat\n>p2 move bodyslam\n>p1 move knockoff\n>p2 move bodyslam\n>p1 switch 5\n>p2 switch 3\n>p1 move knockoff\n>p2 move lusterpurge", "uploadtime": 1782859654, "views": 23, "formatid": "gen9randombattle", "rating": 1130, "private": 0, "password": null, "player_dets": [{"name": "wartanks", "avatar": "burglar", "rating": 1155, "seed": "sodium,b318216e6ebfb5508b6e8ca29dfbf6c4"}, {"name": "Ilelil33", "avatar": "cynthia-gen4", "rating": 1158, "seed": "sodium,7d5822410e4de53350425ccdd809706f"}], "teams_full": [{"Dachsbun": {"name": "Dachsbun", "species": "Dachsbun", "speciesId": "dachsbun", "gender": "F", "shiny": false, "level": 92, "moves": ["protect", "wish", "playrough", "yawn"], "ability": "Well-Baked Body", "evs": {"hp": 85, "atk": 85, "def": 85, "spa": 85, "spd": 85, "spe": 85}, "ivs": {"hp": 31, "atk": 31, "def": 31, "spa": 31, "spd": 31, "spe": 31}, "item": "Leftovers", "teraType": "Steel", "role": "Bulky Support", "bvs": {"hp": 57, "atk": 80, "def": 115, "spa": 50, "spd": 80, "spe": 95}, "stats": {"hp": 254, "atk": 200, "def": 264, "spa": 144, "spd": 200, "spe": 227}, "types": ["Fairy"]}, "Zarude": {"name": "Zarude", "species": "Zarude-Dada", "speciesId": "zarude", "gender": "N", "shiny": false, "level": 77, "moves": ["knockoff", "closecombat", "swordsdance", "powerwhip"], "ability": "Leaf Guard", "evs": {"hp": 85, "atk": 85, "def": 85, "spa": 85, "spd": 85, "spe": 85}, "ivs": {"hp": 31, "atk": 31, "def": 31, "spa": 31, "spd": 31, "spe": 31}, "item": "Life Orb", "teraType": "Grass", "role": "Fast Bulky Setup", "bvs": {"hp": 105, "atk": 120, "def": 105, "spa": 70, "spd": 95, "spe": 105}, "stats": {"hp": 288, "atk": 229, "def": 206, "spa": 152, "spd": 191, "spe": 206}, "types": ["Dark", "Grass"]}, "Hawlucha": {"name": "Hawlucha", "species": "Hawlucha", "speciesId": "hawlucha", "gender": "F", "shiny": false, "level": 80, "moves": ["swordsdance", "throatchop", "bravebird", "closecombat"], "ability": "Unburden", "evs": {"hp": 85, "atk": 85, "def": 85, "spa": 85, "spd": 85, "spe": 85}, "ivs": {"hp": 31, "atk": 31, "def": 31, "spa": 31, "spd": 31, "spe": 31}, "item": "White Herb", "teraType": "Fighting", "role": "Setup Sweeper", "bvs": {"hp": 78, "atk": 92, "def": 75, "spa": 74, "spd": 63, "spe": 118}, "stats": {"hp": 256, "atk": 193, "def": 166, "spa": 165, "spd": 147, "spe": 235}, "types": ["Fighting", "Flying"]}, "Greedent": {"name": "Greedent", "species": "Greedent", "speciesId": "greedent", "gender": "M", "shiny": false, "level": 86, "moves": ["knockoff", "swordsdance", "doubleedge", "earthquake"], "ability": "Cheek Pouch", "evs": {"hp": 85, "atk": 85, "def": 85, "spa": 85, "spd": 85, "spe": 85}, "ivs": {"hp": 31, "atk": 31, "def": 31, "spa": 31, "spd": 31, "spe": 31}, "item": "Sitrus Berry", "teraType": "Ground", "role": "Bulky Setup", "bvs": {"hp": 120, "atk": 95, "def": 95, "spa": 55, "spd": 75, "spe": 20}, "stats": {"hp": 347, "atk": 213, "def": 213, "spa": 144, "spd": 178, "spe": 84}, "types": ["Normal"]}, "Blaziken": {"name": "Blaziken", "species": "Blaziken", "speciesId": "blaziken", "gender": "M", "shiny": false, "level": 76, "moves": ["closecombat", "knockoff", "flareblitz", "swordsdance"], "ability": "Speed Boost", "evs": {"hp": 85, "atk": 85, "def": 85, "spa": 85, "spd": 85, "spe": 85}, "ivs": {"hp": 31, "atk": 31, "def": 31, "spa": 31, "spd": 31, "spe": 31}, "item": "Life Orb", "teraType": "Dark", "role": "Setup Sweeper", "bvs": {"hp": 80, "atk": 120, "def": 70, "spa": 110, "spd": 70, "spe": 80}, "stats": {"hp": 247, "atk": 226, "def": 150, "spa": 211, "spd": 150, "spe": 166}, "types": ["Fire", "Fighting"]}, "Altaria": {"name": "Altaria", "species": "Altaria", "speciesId": "altaria", "gender": "M", "shiny": false, "level": 89, "moves": ["roost", "dragondance", "bravebird", "earthquake"], "ability": "Natural Cure", "evs": {"hp": 85, "atk": 85, "def": 85, "spa": 85, "spd": 85, "spe": 85}, "ivs": {"hp": 31, "atk": 31, "def": 31, "spa": 31, "spd": 31, "spe": 31}, "item": "Heavy-Duty Boots", "teraType": "Steel", "role": "Bulky Setup", "bvs": {"hp": 75, "atk": 70, "def": 90, "spa": 70, "spd": 105, "spe": 80}, "stats": {"hp": 278, "atk": 175, "def": 211, "spa": 175, "spd": 238, "spe": 193}, "types": ["Dragon", "Flying"]}}, {"Gliscor": {"name": "Gliscor", "species": "Gliscor", "speciesId": "gliscor", "gender": "M", "shiny": false, "level": 76, "moves": ["substitute", "earthquake", "toxic", "protect"], "ability": "Poison Heal", "evs": {"hp": 85, "atk": 85, "def": 85, "spa": 85, "spd": 85, "spe": 85}, "ivs": {"hp": 31, "atk": 31, "def": 31, "spa": 31, "spd": 31, "spe": 31}, "item": "Toxic Orb", "teraType": "Water", "role": "Fast Support", "bvs": {"hp": 75, "atk": 95, "def": 125, "spa": 45, "spd": 75, "spe": 95}, "stats": {"hp": 239, "atk": 188, "def": 234, "spa": 112, "spd": 158, "spe": 188}, "types": ["Ground", "Flying"]}, "Palafin": {"name": "Palafin", "species": "Palafin", "speciesId": "palafin", "gender": "F", "shiny": false, "level": 77, "moves": ["jetpunch", "icepunch", "bulkup", "drainpunch"], "ability": "Zero to Hero", "evs": {"hp": 85, "atk": 85, "def": 85, "spa": 85, "spd": 85, "spe": 85}, "ivs": {"hp": 31, "atk": 31, "def": 31, "spa": 31, "spd": 31, "spe": 31}, "item": "Leftovers", "teraType": "Dragon", "role": "Bulky Setup", "bvs": {"hp": 100, "atk": 70, "def": 72, "spa": 53, "spd": 62, "spe": 100}, "stats": {"hp": 281, "atk": 152, "def": 155, "spa": 126, "spd": 140, "spe": 199}, "types": ["Water"]}, "Latios": {"name": "Latios", "species": "Latios", "speciesId": "latios", "gender": "M", "shiny": false, "level": 78, "moves": ["flipturn", "dracometeor", "aurasphere", "lusterpurge"], "ability": "Levitate", "evs": {"hp": 85, "atk": 85, "def": 85, "spa": 85, "spd": 85, "spe": 85}, "ivs": {"hp": 31, "atk": 31, "def": 31, "spa": 31, "spd": 31, "spe": 31}, "item": "Choice Specs", "teraType": "Dragon", "role": "Fast Attacker", "bvs": {"hp": 80, "atk": 90, "def": 80, "spa": 130, "spd": 110, "spe": 110}, "stats": {"hp": 253, "atk": 185, "def": 170, "spa": 248, "spd": 217, "spe": 217}, "types": ["Dragon", "Psychic"]}, "Kricketune": {"name": "Kricketune", "species": "Kricketune", "speciesId": "kricketune", "gender": "F", "shiny": false, "level": 99, "moves": ["pounce", "stickyweb", "taunt", "knockoff"], "ability": "Technician", "evs": {"hp": 85, "atk": 85, "def": 85, "spa": 85, "spd": 85, "spe": 85}, "ivs": {"hp": 31, "atk": 31, "def": 31, "spa": 31, "spd": 31, "spe": 31}, "item": "Heavy-Duty Boots", "teraType": "Ghost", "role": "Fast Support", "bvs": {"hp": 77, "atk": 85, "def": 51, "spa": 55, "spd": 51, "spe": 65}, "stats": {"hp": 312, "atk": 224, "def": 157, "spa": 165, "spd": 157, "spe": 185}, "types": ["Bug"]}, "Dondozo": {"name": "Dondozo", "species": "Dondozo", "speciesId": "dondozo", "gender": "F", "shiny": false, "level": 78, "moves": ["wavecrash", "curse", "rest", "sleeptalk"], "ability": "Unaware", "evs": {"hp": 85, "atk": 85, "def": 85, "spa": 85, "spd": 85, "spe": 85}, "ivs": {"hp": 31, "atk": 31, "def": 31, "spa": 31, "spd": 31, "spe": 31}, "item": "Leftovers", "teraType": "Dragon", "role": "Bulky Setup", "bvs": {"hp": 150, "atk": 100, "def": 115, "spa": 65, "spd": 65, "spe": 35}, "stats": {"hp": 362, "atk": 201, "def": 224, "spa": 146, "spd": 146, "spe": 100}, "types": ["Water"]}, "Dunsparce": {"name": "Dunsparce", "species": "Dunsparce", "speciesId": "dunsparce", "gender": "F", "shiny": false, "level": 86, "moves": ["roost", "earthquake", "coil", "bodyslam"], "ability": "Serene Grace", "evs": {"hp": 85, "atk": 85, "def": 85, "spa": 85, "spd": 85, "spe": 85}, "ivs": {"hp": 31, "atk": 31, "def": 31, "spa": 31, "spd": 31, "spe": 31}, "item": "Eviolite", "teraType": "Ground", "role": "Bulky Setup", "bvs": {"hp": 100, "atk": 70, "def": 70, "spa": 65, "spd": 65, "spe": 45}, "stats": {"hp": 312, "atk": 170, "def": 170, "spa": 161, "spd": 161, "spe": 127}, "types": ["Normal"]}}]}