{"id": "gen9randombattle-2642033629", "format": "[Gen 9] Random Battle", "players": ["B1ggie", "UngasKanluran"], "log": "|j|\u2606B1ggie\n|j|\u2606UngasKanluran\n|t:|1782876587\n|gametype|singles\n|player|p1|B1ggie|2|1000\n|player|p2|UngasKanluran|hilbert|1000\n|gen|9\n|tier|[Gen 9] Random Battle\n|rated|\n|rule|Species Clause: Limit one of each Pok\u00e9mon\n|rule|HP Percentage Mod: HP is shown in percentages\n|rule|Sleep Clause Mod: Limit one foe put to sleep\n|rule|Illusion Level Mod: Illusion disguises the Pok\u00e9mon's true level\n|\n|t:|1782876587\n|teamsize|p1|6\n|teamsize|p2|6\n|start\n|switch|p1a: Regice|Regice, L88|284/284\n|switch|p2a: Whimsicott|Whimsicott, L84, F|238/238\n|turn|1\n|\n|t:|1782876599\n|move|p2a: Whimsicott|U-turn|p1a: Regice\n|-damage|p1a: Regice|250/284\n|\n|t:|1782876603\n|switch|p2a: Meowstic|Meowstic, L89, M|277/277|[from] U-turn\n|move|p1a: Regice|Ice Beam|p2a: Meowstic\n|-damage|p2a: Meowstic|166/277\n|\n|upkeep\n|turn|2\n|\n|t:|1782876616\n|move|p2a: Meowstic|Light Screen|p2a: Meowstic\n|-sidestart|p2: UngasKanluran|move: Light Screen\n|move|p1a: Regice|Thunderbolt|p2a: Meowstic\n|-damage|p2a: Meowstic|132/277\n|\n|upkeep\n|turn|3\n|\n|t:|1782876634\n|switch|p2a: Jolteon|Jolteon, L84, M|246/246\n|switch|p1a: Umbreon|Umbreon, L84, F|297/297\n|\n|upkeep\n|turn|4\n|\n|t:|1782876649\n|move|p2a: Jolteon|Calm Mind|p2a: Jolteon\n|-boost|p2a: Jolteon|spa|1\n|-boost|p2a: Jolteon|spd|1\n|move|p1a: Umbreon|Toxic|p2a: Jolteon\n|-status|p2a: Jolteon|tox\n|\n|-damage|p2a: Jolteon|231/246 tox|[from] psn\n|upkeep\n|turn|5\n|\n|t:|1782876665\n|switch|p1a: Glimmora|Glimmora, L75, M|248/248\n|move|p2a: Jolteon|Thunderbolt|p1a: Glimmora\n|-damage|p1a: Glimmora|14/248\n|-damage|p2a: Jolteon|207/246 tox|[from] item: Life Orb\n|\n|-damage|p2a: Jolteon|177/246 tox|[from] psn\n|upkeep\n|turn|6\n|\n|t:|1782876683\n|move|p2a: Jolteon|Thunderbolt|p1a: Glimmora\n|-damage|p1a: Glimmora|0 fnt\n|faint|p1a: Glimmora\n|-damage|p2a: Jolteon|153/246 tox|[from] item: Life Orb\n|\n|-damage|p2a: Jolteon|108/246 tox|[from] psn\n|upkeep\n|\n|t:|1782876692\n|switch|p1a: Latias|Latias, L79, F|256/256\n|turn|7\n|\n|t:|1782876700\n|move|p2a: Jolteon|Shadow Ball|p1a: Latias\n|-supereffective|p1a: Latias\n|-damage|p1a: Latias|51/256\n|-damage|p2a: Jolteon|84/246 tox|[from] item: Life Orb\n|move|p1a: Latias|Calm Mind|p1a: Latias\n|-boost|p1a: Latias|spa|1\n|-boost|p1a: Latias|spd|1\n|\n|-damage|p2a: Jolteon|24/246 tox|[from] psn\n|upkeep\n|turn|8\n|\n|t:|1782876711\n|move|p2a: Jolteon|Thunderbolt|p1a: Latias\n|-resisted|p1a: Latias\n|-damage|p1a: Latias|2/256\n|-damage|p2a: Jolteon|0 fnt|[from] item: Life Orb\n|faint|p2a: Jolteon\n|move|p1a: Latias|Recover|p1a: Latias\n|-heal|p1a: Latias|130/256\n|\n|upkeep\n|\n|t:|1782876717\n|switch|p2a: Dodrio|Dodrio, L85, M|241/241\n|turn|9\n|\n|t:|1782876721\n|move|p2a: Dodrio|Brave Bird|p1a: Latias\n|-damage|p1a: Latias|0 fnt\n|faint|p1a: Latias\n|-damage|p2a: Dodrio|198/241|[from] Recoil\n|\n|-sideend|p2: UngasKanluran|move: Light Screen\n|upkeep\n|\n|t:|1782876730\n|switch|p1a: Regice|Regice, L88|250/284\n|turn|10\n|\n|t:|1782876734\n|-terastallize|p2a: Dodrio|Normal\n|move|p2a: Dodrio|Brave Bird|p1a: Regice\n|-damage|p1a: Regice|130/284\n|-damage|p2a: Dodrio|158/241|[from] Recoil\n|move|p1a: Regice|Ice Beam|p2a: Dodrio\n|-damage|p2a: Dodrio|22/241\n|\n|upkeep\n|turn|11\n|\n|t:|1782876752\n|move|p2a: Dodrio|Brave Bird|p1a: Regice\n|-damage|p1a: Regice|4/284\n|-damage|p2a: Dodrio|0 fnt|[from] Recoil\n|faint|p2a: Dodrio\n|move|p1a: Regice|Ice Beam|p2: Dodrio|[notarget]\n|-fail|p1a: Regice\n|\n|upkeep\n|\n|t:|1782876758\n|switch|p2a: Whimsicott|Whimsicott, L84, F|238/238\n|turn|12\n|\n|t:|1782876761\n|move|p2a: Whimsicott|U-turn|p1a: Regice\n|-damage|p1a: Regice|0 fnt\n|faint|p1a: Regice\n|\n|t:|1782876764\n|switch|p2a: Meowstic|Meowstic, L89, M|132/277|[from] U-turn\n|\n|upkeep\n|\n|t:|1782876768\n|switch|p1a: Umbreon|Umbreon, L84, F|297/297\n|turn|13\n|\n|t:|1782876773\n|move|p2a: Meowstic|Alluring Voice|p1a: Umbreon\n|-supereffective|p1a: Umbreon\n|-damage|p1a: Umbreon|207/297\n|move|p1a: Umbreon|Foul Play|p2a: Meowstic\n|-supereffective|p2a: Meowstic\n|-damage|p2a: Meowstic|42/277\n|\n|-heal|p1a: Umbreon|225/297|[from] item: Leftovers\n|upkeep\n|turn|14\n|\n|t:|1782876787\n|move|p2a: Meowstic|Alluring Voice|p1a: Umbreon\n|-supereffective|p1a: Umbreon\n|-damage|p1a: Umbreon|135/297\n|move|p1a: Umbreon|Foul Play|p2a: Meowstic\n|-supereffective|p2a: Meowstic\n|-crit|p2a: Meowstic\n|-damage|p2a: Meowstic|0 fnt\n|faint|p2a: Meowstic\n|\n|-heal|p1a: Umbreon|153/297|[from] item: Leftovers\n|upkeep\n|\n|t:|1782876795\n|switch|p2a: Whimsicott|Whimsicott, L84, F|238/238\n|turn|15\n|\n|t:|1782876803\n|-terastallize|p1a: Umbreon|Poison\n|move|p1a: Umbreon|Protect|p1a: Umbreon\n|-singleturn|p1a: Umbreon|Protect\n|move|p2a: Whimsicott|Moonblast|p1a: Umbreon\n|-activate|p1a: Umbreon|move: Protect\n|\n|-heal|p1a: Umbreon|171/297|[from] item: Leftovers\n|upkeep\n|turn|16\n|\n|t:|1782876815\n|move|p2a: Whimsicott|Stun Spore|p1a: Umbreon|[miss]\n|-miss|p2a: Whimsicott|p1a: Umbreon\n|move|p1a: Umbreon|Toxic|p2a: Whimsicott\n|-status|p2a: Whimsicott|tox\n|\n|-heal|p1a: Umbreon|189/297|[from] item: Leftovers\n|-damage|p2a: Whimsicott|224/238 tox|[from] psn\n|upkeep\n|turn|17\n|\n|t:|1782876850\n|switch|p2a: Torterra|Torterra, L78, F|276/276\n|move|p1a: Umbreon|Protect||[still]\n|-fail|p1a: Umbreon\n|\n|-heal|p1a: Umbreon|207/297|[from] item: Leftovers\n|upkeep\n|turn|18\n|\n|t:|1782876865\n|move|p1a: Umbreon|Toxic|p2a: Torterra\n|-status|p2a: Torterra|tox\n|move|p2a: Torterra|Shell Smash|p2a: Torterra\n|-unboost|p2a: Torterra|def|1\n|-unboost|p2a: Torterra|spd|1\n|-boost|p2a: Torterra|atk|2\n|-boost|p2a: Torterra|spa|2\n|-boost|p2a: Torterra|spe|2\n|\n|-heal|p1a: Umbreon|225/297|[from] item: Leftovers\n|-damage|p2a: Torterra|259/276 tox|[from] psn\n|upkeep\n|turn|19\n|\n|t:|1782876876\n|switch|p1a: Minun|Minun, L95, F|268/268\n|move|p2a: Torterra|Rock Blast|p1a: Minun\n|-damage|p1a: Minun|225/268\n|-damage|p1a: Minun|182/268\n|-damage|p1a: Minun|141/268\n|-damage|p1a: Minun|95/268\n|-hitcount|p1a: Minun|4\n|\n|-damage|p2a: Torterra|225/276 tox|[from] psn\n|upkeep\n|turn|20\n|\n|t:|1782876895\n|move|p2a: Torterra|Bullet Seed|p1a: Minun\n|-damage|p1a: Minun|23/268\n|-damage|p1a: Minun|0 fnt\n|faint|p1a: Minun\n|-hitcount|p1: Minun|2\n|\n|-damage|p2a: Torterra|174/276 tox|[from] psn\n|upkeep\n|\n|t:|1782876905\n|switch|p1a: Golduck|Golduck, L90, M|290/290\n|-ability|p1a: Golduck|Cloud Nine\n|turn|21\n|\n|t:|1782876910\n|move|p2a: Torterra|Bullet Seed|p1a: Golduck\n|-supereffective|p1a: Golduck\n|-damage|p1a: Golduck|186/290\n|-supereffective|p1a: Golduck\n|-damage|p1a: Golduck|88/290\n|-supereffective|p1a: Golduck\n|-damage|p1a: Golduck|0 fnt\n|faint|p1a: Golduck\n|-hitcount|p1: Golduck|3\n|\n|-damage|p2a: Torterra|106/276 tox|[from] psn\n|upkeep\n|\n|t:|1782876921\n|switch|p1a: Umbreon|Umbreon, L84, F, tera:Poison|225/297\n|turn|22\n|\n|t:|1782876924\n|move|p2a: Torterra|Headlong Rush|p1a: Umbreon\n|-supereffective|p1a: Umbreon\n|-damage|p1a: Umbreon|0 fnt\n|-unboost|p2a: Torterra|def|1\n|-unboost|p2a: Torterra|spd|1\n|faint|p1a: Umbreon\n|\n|win|UngasKanluran\n|raw|B1ggie's rating: 1000 &rarr; <strong>1000</strong><br />(+0 for losing)\n|raw|UngasKanluran's rating: 1000 &rarr; <strong>1040</strong><br />(+40 for winning)\n|c|\u2606UngasKanluran|noob\n|c|\u2606UngasKanluran|ez\n|c|\u2606UngasKanluran|staller noob\n", "inputlog": ">version f8ac14003a5f27e1bdc8d8c59608a773c1cb96e5\n>start {\"formatid\":\"gen9randombattle\",\"seed\":\"sodium,9519f22c8ca4d0fac6feabf5220cab54\",\"rated\":\"Rated battle\"}\n>player p1 {\"name\":\"B1ggie\",\"avatar\":\"2\",\"rating\":1000,\"seed\":\"sodium,2ecbbf793ecc476ef4331676df04a159\"}\n>player p2 {\"name\":\"UngasKanluran\",\"avatar\":\"hilbert\",\"rating\":1000,\"seed\":\"sodium,160b1aacd0e623821fbac0afdce3f000\"}\n>p1 move icebeam\n>p2 move uturn\n>p2 switch 6\n>p1 move thunderbolt\n>p2 move lightscreen\n>p1 switch 5\n>p2 switch 5\n>p1 move toxic\n>p2 move calmmind\n>p1 switch 6\n>p2 move thunderbolt\n>p1 move earthpower\n>p2 move thunderbolt\n>p1 switch 3\n>p1 move calmmind\n>p2 move shadowball\n>p1 move recover\n>p2 move thunderbolt\n>p2 switch 3\n>p1 move psyshock\n>p2 move bravebird\n>p1 switch 5\n>p1 move icebeam\n>p2 move bravebird terastallize\n>p1 move icebeam\n>p2 move bravebird\n>p2 switch 6\n>p1 move rest\n>p2 move uturn\n>p2 switch 5\n>p1 switch 6\n>p1 move foulplay\n>p2 move alluringvoice\n>p1 move foulplay\n>p2 move alluringvoice\n>p2 switch 5\n>p1 move protect terastallize\n>p2 move moonblast\n>p1 move toxic\n>p2 move stunspore\n>p1 move protect\n>p2 switch 2\n>p1 move toxic\n>p2 move shellsmash\n>p1 switch 4\n>p2 move rockblast\n>p1 move alluringvoice\n>p2 move bulletseed\n>p1 switch 2\n>p1 move icebeam\n>p2 move bulletseed\n>p1 switch 4\n>p1 move foulplay\n>p2 move headlongrush", "uploadtime": 1782876935, "views": 3, "formatid": "gen9randombattle", "rating": 1000, "private": 0, "password": null, "player_dets": [{"name": "B1ggie", "avatar": "2", "rating": 1000, "seed": "sodium,2ecbbf793ecc476ef4331676df04a159"}, {"name": "UngasKanluran", "avatar": "hilbert", "rating": 1000, "seed": "sodium,160b1aacd0e623821fbac0afdce3f000"}], "teams_full": [{"Regice": {"name": "Regice", "species": "Regice", "speciesId": "regice", "gender": "N", "shiny": false, "level": 88, "moves": ["rest", "icebeam", "sleeptalk", "thunderbolt"], "ability": "Clear Body", "evs": {"hp": 85, "atk": 0, "def": 85, "spa": 85, "spd": 85, "spe": 85}, "ivs": {"hp": 31, "atk": 0, "def": 31, "spa": 31, "spd": 31, "spe": 31}, "item": "Heavy-Duty Boots", "teraType": "Electric", "role": "Bulky Attacker", "bvs": {"hp": 80, "atk": 50, "def": 100, "spa": 100, "spd": 200, "spe": 50}, "stats": {"hp": 284, "atk": 93, "def": 226, "spa": 226, "spd": 402, "spe": 138}, "types": ["Ice"]}, "Golduck": {"name": "Golduck", "species": "Golduck", "speciesId": "golduck", "gender": "M", "shiny": false, "level": 90, "moves": ["icebeam", "hydropump", "grassknot", "nastyplot"], "ability": "Cloud Nine", "evs": {"hp": 85, "atk": 0, "def": 85, "spa": 85, "spd": 85, "spe": 85}, "ivs": {"hp": 31, "atk": 0, "def": 31, "spa": 31, "spd": 31, "spe": 31}, "item": "Leftovers", "teraType": "Water", "role": "Bulky Setup", "bvs": {"hp": 80, "atk": 82, "def": 78, "spa": 95, "spd": 80, "spe": 85}, "stats": {"hp": 290, "atk": 152, "def": 192, "spa": 222, "spd": 195, "spe": 204}, "types": ["Water"]}, "Latias": {"name": "Latias", "species": "Latias", "speciesId": "latias", "gender": "F", "shiny": false, "level": 79, "moves": ["dracometeor", "calmmind", "psyshock", "recover"], "ability": "Levitate", "evs": {"hp": 85, "atk": 0, "def": 85, "spa": 85, "spd": 85, "spe": 85}, "ivs": {"hp": 31, "atk": 0, "def": 31, "spa": 31, "spd": 31, "spe": 31}, "item": "Soul Dew", "teraType": "Steel", "role": "Fast Bulky Setup", "bvs": {"hp": 80, "atk": 80, "def": 90, "spa": 110, "spd": 130, "spe": 110}, "stats": {"hp": 256, "atk": 131, "def": 188, "spa": 219, "spd": 251, "spe": 219}, "types": ["Dragon", "Psychic"]}, "Minun": {"name": "Minun", "species": "Minun", "speciesId": "minun", "gender": "F", "shiny": false, "level": 95, "moves": ["nastyplot", "grassknot", "alluringvoice", "thunderbolt"], "ability": "Volt Absorb", "evs": {"hp": 85, "atk": 0, "def": 85, "spa": 85, "spd": 85, "spe": 85}, "ivs": {"hp": 31, "atk": 0, "def": 31, "spa": 31, "spd": 31, "spe": 31}, "item": "Life Orb", "teraType": "Grass", "role": "Setup Sweeper", "bvs": {"hp": 60, "atk": 40, "def": 50, "spa": 75, "spd": 85, "spe": 95}, "stats": {"hp": 268, "atk": 81, "def": 149, "spa": 196, "spd": 215, "spe": 234}, "types": ["Electric"]}, "Umbreon": {"name": "Umbreon", "species": "Umbreon", "speciesId": "umbreon", "gender": "F", "shiny": false, "level": 84, "moves": ["toxic", "protect", "wish", "foulplay"], "ability": "Synchronize", "evs": {"hp": 85, "atk": 0, "def": 85, "spa": 85, "spd": 85, "spe": 85}, "ivs": {"hp": 31, "atk": 0, "def": 31, "spa": 31, "spd": 31, "spe": 31}, "item": "Leftovers", "teraType": "Poison", "role": "Bulky Support", "bvs": {"hp": 95, "atk": 65, "def": 110, "spa": 60, "spd": 130, "spe": 65}, "stats": {"hp": 297, "atk": 114, "def": 233, "spa": 149, "spd": 267, "spe": 157}, "types": ["Dark"]}, "Glimmora": {"name": "Glimmora", "species": "Glimmora", "speciesId": "glimmora", "gender": "M", "shiny": false, "level": 75, "moves": ["earthpower", "energyball", "sludgewave", "meteorbeam"], "ability": "Toxic Debris", "evs": {"hp": 85, "atk": 0, "def": 85, "spa": 85, "spd": 85, "spe": 85}, "ivs": {"hp": 31, "atk": 0, "def": 31, "spa": 31, "spd": 31, "spe": 31}, "item": "Power Herb", "teraType": "Grass", "role": "Setup Sweeper", "bvs": {"hp": 83, "atk": 55, "def": 90, "spa": 130, "spd": 81, "spe": 86}, "stats": {"hp": 248, "atk": 87, "def": 179, "spa": 239, "spd": 165, "spe": 173}, "types": ["Rock", "Poison"]}}, {"Whimsicott": {"name": "Whimsicott", "species": "Whimsicott", "speciesId": "whimsicott", "gender": "F", "shiny": false, "level": 84, "moves": ["gigadrain", "uturn", "stunspore", "moonblast"], "ability": "Prankster", "evs": {"hp": 85, "atk": 85, "def": 85, "spa": 85, "spd": 85, "spe": 85}, "ivs": {"hp": 31, "atk": 31, "def": 31, "spa": 31, "spd": 31, "spe": 31}, "item": "Heavy-Duty Boots", "teraType": "Steel", "role": "Fast Support", "bvs": {"hp": 60, "atk": 67, "def": 85, "spa": 77, "spd": 75, "spe": 116}, "stats": {"hp": 238, "atk": 161, "def": 191, "spa": 178, "spd": 174, "spe": 243}, "types": ["Grass", "Fairy"]}, "Torterra": {"name": "Torterra", "species": "Torterra", "speciesId": "torterra", "gender": "F", "shiny": false, "level": 78, "moves": ["shellsmash", "bulletseed", "rockblast", "headlongrush"], "ability": "Overgrow", "evs": {"hp": 85, "atk": 85, "def": 85, "spa": 85, "spd": 85, "spe": 85}, "ivs": {"hp": 31, "atk": 31, "def": 31, "spa": 31, "spd": 31, "spe": 31}, "item": "Loaded Dice", "teraType": "Ground", "role": "Setup Sweeper", "bvs": {"hp": 95, "atk": 109, "def": 105, "spa": 75, "spd": 85, "spe": 56}, "stats": {"hp": 276, "atk": 215, "def": 209, "spa": 162, "spd": 178, "spe": 132}, "types": ["Grass", "Ground"]}, "Dodrio": {"name": "Dodrio", "species": "Dodrio", "speciesId": "dodrio", "gender": "M", "shiny": false, "level": 85, "moves": ["doubleedge", "swordsdance", "drillrun", "bravebird"], "ability": "Early Bird", "evs": {"hp": 85, "atk": 85, "def": 85, "spa": 85, "spd": 85, "spe": 85}, "ivs": {"hp": 31, "atk": 31, "def": 31, "spa": 31, "spd": 31, "spe": 31}, "item": "Heavy-Duty Boots", "teraType": "Normal", "role": "Setup Sweeper", "bvs": {"hp": 60, "atk": 110, "def": 70, "spa": 60, "spd": 60, "spe": 110}, "stats": {"hp": 241, "atk": 236, "def": 168, "spa": 151, "spd": 151, "spe": 236}, "types": ["Normal", "Flying"]}, "Mismagius": {"name": "Mismagius", "species": "Mismagius", "speciesId": "mismagius", "gender": "M", "shiny": false, "level": 86, "moves": ["energyball", "thunderbolt", "shadowball", "trick"], "ability": "Levitate", "evs": {"hp": 85, "atk": 0, "def": 85, "spa": 85, "spd": 85, "spe": 85}, "ivs": {"hp": 31, "atk": 0, "def": 31, "spa": 31, "spd": 31, "spe": 31}, "item": "Choice Specs", "teraType": "Ghost", "role": "Wallbreaker", "bvs": {"hp": 60, "atk": 60, "def": 60, "spa": 105, "spd": 105, "spe": 105}, "stats": {"hp": 243, "atk": 108, "def": 152, "spa": 230, "spd": 230, "spe": 230}, "types": ["Ghost"]}, "Jolteon": {"name": "Jolteon", "species": "Jolteon", "speciesId": "jolteon", "gender": "M", "shiny": false, "level": 84, "moves": ["alluringvoice", "shadowball", "thunderbolt", "calmmind"], "ability": "Volt Absorb", "evs": {"hp": 85, "atk": 0, "def": 85, "spa": 85, "spd": 85, "spe": 85}, "ivs": {"hp": 31, "atk": 0, "def": 31, "spa": 31, "spd": 31, "spe": 31}, "item": "Life Orb", "teraType": "Electric", "role": "Fast Attacker", "bvs": {"hp": 65, "atk": 65, "def": 60, "spa": 110, "spd": 95, "spe": 130}, "stats": {"hp": 246, "atk": 114, "def": 149, "spa": 233, "spd": 208, "spe": 267}, "types": ["Electric"]}, "Meowstic": {"name": "Meowstic", "species": "Meowstic", "speciesId": "meowstic", "gender": "M", "shiny": false, "level": 89, "moves": ["alluringvoice", "lightscreen", "psychicnoise", "reflect"], "ability": "Prankster", "evs": {"hp": 85, "atk": 0, "def": 85, "spa": 85, "spd": 85, "spe": 85}, "ivs": {"hp": 31, "atk": 0, "def": 31, "spa": 31, "spd": 31, "spe": 31}, "item": "Light Clay", "teraType": "Fairy", "role": "Bulky Support", "bvs": {"hp": 74, "atk": 48, "def": 76, "spa": 83, "spd": 81, "spe": 104}, "stats": {"hp": 277, "atk": 90, "def": 186, "spa": 199, "spd": 195, "spe": 236}, "types": ["Psychic"]}}]}