{"id": "gen9randombattle-2641804872", "format": "[Gen 9] Random Battle", "players": ["UltraBallzz", "smasher04"], "log": "|badge|p1|bronze|gen9ou|100-9\n|uhtml|medal-msg|<div class=\"broadcast-blue\">Curious what those medals under the avatar are? PS now has Ladder Seasons! For more information, check out the <a href=\"https://www.smogon.com/forums/threads/3740067/\">thread on Smogon.</a></div>\n|j|\u2606UltraBallzz\n|j|\u2606smasher04\n|t:|1782843958\n|gametype|singles\n|player|p1|UltraBallzz|#splxbigs|2007\n|player|p2|smasher04|twins-gen4|1962\n|gen|9\n|tier|[Gen 9] Random Battle\n|rated|\n|rule|Species Clause: Limit one of each Pok\u00e9mon\n|rule|HP Percentage Mod: HP is shown in percentages\n|rule|Sleep Clause Mod: Limit one foe put to sleep\n|rule|Illusion Level Mod: Illusion disguises the Pok\u00e9mon's true level\n|\n|t:|1782843958\n|teamsize|p1|6\n|teamsize|p2|6\n|start\n|switch|p1a: Azumarill|Azumarill, L82, F|298/298\n|switch|p2a: Trevenant|Trevenant, L89, M|296/296\n|turn|1\n|inactive|Battle timer is ON: inactive players will automatically lose when time's up. (requested by UltraBallzz)\n|\n|t:|1782843985\n|move|p2a: Trevenant|Poltergeist|p1a: Azumarill\n|-activate|p1a: Azumarill|move: Poltergeist|Choice Band\n|-damage|p1a: Azumarill|80/298\n|-damage|p2a: Trevenant|267/296|[from] item: Life Orb\n|move|p1a: Azumarill|Play Rough|p2a: Trevenant|[miss]\n|-miss|p1a: Azumarill|p2a: Trevenant\n|\n|upkeep\n|turn|2\n|\n|t:|1782843995\n|switch|p1a: Vigoroth|Vigoroth, L85, F|275/275\n|move|p2a: Trevenant|Horn Leech|p1a: Vigoroth\n|-damage|p1a: Vigoroth|178/275\n|-heal|p2a: Trevenant|296/296|[from] drain|[of] p1a: Vigoroth\n|-damage|p2a: Trevenant|267/296|[from] item: Life Orb\n|\n|upkeep\n|turn|3\n|\n|t:|1782844006\n|switch|p2a: Bellibolt|Bellibolt, L84, F|320/320\n|move|p1a: Vigoroth|Bulk Up|p1a: Vigoroth\n|-boost|p1a: Vigoroth|atk|1\n|-boost|p1a: Vigoroth|def|1\n|\n|upkeep\n|turn|4\n|\n|t:|1782844016\n|move|p1a: Vigoroth|Earthquake|p2a: Bellibolt\n|-supereffective|p2a: Bellibolt\n|-damage|p2a: Bellibolt|140/320\n|-start|p2a: Bellibolt|Charge|Earthquake|[from] ability: Electromorphosis\n|move|p2a: Bellibolt|Toxic|p1a: Vigoroth\n|-status|p1a: Vigoroth|tox\n|\n|-heal|p2a: Bellibolt|160/320|[from] item: Leftovers\n|-damage|p1a: Vigoroth|161/275 tox|[from] psn\n|upkeep\n|turn|5\n|\n|t:|1782844022\n|switch|p2a: Uxie|Uxie, L83|260/260\n|move|p1a: Vigoroth|Earthquake|p2a: Uxie\n|-immune|p2a: Uxie|[from] ability: Levitate\n|\n|-damage|p1a: Vigoroth|127/275 tox|[from] psn\n|upkeep\n|turn|6\n|\n|t:|1782844028\n|move|p2a: Uxie|Encore|p1a: Vigoroth\n|-start|p1a: Vigoroth|Encore\n|move|p1a: Vigoroth|Earthquake|p2a: Uxie\n|-immune|p2a: Uxie|[from] ability: Levitate\n|\n|-damage|p1a: Vigoroth|76/275 tox|[from] psn\n|upkeep\n|turn|7\n|\n|t:|1782844032\n|switch|p1a: Darkrai|Darkrai, L77|234/234\n|move|p2a: Uxie|Psychic Noise|p1a: Darkrai\n|-immune|p1a: Darkrai\n|\n|upkeep\n|turn|8\n|\n|t:|1782844038\n|move|p1a: Darkrai|Substitute|p1a: Darkrai\n|-start|p1a: Darkrai|Substitute\n|-damage|p1a: Darkrai|176/234\n|move|p2a: Uxie|U-turn|p1a: Darkrai\n|-supereffective|p1a: Darkrai\n|-end|p1a: Darkrai|Substitute\n|\n|t:|1782844046\n|switch|p2a: Appletun|Appletun, L92, M|352/352|[from] U-turn\n|\n|-heal|p1a: Darkrai|190/234|[from] item: Leftovers\n|upkeep\n|turn|9\n|\n|t:|1782844053\n|switch|p1a: Vigoroth|Vigoroth, L85, F|76/275 tox\n|move|p2a: Appletun|Apple Acid|p1a: Vigoroth\n|-damage|p1a: Vigoroth|0 fnt\n|faint|p1a: Vigoroth\n|\n|upkeep\n|\n|t:|1782844057\n|switch|p1a: Gardevoir|Gardevoir, L83, F|249/249\n|-ability|p1a: Gardevoir|Thick Fat|Trace|[from] ability: Trace|[of] p2a: Appletun\n|turn|10\n|\n|t:|1782844066\n|switch|p2a: Uxie|Uxie, L83|260/260\n|move|p1a: Gardevoir|Moonblast|p2a: Uxie\n|-damage|p2a: Uxie|143/260\n|-damage|p1a: Gardevoir|225/249|[from] item: Life Orb\n|\n|-heal|p2a: Uxie|159/260|[from] item: Leftovers\n|upkeep\n|turn|11\n|\n|t:|1782844077\n|move|p2a: Uxie|U-turn|p1a: Gardevoir\n|-damage|p1a: Gardevoir|172/249\n|\n|t:|1782844081\n|switch|p2a: Revavroom|Revavroom, L79, F|256/256|[from] U-turn\n|move|p1a: Gardevoir|Moonblast|p2a: Revavroom\n|-resisted|p2a: Revavroom\n|-damage|p2a: Revavroom|201/256\n|-damage|p1a: Gardevoir|148/249|[from] item: Life Orb\n|\n|upkeep\n|turn|12\n|\n|t:|1782844095\n|move|p2a: Revavroom|Gunk Shot|p1a: Gardevoir|[miss]\n|-miss|p2a: Revavroom|p1a: Gardevoir\n|move|p1a: Gardevoir|Focus Blast|p2a: Revavroom|[miss]\n|-miss|p1a: Gardevoir|p2a: Revavroom\n|\n|upkeep\n|turn|13\n|\n|t:|1782844102\n|switch|p1a: Azumarill|Azumarill, L82, F|80/298\n|move|p2a: Revavroom|Gunk Shot|p1a: Azumarill\n|-supereffective|p1a: Azumarill\n|-damage|p1a: Azumarill|0 fnt\n|faint|p1a: Azumarill\n|-damage|p2a: Revavroom|176/256|[from] item: Life Orb\n|\n|upkeep\n|\n|t:|1782844113\n|switch|p1a: Gallade|Gallade, L80, M|240/240\n|turn|14\n|\n|t:|1782844119\n|move|p2a: Revavroom|Gunk Shot|p1a: Gallade\n|-damage|p1a: Gallade|0 fnt\n|faint|p1a: Gallade\n|-damage|p2a: Revavroom|151/256|[from] item: Life Orb\n|\n|upkeep\n|\n|t:|1782844126\n|switch|p1a: Breloom|Breloom, L83, F|235/235\n|turn|15\n|\n|t:|1782844129\n|move|p1a: Breloom|Mach Punch|p2a: Revavroom\n|-damage|p2a: Revavroom|42/256\n|-damage|p1a: Breloom|212/235|[from] item: Life Orb\n|move|p2a: Revavroom|Gunk Shot|p1a: Breloom\n|-supereffective|p1a: Breloom\n|-damage|p1a: Breloom|0 fnt\n|faint|p1a: Breloom\n|-damage|p2a: Revavroom|17/256|[from] item: Life Orb\n|\n|upkeep\n|\n|t:|1782844131\n|switch|p1a: Darkrai|Darkrai, L77|190/234\n|turn|16\n|\n|t:|1782844141\n|switch|p2a: Bellibolt|Bellibolt, L84, F|160/320\n|-terastallize|p1a: Darkrai|Poison\n|move|p1a: Darkrai|Nasty Plot|p1a: Darkrai\n|-boost|p1a: Darkrai|spa|2\n|\n|-heal|p1a: Darkrai|204/234|[from] item: Leftovers\n|-heal|p2a: Bellibolt|180/320|[from] item: Leftovers\n|upkeep\n|turn|17\n|\n|t:|1782844147\n|move|p1a: Darkrai|Sludge Bomb|p2a: Bellibolt\n|-damage|p2a: Bellibolt|0 fnt\n|faint|p2a: Bellibolt\n|\n|-heal|p1a: Darkrai|218/234|[from] item: Leftovers\n|upkeep\n|\n|t:|1782844151\n|switch|p2a: Dusknoir|Dusknoir, L89, M|225/225\n|-item|p1a: Darkrai|Leftovers|[from] ability: Frisk|[of] p2a: Dusknoir\n|turn|18\n|\n|t:|1782844158\n|-terastallize|p2a: Dusknoir|Fairy\n|move|p1a: Darkrai|Dark Pulse|p2a: Dusknoir\n|-resisted|p2a: Dusknoir\n|-damage|p2a: Dusknoir|165/225\n|move|p2a: Dusknoir|Poltergeist|p1a: Darkrai\n|-activate|p1a: Darkrai|move: Poltergeist|Leftovers\n|-damage|p1a: Darkrai|85/234\n|\n|-heal|p1a: Darkrai|99/234|[from] item: Leftovers\n|-heal|p2a: Dusknoir|179/225|[from] item: Leftovers\n|upkeep\n|turn|19\n|\n|t:|1782844163\n|move|p2a: Dusknoir|Shadow Sneak|p1a: Darkrai\n|-damage|p1a: Darkrai|47/234\n|move|p1a: Darkrai|Sludge Bomb|p2a: Dusknoir\n|-supereffective|p2a: Dusknoir\n|-damage|p2a: Dusknoir|0 fnt\n|faint|p2a: Dusknoir\n|\n|-heal|p1a: Darkrai|61/234|[from] item: Leftovers\n|upkeep\n|\n|t:|1782844167\n|switch|p2a: Appletun|Appletun, L92, M|352/352\n|turn|20\n|\n|t:|1782844170\n|move|p1a: Darkrai|Sludge Bomb|p2a: Appletun\n|-supereffective|p2a: Appletun\n|-damage|p2a: Appletun|0 fnt\n|faint|p2a: Appletun\n|\n|-heal|p1a: Darkrai|75/234|[from] item: Leftovers\n|upkeep\n|c|\u2606UltraBallzz|Gg\n|-message|smasher04 forfeited.\n|\n|win|UltraBallzz\n|raw|UltraBallzz's rating: 2007 &rarr; <strong>2024</strong><br />(+17 for winning)\n|raw|smasher04's rating: 1962 &rarr; <strong>1945</strong><br />(-17 for losing)\n", "inputlog": ">version f8ac14003a5f27e1bdc8d8c59608a773c1cb96e5\n>start {\"formatid\":\"gen9randombattle\",\"seed\":\"sodium,e020b4ebb413b853143dbecb4b88cf1f\",\"rated\":\"Rated battle\"}\n>player p1 {\"name\":\"UltraBallzz\",\"avatar\":\"#splxbigs\",\"rating\":2007,\"seed\":\"sodium,a32b10e068cf1e8ff5cf8b6d8bbf7603\"}\n>player p2 {\"name\":\"smasher04\",\"avatar\":\"twins-gen4\",\"rating\":1962,\"seed\":\"sodium,8c36403e2f692c046a9d69da15b046be\"}\n>p1 move playrough\n>p2 move poltergeist\n>p1 switch 4\n>p2 move hornleech\n>p1 move bulkup\n>p2 switch 5\n>p1 move earthquake\n>p2 move toxic\n>p1 move earthquake\n>p2 switch 3\n>p1 move bodyslam\n>p2 move encore\n>p1 switch 3\n>p2 move psychicnoise\n>p1 move substitute\n>p2 move uturn\n>p2 switch 6\n>p1 switch 3\n>p2 move appleacid\n>p1 switch 5\n>p1 move moonblast\n>p2 switch 6\n>p1 move moonblast\n>p2 move uturn\n>p2 switch 4\n>p1 move focusblast\n>p2 move gunkshot\n>p1 switch 4\n>p2 move gunkshot\n>p1 switch 6\n>p1 move agility\n>p2 move gunkshot\n>p1 switch 2\n>p1 move machpunch\n>p2 move gunkshot\n>p1 switch 3\n>p1 move nastyplot terastallize\n>p2 switch 3\n>p1 move sludgebomb\n>p2 move thunderbolt\n>p2 switch 2\n>p1 move darkpulse\n>p2 move poltergeist terastallize\n>p1 move sludgebomb\n>p2 move shadowsneak\n>p2 switch 6\n>p1 move sludgebomb\n>p2 move dragonpulse\n>chat \u2606UltraBallzz|Gg\n>forcelose p2", "uploadtime": 1782844176, "views": 8, "formatid": "gen9randombattle", "rating": 1945, "private": 0, "password": null, "player_dets": [{"name": "UltraBallzz", "avatar": "#splxbigs", "rating": 2007, "seed": "sodium,a32b10e068cf1e8ff5cf8b6d8bbf7603"}, {"name": "smasher04", "avatar": "twins-gen4", "rating": 1962, "seed": "sodium,8c36403e2f692c046a9d69da15b046be"}], "teams_full": [{"Azumarill": {"name": "Azumarill", "species": "Azumarill", "speciesId": "azumarill", "gender": "F", "shiny": false, "level": 82, "moves": ["liquidation", "aquajet", "playrough", "superpower"], "ability": "Huge Power", "evs": {"hp": 85, "atk": 85, "def": 85, "spa": 85, "spd": 85, "spe": 85}, "ivs": {"hp": 31, "atk": 31, "def": 31, "spa": 31, "spd": 31, "spe": 31}, "item": "Choice Band", "teraType": "Water", "role": "Bulky Attacker", "bvs": {"hp": 100, "atk": 50, "def": 80, "spa": 60, "spd": 80, "spe": 50}, "stats": {"hp": 298, "atk": 129, "def": 178, "spa": 146, "spd": 178, "spe": 129}, "types": ["Water", "Fairy"]}, "Breloom": {"name": "Breloom", "species": "Breloom", "speciesId": "breloom", "gender": "F", "shiny": false, "level": 83, "moves": ["machpunch", "bulletseed", "spore", "rocktomb"], "ability": "Technician", "evs": {"hp": 85, "atk": 85, "def": 85, "spa": 85, "spd": 85, "spe": 85}, "ivs": {"hp": 31, "atk": 31, "def": 31, "spa": 31, "spd": 31, "spe": 31}, "item": "Life Orb", "teraType": "Fighting", "role": "Fast Attacker", "bvs": {"hp": 60, "atk": 130, "def": 80, "spa": 60, "spd": 60, "spe": 70}, "stats": {"hp": 235, "atk": 263, "def": 180, "spa": 147, "spd": 147, "spe": 164}, "types": ["Grass", "Fighting"]}, "Darkrai": {"name": "Darkrai", "species": "Darkrai", "speciesId": "darkrai", "gender": "N", "shiny": false, "level": 77, "moves": ["sludgebomb", "nastyplot", "substitute", "darkpulse"], "ability": "Bad Dreams", "evs": {"hp": 85, "atk": 0, "def": 85, "spa": 85, "spd": 85, "spe": 85}, "ivs": {"hp": 31, "atk": 0, "def": 31, "spa": 31, "spd": 31, "spe": 31}, "item": "Leftovers", "teraType": "Poison", "role": "Setup Sweeper", "bvs": {"hp": 70, "atk": 90, "def": 90, "spa": 135, "spd": 90, "spe": 125}, "stats": {"hp": 234, "atk": 143, "def": 183, "spa": 252, "spd": 183, "spe": 237}, "types": ["Dark"]}, "Vigoroth": {"name": "Vigoroth", "species": "Vigoroth", "speciesId": "vigoroth", "gender": "F", "shiny": false, "level": 85, "moves": ["bulkup", "bodyslam", "earthquake", "slackoff"], "ability": "Vital Spirit", "evs": {"hp": 85, "atk": 85, "def": 85, "spa": 85, "spd": 85, "spe": 85}, "ivs": {"hp": 31, "atk": 31, "def": 31, "spa": 31, "spd": 31, "spe": 31}, "item": "Eviolite", "teraType": "Ground", "role": "Bulky Attacker", "bvs": {"hp": 80, "atk": 80, "def": 80, "spa": 55, "spd": 55, "spe": 90}, "stats": {"hp": 275, "atk": 185, "def": 185, "spa": 142, "spd": 142, "spe": 202}, "types": ["Normal"]}, "Gardevoir": {"name": "Gardevoir", "species": "Gardevoir", "speciesId": "gardevoir", "gender": "F", "shiny": false, "level": 83, "moves": ["focusblast", "moonblast", "calmmind", "psychic"], "ability": "Trace", "evs": {"hp": 85, "atk": 0, "def": 85, "spa": 85, "spd": 85, "spe": 85}, "ivs": {"hp": 31, "atk": 0, "def": 31, "spa": 31, "spd": 31, "spe": 31}, "item": "Life Orb", "teraType": "Fighting", "role": "Fast Attacker", "bvs": {"hp": 68, "atk": 65, "def": 65, "spa": 125, "spd": 115, "spe": 80}, "stats": {"hp": 249, "atk": 112, "def": 156, "spa": 255, "spd": 239, "spe": 180}, "types": ["Psychic", "Fairy"]}, "Gallade": {"name": "Gallade", "species": "Gallade", "speciesId": "gallade", "gender": "M", "shiny": false, "level": 80, "moves": ["sacredsword", "agility", "nightslash", "psychocut"], "ability": "Sharpness", "evs": {"hp": 85, "atk": 85, "def": 85, "spa": 85, "spd": 85, "spe": 85}, "ivs": {"hp": 31, "atk": 31, "def": 31, "spa": 31, "spd": 31, "spe": 31}, "item": "Life Orb", "teraType": "Dark", "role": "Setup Sweeper", "bvs": {"hp": 68, "atk": 125, "def": 65, "spa": 65, "spd": 115, "spe": 80}, "stats": {"hp": 240, "atk": 246, "def": 150, "spa": 150, "spd": 230, "spe": 174}, "types": ["Psychic", "Fighting"]}}, {"Trevenant": {"name": "Trevenant", "species": "Trevenant", "speciesId": "trevenant", "gender": "M", "shiny": false, "level": 89, "moves": ["poltergeist", "hornleech", "rest", "drainpunch"], "ability": "Natural Cure", "evs": {"hp": 85, "atk": 85, "def": 85, "spa": 85, "spd": 85, "spe": 85}, "ivs": {"hp": 31, "atk": 31, "def": 31, "spa": 31, "spd": 31, "spe": 31}, "item": "Life Orb", "teraType": "Fighting", "role": "Wallbreaker", "bvs": {"hp": 85, "atk": 110, "def": 76, "spa": 65, "spd": 82, "spe": 56}, "stats": {"hp": 296, "atk": 247, "def": 186, "spa": 166, "spd": 197, "spe": 150}, "types": ["Ghost", "Grass"]}, "Dusknoir": {"name": "Dusknoir", "species": "Dusknoir", "speciesId": "dusknoir", "gender": "M", "shiny": false, "level": 89, "moves": ["shadowsneak", "willowisp", "painsplit", "poltergeist"], "ability": "Frisk", "evs": {"hp": 85, "atk": 85, "def": 85, "spa": 85, "spd": 85, "spe": 85}, "ivs": {"hp": 31, "atk": 31, "def": 31, "spa": 31, "spd": 31, "spe": 31}, "item": "Leftovers", "teraType": "Fairy", "role": "Bulky Support", "bvs": {"hp": 45, "atk": 100, "def": 135, "spa": 65, "spd": 135, "spe": 45}, "stats": {"hp": 225, "atk": 229, "def": 291, "spa": 166, "spd": 291, "spe": 131}, "types": ["Ghost"]}, "Uxie": {"name": "Uxie", "species": "Uxie", "speciesId": "uxie", "gender": "N", "shiny": false, "level": 83, "moves": ["uturn", "thunderwave", "psychicnoise", "encore"], "ability": "Levitate", "evs": {"hp": 85, "atk": 85, "def": 85, "spa": 85, "spd": 85, "spe": 85}, "ivs": {"hp": 31, "atk": 31, "def": 31, "spa": 31, "spd": 31, "spe": 31}, "item": "Leftovers", "teraType": "Dark", "role": "Bulky Support", "bvs": {"hp": 75, "atk": 75, "def": 130, "spa": 75, "spd": 130, "spe": 95}, "stats": {"hp": 260, "atk": 172, "def": 263, "spa": 172, "spd": 263, "spe": 205}, "types": ["Psychic"]}, "Revavroom": {"name": "Revavroom", "species": "Revavroom", "speciesId": "revavroom", "gender": "F", "shiny": false, "level": 79, "moves": ["highhorsepower", "shiftgear", "gunkshot", "ironhead"], "ability": "Filter", "evs": {"hp": 85, "atk": 85, "def": 85, "spa": 85, "spd": 85, "spe": 85}, "ivs": {"hp": 31, "atk": 31, "def": 31, "spa": 31, "spd": 31, "spe": 31}, "item": "Life Orb", "teraType": "Ground", "role": "Fast Attacker", "bvs": {"hp": 80, "atk": 119, "def": 90, "spa": 54, "spd": 67, "spe": 90}, "stats": {"hp": 256, "atk": 234, "def": 188, "spa": 131, "spd": 151, "spe": 188}, "types": ["Steel", "Poison"]}, "Bellibolt": {"name": "Bellibolt", "species": "Bellibolt", "speciesId": "bellibolt", "gender": "F", "shiny": false, "level": 84, "moves": ["slackoff", "thunderbolt", "toxic", "muddywater"], "ability": "Electromorphosis", "evs": {"hp": 85, "atk": 0, "def": 85, "spa": 85, "spd": 85, "spe": 85}, "ivs": {"hp": 31, "atk": 0, "def": 31, "spa": 31, "spd": 31, "spe": 31}, "item": "Leftovers", "teraType": "Electric", "role": "Bulky Attacker", "bvs": {"hp": 109, "atk": 64, "def": 91, "spa": 103, "spd": 83, "spe": 45}, "stats": {"hp": 320, "atk": 112, "def": 201, "spa": 221, "spd": 188, "spe": 124}, "types": ["Electric"]}, "Appletun": {"name": "Appletun", "species": "Appletun", "speciesId": "appletun", "gender": "M", "shiny": false, "level": 92, "moves": ["recover", "leechseed", "appleacid", "dragonpulse"], "ability": "Thick Fat", "evs": {"hp": 85, "atk": 0, "def": 85, "spa": 85, "spd": 85, "spe": 85}, "ivs": {"hp": 31, "atk": 0, "def": 31, "spa": 31, "spd": 31, "spe": 31}, "item": "Leftovers", "teraType": "Steel", "role": "Bulky Attacker", "bvs": {"hp": 110, "atk": 85, "def": 80, "spa": 100, "spd": 80, "spe": 30}, "stats": {"hp": 352, "atk": 161, "def": 200, "spa": 236, "spd": 200, "spe": 108}, "types": ["Grass", "Dragon"]}}]}