{"id": "gen9randombattle-2641774859", "format": "[Gen 9] Random Battle", "players": ["pop smoke", "Daruma"], "log": "|badge|p2|bronze|gen9randombattle|100-9\n|html|<div class=\"broadcast-red\"><strong>This battle is required to be public due to one or more player having a season medal.</strong><br />During the public phase, you can discuss the state of the ladder <a href=\"/seasondiscussion\">in a special chatroom.</a></div>\n|uhtml|medal-msg|<div class=\"broadcast-blue\">Curious what those medals under the avatar are? PS now has Ladder Seasons! For more information, check out the <a href=\"https://www.smogon.com/forums/threads/3740067/\">thread on Smogon.</a></div>\n|j|\u2606pop smoke\n|j|\u2606Daruma\n|t:|1782840398\n|gametype|singles\n|player|p1|pop smoke|#wcop2025uswest2|2274\n|player|p2|Daruma|#ruplixsleekslushrushers|2387\n|gen|9\n|tier|[Gen 9] Random Battle\n|rated|\n|rule|Species Clause: Limit one of each Pok\u00e9mon\n|rule|HP Percentage Mod: HP is shown in percentages\n|rule|Sleep Clause Mod: Limit one foe put to sleep\n|rule|Illusion Level Mod: Illusion disguises the Pok\u00e9mon's true level\n|\n|t:|1782840398\n|teamsize|p1|6\n|teamsize|p2|6\n|start\n|switch|p1a: Tsareena|Tsareena, L87, F|267/267\n|switch|p2a: Regieleki|Regieleki, L79|256/256\n|turn|1\n|\n|t:|1782840406\n|move|p2a: Regieleki|Volt Switch|p1a: Tsareena\n|-resisted|p1a: Tsareena\n|-damage|p1a: Tsareena|216/267\n|\n|t:|1782840410\n|switch|p2a: Pincurchin|Pincurchin, M|258/258|[from] Volt Switch\n|-fieldstart|move: Electric Terrain|[from] ability: Electric Surge|[of] p2a: Pincurchin\n|move|p1a: Tsareena|Knock Off|p2a: Pincurchin\n|-damage|p2a: Pincurchin|171/258\n|-enditem|p2a: Pincurchin|Leftovers|[from] move: Knock Off|[of] p1a: Tsareena\n|-damage|p1a: Tsareena|190/267|[from] item: Life Orb\n|\n|upkeep\n|turn|2\n|\n|t:|1782840415\n|switch|p2a: Venomoth|Venomoth, L84, M|255/255\n|move|p1a: Tsareena|Power Whip|p2a: Venomoth|[miss]\n|-miss|p1a: Tsareena|p2a: Venomoth\n|\n|upkeep\n|turn|3\n|\n|t:|1782840422\n|switch|p1a: Goodra|Goodra-Hisui, L82, M|265/265\n|move|p2a: Venomoth|Sludge Wave|p1a: Goodra\n|-immune|p1a: Goodra\n|\n|upkeep\n|turn|4\n|\n|t:|1782840431\n|switch|p2a: Cresselia|Cresselia, L80, F|323/323\n|move|p1a: Goodra|Knock Off|p2a: Cresselia\n|-supereffective|p2a: Cresselia\n|-damage|p2a: Cresselia|213/323\n|-enditem|p2a: Cresselia|Leftovers|[from] move: Knock Off|[of] p1a: Goodra\n|\n|upkeep\n|turn|5\n|inactive|Battle timer is ON: inactive players will automatically lose when time's up. (requested by Daruma)\n|\n|t:|1782840440\n|switch|p1a: Wyrdeer|Wyrdeer, L87, M|321/321\n|-ability|p1a: Wyrdeer|Intimidate|boost\n|-unboost|p2a: Cresselia|atk|1\n|move|p2a: Cresselia|Calm Mind|p2a: Cresselia\n|-boost|p2a: Cresselia|spa|1\n|-boost|p2a: Cresselia|spd|1\n|\n|-fieldend|move: Electric Terrain\n|upkeep\n|turn|6\n|\n|t:|1782840444\n|switch|p2a: Pincurchin|Pincurchin, M|171/258\n|-fieldstart|move: Electric Terrain|[from] ability: Electric Surge|[of] p2a: Pincurchin\n|move|p1a: Wyrdeer|Thunder Wave|p2a: Pincurchin\n|-immune|p2a: Pincurchin\n|\n|upkeep\n|turn|7\n|\n|t:|1782840448\n|move|p1a: Wyrdeer|Earthquake|p2a: Pincurchin\n|-supereffective|p2a: Pincurchin\n|-damage|p2a: Pincurchin|53/258\n|move|p2a: Pincurchin|Zing Zap|p1a: Wyrdeer\n|-damage|p1a: Wyrdeer|147/321\n|\n|-heal|p1a: Wyrdeer|167/321|[from] item: Leftovers\n|upkeep\n|turn|8\n|\n|t:|1782840454\n|move|p1a: Wyrdeer|Psychic Noise|p2a: Pincurchin\n|-damage|p2a: Pincurchin|0 fnt\n|faint|p2a: Pincurchin\n|\n|-heal|p1a: Wyrdeer|187/321|[from] item: Leftovers\n|upkeep\n|\n|t:|1782840459\n|switch|p2a: Venomoth|Venomoth, L84, M|255/255\n|turn|9\n|\n|t:|1782840462\n|switch|p1a: Goodra|Goodra-Hisui, L82, M|265/265\n|move|p2a: Venomoth|Bug Buzz|p1a: Goodra\n|-resisted|p1a: Goodra\n|-damage|p1a: Goodra|225/265\n|\n|upkeep\n|turn|10\n|\n|t:|1782840467\n|switch|p2a: Cresselia|Cresselia, L80, F|213/323\n|move|p1a: Goodra|Knock Off|p2a: Cresselia\n|-supereffective|p2a: Cresselia\n|-damage|p2a: Cresselia|131/323\n|\n|-fieldend|move: Electric Terrain\n|upkeep\n|turn|11\n|\n|t:|1782840472\n|switch|p2a: Venomoth|Venomoth, L84, M|255/255\n|switch|p1a: Wyrdeer|Wyrdeer, L87, M|187/321\n|-ability|p1a: Wyrdeer|Intimidate|boost\n|-unboost|p2a: Venomoth|atk|1\n|\n|-heal|p1a: Wyrdeer|207/321|[from] item: Leftovers\n|upkeep\n|turn|12\n|\n|t:|1782840476\n|switch|p1a: Goodra|Goodra-Hisui, L82, M|225/265\n|move|p2a: Venomoth|Sleep Powder|p1a: Goodra\n|-ability|p1a: Goodra|Sap Sipper|boost\n|-boost|p1a: Goodra|atk|1\n|\n|upkeep\n|turn|13\n|\n|t:|1782840481\n|switch|p2a: Cresselia|Cresselia, L80, F|131/323\n|move|p1a: Goodra|Heavy Slam|p2a: Cresselia\n|-damage|p2a: Cresselia|28/323\n|\n|upkeep\n|turn|14\n|\n|t:|1782840484\n|move|p2a: Cresselia|Moonlight|p2a: Cresselia\n|-heal|p2a: Cresselia|189/323\n|move|p1a: Goodra|Knock Off|p2a: Cresselia\n|-supereffective|p2a: Cresselia\n|-damage|p2a: Cresselia|73/323\n|\n|upkeep\n|turn|15\n|\n|t:|1782840487\n|move|p2a: Cresselia|Moonlight|p2a: Cresselia\n|-heal|p2a: Cresselia|234/323\n|move|p1a: Goodra|Knock Off|p2a: Cresselia\n|-supereffective|p2a: Cresselia\n|-damage|p2a: Cresselia|110/323\n|\n|upkeep\n|turn|16\n|\n|t:|1782840489\n|move|p2a: Cresselia|Moonlight|p2a: Cresselia\n|-heal|p2a: Cresselia|271/323\n|move|p1a: Goodra|Knock Off|p2a: Cresselia\n|-supereffective|p2a: Cresselia\n|-damage|p2a: Cresselia|143/323\n|\n|upkeep\n|turn|17\n|\n|t:|1782840493\n|move|p2a: Cresselia|Moonlight|p2a: Cresselia\n|-heal|p2a: Cresselia|304/323\n|move|p1a: Goodra|Knock Off|p2a: Cresselia\n|-supereffective|p2a: Cresselia\n|-damage|p2a: Cresselia|178/323\n|\n|upkeep\n|turn|18\n|\n|t:|1782840507\n|move|p2a: Cresselia|Psyshock|p1a: Goodra\n|-resisted|p1a: Goodra\n|-damage|p1a: Goodra|198/265\n|move|p1a: Goodra|Knock Off|p2a: Cresselia\n|-supereffective|p2a: Cresselia\n|-damage|p2a: Cresselia|54/323\n|\n|upkeep\n|turn|19\n|\n|t:|1782840510\n|move|p2a: Cresselia|Moonlight|p2a: Cresselia\n|-heal|p2a: Cresselia|215/323\n|move|p1a: Goodra|Knock Off|p2a: Cresselia\n|-supereffective|p2a: Cresselia\n|-damage|p2a: Cresselia|99/323\n|\n|upkeep\n|turn|20\n|\n|t:|1782840513\n|move|p2a: Cresselia|Moonlight|p2a: Cresselia\n|-heal|p2a: Cresselia|260/323\n|move|p1a: Goodra|Knock Off|p2a: Cresselia\n|-supereffective|p2a: Cresselia\n|-damage|p2a: Cresselia|144/323\n|\n|upkeep\n|turn|21\n|\n|t:|1782840518\n|move|p2a: Cresselia|Moonlight|p2a: Cresselia\n|-heal|p2a: Cresselia|305/323\n|move|p1a: Goodra|Knock Off|p2a: Cresselia\n|-supereffective|p2a: Cresselia\n|-damage|p2a: Cresselia|197/323\n|\n|upkeep\n|turn|22\n|\n|t:|1782840520\n|move|p2a: Cresselia|Psyshock|p1a: Goodra\n|-resisted|p1a: Goodra\n|-crit|p1a: Goodra\n|-damage|p1a: Goodra|154/265\n|move|p1a: Goodra|Knock Off|p2a: Cresselia\n|-supereffective|p2a: Cresselia\n|-damage|p2a: Cresselia|71/323\n|\n|upkeep\n|turn|23\n|\n|t:|1782840523\n|move|p2a: Cresselia|Moonlight|p2a: Cresselia\n|-heal|p2a: Cresselia|232/323\n|move|p1a: Goodra|Knock Off|p2a: Cresselia\n|-supereffective|p2a: Cresselia\n|-damage|p2a: Cresselia|120/323\n|\n|upkeep\n|turn|24\n|\n|t:|1782840525\n|move|p2a: Cresselia|Psyshock|p1a: Goodra\n|-resisted|p1a: Goodra\n|-damage|p1a: Goodra|127/265\n|move|p1a: Goodra|Knock Off|p2a: Cresselia\n|-supereffective|p2a: Cresselia\n|-damage|p2a: Cresselia|8/323\n|\n|upkeep\n|turn|25\n|\n|t:|1782840528\n|move|p2a: Cresselia|Psyshock|p1a: Goodra\n|-resisted|p1a: Goodra\n|-damage|p1a: Goodra|97/265\n|move|p1a: Goodra|Knock Off|p2a: Cresselia\n|-supereffective|p2a: Cresselia\n|-damage|p2a: Cresselia|0 fnt\n|faint|p2a: Cresselia\n|\n|upkeep\n|\n|t:|1782840535\n|switch|p2a: Meloetta|Meloetta, L82|298/298\n|turn|26\n|\n|t:|1782840545\n|switch|p1a: Wyrdeer|Wyrdeer, L87, M|207/321\n|-ability|p1a: Wyrdeer|Intimidate|boost\n|-unboost|p2a: Meloetta|atk|1\n|move|p2a: Meloetta|Focus Blast|p1a: Wyrdeer|[miss]\n|-miss|p2a: Meloetta|p1a: Wyrdeer\n|\n|-heal|p1a: Wyrdeer|227/321|[from] item: Leftovers\n|upkeep\n|turn|27\n|\n|t:|1782840550\n|switch|p2a: Regieleki|Regieleki, L79|256/256\n|move|p1a: Wyrdeer|Thunder Wave|p2a: Regieleki\n|-immune|p2a: Regieleki\n|\n|-heal|p1a: Wyrdeer|247/321|[from] item: Leftovers\n|upkeep\n|turn|28\n|\n|t:|1782840560\n|switch|p1a: Pawmot|Pawmot, L80, M|243/243\n|move|p2a: Regieleki|Volt Switch|p1a: Pawmot\n|-immune|p1a: Pawmot|[from] ability: Volt Absorb\n|\n|upkeep\n|turn|29\n|\n|t:|1782840569\n|move|p2a: Regieleki|Explosion|p1a: Pawmot\n|-damage|p1a: Pawmot|52/243\n|faint|p2a: Regieleki\n|move|p1a: Pawmot|Close Combat|p2: Regieleki|[notarget]\n|-fail|p1a: Pawmot\n|\n|upkeep\n|\n|t:|1782840584\n|switch|p2a: Meloetta|Meloetta, L82|298/298\n|turn|30\n|\n|t:|1782840593\n|move|p1a: Pawmot|Close Combat|p2a: Meloetta\n|-damage|p2a: Meloetta|147/298\n|-unboost|p1a: Pawmot|def|1\n|-unboost|p1a: Pawmot|spd|1\n|move|p2a: Meloetta|Hyper Voice|p1a: Pawmot\n|-damage|p1a: Pawmot|0 fnt\n|faint|p1a: Pawmot\n|\n|upkeep\n|\n|t:|1782840607\n|switch|p1a: Slaking|Slaking, L84, M|389/389\n|turn|31\n|\n|t:|1782840609\n|move|p1a: Slaking|Double-Edge|p2a: Meloetta\n|-damage|p2a: Meloetta|0 fnt\n|faint|p2a: Meloetta\n|-damage|p1a: Slaking|340/389|[from] Recoil\n|\n|upkeep\n|\n|t:|1782840613\n|switch|p2a: Venomoth|Venomoth, L84, M|255/255\n|turn|32\n|\n|t:|1782840620\n|switch|p1a: Goodra|Goodra-Hisui, L82, M|97/265\n|move|p2a: Venomoth|Quiver Dance|p2a: Venomoth\n|-boost|p2a: Venomoth|spa|1\n|-boost|p2a: Venomoth|spd|1\n|-boost|p2a: Venomoth|spe|1\n|\n|upkeep\n|turn|33\n|\n|t:|1782840625\n|move|p2a: Venomoth|Bug Buzz|p1a: Goodra\n|-resisted|p1a: Goodra\n|-damage|p1a: Goodra|31/265\n|move|p1a: Goodra|Knock Off|p2a: Venomoth\n|-damage|p2a: Venomoth|168/255\n|-enditem|p2a: Venomoth|Heavy-Duty Boots|[from] move: Knock Off|[of] p1a: Goodra\n|\n|upkeep\n|turn|34\n|\n|t:|1782840636\n|move|p2a: Venomoth|Quiver Dance|p2a: Venomoth\n|-boost|p2a: Venomoth|spa|1\n|-boost|p2a: Venomoth|spd|1\n|-boost|p2a: Venomoth|spe|1\n|move|p1a: Goodra|Heavy Slam|p2a: Venomoth\n|-damage|p2a: Venomoth|20/255\n|\n|upkeep\n|turn|35\n|\n|t:|1782840639\n|move|p2a: Venomoth|Bug Buzz|p1a: Goodra\n|-resisted|p1a: Goodra\n|-damage|p1a: Goodra|0 fnt\n|faint|p1a: Goodra\n|\n|upkeep\n|\n|t:|1782840642\n|switch|p1a: Okidogi|Okidogi, L77, M|262/262\n|turn|36\n|\n|t:|1782840646\n|switch|p1a: Wyrdeer|Wyrdeer, L87, M|247/321\n|-ability|p1a: Wyrdeer|Intimidate|boost\n|-unboost|p2a: Venomoth|atk|1\n|move|p2a: Venomoth|Sleep Powder|p1a: Wyrdeer|[miss]\n|-miss|p2a: Venomoth|p1a: Wyrdeer\n|\n|-heal|p1a: Wyrdeer|267/321|[from] item: Leftovers\n|upkeep\n|turn|37\n|\n|t:|1782840649\n|move|p2a: Venomoth|Bug Buzz|p1a: Wyrdeer\n|-supereffective|p1a: Wyrdeer\n|-damage|p1a: Wyrdeer|0 fnt\n|faint|p1a: Wyrdeer\n|\n|upkeep\n|\n|t:|1782840652\n|switch|p1a: Okidogi|Okidogi, L77, M|262/262\n|turn|38\n|\n|t:|1782840655\n|move|p2a: Venomoth|Sleep Powder|p1a: Okidogi|[miss]\n|-miss|p2a: Venomoth|p1a: Okidogi\n|move|p1a: Okidogi|Knock Off|p2a: Venomoth\n|-damage|p2a: Venomoth|0 fnt\n|faint|p2a: Venomoth\n|\n|upkeep\n|\n|t:|1782840657\n|switch|p2a: Kingambit|Kingambit, L74, M|270/270\n|-activate|p2a: Kingambit|ability: Supreme Overlord\n|-start|p2a: Kingambit|fallen5|[silent]\n|turn|39\n|\n|t:|1782840661\n|-terastallize|p2a: Kingambit|Flying\n|move|p1a: Okidogi|Bulk Up|p1a: Okidogi\n|-boost|p1a: Okidogi|atk|1\n|-boost|p1a: Okidogi|def|1\n|move|p2a: Kingambit|Swords Dance|p2a: Kingambit\n|-boost|p2a: Kingambit|atk|2\n|\n|upkeep\n|turn|40\n|\n|t:|1782840664\n|-terastallize|p1a: Okidogi|Dark\n|move|p1a: Okidogi|Bulk Up|p1a: Okidogi\n|-boost|p1a: Okidogi|atk|1\n|-boost|p1a: Okidogi|def|1\n|move|p2a: Kingambit|Swords Dance|p2a: Kingambit\n|-boost|p2a: Kingambit|atk|2\n|\n|upkeep\n|turn|41\n|\n|t:|1782840673\n|move|p1a: Okidogi|Bulk Up|p1a: Okidogi\n|-boost|p1a: Okidogi|atk|1\n|-boost|p1a: Okidogi|def|1\n|move|p2a: Kingambit|Iron Head|p1a: Okidogi\n|-damage|p1a: Okidogi|120/262\n|\n|-heal|p1a: Okidogi|136/262|[from] item: Leftovers\n|upkeep\n|turn|42\n|\n|t:|1782840678\n|move|p1a: Okidogi|Gunk Shot|p2a: Kingambit\n|-damage|p2a: Kingambit|0 fnt\n|faint|p2a: Kingambit\n|-end|p2a: Kingambit|fallen5|[silent]\n|\n|win|pop smoke\n|raw|pop smoke's rating: 2274 &rarr; <strong>2300</strong><br />(+26 for winning)\n|raw|Daruma's rating: 2387 &rarr; <strong>2361</strong><br />(-26 for losing)\n", "inputlog": ">version f8ac14003a5f27e1bdc8d8c59608a773c1cb96e5\n>start {\"formatid\":\"gen9randombattle\",\"seed\":\"sodium,e667ddf0566ba96300ef4ac110075645\",\"rated\":\"Rated battle\"}\n>player p1 {\"name\":\"pop smoke\",\"avatar\":\"#wcop2025uswest2\",\"rating\":2274,\"seed\":\"sodium,252a30a81658ed47a0ca7b06665ed5a1\"}\n>player p2 {\"name\":\"Daruma\",\"avatar\":\"#ruplixsleekslushrushers\",\"rating\":2387,\"seed\":\"sodium,fad56fcdc1ac19b3d7ac7ffe5013ad48\"}\n>p1 move knockoff\n>p2 move voltswitch\n>p2 switch 5\n>p1 move powerwhip\n>p2 switch 4\n>p1 switch 5\n>p2 move sludgewave\n>p1 move knockoff\n>p2 switch 2\n>p1 switch 6\n>p2 move calmmind\n>p1 move thunderwave\n>p2 switch 4\n>p1 move earthquake\n>p2 move zingzap\n>p1 move psychicnoise\n>p2 move zingzap\n>p2 switch 2\n>p1 switch 6\n>p2 move bugbuzz\n>p1 move knockoff\n>p2 switch 4\n>p1 switch 6\n>p2 switch 4\n>p1 switch 6\n>p2 move sleeppowder\n>p1 move heavyslam\n>p2 switch 4\n>p1 move knockoff\n>p2 move moonlight\n>p1 move knockoff\n>p2 move moonlight\n>p1 move knockoff\n>p2 move moonlight\n>p1 move knockoff\n>p2 move moonlight\n>p1 move knockoff\n>p2 move psyshock\n>p1 move knockoff\n>p2 move moonlight\n>p1 move knockoff\n>p2 move moonlight\n>p1 move knockoff\n>p2 move moonlight\n>p1 move knockoff\n>p2 move psyshock\n>p1 move knockoff\n>p2 move moonlight\n>p1 move knockoff\n>p2 move psyshock\n>p1 move knockoff\n>p2 move psyshock\n>p2 switch 6\n>p1 switch 6\n>p2 move focusblast\n>p1 move thunderwave\n>p2 switch 5\n>p1 switch 3\n>p2 move voltswitch\n>p1 move closecombat\n>p2 move explosion\n>p2 switch 5\n>p1 move closecombat\n>p2 move hypervoice\n>p1 switch 4\n>p1 move doubleedge\n>p2 move hypervoice\n>p2 switch 4\n>p1 switch 6\n>p2 move quiverdance\n>p1 move knockoff\n>p2 move bugbuzz\n>p1 move heavyslam\n>p2 move quiverdance\n>p1 move heavyslam\n>p2 move bugbuzz\n>p1 switch 2\n>p1 switch 3\n>p2 move sleeppowder\n>p1 move earthquake\n>p2 move bugbuzz\n>p1 switch 3\n>p1 move knockoff\n>p2 move sleeppowder\n>p2 switch 3\n>p1 move bulkup\n>p2 move swordsdance terastallize\n>p1 move bulkup terastallize\n>p2 move swordsdance\n>p1 move bulkup\n>p2 move ironhead\n>p1 move gunkshot\n>p2 move ironhead", "uploadtime": 1782840678, "views": 6, "formatid": "gen9randombattle", "rating": 2300, "private": 0, "password": null, "player_dets": [{"name": "pop smoke", "avatar": "#wcop2025uswest2", "rating": 2274, "seed": "sodium,252a30a81658ed47a0ca7b06665ed5a1"}, {"name": "Daruma", "avatar": "#ruplixsleekslushrushers", "rating": 2387, "seed": "sodium,fad56fcdc1ac19b3d7ac7ffe5013ad48"}], "teams_full": [{"Tsareena": {"name": "Tsareena", "species": "Tsareena", "speciesId": "tsareena", "gender": "F", "shiny": false, "level": 87, "moves": ["synthesis", "highjumpkick", "knockoff", "powerwhip"], "ability": "Queenly Majesty", "evs": {"hp": 85, "atk": 85, "def": 85, "spa": 85, "spd": 85, "spe": 85}, "ivs": {"hp": 31, "atk": 31, "def": 31, "spa": 31, "spd": 31, "spe": 31}, "item": "Life Orb", "teraType": "Fighting", "role": "Fast Support", "bvs": {"hp": 72, "atk": 120, "def": 98, "spa": 50, "spd": 98, "spe": 72}, "stats": {"hp": 267, "atk": 259, "def": 220, "spa": 137, "spd": 220, "spe": 175}, "types": ["Grass"]}, "Okidogi": {"name": "Okidogi", "species": "Okidogi", "speciesId": "okidogi", "gender": "M", "shiny": false, "level": 77, "moves": ["gunkshot", "drainpunch", "knockoff", "bulkup"], "ability": "Toxic Chain", "evs": {"hp": 85, "atk": 85, "def": 85, "spa": 85, "spd": 85, "spe": 85}, "ivs": {"hp": 31, "atk": 31, "def": 31, "spa": 31, "spd": 31, "spe": 31}, "item": "Leftovers", "teraType": "Dark", "role": "Bulky Setup", "bvs": {"hp": 88, "atk": 128, "def": 115, "spa": 58, "spd": 86, "spe": 80}, "stats": {"hp": 262, "atk": 242, "def": 222, "spa": 134, "spd": 177, "spe": 168}, "types": ["Poison", "Fighting"]}, "Pawmot": {"name": "Pawmot", "species": "Pawmot", "speciesId": "pawmot", "gender": "M", "shiny": false, "level": 80, "moves": ["revivalblessing", "closecombat", "nuzzle", "doubleshock"], "ability": "Volt Absorb", "evs": {"hp": 85, "atk": 85, "def": 85, "spa": 85, "spd": 85, "spe": 85}, "ivs": {"hp": 31, "atk": 31, "def": 31, "spa": 31, "spd": 31, "spe": 31}, "item": "Leppa Berry", "teraType": "Electric", "role": "Fast Attacker", "bvs": {"hp": 70, "atk": 115, "def": 70, "spa": 70, "spd": 60, "spe": 105}, "stats": {"hp": 243, "atk": 230, "def": 158, "spa": 158, "spd": 142, "spe": 214}, "types": ["Electric", "Fighting"]}, "Slaking": {"name": "Slaking", "species": "Slaking", "speciesId": "slaking", "gender": "M", "shiny": false, "level": 84, "moves": ["gigaimpact", "doubleedge", "earthquake", "knockoff"], "ability": "Truant", "evs": {"hp": 85, "atk": 85, "def": 85, "spa": 85, "spd": 85, "spe": 85}, "ivs": {"hp": 31, "atk": 31, "def": 31, "spa": 31, "spd": 31, "spe": 31}, "item": "Choice Band", "teraType": "Normal", "role": "Fast Attacker", "bvs": {"hp": 150, "atk": 160, "def": 100, "spa": 95, "spd": 65, "spe": 100}, "stats": {"hp": 389, "atk": 317, "def": 216, "spa": 208, "spd": 157, "spe": 216}, "types": ["Normal"]}, "Goodra": {"name": "Goodra", "species": "Goodra-Hisui", "speciesId": "goodrahisui", "gender": "M", "shiny": false, "level": 82, "moves": ["dracometeor", "hydropump", "heavyslam", "knockoff"], "ability": "Sap Sipper", "evs": {"hp": 85, "atk": 85, "def": 85, "spa": 85, "spd": 85, "spe": 85}, "ivs": {"hp": 31, "atk": 31, "def": 31, "spa": 31, "spd": 31, "spe": 31}, "item": "Assault Vest", "teraType": "Dragon", "role": "AV Pivot", "bvs": {"hp": 80, "atk": 100, "def": 100, "spa": 110, "spd": 150, "spe": 60}, "stats": {"hp": 265, "atk": 211, "def": 211, "spa": 228, "spd": 293, "spe": 146}, "types": ["Steel", "Dragon"]}, "Wyrdeer": {"name": "Wyrdeer", "species": "Wyrdeer", "speciesId": "wyrdeer", "gender": "M", "shiny": false, "level": 87, "moves": ["psychicnoise", "bodyslam", "thunderwave", "earthquake"], "ability": "Intimidate", "evs": {"hp": 85, "atk": 85, "def": 85, "spa": 85, "spd": 85, "spe": 85}, "ivs": {"hp": 31, "atk": 31, "def": 31, "spa": 31, "spd": 31, "spe": 31}, "item": "Leftovers", "teraType": "Ground", "role": "Bulky Attacker", "bvs": {"hp": 103, "atk": 105, "def": 72, "spa": 105, "spd": 75, "spe": 65}, "stats": {"hp": 321, "atk": 232, "def": 175, "spa": 232, "spd": 180, "spe": 163}, "types": ["Normal", "Psychic"]}}, {"Regieleki": {"name": "Regieleki", "species": "Regieleki", "speciesId": "regieleki", "gender": "N", "shiny": false, "level": 79, "moves": ["rapidspin", "voltswitch", "explosion", "thunderbolt"], "ability": "Transistor", "evs": {"hp": 85, "atk": 85, "def": 85, "spa": 85, "spd": 85, "spe": 85}, "ivs": {"hp": 31, "atk": 31, "def": 31, "spa": 31, "spd": 31, "spe": 31}, "item": "Magnet", "teraType": "Electric", "role": "Fast Support", "bvs": {"hp": 80, "atk": 100, "def": 50, "spa": 100, "spd": 50, "spe": 200}, "stats": {"hp": 256, "atk": 204, "def": 125, "spa": 204, "spd": 125, "spe": 362}, "types": ["Electric"]}, "Cresselia": {"name": "Cresselia", "species": "Cresselia", "speciesId": "cresselia", "gender": "F", "shiny": false, "level": 80, "moves": ["psyshock", "thunderbolt", "moonlight", "calmmind"], "ability": "Levitate", "evs": {"hp": 85, "atk": 0, "def": 85, "spa": 85, "spd": 85, "spe": 85}, "ivs": {"hp": 31, "atk": 0, "def": 31, "spa": 31, "spd": 31, "spe": 31}, "item": "Leftovers", "teraType": "Electric", "role": "Bulky Setup", "bvs": {"hp": 120, "atk": 70, "def": 110, "spa": 75, "spd": 120, "spe": 85}, "stats": {"hp": 323, "atk": 117, "def": 222, "spa": 166, "spd": 238, "spe": 182}, "types": ["Psychic"]}, "Kingambit": {"name": "Kingambit", "species": "Kingambit", "speciesId": "kingambit", "gender": "M", "shiny": false, "level": 74, "moves": ["ironhead", "swordsdance", "kowtowcleave", "suckerpunch"], "ability": "Supreme Overlord", "evs": {"hp": 85, "atk": 85, "def": 85, "spa": 85, "spd": 85, "spe": 85}, "ivs": {"hp": 31, "atk": 31, "def": 31, "spa": 31, "spd": 31, "spe": 31}, "item": "Leftovers", "teraType": "Flying", "role": "Bulky Attacker", "bvs": {"hp": 100, "atk": 135, "def": 120, "spa": 60, "spd": 85, "spe": 50}, "stats": {"hp": 270, "atk": 243, "def": 221, "spa": 132, "spd": 169, "spe": 117}, "types": ["Dark", "Steel"]}, "Venomoth": {"name": "Venomoth", "species": "Venomoth", "speciesId": "venomoth", "gender": "M", "shiny": false, "level": 84, "moves": ["sludgewave", "bugbuzz", "sleeppowder", "quiverdance"], "ability": "Tinted Lens", "evs": {"hp": 85, "atk": 0, "def": 85, "spa": 85, "spd": 85, "spe": 85}, "ivs": {"hp": 31, "atk": 0, "def": 31, "spa": 31, "spd": 31, "spe": 31}, "item": "Heavy-Duty Boots", "teraType": "Bug", "role": "Setup Sweeper", "bvs": {"hp": 70, "atk": 65, "def": 60, "spa": 90, "spd": 75, "spe": 90}, "stats": {"hp": 255, "atk": 114, "def": 149, "spa": 199, "spd": 174, "spe": 199}, "types": ["Bug", "Poison"]}, "Pincurchin": {"name": "Pincurchin", "species": "Pincurchin", "speciesId": "pincurchin", "gender": "M", "shiny": false, "level": 100, "moves": ["liquidation", "zingzap", "curse", "recover"], "ability": "Electric Surge", "evs": {"hp": 85, "atk": 85, "def": 85, "spa": 85, "spd": 85, "spe": 85}, "ivs": {"hp": 31, "atk": 31, "def": 31, "spa": 31, "spd": 31, "spe": 31}, "item": "Leftovers", "teraType": "Water", "role": "Bulky Setup", "bvs": {"hp": 48, "atk": 101, "def": 95, "spa": 91, "spd": 85, "spe": 15}, "stats": {"hp": 258, "atk": 259, "def": 247, "spa": 239, "spd": 227, "spe": 87}, "types": ["Electric"]}, "Meloetta": {"name": "Meloetta", "species": "Meloetta", "speciesId": "meloetta", "gender": "N", "shiny": false, "level": 82, "moves": ["focusblast", "hypervoice", "uturn", "psyshock"], "ability": "Serene Grace", "evs": {"hp": 85, "atk": 85, "def": 85, "spa": 85, "spd": 85, "spe": 85}, "ivs": {"hp": 31, "atk": 31, "def": 31, "spa": 31, "spd": 31, "spe": 31}, "item": "Choice Specs", "teraType": "Psychic", "role": "Bulky Attacker", "bvs": {"hp": 100, "atk": 77, "def": 77, "spa": 128, "spd": 128, "spe": 90}, "stats": {"hp": 298, "atk": 173, "def": 173, "spa": 257, "spd": 257, "spe": 195}, "types": ["Normal", "Psychic"]}}]}