{"id": "gen9randombattle-2642163475", "format": "[Gen 9] Random Battle", "players": ["jnpr010334", "WATER14"], "log": "|j|\u2606jnpr010334\n|j|\u2606WATER14\n|t:|1782903373\n|gametype|singles\n|player|p1|jnpr010334|265|1537\n|player|p2|WATER14|169|1546\n|gen|9\n|tier|[Gen 9] Random Battle\n|rated|\n|rule|Species Clause: Limit one of each Pok\u00e9mon\n|rule|HP Percentage Mod: HP is shown in percentages\n|rule|Sleep Clause Mod: Limit one foe put to sleep\n|rule|Illusion Level Mod: Illusion disguises the Pok\u00e9mon's true level\n|\n|t:|1782903373\n|teamsize|p1|6\n|teamsize|p2|6\n|start\n|switch|p1a: Jumpluff|Jumpluff, L87, M|271/271\n|switch|p2a: Meganium|Meganium, L90, M|290/290\n|turn|1\n|inactive|Battle timer is ON: inactive players will automatically lose when time's up. (requested by jnpr010334)\n|\n|t:|1782903379\n|switch|p2a: Bombirdier|Bombirdier, L85, F|258/258\n|move|p1a: Jumpluff|U-turn|p2a: Bombirdier\n|-damage|p2a: Bombirdier|222/258\n|\n|t:|1782903381\n|switch|p1a: Dudunsparce|Dudunsparce-Three-Segment, L83, F|343/343|[from] U-turn\n|\n|upkeep\n|turn|2\n|\n|t:|1782903386\n|move|p2a: Bombirdier|Stone Edge|p1a: Dudunsparce\n|-crit|p1a: Dudunsparce\n|-damage|p1a: Dudunsparce|67/343\n|move|p1a: Dudunsparce|Glare|p2a: Bombirdier\n|-status|p2a: Bombirdier|par\n|\n|-heal|p1a: Dudunsparce|88/343|[from] item: Leftovers\n|upkeep\n|turn|3\n|\n|t:|1782903394\n|move|p1a: Dudunsparce|Roost|p1a: Dudunsparce\n|-heal|p1a: Dudunsparce|260/343\n|-singleturn|p1a: Dudunsparce|move: Roost\n|cant|p2a: Bombirdier|par\n|\n|-heal|p1a: Dudunsparce|281/343|[from] item: Leftovers\n|upkeep\n|turn|4\n|\n|t:|1782903398\n|move|p1a: Dudunsparce|Headbutt|p2a: Bombirdier\n|-damage|p2a: Bombirdier|141/258 par\n|cant|p2a: Bombirdier|flinch\n|\n|-heal|p1a: Dudunsparce|302/343|[from] item: Leftovers\n|upkeep\n|turn|5\n|\n|t:|1782903404\n|move|p1a: Dudunsparce|Headbutt|p2a: Bombirdier\n|-damage|p2a: Bombirdier|69/258 par\n|move|p2a: Bombirdier|Stone Edge|p1a: Dudunsparce\n|-crit|p1a: Dudunsparce\n|-damage|p1a: Dudunsparce|2/343\n|\n|-heal|p1a: Dudunsparce|23/343|[from] item: Leftovers\n|upkeep\n|turn|6\n|\n|t:|1782903409\n|move|p1a: Dudunsparce|Roost|p1a: Dudunsparce\n|-heal|p1a: Dudunsparce|195/343\n|-singleturn|p1a: Dudunsparce|move: Roost\n|move|p2a: Bombirdier|Stone Edge|p1a: Dudunsparce|[miss]\n|-miss|p2a: Bombirdier|p1a: Dudunsparce\n|\n|-heal|p1a: Dudunsparce|216/343|[from] item: Leftovers\n|upkeep\n|turn|7\n|\n|t:|1782903413\n|move|p1a: Dudunsparce|Roost|p1a: Dudunsparce\n|-heal|p1a: Dudunsparce|343/343\n|-singleturn|p1a: Dudunsparce|move: Roost\n|move|p2a: Bombirdier|Stone Edge|p1a: Dudunsparce\n|-damage|p1a: Dudunsparce|171/343\n|\n|-heal|p1a: Dudunsparce|192/343|[from] item: Leftovers\n|upkeep\n|turn|8\n|\n|t:|1782903416\n|move|p1a: Dudunsparce|Roost|p1a: Dudunsparce\n|-heal|p1a: Dudunsparce|343/343\n|-singleturn|p1a: Dudunsparce|move: Roost\n|cant|p2a: Bombirdier|par\n|\n|upkeep\n|turn|9\n|\n|t:|1782903418\n|move|p1a: Dudunsparce|Headbutt|p2a: Bombirdier\n|-damage|p2a: Bombirdier|0 fnt\n|faint|p2a: Bombirdier\n|\n|upkeep\n|\n|t:|1782903432\n|switch|p2a: Shaymin|Shaymin, L82|298/298\n|turn|10\n|\n|t:|1782903436\n|move|p2a: Shaymin|Substitute|p2a: Shaymin\n|-start|p2a: Shaymin|Substitute\n|-damage|p2a: Shaymin|224/298\n|move|p1a: Dudunsparce|Glare||[still]\n|-fail|p1a: Dudunsparce\n|\n|-heal|p2a: Shaymin|242/298|[from] item: Leftovers\n|upkeep\n|turn|11\n|\n|t:|1782903443\n|move|p2a: Shaymin|Leech Seed|p1a: Dudunsparce\n|-start|p1a: Dudunsparce|move: Leech Seed\n|move|p1a: Dudunsparce|Headbutt|p2a: Shaymin\n|-activate|p2a: Shaymin|move: Substitute|[damage]\n|\n|-heal|p2a: Shaymin|260/298|[from] item: Leftovers\n|-damage|p1a: Dudunsparce|301/343|[from] Leech Seed|[of] p2a: Shaymin\n|-heal|p2a: Shaymin|298/298|[silent]\n|upkeep\n|turn|12\n|\n|t:|1782903450\n|switch|p1a: Jumpluff|Jumpluff, L87, M|271/271\n|move|p2a: Shaymin|Seed Flare|p1a: Jumpluff|[miss]\n|-miss|p2a: Shaymin|p1a: Jumpluff\n|\n|upkeep\n|turn|13\n|\n|t:|1782903456\n|move|p1a: Jumpluff|Acrobatics|p2a: Shaymin\n|-supereffective|p2a: Shaymin\n|-damage|p2a: Shaymin|140/298\n|move|p2a: Shaymin|Air Slash|p1a: Jumpluff\n|-supereffective|p1a: Jumpluff\n|-damage|p1a: Jumpluff|181/271\n|\n|-heal|p2a: Shaymin|158/298|[from] item: Leftovers\n|upkeep\n|turn|14\n|\n|t:|1782903466\n|switch|p2a: Torkoal|Torkoal, L88, F|266/266\n|-weather|SunnyDay|[from] ability: Drought|[of] p2a: Torkoal\n|move|p1a: Jumpluff|Acrobatics|p2a: Torkoal\n|-damage|p2a: Torkoal|215/266\n|\n|-weather|SunnyDay|[upkeep]\n|upkeep\n|turn|15\n|\n|t:|1782903468\n|switch|p1a: Primarina|Primarina, L83, M|268/268\n|move|p2a: Torkoal|Lava Plume|p1a: Primarina\n|-resisted|p1a: Primarina\n|-damage|p1a: Primarina|211/268\n|\n|-weather|SunnyDay|[upkeep]\n|-heal|p1a: Primarina|227/268|[from] item: Leftovers\n|upkeep\n|turn|16\n|\n|t:|1782903473\n|move|p1a: Primarina|Moonblast|p2a: Torkoal\n|-resisted|p2a: Torkoal\n|-damage|p2a: Torkoal|152/266\n|move|p2a: Torkoal|Solar Beam||[still]\n|-prepare|p2a: Torkoal|Solar Beam\n|-anim|p2a: Torkoal|Solar Beam|p1a: Primarina\n|-supereffective|p1a: Primarina\n|-damage|p1a: Primarina|83/268\n|\n|-weather|SunnyDay|[upkeep]\n|-heal|p1a: Primarina|99/268|[from] item: Leftovers\n|upkeep\n|turn|17\n|\n|t:|1782903476\n|move|p1a: Primarina|Psychic Noise|p2a: Torkoal\n|-supereffective|p2a: Torkoal\n|-damage|p2a: Torkoal|54/266\n|-start|p2a: Torkoal|move: Heal Block\n|move|p2a: Torkoal|Solar Beam||[still]\n|-prepare|p2a: Torkoal|Solar Beam\n|-anim|p2a: Torkoal|Solar Beam|p1a: Primarina\n|-supereffective|p1a: Primarina\n|-damage|p1a: Primarina|0 fnt\n|faint|p1a: Primarina\n|\n|-weather|SunnyDay|[upkeep]\n|upkeep\n|\n|t:|1782903477\n|switch|p1a: Espeon|Espeon, L84, M|246/246\n|turn|18\n|\n|t:|1782903481\n|move|p1a: Espeon|Psychic|p2a: Torkoal\n|-damage|p2a: Torkoal|0 fnt\n|faint|p2a: Torkoal\n|-damage|p1a: Espeon|222/246|[from] item: Life Orb\n|\n|-weather|none\n|upkeep\n|\n|t:|1782903486\n|switch|p2a: Meganium|Meganium, L90, M|290/290\n|turn|19\n|\n|t:|1782903488\n|switch|p1a: Jumpluff|Jumpluff, L87, M|181/271\n|move|p2a: Meganium|Knock Off|p1a: Jumpluff\n|-damage|p1a: Jumpluff|131/271\n|\n|upkeep\n|turn|20\n|\n|t:|1782903493\n|switch|p2a: Inteleon|Inteleon, L81, F|246/246\n|move|p1a: Jumpluff|Strength Sap|p2a: Inteleon\n|-unboost|p2a: Inteleon|atk|1\n|-heal|p1a: Jumpluff|271/271\n|\n|upkeep\n|turn|21\n|\n|t:|1782903497\n|switch|p1a: Poliwrath|Poliwrath, L88, M|302/302\n|move|p2a: Inteleon|Ice Beam|p1a: Poliwrath\n|-resisted|p1a: Poliwrath\n|-damage|p1a: Poliwrath|269/302\n|\n|upkeep\n|turn|22\n|\n|t:|1782903500\n|switch|p2a: Meganium|Meganium, L90, M|290/290\n|move|p1a: Poliwrath|Knock Off|p2a: Meganium\n|-crit|p2a: Meganium\n|-damage|p2a: Meganium|187/290\n|-enditem|p2a: Meganium|Leftovers|[from] move: Knock Off|[of] p1a: Poliwrath\n|\n|upkeep\n|turn|23\n|\n|t:|1782903503\n|switch|p1a: Jumpluff|Jumpluff, L87, M|271/271\n|move|p2a: Meganium|Energy Ball|p1a: Jumpluff\n|-resisted|p1a: Jumpluff\n|-damage|p1a: Jumpluff|249/271\n|-unboost|p1a: Jumpluff|spd|1\n|\n|upkeep\n|turn|24\n|\n|t:|1782903507\n|switch|p2a: Shaymin|Shaymin, L82|158/298\n|move|p1a: Jumpluff|Acrobatics|p2a: Shaymin\n|-supereffective|p2a: Shaymin\n|-damage|p2a: Shaymin|0 fnt\n|faint|p2a: Shaymin\n|\n|upkeep\n|\n|t:|1782903512\n|switch|p2a: Inteleon|Inteleon, L81, F|246/246\n|turn|25\n|\n|t:|1782903516\n|switch|p1a: Poliwrath|Poliwrath, L88, M|269/302\n|move|p2a: Inteleon|Ice Beam|p1a: Poliwrath\n|-resisted|p1a: Poliwrath\n|-damage|p1a: Poliwrath|232/302\n|\n|upkeep\n|turn|26\n|\n|t:|1782903519\n|switch|p2a: Meganium|Meganium, L90, M|187/290\n|move|p1a: Poliwrath|Knock Off|p2a: Meganium\n|-damage|p2a: Meganium|143/290\n|\n|upkeep\n|turn|27\n|\n|t:|1782903523\n|switch|p1a: Jumpluff|Jumpluff, L87, M|249/271\n|move|p2a: Meganium|Synthesis|p2a: Meganium\n|-heal|p2a: Meganium|288/290\n|\n|upkeep\n|turn|28\n|\n|t:|1782903528\n|-terastallize|p2a: Meganium|Water\n|move|p1a: Jumpluff|Acrobatics|p2a: Meganium\n|-damage|p2a: Meganium|218/290\n|move|p2a: Meganium|Knock Off|p1a: Jumpluff\n|-damage|p1a: Jumpluff|198/271\n|\n|upkeep\n|turn|29\n|\n|t:|1782903533\n|move|p1a: Jumpluff|Acrobatics|p2a: Meganium\n|-damage|p2a: Meganium|148/290\n|move|p2a: Meganium|Encore|p1a: Jumpluff\n|-start|p1a: Jumpluff|Encore\n|\n|upkeep\n|turn|30\n|\n|t:|1782903537\n|switch|p2a: Eiscue|Eiscue, L88, F|274/274\n|move|p1a: Jumpluff|Acrobatics|p2a: Eiscue\n|-activate|p2a: Eiscue|ability: Ice Face\n|-damage|p2a: Eiscue|274/274\n|detailschange|p2a: Eiscue|Eiscue-Noice, L88, F\n|\n|upkeep\n|turn|31\n|\n|t:|1782903542\n|switch|p1a: Dudunsparce|Dudunsparce-Three-Segment, L83, F|301/343\n|move|p2a: Eiscue|Belly Drum|p2a: Eiscue\n|-damage|p2a: Eiscue|137/274\n|-setboost|p2a: Eiscue|atk|6|[from] move: Belly Drum\n|-enditem|p2a: Eiscue|Sitrus Berry|[eat]\n|-heal|p2a: Eiscue|205/274|[from] item: Sitrus Berry\n|\n|-heal|p1a: Dudunsparce|322/343|[from] item: Leftovers\n|upkeep\n|turn|32\n|\n|t:|1782903546\n|-terastallize|p1a: Dudunsparce|Ground\n|move|p2a: Eiscue|Ice Spinner|p1a: Dudunsparce\n|-supereffective|p1a: Dudunsparce\n|-damage|p1a: Dudunsparce|0 fnt\n|faint|p1a: Dudunsparce\n|\n|upkeep\n|\n|t:|1782903549\n|switch|p1a: Mesprit|Mesprit, L85|275/275\n|turn|33\n|\n|t:|1782903551\n|move|p2a: Eiscue|Ice Spinner|p1a: Mesprit\n|-damage|p1a: Mesprit|0 fnt\n|faint|p1a: Mesprit\n|\n|upkeep\n|\n|t:|1782903552\n|switch|p1a: Poliwrath|Poliwrath, L88, M|232/302\n|turn|34\n|\n|t:|1782903555\n|move|p2a: Eiscue|Zen Headbutt|p1a: Poliwrath\n|-supereffective|p1a: Poliwrath\n|-damage|p1a: Poliwrath|0 fnt\n|faint|p1a: Poliwrath\n|\n|upkeep\n|\n|t:|1782903558\n|switch|p1a: Espeon|Espeon, L84, M|222/246\n|turn|35\n|\n|t:|1782903561\n|move|p2a: Eiscue|Ice Spinner|p1a: Espeon\n|-damage|p1a: Espeon|0 fnt\n|faint|p1a: Espeon\n|\n|upkeep\n|\n|t:|1782903563\n|switch|p1a: Jumpluff|Jumpluff, L87, M|198/271\n|turn|36\n|\n|t:|1782903565\n|move|p2a: Eiscue|Ice Spinner|p1a: Jumpluff\n|-supereffective|p1a: Jumpluff\n|-damage|p1a: Jumpluff|0 fnt\n|faint|p1a: Jumpluff\n|\n|win|WATER14\n|raw|jnpr010334's rating: 1588 &rarr; <strong>1566</strong><br />(-22 for losing)\n|raw|WATER14's rating: 1546 &rarr; <strong>1568</strong><br />(+22 for winning)\n", "inputlog": ">version f8ac14003a5f27e1bdc8d8c59608a773c1cb96e5\n>start {\"formatid\":\"gen9randombattle\",\"seed\":\"sodium,79d618f233b3d93ab44b1da0812b88c9\",\"rated\":\"Rated battle\"}\n>player p1 {\"name\":\"jnpr010334\",\"avatar\":\"265\",\"rating\":1537,\"seed\":\"sodium,3a2ba1d8173cd9bedcf6166f8ef2be88\"}\n>player p2 {\"name\":\"WATER14\",\"avatar\":\"169\",\"rating\":1546,\"seed\":\"sodium,9e4afd4afdcebf92d89e9fad6235c908\"}\n>p1 move uturn\n>p2 switch 6\n>p1 switch 3\n>p1 move glare\n>p2 move stoneedge\n>p1 move roost\n>p2 move stoneedge\n>p1 move headbutt\n>p2 move stoneedge\n>p1 move headbutt\n>p2 move stoneedge\n>p1 move roost\n>p2 move stoneedge\n>p1 move roost\n>p2 move stoneedge\n>p1 move roost\n>p2 move stoneedge\n>p1 move headbutt\n>p2 move stoneedge\n>p2 switch 2\n>p1 move glare\n>p2 move substitute\n>p1 move headbutt\n>p2 move leechseed\n>p1 switch 3\n>p2 move seedflare\n>p1 move acrobatics\n>p2 move airslash\n>p1 move acrobatics\n>p2 switch 4\n>p1 switch 6\n>p2 move lavaplume\n>p1 move moonblast\n>p2 move solarbeam\n>p1 move psychicnoise\n>p2 move solarbeam\n>p1 switch 2\n>p1 move psychic\n>p2 move lavaplume\n>p2 switch 6\n>p1 switch 6\n>p2 move knockoff\n>p1 move strengthsap\n>p2 switch 5\n>p1 switch 4\n>p2 move icebeam\n>p1 move knockoff\n>p2 switch 5\n>p1 switch 4\n>p2 move energyball\n>p1 move acrobatics\n>p2 switch 4\n>p2 switch 5\n>p1 switch 4\n>p2 move icebeam\n>p1 move knockoff\n>p2 switch 4\n>p1 switch 4\n>p2 move synthesis\n>p1 move acrobatics\n>p2 move knockoff terastallize\n>p1 move acrobatics\n>p2 move encore\n>p1 move acrobatics\n>p2 switch 3\n>p1 switch 3\n>p2 move bellydrum\n>p1 move glare terastallize\n>p2 move icespinner\n>p1 switch 5\n>p1 move psychic\n>p2 move icespinner\n>p1 switch 4\n>p1 move closecombat\n>p2 move zenheadbutt\n>p1 switch 6\n>p1 move psychic\n>p2 move icespinner\n>p1 switch 3\n>p1 move encore\n>p2 move icespinner", "uploadtime": 1782903566, "views": 2, "formatid": "gen9randombattle", "rating": 1566, "private": 0, "password": null, "player_dets": [{"name": "jnpr010334", "avatar": "265", "rating": 1537, "seed": "sodium,3a2ba1d8173cd9bedcf6166f8ef2be88"}, {"name": "WATER14", "avatar": "169", "rating": 1546, "seed": "sodium,9e4afd4afdcebf92d89e9fad6235c908"}], "teams_full": [{"Jumpluff": {"name": "Jumpluff", "species": "Jumpluff", "speciesId": "jumpluff", "gender": "M", "shiny": false, "level": 87, "moves": ["strengthsap", "acrobatics", "encore", "uturn"], "ability": "Infiltrator", "evs": {"hp": 81, "atk": 85, "def": 85, "spa": 85, "spd": 85, "spe": 85}, "ivs": {"hp": 31, "atk": 31, "def": 31, "spa": 31, "spd": 31, "spe": 31}, "item": "", "teraType": "Steel", "role": "Bulky Attacker", "bvs": {"hp": 75, "atk": 55, "def": 70, "spa": 55, "spd": 95, "spe": 110}, "stats": {"hp": 271, "atk": 145, "def": 172, "spa": 145, "spd": 215, "spe": 241}, "types": ["Grass", "Flying"]}, "Espeon": {"name": "Espeon", "species": "Espeon", "speciesId": "espeon", "gender": "M", "shiny": false, "level": 84, "moves": ["psychic", "alluringvoice", "shadowball", "morningsun"], "ability": "Magic Bounce", "evs": {"hp": 85, "atk": 0, "def": 85, "spa": 85, "spd": 85, "spe": 85}, "ivs": {"hp": 31, "atk": 0, "def": 31, "spa": 31, "spd": 31, "spe": 31}, "item": "Life Orb", "teraType": "Fairy", "role": "Fast Attacker", "bvs": {"hp": 65, "atk": 65, "def": 60, "spa": 130, "spd": 95, "spe": 110}, "stats": {"hp": 246, "atk": 114, "def": 149, "spa": 267, "spd": 208, "spe": 233}, "types": ["Psychic"]}, "Dudunsparce": {"name": "Dudunsparce", "species": "Dudunsparce-Three-Segment", "speciesId": "dudunsparce", "gender": "F", "shiny": false, "level": 83, "moves": ["glare", "earthquake", "headbutt", "roost"], "ability": "Serene Grace", "evs": {"hp": 85, "atk": 85, "def": 85, "spa": 85, "spd": 85, "spe": 85}, "ivs": {"hp": 31, "atk": 31, "def": 31, "spa": 31, "spd": 31, "spe": 31}, "item": "Leftovers", "teraType": "Ground", "role": "Bulky Support", "bvs": {"hp": 125, "atk": 100, "def": 80, "spa": 85, "spd": 75, "spe": 55}, "stats": {"hp": 343, "atk": 214, "def": 180, "spa": 189, "spd": 172, "spe": 139}, "types": ["Normal"]}, "Poliwrath": {"name": "Poliwrath", "species": "Poliwrath", "speciesId": "poliwrath", "gender": "M", "shiny": false, "level": 88, "moves": ["knockoff", "circlethrow", "liquidation", "closecombat"], "ability": "Water Absorb", "evs": {"hp": 85, "atk": 85, "def": 85, "spa": 85, "spd": 85, "spe": 85}, "ivs": {"hp": 31, "atk": 31, "def": 31, "spa": 31, "spd": 31, "spe": 31}, "item": "Assault Vest", "teraType": "Dark", "role": "AV Pivot", "bvs": {"hp": 90, "atk": 95, "def": 95, "spa": 70, "spd": 90, "spe": 70}, "stats": {"hp": 302, "atk": 217, "def": 217, "spa": 173, "spd": 209, "spe": 173}, "types": ["Water", "Fighting"]}, "Mesprit": {"name": "Mesprit", "species": "Mesprit", "speciesId": "mesprit", "gender": "N", "shiny": false, "level": 85, "moves": ["shadowball", "uturn", "thunderbolt", "psychic"], "ability": "Levitate", "evs": {"hp": 85, "atk": 85, "def": 85, "spa": 85, "spd": 85, "spe": 85}, "ivs": {"hp": 31, "atk": 31, "def": 31, "spa": 31, "spd": 31, "spe": 31}, "item": "Choice Specs", "teraType": "Electric", "role": "Fast Attacker", "bvs": {"hp": 80, "atk": 105, "def": 105, "spa": 105, "spd": 105, "spe": 80}, "stats": {"hp": 275, "atk": 227, "def": 227, "spa": 227, "spd": 227, "spe": 185}, "types": ["Psychic"]}, "Primarina": {"name": "Primarina", "species": "Primarina", "speciesId": "primarina", "gender": "M", "shiny": false, "level": 83, "moves": ["drainingkiss", "psychicnoise", "calmmind", "moonblast"], "ability": "Liquid Voice", "evs": {"hp": 85, "atk": 0, "def": 85, "spa": 85, "spd": 85, "spe": 85}, "ivs": {"hp": 31, "atk": 0, "def": 31, "spa": 31, "spd": 31, "spe": 31}, "item": "Leftovers", "teraType": "Poison", "role": "Bulky Setup", "bvs": {"hp": 80, "atk": 74, "def": 74, "spa": 126, "spd": 116, "spe": 60}, "stats": {"hp": 268, "atk": 127, "def": 171, "spa": 257, "spd": 240, "spe": 147}, "types": ["Water", "Fairy"]}}, {"Meganium": {"name": "Meganium", "species": "Meganium", "speciesId": "meganium", "gender": "M", "shiny": false, "level": 90, "moves": ["energyball", "synthesis", "knockoff", "encore"], "ability": "Overgrow", "evs": {"hp": 85, "atk": 85, "def": 85, "spa": 85, "spd": 85, "spe": 85}, "ivs": {"hp": 31, "atk": 31, "def": 31, "spa": 31, "spd": 31, "spe": 31}, "item": "Leftovers", "teraType": "Water", "role": "Bulky Attacker", "bvs": {"hp": 80, "atk": 82, "def": 100, "spa": 83, "spd": 100, "spe": 80}, "stats": {"hp": 290, "atk": 199, "def": 231, "spa": 201, "spd": 231, "spe": 195}, "types": ["Grass"]}, "Shaymin": {"name": "Shaymin", "species": "Shaymin", "speciesId": "shaymin", "gender": "N", "shiny": false, "level": 82, "moves": ["airslash", "seedflare", "substitute", "leechseed"], "ability": "Natural Cure", "evs": {"hp": 85, "atk": 0, "def": 85, "spa": 85, "spd": 85, "spe": 85}, "ivs": {"hp": 31, "atk": 0, "def": 31, "spa": 31, "spd": 31, "spe": 31}, "item": "Leftovers", "teraType": "Steel", "role": "Bulky Support", "bvs": {"hp": 100, "atk": 100, "def": 100, "spa": 100, "spd": 100, "spe": 100}, "stats": {"hp": 298, "atk": 169, "def": 211, "spa": 211, "spd": 211, "spe": 211}, "types": ["Grass"]}, "Eiscue": {"name": "Eiscue", "species": "Eiscue", "speciesId": "eiscue", "gender": "F", "shiny": false, "level": 88, "moves": ["liquidation", "zenheadbutt", "icespinner", "bellydrum"], "ability": "Ice Face", "evs": {"hp": 81, "atk": 85, "def": 85, "spa": 85, "spd": 85, "spe": 85}, "ivs": {"hp": 31, "atk": 31, "def": 31, "spa": 31, "spd": 31, "spe": 31}, "item": "Sitrus Berry", "teraType": "Water", "role": "Setup Sweeper", "bvs": {"hp": 75, "atk": 80, "def": 110, "spa": 65, "spd": 90, "spe": 50}, "stats": {"hp": 274, "atk": 191, "def": 244, "spa": 165, "spd": 209, "spe": 138}, "types": ["Ice"]}, "Torkoal": {"name": "Torkoal", "species": "Torkoal", "speciesId": "torkoal", "gender": "F", "shiny": false, "level": 88, "moves": ["earthquake", "rapidspin", "solarbeam", "lavaplume"], "ability": "Drought", "evs": {"hp": 85, "atk": 85, "def": 85, "spa": 85, "spd": 85, "spe": 85}, "ivs": {"hp": 31, "atk": 31, "def": 31, "spa": 31, "spd": 31, "spe": 31}, "item": "Heavy-Duty Boots", "teraType": "Grass", "role": "Wallbreaker", "bvs": {"hp": 70, "atk": 85, "def": 140, "spa": 85, "spd": 70, "spe": 20}, "stats": {"hp": 266, "atk": 200, "def": 297, "spa": 200, "spd": 173, "spe": 85}, "types": ["Fire"]}, "Inteleon": {"name": "Inteleon", "species": "Inteleon", "speciesId": "inteleon", "gender": "F", "shiny": false, "level": 81, "moves": ["hydropump", "icebeam", "uturn", "scald"], "ability": "Torrent", "evs": {"hp": 85, "atk": 85, "def": 85, "spa": 85, "spd": 85, "spe": 85}, "ivs": {"hp": 31, "atk": 31, "def": 31, "spa": 31, "spd": 31, "spe": 31}, "item": "Choice Specs", "teraType": "Water", "role": "Wallbreaker", "bvs": {"hp": 70, "atk": 85, "def": 65, "spa": 125, "spd": 65, "spe": 120}, "stats": {"hp": 246, "atk": 184, "def": 152, "spa": 249, "spd": 152, "spe": 241}, "types": ["Water"]}, "Bombirdier": {"name": "Bombirdier", "species": "Bombirdier", "speciesId": "bombirdier", "gender": "F", "shiny": false, "level": 85, "moves": ["knockoff", "suckerpunch", "bravebird", "stoneedge"], "ability": "Rocky Payload", "evs": {"hp": 85, "atk": 85, "def": 85, "spa": 85, "spd": 85, "spe": 85}, "ivs": {"hp": 31, "atk": 31, "def": 31, "spa": 31, "spd": 31, "spe": 31}, "item": "Choice Band", "teraType": "Rock", "role": "Fast Attacker", "bvs": {"hp": 70, "atk": 103, "def": 85, "spa": 60, "spd": 85, "spe": 82}, "stats": {"hp": 258, "atk": 224, "def": 193, "spa": 151, "spd": 193, "spe": 188}, "types": ["Flying", "Dark"]}}]}