{"id": "gen9randombattle-2642152450", "format": "[Gen 9] Random Battle", "players": ["randbatsluvr", "ye5ye5yyyyy"], "log": "|j|\u2606randbatsluvr\n|j|\u2606ye5ye5yyyyy\n|t:|1782901134\n|gametype|singles\n|player|p1|randbatsluvr|169|1192\n|player|p2|ye5ye5yyyyy|169|1154\n|gen|9\n|tier|[Gen 9] Random Battle\n|rated|\n|rule|Species Clause: Limit one of each Pok\u00e9mon\n|rule|HP Percentage Mod: HP is shown in percentages\n|rule|Sleep Clause Mod: Limit one foe put to sleep\n|rule|Illusion Level Mod: Illusion disguises the Pok\u00e9mon's true level\n|\n|t:|1782901134\n|teamsize|p1|6\n|teamsize|p2|6\n|start\n|switch|p1a: Eiscue|Eiscue, L88, F|274/274\n|switch|p2a: Breloom|Breloom, L83, M|235/235\n|turn|1\n|inactive|Battle timer is ON: inactive players will automatically lose when time's up. (requested by randbatsluvr)\n|\n|t:|1782901145\n|switch|p1a: Emboar|Emboar, L84, M|322/322\n|move|p2a: Breloom|Bullet Seed|p1a: Emboar\n|-resisted|p1a: Emboar\n|-damage|p1a: Emboar|283/322\n|-resisted|p1a: Emboar\n|-damage|p1a: Emboar|247/322\n|-hitcount|p1a: Emboar|2\n|-damage|p2a: Breloom|212/235|[from] item: Life Orb\n|\n|-heal|p1a: Emboar|267/322|[from] item: Leftovers\n|upkeep\n|turn|2\n|\n|t:|1782901156\n|switch|p2a: Rampardos|Rampardos, L90, F|321/321\n|move|p1a: Emboar|Flare Blitz|p2a: Rampardos\n|-resisted|p2a: Rampardos\n|-damage|p2a: Rampardos|214/321\n|-damage|p1a: Emboar|232/322|[from] Recoil\n|\n|-heal|p1a: Emboar|252/322|[from] item: Leftovers\n|upkeep\n|turn|3\n|\n|t:|1782901167\n|-terastallize|p1a: Emboar|Fighting\n|move|p2a: Rampardos|Head Smash|p1a: Emboar\n|-resisted|p1a: Emboar\n|-damage|p1a: Emboar|75/322\n|-damage|p2a: Rampardos|125/321|[from] Recoil\n|move|p1a: Emboar|Drain Punch|p2a: Rampardos\n|-supereffective|p2a: Rampardos\n|-damage|p2a: Rampardos|0 fnt\n|-heal|p1a: Emboar|138/322|[from] drain|[of] p2a: Rampardos\n|faint|p2a: Rampardos\n|\n|-heal|p1a: Emboar|158/322|[from] item: Leftovers\n|upkeep\n|\n|t:|1782901184\n|switch|p2a: Gengar|Gengar, L81, M|230/230\n|turn|4\n|\n|t:|1782901186\n|switch|p1a: Grafaiai|Grafaiai, L86, M|249/249\n|move|p2a: Gengar|Sludge Wave|p1a: Grafaiai\n|-resisted|p1a: Grafaiai\n|-damage|p1a: Grafaiai|187/249\n|-damage|p2a: Gengar|207/230|[from] item: Life Orb\n|\n|upkeep\n|turn|5\n|\n|t:|1782901192\n|switch|p2a: Dugtrio|Dugtrio, L84, M|196/196\n|move|p1a: Grafaiai|Knock Off|p2a: Dugtrio\n|-damage|p2a: Dugtrio|92/196\n|-status|p2a: Dugtrio|psn|[from] ability: Poison Touch|[of] p1a: Grafaiai\n|-enditem|p2a: Dugtrio|Life Orb|[from] move: Knock Off|[of] p1a: Grafaiai\n|\n|-damage|p2a: Dugtrio|68/196 psn|[from] psn\n|upkeep\n|turn|6\n|\n|t:|1782901195\n|move|p2a: Dugtrio|Earthquake|p1a: Grafaiai\n|-supereffective|p1a: Grafaiai\n|-damage|p1a: Grafaiai|0 fnt\n|faint|p1a: Grafaiai\n|\n|-damage|p2a: Dugtrio|44/196 psn|[from] psn\n|upkeep\n|\n|t:|1782901196\n|switch|p1a: Falinks|Falinks, L84|246/246\n|turn|7\n|\n|t:|1782901205\n|move|p2a: Dugtrio|Earthquake|p1a: Falinks\n|-damage|p1a: Falinks|150/246\n|move|p1a: Falinks|Knock Off|p2a: Dugtrio\n|-crit|p2a: Dugtrio\n|-damage|p2a: Dugtrio|0 fnt\n|faint|p2a: Dugtrio\n|-damage|p1a: Falinks|126/246|[from] item: Life Orb\n|\n|upkeep\n|\n|t:|1782901223\n|switch|p2a: Gengar|Gengar, L81, M|207/230\n|turn|8\n|\n|t:|1782901228\n|move|p2a: Gengar|Sludge Wave|p1a: Falinks\n|-damage|p1a: Falinks|0 fnt\n|faint|p1a: Falinks\n|-damage|p2a: Gengar|184/230|[from] item: Life Orb\n|\n|upkeep\n|\n|t:|1782901231\n|switch|p1a: Araquanid|Araquanid, L82, M|246/246\n|turn|9\n|\n|t:|1782901243\n|move|p2a: Gengar|Sludge Wave|p1a: Araquanid\n|-damage|p1a: Araquanid|132/246\n|-damage|p2a: Gengar|161/230|[from] item: Life Orb\n|move|p1a: Araquanid|Liquidation|p2a: Gengar\n|-damage|p2a: Gengar|0 fnt\n|faint|p2a: Gengar\n|\n|upkeep\n|\n|t:|1782901248\n|switch|p2a: Breloom|Breloom, L83, M|212/235\n|turn|10\n|\n|t:|1782901251\n|switch|p1a: Eiscue|Eiscue, L88, F|274/274\n|move|p2a: Breloom|Swords Dance|p2a: Breloom\n|-boost|p2a: Breloom|atk|2\n|\n|upkeep\n|turn|11\n|\n|t:|1782901256\n|-terastallize|p2a: Breloom|Fighting\n|move|p2a: Breloom|Bullet Seed|p1a: Eiscue\n|-activate|p1a: Eiscue|ability: Ice Face\n|-damage|p1a: Eiscue|274/274\n|detailschange|p1a: Eiscue|Eiscue-Noice, L88, F\n|-damage|p1a: Eiscue|122/274\n|-enditem|p1a: Eiscue|Sitrus Berry|[eat]\n|-heal|p1a: Eiscue|190/274|[from] item: Sitrus Berry\n|-hitcount|p1a: Eiscue|2\n|-damage|p2a: Breloom|189/235|[from] item: Life Orb\n|move|p1a: Eiscue|Belly Drum|p1a: Eiscue\n|-damage|p1a: Eiscue|53/274\n|-setboost|p1a: Eiscue|atk|6|[from] move: Belly Drum\n|\n|upkeep\n|turn|12\n|\n|t:|1782901268\n|move|p2a: Breloom|Mach Punch|p1a: Eiscue\n|-supereffective|p1a: Eiscue\n|-damage|p1a: Eiscue|0 fnt\n|faint|p1a: Eiscue\n|-damage|p2a: Breloom|166/235|[from] item: Life Orb\n|\n|upkeep\n|\n|t:|1782901270\n|switch|p1a: Emboar|Emboar, L84, M, tera:Fighting|158/322\n|turn|13\n|\n|t:|1782901272\n|move|p2a: Breloom|Bullet Seed|p1a: Emboar\n|-damage|p1a: Emboar|12/322\n|-damage|p1a: Emboar|0 fnt\n|faint|p1a: Emboar\n|-hitcount|p1: Emboar|2\n|-damage|p2a: Breloom|143/235|[from] item: Life Orb\n|\n|upkeep\n|\n|t:|1782901273\n|switch|p1a: Araquanid|Araquanid, L82, M|132/246\n|turn|14\n|\n|t:|1782901276\n|move|p2a: Breloom|Rock Tomb|p1a: Araquanid\n|-supereffective|p1a: Araquanid\n|-damage|p1a: Araquanid|0 fnt\n|faint|p1a: Araquanid\n|-damage|p2a: Breloom|120/235|[from] item: Life Orb\n|\n|upkeep\n|\n|t:|1782901277\n|switch|p1a: Probopass|Probopass, L91, F|257/257\n|turn|15\n|\n|t:|1782901280\n|move|p2a: Breloom|Mach Punch|p1a: Probopass\n|-supereffective|p1a: Probopass\n|-damage|p1a: Probopass|0 fnt\n|faint|p1a: Probopass\n|-damage|p2a: Breloom|97/235|[from] item: Life Orb\n|\n|win|ye5ye5yyyyy\n|raw|randbatsluvr's rating: 1164 &rarr; <strong>1138</strong><br />(-26 for losing)\n|raw|ye5ye5yyyyy's rating: 1154 &rarr; <strong>1180</strong><br />(+26 for winning)\n", "inputlog": ">version f8ac14003a5f27e1bdc8d8c59608a773c1cb96e5\n>start {\"formatid\":\"gen9randombattle\",\"seed\":\"sodium,6607ac9d9ef2b70ceaac797d41f071f6\",\"rated\":\"Rated battle\"}\n>player p1 {\"name\":\"randbatsluvr\",\"avatar\":\"169\",\"rating\":1192,\"seed\":\"sodium,46d812fc256928da011304c3a5baa9d5\"}\n>player p2 {\"name\":\"ye5ye5yyyyy\",\"avatar\":\"169\",\"rating\":1154,\"seed\":\"sodium,92d3de21a2c34ccfb0af82e472286b21\"}\n>p1 switch 5\n>p2 move bulletseed\n>p1 move flareblitz\n>p2 switch 3\n>p1 move drainpunch terastallize\n>p2 move headsmash\n>p2 switch 5\n>p1 switch 2\n>p2 move sludgewave\n>p1 move knockoff\n>p2 switch 6\n>p1 move knockoff\n>p2 move earthquake\n>p1 switch 3\n>p1 move knockoff\n>p2 move earthquake\n>p2 switch 6\n>p1 move knockoff\n>p2 move sludgewave\n>p1 switch 4\n>p1 move liquidation\n>p2 move sludgewave\n>p2 switch 3\n>p1 switch 5\n>p2 move swordsdance\n>p1 move bellydrum\n>p2 move bulletseed terastallize\n>p1 move icespinner\n>p2 move machpunch\n>p1 switch 2\n>p1 move flareblitz\n>p2 move bulletseed\n>p1 switch 5\n>p1 move liquidation\n>p2 move rocktomb\n>p1 switch 6\n>p1 move flashcannon\n>p2 move machpunch", "uploadtime": 1782901283, "views": 5, "formatid": "gen9randombattle", "rating": 1138, "private": 0, "password": null, "player_dets": [{"name": "randbatsluvr", "avatar": "169", "rating": 1192, "seed": "sodium,46d812fc256928da011304c3a5baa9d5"}, {"name": "ye5ye5yyyyy", "avatar": "169", "rating": 1154, "seed": "sodium,92d3de21a2c34ccfb0af82e472286b21"}], "teams_full": [{"Eiscue": {"name": "Eiscue", "species": "Eiscue", "speciesId": "eiscue", "gender": "F", "shiny": false, "level": 88, "moves": ["icespinner", "liquidation", "bellydrum", "terablast"], "ability": "Ice Face", "evs": {"hp": 81, "atk": 85, "def": 85, "spa": 85, "spd": 85, "spe": 85}, "ivs": {"hp": 31, "atk": 31, "def": 31, "spa": 31, "spd": 31, "spe": 31}, "item": "Sitrus Berry", "teraType": "Ground", "role": "Tera Blast user", "bvs": {"hp": 75, "atk": 80, "def": 110, "spa": 65, "spd": 90, "spe": 50}, "stats": {"hp": 274, "atk": 191, "def": 244, "spa": 165, "spd": 209, "spe": 138}, "types": ["Ice"]}, "Grafaiai": {"name": "Grafaiai", "species": "Grafaiai", "speciesId": "grafaiai", "gender": "M", "shiny": false, "level": 86, "moves": ["knockoff", "uturn", "gunkshot", "superfang"], "ability": "Poison Touch", "evs": {"hp": 85, "atk": 85, "def": 85, "spa": 85, "spd": 85, "spe": 85}, "ivs": {"hp": 31, "atk": 31, "def": 31, "spa": 31, "spd": 31, "spe": 31}, "item": "Assault Vest", "teraType": "Dark", "role": "AV Pivot", "bvs": {"hp": 63, "atk": 95, "def": 65, "spa": 80, "spd": 72, "spe": 110}, "stats": {"hp": 249, "atk": 213, "def": 161, "spa": 187, "spd": 173, "spe": 238}, "types": ["Poison", "Normal"]}, "Falinks": {"name": "Falinks", "species": "Falinks", "speciesId": "falinks", "gender": "N", "shiny": false, "level": 84, "moves": ["noretreat", "knockoff", "closecombat", "ironhead"], "ability": "Defiant", "evs": {"hp": 85, "atk": 85, "def": 85, "spa": 85, "spd": 85, "spe": 85}, "ivs": {"hp": 31, "atk": 31, "def": 31, "spa": 31, "spd": 31, "spe": 31}, "item": "Life Orb", "teraType": "Steel", "role": "Setup Sweeper", "bvs": {"hp": 65, "atk": 100, "def": 100, "spa": 70, "spd": 60, "spe": 75}, "stats": {"hp": 246, "atk": 216, "def": 216, "spa": 166, "spd": 149, "spe": 174}, "types": ["Fighting"]}, "Araquanid": {"name": "Araquanid", "species": "Araquanid", "speciesId": "araquanid", "gender": "M", "shiny": false, "level": 82, "moves": ["liquidation", "leechlife", "hydropump", "stickyweb"], "ability": "Water Bubble", "evs": {"hp": 85, "atk": 85, "def": 85, "spa": 85, "spd": 85, "spe": 85}, "ivs": {"hp": 31, "atk": 31, "def": 31, "spa": 31, "spd": 31, "spe": 31}, "item": "Heavy-Duty Boots", "teraType": "Steel", "role": "Bulky Attacker", "bvs": {"hp": 68, "atk": 70, "def": 92, "spa": 50, "spd": 132, "spe": 42}, "stats": {"hp": 246, "atk": 162, "def": 198, "spa": 129, "spd": 264, "spe": 116}, "types": ["Water", "Bug"]}, "Emboar": {"name": "Emboar", "species": "Emboar", "speciesId": "emboar", "gender": "M", "shiny": false, "level": 84, "moves": ["flareblitz", "drainpunch", "bulkup", "trailblaze"], "ability": "Reckless", "evs": {"hp": 85, "atk": 85, "def": 85, "spa": 85, "spd": 85, "spe": 85}, "ivs": {"hp": 31, "atk": 31, "def": 31, "spa": 31, "spd": 31, "spe": 31}, "item": "Leftovers", "teraType": "Fighting", "role": "Bulky Setup", "bvs": {"hp": 110, "atk": 123, "def": 65, "spa": 100, "spd": 65, "spe": 65}, "stats": {"hp": 322, "atk": 255, "def": 157, "spa": 216, "spd": 157, "spe": 157}, "types": ["Fire", "Fighting"]}, "Probopass": {"name": "Probopass", "species": "Probopass", "speciesId": "probopass", "gender": "F", "shiny": false, "level": 91, "moves": ["flashcannon", "powergem", "bodypress", "irondefense"], "ability": "Magnet Pull", "evs": {"hp": 85, "atk": 0, "def": 85, "spa": 85, "spd": 85, "spe": 85}, "ivs": {"hp": 31, "atk": 0, "def": 31, "spa": 31, "spd": 31, "spe": 31}, "item": "Leftovers", "teraType": "Fighting", "role": "Bulky Setup", "bvs": {"hp": 60, "atk": 55, "def": 145, "spa": 75, "spd": 150, "spe": 40}, "stats": {"hp": 257, "atk": 105, "def": 316, "spa": 188, "spd": 325, "spe": 125}, "types": ["Rock", "Steel"]}}, {"Breloom": {"name": "Breloom", "species": "Breloom", "speciesId": "breloom", "gender": "M", "shiny": false, "level": 83, "moves": ["swordsdance", "bulletseed", "machpunch", "rocktomb"], "ability": "Technician", "evs": {"hp": 85, "atk": 85, "def": 85, "spa": 85, "spd": 85, "spe": 85}, "ivs": {"hp": 31, "atk": 31, "def": 31, "spa": 31, "spd": 31, "spe": 31}, "item": "Life Orb", "teraType": "Fighting", "role": "Fast Attacker", "bvs": {"hp": 60, "atk": 130, "def": 80, "spa": 60, "spd": 60, "spe": 70}, "stats": {"hp": 235, "atk": 263, "def": 180, "spa": 147, "spd": 147, "spe": 164}, "types": ["Grass", "Fighting"]}, "Maushold": {"name": "Maushold", "species": "Maushold-Four", "speciesId": "maushold", "gender": "N", "shiny": false, "level": 76, "moves": ["bite", "tidyup", "encore", "populationbomb"], "ability": "Technician", "evs": {"hp": 85, "atk": 85, "def": 85, "spa": 85, "spd": 85, "spe": 85}, "ivs": {"hp": 31, "atk": 31, "def": 31, "spa": 31, "spd": 31, "spe": 31}, "item": "Wide Lens", "teraType": "Normal", "role": "Setup Sweeper", "bvs": {"hp": 74, "atk": 75, "def": 70, "spa": 65, "spd": 75, "spe": 111}, "stats": {"hp": 238, "atk": 158, "def": 150, "spa": 143, "spd": 158, "spe": 213}, "types": ["Normal"]}, "Rampardos": {"name": "Rampardos", "species": "Rampardos", "speciesId": "rampardos", "gender": "F", "shiny": false, "level": 90, "moves": ["earthquake", "firepunch", "rockslide", "headsmash"], "ability": "Sheer Force", "evs": {"hp": 85, "atk": 85, "def": 85, "spa": 85, "spd": 85, "spe": 85}, "ivs": {"hp": 31, "atk": 31, "def": 31, "spa": 31, "spd": 31, "spe": 31}, "item": "Choice Scarf", "teraType": "Ground", "role": "Fast Attacker", "bvs": {"hp": 97, "atk": 165, "def": 60, "spa": 65, "spd": 50, "spe": 58}, "stats": {"hp": 321, "atk": 348, "def": 159, "spa": 168, "spd": 141, "spe": 156}, "types": ["Rock"]}, "Perrserker": {"name": "Perrserker", "species": "Perrserker", "speciesId": "perrserker", "gender": "M", "shiny": false, "level": 89, "moves": ["closecombat", "ironhead", "knockoff", "stealthrock"], "ability": "Tough Claws", "evs": {"hp": 85, "atk": 85, "def": 85, "spa": 85, "spd": 85, "spe": 85}, "ivs": {"hp": 31, "atk": 31, "def": 31, "spa": 31, "spd": 31, "spe": 31}, "item": "Life Orb", "teraType": "Fighting", "role": "Fast Attacker", "bvs": {"hp": 70, "atk": 110, "def": 100, "spa": 50, "spd": 60, "spe": 50}, "stats": {"hp": 269, "atk": 247, "def": 229, "spa": 140, "spd": 158, "spe": 140}, "types": ["Steel"]}, "Gengar": {"name": "Gengar", "species": "Gengar", "speciesId": "gengar", "gender": "M", "shiny": false, "level": 81, "moves": ["focusblast", "shadowball", "willowisp", "sludgewave"], "ability": "Cursed Body", "evs": {"hp": 85, "atk": 0, "def": 85, "spa": 85, "spd": 85, "spe": 85}, "ivs": {"hp": 31, "atk": 0, "def": 31, "spa": 31, "spd": 31, "spe": 31}, "item": "Life Orb", "teraType": "Ghost", "role": "Fast Attacker", "bvs": {"hp": 60, "atk": 65, "def": 60, "spa": 130, "spd": 75, "spe": 110}, "stats": {"hp": 230, "atk": 110, "def": 144, "spa": 257, "spd": 168, "spe": 225}, "types": ["Ghost", "Poison"]}, "Dugtrio": {"name": "Dugtrio", "species": "Dugtrio", "speciesId": "dugtrio", "gender": "M", "shiny": false, "level": 84, "moves": ["earthquake", "stoneedge", "suckerpunch", "swordsdance"], "ability": "Arena Trap", "evs": {"hp": 85, "atk": 85, "def": 85, "spa": 85, "spd": 85, "spe": 85}, "ivs": {"hp": 31, "atk": 31, "def": 31, "spa": 31, "spd": 31, "spe": 31}, "item": "Life Orb", "teraType": "Ground", "role": "Fast Support", "bvs": {"hp": 35, "atk": 100, "def": 50, "spa": 50, "spd": 70, "spe": 120}, "stats": {"hp": 196, "atk": 216, "def": 132, "spa": 132, "spd": 166, "spe": 250}, "types": ["Ground"]}}]}