{"id": "gen9randombattle-2641975951", "format": "[Gen 9] Random Battle", "players": ["cowman25!", "notmetbh102"], "log": "|j|\u2606cowman25!\n|j|\u2606notmetbh102\n|t:|1782867471\n|gametype|singles\n|player|p1|cowman25!|1|2088\n|player|p2|notmetbh102|265|2046\n|gen|9\n|tier|[Gen 9] Random Battle\n|rated|\n|rule|Species Clause: Limit one of each Pok\u00e9mon\n|rule|HP Percentage Mod: HP is shown in percentages\n|rule|Sleep Clause Mod: Limit one foe put to sleep\n|rule|Illusion Level Mod: Illusion disguises the Pok\u00e9mon's true level\n|\n|t:|1782867471\n|teamsize|p1|6\n|teamsize|p2|6\n|start\n|switch|p1a: Tsareena|Tsareena, L87, F|267/267\n|switch|p2a: Dachsbun|Dachsbun, L92, F|254/254\n|turn|1\n|inactive|Battle timer is ON: inactive players will automatically lose when time's up. (requested by notmetbh102)\n|c|\u2606notmetbh102|hf\n|c|\u2606cowman25!|u2\n|\n|t:|1782867491\n|move|p2a: Dachsbun|Play Rough|p1a: Tsareena\n|-damage|p1a: Tsareena|186/267\n|move|p1a: Tsareena|Power Whip|p2a: Dachsbun\n|-damage|p2a: Dachsbun|74/254\n|\n|-heal|p2a: Dachsbun|89/254|[from] item: Leftovers\n|upkeep\n|turn|2\n|\n|t:|1782867502\n|switch|p1a: Dodrio|Dodrio, L85, F|241/241\n|move|p2a: Dachsbun|Play Rough|p1a: Dodrio\n|-damage|p1a: Dodrio|127/241\n|\n|-heal|p2a: Dachsbun|104/254|[from] item: Leftovers\n|upkeep\n|turn|3\n|\n|t:|1782867508\n|switch|p2a: Bisharp|Bisharp, L79, M|232/232\n|move|p1a: Dodrio|Brave Bird|p2a: Bisharp\n|-resisted|p2a: Bisharp\n|-crit|p2a: Bisharp\n|-damage|p2a: Bisharp|163/232\n|-damage|p1a: Dodrio|104/241|[from] Recoil\n|\n|upkeep\n|turn|4\n|\n|t:|1782867512\n|move|p1a: Dodrio|Drill Run|p2a: Bisharp\n|-supereffective|p2a: Bisharp\n|-damage|p2a: Bisharp|73/232\n|move|p2a: Bisharp|Swords Dance|p2a: Bisharp\n|-boost|p2a: Bisharp|atk|2\n|\n|upkeep\n|turn|5\n|\n|t:|1782867523\n|switch|p1a: Articuno|Articuno, L86|295/295\n|-ability|p1a: Articuno|Pressure\n|move|p2a: Bisharp|Sucker Punch||[still]\n|-fail|p2a: Bisharp\n|\n|upkeep\n|turn|6\n|\n|t:|1782867533\n|move|p1a: Articuno|U-turn|p2a: Bisharp\n|-damage|p2a: Bisharp|44/232\n|\n|t:|1782867536\n|switch|p1a: Zekrom|Zekrom, L71|259/259|[from] U-turn\n|-ability|p1a: Zekrom|Teravolt\n|move|p2a: Bisharp|Iron Head|p1a: Zekrom\n|-resisted|p1a: Zekrom\n|-damage|p1a: Zekrom|170/259\n|\n|-heal|p1a: Zekrom|186/259|[from] item: Leftovers\n|upkeep\n|turn|7\n|\n|t:|1782867545\n|switch|p1a: Articuno|Articuno, L86|295/295\n|-ability|p1a: Articuno|Pressure\n|move|p2a: Bisharp|Throat Chop|p1a: Articuno\n|-damage|p1a: Articuno|136/295\n|-start|p1a: Articuno|Throat Chop|[silent]\n|\n|upkeep\n|turn|8\n|\n|t:|1782867554\n|move|p1a: Articuno|U-turn|p2a: Bisharp\n|-damage|p2a: Bisharp|13/232\n|\n|t:|1782867572\n|switch|p1a: Tsareena|Tsareena, L87, F|186/267|[from] U-turn\n|move|p2a: Bisharp|Iron Head|p1a: Tsareena\n|-damage|p1a: Tsareena|21/267\n|\n|upkeep\n|turn|9\n|\n|t:|1782867578\n|switch|p2a: Dachsbun|Dachsbun, L92, F|104/254\n|move|p1a: Tsareena|U-turn|p2a: Dachsbun\n|-resisted|p2a: Dachsbun\n|-damage|p2a: Dachsbun|71/254\n|\n|t:|1782867583\n|switch|p1a: Dodrio|Dodrio, L85, F|104/241|[from] U-turn\n|\n|-heal|p2a: Dachsbun|86/254|[from] item: Leftovers\n|upkeep\n|turn|10\n|\n|t:|1782867592\n|switch|p2a: Sudowoodo|Sudowoodo, L94, F|284/284\n|move|p1a: Dodrio|Brave Bird|p2a: Sudowoodo\n|-resisted|p2a: Sudowoodo\n|-damage|p2a: Sudowoodo|233/284\n|-damage|p1a: Dodrio|87/241|[from] Recoil\n|\n|-heal|p2a: Sudowoodo|250/284|[from] item: Leftovers\n|upkeep\n|turn|11\n|\n|t:|1782867600\n|switch|p1a: Articuno|Articuno, L86|136/295\n|-ability|p1a: Articuno|Pressure\n|move|p2a: Sudowoodo|Stealth Rock|p1a: Articuno\n|-sidestart|p1: cowman25!|move: Stealth Rock\n|\n|-heal|p2a: Sudowoodo|267/284|[from] item: Leftovers\n|upkeep\n|turn|12\n|\n|t:|1782867608\n|move|p1a: Articuno|Freeze-Dry|p2a: Sudowoodo\n|-damage|p2a: Sudowoodo|183/284\n|move|p2a: Sudowoodo|Head Smash|p1a: Articuno\n|-supereffective|p1a: Articuno\n|-damage|p1a: Articuno|0 fnt\n|faint|p1a: Articuno\n|\n|-heal|p2a: Sudowoodo|200/284|[from] item: Leftovers\n|upkeep\n|\n|t:|1782867617\n|switch|p1a: Tsareena|Tsareena, L87, F|21/267\n|-damage|p1a: Tsareena|0 fnt|[from] Stealth Rock\n|faint|p1a: Tsareena\n|\n|t:|1782867627\n|switch|p1a: Wigglytuff|Wigglytuff, L96, F|424/424\n|-damage|p1a: Wigglytuff|371/424|[from] Stealth Rock\n|turn|13\n|\n|t:|1782867633\n|move|p1a: Wigglytuff|Dazzling Gleam|p2a: Sudowoodo\n|-damage|p2a: Sudowoodo|85/284\n|move|p2a: Sudowoodo|Head Smash|p1a: Wigglytuff\n|-damage|p1a: Wigglytuff|110/424\n|\n|-heal|p1a: Wigglytuff|136/424|[from] item: Leftovers\n|-heal|p2a: Sudowoodo|102/284|[from] item: Leftovers\n|upkeep\n|turn|14\n|\n|t:|1782867639\n|switch|p2a: Minun|Minun, L95, F|268/268\n|move|p1a: Wigglytuff|Dazzling Gleam|p2a: Minun\n|-damage|p2a: Minun|171/268\n|\n|-heal|p1a: Wigglytuff|162/424|[from] item: Leftovers\n|upkeep\n|turn|15\n|\n|t:|1782867642\n|move|p2a: Minun|Thunderbolt|p1a: Wigglytuff\n|-damage|p1a: Wigglytuff|0 fnt\n|faint|p1a: Wigglytuff\n|-damage|p2a: Minun|145/268|[from] item: Life Orb\n|\n|upkeep\n|\n|t:|1782867648\n|switch|p1a: Zekrom|Zekrom, L71|186/259\n|-damage|p1a: Zekrom|154/259|[from] Stealth Rock\n|-ability|p1a: Zekrom|Teravolt\n|turn|16\n|\n|t:|1782867651\n|move|p2a: Minun|Nasty Plot|p2a: Minun\n|-boost|p2a: Minun|spa|2\n|move|p1a: Zekrom|Dragon Dance|p1a: Zekrom\n|-boost|p1a: Zekrom|atk|1\n|-boost|p1a: Zekrom|spe|1\n|\n|-heal|p1a: Zekrom|170/259|[from] item: Leftovers\n|upkeep\n|turn|17\n|\n|t:|1782867659\n|move|p1a: Zekrom|Outrage|p2a: Minun\n|-damage|p2a: Minun|0 fnt\n|faint|p2a: Minun\n|\n|-heal|p1a: Zekrom|186/259|[from] item: Leftovers\n|upkeep\n|\n|t:|1782867660\n|switch|p2a: Dachsbun|Dachsbun, L92, F|86/254\n|turn|18\n|\n|t:|1782867664\n|move|p1a: Zekrom|Outrage|p2a: Dachsbun|[from] lockedmove\n|-immune|p2a: Dachsbun\n|-start|p1a: Zekrom|confusion|[fatigue]\n|move|p2a: Dachsbun|Wish|p2a: Dachsbun\n|\n|-heal|p1a: Zekrom|202/259|[from] item: Leftovers\n|-heal|p2a: Dachsbun|101/254|[from] item: Leftovers\n|upkeep\n|turn|19\n|\n|t:|1782867673\n|-terastallize|p1a: Zekrom|Steel\n|move|p2a: Dachsbun|Protect|p2a: Dachsbun\n|-singleturn|p2a: Dachsbun|Protect\n|-activate|p1a: Zekrom|confusion\n|-damage|p1a: Zekrom|158/259|[from] confusion\n|\n|-heal|p2a: Dachsbun|228/254|[from] move: Wish|[wisher] Dachsbun\n|-heal|p1a: Zekrom|174/259|[from] item: Leftovers\n|-heal|p2a: Dachsbun|243/254|[from] item: Leftovers\n|upkeep\n|turn|20\n|\n|t:|1782867680\n|-activate|p1a: Zekrom|confusion\n|move|p1a: Zekrom|Substitute|p1a: Zekrom\n|-start|p1a: Zekrom|Substitute\n|-damage|p1a: Zekrom|110/259\n|move|p2a: Dachsbun|Body Press|p1a: Zekrom\n|-supereffective|p1a: Zekrom\n|-end|p1a: Zekrom|Substitute\n|\n|-heal|p1a: Zekrom|126/259|[from] item: Leftovers\n|-heal|p2a: Dachsbun|254/254|[from] item: Leftovers\n|upkeep\n|turn|21\n|\n|t:|1782867685\n|-activate|p1a: Zekrom|confusion\n|move|p1a: Zekrom|Bolt Strike|p2a: Dachsbun|[miss]\n|-miss|p1a: Zekrom|p2a: Dachsbun\n|move|p2a: Dachsbun|Body Press|p1a: Zekrom\n|-supereffective|p1a: Zekrom\n|-damage|p1a: Zekrom|0 fnt\n|faint|p1a: Zekrom\n|\n|upkeep\n|\n|t:|1782867690\n|switch|p1a: Dodrio|Dodrio, L85, F|87/241\n|turn|22\n|\n|t:|1782867695\n|move|p1a: Dodrio|Brave Bird|p2a: Dachsbun\n|-damage|p2a: Dachsbun|142/254\n|-damage|p1a: Dodrio|50/241|[from] Recoil\n|move|p2a: Dachsbun|Play Rough|p1a: Dodrio\n|-damage|p1a: Dodrio|0 fnt\n|faint|p1a: Dodrio\n|\n|-heal|p2a: Dachsbun|157/254|[from] item: Leftovers\n|upkeep\n|\n|t:|1782867700\n|switch|p1a: Drednaw|Drednaw, L81, F|278/278\n|-damage|p1a: Drednaw|244/278|[from] Stealth Rock\n|turn|23\n|\n|t:|1782867705\n|move|p2a: Dachsbun|Body Press|p1a: Drednaw\n|-supereffective|p1a: Drednaw\n|-damage|p1a: Drednaw|98/278\n|move|p1a: Drednaw|Shell Smash|p1a: Drednaw\n|-unboost|p1a: Drednaw|def|1\n|-unboost|p1a: Drednaw|spd|1\n|-boost|p1a: Drednaw|atk|2\n|-boost|p1a: Drednaw|spa|2\n|-boost|p1a: Drednaw|spe|2\n|-enditem|p1a: Drednaw|White Herb\n|-clearnegativeboost|p1a: Drednaw|[silent]\n|\n|-heal|p2a: Dachsbun|172/254|[from] item: Leftovers\n|upkeep\n|turn|24\n|\n|t:|1782867711\n|move|p2a: Dachsbun|Protect|p2a: Dachsbun\n|-singleturn|p2a: Dachsbun|Protect\n|move|p1a: Drednaw|Stone Edge|p2a: Dachsbun\n|-activate|p2a: Dachsbun|move: Protect\n|\n|-heal|p2a: Dachsbun|187/254|[from] item: Leftovers\n|upkeep\n|turn|25\n|\n|t:|1782867714\n|move|p1a: Drednaw|Stone Edge|p2a: Dachsbun\n|-damage|p2a: Dachsbun|33/254\n|move|p2a: Dachsbun|Body Press|p1a: Drednaw\n|-supereffective|p1a: Drednaw\n|-damage|p1a: Drednaw|0 fnt\n|faint|p1a: Drednaw\n|\n|win|notmetbh102\n|raw|cowman25!'s rating: 2088 &rarr; <strong>2066</strong><br />(-22 for losing)\n|raw|notmetbh102's rating: 2046 &rarr; <strong>2068</strong><br />(+22 for winning)\n|c|\u2606notmetbh102|gg\n", "inputlog": ">version f8ac14003a5f27e1bdc8d8c59608a773c1cb96e5\n>start {\"formatid\":\"gen9randombattle\",\"seed\":\"sodium,2e16ad1663ffeb4effcc16737c98a177\",\"rated\":\"Rated battle\"}\n>player p1 {\"name\":\"cowman25!\",\"avatar\":\"1\",\"rating\":2088,\"seed\":\"sodium,37bf07487329feb411d9576bd5bd044d\"}\n>player p2 {\"name\":\"notmetbh102\",\"avatar\":\"265\",\"rating\":2046,\"seed\":\"sodium,5493ae0deb6e5a74c91bef7258f33bfe\"}\n>chat \u2606notmetbh102|hf\n>chat \u2606cowman25!|u2\n>p1 move powerwhip\n>p2 move playrough\n>p1 switch 3\n>p2 move playrough\n>p1 move bravebird\n>p2 switch 5\n>p1 move drillrun\n>p2 move swordsdance\n>p1 switch 2\n>p2 move suckerpunch\n>p1 move uturn\n>p2 move ironhead\n>p1 switch 5\n>p1 switch 5\n>p2 move throatchop\n>p1 move uturn\n>p2 move ironhead\n>p1 switch 3\n>p1 move uturn\n>p2 switch 5\n>p1 switch 2\n>p1 move bravebird\n>p2 switch 3\n>p1 switch 3\n>p2 move stealthrock\n>p1 move freezedry\n>p2 move headsmash\n>p1 switch 2\n>p1 switch 4\n>p1 move dazzlinggleam\n>p2 move headsmash\n>p1 move dazzlinggleam\n>p2 switch 6\n>p1 move dazzlinggleam\n>p2 move thunderbolt\n>p1 switch 5\n>p1 move dragondance\n>p2 move nastyplot\n>p1 move outrage\n>p2 move alluringvoice\n>p2 switch 3\n>p1 move outrage\n>p2 move wish\n>p1 move substitute terastallize\n>p2 move protect\n>p1 move substitute\n>p2 move bodypress\n>p1 move boltstrike\n>p2 move bodypress\n>p1 switch 3\n>p1 move bravebird\n>p2 move playrough\n>p1 switch 6\n>p1 move shellsmash\n>p2 move bodypress\n>p1 move stoneedge\n>p2 move protect\n>p1 move stoneedge\n>p2 move bodypress", "uploadtime": 1782867715, "views": 4, "formatid": "gen9randombattle", "rating": 2066, "private": 0, "password": null, "player_dets": [{"name": "cowman25!", "avatar": "1", "rating": 2088, "seed": "sodium,37bf07487329feb411d9576bd5bd044d"}, {"name": "notmetbh102", "avatar": "265", "rating": 2046, "seed": "sodium,5493ae0deb6e5a74c91bef7258f33bfe"}], "teams_full": [{"Tsareena": {"name": "Tsareena", "species": "Tsareena", "speciesId": "tsareena", "gender": "F", "shiny": false, "level": 87, "moves": ["uturn", "tripleaxel", "powerwhip", "highjumpkick"], "ability": "Queenly Majesty", "evs": {"hp": 85, "atk": 85, "def": 85, "spa": 85, "spd": 85, "spe": 85}, "ivs": {"hp": 31, "atk": 31, "def": 31, "spa": 31, "spd": 31, "spe": 31}, "item": "Choice Band", "teraType": "Steel", "role": "Fast Support", "bvs": {"hp": 72, "atk": 120, "def": 98, "spa": 50, "spd": 98, "spe": 72}, "stats": {"hp": 267, "atk": 259, "def": 220, "spa": 137, "spd": 220, "spe": 175}, "types": ["Grass"]}, "Articuno": {"name": "Articuno", "species": "Articuno", "speciesId": "articuno", "gender": "N", "shiny": false, "level": 86, "moves": ["roost", "uturn", "freezedry", "bravebird"], "ability": "Pressure", "evs": {"hp": 85, "atk": 85, "def": 85, "spa": 85, "spd": 85, "spe": 85}, "ivs": {"hp": 31, "atk": 31, "def": 31, "spa": 31, "spd": 31, "spe": 31}, "item": "Heavy-Duty Boots", "teraType": "Ground", "role": "Bulky Support", "bvs": {"hp": 90, "atk": 85, "def": 100, "spa": 95, "spd": 125, "spe": 85}, "stats": {"hp": 295, "atk": 195, "def": 221, "spa": 213, "spd": 264, "spe": 195}, "types": ["Ice", "Flying"]}, "Dodrio": {"name": "Dodrio", "species": "Dodrio", "speciesId": "dodrio", "gender": "F", "shiny": false, "level": 85, "moves": ["swordsdance", "drillrun", "bravebird", "doubleedge"], "ability": "Early Bird", "evs": {"hp": 85, "atk": 85, "def": 85, "spa": 85, "spd": 85, "spe": 85}, "ivs": {"hp": 31, "atk": 31, "def": 31, "spa": 31, "spd": 31, "spe": 31}, "item": "Heavy-Duty Boots", "teraType": "Flying", "role": "Setup Sweeper", "bvs": {"hp": 60, "atk": 110, "def": 70, "spa": 60, "spd": 60, "spe": 110}, "stats": {"hp": 241, "atk": 236, "def": 168, "spa": 151, "spd": 151, "spe": 236}, "types": ["Normal", "Flying"]}, "Wigglytuff": {"name": "Wigglytuff", "species": "Wigglytuff", "speciesId": "wigglytuff", "gender": "F", "shiny": false, "level": 96, "moves": ["dazzlinggleam", "protect", "wish", "thunderwave"], "ability": "Competitive", "evs": {"hp": 85, "atk": 0, "def": 85, "spa": 85, "spd": 85, "spe": 85}, "ivs": {"hp": 31, "atk": 0, "def": 31, "spa": 31, "spd": 31, "spe": 31}, "item": "Leftovers", "teraType": "Steel", "role": "Bulky Support", "bvs": {"hp": 140, "atk": 70, "def": 45, "spa": 85, "spd": 50, "spe": 45}, "stats": {"hp": 424, "atk": 139, "def": 141, "spa": 218, "spd": 150, "spe": 141}, "types": ["Normal", "Fairy"]}, "Zekrom": {"name": "Zekrom", "species": "Zekrom", "speciesId": "zekrom", "gender": "N", "shiny": false, "level": 71, "moves": ["dragondance", "boltstrike", "outrage", "substitute"], "ability": "Teravolt", "evs": {"hp": 85, "atk": 85, "def": 85, "spa": 85, "spd": 85, "spe": 85}, "ivs": {"hp": 31, "atk": 31, "def": 31, "spa": 31, "spd": 31, "spe": 31}, "item": "Leftovers", "teraType": "Steel", "role": "Setup Sweeper", "bvs": {"hp": 100, "atk": 150, "def": 120, "spa": 120, "spd": 100, "spe": 90}, "stats": {"hp": 259, "atk": 254, "def": 212, "spa": 212, "spd": 183, "spe": 169}, "types": ["Dragon", "Electric"]}, "Drednaw": {"name": "Drednaw", "species": "Drednaw", "speciesId": "drednaw", "gender": "F", "shiny": false, "level": 81, "moves": ["earthquake", "liquidation", "shellsmash", "stoneedge"], "ability": "Shell Armor", "evs": {"hp": 85, "atk": 85, "def": 85, "spa": 85, "spd": 85, "spe": 85}, "ivs": {"hp": 31, "atk": 31, "def": 31, "spa": 31, "spd": 31, "spe": 31}, "item": "White Herb", "teraType": "Ground", "role": "Fast Bulky Setup", "bvs": {"hp": 90, "atk": 115, "def": 90, "spa": 48, "spd": 68, "spe": 74}, "stats": {"hp": 278, "atk": 233, "def": 192, "spa": 124, "spd": 157, "spe": 167}, "types": ["Water", "Rock"]}}, {"Dachsbun": {"name": "Dachsbun", "species": "Dachsbun", "speciesId": "dachsbun", "gender": "F", "shiny": false, "level": 92, "moves": ["wish", "playrough", "protect", "bodypress"], "ability": "Well-Baked Body", "evs": {"hp": 85, "atk": 85, "def": 85, "spa": 85, "spd": 85, "spe": 85}, "ivs": {"hp": 31, "atk": 31, "def": 31, "spa": 31, "spd": 31, "spe": 31}, "item": "Leftovers", "teraType": "Steel", "role": "Bulky Support", "bvs": {"hp": 57, "atk": 80, "def": 115, "spa": 50, "spd": 80, "spe": 95}, "stats": {"hp": 254, "atk": 200, "def": 264, "spa": 144, "spd": 200, "spe": 227}, "types": ["Fairy"]}, "Swanna": {"name": "Swanna", "species": "Swanna", "speciesId": "swanna", "gender": "M", "shiny": false, "level": 89, "moves": ["hydropump", "bravebird", "roost", "defog"], "ability": "Hydration", "evs": {"hp": 85, "atk": 85, "def": 85, "spa": 85, "spd": 85, "spe": 85}, "ivs": {"hp": 31, "atk": 31, "def": 31, "spa": 31, "spd": 31, "spe": 31}, "item": "Heavy-Duty Boots", "teraType": "Ground", "role": "Bulky Support", "bvs": {"hp": 75, "atk": 87, "def": 63, "spa": 87, "spd": 63, "spe": 98}, "stats": {"hp": 278, "atk": 206, "def": 163, "spa": 206, "spd": 163, "spe": 225}, "types": ["Water", "Flying"]}, "Sudowoodo": {"name": "Sudowoodo", "species": "Sudowoodo", "speciesId": "sudowoodo", "gender": "F", "shiny": false, "level": 94, "moves": ["headsmash", "earthquake", "woodhammer", "stealthrock"], "ability": "Rock Head", "evs": {"hp": 85, "atk": 85, "def": 85, "spa": 85, "spd": 85, "spe": 85}, "ivs": {"hp": 31, "atk": 31, "def": 31, "spa": 31, "spd": 31, "spe": 31}, "item": "Leftovers", "teraType": "Rock", "role": "Bulky Attacker", "bvs": {"hp": 70, "atk": 100, "def": 115, "spa": 30, "spd": 65, "spe": 30}, "stats": {"hp": 284, "atk": 241, "def": 270, "spa": 110, "spd": 176, "spe": 110}, "types": ["Rock"]}, "Azelf": {"name": "Azelf", "species": "Azelf", "speciesId": "azelf", "gender": "N", "shiny": false, "level": 82, "moves": ["knockoff", "psychic", "fireblast", "encore"], "ability": "Levitate", "evs": {"hp": 85, "atk": 85, "def": 85, "spa": 85, "spd": 85, "spe": 85}, "ivs": {"hp": 31, "atk": 31, "def": 31, "spa": 31, "spd": 31, "spe": 31}, "item": "Life Orb", "teraType": "Dark", "role": "Fast Support", "bvs": {"hp": 75, "atk": 125, "def": 70, "spa": 125, "spd": 70, "spe": 115}, "stats": {"hp": 257, "atk": 252, "def": 162, "spa": 252, "spd": 162, "spe": 236}, "types": ["Psychic"]}, "Bisharp": {"name": "Bisharp", "species": "Bisharp", "speciesId": "bisharp", "gender": "M", "shiny": false, "level": 79, "moves": ["ironhead", "swordsdance", "throatchop", "suckerpunch"], "ability": "Defiant", "evs": {"hp": 85, "atk": 85, "def": 85, "spa": 85, "spd": 85, "spe": 85}, "ivs": {"hp": 31, "atk": 31, "def": 31, "spa": 31, "spd": 31, "spe": 31}, "item": "Eviolite", "teraType": "Flying", "role": "Bulky Attacker", "bvs": {"hp": 65, "atk": 125, "def": 100, "spa": 60, "spd": 70, "spe": 70}, "stats": {"hp": 232, "atk": 243, "def": 204, "spa": 140, "spd": 156, "spe": 156}, "types": ["Dark", "Steel"]}, "Minun": {"name": "Minun", "species": "Minun", "speciesId": "minun", "gender": "F", "shiny": false, "level": 95, "moves": ["thunderbolt", "nastyplot", "grassknot", "alluringvoice"], "ability": "Volt Absorb", "evs": {"hp": 85, "atk": 0, "def": 85, "spa": 85, "spd": 85, "spe": 85}, "ivs": {"hp": 31, "atk": 0, "def": 31, "spa": 31, "spd": 31, "spe": 31}, "item": "Life Orb", "teraType": "Fairy", "role": "Setup Sweeper", "bvs": {"hp": 60, "atk": 40, "def": 50, "spa": 75, "spd": 85, "spe": 95}, "stats": {"hp": 268, "atk": 81, "def": 149, "spa": 196, "spd": 215, "spe": 234}, "types": ["Electric"]}}]}