{"id": "gen9randombattle-2642124640", "format": "[Gen 9] Random Battle", "players": ["1024zou", "testbotcif"], "log": "|j|\u26061024zou\n|j|\u2606testbotcif\n|t:|1782895261\n|gametype|singles\n|player|p1|1024zou|rocketgrunt|1225\n|player|p2|testbotcif|1|1260\n|gen|9\n|tier|[Gen 9] Random Battle\n|rated|\n|rule|Species Clause: Limit one of each Pok\u00e9mon\n|rule|HP Percentage Mod: HP is shown in percentages\n|rule|Sleep Clause Mod: Limit one foe put to sleep\n|rule|Illusion Level Mod: Illusion disguises the Pok\u00e9mon's true level\n|\n|t:|1782895261\n|teamsize|p1|6\n|teamsize|p2|6\n|start\n|switch|p1a: Orthworm|Orthworm, L88, M|266/266\n|switch|p2a: Tyranitar|Tyranitar, L78, M|284/284\n|-weather|Sandstorm|[from] ability: Sand Stream|[of] p2a: Tyranitar\n|turn|1\n|c|\u2606testbotcif|rlhf\n|inactive|Battle timer is ON: inactive players will automatically lose when time's up. (requested by 1024zou)\n|inactive|testbotcif also wants the timer to be on.\n|\n|t:|1782895282\n|-terastallize|p2a: Tyranitar|Ghost\n|move|p1a: Orthworm|Coil|p1a: Orthworm\n|-boost|p1a: Orthworm|atk|1\n|-boost|p1a: Orthworm|def|1\n|-boost|p1a: Orthworm|accuracy|1\n|move|p2a: Tyranitar|Dragon Dance|p2a: Tyranitar\n|-boost|p2a: Tyranitar|atk|1\n|-boost|p2a: Tyranitar|spe|1\n|\n|-weather|Sandstorm|[upkeep]\n|-damage|p2a: Tyranitar|267/284|[from] Sandstorm\n|upkeep\n|turn|2\n|\n|t:|1782895293\n|move|p2a: Tyranitar|Knock Off|p1a: Orthworm\n|-damage|p1a: Orthworm|184/266\n|-enditem|p1a: Orthworm|Chesto Berry|[from] move: Knock Off|[of] p2a: Tyranitar\n|move|p1a: Orthworm|Coil|p1a: Orthworm\n|-boost|p1a: Orthworm|atk|1\n|-boost|p1a: Orthworm|def|1\n|-boost|p1a: Orthworm|accuracy|1\n|\n|-weather|Sandstorm|[upkeep]\n|-damage|p2a: Tyranitar|250/284|[from] Sandstorm\n|upkeep\n|turn|3\n|\n|t:|1782895306\n|move|p2a: Tyranitar|Knock Off|p1a: Orthworm\n|-damage|p1a: Orthworm|148/266\n|move|p1a: Orthworm|Coil|p1a: Orthworm\n|-boost|p1a: Orthworm|atk|1\n|-boost|p1a: Orthworm|def|1\n|-boost|p1a: Orthworm|accuracy|1\n|\n|-weather|Sandstorm|[upkeep]\n|-damage|p2a: Tyranitar|233/284|[from] Sandstorm\n|upkeep\n|turn|4\n|\n|t:|1782895315\n|move|p2a: Tyranitar|Knock Off|p1a: Orthworm\n|-damage|p1a: Orthworm|115/266\n|move|p1a: Orthworm|Coil|p1a: Orthworm\n|-boost|p1a: Orthworm|atk|1\n|-boost|p1a: Orthworm|def|1\n|-boost|p1a: Orthworm|accuracy|1\n|\n|-weather|Sandstorm|[upkeep]\n|-damage|p2a: Tyranitar|216/284|[from] Sandstorm\n|upkeep\n|turn|5\n|\n|t:|1782895326\n|move|p2a: Tyranitar|Knock Off|p1a: Orthworm\n|-damage|p1a: Orthworm|90/266\n|move|p1a: Orthworm|Rest|p1a: Orthworm\n|-status|p1a: Orthworm|slp|[from] move: Rest\n|-heal|p1a: Orthworm|266/266 slp|[silent]\n|\n|-weather|none\n|upkeep\n|turn|6\n|\n|t:|1782895336\n|move|p2a: Tyranitar|Dragon Dance|p2a: Tyranitar\n|-boost|p2a: Tyranitar|atk|1\n|-boost|p2a: Tyranitar|spe|1\n|cant|p1a: Orthworm|slp\n|\n|upkeep\n|turn|7\n|\n|t:|1782895346\n|move|p2a: Tyranitar|Knock Off|p1a: Orthworm\n|-damage|p1a: Orthworm|230/266 slp\n|cant|p1a: Orthworm|slp\n|\n|upkeep\n|turn|8\n|\n|t:|1782895353\n|move|p2a: Tyranitar|Knock Off|p1a: Orthworm\n|-damage|p1a: Orthworm|196/266 slp\n|-curestatus|p1a: Orthworm|slp|[msg]\n|move|p1a: Orthworm|Iron Tail|p2a: Tyranitar\n|-damage|p2a: Tyranitar|0 fnt\n|faint|p2a: Tyranitar\n|\n|upkeep\n|\n|t:|1782895353\n|switch|p2a: Miraidon|Miraidon, L65|238/238\n|-fieldstart|move: Electric Terrain|[from] ability: Hadron Engine|[of] p2a: Miraidon\n|turn|9\n|\n|t:|1782895372\n|move|p2a: Miraidon|Electro Drift|p1a: Orthworm\n|-damage|p1a: Orthworm|0 fnt\n|faint|p1a: Orthworm\n|-damage|p2a: Miraidon|215/238|[from] item: Life Orb\n|\n|upkeep\n|\n|t:|1782895388\n|switch|p1a: Lugia|Lugia, L73|275/275\n|turn|10\n|\n|t:|1782895398\n|-terastallize|p1a: Lugia|Ground\n|move|p2a: Miraidon|Electro Drift|p1a: Lugia\n|-immune|p1a: Lugia\n|move|p1a: Lugia|Earth Power|p2a: Miraidon\n|-supereffective|p2a: Miraidon\n|-damage|p2a: Miraidon|71/238\n|\n|upkeep\n|turn|11\n|\n|t:|1782895411\n|move|p2a: Miraidon|Dragon Pulse|p1a: Lugia\n|-damage|p1a: Lugia|228/275\n|-damage|p2a: Miraidon|48/238|[from] item: Life Orb\n|move|p1a: Lugia|Earth Power|p2a: Miraidon\n|-supereffective|p2a: Miraidon\n|-damage|p2a: Miraidon|0 fnt\n|faint|p2a: Miraidon\n|\n|upkeep\n|\n|t:|1782895411\n|switch|p2a: Mismagius|Mismagius, L86, F|243/243\n|turn|12\n|\n|t:|1782895425\n|move|p2a: Mismagius|Nasty Plot|p2a: Mismagius\n|-boost|p2a: Mismagius|spa|2\n|move|p1a: Lugia|Calm Mind|p1a: Lugia\n|-boost|p1a: Lugia|spa|1\n|-boost|p1a: Lugia|spd|1\n|\n|upkeep\n|turn|13\n|\n|t:|1782895433\n|move|p2a: Mismagius|Shadow Ball|p1a: Lugia\n|-damage|p1a: Lugia|106/275\n|-damage|p2a: Mismagius|219/243|[from] item: Life Orb\n|move|p1a: Lugia|Calm Mind|p1a: Lugia\n|-boost|p1a: Lugia|spa|1\n|-boost|p1a: Lugia|spd|1\n|\n|-fieldend|move: Electric Terrain\n|upkeep\n|turn|14\n|\n|t:|1782895442\n|move|p2a: Mismagius|Shadow Ball|p1a: Lugia\n|-damage|p1a: Lugia|20/275\n|-damage|p2a: Mismagius|195/243|[from] item: Life Orb\n|move|p1a: Lugia|Recover|p1a: Lugia\n|-heal|p1a: Lugia|158/275\n|\n|upkeep\n|turn|15\n|\n|t:|1782895453\n|move|p2a: Mismagius|Shadow Ball|p1a: Lugia\n|-damage|p1a: Lugia|71/275\n|-unboost|p1a: Lugia|spd|1\n|-damage|p2a: Mismagius|171/243|[from] item: Life Orb\n|move|p1a: Lugia|Aeroblast|p2a: Mismagius\n|-damage|p2a: Mismagius|42/243\n|\n|upkeep\n|turn|16\n|\n|t:|1782895465\n|switch|p1a: Pyroar|Pyroar, L88, F|295/295\n|-ability|p1a: Pyroar|Unnerve\n|move|p2a: Mismagius|Shadow Ball|p1a: Pyroar\n|-immune|p1a: Pyroar\n|\n|upkeep\n|turn|17\n|\n|t:|1782895476\n|move|p1a: Pyroar|Taunt|p2a: Mismagius\n|-start|p2a: Mismagius|move: Taunt\n|move|p2a: Mismagius|Thunderbolt|p1a: Pyroar\n|-damage|p1a: Pyroar|73/295\n|-damage|p2a: Mismagius|18/243|[from] item: Life Orb\n|\n|upkeep\n|turn|18\n|\n|t:|1782895489\n|switch|p2a: Mudsdale|Mudsdale, L83, F|302/302\n|move|p1a: Pyroar|Fire Blast|p2a: Mudsdale|[miss]\n|-miss|p1a: Pyroar|p2a: Mudsdale\n|\n|upkeep\n|turn|19\n|\n|t:|1782895499\n|switch|p1a: Palkia|Palkia, L75|259/259\n|-ability|p1a: Palkia|Pressure\n|move|p2a: Mudsdale|Stealth Rock|p1a: Palkia\n|-sidestart|p1: 1024zou|move: Stealth Rock\n|\n|upkeep\n|turn|20\n|\n|t:|1782895513\n|move|p1a: Palkia|Hydro Pump|p2a: Mudsdale|[miss]\n|-miss|p1a: Palkia|p2a: Mudsdale\n|move|p2a: Mudsdale|Earthquake|p1a: Palkia\n|-damage|p1a: Palkia|141/259\n|\n|upkeep\n|turn|21\n|\n|t:|1782895520\n|move|p1a: Palkia|Hydro Pump|p2a: Mudsdale\n|-supereffective|p2a: Mudsdale\n|-damage|p2a: Mudsdale|0 fnt\n|faint|p2a: Mudsdale\n|\n|upkeep\n|\n|t:|1782895520\n|switch|p2a: Clefable|Clefable, L83, F|293/293\n|turn|22\n|\n|t:|1782895530\n|move|p1a: Palkia|Thunder Wave|p2a: Clefable|[miss]\n|-miss|p1a: Palkia|p2a: Clefable\n|move|p2a: Clefable|Moonblast|p1a: Palkia\n|-supereffective|p1a: Palkia\n|-damage|p1a: Palkia|0 fnt\n|faint|p1a: Palkia\n|\n|upkeep\n|\n|t:|1782895540\n|switch|p1a: Pyroar|Pyroar, L88, F|73/295\n|-ability|p1a: Pyroar|Unnerve\n|turn|23\n|\n|t:|1782895550\n|move|p1a: Pyroar|Hyper Voice|p2a: Clefable\n|-damage|p2a: Clefable|185/293\n|move|p2a: Clefable|Moonblast|p1a: Pyroar\n|-resisted|p1a: Pyroar\n|-damage|p1a: Pyroar|4/295\n|\n|upkeep\n|turn|24\n|\n|t:|1782895559\n|move|p1a: Pyroar|Fire Blast|p2a: Clefable\n|-damage|p2a: Clefable|44/293\n|move|p2a: Clefable|Moonlight|p2a: Clefable\n|-heal|p2a: Clefable|190/293\n|\n|upkeep\n|turn|25\n|\n|t:|1782895570\n|move|p1a: Pyroar|Fire Blast|p2a: Clefable\n|-damage|p2a: Clefable|57/293\n|move|p2a: Clefable|Moonlight|p2a: Clefable\n|-heal|p2a: Clefable|203/293\n|\n|upkeep\n|turn|26\n|\n|t:|1782895579\n|move|p1a: Pyroar|Taunt|p2a: Clefable\n|-start|p2a: Clefable|move: Taunt\n|cant|p2a: Clefable|move: Taunt|Moonlight\n|\n|upkeep\n|turn|27\n|\n|t:|1782895586\n|move|p1a: Pyroar|Fire Blast|p2a: Clefable\n|-damage|p2a: Clefable|62/293\n|move|p2a: Clefable|Moonblast|p1a: Pyroar\n|-resisted|p1a: Pyroar\n|-damage|p1a: Pyroar|0 fnt\n|faint|p1a: Pyroar\n|\n|upkeep\n|\n|t:|1782895596\n|switch|p1a: Lugia|Lugia, L73, tera:Ground|71/275\n|turn|28\n|\n|t:|1782895601\n|move|p1a: Lugia|Recover|p1a: Lugia\n|-heal|p1a: Lugia|209/275\n|move|p2a: Clefable|Moonblast|p1a: Lugia\n|-damage|p1a: Lugia|110/275\n|-unboost|p1a: Lugia|spa|1\n|\n|-end|p2a: Clefable|move: Taunt\n|upkeep\n|turn|29\n|\n|t:|1782895610\n|move|p1a: Lugia|Calm Mind|p1a: Lugia\n|-boost|p1a: Lugia|spa|1\n|-boost|p1a: Lugia|spd|1\n|move|p2a: Clefable|Moonlight|p2a: Clefable\n|-heal|p2a: Clefable|208/293\n|\n|upkeep\n|turn|30\n|\n|t:|1782895617\n|move|p1a: Lugia|Calm Mind|p1a: Lugia\n|-boost|p1a: Lugia|spa|1\n|-boost|p1a: Lugia|spd|1\n|move|p2a: Clefable|Calm Mind|p2a: Clefable\n|-boost|p2a: Clefable|spa|1\n|-boost|p2a: Clefable|spd|1\n|\n|upkeep\n|turn|31\n|\n|t:|1782895625\n|move|p1a: Lugia|Recover|p1a: Lugia\n|-heal|p1a: Lugia|248/275\n|move|p2a: Clefable|Calm Mind|p2a: Clefable\n|-boost|p2a: Clefable|spa|1\n|-boost|p2a: Clefable|spd|1\n|\n|upkeep\n|turn|32\n|\n|t:|1782895632\n|move|p1a: Lugia|Recover|p1a: Lugia\n|-heal|p1a: Lugia|275/275\n|move|p2a: Clefable|Calm Mind|p2a: Clefable\n|-boost|p2a: Clefable|spa|1\n|-boost|p2a: Clefable|spd|1\n|\n|upkeep\n|turn|33\n|\n|t:|1782895639\n|move|p1a: Lugia|Calm Mind|p1a: Lugia\n|-boost|p1a: Lugia|spa|1\n|-boost|p1a: Lugia|spd|1\n|move|p2a: Clefable|Calm Mind|p2a: Clefable\n|-boost|p2a: Clefable|spa|1\n|-boost|p2a: Clefable|spd|1\n|\n|upkeep\n|turn|34\n|\n|t:|1782895646\n|move|p1a: Lugia|Calm Mind|p1a: Lugia\n|-boost|p1a: Lugia|spa|1\n|-boost|p1a: Lugia|spd|1\n|move|p2a: Clefable|Moonlight|p2a: Clefable\n|-heal|p2a: Clefable|293/293\n|\n|upkeep\n|turn|35\n|\n|t:|1782895653\n|move|p1a: Lugia|Calm Mind|p1a: Lugia\n|-boost|p1a: Lugia|spa|1\n|-boost|p1a: Lugia|spd|1\n|move|p2a: Clefable|Calm Mind|p2a: Clefable\n|-boost|p2a: Clefable|spa|1\n|-boost|p2a: Clefable|spd|1\n|\n|upkeep\n|turn|36\n|\n|t:|1782895665\n|move|p1a: Lugia|Earth Power|p2a: Clefable\n|-damage|p2a: Clefable|232/293\n|move|p2a: Clefable|Moonblast|p1a: Lugia\n|-damage|p1a: Lugia|230/275\n|\n|upkeep\n|turn|37\n|\n|t:|1782895672\n|move|p1a: Lugia|Earth Power|p2a: Clefable\n|-damage|p2a: Clefable|168/293\n|move|p2a: Clefable|Moonlight|p2a: Clefable\n|-heal|p2a: Clefable|293/293\n|\n|upkeep\n|turn|38\n|\n|t:|1782895679\n|move|p1a: Lugia|Calm Mind|p1a: Lugia\n|-boost|p1a: Lugia|spa|1\n|-boost|p1a: Lugia|spd|1\n|move|p2a: Clefable|Moonblast|p1a: Lugia\n|-damage|p1a: Lugia|144/275\n|\n|upkeep\n|turn|39\n|\n|t:|1782895689\n|move|p1a: Lugia|Recover|p1a: Lugia\n|-heal|p1a: Lugia|275/275\n|move|p2a: Clefable|Moonblast|p1a: Lugia\n|-damage|p1a: Lugia|235/275\n|\n|upkeep\n|turn|40\n|inactive|1024zou has 120 seconds left.\n|\n|t:|1782895725\n|move|p1a: Lugia|Calm Mind|p1a: Lugia\n|-boost|p1a: Lugia|spa|1\n|-boost|p1a: Lugia|spd|0\n|move|p2a: Clefable|Moonblast|p1a: Lugia\n|-damage|p1a: Lugia|156/275\n|\n|upkeep\n|turn|41\n|inactive|1024zou has 120 seconds left.\n|\n|t:|1782895737\n|move|p1a: Lugia|Earth Power|p2a: Clefable\n|-damage|p2a: Clefable|217/293\n|move|p2a: Clefable|Moonblast|p1a: Lugia\n|-crit|p1a: Lugia\n|-damage|p1a: Lugia|0 fnt\n|faint|p1a: Lugia\n|\n|upkeep\n|\n|t:|1782895748\n|switch|p1a: Amoonguss|Amoonguss, L82, M|321/321\n|-damage|p1a: Amoonguss|281/321|[from] Stealth Rock\n|turn|42\n|\n|t:|1782895755\n|move|p2a: Clefable|Fire Blast|p1a: Amoonguss\n|-supereffective|p1a: Amoonguss\n|-damage|p1a: Amoonguss|0 fnt\n|faint|p1a: Amoonguss\n|\n|upkeep\n|-message|1024zou forfeited.\n|\n|win|testbotcif\n|raw|1024zou's rating: 1225 &rarr; <strong>1203</strong><br />(-22 for losing)\n|raw|testbotcif's rating: 1260 &rarr; <strong>1282</strong><br />(+22 for winning)\n", "inputlog": ">version f8ac14003a5f27e1bdc8d8c59608a773c1cb96e5\n>start {\"formatid\":\"gen9randombattle\",\"seed\":\"sodium,1375503486f727b36d2fb4c86950f86e\",\"rated\":\"Rated battle\"}\n>player p1 {\"name\":\"1024zou\",\"avatar\":\"rocketgrunt\",\"rating\":1225,\"seed\":\"sodium,553bfaa75e888ad60fffa8ae4804050d\"}\n>player p2 {\"name\":\"testbotcif\",\"avatar\":\"1\",\"rating\":1260,\"seed\":\"sodium,94c6c57641d065c5fd8c15980348b19b\"}\n>chat \u2606testbotcif|rlhf\n>p1 move coil\n>p2 move dragondance terastallize\n>p1 move coil\n>p2 move knockoff\n>p1 move coil\n>p2 move knockoff\n>p1 move coil\n>p2 move knockoff\n>p1 move rest\n>p2 move knockoff\n>p1 move bodypress\n>p2 move dragondance\n>p1 move irontail\n>p2 move knockoff\n>p1 move irontail\n>p2 move knockoff\n>p2 switch 4\n>p1 move bodypress\n>p2 move electrodrift\n>p1 switch 2\n>p1 move earthpower terastallize\n>p2 move electrodrift\n>p1 move earthpower\n>p2 move dragonpulse\n>p2 switch 6\n>p1 move calmmind\n>p2 move nastyplot\n>p1 move calmmind\n>p2 move shadowball\n>p1 move recover\n>p2 move shadowball\n>p1 move aeroblast\n>p2 move shadowball\n>p1 switch 4\n>p2 move shadowball\n>p1 move taunt\n>p2 move thunderbolt\n>p1 move fireblast\n>p2 switch 2\n>p1 switch 6\n>p2 move stealthrock\n>p1 move hydropump\n>p2 move earthquake\n>p1 move hydropump\n>p2 move earthquake\n>p2 switch 5\n>p1 move thunderwave\n>p2 move moonblast\n>p1 switch 6\n>p1 move hypervoice\n>p2 move moonblast\n>p1 move fireblast\n>p2 move moonlight\n>p1 move fireblast\n>p2 move moonlight\n>p1 move taunt\n>p2 move moonlight\n>p1 move fireblast\n>p2 move moonblast\n>p1 switch 4\n>p1 move recover\n>p2 move moonblast\n>p1 move calmmind\n>p2 move moonlight\n>p1 move calmmind\n>p2 move calmmind\n>p1 move recover\n>p2 move calmmind\n>p1 move recover\n>p2 move calmmind\n>p1 move calmmind\n>p2 move calmmind\n>p1 move calmmind\n>p2 move moonlight\n>p1 move calmmind\n>p2 move calmmind\n>p1 move earthpower\n>p2 move moonblast\n>p1 move earthpower\n>p2 move moonlight\n>p1 move calmmind\n>p2 move moonblast\n>p1 move recover\n>p2 move moonblast\n>p1 move calmmind\n>p2 move moonblast\n>p1 move earthpower\n>p2 move moonblast\n>p1 switch 5\n>p1 move spore\n>p2 move fireblast\n>forcelose p1", "uploadtime": 1782895760, "views": 7, "formatid": "gen9randombattle", "rating": 1203, "private": 0, "password": null, "player_dets": [{"name": "1024zou", "avatar": "rocketgrunt", "rating": 1225, "seed": "sodium,553bfaa75e888ad60fffa8ae4804050d"}, {"name": "testbotcif", "avatar": "1", "rating": 1260, "seed": "sodium,94c6c57641d065c5fd8c15980348b19b"}], "teams_full": [{"Orthworm": {"name": "Orthworm", "species": "Orthworm", "speciesId": "orthworm", "gender": "M", "shiny": false, "level": 88, "moves": ["rest", "irontail", "coil", "bodypress"], "ability": "Earth Eater", "evs": {"hp": 85, "atk": 85, "def": 85, "spa": 85, "spd": 85, "spe": 85}, "ivs": {"hp": 31, "atk": 31, "def": 31, "spa": 31, "spd": 31, "spe": 31}, "item": "Chesto Berry", "teraType": "Fighting", "role": "Bulky Setup", "bvs": {"hp": 70, "atk": 85, "def": 145, "spa": 60, "spd": 55, "spe": 65}, "stats": {"hp": 266, "atk": 200, "def": 305, "spa": 156, "spd": 147, "spe": 165}, "types": ["Steel"]}, "Lugia": {"name": "Lugia", "species": "Lugia", "speciesId": "lugia", "gender": "N", "shiny": false, "level": 73, "moves": ["aeroblast", "calmmind", "recover", "earthpower"], "ability": "Multiscale", "evs": {"hp": 85, "atk": 0, "def": 85, "spa": 85, "spd": 85, "spe": 85}, "ivs": {"hp": 31, "atk": 0, "def": 31, "spa": 31, "spd": 31, "spe": 31}, "item": "Heavy-Duty Boots", "teraType": "Ground", "role": "Bulky Setup", "bvs": {"hp": 106, "atk": 90, "def": 130, "spa": 90, "spd": 154, "spe": 110}, "stats": {"hp": 275, "atk": 136, "def": 232, "spa": 174, "spd": 267, "spe": 203}, "types": ["Psychic", "Flying"]}, "Passimian": {"name": "Passimian", "species": "Passimian", "speciesId": "passimian", "gender": "F", "shiny": false, "level": 83, "moves": ["knockoff", "earthquake", "closecombat", "gunkshot"], "ability": "Defiant", "evs": {"hp": 85, "atk": 85, "def": 85, "spa": 85, "spd": 85, "spe": 85}, "ivs": {"hp": 31, "atk": 31, "def": 31, "spa": 31, "spd": 31, "spe": 31}, "item": "Choice Scarf", "teraType": "Poison", "role": "Fast Attacker", "bvs": {"hp": 100, "atk": 120, "def": 90, "spa": 40, "spd": 60, "spe": 80}, "stats": {"hp": 302, "atk": 247, "def": 197, "spa": 114, "spd": 147, "spe": 180}, "types": ["Fighting"]}, "Pyroar": {"name": "Pyroar", "species": "Pyroar", "speciesId": "pyroar", "gender": "F", "shiny": false, "level": 88, "moves": ["workup", "taunt", "fireblast", "hypervoice"], "ability": "Unnerve", "evs": {"hp": 85, "atk": 0, "def": 85, "spa": 85, "spd": 85, "spe": 85}, "ivs": {"hp": 31, "atk": 0, "def": 31, "spa": 31, "spd": 31, "spe": 31}, "item": "Heavy-Duty Boots", "teraType": "Fire", "role": "Fast Attacker", "bvs": {"hp": 86, "atk": 68, "def": 72, "spa": 109, "spd": 66, "spe": 106}, "stats": {"hp": 295, "atk": 124, "def": 177, "spa": 242, "spd": 166, "spe": 237}, "types": ["Fire", "Normal"]}, "Amoonguss": {"name": "Amoonguss", "species": "Amoonguss", "speciesId": "amoonguss", "gender": "M", "shiny": false, "level": 82, "moves": ["spore", "gigadrain", "toxic", "sludgebomb"], "ability": "Regenerator", "evs": {"hp": 85, "atk": 0, "def": 85, "spa": 85, "spd": 85, "spe": 85}, "ivs": {"hp": 31, "atk": 0, "def": 31, "spa": 31, "spd": 31, "spe": 31}, "item": "Rocky Helmet", "teraType": "Steel", "role": "Bulky Support", "bvs": {"hp": 114, "atk": 85, "def": 70, "spa": 85, "spd": 80, "spe": 30}, "stats": {"hp": 321, "atk": 144, "def": 162, "spa": 187, "spd": 178, "spe": 96}, "types": ["Grass", "Poison"]}, "Palkia": {"name": "Palkia", "species": "Palkia", "speciesId": "palkia", "gender": "N", "shiny": false, "level": 75, "moves": ["thunderwave", "dracometeor", "hydropump", "fireblast"], "ability": "Pressure", "evs": {"hp": 85, "atk": 0, "def": 85, "spa": 85, "spd": 85, "spe": 85}, "ivs": {"hp": 31, "atk": 0, "def": 31, "spa": 31, "spd": 31, "spe": 31}, "item": "Lustrous Orb", "teraType": "Water", "role": "Bulky Attacker", "bvs": {"hp": 90, "atk": 120, "def": 100, "spa": 150, "spd": 120, "spe": 100}, "stats": {"hp": 259, "atk": 185, "def": 194, "spa": 269, "spd": 224, "spe": 194}, "types": ["Water", "Dragon"]}}, {"Tyranitar": {"name": "Tyranitar", "species": "Tyranitar", "speciesId": "tyranitar", "gender": "M", "shiny": false, "level": 78, "moves": ["stoneedge", "dragondance", "knockoff", "icepunch"], "ability": "Sand Stream", "evs": {"hp": 85, "atk": 85, "def": 85, "spa": 85, "spd": 85, "spe": 85}, "ivs": {"hp": 31, "atk": 31, "def": 31, "spa": 31, "spd": 31, "spe": 31}, "item": "Weakness Policy", "teraType": "Ghost", "role": "Bulky Setup", "bvs": {"hp": 100, "atk": 134, "def": 110, "spa": 95, "spd": 100, "spe": 61}, "stats": {"hp": 284, "atk": 254, "def": 217, "spa": 193, "spd": 201, "spe": 140}, "types": ["Rock", "Dark"]}, "Mudsdale": {"name": "Mudsdale", "species": "Mudsdale", "speciesId": "mudsdale", "gender": "F", "shiny": false, "level": 83, "moves": ["stealthrock", "heavyslam", "earthquake", "stoneedge"], "ability": "Stamina", "evs": {"hp": 85, "atk": 85, "def": 85, "spa": 85, "spd": 85, "spe": 85}, "ivs": {"hp": 31, "atk": 31, "def": 31, "spa": 31, "spd": 31, "spe": 31}, "item": "Leftovers", "teraType": "Steel", "role": "Bulky Attacker", "bvs": {"hp": 100, "atk": 125, "def": 100, "spa": 55, "spd": 85, "spe": 35}, "stats": {"hp": 302, "atk": 255, "def": 214, "spa": 139, "spd": 189, "spe": 106}, "types": ["Ground"]}, "Iron Thorns": {"name": "Iron Thorns", "species": "Iron Thorns", "speciesId": "ironthorns", "gender": "N", "shiny": false, "level": 83, "moves": ["wildcharge", "dragondance", "icepunch", "stoneedge"], "ability": "Quark Drive", "evs": {"hp": 85, "atk": 85, "def": 85, "spa": 85, "spd": 85, "spe": 85}, "ivs": {"hp": 31, "atk": 31, "def": 31, "spa": 31, "spd": 31, "spe": 31}, "item": "Booster Energy", "teraType": "Grass", "role": "Fast Bulky Setup", "bvs": {"hp": 100, "atk": 134, "def": 110, "spa": 70, "spd": 84, "spe": 72}, "stats": {"hp": 302, "atk": 270, "def": 230, "spa": 164, "spd": 187, "spe": 167}, "types": ["Rock", "Electric"]}, "Miraidon": {"name": "Miraidon", "species": "Miraidon", "speciesId": "miraidon", "gender": "N", "shiny": false, "level": 65, "moves": ["dracometeor", "calmmind", "electrodrift", "dragonpulse"], "ability": "Hadron Engine", "evs": {"hp": 85, "atk": 0, "def": 85, "spa": 85, "spd": 85, "spe": 85}, "ivs": {"hp": 31, "atk": 0, "def": 31, "spa": 31, "spd": 31, "spe": 31}, "item": "Life Orb", "teraType": "Electric", "role": "Setup Sweeper", "bvs": {"hp": 100, "atk": 85, "def": 100, "spa": 135, "spd": 115, "spe": 135}, "stats": {"hp": 238, "atk": 115, "def": 168, "spa": 214, "spd": 188, "spe": 214}, "types": ["Electric", "Dragon"]}, "Clefable": {"name": "Clefable", "species": "Clefable", "speciesId": "clefable", "gender": "F", "shiny": false, "level": 83, "moves": ["moonlight", "fireblast", "moonblast", "calmmind"], "ability": "Magic Guard", "evs": {"hp": 85, "atk": 0, "def": 85, "spa": 85, "spd": 85, "spe": 85}, "ivs": {"hp": 31, "atk": 0, "def": 31, "spa": 31, "spd": 31, "spe": 31}, "item": "Life Orb", "teraType": "Steel", "role": "Bulky Setup", "bvs": {"hp": 95, "atk": 70, "def": 73, "spa": 95, "spd": 90, "spe": 60}, "stats": {"hp": 293, "atk": 121, "def": 169, "spa": 205, "spd": 197, "spe": 147}, "types": ["Fairy"]}, "Mismagius": {"name": "Mismagius", "species": "Mismagius", "speciesId": "mismagius", "gender": "F", "shiny": false, "level": 86, "moves": ["shadowball", "thunderbolt", "nastyplot", "mysticalfire"], "ability": "Levitate", "evs": {"hp": 85, "atk": 0, "def": 85, "spa": 85, "spd": 85, "spe": 85}, "ivs": {"hp": 31, "atk": 0, "def": 31, "spa": 31, "spd": 31, "spe": 31}, "item": "Life Orb", "teraType": "Electric", "role": "Setup Sweeper", "bvs": {"hp": 60, "atk": 60, "def": 60, "spa": 105, "spd": 105, "spe": 105}, "stats": {"hp": 243, "atk": 108, "def": 152, "spa": 230, "spd": 230, "spe": 230}, "types": ["Ghost"]}}]}