{"id": "gen9randombattle-2641819396", "format": "[Gen 9] Random Battle", "players": ["NBG453", "polite96rg"], "log": "|badge|p2|bronze|gen9randombattle|100-9\n|html|<div class=\"broadcast-red\"><strong>This battle is required to be public due to one or more player having a season medal.</strong><br />During the public phase, you can discuss the state of the ladder <a href=\"/seasondiscussion\">in a special chatroom.</a></div>\n|uhtml|medal-msg|<div class=\"broadcast-blue\">Curious what those medals under the avatar are? PS now has Ladder Seasons! For more information, check out the <a href=\"https://www.smogon.com/forums/threads/3740067/\">thread on Smogon.</a></div>\n|j|\u2606NBG453\n|j|\u2606polite96rg\n|t:|1782845727\n|gametype|singles\n|player|p1|NBG453|lucas|2231\n|player|p2|polite96rg|1|2280\n|gen|9\n|tier|[Gen 9] Random Battle\n|rated|\n|rule|Species Clause: Limit one of each Pok\u00e9mon\n|rule|HP Percentage Mod: HP is shown in percentages\n|rule|Sleep Clause Mod: Limit one foe put to sleep\n|rule|Illusion Level Mod: Illusion disguises the Pok\u00e9mon's true level\n|\n|t:|1782845727\n|teamsize|p1|6\n|teamsize|p2|6\n|start\n|switch|p1a: Heatran|Heatran, L79, M|273/273\n|switch|p2a: Toxtricity|Toxtricity, L82, M|257/257\n|-item|p1a: Heatran|Air Balloon\n|turn|1\n|inactive|Battle timer is ON: inactive players will automatically lose when time's up. (requested by polite96rg)\n|\n|t:|1782845747\n|move|p2a: Toxtricity|Overdrive|p1a: Heatran\n|-damage|p1a: Heatran|173/273\n|-enditem|p1a: Heatran|Air Balloon\n|-enditem|p2a: Toxtricity|Throat Spray\n|-boost|p2a: Toxtricity|spa|1|[from] item: Throat Spray\n|move|p1a: Heatran|Earth Power|p2a: Toxtricity\n|-supereffective|p2a: Toxtricity\n|-damage|p2a: Toxtricity|0 fnt\n|faint|p2a: Toxtricity\n|\n|upkeep\n|j| glacier_grusha\n|\n|t:|1782845757\n|switch|p2a: Hariyama|Hariyama, L87, F|392/392\n|turn|2\n|\n|t:|1782845766\n|move|p1a: Heatran|Stealth Rock|p2a: Hariyama\n|-sidestart|p2: polite96rg|move: Stealth Rock\n|move|p2a: Hariyama|Close Combat|p1a: Heatran\n|-supereffective|p1a: Heatran\n|-damage|p1a: Heatran|0 fnt\n|-unboost|p2a: Hariyama|def|1\n|-unboost|p2a: Hariyama|spd|1\n|faint|p1a: Heatran\n|\n|-status|p2a: Hariyama|brn|[from] item: Flame Orb\n|upkeep\n|\n|t:|1782845775\n|switch|p1a: Hawlucha|Hawlucha, L80, M|256/256\n|turn|3\n|l| glacier_grusha\n|inactive|polite96rg has 120 seconds left.\n|\n|t:|1782845817\n|switch|p2a: Moltres|Moltres-Galar, L79|271/271\n|-damage|p2a: Moltres|204/271|[from] Stealth Rock\n|move|p1a: Hawlucha|Brave Bird|p2a: Moltres\n|-damage|p2a: Moltres|78/271\n|-damage|p1a: Hawlucha|214/256|[from] Recoil\n|-ability|p2a: Moltres|Berserk|boost\n|-boost|p2a: Moltres|spa|1\n|\n|upkeep\n|turn|4\n|\n|t:|1782845827\n|move|p1a: Hawlucha|Brave Bird|p2a: Moltres\n|-damage|p2a: Moltres|0 fnt\n|faint|p2a: Moltres\n|-damage|p1a: Hawlucha|188/256|[from] Recoil\n|\n|upkeep\n|\n|t:|1782845832\n|switch|p2a: Plusle|Plusle, L95, M|268/268\n|-damage|p2a: Plusle|235/268|[from] Stealth Rock\n|turn|5\n|inactive|polite96rg has 120 seconds left.\n|\n|t:|1782845854\n|switch|p1a: Cryogonal|Cryogonal, L89|287/287\n|move|p2a: Plusle|Thunderbolt|p1a: Cryogonal\n|-damage|p1a: Cryogonal|188/287\n|-damage|p2a: Plusle|209/268|[from] item: Life Orb\n|\n|upkeep\n|turn|6\n|\n|t:|1782845864\n|switch|p2a: Jirachi|Jirachi, L80|291/291\n|-damage|p2a: Jirachi|273/291|[from] Stealth Rock\n|move|p1a: Cryogonal|Recover|p1a: Cryogonal\n|-heal|p1a: Cryogonal|287/287\n|\n|-heal|p2a: Jirachi|291/291|[from] item: Leftovers\n|upkeep\n|turn|7\n|\n|t:|1782845869\n|switch|p1a: Eelektross|Eelektross, L87, M|290/290\n|move|p2a: Jirachi|Body Slam|p1a: Eelektross\n|-damage|p1a: Eelektross|231/290\n|\n|upkeep\n|turn|8\n|inactive|polite96rg has 120 seconds left.\n|\n|t:|1782845879\n|switch|p2a: Hariyama|Hariyama, L87, F|392/392 brn\n|-damage|p2a: Hariyama|368/392 brn|[from] Stealth Rock\n|move|p1a: Eelektross|Knock Off|p2a: Hariyama\n|-resisted|p2a: Hariyama\n|-crit|p2a: Hariyama\n|-damage|p2a: Hariyama|292/392 brn\n|-enditem|p2a: Hariyama|Flame Orb|[from] move: Knock Off|[of] p1a: Eelektross\n|\n|-damage|p2a: Hariyama|268/392 brn|[from] brn\n|upkeep\n|turn|9\n|inactive|polite96rg has 120 seconds left.\n|\n|t:|1782845896\n|move|p2a: Hariyama|Facade|p1a: Eelektross\n|-damage|p1a: Eelektross|28/290\n|move|p1a: Eelektross|U-turn|p2a: Hariyama\n|-resisted|p2a: Hariyama\n|-damage|p2a: Hariyama|229/392 brn\n|\n|t:|1782845901\n|switch|p1a: Hawlucha|Hawlucha, L80, M|188/256|[from] U-turn\n|\n|-damage|p2a: Hariyama|205/392 brn|[from] brn\n|upkeep\n|turn|10\n|\n|t:|1782845910\n|-terastallize|p2a: Hariyama|Normal\n|move|p1a: Hawlucha|Brave Bird|p2a: Hariyama\n|-damage|p2a: Hariyama|70/392 brn\n|-damage|p1a: Hawlucha|143/256|[from] Recoil\n|move|p2a: Hariyama|Facade|p1a: Hawlucha\n|-damage|p1a: Hawlucha|0 fnt\n|faint|p1a: Hawlucha\n|\n|-damage|p2a: Hariyama|46/392 brn|[from] brn\n|upkeep\n|\n|t:|1782845922\n|switch|p1a: Cryogonal|Cryogonal, L89|287/287\n|turn|11\n|\n|t:|1782845927\n|move|p2a: Hariyama|Bullet Punch|p1a: Cryogonal\n|-supereffective|p1a: Cryogonal\n|-damage|p1a: Cryogonal|145/287\n|move|p1a: Cryogonal|Freeze-Dry|p2a: Hariyama\n|-damage|p2a: Hariyama|0 fnt\n|faint|p2a: Hariyama\n|\n|upkeep\n|inactive|polite96rg has 120 seconds left.\n|\n|t:|1782845953\n|switch|p2a: Jirachi|Jirachi, L80|291/291\n|-damage|p2a: Jirachi|273/291|[from] Stealth Rock\n|turn|12\n|inactive|polite96rg has 120 seconds left.\n|j| Agnes Digitals alt\n|inactive|polite96rg has 90 seconds left.\n|\n|t:|1782845998\n|switch|p1a: Eelektross|Eelektross, L87, M|28/290\n|switch|p2a: Plusle|Plusle, L95, M|209/268\n|-damage|p2a: Plusle|176/268|[from] Stealth Rock\n|\n|upkeep\n|turn|13\n|inactive|polite96rg has 90 seconds left.\n|\n|t:|1782846013\n|move|p2a: Plusle|Thunderbolt|p1a: Eelektross\n|-resisted|p1a: Eelektross\n|-damage|p1a: Eelektross|0 fnt\n|faint|p1a: Eelektross\n|-damage|p2a: Plusle|150/268|[from] item: Life Orb\n|\n|upkeep\n|\n|t:|1782846023\n|switch|p1a: Cryogonal|Cryogonal, L89|145/287\n|turn|14\n|\n|t:|1782846027\n|switch|p2a: Jirachi|Jirachi, L80|273/291\n|-damage|p2a: Jirachi|255/291|[from] Stealth Rock\n|move|p1a: Cryogonal|Freeze-Dry|p2a: Jirachi\n|-resisted|p2a: Jirachi\n|-damage|p2a: Jirachi|219/291\n|\n|-heal|p2a: Jirachi|237/291|[from] item: Leftovers\n|upkeep\n|turn|15\n|\n|t:|1782846039\n|move|p1a: Cryogonal|Freeze-Dry|p2a: Jirachi\n|-resisted|p2a: Jirachi\n|-damage|p2a: Jirachi|196/291\n|move|p2a: Jirachi|Body Slam|p1a: Cryogonal\n|-damage|p1a: Cryogonal|67/287\n|\n|-heal|p2a: Jirachi|214/291|[from] item: Leftovers\n|upkeep\n|turn|16\n|\n|t:|1782846043\n|move|p1a: Cryogonal|Freeze-Dry|p2a: Jirachi\n|-resisted|p2a: Jirachi\n|-damage|p2a: Jirachi|176/291\n|move|p2a: Jirachi|Wish|p2a: Jirachi\n|\n|-heal|p2a: Jirachi|194/291|[from] item: Leftovers\n|upkeep\n|turn|17\n|\n|t:|1782846047\n|move|p1a: Cryogonal|Freeze-Dry|p2a: Jirachi\n|-resisted|p2a: Jirachi\n|-damage|p2a: Jirachi|157/291\n|move|p2a: Jirachi|Iron Head|p1a: Cryogonal\n|-supereffective|p1a: Cryogonal\n|-damage|p1a: Cryogonal|0 fnt\n|faint|p1a: Cryogonal\n|\n|-heal|p2a: Jirachi|291/291|[from] move: Wish|[wisher] Jirachi\n|upkeep\n|\n|t:|1782846050\n|switch|p1a: Roaring Moon|Roaring Moon, L72|270/270\n|turn|18\n|\n|t:|1782846066\n|move|p1a: Roaring Moon|Dragon Dance|p1a: Roaring Moon\n|-boost|p1a: Roaring Moon|atk|1\n|-boost|p1a: Roaring Moon|spe|1\n|move|p2a: Jirachi|Body Slam|p1a: Roaring Moon\n|-damage|p1a: Roaring Moon|193/270\n|\n|upkeep\n|turn|19\n|\n|t:|1782846072\n|move|p1a: Roaring Moon|Knock Off|p2a: Jirachi\n|-supereffective|p2a: Jirachi\n|-damage|p2a: Jirachi|3/291\n|-enditem|p2a: Jirachi|Leftovers|[from] move: Knock Off|[of] p1a: Roaring Moon\n|move|p2a: Jirachi|Body Slam|p1a: Roaring Moon\n|-damage|p1a: Roaring Moon|121/270\n|-status|p1a: Roaring Moon|par\n|-enditem|p1a: Roaring Moon|Lum Berry|[eat]\n|-curestatus|p1a: Roaring Moon|par|[msg]\n|\n|upkeep\n|turn|20\n|\n|t:|1782846078\n|move|p1a: Roaring Moon|Earthquake|p2a: Jirachi\n|-supereffective|p2a: Jirachi\n|-damage|p2a: Jirachi|0 fnt\n|faint|p2a: Jirachi\n|\n|upkeep\n|\n|t:|1782846081\n|switch|p2a: Flamigo|Flamigo, L82, F|269/269\n|-damage|p2a: Flamigo|236/269|[from] Stealth Rock\n|turn|21\n|\n|t:|1782846087\n|move|p1a: Roaring Moon|Outrage|p2a: Flamigo\n|-damage|p2a: Flamigo|8/269\n|move|p2a: Flamigo|Close Combat|p1a: Roaring Moon\n|-supereffective|p1a: Roaring Moon\n|-damage|p1a: Roaring Moon|0 fnt\n|-unboost|p2a: Flamigo|def|1\n|-unboost|p2a: Flamigo|spd|1\n|faint|p1a: Roaring Moon\n|-end|p1a: Roaring Moon|Protosynthesis|[silent]\n|\n|upkeep\n|\n|t:|1782846090\n|switch|p1a: Pikachu|Pikachu-Unova, L93, M|216/216\n|turn|22\n|\n|t:|1782846096\n|move|p1a: Pikachu|Surf|p2a: Flamigo\n|-damage|p2a: Flamigo|0 fnt\n|faint|p2a: Flamigo\n|\n|upkeep\n|\n|t:|1782846099\n|switch|p2a: Plusle|Plusle, L95, M|150/268\n|-damage|p2a: Plusle|117/268|[from] Stealth Rock\n|turn|23\n|l| Agnes Digitals alt\n|inactive|NBG453 has 120 seconds left.\n|\n|t:|1782846133\n|move|p2a: Plusle|Alluring Voice|p1a: Pikachu\n|-damage|p1a: Pikachu|96/216\n|-damage|p2a: Plusle|91/268|[from] item: Life Orb\n|move|p1a: Pikachu|Knock Off|p2a: Plusle\n|-damage|p2a: Plusle|0 fnt\n|-enditem|p2a: Plusle|Life Orb|[from] move: Knock Off|[of] p1a: Pikachu\n|faint|p2a: Plusle\n|\n|win|NBG453\n|raw|NBG453's rating: 2231 &rarr; <strong>2254</strong><br />(+23 for winning)\n|raw|polite96rg's rating: 2280 &rarr; <strong>2257</strong><br />(-23 for losing)\n", "inputlog": ">version f8ac14003a5f27e1bdc8d8c59608a773c1cb96e5\n>start {\"formatid\":\"gen9randombattle\",\"seed\":\"sodium,2df91f79a7dd6e87ab0271b52723b28c\",\"rated\":\"Rated battle\"}\n>player p1 {\"name\":\"NBG453\",\"avatar\":\"lucas\",\"rating\":2231,\"seed\":\"sodium,2cc95e2a14cdce942d9e5f5f0ab5bbfe\"}\n>player p2 {\"name\":\"polite96rg\",\"avatar\":\"1\",\"rating\":2280,\"seed\":\"sodium,4cf7d18172efe25442d9e20f899f3835\"}\n>p1 move earthpower\n>p2 move overdrive\n>p2 switch 2\n>p1 move stealthrock\n>p2 move closecombat\n>p1 switch 6\n>p1 move bravebird\n>p2 switch 4\n>p1 move bravebird\n>p2 move rest\n>p2 switch 6\n>p1 switch 2\n>p2 move thunderbolt\n>p1 move recover\n>p2 switch 3\n>p1 switch 4\n>p2 move bodyslam\n>p1 move knockoff\n>p2 switch 4\n>p1 move uturn\n>p2 move facade\n>p1 switch 2\n>p1 move bravebird\n>p2 move facade terastallize\n>p1 switch 4\n>p1 move freezedry\n>p2 move bulletpunch\n>p2 switch 4\n>p1 switch 2\n>p2 switch 3\n>p1 move closecombat\n>p2 move thunderbolt\n>p1 switch 2\n>p1 move freezedry\n>p2 switch 3\n>p1 move freezedry\n>p2 move bodyslam\n>p1 move freezedry\n>p2 move wish\n>p1 move freezedry\n>p2 move ironhead\n>p1 switch 5\n>p1 move dragondance\n>p2 move bodyslam\n>p1 move knockoff\n>p2 move bodyslam\n>p1 move earthquake\n>p2 move ironhead\n>p2 switch 5\n>p1 move outrage\n>p2 move closecombat\n>p1 switch 3\n>p1 move surf\n>p2 move closecombat\n>p2 switch 3\n>p1 move knockoff\n>p2 move alluringvoice", "uploadtime": 1782846134, "views": 6, "formatid": "gen9randombattle", "rating": 2254, "private": 0, "password": null, "player_dets": [{"name": "NBG453", "avatar": "lucas", "rating": 2231, "seed": "sodium,2cc95e2a14cdce942d9e5f5f0ab5bbfe"}, {"name": "polite96rg", "avatar": "1", "rating": 2280, "seed": "sodium,4cf7d18172efe25442d9e20f899f3835"}], "teams_full": [{"Heatran": {"name": "Heatran", "species": "Heatran", "speciesId": "heatran", "gender": "M", "shiny": false, "level": 79, "moves": ["heavyslam", "stealthrock", "earthpower", "magmastorm"], "ability": "Flash Fire", "evs": {"hp": 85, "atk": 85, "def": 85, "spa": 85, "spd": 85, "spe": 85}, "ivs": {"hp": 31, "atk": 31, "def": 31, "spa": 31, "spd": 31, "spe": 31}, "item": "Air Balloon", "teraType": "Flying", "role": "Bulky Support", "bvs": {"hp": 91, "atk": 90, "def": 106, "spa": 130, "spd": 106, "spe": 77}, "stats": {"hp": 273, "atk": 188, "def": 213, "spa": 251, "spd": 213, "spe": 167}, "types": ["Fire", "Steel"]}, "Cryogonal": {"name": "Cryogonal", "species": "Cryogonal", "speciesId": "cryogonal", "gender": "N", "shiny": false, "level": 89, "moves": ["haze", "rapidspin", "freezedry", "recover"], "ability": "Levitate", "evs": {"hp": 85, "atk": 85, "def": 85, "spa": 85, "spd": 85, "spe": 85}, "ivs": {"hp": 31, "atk": 31, "def": 31, "spa": 31, "spd": 31, "spe": 31}, "item": "Heavy-Duty Boots", "teraType": "Poison", "role": "Bulky Support", "bvs": {"hp": 80, "atk": 50, "def": 50, "spa": 95, "spd": 135, "spe": 105}, "stats": {"hp": 287, "atk": 140, "def": 140, "spa": 220, "spd": 291, "spe": 238}, "types": ["Ice"]}, "Pikachu": {"name": "Pikachu", "species": "Pikachu-Unova", "speciesId": "pikachu", "gender": "M", "shiny": false, "level": 93, "moves": ["knockoff", "volttackle", "voltswitch", "surf"], "ability": "Lightning Rod", "evs": {"hp": 85, "atk": 85, "def": 85, "spa": 85, "spd": 85, "spe": 85}, "ivs": {"hp": 31, "atk": 31, "def": 31, "spa": 31, "spd": 31, "spe": 31}, "item": "Light Ball", "teraType": "Water", "role": "Fast Attacker", "bvs": {"hp": 35, "atk": 55, "def": 40, "spa": 50, "spd": 50, "spe": 90}, "stats": {"hp": 216, "atk": 155, "def": 127, "spa": 146, "spd": 146, "spe": 220}, "types": ["Electric"]}, "Eelektross": {"name": "Eelektross", "species": "Eelektross", "speciesId": "eelektross", "gender": "M", "shiny": false, "level": 87, "moves": ["knockoff", "discharge", "closecombat", "uturn"], "ability": "Levitate", "evs": {"hp": 85, "atk": 85, "def": 85, "spa": 85, "spd": 85, "spe": 85}, "ivs": {"hp": 31, "atk": 31, "def": 31, "spa": 31, "spd": 31, "spe": 31}, "item": "Assault Vest", "teraType": "Steel", "role": "AV Pivot", "bvs": {"hp": 85, "atk": 115, "def": 80, "spa": 105, "spd": 80, "spe": 50}, "stats": {"hp": 290, "atk": 250, "def": 189, "spa": 232, "spd": 189, "spe": 137}, "types": ["Electric"]}, "Roaring Moon": {"name": "Roaring Moon", "species": "Roaring Moon", "speciesId": "roaringmoon", "gender": "N", "shiny": false, "level": 72, "moves": ["outrage", "earthquake", "dragondance", "knockoff"], "ability": "Protosynthesis", "evs": {"hp": 85, "atk": 85, "def": 85, "spa": 85, "spd": 85, "spe": 85}, "ivs": {"hp": 31, "atk": 31, "def": 31, "spa": 31, "spd": 31, "spe": 31}, "item": "Lum Berry", "teraType": "Ground", "role": "Setup Sweeper", "bvs": {"hp": 105, "atk": 139, "def": 71, "spa": 55, "spd": 101, "spe": 119}, "stats": {"hp": 270, "atk": 242, "def": 144, "spa": 121, "spd": 187, "spe": 213}, "types": ["Dragon", "Dark"]}, "Hawlucha": {"name": "Hawlucha", "species": "Hawlucha", "speciesId": "hawlucha", "gender": "M", "shiny": false, "level": 80, "moves": ["closecombat", "stoneedge", "swordsdance", "bravebird"], "ability": "Unburden", "evs": {"hp": 85, "atk": 85, "def": 85, "spa": 85, "spd": 85, "spe": 85}, "ivs": {"hp": 31, "atk": 31, "def": 31, "spa": 31, "spd": 31, "spe": 31}, "item": "White Herb", "teraType": "Flying", "role": "Setup Sweeper", "bvs": {"hp": 78, "atk": 92, "def": 75, "spa": 74, "spd": 63, "spe": 118}, "stats": {"hp": 256, "atk": 193, "def": 166, "spa": 165, "spd": 147, "spe": 235}, "types": ["Fighting", "Flying"]}}, {"Toxtricity": {"name": "Toxtricity", "species": "Toxtricity", "speciesId": "toxtricity", "gender": "M", "shiny": false, "level": 82, "moves": ["gunkshot", "shiftgear", "boomburst", "overdrive"], "ability": "Punk Rock", "evs": {"hp": 85, "atk": 85, "def": 85, "spa": 85, "spd": 85, "spe": 85}, "ivs": {"hp": 31, "atk": 31, "def": 31, "spa": 31, "spd": 31, "spe": 31}, "item": "Throat Spray", "teraType": "Normal", "role": "Setup Sweeper", "bvs": {"hp": 75, "atk": 98, "def": 70, "spa": 114, "spd": 70, "spe": 75}, "stats": {"hp": 257, "atk": 208, "def": 162, "spa": 234, "spd": 162, "spe": 170}, "types": ["Electric", "Poison"]}, "Hariyama": {"name": "Hariyama", "species": "Hariyama", "speciesId": "hariyama", "gender": "F", "shiny": false, "level": 87, "moves": ["facade", "knockoff", "closecombat", "bulletpunch"], "ability": "Guts", "evs": {"hp": 85, "atk": 85, "def": 85, "spa": 85, "spd": 85, "spe": 85}, "ivs": {"hp": 31, "atk": 31, "def": 31, "spa": 31, "spd": 31, "spe": 31}, "item": "Flame Orb", "teraType": "Normal", "role": "Wallbreaker", "bvs": {"hp": 144, "atk": 120, "def": 60, "spa": 40, "spd": 60, "spe": 50}, "stats": {"hp": 392, "atk": 259, "def": 154, "spa": 119, "spd": 154, "spe": 137}, "types": ["Fighting"]}, "Jirachi": {"name": "Jirachi", "species": "Jirachi", "speciesId": "jirachi", "gender": "N", "shiny": false, "level": 80, "moves": ["bodyslam", "protect", "wish", "ironhead"], "ability": "Serene Grace", "evs": {"hp": 85, "atk": 85, "def": 85, "spa": 85, "spd": 85, "spe": 85}, "ivs": {"hp": 31, "atk": 31, "def": 31, "spa": 31, "spd": 31, "spe": 31}, "item": "Leftovers", "teraType": "Water", "role": "Fast Support", "bvs": {"hp": 100, "atk": 100, "def": 100, "spa": 100, "spd": 100, "spe": 100}, "stats": {"hp": 291, "atk": 206, "def": 206, "spa": 206, "spd": 206, "spe": 206}, "types": ["Steel", "Psychic"]}, "Moltres": {"name": "Moltres", "species": "Moltres-Galar", "speciesId": "moltresgalar", "gender": "N", "shiny": false, "level": 79, "moves": ["nastyplot", "rest", "hurricane", "fierywrath"], "ability": "Berserk", "evs": {"hp": 81, "atk": 0, "def": 85, "spa": 85, "spd": 85, "spe": 85}, "ivs": {"hp": 31, "atk": 0, "def": 31, "spa": 31, "spd": 31, "spe": 31}, "item": "Chesto Berry", "teraType": "Dark", "role": "Bulky Setup", "bvs": {"hp": 90, "atk": 85, "def": 90, "spa": 100, "spd": 125, "spe": 90}, "stats": {"hp": 271, "atk": 139, "def": 188, "spa": 204, "spd": 243, "spe": 188}, "types": ["Dark", "Flying"]}, "Flamigo": {"name": "Flamigo", "species": "Flamigo", "speciesId": "flamigo", "gender": "F", "shiny": false, "level": 82, "moves": ["uturn", "bravebird", "closecombat", "throatchop"], "ability": "Scrappy", "evs": {"hp": 85, "atk": 85, "def": 85, "spa": 85, "spd": 85, "spe": 85}, "ivs": {"hp": 31, "atk": 31, "def": 31, "spa": 31, "spd": 31, "spe": 31}, "item": "Choice Band", "teraType": "Fighting", "role": "Fast Attacker", "bvs": {"hp": 82, "atk": 115, "def": 74, "spa": 75, "spd": 64, "spe": 90}, "stats": {"hp": 269, "atk": 236, "def": 169, "spa": 170, "spd": 152, "spe": 195}, "types": ["Flying", "Fighting"]}, "Plusle": {"name": "Plusle", "species": "Plusle", "speciesId": "plusle", "gender": "M", "shiny": false, "level": 95, "moves": ["nastyplot", "alluringvoice", "grassknot", "thunderbolt"], "ability": "Lightning Rod", "evs": {"hp": 85, "atk": 0, "def": 85, "spa": 85, "spd": 85, "spe": 85}, "ivs": {"hp": 31, "atk": 0, "def": 31, "spa": 31, "spd": 31, "spe": 31}, "item": "Life Orb", "teraType": "Fairy", "role": "Setup Sweeper", "bvs": {"hp": 60, "atk": 50, "def": 40, "spa": 85, "spd": 75, "spe": 95}, "stats": {"hp": 268, "atk": 100, "def": 130, "spa": 215, "spd": 196, "spe": 234}, "types": ["Electric"]}}]}