{"id": "gen9randombattle-2642138657", "format": "[Gen 9] Random Battle", "players": ["soliare1", "jnpr010334"], "log": "|j|\u2606soliare1\n|j|\u2606jnpr010334\n|t:|1782898248\n|gametype|singles\n|player|p1|soliare1|cynthia|1790\n|player|p2|jnpr010334|265|1743\n|gen|9\n|tier|[Gen 9] Random Battle\n|rated|\n|rule|Species Clause: Limit one of each Pok\u00e9mon\n|rule|HP Percentage Mod: HP is shown in percentages\n|rule|Sleep Clause Mod: Limit one foe put to sleep\n|rule|Illusion Level Mod: Illusion disguises the Pok\u00e9mon's true level\n|\n|t:|1782898248\n|teamsize|p1|6\n|teamsize|p2|6\n|start\n|switch|p1a: Fezandipiti|Fezandipiti, L82, M|278/278\n|switch|p2a: Krookodile|Krookodile, L79, F|280/280\n|-ability|p2a: Krookodile|Intimidate|boost\n|-unboost|p1a: Fezandipiti|atk|1\n|turn|1\n|inactive|Battle timer is ON: inactive players will automatically lose when time's up. (requested by soliare1)\n|inactive|jnpr010334 also wants the timer to be on.\n|\n|t:|1782898263\n|switch|p1a: Toucannon|Toucannon, L88, F|284/284\n|move|p2a: Krookodile|Earthquake|p1a: Toucannon\n|-immune|p1a: Toucannon\n|\n|upkeep\n|turn|2\n|\n|t:|1782898268\n|-singleturn|p1a: Toucannon|move: Beak Blast\n|move|p2a: Krookodile|Bulk Up|p2a: Krookodile\n|-boost|p2a: Krookodile|atk|1\n|-boost|p2a: Krookodile|def|1\n|move|p1a: Toucannon|Beak Blast|p2a: Krookodile\n|-damage|p2a: Krookodile|174/280\n|\n|-heal|p2a: Krookodile|191/280|[from] item: Leftovers\n|upkeep\n|turn|3\n|\n|t:|1782898272\n|move|p2a: Krookodile|Knock Off|p1a: Toucannon\n|-damage|p1a: Toucannon|104/284\n|-enditem|p1a: Toucannon|Heavy-Duty Boots|[from] move: Knock Off|[of] p2a: Krookodile\n|move|p1a: Toucannon|Boomburst|p2a: Krookodile\n|-damage|p2a: Krookodile|14/280\n|\n|-heal|p2a: Krookodile|31/280|[from] item: Leftovers\n|upkeep\n|turn|4\n|\n|t:|1782898275\n|-singleturn|p1a: Toucannon|move: Beak Blast\n|move|p2a: Krookodile|Gunk Shot|p1a: Toucannon\n|-damage|p1a: Toucannon|0 fnt\n|faint|p1a: Toucannon\n|\n|-heal|p2a: Krookodile|48/280|[from] item: Leftovers\n|upkeep\n|\n|t:|1782898283\n|switch|p1a: Bruxish|Bruxish, L85, F|254/254\n|turn|5\n|\n|t:|1782898285\n|move|p1a: Bruxish|Wave Crash|p2a: Krookodile\n|-supereffective|p2a: Krookodile\n|-damage|p2a: Krookodile|0 fnt\n|faint|p2a: Krookodile\n|-damage|p1a: Bruxish|238/254|[from] Recoil\n|-damage|p1a: Bruxish|213/254|[from] item: Life Orb\n|\n|upkeep\n|\n|t:|1782898286\n|switch|p2a: Basculin|Basculin, L86, M|261/261\n|turn|6\n|\n|t:|1782898292\n|move|p2a: Basculin|Wave Crash|p1a: Bruxish\n|-resisted|p1a: Bruxish\n|-damage|p1a: Bruxish|73/254\n|-damage|p2a: Basculin|215/261|[from] Recoil\n|move|p1a: Bruxish|Psychic Fangs|p2a: Basculin\n|-damage|p2a: Basculin|0 fnt\n|faint|p2a: Basculin\n|-damage|p1a: Bruxish|48/254|[from] item: Life Orb\n|\n|upkeep\n|\n|t:|1782898294\n|switch|p2a: Pachirisu|Pachirisu, L96, F|271/271\n|turn|7\n|\n|t:|1782898303\n|switch|p1a: Bellibolt|Bellibolt, L84, M|320/320\n|move|p2a: Pachirisu|Thunderbolt|p1a: Bellibolt\n|-resisted|p1a: Bellibolt\n|-damage|p1a: Bellibolt|279/320\n|-start|p1a: Bellibolt|Charge|Thunderbolt|[from] ability: Electromorphosis\n|\n|-heal|p1a: Bellibolt|299/320|[from] item: Leftovers\n|upkeep\n|turn|8\n|\n|t:|1782898306\n|move|p2a: Pachirisu|Super Fang|p1a: Bellibolt\n|-damage|p1a: Bellibolt|150/320\n|-start|p1a: Bellibolt|Charge|Super Fang|[from] ability: Electromorphosis\n|move|p1a: Bellibolt|Toxic|p2a: Pachirisu\n|-status|p2a: Pachirisu|tox\n|\n|-heal|p1a: Bellibolt|170/320|[from] item: Leftovers\n|-damage|p2a: Pachirisu|255/271 tox|[from] psn\n|upkeep\n|turn|9\n|\n|t:|1782898310\n|switch|p2a: Landorus|Landorus, L75, M|257/257\n|move|p1a: Bellibolt|Slack Off|p1a: Bellibolt\n|-heal|p1a: Bellibolt|320/320\n|\n|upkeep\n|turn|10\n|\n|t:|1782898332\n|switch|p1a: Slither Wing|Slither Wing, L81|270/270\n|move|p2a: Landorus|Nasty Plot|p2a: Landorus\n|-boost|p2a: Landorus|spa|2\n|\n|upkeep\n|turn|11\n|\n|t:|1782898335\n|move|p1a: Slither Wing|U-turn|p2a: Landorus\n|-resisted|p2a: Landorus\n|-damage|p2a: Landorus|211/257\n|\n|t:|1782898341\n|-end|p1a: Slither Wing|Protosynthesis|[silent]\n|switch|p1a: Bruxish|Bruxish, L85, F|48/254|[from] U-turn\n|move|p2a: Landorus|Psychic|p1a: Bruxish\n|-resisted|p1a: Bruxish\n|-damage|p1a: Bruxish|0 fnt\n|faint|p1a: Bruxish\n|\n|upkeep\n|\n|t:|1782898347\n|switch|p1a: Fezandipiti|Fezandipiti, L82, M|278/278\n|turn|12\n|\n|t:|1782898349\n|-terastallize|p1a: Fezandipiti|Ground\n|move|p1a: Fezandipiti|Tera Blast|p2a: Landorus|[anim] Tera Blast Ground\n|-immune|p2a: Landorus\n|move|p2a: Landorus|Earth Power|p1a: Fezandipiti\n|-damage|p1a: Fezandipiti|56/278\n|\n|-heal|p1a: Fezandipiti|73/278|[from] item: Leftovers\n|upkeep\n|turn|13\n|-message|soliare1 forfeited.\n|\n|win|jnpr010334\n|raw|soliare1's rating: 1790 &rarr; <strong>1768</strong><br />(-22 for losing)\n|raw|jnpr010334's rating: 1760 &rarr; <strong>1782</strong><br />(+22 for winning)\n|l|\u2606soliare1\n|player|p1|\n", "inputlog": ">version f8ac14003a5f27e1bdc8d8c59608a773c1cb96e5\n>start {\"formatid\":\"gen9randombattle\",\"seed\":\"sodium,8805702d9b8e35aaaf516c5c641c16f9\",\"rated\":\"Rated battle\"}\n>player p1 {\"name\":\"soliare1\",\"avatar\":\"cynthia\",\"rating\":1790,\"seed\":\"sodium,570565284d68012d31169006fb20216c\"}\n>player p2 {\"name\":\"jnpr010334\",\"avatar\":\"265\",\"rating\":1743,\"seed\":\"sodium,b4b40bacb0bb1f7c0db79a38679b67ec\"}\n>p1 switch 5\n>p2 move earthquake\n>p1 move beakblast\n>p2 move bulkup\n>p1 move boomburst\n>p2 move knockoff\n>p1 move beakblast\n>p2 move gunkshot\n>p1 switch 6\n>p1 move wavecrash\n>p2 move knockoff\n>p2 switch 5\n>p1 move psychicfangs\n>p2 move wavecrash\n>p2 switch 2\n>p1 switch 2\n>p2 move thunderbolt\n>p1 move toxic\n>p2 move superfang\n>p1 move slackoff\n>p2 switch 3\n>p1 switch 4\n>p2 move nastyplot\n>p1 move uturn\n>p2 move psychic\n>p1 switch 2\n>p1 switch 5\n>p1 move terablast terastallize\n>p2 move earthpower\n>forcelose p1", "uploadtime": 1782898358, "views": 4, "formatid": "gen9randombattle", "rating": 1768, "private": 0, "password": null, "player_dets": [{"name": "soliare1", "avatar": "cynthia", "rating": 1790, "seed": "sodium,570565284d68012d31169006fb20216c"}, {"name": "jnpr010334", "avatar": "265", "rating": 1743, "seed": "sodium,b4b40bacb0bb1f7c0db79a38679b67ec"}], "teams_full": [{"Fezandipiti": {"name": "Fezandipiti", "species": "Fezandipiti", "speciesId": "fezandipiti", "gender": "M", "shiny": false, "level": 82, "moves": ["playrough", "terablast", "swordsdance", "gunkshot"], "ability": "Toxic Chain", "evs": {"hp": 85, "atk": 85, "def": 85, "spa": 85, "spd": 85, "spe": 85}, "ivs": {"hp": 31, "atk": 31, "def": 31, "spa": 31, "spd": 31, "spe": 31}, "item": "Leftovers", "teraType": "Ground", "role": "Tera Blast user", "bvs": {"hp": 88, "atk": 91, "def": 82, "spa": 70, "spd": 125, "spe": 99}, "stats": {"hp": 278, "atk": 196, "def": 182, "spa": 162, "spd": 252, "spe": 210}, "types": ["Poison", "Fairy"]}, "Bellibolt": {"name": "Bellibolt", "species": "Bellibolt", "speciesId": "bellibolt", "gender": "M", "shiny": false, "level": 84, "moves": ["toxic", "thunderbolt", "muddywater", "slackoff"], "ability": "Electromorphosis", "evs": {"hp": 85, "atk": 0, "def": 85, "spa": 85, "spd": 85, "spe": 85}, "ivs": {"hp": 31, "atk": 0, "def": 31, "spa": 31, "spd": 31, "spe": 31}, "item": "Leftovers", "teraType": "Electric", "role": "Bulky Attacker", "bvs": {"hp": 109, "atk": 64, "def": 91, "spa": 103, "spd": 83, "spe": 45}, "stats": {"hp": 320, "atk": 112, "def": 201, "spa": 221, "spd": 188, "spe": 124}, "types": ["Electric"]}, "Klefki": {"name": "Klefki", "species": "Klefki", "speciesId": "klefki", "gender": "M", "shiny": false, "level": 84, "moves": ["spikes", "magnetrise", "thunderwave", "playrough"], "ability": "Prankster", "evs": {"hp": 85, "atk": 85, "def": 85, "spa": 85, "spd": 85, "spe": 85}, "ivs": {"hp": 31, "atk": 31, "def": 31, "spa": 31, "spd": 31, "spe": 31}, "item": "Leftovers", "teraType": "Water", "role": "Bulky Support", "bvs": {"hp": 57, "atk": 80, "def": 91, "spa": 80, "spd": 87, "spe": 75}, "stats": {"hp": 233, "atk": 183, "def": 201, "spa": 183, "spd": 194, "spe": 174}, "types": ["Steel", "Fairy"]}, "Slither Wing": {"name": "Slither Wing", "species": "Slither Wing", "speciesId": "slitherwing", "gender": "N", "shiny": false, "level": 81, "moves": ["earthquake", "wildcharge", "uturn", "closecombat"], "ability": "Protosynthesis", "evs": {"hp": 85, "atk": 85, "def": 85, "spa": 85, "spd": 85, "spe": 85}, "ivs": {"hp": 31, "atk": 31, "def": 31, "spa": 31, "spd": 31, "spe": 31}, "item": "Choice Scarf", "teraType": "Electric", "role": "Fast Attacker", "bvs": {"hp": 85, "atk": 135, "def": 79, "spa": 85, "spd": 105, "spe": 81}, "stats": {"hp": 270, "atk": 265, "def": 175, "spa": 184, "spd": 217, "spe": 178}, "types": ["Bug", "Fighting"]}, "Toucannon": {"name": "Toucannon", "species": "Toucannon", "speciesId": "toucannon", "gender": "F", "shiny": false, "level": 88, "moves": ["uturn", "roost", "boomburst", "beakblast"], "ability": "Keen Eye", "evs": {"hp": 85, "atk": 85, "def": 85, "spa": 85, "spd": 85, "spe": 85}, "ivs": {"hp": 31, "atk": 31, "def": 31, "spa": 31, "spd": 31, "spe": 31}, "item": "Heavy-Duty Boots", "teraType": "Steel", "role": "Bulky Support", "bvs": {"hp": 80, "atk": 120, "def": 75, "spa": 75, "spd": 75, "spe": 60}, "stats": {"hp": 284, "atk": 261, "def": 182, "spa": 182, "spd": 182, "spe": 156}, "types": ["Normal", "Flying"]}, "Bruxish": {"name": "Bruxish", "species": "Bruxish", "speciesId": "bruxish", "gender": "F", "shiny": false, "level": 85, "moves": ["psychicfangs", "crunch", "swordsdance", "wavecrash"], "ability": "Strong Jaw", "evs": {"hp": 85, "atk": 85, "def": 85, "spa": 85, "spd": 85, "spe": 85}, "ivs": {"hp": 31, "atk": 31, "def": 31, "spa": 31, "spd": 31, "spe": 31}, "item": "Life Orb", "teraType": "Dark", "role": "Fast Attacker", "bvs": {"hp": 68, "atk": 105, "def": 70, "spa": 70, "spd": 70, "spe": 92}, "stats": {"hp": 254, "atk": 227, "def": 168, "spa": 168, "spd": 168, "spe": 205}, "types": ["Water", "Psychic"]}}, {"Krookodile": {"name": "Krookodile", "species": "Krookodile", "speciesId": "krookodile", "gender": "F", "shiny": false, "level": 79, "moves": ["knockoff", "earthquake", "bulkup", "gunkshot"], "ability": "Intimidate", "evs": {"hp": 85, "atk": 85, "def": 85, "spa": 85, "spd": 85, "spe": 85}, "ivs": {"hp": 31, "atk": 31, "def": 31, "spa": 31, "spd": 31, "spe": 31}, "item": "Leftovers", "teraType": "Poison", "role": "Bulky Setup", "bvs": {"hp": 95, "atk": 117, "def": 80, "spa": 65, "spd": 70, "spe": 92}, "stats": {"hp": 280, "atk": 230, "def": 172, "spa": 148, "spd": 156, "spe": 191}, "types": ["Ground", "Dark"]}, "Pachirisu": {"name": "Pachirisu", "species": "Pachirisu", "speciesId": "pachirisu", "gender": "F", "shiny": false, "level": 96, "moves": ["uturn", "superfang", "thunderbolt", "nuzzle"], "ability": "Volt Absorb", "evs": {"hp": 85, "atk": 85, "def": 85, "spa": 85, "spd": 85, "spe": 85}, "ivs": {"hp": 31, "atk": 31, "def": 31, "spa": 31, "spd": 31, "spe": 31}, "item": "Assault Vest", "teraType": "Flying", "role": "AV Pivot", "bvs": {"hp": 60, "atk": 45, "def": 70, "spa": 45, "spd": 90, "spe": 95}, "stats": {"hp": 271, "atk": 141, "def": 189, "spa": 141, "spd": 227, "spe": 237}, "types": ["Electric"]}, "Landorus": {"name": "Landorus", "species": "Landorus", "speciesId": "landorus", "gender": "M", "shiny": false, "level": 75, "moves": ["psychic", "nastyplot", "earthpower", "sludgewave"], "ability": "Sheer Force", "evs": {"hp": 85, "atk": 0, "def": 85, "spa": 85, "spd": 85, "spe": 85}, "ivs": {"hp": 31, "atk": 0, "def": 31, "spa": 31, "spd": 31, "spe": 31}, "item": "Life Orb", "teraType": "Poison", "role": "Fast Attacker", "bvs": {"hp": 89, "atk": 125, "def": 90, "spa": 115, "spd": 80, "spe": 101}, "stats": {"hp": 257, "atk": 192, "def": 179, "spa": 216, "spd": 164, "spe": 195}, "types": ["Ground", "Flying"]}, "Toucannon": {"name": "Toucannon", "species": "Toucannon", "speciesId": "toucannon", "gender": "M", "shiny": false, "level": 88, "moves": ["roost", "beakblast", "boomburst", "uturn"], "ability": "Keen Eye", "evs": {"hp": 85, "atk": 85, "def": 85, "spa": 85, "spd": 85, "spe": 85}, "ivs": {"hp": 31, "atk": 31, "def": 31, "spa": 31, "spd": 31, "spe": 31}, "item": "Heavy-Duty Boots", "teraType": "Steel", "role": "Bulky Support", "bvs": {"hp": 80, "atk": 120, "def": 75, "spa": 75, "spd": 75, "spe": 60}, "stats": {"hp": 284, "atk": 261, "def": 182, "spa": 182, "spd": 182, "spe": 156}, "types": ["Normal", "Flying"]}, "Basculin": {"name": "Basculin", "species": "Basculin", "speciesId": "basculin", "gender": "M", "shiny": false, "level": 86, "moves": ["aquajet", "doubleedge", "flipturn", "wavecrash"], "ability": "Adaptability", "evs": {"hp": 85, "atk": 85, "def": 85, "spa": 85, "spd": 85, "spe": 85}, "ivs": {"hp": 31, "atk": 31, "def": 31, "spa": 31, "spd": 31, "spe": 31}, "item": "Choice Band", "teraType": "Water", "role": "Wallbreaker", "bvs": {"hp": 70, "atk": 92, "def": 65, "spa": 80, "spd": 55, "spe": 98}, "stats": {"hp": 261, "atk": 207, "def": 161, "spa": 187, "spd": 144, "spe": 218}, "types": ["Water"]}, "Mew": {"name": "Mew", "species": "Mew", "speciesId": "mew", "gender": "N", "shiny": false, "level": 82, "moves": ["knockoff", "psychicfangs", "swordsdance", "closecombat"], "ability": "Synchronize", "evs": {"hp": 85, "atk": 85, "def": 85, "spa": 85, "spd": 85, "spe": 85}, "ivs": {"hp": 31, "atk": 31, "def": 31, "spa": 31, "spd": 31, "spe": 31}, "item": "Life Orb", "teraType": "Fighting", "role": "Setup Sweeper", "bvs": {"hp": 100, "atk": 100, "def": 100, "spa": 100, "spd": 100, "spe": 100}, "stats": {"hp": 298, "atk": 211, "def": 211, "spa": 211, "spd": 211, "spe": 211}, "types": ["Psychic"]}}]}