{"id": "gen9randombattle-2641778687", "format": "[Gen 9] Random Battle", "players": ["jigglybuff7", "floating passage"], "log": "|j|\u2606jigglybuff7\n|j|\u2606floating passage\n|t:|1782840858\n|gametype|singles\n|player|p1|jigglybuff7|guitarist|1939\n|player|p2|floating passage|n-masters|1944\n|gen|9\n|tier|[Gen 9] Random Battle\n|rated|\n|rule|Species Clause: Limit one of each Pok\u00e9mon\n|rule|HP Percentage Mod: HP is shown in percentages\n|rule|Sleep Clause Mod: Limit one foe put to sleep\n|rule|Illusion Level Mod: Illusion disguises the Pok\u00e9mon's true level\n|\n|t:|1782840858\n|teamsize|p1|6\n|teamsize|p2|6\n|start\n|switch|p1a: Ceruledge|Ceruledge, L78, M|245/245\n|switch|p2a: Tornadus|Tornadus-Therian, L79, M|254/254\n|turn|1\n|\n|t:|1782840878\n|move|p2a: Tornadus|Bleakwind Storm|p1a: Ceruledge\n|-damage|p1a: Ceruledge|152/245\n|move|p1a: Ceruledge|Swords Dance|p1a: Ceruledge\n|-boost|p1a: Ceruledge|atk|2\n|\n|upkeep\n|turn|2\n|\n|t:|1782840900\n|switch|p2a: Chi-Yu|Chi-Yu, L77|211/211\n|-ability|p2a: Chi-Yu|Beads of Ruin\n|move|p1a: Ceruledge|Bitter Blade|p2a: Chi-Yu\n|-resisted|p2a: Chi-Yu\n|-damage|p2a: Chi-Yu|86/211\n|-heal|p1a: Ceruledge|215/245|[from] drain|[of] p2a: Chi-Yu\n|\n|upkeep\n|turn|3\n|\n|t:|1782840910\n|move|p2a: Chi-Yu|Dark Pulse|p1a: Ceruledge\n|-supereffective|p1a: Ceruledge\n|-damage|p1a: Ceruledge|0 fnt\n|faint|p1a: Ceruledge\n|\n|upkeep\n|\n|t:|1782840914\n|switch|p1a: Hydreigon|Hydreigon, L79, M|275/275\n|turn|4\n|\n|t:|1782840923\n|switch|p2a: Carbink|Carbink, L90|236/236\n|move|p1a: Hydreigon|Dark Pulse|p2a: Carbink\n|-resisted|p2a: Carbink\n|-damage|p2a: Carbink|196/236\n|\n|-heal|p2a: Carbink|210/236|[from] item: Leftovers\n|upkeep\n|turn|5\n|\n|t:|1782840932\n|switch|p1a: Flygon|Flygon, L82, M|265/265\n|move|p2a: Carbink|Moonblast|p1a: Flygon\n|-supereffective|p1a: Flygon\n|-damage|p1a: Flygon|95/265\n|\n|-heal|p2a: Carbink|224/236|[from] item: Leftovers\n|upkeep\n|turn|6\n|\n|t:|1782840945\n|move|p1a: Flygon|U-turn|p2a: Carbink\n|-resisted|p2a: Carbink\n|-damage|p2a: Carbink|201/236\n|\n|t:|1782840949\n|switch|p1a: Zebstrika|Zebstrika, L87, M|272/272|[from] U-turn\n|move|p2a: Carbink|Moonblast|p1a: Zebstrika\n|-damage|p1a: Zebstrika|184/272\n|-unboost|p1a: Zebstrika|spa|1\n|\n|-heal|p2a: Carbink|215/236|[from] item: Leftovers\n|upkeep\n|turn|7\n|\n|t:|1782840961\n|move|p1a: Zebstrika|High Horsepower|p2a: Carbink\n|-supereffective|p2a: Carbink\n|-damage|p2a: Carbink|98/236\n|-damage|p1a: Zebstrika|157/272|[from] item: Life Orb\n|move|p2a: Carbink|Body Press|p1a: Zebstrika\n|-damage|p1a: Zebstrika|36/272\n|\n|-heal|p2a: Carbink|112/236|[from] item: Leftovers\n|upkeep\n|turn|8\n|\n|t:|1782840970\n|switch|p2a: Uxie|Uxie, L83|260/260\n|move|p1a: Zebstrika|Supercell Slam|p2a: Uxie\n|-damage|p2a: Uxie|138/260\n|-damage|p1a: Zebstrika|9/272|[from] item: Life Orb\n|\n|-heal|p2a: Uxie|154/260|[from] item: Leftovers\n|upkeep\n|turn|9\n|\n|t:|1782840976\n|switch|p2a: Carbink|Carbink, L90|112/236\n|move|p1a: Zebstrika|Supercell Slam|p2a: Carbink\n|-crit|p2a: Carbink\n|-damage|p2a: Carbink|0 fnt\n|faint|p2a: Carbink\n|-damage|p1a: Zebstrika|0 fnt|[from] item: Life Orb\n|faint|p1a: Zebstrika\n|\n|upkeep\n|\n|t:|1782840986\n|switch|p1a: Hydreigon|Hydreigon, L79, M|275/275\n|switch|p2a: Uxie|Uxie, L83|154/260\n|turn|10\n|\n|t:|1782840994\n|move|p2a: Uxie|Yawn|p1a: Hydreigon\n|-start|p1a: Hydreigon|move: Yawn|[of] p2a: Uxie\n|move|p1a: Hydreigon|Dark Pulse|p2a: Uxie\n|-supereffective|p2a: Uxie\n|-damage|p2a: Uxie|0 fnt\n|faint|p2a: Uxie\n|\n|upkeep\n|inactive|Battle timer is ON: inactive players will automatically lose when time's up. (requested by jigglybuff7)\n|\n|t:|1782841042\n|switch|p2a: Spectrier|Spectrier, L75|274/274\n|turn|11\n|\n|t:|1782841048\n|-terastallize|p2a: Spectrier|Fighting\n|move|p2a: Spectrier|Nasty Plot|p2a: Spectrier\n|-boost|p2a: Spectrier|spa|2\n|move|p1a: Hydreigon|Dark Pulse|p2a: Spectrier\n|-resisted|p2a: Spectrier\n|-damage|p2a: Spectrier|193/274\n|\n|-end|p1a: Hydreigon|move: Yawn|[silent]\n|-status|p1a: Hydreigon|slp\n|upkeep\n|turn|12\n|\n|t:|1782841064\n|switch|p1a: Indeedee|Indeedee, L84, M|238/238\n|-fieldstart|move: Psychic Terrain|[from] ability: Psychic Surge|[of] p1a: Indeedee\n|move|p2a: Spectrier|Tera Blast|p1a: Indeedee|[anim] Tera Blast Fighting\n|-damage|p1a: Indeedee|18/238\n|-damage|p2a: Spectrier|166/274|[from] item: Life Orb\n|\n|upkeep\n|turn|13\n|\n|t:|1782841078\n|switch|p2a: Chi-Yu|Chi-Yu, L77|86/211\n|-ability|p2a: Chi-Yu|Beads of Ruin\n|move|p1a: Indeedee|Hyper Voice|p2a: Chi-Yu\n|-crit|p2a: Chi-Yu\n|-damage|p2a: Chi-Yu|0 fnt\n|faint|p2a: Chi-Yu\n|\n|upkeep\n|\n|t:|1782841083\n|switch|p2a: Heatran|Heatran, L79, M|273/273\n|-item|p2a: Heatran|Air Balloon\n|turn|14\n|\n|t:|1782841106\n|move|p1a: Indeedee|Hyper Voice|p2a: Heatran\n|-resisted|p2a: Heatran\n|-damage|p2a: Heatran|199/273\n|-enditem|p2a: Heatran|Air Balloon\n|move|p2a: Heatran|Heavy Slam|p1a: Indeedee\n|-damage|p1a: Indeedee|0 fnt\n|faint|p1a: Indeedee\n|\n|upkeep\n|\n|t:|1782841118\n|switch|p1a: Flygon|Flygon, L82, M|95/265\n|turn|15\n|\n|t:|1782841124\n|move|p1a: Flygon|Outrage|p2a: Heatran\n|-resisted|p2a: Heatran\n|-damage|p2a: Heatran|111/273\n|move|p2a: Heatran|Heavy Slam|p1a: Flygon\n|-damage|p1a: Flygon|0 fnt\n|faint|p1a: Flygon\n|\n|upkeep\n|\n|t:|1782841143\n|switch|p1a: Eelektross|Eelektross, L87, F|290/290\n|turn|16\n|\n|t:|1782841149\n|move|p2a: Heatran|Lava Plume|p1a: Eelektross\n|-damage|p1a: Eelektross|182/290\n|move|p1a: Eelektross|Drain Punch|p2a: Heatran\n|-supereffective|p2a: Heatran\n|-damage|p2a: Heatran|0 fnt\n|-heal|p1a: Eelektross|238/290|[from] drain|[of] p2a: Heatran\n|faint|p2a: Heatran\n|\n|-heal|p1a: Eelektross|256/290|[from] item: Leftovers\n|-fieldend|move: Psychic Terrain\n|upkeep\n|\n|t:|1782841164\n|switch|p2a: Spectrier|Spectrier, L75, tera:Fighting|166/274\n|turn|17\n|\n|t:|1782841180\n|move|p2a: Spectrier|Will-O-Wisp|p1a: Eelektross\n|-status|p1a: Eelektross|brn\n|move|p1a: Eelektross|Supercell Slam|p2a: Spectrier\n|-damage|p2a: Spectrier|64/274\n|\n|-heal|p1a: Eelektross|274/290 brn|[from] item: Leftovers\n|-damage|p1a: Eelektross|256/290 brn|[from] brn\n|upkeep\n|turn|18\n|\n|t:|1782841184\n|move|p2a: Spectrier|Shadow Ball|p1a: Eelektross\n|-damage|p1a: Eelektross|131/290 brn\n|-unboost|p1a: Eelektross|spd|1\n|-damage|p2a: Spectrier|37/274|[from] item: Life Orb\n|move|p1a: Eelektross|Drain Punch|p2a: Spectrier\n|-damage|p2a: Spectrier|0 fnt\n|-heal|p1a: Eelektross|150/290 brn|[from] drain|[of] p2a: Spectrier\n|faint|p2a: Spectrier\n|\n|-heal|p1a: Eelektross|168/290 brn|[from] item: Leftovers\n|-damage|p1a: Eelektross|150/290 brn|[from] brn\n|upkeep\n|\n|t:|1782841187\n|switch|p2a: Tornadus|Tornadus-Therian, L79, M|254/254\n|turn|19\n|\n|t:|1782841196\n|move|p2a: Tornadus|Heat Wave|p1a: Eelektross\n|-damage|p1a: Eelektross|48/290 brn\n|move|p1a: Eelektross|Supercell Slam|p2a: Tornadus\n|-supereffective|p2a: Tornadus\n|-damage|p2a: Tornadus|107/254\n|\n|-heal|p1a: Eelektross|66/290 brn|[from] item: Leftovers\n|-damage|p1a: Eelektross|48/290 brn|[from] brn\n|upkeep\n|turn|20\n|\n|t:|1782841202\n|move|p2a: Tornadus|Knock Off|p1a: Eelektross\n|-damage|p1a: Eelektross|0 fnt\n|-enditem|p1a: Eelektross|Leftovers|[from] move: Knock Off|[of] p2a: Tornadus\n|faint|p1a: Eelektross\n|\n|upkeep\n|\n|t:|1782841203\n|switch|p1a: Hydreigon|Hydreigon, L79, M|275/275 slp\n|turn|21\n|\n|t:|1782841212\n|move|p2a: Tornadus|Bleakwind Storm|p1a: Hydreigon\n|-damage|p1a: Hydreigon|160/275 slp\n|-unboost|p1a: Hydreigon|spe|1\n|cant|p1a: Hydreigon|slp\n|\n|upkeep\n|turn|22\n|\n|t:|1782841252\n|-terastallize|p1a: Hydreigon|Dragon\n|move|p2a: Tornadus|U-turn|p1a: Hydreigon\n|-damage|p1a: Hydreigon|115/275 slp\n|cant|p1a: Hydreigon|slp\n|\n|upkeep\n|turn|23\n|\n|t:|1782841260\n|move|p2a: Tornadus|Bleakwind Storm|p1a: Hydreigon\n|-damage|p1a: Hydreigon|12/275 slp\n|-unboost|p1a: Hydreigon|spe|1\n|-curestatus|p1a: Hydreigon|slp|[msg]\n|move|p1a: Hydreigon|Draco Meteor|p2a: Tornadus\n|-damage|p2a: Tornadus|0 fnt\n|-unboost|p1a: Hydreigon|spa|2\n|faint|p2a: Tornadus\n|\n|win|jigglybuff7\n|raw|jigglybuff7's rating: 1939 &rarr; <strong>1959</strong><br />(+20 for winning)\n|raw|floating passage's rating: 1944 &rarr; <strong>1924</strong><br />(-20 for losing)\n", "inputlog": ">version f8ac14003a5f27e1bdc8d8c59608a773c1cb96e5\n>start {\"formatid\":\"gen9randombattle\",\"seed\":\"sodium,c635931bf0826d2add438692e2b1c102\",\"rated\":\"Rated battle\"}\n>player p1 {\"name\":\"jigglybuff7\",\"avatar\":\"guitarist\",\"rating\":1939,\"seed\":\"sodium,d2031d712d5ad87a2de75729b18fb08c\"}\n>player p2 {\"name\":\"floating passage\",\"avatar\":\"n-masters\",\"rating\":1944,\"seed\":\"sodium,e731fbb80793c86c79b067f2a22de366\"}\n>p1 move swordsdance\n>p2 move bleakwindstorm\n>p1 move bitterblade\n>p2 switch 3\n>p1 move bitterblade\n>p2 move darkpulse\n>p1 switch 3\n>p1 move darkpulse\n>p2 switch 2\n>p1 switch 4\n>p2 move moonblast\n>p1 move uturn\n>p2 move moonblast\n>p1 switch 5\n>p1 move highhorsepower\n>p2 move bodypress\n>p1 move supercellslam\n>p2 switch 4\n>p1 move supercellslam\n>p2 switch 4\n>p1 switch 4\n>p2 switch 4\n>p1 move darkpulse\n>p2 move yawn\n>p2 switch 5\n>p1 move darkpulse\n>p2 move nastyplot terastallize\n>p1 switch 2\n>p2 move terablast\n>p1 move hypervoice\n>p2 switch 2\n>p2 switch 6\n>p1 move hypervoice\n>p2 move heavyslam\n>p1 switch 5\n>p1 move outrage\n>p2 move heavyslam\n>p1 switch 6\n>p1 move drainpunch\n>p2 move lavaplume\n>p2 switch 2\n>p1 move supercellslam\n>p2 move willowisp\n>p1 move drainpunch\n>p2 move shadowball\n>p2 switch 3\n>p1 move supercellslam\n>p2 move heatwave\n>p1 move supercellslam\n>p2 move knockoff\n>p1 switch 2\n>p1 move darkpulse\n>p2 move bleakwindstorm\n>p1 move dracometeor terastallize\n>p2 move uturn\n>p1 move dracometeor\n>p2 move bleakwindstorm", "uploadtime": 1782841260, "views": 11, "formatid": "gen9randombattle", "rating": 1924, "private": 0, "password": null, "player_dets": [{"name": "jigglybuff7", "avatar": "guitarist", "rating": 1939, "seed": "sodium,d2031d712d5ad87a2de75729b18fb08c"}, {"name": "floating passage", "avatar": "n-masters", "rating": 1944, "seed": "sodium,e731fbb80793c86c79b067f2a22de366"}], "teams_full": [{"Ceruledge": {"name": "Ceruledge", "species": "Ceruledge", "speciesId": "ceruledge", "gender": "M", "shiny": false, "level": 78, "moves": ["bitterblade", "closecombat", "swordsdance", "poltergeist"], "ability": "Weak Armor", "evs": {"hp": 85, "atk": 85, "def": 85, "spa": 85, "spd": 85, "spe": 85}, "ivs": {"hp": 31, "atk": 31, "def": 31, "spa": 31, "spd": 31, "spe": 31}, "item": "Heavy-Duty Boots", "teraType": "Fire", "role": "Setup Sweeper", "bvs": {"hp": 75, "atk": 125, "def": 80, "spa": 60, "spd": 100, "spe": 85}, "stats": {"hp": 245, "atk": 240, "def": 170, "spa": 139, "spd": 201, "spe": 178}, "types": ["Fire", "Ghost"]}, "Indeedee": {"name": "Indeedee", "species": "Indeedee", "speciesId": "indeedee", "gender": "M", "shiny": false, "level": 84, "moves": ["shadowball", "hypervoice", "expandingforce", "dazzlinggleam"], "ability": "Psychic Surge", "evs": {"hp": 85, "atk": 0, "def": 85, "spa": 85, "spd": 85, "spe": 85}, "ivs": {"hp": 31, "atk": 0, "def": 31, "spa": 31, "spd": 31, "spe": 31}, "item": "Choice Specs", "teraType": "Psychic", "role": "Fast Attacker", "bvs": {"hp": 60, "atk": 65, "def": 55, "spa": 105, "spd": 95, "spe": 95}, "stats": {"hp": 238, "atk": 114, "def": 141, "spa": 225, "spd": 208, "spe": 208}, "types": ["Psychic", "Normal"]}, "Hydreigon": {"name": "Hydreigon", "species": "Hydreigon", "speciesId": "hydreigon", "gender": "M", "shiny": false, "level": 79, "moves": ["uturn", "dracometeor", "darkpulse", "fireblast"], "ability": "Levitate", "evs": {"hp": 85, "atk": 85, "def": 85, "spa": 85, "spd": 85, "spe": 85}, "ivs": {"hp": 31, "atk": 31, "def": 31, "spa": 31, "spd": 31, "spe": 31}, "item": "Choice Specs", "teraType": "Dragon", "role": "Fast Attacker", "bvs": {"hp": 92, "atk": 105, "def": 90, "spa": 125, "spd": 90, "spe": 98}, "stats": {"hp": 275, "atk": 211, "def": 188, "spa": 243, "spd": 188, "spe": 200}, "types": ["Dark", "Dragon"]}, "Flygon": {"name": "Flygon", "species": "Flygon", "speciesId": "flygon", "gender": "M", "shiny": false, "level": 82, "moves": ["uturn", "outrage", "earthquake", "stoneedge"], "ability": "Levitate", "evs": {"hp": 85, "atk": 85, "def": 85, "spa": 85, "spd": 85, "spe": 85}, "ivs": {"hp": 31, "atk": 31, "def": 31, "spa": 31, "spd": 31, "spe": 31}, "item": "Choice Band", "teraType": "Ground", "role": "Fast Attacker", "bvs": {"hp": 80, "atk": 100, "def": 80, "spa": 80, "spd": 80, "spe": 100}, "stats": {"hp": 265, "atk": 211, "def": 178, "spa": 178, "spd": 178, "spe": 211}, "types": ["Ground", "Dragon"]}, "Zebstrika": {"name": "Zebstrika", "species": "Zebstrika", "speciesId": "zebstrika", "gender": "M", "shiny": false, "level": 87, "moves": ["supercellslam", "overheat", "voltswitch", "highhorsepower"], "ability": "Sap Sipper", "evs": {"hp": 85, "atk": 85, "def": 85, "spa": 85, "spd": 85, "spe": 85}, "ivs": {"hp": 31, "atk": 31, "def": 31, "spa": 31, "spd": 31, "spe": 31}, "item": "Life Orb", "teraType": "Ground", "role": "Fast Attacker", "bvs": {"hp": 75, "atk": 100, "def": 63, "spa": 80, "spd": 63, "spe": 116}, "stats": {"hp": 272, "atk": 224, "def": 159, "spa": 189, "spd": 159, "spe": 252}, "types": ["Electric"]}, "Eelektross": {"name": "Eelektross", "species": "Eelektross", "speciesId": "eelektross", "gender": "F", "shiny": false, "level": 87, "moves": ["drainpunch", "coil", "supercellslam", "firepunch"], "ability": "Levitate", "evs": {"hp": 85, "atk": 85, "def": 85, "spa": 85, "spd": 85, "spe": 85}, "ivs": {"hp": 31, "atk": 31, "def": 31, "spa": 31, "spd": 31, "spe": 31}, "item": "Leftovers", "teraType": "Fighting", "role": "Bulky Setup", "bvs": {"hp": 85, "atk": 115, "def": 80, "spa": 105, "spd": 80, "spe": 50}, "stats": {"hp": 290, "atk": 250, "def": 189, "spa": 232, "spd": 189, "spe": 137}, "types": ["Electric"]}}, {"Tornadus": {"name": "Tornadus", "species": "Tornadus-Therian", "speciesId": "tornadustherian", "gender": "M", "shiny": false, "level": 79, "moves": ["bleakwindstorm", "knockoff", "heatwave", "uturn"], "ability": "Regenerator", "evs": {"hp": 85, "atk": 85, "def": 85, "spa": 85, "spd": 85, "spe": 85}, "ivs": {"hp": 31, "atk": 31, "def": 31, "spa": 31, "spd": 31, "spe": 31}, "item": "Assault Vest", "teraType": "Steel", "role": "AV Pivot", "bvs": {"hp": 79, "atk": 100, "def": 80, "spa": 110, "spd": 90, "spe": 121}, "stats": {"hp": 254, "atk": 204, "def": 172, "spa": 219, "spd": 188, "spe": 237}, "types": ["Flying"]}, "Carbink": {"name": "Carbink", "species": "Carbink", "speciesId": "carbink", "gender": "N", "shiny": false, "level": 90, "moves": ["bodypress", "irondefense", "rockpolish", "moonblast"], "ability": "Sturdy", "evs": {"hp": 85, "atk": 0, "def": 85, "spa": 85, "spd": 85, "spe": 85}, "ivs": {"hp": 31, "atk": 0, "def": 31, "spa": 31, "spd": 31, "spe": 31}, "item": "Leftovers", "teraType": "Fighting", "role": "Fast Bulky Setup", "bvs": {"hp": 50, "atk": 50, "def": 150, "spa": 50, "spd": 150, "spe": 50}, "stats": {"hp": 236, "atk": 95, "def": 321, "spa": 141, "spd": 321, "spe": 141}, "types": ["Rock", "Fairy"]}, "Chi-Yu": {"name": "Chi-Yu", "species": "Chi-Yu", "speciesId": "chiyu", "gender": "N", "shiny": false, "level": 77, "moves": ["psychic", "darkpulse", "nastyplot", "fireblast"], "ability": "Beads of Ruin", "evs": {"hp": 85, "atk": 0, "def": 85, "spa": 85, "spd": 85, "spe": 85}, "ivs": {"hp": 31, "atk": 0, "def": 31, "spa": 31, "spd": 31, "spe": 31}, "item": "Heavy-Duty Boots", "teraType": "Dark", "role": "Setup Sweeper", "bvs": {"hp": 55, "atk": 80, "def": 80, "spa": 135, "spd": 120, "spe": 100}, "stats": {"hp": 211, "atk": 128, "def": 168, "spa": 252, "spd": 229, "spe": 199}, "types": ["Dark", "Fire"]}, "Uxie": {"name": "Uxie", "species": "Uxie", "speciesId": "uxie", "gender": "N", "shiny": false, "level": 83, "moves": ["psychicnoise", "yawn", "knockoff", "encore"], "ability": "Levitate", "evs": {"hp": 85, "atk": 85, "def": 85, "spa": 85, "spd": 85, "spe": 85}, "ivs": {"hp": 31, "atk": 31, "def": 31, "spa": 31, "spd": 31, "spe": 31}, "item": "Leftovers", "teraType": "Electric", "role": "Bulky Support", "bvs": {"hp": 75, "atk": 75, "def": 130, "spa": 75, "spd": 130, "spe": 95}, "stats": {"hp": 260, "atk": 172, "def": 263, "spa": 172, "spd": 263, "spe": 205}, "types": ["Psychic"]}, "Spectrier": {"name": "Spectrier", "species": "Spectrier", "speciesId": "spectrier", "gender": "N", "shiny": false, "level": 75, "moves": ["willowisp", "shadowball", "terablast", "nastyplot"], "ability": "Grim Neigh", "evs": {"hp": 85, "atk": 0, "def": 85, "spa": 85, "spd": 85, "spe": 85}, "ivs": {"hp": 31, "atk": 0, "def": 31, "spa": 31, "spd": 31, "spe": 31}, "item": "Life Orb", "teraType": "Fighting", "role": "Tera Blast user", "bvs": {"hp": 100, "atk": 65, "def": 60, "spa": 145, "spd": 80, "spe": 130}, "stats": {"hp": 274, "atk": 102, "def": 134, "spa": 261, "spd": 164, "spe": 239}, "types": ["Ghost"]}, "Heatran": {"name": "Heatran", "species": "Heatran", "speciesId": "heatran", "gender": "M", "shiny": false, "level": 79, "moves": ["lavaplume", "earthpower", "heavyslam", "stealthrock"], "ability": "Flash Fire", "evs": {"hp": 85, "atk": 85, "def": 85, "spa": 85, "spd": 85, "spe": 85}, "ivs": {"hp": 31, "atk": 31, "def": 31, "spa": 31, "spd": 31, "spe": 31}, "item": "Air Balloon", "teraType": "Grass", "role": "Bulky Support", "bvs": {"hp": 91, "atk": 90, "def": 106, "spa": 130, "spd": 106, "spe": 77}, "stats": {"hp": 273, "atk": 188, "def": 213, "spa": 251, "spd": 213, "spe": 167}, "types": ["Fire", "Steel"]}}]}