{"id": "gen9randombattle-2641941919", "format": "[Gen 9] Random Battle", "players": ["iamkole", "ILoveWater"], "log": "|j|\u2606iamkole\n|j|\u2606ILoveWater\n|t:|1782862322\n|gametype|singles\n|player|p1|iamkole|acetrainerf|\n|player|p2|ILoveWater|pokemonbreederf-gen6xy|\n|gen|9\n|tier|[Gen 9] Random Battle\n|rule|Species Clause: Limit one of each Pok\u00e9mon\n|rule|HP Percentage Mod: HP is shown in percentages\n|rule|Sleep Clause Mod: Limit one foe put to sleep\n|rule|Illusion Level Mod: Illusion disguises the Pok\u00e9mon's true level\n|\n|t:|1782862322\n|teamsize|p1|6\n|teamsize|p2|6\n|start\n|switch|p1a: Falinks|Falinks, L84|246/246\n|switch|p2a: Vespiquen|Vespiquen, L99, F|299/299\n|-ability|p2a: Vespiquen|Pressure\n|turn|1\n|inactive|Battle timer is ON: inactive players will automatically lose when time's up. (requested by ILoveWater)\n|c|\u2606ILoveWater|gluck\n|c|\u2606iamkole|ive been screwing around with the pex team on champs for a bit\n|c|\u2606iamkole|unironically fun team\n|\n|t:|1782862350\n|switch|p1a: Scizor|Scizor, L79, M|240/240\n|move|p2a: Vespiquen|Toxic|p1a: Scizor\n|-immune|p1a: Scizor\n|\n|upkeep\n|turn|2\n|c|\u2606ILoveWater|glad you're liking it\n|c|\u2606ILoveWater|boo\n|c|\u2606iamkole|fuck vespa\n|\n|t:|1782862369\n|move|p1a: Scizor|Knock Off|p2a: Vespiquen\n|-damage|p2a: Vespiquen|243/299\n|-enditem|p2a: Vespiquen|Heavy-Duty Boots|[from] move: Knock Off|[of] p1a: Scizor\n|move|p2a: Vespiquen|U-turn|p1a: Scizor\n|-resisted|p1a: Scizor\n|-damage|p1a: Scizor|201/240\n|\n|t:|1782862379\n|switch|p2a: Iron Hands|Iron Hands, L79|373/373|[from] U-turn\n|\n|-heal|p1a: Scizor|216/240|[from] item: Leftovers\n|upkeep\n|turn|3\n|\n|t:|1782862391\n|switch|p1a: Okidogi|Okidogi, L77, M|262/262\n|move|p2a: Iron Hands|Swords Dance|p2a: Iron Hands\n|-boost|p2a: Iron Hands|atk|2\n|\n|upkeep\n|turn|4\n|\n|t:|1782862402\n|move|p1a: Okidogi|Psychic Fangs|p2a: Iron Hands\n|-supereffective|p2a: Iron Hands\n|-damage|p2a: Iron Hands|265/373\n|move|p2a: Iron Hands|Wild Charge|p1a: Okidogi\n|-damage|p1a: Okidogi|70/262\n|-damage|p2a: Iron Hands|217/373|[from] Recoil\n|\n|-heal|p2a: Iron Hands|240/373|[from] item: Leftovers\n|upkeep\n|turn|5\n|c|\u2606iamkole|wow that does nothing\n|\n|t:|1782862414\n|move|p1a: Okidogi|Gunk Shot|p2a: Iron Hands\n|-damage|p2a: Iron Hands|125/373\n|-status|p2a: Iron Hands|tox|[from] ability: Toxic Chain|[of] p1a: Okidogi\n|move|p2a: Iron Hands|Drain Punch|p1a: Okidogi\n|-resisted|p1a: Okidogi\n|-damage|p1a: Okidogi|0 fnt\n|-heal|p2a: Iron Hands|160/373 tox|[from] drain|[of] p1a: Okidogi\n|faint|p1a: Okidogi\n|\n|-heal|p2a: Iron Hands|183/373 tox|[from] item: Leftovers\n|-damage|p2a: Iron Hands|160/373 tox|[from] psn\n|upkeep\n|c|\u2606ILoveWater|this is big hands\n|inactive|iamkole has 270 seconds left.\n|\n|t:|1782862444\n|switch|p1a: Rayquaza|Rayquaza, L72|270/270\n|-ability|p1a: Rayquaza|Air Lock\n|turn|6\n|inactive|iamkole has 270 seconds left.\n|\n|t:|1782862458\n|move|p1a: Rayquaza|Earthquake|p2a: Iron Hands\n|-supereffective|p2a: Iron Hands\n|-damage|p2a: Iron Hands|18/373 tox\n|move|p2a: Iron Hands|Ice Punch|p1a: Rayquaza\n|-supereffective|p1a: Rayquaza\n|-damage|p1a: Rayquaza|0 fnt\n|faint|p1a: Rayquaza\n|\n|-heal|p2a: Iron Hands|41/373 tox|[from] item: Leftovers\n|-damage|p2a: Iron Hands|0 fnt|[from] psn\n|faint|p2a: Iron Hands\n|-end|p2a: Iron Hands|Quark Drive|[silent]\n|upkeep\n|c|\u2606iamkole|mofo\n|inactive|iamkole has 270 seconds left.\n|c|\u2606ILoveWater|gj hands\n|c|\u2606iamkole|right levels\n|\n|t:|1782862480\n|switch|p1a: Regidrago|Regidrago, L77|435/435\n|switch|p2a: Vespiquen|Vespiquen, L99, F|243/299\n|-ability|p2a: Vespiquen|Pressure\n|turn|7\n|\n|t:|1782862487\n|-terastallize|p1a: Regidrago|Steel\n|move|p1a: Regidrago|Dragon Dance|p1a: Regidrago\n|-boost|p1a: Regidrago|atk|1\n|-boost|p1a: Regidrago|spe|1\n|move|p2a: Vespiquen|Toxic|p1a: Regidrago\n|-immune|p1a: Regidrago\n|\n|upkeep\n|turn|8\n|inactive|iamkole has 270 seconds left.\n|\n|t:|1782862496\n|switch|p2a: Oricorio|Oricorio-Pa'u, L87, F|272/272\n|move|p1a: Regidrago|Dragon Dance|p1a: Regidrago\n|-boost|p1a: Regidrago|atk|1\n|-boost|p1a: Regidrago|spe|1\n|-activate|p2a: Oricorio|ability: Dancer\n|move|p2a: Oricorio|Dragon Dance|p2a: Oricorio|[from] ability: Dancer\n|-boost|p2a: Oricorio|atk|1\n|-boost|p2a: Oricorio|spe|1\n|\n|upkeep\n|turn|9\n|inactive|iamkole has 270 seconds left.\n|c|\u2606iamkole|oh thats fun\n|\n|t:|1782862509\n|move|p1a: Regidrago|Dragon Claw|p2a: Oricorio\n|-damage|p2a: Oricorio|0 fnt\n|faint|p2a: Oricorio\n|-damage|p1a: Regidrago|392/435|[from] item: Life Orb\n|\n|upkeep\n|c|\u2606ILoveWater|boo\n|c|\u2606iamkole|regidrago.first ever good performance true?\n|inactive|ILoveWater has 270 seconds left.\n|\n|t:|1782862546\n|switch|p2a: Bellossom|Bellossom, L84, F|263/263\n|turn|10\n|\n|t:|1782862558\n|-terastallize|p2a: Bellossom|Fairy\n|move|p1a: Regidrago|Dragon Claw|p2a: Bellossom\n|-immune|p2a: Bellossom\n|move|p2a: Bellossom|Strength Sap|p1a: Regidrago\n|-unboost|p1a: Regidrago|atk|1\n|\n|upkeep\n|turn|11\n|c|\u2606iamkole|you are not tera fairy\n|c|\u2606iamkole|fuck\n|\n|t:|1782862565\n|move|p1a: Regidrago|Tera Blast|p2a: Bellossom|[anim] Tera Blast Steel\n|-supereffective|p2a: Bellossom\n|-damage|p2a: Bellossom|19/263\n|-damage|p1a: Regidrago|349/435|[from] item: Life Orb\n|move|p2a: Bellossom|Quiver Dance|p2a: Bellossom\n|-boost|p2a: Bellossom|spa|1\n|-boost|p2a: Bellossom|spd|1\n|-boost|p2a: Bellossom|spe|1\n|\n|-heal|p2a: Bellossom|35/263|[from] item: Leftovers\n|upkeep\n|turn|12\n|c|\u2606ILoveWater|buh\n|\n|t:|1782862573\n|move|p1a: Regidrago|Tera Blast|p2a: Bellossom|[anim] Tera Blast Steel\n|-supereffective|p2a: Bellossom\n|-damage|p2a: Bellossom|0 fnt\n|faint|p2a: Bellossom\n|-damage|p1a: Regidrago|306/435|[from] item: Life Orb\n|\n|upkeep\n|\n|t:|1782862581\n|switch|p2a: Gastrodon|Gastrodon, L86, M|331/331\n|turn|13\n|\n|t:|1782862590\n|switch|p1a: Scizor|Scizor, L79, M|216/240\n|move|p2a: Gastrodon|Earthquake|p1a: Scizor\n|-damage|p1a: Scizor|119/240\n|\n|-heal|p1a: Scizor|134/240|[from] item: Leftovers\n|upkeep\n|turn|14\n|\n|t:|1782862597\n|switch|p2a: Vespiquen|Vespiquen, L99, F|243/299\n|-ability|p2a: Vespiquen|Pressure\n|move|p1a: Scizor|Knock Off|p2a: Vespiquen\n|-damage|p2a: Vespiquen|204/299\n|\n|-heal|p1a: Scizor|149/240|[from] item: Leftovers\n|upkeep\n|turn|15\n|\n|t:|1782862611\n|switch|p1a: Falinks|Falinks, L84|246/246\n|move|p2a: Vespiquen|U-turn|p1a: Falinks\n|-resisted|p1a: Falinks\n|-damage|p1a: Falinks|207/246\n|\n|t:|1782862625\n|switch|p2a: Gastrodon|Gastrodon, L86, M|331/331|[from] U-turn\n|\n|upkeep\n|turn|16\n|\n|t:|1782862630\n|switch|p2a: Vespiquen|Vespiquen, L99, F|204/299\n|-ability|p2a: Vespiquen|Pressure\n|move|p1a: Falinks|No Retreat|p1a: Falinks\n|-boost|p1a: Falinks|atk|1\n|-boost|p1a: Falinks|def|1\n|-boost|p1a: Falinks|spa|1\n|-boost|p1a: Falinks|spd|1\n|-boost|p1a: Falinks|spe|1\n|-start|p1a: Falinks|move: No Retreat\n|\n|upkeep\n|turn|17\n|\n|t:|1782862637\n|move|p1a: Falinks|Iron Head|p2a: Vespiquen\n|-damage|p2a: Vespiquen|114/299\n|-damage|p1a: Falinks|183/246|[from] item: Life Orb\n|move|p2a: Vespiquen|Roost|p2a: Vespiquen\n|-heal|p2a: Vespiquen|264/299\n|-singleturn|p2a: Vespiquen|move: Roost\n|\n|upkeep\n|turn|18\n|\n|t:|1782862648\n|move|p1a: Falinks|Iron Head|p2a: Vespiquen\n|-damage|p2a: Vespiquen|174/299\n|-damage|p1a: Falinks|159/246|[from] item: Life Orb\n|move|p2a: Vespiquen|Toxic|p1a: Falinks\n|-status|p1a: Falinks|tox\n|\n|-damage|p1a: Falinks|144/246 tox|[from] psn\n|upkeep\n|turn|19\n|c|\u2606iamkole|flinch hax maybe\n|\n|t:|1782862656\n|move|p1a: Falinks|Iron Head|p2a: Vespiquen\n|-damage|p2a: Vespiquen|91/299\n|-damage|p1a: Falinks|120/246 tox|[from] item: Life Orb\n|move|p2a: Vespiquen|Roost|p2a: Vespiquen\n|-heal|p2a: Vespiquen|241/299\n|-singleturn|p2a: Vespiquen|move: Roost\n|\n|-damage|p1a: Falinks|90/246 tox|[from] psn\n|upkeep\n|turn|20\n|c|\u2606ILoveWater|nuh uh\n|\n|t:|1782862662\n|move|p1a: Falinks|Iron Head|p2a: Vespiquen\n|-damage|p2a: Vespiquen|149/299\n|-damage|p1a: Falinks|66/246 tox|[from] item: Life Orb\n|cant|p2a: Vespiquen|flinch\n|\n|-damage|p1a: Falinks|21/246 tox|[from] psn\n|upkeep\n|turn|21\n|c|\u2606ILoveWater|ok\n|\n|t:|1782862671\n|move|p1a: Falinks|Iron Head|p2a: Vespiquen\n|-damage|p2a: Vespiquen|70/299\n|-damage|p1a: Falinks|0 fnt|[from] item: Life Orb\n|faint|p1a: Falinks\n|cant|p2a: Vespiquen|flinch\n|\n|upkeep\n|c|\u2606ILoveWater|ok\n|c|\u2606iamkole|thanks falinks\n|\n|t:|1782862684\n|switch|p1a: Barraskewda|Barraskewda, L81, F|231/231\n|turn|22\n|\n|t:|1782862704\n|move|p1a: Barraskewda|Close Combat|p2a: Vespiquen\n|-resisted|p2a: Vespiquen\n|-damage|p2a: Vespiquen|43/299\n|-unboost|p1a: Barraskewda|def|1\n|-unboost|p1a: Barraskewda|spd|1\n|move|p2a: Vespiquen|Roost|p2a: Vespiquen\n|-heal|p2a: Vespiquen|193/299\n|-singleturn|p2a: Vespiquen|move: Roost\n|\n|upkeep\n|turn|23\n|c|\u2606iamkole|fah\n|c|\u2606ILoveWater|i own you\n|\n|t:|1782862719\n|switch|p1a: Scizor|Scizor, L79, M|149/240\n|move|p2a: Vespiquen|Hurricane|p1a: Scizor|[miss]\n|-miss|p2a: Vespiquen|p1a: Scizor\n|\n|-heal|p1a: Scizor|164/240|[from] item: Leftovers\n|upkeep\n|turn|24\n|c|\u2606iamkole|youre british you own everyone\n|\n|t:|1782862731\n|move|p1a: Scizor|Knock Off|p2a: Vespiquen\n|-damage|p2a: Vespiquen|153/299\n|move|p2a: Vespiquen|Roost|p2a: Vespiquen\n|-heal|p2a: Vespiquen|299/299\n|-singleturn|p2a: Vespiquen|move: Roost\n|\n|-heal|p1a: Scizor|179/240|[from] item: Leftovers\n|upkeep\n|turn|25\n|\n|t:|1782862739\n|move|p1a: Scizor|Bullet Punch|p2a: Vespiquen\n|-damage|p2a: Vespiquen|244/299\n|move|p2a: Vespiquen|Hurricane|p1a: Scizor|[miss]\n|-miss|p2a: Vespiquen|p1a: Scizor\n|\n|-heal|p1a: Scizor|194/240|[from] item: Leftovers\n|upkeep\n|turn|26\n|c|\u2606ILoveWater|come on dude\n|\n|t:|1782862747\n|move|p1a: Scizor|Bullet Punch|p2a: Vespiquen\n|-damage|p2a: Vespiquen|184/299\n|move|p2a: Vespiquen|Hurricane|p1a: Scizor|[miss]\n|-miss|p2a: Vespiquen|p1a: Scizor\n|\n|-heal|p1a: Scizor|209/240|[from] item: Leftovers\n|upkeep\n|turn|27\n|c|\u2606iamkole|LMFOSOAAOAOAOA\n|\n|t:|1782862757\n|move|p1a: Scizor|Bullet Punch|p2a: Vespiquen\n|-damage|p2a: Vespiquen|133/299\n|move|p2a: Vespiquen|Roost|p2a: Vespiquen\n|-heal|p2a: Vespiquen|283/299\n|-singleturn|p2a: Vespiquen|move: Roost\n|\n|-heal|p1a: Scizor|224/240|[from] item: Leftovers\n|upkeep\n|turn|28\n|\n|t:|1782862762\n|move|p1a: Scizor|Bullet Punch|p2a: Vespiquen\n|-damage|p2a: Vespiquen|231/299\n|move|p2a: Vespiquen|Hurricane|p1a: Scizor\n|-damage|p1a: Scizor|71/240\n|\n|-heal|p1a: Scizor|86/240|[from] item: Leftovers\n|upkeep\n|turn|29\n|\n|t:|1782862770\n|move|p1a: Scizor|Bullet Punch|p2a: Vespiquen\n|-damage|p2a: Vespiquen|171/299\n|move|p2a: Vespiquen|Hurricane|p1a: Scizor|[miss]\n|-miss|p2a: Vespiquen|p1a: Scizor\n|\n|-heal|p1a: Scizor|101/240|[from] item: Leftovers\n|upkeep\n|turn|30\n|\n|t:|1782862773\n|move|p1a: Scizor|Bullet Punch|p2a: Vespiquen\n|-damage|p2a: Vespiquen|117/299\n|move|p2a: Vespiquen|Roost|p2a: Vespiquen\n|-heal|p2a: Vespiquen|267/299\n|-singleturn|p2a: Vespiquen|move: Roost\n|\n|-heal|p1a: Scizor|116/240|[from] item: Leftovers\n|upkeep\n|turn|31\n|\n|t:|1782862777\n|move|p1a: Scizor|Bullet Punch|p2a: Vespiquen\n|-damage|p2a: Vespiquen|207/299\n|move|p2a: Vespiquen|Hurricane|p1a: Scizor\n|-damage|p1a: Scizor|0 fnt\n|faint|p1a: Scizor\n|\n|upkeep\n|\n|t:|1782862783\n|switch|p1a: Regidrago|Regidrago, L77, tera:Steel|306/435\n|turn|32\n|\n|t:|1782862789\n|move|p1a: Regidrago|Dragon Claw|p2a: Vespiquen\n|-crit|p2a: Vespiquen\n|-damage|p2a: Vespiquen|54/299\n|-damage|p1a: Regidrago|263/435|[from] item: Life Orb\n|move|p2a: Vespiquen|U-turn|p1a: Regidrago\n|-resisted|p1a: Regidrago\n|-damage|p1a: Regidrago|195/435\n|\n|t:|1782862793\n|switch|p2a: Gastrodon|Gastrodon, L86, M|331/331|[from] U-turn\n|\n|upkeep\n|turn|33\n|\n|t:|1782862803\n|move|p1a: Regidrago|Dragon Claw|p2a: Gastrodon\n|-damage|p2a: Gastrodon|150/331\n|-damage|p1a: Regidrago|152/435|[from] item: Life Orb\n|move|p2a: Gastrodon|Earthquake|p1a: Regidrago\n|-supereffective|p1a: Regidrago\n|-damage|p1a: Regidrago|0 fnt\n|faint|p1a: Regidrago\n|\n|-heal|p2a: Gastrodon|170/331|[from] item: Leftovers\n|upkeep\n|\n|t:|1782862808\n|switch|p1a: Barraskewda|Barraskewda, L81, F|231/231\n|turn|34\n|\n|t:|1782862813\n|move|p1a: Barraskewda|Throat Chop|p2a: Gastrodon\n|-damage|p2a: Gastrodon|52/331\n|-start|p2a: Gastrodon|Throat Chop|[silent]\n|move|p2a: Gastrodon|Earthquake|p1a: Barraskewda\n|-damage|p1a: Barraskewda|90/231\n|\n|-heal|p2a: Gastrodon|72/331|[from] item: Leftovers\n|upkeep\n|turn|35\n|\n|t:|1782862817\n|move|p1a: Barraskewda|Throat Chop|p2a: Gastrodon\n|-damage|p2a: Gastrodon|0 fnt\n|faint|p2a: Gastrodon\n|\n|upkeep\n|\n|t:|1782862819\n|switch|p2a: Comfey|Comfey, L85, F|225/225\n|turn|36\n|c|\u2606ILoveWater|gg\n|c|\u2606iamkole|Gg\n|\n|t:|1782862825\n|move|p2a: Comfey|Giga Drain|p1a: Barraskewda\n|-supereffective|p1a: Barraskewda\n|-damage|p1a: Barraskewda|0 fnt\n|faint|p1a: Barraskewda\n|\n|win|ILoveWater\n", "inputlog": ">version f8ac14003a5f27e1bdc8d8c59608a773c1cb96e5\n>start {\"formatid\":\"gen9randombattle\",\"seed\":\"sodium,f55a73527483d4ae0712e1340c871e78\"}\n>player p1 {\"name\":\"iamkole\",\"avatar\":\"acetrainerf\",\"rating\":0,\"seed\":\"sodium,d09a0ad165fba321142e9130f1443ed1\"}\n>player p2 {\"name\":\"ILoveWater\",\"avatar\":\"pokemonbreederf-gen6xy\",\"rating\":0,\"seed\":\"sodium,4ab27fd230316a04c032d1e1415916d3\"}\n>chat \u2606ILoveWater|gluck\n>chat \u2606iamkole|ive been screwing around with the pex team on champs for a bit\n>chat \u2606iamkole|unironically fun team\n>p1 switch 3\n>p2 move toxic\n>chat \u2606ILoveWater|glad you're liking it\n>chat \u2606ILoveWater|boo\n>chat \u2606iamkole|fuck vespa\n>p1 move knockoff\n>p2 move uturn\n>p2 switch 5\n>p1 switch 2\n>p2 move swordsdance\n>p1 move psychicfangs\n>p2 move wildcharge\n>chat \u2606iamkole|wow that does nothing\n>p1 move gunkshot\n>p2 move drainpunch\n>chat \u2606ILoveWater|this is big hands\n>p1 switch 6\n>p1 move earthquake\n>p2 move icepunch\n>chat \u2606iamkole|mofo\n>chat \u2606ILoveWater|gj hands\n>chat \u2606iamkole|right levels\n>p1 switch 5\n>p2 switch 5\n>p1 move dragondance terastallize\n>p2 move toxic\n>p1 move dragondance\n>p2 switch 2\n>chat \u2606iamkole|oh thats fun\n>p1 move dragonclaw\n>p2 move quiverdance\n>chat \u2606ILoveWater|boo\n>chat \u2606iamkole|regidrago.first ever good performance true?\n>p2 switch 4\n>p1 move dragonclaw\n>p2 move strengthsap terastallize\n>chat \u2606iamkole|you are not tera fairy\n>chat \u2606iamkole|fuck\n>p1 move terablast\n>p2 move quiverdance\n>chat \u2606ILoveWater|buh\n>p1 move terablast\n>p2 move strengthsap\n>p2 switch 6\n>p1 switch 2\n>p2 move earthquake\n>p1 move knockoff\n>p2 switch 2\n>p1 switch 3\n>p2 move uturn\n>p2 switch 2\n>p1 move noretreat\n>p2 switch 2\n>p1 move ironhead\n>p2 move roost\n>p1 move ironhead\n>p2 move toxic\n>chat \u2606iamkole|flinch hax maybe\n>p1 move ironhead\n>p2 move roost\n>chat \u2606ILoveWater|nuh uh\n>p1 move ironhead\n>p2 move roost\n>chat \u2606ILoveWater|ok\n>p1 move ironhead\n>p2 move roost\n>chat \u2606ILoveWater|ok\n>chat \u2606iamkole|thanks falinks\n>p1 switch 4\n>p1 move closecombat\n>p2 move roost\n>chat \u2606iamkole|fah\n>chat \u2606ILoveWater|i own you\n>p1 switch 3\n>p2 move hurricane\n>chat \u2606iamkole|youre british you own everyone\n>p1 move knockoff\n>p2 move roost\n>p1 move bulletpunch\n>p2 move hurricane\n>chat \u2606ILoveWater|come on dude\n>p1 move bulletpunch\n>p2 move hurricane\n>chat \u2606iamkole|LMFOSOAAOAOAOA\n>p1 move bulletpunch\n>p2 move roost\n>p1 move bulletpunch\n>p2 move hurricane\n>p1 move bulletpunch\n>p2 move hurricane\n>p1 move bulletpunch\n>p2 move roost\n>p1 move bulletpunch\n>p2 move hurricane\n>p1 switch 2\n>p1 move dragonclaw\n>p2 move uturn\n>p2 switch 2\n>p1 move dragonclaw\n>p2 move earthquake\n>p1 switch 3\n>p1 move throatchop\n>p2 move earthquake\n>p1 move throatchop\n>p2 move earthquake\n>p2 switch 3\n>chat \u2606ILoveWater|gg\n>chat \u2606iamkole|Gg\n>p1 move throatchop\n>p2 move gigadrain", "uploadtime": 1782862827, "views": 9, "formatid": "gen9randombattle", "rating": null, "private": 0, "password": null, "player_dets": [{"name": "iamkole", "avatar": "acetrainerf", "rating": 0, "seed": "sodium,d09a0ad165fba321142e9130f1443ed1"}, {"name": "ILoveWater", "avatar": "pokemonbreederf-gen6xy", "rating": 0, "seed": "sodium,4ab27fd230316a04c032d1e1415916d3"}], "teams_full": [{"Falinks": {"name": "Falinks", "species": "Falinks", "speciesId": "falinks", "gender": "N", "shiny": false, "level": 84, "moves": ["noretreat", "closecombat", "ironhead", "knockoff"], "ability": "Defiant", "evs": {"hp": 85, "atk": 85, "def": 85, "spa": 85, "spd": 85, "spe": 85}, "ivs": {"hp": 31, "atk": 31, "def": 31, "spa": 31, "spd": 31, "spe": 31}, "item": "Life Orb", "teraType": "Dark", "role": "Setup Sweeper", "bvs": {"hp": 65, "atk": 100, "def": 100, "spa": 70, "spd": 60, "spe": 75}, "stats": {"hp": 246, "atk": 216, "def": 216, "spa": 166, "spd": 149, "spe": 174}, "types": ["Fighting"]}, "Okidogi": {"name": "Okidogi", "species": "Okidogi", "speciesId": "okidogi", "gender": "M", "shiny": false, "level": 77, "moves": ["drainpunch", "gunkshot", "psychicfangs", "knockoff"], "ability": "Toxic Chain", "evs": {"hp": 85, "atk": 85, "def": 85, "spa": 85, "spd": 85, "spe": 85}, "ivs": {"hp": 31, "atk": 31, "def": 31, "spa": 31, "spd": 31, "spe": 31}, "item": "Assault Vest", "teraType": "Dark", "role": "AV Pivot", "bvs": {"hp": 88, "atk": 128, "def": 115, "spa": 58, "spd": 86, "spe": 80}, "stats": {"hp": 262, "atk": 242, "def": 222, "spa": 134, "spd": 177, "spe": 168}, "types": ["Poison", "Fighting"]}, "Scizor": {"name": "Scizor", "species": "Scizor", "speciesId": "scizor", "gender": "M", "shiny": false, "level": 79, "moves": ["defog", "closecombat", "knockoff", "bulletpunch"], "ability": "Technician", "evs": {"hp": 85, "atk": 85, "def": 85, "spa": 85, "spd": 85, "spe": 85}, "ivs": {"hp": 31, "atk": 31, "def": 31, "spa": 31, "spd": 31, "spe": 31}, "item": "Leftovers", "teraType": "Steel", "role": "Bulky Support", "bvs": {"hp": 70, "atk": 130, "def": 100, "spa": 55, "spd": 80, "spe": 65}, "stats": {"hp": 240, "atk": 251, "def": 204, "spa": 132, "spd": 172, "spe": 148}, "types": ["Bug", "Steel"]}, "Barraskewda": {"name": "Barraskewda", "species": "Barraskewda", "speciesId": "barraskewda", "gender": "F", "shiny": false, "level": 81, "moves": ["throatchop", "closecombat", "waterfall", "flipturn"], "ability": "Swift Swim", "evs": {"hp": 85, "atk": 85, "def": 85, "spa": 85, "spd": 85, "spe": 85}, "ivs": {"hp": 31, "atk": 31, "def": 31, "spa": 31, "spd": 31, "spe": 31}, "item": "Choice Band", "teraType": "Water", "role": "Wallbreaker", "bvs": {"hp": 61, "atk": 123, "def": 60, "spa": 60, "spd": 50, "spe": 136}, "stats": {"hp": 231, "atk": 246, "def": 144, "spa": 144, "spd": 128, "spe": 267}, "types": ["Water"]}, "Regidrago": {"name": "Regidrago", "species": "Regidrago", "speciesId": "regidrago", "gender": "N", "shiny": false, "level": 77, "moves": ["dragondance", "terablast", "dragonclaw", "earthquake"], "ability": "Dragon's Maw", "evs": {"hp": 85, "atk": 85, "def": 85, "spa": 85, "spd": 85, "spe": 85}, "ivs": {"hp": 31, "atk": 31, "def": 31, "spa": 31, "spd": 31, "spe": 31}, "item": "Life Orb", "teraType": "Steel", "role": "Tera Blast user", "bvs": {"hp": 200, "atk": 100, "def": 50, "spa": 100, "spd": 50, "spe": 80}, "stats": {"hp": 435, "atk": 199, "def": 122, "spa": 199, "spd": 122, "spe": 168}, "types": ["Dragon"]}, "Rayquaza": {"name": "Rayquaza", "species": "Rayquaza", "speciesId": "rayquaza", "gender": "N", "shiny": false, "level": 72, "moves": ["swordsdance", "dragonascent", "earthquake", "extremespeed"], "ability": "Air Lock", "evs": {"hp": 85, "atk": 85, "def": 85, "spa": 85, "spd": 85, "spe": 85}, "ivs": {"hp": 31, "atk": 31, "def": 31, "spa": 31, "spd": 31, "spe": 31}, "item": "Heavy-Duty Boots", "teraType": "Normal", "role": "Fast Attacker", "bvs": {"hp": 105, "atk": 150, "def": 90, "spa": 150, "spd": 90, "spe": 95}, "stats": {"hp": 270, "atk": 258, "def": 172, "spa": 258, "spd": 172, "spe": 179}, "types": ["Dragon", "Flying"]}}, {"Vespiquen": {"name": "Vespiquen", "species": "Vespiquen", "speciesId": "vespiquen", "gender": "F", "shiny": false, "level": 99, "moves": ["toxic", "roost", "uturn", "hurricane"], "ability": "Pressure", "evs": {"hp": 85, "atk": 85, "def": 85, "spa": 85, "spd": 85, "spe": 85}, "ivs": {"hp": 31, "atk": 31, "def": 31, "spa": 31, "spd": 31, "spe": 31}, "item": "Heavy-Duty Boots", "teraType": "Steel", "role": "Bulky Support", "bvs": {"hp": 70, "atk": 80, "def": 102, "spa": 80, "spd": 102, "spe": 40}, "stats": {"hp": 299, "atk": 214, "def": 258, "spa": 214, "spd": 258, "spe": 135}, "types": ["Bug", "Flying"]}, "Oricorio": {"name": "Oricorio", "species": "Oricorio-Pa'u", "speciesId": "oricoriopau", "gender": "F", "shiny": false, "level": 87, "moves": ["roost", "revelationdance", "quiverdance", "hurricane"], "ability": "Dancer", "evs": {"hp": 85, "atk": 0, "def": 85, "spa": 85, "spd": 85, "spe": 85}, "ivs": {"hp": 31, "atk": 0, "def": 31, "spa": 31, "spd": 31, "spe": 31}, "item": "Heavy-Duty Boots", "teraType": "Fighting", "role": "Setup Sweeper", "bvs": {"hp": 75, "atk": 70, "def": 70, "spa": 98, "spd": 70, "spe": 93}, "stats": {"hp": 272, "atk": 126, "def": 172, "spa": 220, "spd": 172, "spe": 212}, "types": ["Psychic", "Flying"]}, "Comfey": {"name": "Comfey", "species": "Comfey", "speciesId": "comfey", "gender": "F", "shiny": false, "level": 85, "moves": ["gigadrain", "drainingkiss", "terablast", "calmmind"], "ability": "Triage", "evs": {"hp": 85, "atk": 0, "def": 85, "spa": 85, "spd": 85, "spe": 85}, "ivs": {"hp": 31, "atk": 0, "def": 31, "spa": 31, "spd": 31, "spe": 31}, "item": "Leftovers", "teraType": "Ground", "role": "Tera Blast user", "bvs": {"hp": 51, "atk": 52, "def": 90, "spa": 82, "spd": 110, "spe": 100}, "stats": {"hp": 225, "atk": 93, "def": 202, "spa": 188, "spd": 236, "spe": 219}, "types": ["Fairy"]}, "Bellossom": {"name": "Bellossom", "species": "Bellossom", "speciesId": "bellossom", "gender": "F", "shiny": false, "level": 84, "moves": ["moonblast", "quiverdance", "gigadrain", "strengthsap"], "ability": "Chlorophyll", "evs": {"hp": 85, "atk": 0, "def": 85, "spa": 85, "spd": 85, "spe": 85}, "ivs": {"hp": 31, "atk": 0, "def": 31, "spa": 31, "spd": 31, "spe": 31}, "item": "Leftovers", "teraType": "Fairy", "role": "Bulky Setup", "bvs": {"hp": 75, "atk": 80, "def": 95, "spa": 90, "spd": 100, "spe": 50}, "stats": {"hp": 263, "atk": 139, "def": 208, "spa": 199, "spd": 216, "spe": 132}, "types": ["Grass"]}, "Iron Hands": {"name": "Iron Hands", "species": "Iron Hands", "speciesId": "ironhands", "gender": "N", "shiny": false, "level": 79, "moves": ["icepunch", "wildcharge", "swordsdance", "drainpunch"], "ability": "Quark Drive", "evs": {"hp": 85, "atk": 85, "def": 85, "spa": 85, "spd": 85, "spe": 85}, "ivs": {"hp": 31, "atk": 31, "def": 31, "spa": 31, "spd": 31, "spe": 31}, "item": "Leftovers", "teraType": "Fighting", "role": "Bulky Attacker", "bvs": {"hp": 154, "atk": 140, "def": 108, "spa": 50, "spd": 68, "spe": 50}, "stats": {"hp": 373, "atk": 267, "def": 216, "spa": 125, "spd": 153, "spe": 125}, "types": ["Fighting", "Electric"]}, "Gastrodon": {"name": "Gastrodon", "species": "Gastrodon", "speciesId": "gastrodon", "gender": "M", "shiny": false, "level": 86, "moves": ["surf", "earthquake", "recover", "sludgebomb"], "ability": "Storm Drain", "evs": {"hp": 85, "atk": 85, "def": 85, "spa": 85, "spd": 85, "spe": 85}, "ivs": {"hp": 31, "atk": 31, "def": 31, "spa": 31, "spd": 31, "spe": 31}, "item": "Leftovers", "teraType": "Poison", "role": "Bulky Support", "bvs": {"hp": 111, "atk": 83, "def": 68, "spa": 92, "spd": 82, "spe": 39}, "stats": {"hp": 331, "atk": 192, "def": 166, "spa": 207, "spd": 190, "spe": 116}, "types": ["Water", "Ground"]}}]}