{"id": "gen9randombattle-2641843299", "format": "[Gen 9] Random Battle", "players": ["RickyTheRiot", "JohtoTrash"], "log": "|j|\u2606RickyTheRiot\n|j|\u2606JohtoTrash\n|t:|1782848568\n|gametype|singles\n|player|p1|RickyTheRiot|169|1076\n|player|p2|JohtoTrash|petrel|1027\n|gen|9\n|tier|[Gen 9] Random Battle\n|rated|\n|rule|Species Clause: Limit one of each Pok\u00e9mon\n|rule|HP Percentage Mod: HP is shown in percentages\n|rule|Sleep Clause Mod: Limit one foe put to sleep\n|rule|Illusion Level Mod: Illusion disguises the Pok\u00e9mon's true level\n|\n|t:|1782848568\n|teamsize|p1|6\n|teamsize|p2|6\n|start\n|switch|p1a: Latios|Latios, L78, M|253/253\n|switch|p2a: Espeon|Espeon, L84, F|246/246\n|turn|1\n|inactive|Battle timer is ON: inactive players will automatically lose when time's up. (requested by JohtoTrash)\n|\n|t:|1782848595\n|switch|p1a: Swanna|Swanna, L89, M|278/278\n|move|p2a: Espeon|Shadow Ball|p1a: Swanna\n|-damage|p1a: Swanna|165/278\n|-damage|p2a: Espeon|222/246|[from] item: Life Orb\n|\n|upkeep\n|turn|2\n|\n|t:|1782848616\n|switch|p2a: Registeel|Registeel, L81|262/262\n|move|p1a: Swanna|Brave Bird|p2a: Registeel\n|-resisted|p2a: Registeel\n|-damage|p2a: Registeel|217/262\n|-damage|p1a: Swanna|150/278|[from] Recoil\n|\n|-heal|p2a: Registeel|233/262|[from] item: Leftovers\n|upkeep\n|turn|3\n|\n|t:|1782848630\n|switch|p1a: Slaking|Slaking, L84, M|389/389\n|move|p2a: Registeel|Stealth Rock|p1a: Slaking\n|-sidestart|p1: RickyTheRiot|move: Stealth Rock\n|\n|-heal|p2a: Registeel|249/262|[from] item: Leftovers\n|upkeep\n|turn|4\n|\n|t:|1782848641\n|-terastallize|p2a: Registeel|Fighting\n|move|p1a: Slaking|Earthquake|p2a: Registeel\n|-damage|p2a: Registeel|137/262\n|move|p2a: Registeel|Thunder Wave|p1a: Slaking\n|-status|p1a: Slaking|par\n|\n|-heal|p2a: Registeel|153/262|[from] item: Leftovers\n|upkeep\n|turn|5\n|\n|t:|1782848653\n|switch|p1a: Swanna|Swanna, L89, M|150/278\n|move|p2a: Registeel|Body Press|p1a: Swanna\n|-resisted|p1a: Swanna\n|-damage|p1a: Swanna|85/278\n|\n|-heal|p2a: Registeel|169/262|[from] item: Leftovers\n|upkeep\n|turn|6\n|\n|t:|1782848669\n|switch|p2a: Noivern|Noivern, L82, F|274/274\n|move|p1a: Swanna|Brave Bird|p2a: Noivern\n|-damage|p2a: Noivern|136/274\n|-damage|p1a: Swanna|39/278|[from] Recoil\n|\n|upkeep\n|turn|7\n|\n|t:|1782848680\n|move|p2a: Noivern|Roost|p2a: Noivern\n|-heal|p2a: Noivern|273/274\n|-singleturn|p2a: Noivern|move: Roost\n|move|p1a: Swanna|Roost|p1a: Swanna\n|-heal|p1a: Swanna|178/278\n|-singleturn|p1a: Swanna|move: Roost\n|\n|upkeep\n|turn|8\n|\n|t:|1782848699\n|switch|p1a: Avalugg|Avalugg, L88, M|310/310\n|move|p2a: Noivern|Draco Meteor|p1a: Avalugg\n|-damage|p1a: Avalugg|123/310\n|-unboost|p2a: Noivern|spa|2\n|\n|upkeep\n|turn|9\n|\n|t:|1782848707\n|move|p2a: Noivern|Flamethrower|p1a: Avalugg\n|-supereffective|p1a: Avalugg\n|-damage|p1a: Avalugg|35/310\n|move|p1a: Avalugg|Avalanche|p2a: Noivern\n|-supereffective|p2a: Noivern\n|-damage|p2a: Noivern|0 fnt\n|faint|p2a: Noivern\n|\n|upkeep\n|\n|t:|1782848719\n|switch|p2a: Registeel|Registeel, L81, tera:Fighting|169/262\n|turn|10\n|\n|t:|1782848727\n|switch|p1a: Indeedee|Indeedee-F, L90, F|272/272\n|-damage|p1a: Indeedee|238/272|[from] Stealth Rock\n|-fieldstart|move: Psychic Terrain|[from] ability: Psychic Surge|[of] p1a: Indeedee\n|move|p2a: Registeel|Thunder Wave|p1a: Indeedee\n|-status|p1a: Indeedee|par\n|\n|-heal|p2a: Registeel|185/262|[from] item: Leftovers\n|upkeep\n|turn|11\n|\n|t:|1782848746\n|move|p2a: Registeel|Iron Head|p1a: Indeedee\n|-crit|p1a: Indeedee\n|-damage|p1a: Indeedee|114/272 par\n|cant|p1a: Indeedee|par\n|\n|-heal|p2a: Registeel|201/262|[from] item: Leftovers\n|upkeep\n|turn|12\n|\n|t:|1782848756\n|move|p2a: Registeel|Iron Head|p1a: Indeedee\n|-damage|p1a: Indeedee|33/272 par\n|cant|p1a: Indeedee|flinch\n|\n|-heal|p2a: Registeel|217/262|[from] item: Leftovers\n|upkeep\n|turn|13\n|\n|t:|1782848764\n|move|p2a: Registeel|Iron Head|p1a: Indeedee\n|-damage|p1a: Indeedee|0 fnt\n|faint|p1a: Indeedee\n|\n|-heal|p2a: Registeel|233/262|[from] item: Leftovers\n|upkeep\n|\n|t:|1782848787\n|switch|p1a: Swanna|Swanna, L89, M|178/278\n|turn|14\n|\n|t:|1782848793\n|move|p1a: Swanna|Roost|p1a: Swanna\n|-heal|p1a: Swanna|278/278\n|-singleturn|p1a: Swanna|move: Roost\n|move|p2a: Registeel|Thunder Wave|p1a: Swanna\n|-status|p1a: Swanna|par\n|\n|-heal|p2a: Registeel|249/262|[from] item: Leftovers\n|-fieldend|move: Psychic Terrain\n|upkeep\n|turn|15\n|\n|t:|1782848811\n|move|p2a: Registeel|Iron Head|p1a: Swanna\n|-resisted|p1a: Swanna\n|-damage|p1a: Swanna|235/278 par\n|move|p1a: Swanna|Brave Bird|p2a: Registeel\n|-supereffective|p2a: Registeel\n|-damage|p2a: Registeel|55/262\n|-damage|p1a: Swanna|171/278 par|[from] Recoil\n|\n|-heal|p2a: Registeel|71/262|[from] item: Leftovers\n|upkeep\n|turn|16\n|\n|t:|1782848827\n|move|p2a: Registeel|Iron Head|p1a: Swanna\n|-resisted|p1a: Swanna\n|-damage|p1a: Swanna|130/278 par\n|move|p1a: Swanna|Roost|p1a: Swanna\n|-heal|p1a: Swanna|269/278 par\n|-singleturn|p1a: Swanna|move: Roost\n|\n|-heal|p2a: Registeel|87/262|[from] item: Leftovers\n|upkeep\n|turn|17\n|\n|t:|1782848837\n|move|p2a: Registeel|Iron Head|p1a: Swanna\n|-resisted|p1a: Swanna\n|-damage|p1a: Swanna|228/278 par\n|cant|p1a: Swanna|flinch\n|\n|-heal|p2a: Registeel|103/262|[from] item: Leftovers\n|upkeep\n|turn|18\n|\n|t:|1782848845\n|move|p2a: Registeel|Iron Head|p1a: Swanna\n|-resisted|p1a: Swanna\n|-damage|p1a: Swanna|189/278 par\n|cant|p1a: Swanna|par\n|\n|-heal|p2a: Registeel|119/262|[from] item: Leftovers\n|upkeep\n|turn|19\n|\n|t:|1782848854\n|move|p2a: Registeel|Iron Head|p1a: Swanna\n|-resisted|p1a: Swanna\n|-damage|p1a: Swanna|151/278 par\n|move|p1a: Swanna|Brave Bird|p2a: Registeel\n|-supereffective|p2a: Registeel\n|-damage|p2a: Registeel|0 fnt\n|faint|p2a: Registeel\n|-damage|p1a: Swanna|112/278 par|[from] Recoil\n|\n|upkeep\n|\n|t:|1782848870\n|switch|p2a: Regieleki|Regieleki, L79|256/256\n|turn|20\n|\n|t:|1782848878\n|-terastallize|p1a: Swanna|Ground\n|move|p2a: Regieleki|Volt Switch|p1a: Swanna\n|-immune|p1a: Swanna\n|move|p1a: Swanna|Roost|p1a: Swanna\n|-heal|p1a: Swanna|251/278 par\n|\n|upkeep\n|turn|21\n|\n|t:|1782848893\n|switch|p2a: Kingdra|Kingdra, L84, F|263/263\n|move|p1a: Swanna|Hydro Pump|p2a: Kingdra\n|-resisted|p2a: Kingdra\n|-damage|p2a: Kingdra|234/263\n|\n|upkeep\n|turn|22\n|\n|t:|1782848903\n|switch|p1a: Slaking|Slaking, L84, M|389/389 par\n|-damage|p1a: Slaking|341/389 par|[from] Stealth Rock\n|move|p2a: Kingdra|Dragon Dance|p2a: Kingdra\n|-boost|p2a: Kingdra|atk|1\n|-boost|p2a: Kingdra|spe|1\n|\n|upkeep\n|turn|23\n|\n|t:|1782848913\n|move|p2a: Kingdra|Waterfall|p1a: Slaking\n|-damage|p1a: Slaking|232/389 par\n|cant|p1a: Slaking|flinch\n|\n|upkeep\n|turn|24\n|\n|t:|1782848920\n|move|p2a: Kingdra|Waterfall|p1a: Slaking\n|-damage|p1a: Slaking|114/389 par\n|cant|p1a: Slaking|ability: Truant\n|\n|upkeep\n|turn|25\n|\n|t:|1782848926\n|move|p2a: Kingdra|Waterfall|p1a: Slaking\n|-damage|p1a: Slaking|0 fnt\n|faint|p1a: Slaking\n|\n|upkeep\n|\n|t:|1782848932\n|switch|p1a: Avalugg|Avalugg, L88, M|35/310\n|turn|26\n|\n|t:|1782848937\n|move|p2a: Kingdra|Waterfall|p1a: Avalugg\n|-damage|p1a: Avalugg|0 fnt\n|faint|p1a: Avalugg\n|\n|upkeep\n|\n|t:|1782848946\n|switch|p1a: Latios|Latios, L78, M|253/253\n|-damage|p1a: Latios|222/253|[from] Stealth Rock\n|turn|27\n|\n|t:|1782848953\n|move|p2a: Kingdra|Outrage|p1a: Latios\n|-supereffective|p1a: Latios\n|-damage|p1a: Latios|0 fnt\n|faint|p1a: Latios\n|\n|upkeep\n|\n|t:|1782848959\n|switch|p1a: Swanna|Swanna, L89, M, tera:Ground|251/278 par\n|turn|28\n|\n|t:|1782848963\n|move|p2a: Kingdra|Outrage|p1a: Swanna|[from] lockedmove\n|-damage|p1a: Swanna|19/278 par\n|-start|p2a: Kingdra|confusion|[fatigue]\n|-enditem|p2a: Kingdra|Lum Berry|[eat]\n|-end|p2a: Kingdra|confusion\n|move|p1a: Swanna|Brave Bird|p2a: Kingdra\n|-damage|p2a: Kingdra|110/263\n|-damage|p1a: Swanna|0 fnt|[from] Recoil\n|faint|p1a: Swanna\n|\n|upkeep\n|\n|t:|1782848974\n|switch|p1a: Tyranitar|Tyranitar, L78, M|284/284\n|-damage|p1a: Tyranitar|249/284|[from] Stealth Rock\n|-weather|Sandstorm|[from] ability: Sand Stream|[of] p1a: Tyranitar\n|turn|29\n|c|\u2606JohtoTrash|gg\n|\n|t:|1782848986\n|move|p2a: Kingdra|Wave Crash|p1a: Tyranitar\n|-supereffective|p1a: Tyranitar\n|-damage|p1a: Tyranitar|0 fnt\n|faint|p1a: Tyranitar\n|-damage|p2a: Kingdra|28/263|[from] Recoil\n|\n|win|JohtoTrash\n|raw|RickyTheRiot's rating: 1076 &rarr; <strong>1052</strong><br />(-24 for losing)\n|raw|JohtoTrash's rating: 1027 &rarr; <strong>1068</strong><br />(+41 for winning)\n", "inputlog": ">version f8ac14003a5f27e1bdc8d8c59608a773c1cb96e5\n>start {\"formatid\":\"gen9randombattle\",\"seed\":\"sodium,bd9143078750b4fdc9cf0704ba0fd7af\",\"rated\":\"Rated battle\"}\n>player p1 {\"name\":\"RickyTheRiot\",\"avatar\":\"169\",\"rating\":1076,\"seed\":\"sodium,32cb5f97eccf8936f8feb99d5434c773\"}\n>player p2 {\"name\":\"JohtoTrash\",\"avatar\":\"petrel\",\"rating\":1027,\"seed\":\"sodium,06eaed6be9f8d2ca81a14e5af602becb\"}\n>p1 switch 5\n>p2 move shadowball\n>p1 move bravebird\n>p2 switch 2\n>p1 switch 3\n>p2 move stealthrock\n>p1 move earthquake\n>p2 move thunderwave terastallize\n>p1 switch 3\n>p2 move bodypress\n>p1 move bravebird\n>p2 switch 5\n>p1 move roost\n>p2 move roost\n>p1 switch 4\n>p2 move dracometeor\n>p1 move avalanche\n>p2 move flamethrower\n>p2 switch 5\n>p1 switch 6\n>p2 move thunderwave\n>p1 move calmmind\n>p2 move ironhead\n>p1 move psyshock\n>p2 move ironhead\n>p1 move psyshock\n>p2 move ironhead\n>p1 switch 4\n>p1 move roost\n>p2 move thunderwave\n>p1 move bravebird\n>p2 move ironhead\n>p1 move roost\n>p2 move ironhead\n>p1 move bravebird\n>p2 move ironhead\n>p1 move bravebird\n>p2 move ironhead\n>p1 move bravebird\n>p2 move ironhead\n>p2 switch 6\n>p1 move roost terastallize\n>p2 move voltswitch\n>p1 move hydropump\n>p2 switch 3\n>p1 switch 3\n>p2 move dragondance\n>p1 move knockoff\n>p2 move waterfall\n>p1 move knockoff\n>p2 move waterfall\n>p1 move knockoff\n>p2 move waterfall\n>p1 switch 6\n>p1 move rapidspin\n>p2 move waterfall\n>p1 switch 5\n>p1 move dracometeor\n>p2 move outrage\n>p1 switch 3\n>p1 move bravebird\n>p2 move outrage\n>p1 switch 2\n>chat \u2606JohtoTrash|gg\n>p1 move thunderwave\n>p2 move wavecrash", "uploadtime": 1782848993, "views": 6, "formatid": "gen9randombattle", "rating": 1052, "private": 0, "password": null, "player_dets": [{"name": "RickyTheRiot", "avatar": "169", "rating": 1076, "seed": "sodium,32cb5f97eccf8936f8feb99d5434c773"}, {"name": "JohtoTrash", "avatar": "petrel", "rating": 1027, "seed": "sodium,06eaed6be9f8d2ca81a14e5af602becb"}], "teams_full": [{"Latios": {"name": "Latios", "species": "Latios", "speciesId": "latios", "gender": "M", "shiny": false, "level": 78, "moves": ["recover", "lusterpurge", "aurasphere", "dracometeor"], "ability": "Levitate", "evs": {"hp": 85, "atk": 0, "def": 85, "spa": 85, "spd": 85, "spe": 85}, "ivs": {"hp": 31, "atk": 0, "def": 31, "spa": 31, "spd": 31, "spe": 31}, "item": "Soul Dew", "teraType": "Dragon", "role": "Bulky Attacker", "bvs": {"hp": 80, "atk": 90, "def": 80, "spa": 130, "spd": 110, "spe": 110}, "stats": {"hp": 253, "atk": 145, "def": 170, "spa": 248, "spd": 217, "spe": 217}, "types": ["Dragon", "Psychic"]}, "Tyranitar": {"name": "Tyranitar", "species": "Tyranitar", "speciesId": "tyranitar", "gender": "M", "shiny": false, "level": 78, "moves": ["icebeam", "thunderwave", "stoneedge", "knockoff"], "ability": "Sand Stream", "evs": {"hp": 85, "atk": 85, "def": 85, "spa": 85, "spd": 85, "spe": 85}, "ivs": {"hp": 31, "atk": 31, "def": 31, "spa": 31, "spd": 31, "spe": 31}, "item": "Leftovers", "teraType": "Rock", "role": "Bulky Support", "bvs": {"hp": 100, "atk": 134, "def": 110, "spa": 95, "spd": 100, "spe": 61}, "stats": {"hp": 284, "atk": 254, "def": 217, "spa": 193, "spd": 201, "spe": 140}, "types": ["Rock", "Dark"]}, "Slaking": {"name": "Slaking", "species": "Slaking", "speciesId": "slaking", "gender": "M", "shiny": false, "level": 84, "moves": ["earthquake", "knockoff", "gigaimpact", "doubleedge"], "ability": "Truant", "evs": {"hp": 85, "atk": 85, "def": 85, "spa": 85, "spd": 85, "spe": 85}, "ivs": {"hp": 31, "atk": 31, "def": 31, "spa": 31, "spd": 31, "spe": 31}, "item": "Choice Band", "teraType": "Normal", "role": "Fast Attacker", "bvs": {"hp": 150, "atk": 160, "def": 100, "spa": 95, "spd": 65, "spe": 100}, "stats": {"hp": 389, "atk": 317, "def": 216, "spa": 208, "spd": 157, "spe": 216}, "types": ["Normal"]}, "Avalugg": {"name": "Avalugg", "species": "Avalugg", "speciesId": "avalugg", "gender": "M", "shiny": false, "level": 88, "moves": ["rapidspin", "recover", "avalanche", "bodypress"], "ability": "Sturdy", "evs": {"hp": 85, "atk": 85, "def": 85, "spa": 85, "spd": 85, "spe": 85}, "ivs": {"hp": 31, "atk": 31, "def": 31, "spa": 31, "spd": 31, "spe": 31}, "item": "Heavy-Duty Boots", "teraType": "Fighting", "role": "Bulky Support", "bvs": {"hp": 95, "atk": 117, "def": 184, "spa": 44, "spd": 46, "spe": 28}, "stats": {"hp": 310, "atk": 256, "def": 374, "spa": 128, "spd": 131, "spe": 100}, "types": ["Ice"]}, "Swanna": {"name": "Swanna", "species": "Swanna", "speciesId": "swanna", "gender": "M", "shiny": false, "level": 89, "moves": ["hydropump", "flipturn", "bravebird", "roost"], "ability": "Hydration", "evs": {"hp": 85, "atk": 85, "def": 85, "spa": 85, "spd": 85, "spe": 85}, "ivs": {"hp": 31, "atk": 31, "def": 31, "spa": 31, "spd": 31, "spe": 31}, "item": "Heavy-Duty Boots", "teraType": "Ground", "role": "Bulky Support", "bvs": {"hp": 75, "atk": 87, "def": 63, "spa": 87, "spd": 63, "spe": 98}, "stats": {"hp": 278, "atk": 206, "def": 163, "spa": 206, "spd": 163, "spe": 225}, "types": ["Water", "Flying"]}, "Indeedee": {"name": "Indeedee", "species": "Indeedee-F", "speciesId": "indeedeef", "gender": "F", "shiny": false, "level": 90, "moves": ["shadowball", "hypervoice", "psyshock", "calmmind"], "ability": "Psychic Surge", "evs": {"hp": 85, "atk": 0, "def": 85, "spa": 85, "spd": 85, "spe": 85}, "ivs": {"hp": 31, "atk": 0, "def": 31, "spa": 31, "spd": 31, "spe": 31}, "item": "Life Orb", "teraType": "Psychic", "role": "Fast Attacker", "bvs": {"hp": 70, "atk": 55, "def": 65, "spa": 95, "spd": 105, "spe": 85}, "stats": {"hp": 272, "atk": 104, "def": 168, "spa": 222, "spd": 240, "spe": 204}, "types": ["Psychic", "Normal"]}}, {"Espeon": {"name": "Espeon", "species": "Espeon", "speciesId": "espeon", "gender": "F", "shiny": false, "level": 84, "moves": ["shadowball", "morningsun", "alluringvoice", "psyshock"], "ability": "Magic Bounce", "evs": {"hp": 85, "atk": 0, "def": 85, "spa": 85, "spd": 85, "spe": 85}, "ivs": {"hp": 31, "atk": 0, "def": 31, "spa": 31, "spd": 31, "spe": 31}, "item": "Life Orb", "teraType": "Fairy", "role": "Fast Attacker", "bvs": {"hp": 65, "atk": 65, "def": 60, "spa": 130, "spd": 95, "spe": 110}, "stats": {"hp": 246, "atk": 114, "def": 149, "spa": 267, "spd": 208, "spe": 233}, "types": ["Psychic"]}, "Registeel": {"name": "Registeel", "species": "Registeel", "speciesId": "registeel", "gender": "N", "shiny": false, "level": 81, "moves": ["thunderwave", "stealthrock", "ironhead", "bodypress"], "ability": "Clear Body", "evs": {"hp": 85, "atk": 85, "def": 85, "spa": 85, "spd": 85, "spe": 85}, "ivs": {"hp": 31, "atk": 31, "def": 31, "spa": 31, "spd": 31, "spe": 31}, "item": "Leftovers", "teraType": "Fighting", "role": "Bulky Support", "bvs": {"hp": 80, "atk": 75, "def": 150, "spa": 75, "spd": 150, "spe": 50}, "stats": {"hp": 262, "atk": 168, "def": 290, "spa": 168, "spd": 290, "spe": 128}, "types": ["Steel"]}, "Kingdra": {"name": "Kingdra", "species": "Kingdra", "speciesId": "kingdra", "gender": "F", "shiny": false, "level": 84, "moves": ["waterfall", "dragondance", "wavecrash", "outrage"], "ability": "Sniper", "evs": {"hp": 85, "atk": 85, "def": 85, "spa": 85, "spd": 85, "spe": 85}, "ivs": {"hp": 31, "atk": 31, "def": 31, "spa": 31, "spd": 31, "spe": 31}, "item": "Lum Berry", "teraType": "Water", "role": "Setup Sweeper", "bvs": {"hp": 75, "atk": 95, "def": 95, "spa": 95, "spd": 95, "spe": 85}, "stats": {"hp": 263, "atk": 208, "def": 208, "spa": 208, "spd": 208, "spe": 191}, "types": ["Water", "Dragon"]}, "Iron Moth": {"name": "Iron Moth", "species": "Iron Moth", "speciesId": "ironmoth", "gender": "N", "shiny": false, "level": 78, "moves": ["morningsun", "fierydance", "energyball", "sludgewave"], "ability": "Quark Drive", "evs": {"hp": 85, "atk": 0, "def": 85, "spa": 85, "spd": 85, "spe": 85}, "ivs": {"hp": 31, "atk": 0, "def": 31, "spa": 31, "spd": 31, "spe": 31}, "item": "Heavy-Duty Boots", "teraType": "Grass", "role": "Fast Attacker", "bvs": {"hp": 80, "atk": 70, "def": 60, "spa": 140, "spd": 110, "spe": 110}, "stats": {"hp": 253, "atk": 114, "def": 139, "spa": 263, "spd": 217, "spe": 217}, "types": ["Fire", "Poison"]}, "Noivern": {"name": "Noivern", "species": "Noivern", "speciesId": "noivern", "gender": "F", "shiny": false, "level": 82, "moves": ["roost", "hurricane", "dracometeor", "flamethrower"], "ability": "Infiltrator", "evs": {"hp": 85, "atk": 0, "def": 85, "spa": 85, "spd": 85, "spe": 85}, "ivs": {"hp": 31, "atk": 0, "def": 31, "spa": 31, "spd": 31, "spe": 31}, "item": "Heavy-Duty Boots", "teraType": "Fire", "role": "Fast Support", "bvs": {"hp": 85, "atk": 70, "def": 80, "spa": 97, "spd": 80, "spe": 123}, "stats": {"hp": 274, "atk": 119, "def": 178, "spa": 206, "spd": 178, "spe": 249}, "types": ["Flying", "Dragon"]}, "Regieleki": {"name": "Regieleki", "species": "Regieleki", "speciesId": "regieleki", "gender": "N", "shiny": false, "level": 79, "moves": ["explosion", "voltswitch", "rapidspin", "thunderbolt"], "ability": "Transistor", "evs": {"hp": 85, "atk": 85, "def": 85, "spa": 85, "spd": 85, "spe": 85}, "ivs": {"hp": 31, "atk": 31, "def": 31, "spa": 31, "spd": 31, "spe": 31}, "item": "Magnet", "teraType": "Electric", "role": "Fast Support", "bvs": {"hp": 80, "atk": 100, "def": 50, "spa": 100, "spd": 50, "spe": 200}, "stats": {"hp": 256, "atk": 204, "def": 125, "spa": 204, "spd": 125, "spe": 362}, "types": ["Electric"]}}]}