{"id": "gen9randombattle-2641439475", "format": "[Gen 9] Random Battle", "players": ["mr012", "firerom"], "log": "|j|\u2606mr012\n|j|\u203dfirerom\n|t:|1782784982\n|gametype|singles\n|player|p1|mr012|169|1988\n|player|p2|firerom|169|1938\n|gen|9\n|tier|[Gen 9] Random Battle\n|rated|\n|rule|Species Clause: Limit one of each Pok\u00e9mon\n|rule|HP Percentage Mod: HP is shown in percentages\n|rule|Sleep Clause Mod: Limit one foe put to sleep\n|rule|Illusion Level Mod: Illusion disguises the Pok\u00e9mon's true level\n|\n|t:|1782784982\n|teamsize|p1|6\n|teamsize|p2|6\n|start\n|switch|p1a: Magcargo|Magcargo, L95, F|268/268\n|switch|p2a: Miraidon|Miraidon, L65|238/238\n|-fieldstart|move: Electric Terrain|[from] ability: Hadron Engine|[of] p2a: Miraidon\n|turn|1\n|l|\u2606mr012\n|player|p1|\n|j|\u2606mr012\n|player|p1|mr012|169|\n|inactive|Battle timer is ON: inactive players will automatically lose when time's up. (requested by mr012)\n|\n|t:|1782785006\n|move|p2a: Miraidon|Volt Switch|p1a: Magcargo\n|-damage|p1a: Magcargo|121/268\n|\n|t:|1782785010\n|switch|p2a: Conkeldurr|Conkeldurr, L80, F|299/299|[from] Volt Switch\n|move|p1a: Magcargo|Stealth Rock|p2a: Conkeldurr\n|-sidestart|p2: firerom|move: Stealth Rock\n|\n|-status|p2a: Conkeldurr|brn|[from] item: Flame Orb\n|upkeep\n|turn|2\n|l|\u2606mr012\n|inactive|mr012 disconnected and has a minute to reconnect!\n|player|p1|\n|inactive|mr012 has 30 seconds to reconnect!\n|j|\u2606mr012\n|inactive|mr012 reconnected and has 120 seconds left.\n|player|p1|mr012|169|\n|\n|t:|1782785045\n|move|p2a: Conkeldurr|Close Combat|p1a: Magcargo\n|-supereffective|p1a: Magcargo\n|-damage|p1a: Magcargo|0 fnt\n|-unboost|p2a: Conkeldurr|def|1\n|-unboost|p2a: Conkeldurr|spd|1\n|faint|p1a: Magcargo\n|\n|-damage|p2a: Conkeldurr|281/299 brn|[from] brn\n|upkeep\n|\n|t:|1782785048\n|switch|p1a: Corviknight|Corviknight, L80, M|288/288\n|turn|3\n|l|\u2606mr012\n|inactive|mr012 disconnected and has a minute to reconnect!\n|player|p1|\n|\n|t:|1782785063\n|switch|p2a: Miraidon|Miraidon, L65|238/238\n|-damage|p2a: Miraidon|209/238|[from] Stealth Rock\n|-activate|p2a: Miraidon|ability: Hadron Engine\n|move|p1a: Corviknight|Brave Bird|p2a: Miraidon\n|-resisted|p2a: Miraidon\n|-damage|p2a: Miraidon|143/238\n|-damage|p1a: Corviknight|266/288|[from] Recoil\n|\n|-heal|p1a: Corviknight|284/288|[from] item: Leftovers\n|upkeep\n|turn|4\n|j|\u2606mr012\n|inactive|mr012 reconnected and has 130 seconds left.\n|player|p1|mr012|169|\n|\n|t:|1782785084\n|switch|p1a: Mudsdale|Mudsdale, L83, M|302/302\n|move|p2a: Miraidon|Volt Switch|p1a: Mudsdale\n|-immune|p1a: Mudsdale\n|\n|upkeep\n|turn|5\n|\n|t:|1782785090\n|switch|p2a: Swanna|Swanna, L89, M|278/278\n|move|p1a: Mudsdale|Earthquake|p2a: Swanna\n|-immune|p2a: Swanna\n|\n|-fieldend|move: Electric Terrain\n|upkeep\n|turn|6\n|\n|t:|1782785094\n|switch|p1a: Whiscash|Whiscash, L88, M|337/337\n|move|p2a: Swanna|Defog|p1a: Whiscash\n|-unboost|p1a: Whiscash|evasion|1\n|-sideend|p2: firerom|Stealth Rock|[from] move: Defog|[of] p2a: Swanna\n|\n|upkeep\n|turn|7\n|\n|t:|1782785099\n|switch|p2a: Tsareena|Tsareena, L87, F|267/267\n|move|p1a: Whiscash|Dragon Dance|p1a: Whiscash\n|-boost|p1a: Whiscash|atk|1\n|-boost|p1a: Whiscash|spe|1\n|\n|upkeep\n|turn|8\n|\n|t:|1782785103\n|switch|p1a: Corviknight|Corviknight, L80, M|284/288\n|move|p2a: Tsareena|Power Whip|p1a: Corviknight\n|-resisted|p1a: Corviknight\n|-damage|p1a: Corviknight|247/288\n|\n|-heal|p1a: Corviknight|265/288|[from] item: Leftovers\n|upkeep\n|turn|9\n|\n|t:|1782785108\n|move|p2a: Tsareena|Knock Off|p1a: Corviknight\n|-damage|p1a: Corviknight|179/288\n|-enditem|p1a: Corviknight|Leftovers|[from] move: Knock Off|[of] p2a: Tsareena\n|move|p1a: Corviknight|U-turn|p2a: Tsareena\n|-supereffective|p2a: Tsareena\n|-damage|p2a: Tsareena|195/267\n|\n|t:|1782785118\n|switch|p1a: Whiscash|Whiscash, L88, M|337/337|[from] U-turn\n|\n|upkeep\n|turn|10\n|\n|t:|1782785131\n|switch|p1a: Corviknight|Corviknight, L80, M|179/288\n|move|p2a: Tsareena|Power Whip|p1a: Corviknight\n|-resisted|p1a: Corviknight\n|-damage|p1a: Corviknight|142/288\n|\n|upkeep\n|turn|11\n|\n|t:|1782785136\n|move|p2a: Tsareena|U-turn|p1a: Corviknight\n|-resisted|p1a: Corviknight\n|-damage|p1a: Corviknight|128/288\n|\n|t:|1782785140\n|switch|p2a: Conkeldurr|Conkeldurr, L80, F|281/299 brn|[from] U-turn\n|move|p1a: Corviknight|Brave Bird|p2a: Conkeldurr\n|-supereffective|p2a: Conkeldurr\n|-damage|p2a: Conkeldurr|51/299 brn\n|-damage|p1a: Corviknight|52/288|[from] Recoil\n|\n|-damage|p2a: Conkeldurr|33/299 brn|[from] brn\n|upkeep\n|turn|12\n|\n|t:|1782785144\n|switch|p1a: Whiscash|Whiscash, L88, M|337/337\n|move|p2a: Conkeldurr|Close Combat|p1a: Whiscash\n|-damage|p1a: Whiscash|93/337\n|-unboost|p2a: Conkeldurr|def|1\n|-unboost|p2a: Conkeldurr|spd|1\n|\n|-damage|p2a: Conkeldurr|15/299 brn|[from] brn\n|upkeep\n|turn|13\n|\n|t:|1782785148\n|move|p2a: Conkeldurr|Mach Punch|p1a: Whiscash\n|-damage|p1a: Whiscash|6/337\n|move|p1a: Whiscash|Liquidation|p2a: Conkeldurr\n|-damage|p2a: Conkeldurr|0 fnt\n|faint|p2a: Conkeldurr\n|-damage|p1a: Whiscash|0 fnt|[from] item: Life Orb\n|faint|p1a: Whiscash\n|\n|upkeep\n|\n|t:|1782785155\n|switch|p1a: Gurdurr|Gurdurr, L85, F|283/283\n|switch|p2a: Swanna|Swanna, L89, M|278/278\n|turn|14\n|\n|t:|1782785160\n|switch|p1a: Corviknight|Corviknight, L80, M|52/288\n|move|p2a: Swanna|Brave Bird|p1a: Corviknight\n|-resisted|p1a: Corviknight\n|-damage|p1a: Corviknight|0 fnt\n|faint|p1a: Corviknight\n|-damage|p2a: Swanna|261/278|[from] Recoil\n|\n|upkeep\n|\n|t:|1782785161\n|switch|p1a: Rampardos|Rampardos, L90, F|321/321\n|turn|15\n|\n|t:|1782785169\n|move|p2a: Swanna|Hydro Pump|p1a: Rampardos|[miss]\n|-miss|p2a: Swanna|p1a: Rampardos\n|move|p1a: Rampardos|Rock Slide|p2a: Swanna\n|-supereffective|p2a: Swanna\n|-crit|p2a: Swanna\n|-damage|p2a: Swanna|0 fnt\n|faint|p2a: Swanna\n|\n|upkeep\n|\n|t:|1782785174\n|switch|p2a: Tsareena|Tsareena, L87, F|195/267\n|turn|16\n|\n|t:|1782785182\n|-terastallize|p1a: Rampardos|Psychic\n|move|p2a: Tsareena|Power Whip|p1a: Rampardos\n|-damage|p1a: Rampardos|113/321\n|move|p1a: Rampardos|Fire Punch|p2a: Tsareena\n|-supereffective|p2a: Tsareena\n|-damage|p2a: Tsareena|0 fnt\n|faint|p2a: Tsareena\n|\n|upkeep\n|\n|t:|1782785186\n|switch|p2a: Hydreigon|Hydreigon, L79, F|275/275\n|turn|17\n|\n|t:|1782785201\n|move|p2a: Hydreigon|U-turn|p1a: Rampardos\n|-supereffective|p1a: Rampardos\n|-damage|p1a: Rampardos|0 fnt\n|faint|p1a: Rampardos\n|\n|t:|1782785206\n|switch|p2a: Miraidon|Miraidon, L65|143/238|[from] U-turn\n|-fieldstart|move: Electric Terrain|[from] ability: Hadron Engine|[of] p2a: Miraidon\n|\n|upkeep\n|\n|t:|1782785210\n|switch|p1a: Mudsdale|Mudsdale, L83, M|302/302\n|turn|18\n|\n|t:|1782785217\n|move|p2a: Miraidon|Draco Meteor|p1a: Mudsdale\n|-damage|p1a: Mudsdale|53/302\n|-unboost|p2a: Miraidon|spa|2\n|-ability|p1a: Mudsdale|Stamina|boost\n|-boost|p1a: Mudsdale|def|1\n|move|p1a: Mudsdale|Stone Edge|p2a: Miraidon|[miss]\n|-miss|p1a: Mudsdale|p2a: Miraidon\n|\n|-heal|p1a: Mudsdale|71/302|[from] item: Leftovers\n|upkeep\n|turn|19\n|\n|t:|1782785221\n|move|p2a: Miraidon|Draco Meteor|p1a: Mudsdale\n|-damage|p1a: Mudsdale|0 fnt\n|-unboost|p2a: Miraidon|spa|2\n|faint|p1a: Mudsdale\n|\n|upkeep\n|\n|t:|1782785223\n|switch|p1a: Gurdurr|Gurdurr, L85, F|283/283\n|turn|20\n|\n|t:|1782785230\n|move|p2a: Miraidon|Draco Meteor|p1a: Gurdurr\n|-damage|p1a: Gurdurr|210/283\n|-unboost|p2a: Miraidon|spa|2\n|move|p1a: Gurdurr|Drain Punch|p2a: Miraidon\n|-damage|p2a: Miraidon|40/238\n|-heal|p1a: Gurdurr|262/283|[from] drain|[of] p2a: Miraidon\n|\n|upkeep\n|turn|21\n|\n|t:|1782785234\n|move|p1a: Gurdurr|Mach Punch|p2a: Miraidon\n|-damage|p2a: Miraidon|0 fnt\n|faint|p2a: Miraidon\n|\n|-fieldend|move: Electric Terrain\n|upkeep\n|\n|t:|1782785237\n|switch|p2a: Hydreigon|Hydreigon, L79, F|275/275\n|turn|22\n|\n|t:|1782785246\n|move|p2a: Hydreigon|Draco Meteor|p1a: Gurdurr\n|-damage|p1a: Gurdurr|34/283\n|-unboost|p2a: Hydreigon|spa|2\n|move|p1a: Gurdurr|Drain Punch|p2a: Hydreigon\n|-supereffective|p2a: Hydreigon\n|-damage|p2a: Hydreigon|87/275\n|-heal|p1a: Gurdurr|128/283|[from] drain|[of] p2a: Hydreigon\n|\n|upkeep\n|turn|23\n|\n|t:|1782785251\n|move|p1a: Gurdurr|Mach Punch|p2a: Hydreigon\n|-supereffective|p2a: Hydreigon\n|-damage|p2a: Hydreigon|0 fnt\n|faint|p2a: Hydreigon\n|\n|upkeep\n|\n|t:|1782785254\n|switch|p2a: Iron Thorns|Iron Thorns, L83|302/302\n|-enditem|p2a: Iron Thorns|Booster Energy\n|-activate|p2a: Iron Thorns|ability: Quark Drive|[fromitem]\n|-start|p2a: Iron Thorns|quarkdriveatk\n|turn|24\n|\n|t:|1782785259\n|-terastallize|p2a: Iron Thorns|Flying\n|move|p2a: Iron Thorns|Dragon Dance|p2a: Iron Thorns\n|-boost|p2a: Iron Thorns|atk|1\n|-boost|p2a: Iron Thorns|spe|1\n|move|p1a: Gurdurr|Drain Punch|p2a: Iron Thorns\n|-resisted|p2a: Iron Thorns\n|-damage|p2a: Iron Thorns|266/302\n|-heal|p1a: Gurdurr|146/283|[from] drain|[of] p2a: Iron Thorns\n|\n|upkeep\n|turn|25\n|\n|t:|1782785267\n|move|p2a: Iron Thorns|Wild Charge|p1a: Gurdurr\n|-damage|p1a: Gurdurr|0 fnt\n|faint|p1a: Gurdurr\n|-damage|p2a: Iron Thorns|229/302|[from] Recoil\n|\n|win|firerom\n", "inputlog": ">version f8ac14003a5f27e1bdc8d8c59608a773c1cb96e5\n>start {\"formatid\":\"gen9randombattle\",\"seed\":\"sodium,6f9af3366738bddb1cf4492319771193\",\"rated\":\"Rated battle\"}\n>player p1 {\"name\":\"mr012\",\"avatar\":\"169\",\"rating\":1988,\"seed\":\"sodium,51a59b1b9d1c240f673c729353a60de0\"}\n>player p2 {\"name\":\"firerom\",\"avatar\":\"169\",\"rating\":1938,\"seed\":\"sodium,666538a2f01ccf260a443ab228469da3\"}\n>p1 move stealthrock\n>p2 move voltswitch\n>p2 switch 3\n>p1 move lavaplume\n>p2 move closecombat\n>p1 switch 5\n>p1 move bravebird\n>p2 switch 3\n>p1 switch 6\n>p2 move voltswitch\n>p1 move earthquake\n>p2 switch 4\n>p1 switch 4\n>p2 move defog\n>p1 move dragondance\n>p2 switch 6\n>p1 switch 6\n>p2 move powerwhip\n>p1 move uturn\n>p2 move knockoff\n>p1 switch 6\n>p1 switch 6\n>p2 move powerwhip\n>p1 move bravebird\n>p2 move uturn\n>p2 switch 3\n>p1 switch 6\n>p2 move closecombat\n>p1 move liquidation\n>p2 move machpunch\n>p1 switch 2\n>p2 switch 6\n>p1 switch 6\n>p2 move bravebird\n>p1 switch 3\n>p1 move rockslide\n>p2 move hydropump\n>p2 switch 3\n>p1 move firepunch terastallize\n>p2 move powerwhip\n>p2 switch 2\n>p1 move rockslide\n>p2 move uturn\n>p2 switch 4\n>p1 switch 4\n>p1 move stoneedge\n>p2 move dracometeor\n>p1 move earthquake\n>p2 move dracometeor\n>p1 switch 6\n>p1 move drainpunch\n>p2 move dracometeor\n>p1 move machpunch\n>p2 move dracometeor\n>p2 switch 4\n>p1 move drainpunch\n>p2 move dracometeor\n>p1 move machpunch\n>p2 move dracometeor\n>p2 switch 5\n>p1 move drainpunch\n>p2 move dragondance terastallize\n>p1 move drainpunch\n>p2 move wildcharge", "uploadtime": 1782784985, "views": 5, "formatid": "gen9randombattle", "rating": null, "private": 0, "password": null, "player_dets": [{"name": "mr012", "avatar": "169", "rating": 1988, "seed": "sodium,51a59b1b9d1c240f673c729353a60de0"}, {"name": "firerom", "avatar": "169", "rating": 1938, "seed": "sodium,666538a2f01ccf260a443ab228469da3"}], "teams_full": [{"Magcargo": {"name": "Magcargo", "species": "Magcargo", "speciesId": "magcargo", "gender": "F", "shiny": false, "level": 95, "moves": ["recover", "stealthrock", "lavaplume", "yawn"], "ability": "Flame Body", "evs": {"hp": 85, "atk": 0, "def": 85, "spa": 85, "spd": 85, "spe": 85}, "ivs": {"hp": 31, "atk": 0, "def": 31, "spa": 31, "spd": 31, "spe": 31}, "item": "Heavy-Duty Boots", "teraType": "Grass", "role": "Bulky Support", "bvs": {"hp": 60, "atk": 50, "def": 120, "spa": 90, "spd": 80, "spe": 30}, "stats": {"hp": 268, "atk": 100, "def": 282, "spa": 225, "spd": 206, "spe": 111}, "types": ["Fire", "Rock"]}, "Gurdurr": {"name": "Gurdurr", "species": "Gurdurr", "speciesId": "gurdurr", "gender": "F", "shiny": false, "level": 85, "moves": ["machpunch", "drainpunch", "knockoff", "defog"], "ability": "Guts", "evs": {"hp": 85, "atk": 85, "def": 85, "spa": 85, "spd": 85, "spe": 85}, "ivs": {"hp": 31, "atk": 31, "def": 31, "spa": 31, "spd": 31, "spe": 31}, "item": "Eviolite", "teraType": "Steel", "role": "Bulky Attacker", "bvs": {"hp": 85, "atk": 105, "def": 85, "spa": 40, "spd": 50, "spe": 40}, "stats": {"hp": 283, "atk": 227, "def": 193, "spa": 117, "spd": 134, "spe": 117}, "types": ["Fighting"]}, "Rampardos": {"name": "Rampardos", "species": "Rampardos", "speciesId": "rampardos", "gender": "F", "shiny": false, "level": 90, "moves": ["firepunch", "rockslide", "earthquake", "zenheadbutt"], "ability": "Sheer Force", "evs": {"hp": 85, "atk": 85, "def": 85, "spa": 85, "spd": 85, "spe": 85}, "ivs": {"hp": 31, "atk": 31, "def": 31, "spa": 31, "spd": 31, "spe": 31}, "item": "Life Orb", "teraType": "Psychic", "role": "Wallbreaker", "bvs": {"hp": 97, "atk": 165, "def": 60, "spa": 65, "spd": 50, "spe": 58}, "stats": {"hp": 321, "atk": 348, "def": 159, "spa": 168, "spd": 141, "spe": 156}, "types": ["Rock"]}, "Whiscash": {"name": "Whiscash", "species": "Whiscash", "speciesId": "whiscash", "gender": "M", "shiny": false, "level": 88, "moves": ["liquidation", "dragondance", "stoneedge", "earthquake"], "ability": "Oblivious", "evs": {"hp": 85, "atk": 85, "def": 85, "spa": 85, "spd": 85, "spe": 85}, "ivs": {"hp": 31, "atk": 31, "def": 31, "spa": 31, "spd": 31, "spe": 31}, "item": "Life Orb", "teraType": "Steel", "role": "Setup Sweeper", "bvs": {"hp": 110, "atk": 78, "def": 73, "spa": 76, "spd": 71, "spe": 60}, "stats": {"hp": 337, "atk": 188, "def": 179, "spa": 184, "spd": 175, "spe": 156}, "types": ["Water", "Ground"]}, "Corviknight": {"name": "Corviknight", "species": "Corviknight", "speciesId": "corviknight", "gender": "M", "shiny": false, "level": 80, "moves": ["roost", "bravebird", "uturn", "bodypress"], "ability": "Mirror Armor", "evs": {"hp": 85, "atk": 85, "def": 85, "spa": 85, "spd": 85, "spe": 85}, "ivs": {"hp": 31, "atk": 31, "def": 31, "spa": 31, "spd": 31, "spe": 31}, "item": "Leftovers", "teraType": "Dragon", "role": "Bulky Support", "bvs": {"hp": 98, "atk": 87, "def": 105, "spa": 53, "spd": 85, "spe": 67}, "stats": {"hp": 288, "atk": 185, "def": 214, "spa": 131, "spd": 182, "spe": 153}, "types": ["Flying", "Steel"]}, "Mudsdale": {"name": "Mudsdale", "species": "Mudsdale", "speciesId": "mudsdale", "gender": "M", "shiny": false, "level": 83, "moves": ["stoneedge", "earthquake", "roar", "heavyslam"], "ability": "Stamina", "evs": {"hp": 85, "atk": 85, "def": 85, "spa": 85, "spd": 85, "spe": 85}, "ivs": {"hp": 31, "atk": 31, "def": 31, "spa": 31, "spd": 31, "spe": 31}, "item": "Leftovers", "teraType": "Steel", "role": "Bulky Attacker", "bvs": {"hp": 100, "atk": 125, "def": 100, "spa": 55, "spd": 85, "spe": 35}, "stats": {"hp": 302, "atk": 255, "def": 214, "spa": 139, "spd": 189, "spe": 106}, "types": ["Ground"]}}, {"Miraidon": {"name": "Miraidon", "species": "Miraidon", "speciesId": "miraidon", "gender": "N", "shiny": false, "level": 65, "moves": ["electrodrift", "dracometeor", "overheat", "voltswitch"], "ability": "Hadron Engine", "evs": {"hp": 85, "atk": 0, "def": 85, "spa": 85, "spd": 85, "spe": 85}, "ivs": {"hp": 31, "atk": 0, "def": 31, "spa": 31, "spd": 31, "spe": 31}, "item": "Choice Specs", "teraType": "Electric", "role": "Fast Attacker", "bvs": {"hp": 100, "atk": 85, "def": 100, "spa": 135, "spd": 115, "spe": 135}, "stats": {"hp": 238, "atk": 115, "def": 168, "spa": 214, "spd": 188, "spe": 214}, "types": ["Electric", "Dragon"]}, "Hydreigon": {"name": "Hydreigon", "species": "Hydreigon", "speciesId": "hydreigon", "gender": "F", "shiny": false, "level": 79, "moves": ["fireblast", "darkpulse", "uturn", "dracometeor"], "ability": "Levitate", "evs": {"hp": 85, "atk": 85, "def": 85, "spa": 85, "spd": 85, "spe": 85}, "ivs": {"hp": 31, "atk": 31, "def": 31, "spa": 31, "spd": 31, "spe": 31}, "item": "Choice Specs", "teraType": "Fire", "role": "Fast Attacker", "bvs": {"hp": 92, "atk": 105, "def": 90, "spa": 125, "spd": 90, "spe": 98}, "stats": {"hp": 275, "atk": 211, "def": 188, "spa": 243, "spd": 188, "spe": 200}, "types": ["Dark", "Dragon"]}, "Conkeldurr": {"name": "Conkeldurr", "species": "Conkeldurr", "speciesId": "conkeldurr", "gender": "F", "shiny": false, "level": 80, "moves": ["knockoff", "closecombat", "facade", "machpunch"], "ability": "Guts", "evs": {"hp": 85, "atk": 85, "def": 85, "spa": 85, "spd": 85, "spe": 85}, "ivs": {"hp": 31, "atk": 31, "def": 31, "spa": 31, "spd": 31, "spe": 31}, "item": "Flame Orb", "teraType": "Normal", "role": "Wallbreaker", "bvs": {"hp": 105, "atk": 140, "def": 95, "spa": 55, "spd": 65, "spe": 45}, "stats": {"hp": 299, "atk": 270, "def": 198, "spa": 134, "spd": 150, "spe": 118}, "types": ["Fighting"]}, "Swanna": {"name": "Swanna", "species": "Swanna", "speciesId": "swanna", "gender": "M", "shiny": false, "level": 89, "moves": ["hydropump", "defog", "roost", "bravebird"], "ability": "Hydration", "evs": {"hp": 85, "atk": 85, "def": 85, "spa": 85, "spd": 85, "spe": 85}, "ivs": {"hp": 31, "atk": 31, "def": 31, "spa": 31, "spd": 31, "spe": 31}, "item": "Heavy-Duty Boots", "teraType": "Ground", "role": "Bulky Support", "bvs": {"hp": 75, "atk": 87, "def": 63, "spa": 87, "spd": 63, "spe": 98}, "stats": {"hp": 278, "atk": 206, "def": 163, "spa": 206, "spd": 163, "spe": 225}, "types": ["Water", "Flying"]}, "Iron Thorns": {"name": "Iron Thorns", "species": "Iron Thorns", "speciesId": "ironthorns", "gender": "N", "shiny": false, "level": 83, "moves": ["dragondance", "stoneedge", "icepunch", "wildcharge"], "ability": "Quark Drive", "evs": {"hp": 85, "atk": 85, "def": 85, "spa": 85, "spd": 85, "spe": 85}, "ivs": {"hp": 31, "atk": 31, "def": 31, "spa": 31, "spd": 31, "spe": 31}, "item": "Booster Energy", "teraType": "Flying", "role": "Fast Bulky Setup", "bvs": {"hp": 100, "atk": 134, "def": 110, "spa": 70, "spd": 84, "spe": 72}, "stats": {"hp": 302, "atk": 270, "def": 230, "spa": 164, "spd": 187, "spe": 167}, "types": ["Rock", "Electric"]}, "Tsareena": {"name": "Tsareena", "species": "Tsareena", "speciesId": "tsareena", "gender": "F", "shiny": false, "level": 87, "moves": ["synthesis", "knockoff", "uturn", "powerwhip"], "ability": "Queenly Majesty", "evs": {"hp": 85, "atk": 85, "def": 85, "spa": 85, "spd": 85, "spe": 85}, "ivs": {"hp": 31, "atk": 31, "def": 31, "spa": 31, "spd": 31, "spe": 31}, "item": "Heavy-Duty Boots", "teraType": "Steel", "role": "Fast Support", "bvs": {"hp": 72, "atk": 120, "def": 98, "spa": 50, "spd": 98, "spe": 72}, "stats": {"hp": 267, "atk": 259, "def": 220, "spa": 137, "spd": 220, "spe": 175}, "types": ["Grass"]}}]}