{"id": "gen9randombattle-2641754613", "format": "[Gen 9] Random Battle", "players": ["yaserkira5", "jonuz"], "log": "|j|\u2606yaserkira5\n|j|\u2606jonuz\n|t:|1782837973\n|gametype|singles\n|player|p1|yaserkira5|2|2036\n|player|p2|jonuz|170|1994\n|gen|9\n|tier|[Gen 9] Random Battle\n|rated|\n|rule|Species Clause: Limit one of each Pok\u00e9mon\n|rule|HP Percentage Mod: HP is shown in percentages\n|rule|Sleep Clause Mod: Limit one foe put to sleep\n|rule|Illusion Level Mod: Illusion disguises the Pok\u00e9mon's true level\n|\n|t:|1782837973\n|teamsize|p1|6\n|teamsize|p2|6\n|start\n|switch|p1a: Copperajah|Copperajah, L86, M|350/350\n|switch|p2a: Skarmory|Skarmory, L80, F|235/235\n|turn|1\n|\n|t:|1782837990\n|move|p2a: Skarmory|Stealth Rock|p1a: Copperajah\n|-sidestart|p1: yaserkira5|move: Stealth Rock\n|move|p1a: Copperajah|Heat Crash|p2a: Skarmory\n|-supereffective|p2a: Skarmory\n|-ability|p2a: Skarmory|Sturdy\n|-damage|p2a: Skarmory|1/235\n|\n|-heal|p2a: Skarmory|15/235|[from] item: Leftovers\n|upkeep\n|turn|2\n|inactive|Battle timer is ON: inactive players will automatically lose when time's up. (requested by yaserkira5)\n|\n|t:|1782838003\n|switch|p2a: Infernape|Infernape, L82, M|259/259\n|move|p1a: Copperajah|Heat Crash|p2a: Infernape\n|-resisted|p2a: Infernape\n|-damage|p2a: Infernape|158/259\n|\n|upkeep\n|turn|3\n|inactive|yaserkira5 has 120 seconds left.\n|inactive|yaserkira5 has 90 seconds left.\n|\n|t:|1782838083\n|move|p2a: Infernape|Knock Off|p1a: Copperajah\n|-damage|p1a: Copperajah|255/350\n|-enditem|p1a: Copperajah|Choice Band|[from] move: Knock Off|[of] p2a: Infernape\n|-damage|p2a: Infernape|133/259|[from] item: Life Orb\n|move|p1a: Copperajah|Heat Crash|p2a: Infernape\n|-resisted|p2a: Infernape\n|-damage|p2a: Infernape|63/259\n|\n|upkeep\n|turn|4\n|\n|t:|1782838098\n|move|p2a: Infernape|Close Combat|p1a: Copperajah\n|-supereffective|p1a: Copperajah\n|-damage|p1a: Copperajah|0 fnt\n|-unboost|p2a: Infernape|def|1\n|-unboost|p2a: Infernape|spd|1\n|faint|p1a: Copperajah\n|-damage|p2a: Infernape|38/259|[from] item: Life Orb\n|\n|upkeep\n|\n|t:|1782838109\n|switch|p1a: Meowstic|Meowstic, L89, M|277/277\n|-damage|p1a: Meowstic|243/277|[from] Stealth Rock\n|turn|5\n|\n|t:|1782838113\n|switch|p2a: Uxie|Uxie, L83|260/260\n|move|p1a: Meowstic|Psychic Noise|p2a: Uxie\n|-resisted|p2a: Uxie\n|-crit|p2a: Uxie\n|-damage|p2a: Uxie|215/260\n|-start|p2a: Uxie|move: Heal Block\n|\n|-heal|p1a: Meowstic|260/277|[from] item: Leftovers\n|upkeep\n|turn|6\n|\n|t:|1782838119\n|move|p1a: Meowstic|Thunder Wave|p2a: Uxie\n|-status|p2a: Uxie|par\n|move|p2a: Uxie|Knock Off|p1a: Meowstic\n|-supereffective|p1a: Meowstic\n|-damage|p1a: Meowstic|136/277\n|-enditem|p1a: Meowstic|Leftovers|[from] move: Knock Off|[of] p2a: Uxie\n|\n|-end|p2a: Uxie|move: Heal Block\n|upkeep\n|turn|7\n|\n|t:|1782838127\n|switch|p1a: Sandslash|Sandslash-Alola, L88, M|275/275\n|-damage|p1a: Sandslash|241/275|[from] Stealth Rock\n|cant|p2a: Uxie|par\n|\n|-heal|p2a: Uxie|231/260 par|[from] item: Leftovers\n|upkeep\n|turn|8\n|\n|t:|1782838132\n|move|p1a: Sandslash|Rapid Spin|p2a: Uxie\n|-damage|p2a: Uxie|199/260 par\n|-boost|p1a: Sandslash|spe|1\n|-sideend|p1: yaserkira5|Stealth Rock|[from] move: Rapid Spin|[of] p1a: Sandslash\n|move|p2a: Uxie|U-turn|p1a: Sandslash\n|-resisted|p1a: Sandslash\n|-damage|p1a: Sandslash|226/275\n|\n|t:|1782838145\n|switch|p2a: Sandslash|Sandslash-Alola, L88, M|275/275|[from] U-turn\n|\n|upkeep\n|turn|9\n|\n|t:|1782838157\n|move|p1a: Sandslash|Earthquake|p2a: Sandslash\n|-supereffective|p2a: Sandslash\n|-damage|p2a: Sandslash|143/275\n|move|p2a: Sandslash|Earthquake|p1a: Sandslash\n|-supereffective|p1a: Sandslash\n|-damage|p1a: Sandslash|102/275\n|\n|-heal|p2a: Sandslash|160/275|[from] item: Leftovers\n|upkeep\n|turn|10\n|\n|t:|1782838164\n|move|p1a: Sandslash|Iron Head|p2a: Sandslash\n|-damage|p2a: Sandslash|87/275\n|move|p2a: Sandslash|Earthquake|p1a: Sandslash\n|-supereffective|p1a: Sandslash\n|-damage|p1a: Sandslash|0 fnt\n|faint|p1a: Sandslash\n|\n|-heal|p2a: Sandslash|104/275|[from] item: Leftovers\n|upkeep\n|inactive|yaserkira5 has 90 seconds left.\n|\n|t:|1782838184\n|switch|p1a: Jolteon|Jolteon, L84, F|246/246\n|turn|11\n|\n|t:|1782838187\n|switch|p2a: Skarmory|Skarmory, L80, F|15/235\n|move|p1a: Jolteon|Thunderbolt|p2a: Skarmory\n|-supereffective|p2a: Skarmory\n|-damage|p2a: Skarmory|0 fnt\n|faint|p2a: Skarmory\n|-damage|p1a: Jolteon|222/246|[from] item: Life Orb\n|\n|upkeep\n|\n|t:|1782838193\n|switch|p2a: Hoopa|Hoopa-Unbound, L80|259/259\n|turn|12\n|\n|t:|1782838208\n|-terastallize|p1a: Jolteon|Fairy\n|move|p1a: Jolteon|Alluring Voice|p2a: Hoopa\n|-supereffective|p2a: Hoopa\n|-damage|p2a: Hoopa|64/259\n|-damage|p1a: Jolteon|198/246|[from] item: Life Orb\n|move|p2a: Hoopa|Hyperspace Fury|p1a: Jolteon\n|-resisted|p1a: Jolteon\n|-damage|p1a: Jolteon|54/246\n|-unboost|p2a: Hoopa|def|1\n|\n|upkeep\n|turn|13\n|\n|t:|1782838215\n|switch|p2a: Sandslash|Sandslash-Alola, L88, M|104/275\n|move|p1a: Jolteon|Thunderbolt|p2a: Sandslash\n|-damage|p2a: Sandslash|0 fnt\n|faint|p2a: Sandslash\n|-damage|p1a: Jolteon|30/246|[from] item: Life Orb\n|\n|upkeep\n|\n|t:|1782838221\n|switch|p2a: Uxie|Uxie, L83|199/260 par\n|turn|14\n|inactive|yaserkira5 has 120 seconds left.\n|\n|t:|1782838236\n|move|p1a: Jolteon|Shadow Ball|p2a: Uxie\n|-supereffective|p2a: Uxie\n|-damage|p2a: Uxie|66/260 par\n|-damage|p1a: Jolteon|6/246|[from] item: Life Orb\n|move|p2a: Uxie|U-turn|p1a: Jolteon\n|-resisted|p1a: Jolteon\n|-damage|p1a: Jolteon|0 fnt\n|faint|p1a: Jolteon\n|\n|t:|1782838243\n|switch|p2a: Cyclizar|Cyclizar, L83, M|252/252|[from] U-turn\n|\n|upkeep\n|inactive|yaserkira5 has 120 seconds left.\n|\n|t:|1782838277\n|switch|p1a: Indeedee|Indeedee-F, L90, F|272/272\n|-fieldstart|move: Psychic Terrain|[from] ability: Psychic Surge|[of] p1a: Indeedee\n|turn|15\n|\n|t:|1782838287\n|move|p1a: Indeedee|Hyper Voice|p2a: Cyclizar\n|-damage|p2a: Cyclizar|125/252\n|move|p2a: Cyclizar|Knock Off|p1a: Indeedee\n|-supereffective|p1a: Indeedee\n|-crit|p1a: Indeedee\n|-damage|p1a: Indeedee|46/272\n|-enditem|p1a: Indeedee|Choice Scarf|[from] move: Knock Off|[of] p2a: Cyclizar\n|\n|upkeep\n|turn|16\n|\n|t:|1782838301\n|move|p2a: Cyclizar|Knock Off|p1a: Indeedee\n|-supereffective|p1a: Indeedee\n|-damage|p1a: Indeedee|0 fnt\n|faint|p1a: Indeedee\n|\n|upkeep\n|\n|t:|1782838304\n|switch|p1a: Galvantula|Galvantula, L82, M|249/249\n|turn|17\n|\n|t:|1782838317\n|switch|p2a: Uxie|Uxie, L83|66/260 par\n|move|p1a: Galvantula|Thunder|p2a: Uxie\n|-damage|p2a: Uxie|0 fnt\n|faint|p2a: Uxie\n|\n|upkeep\n|\n|t:|1782838323\n|switch|p2a: Infernape|Infernape, L82, M|38/259\n|turn|18\n|\n|t:|1782838326\n|move|p2a: Infernape|Overheat|p1a: Galvantula\n|-supereffective|p1a: Galvantula\n|-damage|p1a: Galvantula|0 fnt\n|-unboost|p2a: Infernape|spa|2\n|faint|p1a: Galvantula\n|-damage|p2a: Infernape|13/259|[from] item: Life Orb\n|\n|upkeep\n|\n|t:|1782838329\n|switch|p1a: Meowstic|Meowstic, L89, M|136/277\n|turn|19\n|\n|t:|1782838334\n|move|p1a: Meowstic|Psychic Noise|p2a: Infernape\n|-supereffective|p2a: Infernape\n|-damage|p2a: Infernape|0 fnt\n|faint|p2a: Infernape\n|\n|-fieldend|move: Psychic Terrain\n|upkeep\n|\n|t:|1782838350\n|switch|p2a: Cyclizar|Cyclizar, L83, M|209/252\n|turn|20\n|\n|t:|1782838379\n|move|p1a: Meowstic|Thunder Wave|p2a: Cyclizar\n|-status|p2a: Cyclizar|par\n|move|p2a: Cyclizar|Knock Off|p1a: Meowstic\n|-supereffective|p1a: Meowstic\n|-damage|p1a: Meowstic|38/277\n|\n|upkeep\n|turn|21\n|\n|t:|1782838384\n|move|p1a: Meowstic|Alluring Voice|p2a: Cyclizar\n|-supereffective|p2a: Cyclizar\n|-damage|p2a: Cyclizar|79/252 par\n|move|p2a: Cyclizar|Knock Off|p1a: Meowstic\n|-supereffective|p1a: Meowstic\n|-damage|p1a: Meowstic|0 fnt\n|faint|p1a: Meowstic\n|\n|win|jonuz\n|raw|yaserkira5's rating: 2036 &rarr; <strong>2014</strong><br />(-22 for losing)\n|raw|jonuz's rating: 1994 &rarr; <strong>2016</strong><br />(+22 for winning)\n", "inputlog": ">version f8ac14003a5f27e1bdc8d8c59608a773c1cb96e5\n>start {\"formatid\":\"gen9randombattle\",\"seed\":\"sodium,03b91521669c95a892dbd642fe7ede8c\",\"rated\":\"Rated battle\"}\n>player p1 {\"name\":\"yaserkira5\",\"avatar\":\"2\",\"rating\":2036,\"seed\":\"sodium,8659c88d095e6532183da15b0d3b0be8\"}\n>player p2 {\"name\":\"jonuz\",\"avatar\":\"170\",\"rating\":1994,\"seed\":\"sodium,e8dd469d936fa13c3365c72ecc9b23bd\"}\n>p1 move heatcrash\n>p2 move stealthrock\n>p1 move heatcrash\n>p2 switch 2\n>p1 move heatcrash\n>p2 move knockoff\n>p1 move heatcrash\n>p2 move closecombat\n>p1 switch 5\n>p1 move psychicnoise\n>p2 switch 5\n>p1 move thunderwave\n>p2 move knockoff\n>p1 switch 3\n>p2 move uturn\n>p1 move rapidspin\n>p2 move uturn\n>p2 switch 3\n>p1 move earthquake\n>p2 move earthquake\n>p1 move ironhead\n>p2 move earthquake\n>p1 switch 4\n>p1 move thunderbolt\n>p2 switch 2\n>p2 switch 6\n>p1 move alluringvoice terastallize\n>p2 move hyperspacefury\n>p1 move thunderbolt\n>p2 switch 2\n>p2 switch 3\n>p1 move shadowball\n>p2 move uturn\n>p2 switch 4\n>p1 switch 6\n>p1 move hypervoice\n>p2 move knockoff\n>p1 move hypervoice\n>p2 move knockoff\n>p1 switch 2\n>p1 move thunder\n>p2 switch 4\n>p2 switch 5\n>p1 move thunder\n>p2 move overheat\n>p1 switch 3\n>p1 move psychicnoise\n>p2 move knockoff\n>p2 switch 4\n>p1 move thunderwave\n>p2 move knockoff\n>p1 move alluringvoice\n>p2 move knockoff", "uploadtime": 1782837976, "views": 7, "formatid": "gen9randombattle", "rating": 2014, "private": 0, "password": null, "player_dets": [{"name": "yaserkira5", "avatar": "2", "rating": 2036, "seed": "sodium,8659c88d095e6532183da15b0d3b0be8"}, {"name": "jonuz", "avatar": "170", "rating": 1994, "seed": "sodium,e8dd469d936fa13c3365c72ecc9b23bd"}], "teams_full": [{"Copperajah": {"name": "Copperajah", "species": "Copperajah", "speciesId": "copperajah", "gender": "M", "shiny": false, "level": 86, "moves": ["stoneedge", "heatcrash", "heavyslam", "earthquake"], "ability": "Heavy Metal", "evs": {"hp": 85, "atk": 85, "def": 85, "spa": 85, "spd": 85, "spe": 85}, "ivs": {"hp": 31, "atk": 31, "def": 31, "spa": 31, "spd": 31, "spe": 31}, "item": "Choice Band", "teraType": "Fire", "role": "Bulky Attacker", "bvs": {"hp": 122, "atk": 130, "def": 69, "spa": 80, "spd": 69, "spe": 30}, "stats": {"hp": 350, "atk": 273, "def": 168, "spa": 187, "spd": 168, "spe": 101}, "types": ["Steel"]}, "Galvantula": {"name": "Galvantula", "species": "Galvantula", "speciesId": "galvantula", "gender": "M", "shiny": false, "level": 82, "moves": ["thunder", "bugbuzz", "stickyweb", "voltswitch"], "ability": "Compound Eyes", "evs": {"hp": 85, "atk": 0, "def": 85, "spa": 85, "spd": 85, "spe": 85}, "ivs": {"hp": 31, "atk": 0, "def": 31, "spa": 31, "spd": 31, "spe": 31}, "item": "Heavy-Duty Boots", "teraType": "Electric", "role": "Fast Support", "bvs": {"hp": 70, "atk": 77, "def": 60, "spa": 97, "spd": 60, "spe": 108}, "stats": {"hp": 249, "atk": 131, "def": 146, "spa": 206, "spd": 146, "spe": 224}, "types": ["Bug", "Electric"]}, "Sandslash": {"name": "Sandslash", "species": "Sandslash-Alola", "speciesId": "sandslashalola", "gender": "M", "shiny": false, "level": 88, "moves": ["ironhead", "rapidspin", "tripleaxel", "earthquake"], "ability": "Slush Rush", "evs": {"hp": 85, "atk": 85, "def": 85, "spa": 85, "spd": 85, "spe": 85}, "ivs": {"hp": 31, "atk": 31, "def": 31, "spa": 31, "spd": 31, "spe": 31}, "item": "Assault Vest", "teraType": "Water", "role": "Bulky Support", "bvs": {"hp": 75, "atk": 100, "def": 120, "spa": 25, "spd": 65, "spe": 65}, "stats": {"hp": 275, "atk": 226, "def": 261, "spa": 94, "spd": 165, "spe": 165}, "types": ["Ice", "Steel"]}, "Jolteon": {"name": "Jolteon", "species": "Jolteon", "speciesId": "jolteon", "gender": "F", "shiny": false, "level": 84, "moves": ["alluringvoice", "thunderbolt", "calmmind", "shadowball"], "ability": "Volt Absorb", "evs": {"hp": 85, "atk": 0, "def": 85, "spa": 85, "spd": 85, "spe": 85}, "ivs": {"hp": 31, "atk": 0, "def": 31, "spa": 31, "spd": 31, "spe": 31}, "item": "Life Orb", "teraType": "Fairy", "role": "Fast Attacker", "bvs": {"hp": 65, "atk": 65, "def": 60, "spa": 110, "spd": 95, "spe": 130}, "stats": {"hp": 246, "atk": 114, "def": 149, "spa": 233, "spd": 208, "spe": 267}, "types": ["Electric"]}, "Meowstic": {"name": "Meowstic", "species": "Meowstic", "speciesId": "meowstic", "gender": "M", "shiny": false, "level": 89, "moves": ["thunderwave", "alluringvoice", "yawn", "psychicnoise"], "ability": "Prankster", "evs": {"hp": 85, "atk": 0, "def": 85, "spa": 85, "spd": 85, "spe": 85}, "ivs": {"hp": 31, "atk": 0, "def": 31, "spa": 31, "spd": 31, "spe": 31}, "item": "Leftovers", "teraType": "Fairy", "role": "Bulky Support", "bvs": {"hp": 74, "atk": 48, "def": 76, "spa": 83, "spd": 81, "spe": 104}, "stats": {"hp": 277, "atk": 90, "def": 186, "spa": 199, "spd": 195, "spe": 236}, "types": ["Psychic"]}, "Indeedee": {"name": "Indeedee", "species": "Indeedee-F", "speciesId": "indeedeef", "gender": "F", "shiny": false, "level": 90, "moves": ["dazzlinggleam", "hypervoice", "healingwish", "psychic"], "ability": "Psychic Surge", "evs": {"hp": 85, "atk": 0, "def": 85, "spa": 85, "spd": 85, "spe": 85}, "ivs": {"hp": 31, "atk": 0, "def": 31, "spa": 31, "spd": 31, "spe": 31}, "item": "Choice Scarf", "teraType": "Fairy", "role": "Fast Attacker", "bvs": {"hp": 70, "atk": 55, "def": 65, "spa": 95, "spd": 105, "spe": 85}, "stats": {"hp": 272, "atk": 104, "def": 168, "spa": 222, "spd": 240, "spe": 204}, "types": ["Psychic", "Normal"]}}, {"Skarmory": {"name": "Skarmory", "species": "Skarmory", "speciesId": "skarmory", "gender": "F", "shiny": false, "level": 80, "moves": ["roost", "whirlwind", "bravebird", "stealthrock"], "ability": "Sturdy", "evs": {"hp": 85, "atk": 85, "def": 85, "spa": 85, "spd": 85, "spe": 85}, "ivs": {"hp": 31, "atk": 31, "def": 31, "spa": 31, "spd": 31, "spe": 31}, "item": "Leftovers", "teraType": "Dragon", "role": "Bulky Support", "bvs": {"hp": 65, "atk": 80, "def": 140, "spa": 40, "spd": 70, "spe": 70}, "stats": {"hp": 235, "atk": 174, "def": 270, "spa": 110, "spd": 158, "spe": 158}, "types": ["Steel", "Flying"]}, "Infernape": {"name": "Infernape", "species": "Infernape", "speciesId": "infernape", "gender": "M", "shiny": false, "level": 82, "moves": ["closecombat", "grassknot", "knockoff", "overheat"], "ability": "Blaze", "evs": {"hp": 85, "atk": 85, "def": 85, "spa": 85, "spd": 85, "spe": 85}, "ivs": {"hp": 31, "atk": 31, "def": 31, "spa": 31, "spd": 31, "spe": 31}, "item": "Life Orb", "teraType": "Fighting", "role": "Fast Attacker", "bvs": {"hp": 76, "atk": 104, "def": 71, "spa": 104, "spd": 71, "spe": 108}, "stats": {"hp": 259, "atk": 218, "def": 164, "spa": 218, "spd": 164, "spe": 224}, "types": ["Fire", "Fighting"]}, "Sandslash": {"name": "Sandslash", "species": "Sandslash-Alola", "speciesId": "sandslashalola", "gender": "M", "shiny": false, "level": 88, "moves": ["earthquake", "rapidspin", "tripleaxel", "swordsdance"], "ability": "Slush Rush", "evs": {"hp": 85, "atk": 85, "def": 85, "spa": 85, "spd": 85, "spe": 85}, "ivs": {"hp": 31, "atk": 31, "def": 31, "spa": 31, "spd": 31, "spe": 31}, "item": "Leftovers", "teraType": "Ground", "role": "Setup Sweeper", "bvs": {"hp": 75, "atk": 100, "def": 120, "spa": 25, "spd": 65, "spe": 65}, "stats": {"hp": 275, "atk": 226, "def": 261, "spa": 94, "spd": 165, "spe": 165}, "types": ["Ice", "Steel"]}, "Cyclizar": {"name": "Cyclizar", "species": "Cyclizar", "speciesId": "cyclizar", "gender": "M", "shiny": false, "level": 83, "moves": ["dracometeor", "taunt", "knockoff", "shedtail"], "ability": "Regenerator", "evs": {"hp": 85, "atk": 85, "def": 85, "spa": 85, "spd": 85, "spe": 85}, "ivs": {"hp": 31, "atk": 31, "def": 31, "spa": 31, "spd": 31, "spe": 31}, "item": "Heavy-Duty Boots", "teraType": "Dragon", "role": "Fast Support", "bvs": {"hp": 70, "atk": 95, "def": 65, "spa": 85, "spd": 65, "spe": 121}, "stats": {"hp": 252, "atk": 205, "def": 156, "spa": 189, "spd": 156, "spe": 249}, "types": ["Dragon", "Normal"]}, "Uxie": {"name": "Uxie", "species": "Uxie", "speciesId": "uxie", "gender": "N", "shiny": false, "level": 83, "moves": ["knockoff", "uturn", "psychicnoise", "yawn"], "ability": "Levitate", "evs": {"hp": 85, "atk": 85, "def": 85, "spa": 85, "spd": 85, "spe": 85}, "ivs": {"hp": 31, "atk": 31, "def": 31, "spa": 31, "spd": 31, "spe": 31}, "item": "Leftovers", "teraType": "Dark", "role": "Bulky Support", "bvs": {"hp": 75, "atk": 75, "def": 130, "spa": 75, "spd": 130, "spe": 95}, "stats": {"hp": 260, "atk": 172, "def": 263, "spa": 172, "spd": 263, "spe": 205}, "types": ["Psychic"]}, "Hoopa": {"name": "Hoopa", "species": "Hoopa-Unbound", "speciesId": "hoopaunbound", "gender": "N", "shiny": false, "level": 80, "moves": ["hyperspacefury", "drainpunch", "trick", "gunkshot"], "ability": "Magician", "evs": {"hp": 85, "atk": 85, "def": 85, "spa": 85, "spd": 85, "spe": 85}, "ivs": {"hp": 31, "atk": 31, "def": 31, "spa": 31, "spd": 31, "spe": 31}, "item": "Choice Band", "teraType": "Poison", "role": "Wallbreaker", "bvs": {"hp": 80, "atk": 160, "def": 60, "spa": 170, "spd": 130, "spe": 80}, "stats": {"hp": 259, "atk": 302, "def": 142, "spa": 318, "spd": 254, "spe": 174}, "types": ["Psychic", "Dark"]}}]}