{"id": "gen9randombattle-2642044907", "format": "[Gen 9] Random Battle", "players": ["jnpr010334", "sidlord1"], "log": "|j|\u2606jnpr010334\n|j|\u2606sidlord1\n|t:|1782878558\n|gametype|singles\n|player|p1|jnpr010334|265|1361\n|player|p2|sidlord1|hooligans|1319\n|gen|9\n|tier|[Gen 9] Random Battle\n|rated|\n|rule|Species Clause: Limit one of each Pok\u00e9mon\n|rule|HP Percentage Mod: HP is shown in percentages\n|rule|Sleep Clause Mod: Limit one foe put to sleep\n|rule|Illusion Level Mod: Illusion disguises the Pok\u00e9mon's true level\n|\n|t:|1782878558\n|teamsize|p1|6\n|teamsize|p2|6\n|start\n|switch|p1a: Sceptile|Sceptile, L87, M|264/264\n|switch|p2a: Goodra|Goodra, L85, M|292/292\n|turn|1\n|inactive|Battle timer is ON: inactive players will automatically lose when time's up. (requested by sidlord1)\n|inactive|jnpr010334 also wants the timer to be on.\n|\n|t:|1782878567\n|move|p1a: Sceptile|Substitute|p1a: Sceptile\n|-start|p1a: Sceptile|Substitute\n|-damage|p1a: Sceptile|198/264\n|move|p2a: Goodra|Draco Meteor|p1a: Sceptile\n|-end|p1a: Sceptile|Substitute\n|-unboost|p2a: Goodra|spa|2\n|\n|-heal|p1a: Sceptile|214/264|[from] item: Leftovers\n|upkeep\n|turn|2\n|\n|t:|1782878581\n|switch|p2a: Honchkrow|Honchkrow, L86, M|312/312\n|move|p1a: Sceptile|Substitute|p1a: Sceptile\n|-start|p1a: Sceptile|Substitute\n|-damage|p1a: Sceptile|148/264\n|\n|-heal|p1a: Sceptile|164/264|[from] item: Leftovers\n|upkeep\n|turn|3\n|\n|t:|1782878592\n|move|p1a: Sceptile|Leech Seed|p2a: Honchkrow\n|-start|p2a: Honchkrow|move: Leech Seed\n|move|p2a: Honchkrow|Heat Wave|p1a: Sceptile\n|-supereffective|p1a: Sceptile\n|-end|p1a: Sceptile|Substitute\n|\n|-heal|p1a: Sceptile|180/264|[from] item: Leftovers\n|-damage|p2a: Honchkrow|273/312|[from] Leech Seed|[of] p1a: Sceptile\n|-heal|p1a: Sceptile|219/264|[silent]\n|upkeep\n|turn|4\n|\n|t:|1782878602\n|move|p2a: Honchkrow|Sucker Punch||[still]\n|-fail|p2a: Honchkrow\n|move|p1a: Sceptile|Substitute|p1a: Sceptile\n|-start|p1a: Sceptile|Substitute\n|-damage|p1a: Sceptile|153/264\n|\n|-heal|p1a: Sceptile|169/264|[from] item: Leftovers\n|-damage|p2a: Honchkrow|234/312|[from] Leech Seed|[of] p1a: Sceptile\n|-heal|p1a: Sceptile|208/264|[silent]\n|upkeep\n|turn|5\n|\n|t:|1782878606\n|move|p1a: Sceptile|Giga Drain|p2a: Honchkrow\n|-resisted|p2a: Honchkrow\n|-damage|p2a: Honchkrow|174/312\n|-heal|p1a: Sceptile|238/264|[from] drain|[of] p2a: Honchkrow\n|move|p2a: Honchkrow|U-turn|p1a: Sceptile\n|-supereffective|p1a: Sceptile\n|-end|p1a: Sceptile|Substitute\n|\n|t:|1782878618\n|switch|p2a: Venomoth|Venomoth, L84, M|255/255|[from] U-turn\n|\n|-heal|p1a: Sceptile|254/264|[from] item: Leftovers\n|upkeep\n|turn|6\n|\n|t:|1782878626\n|switch|p1a: Talonflame|Talonflame, L83, M|265/265\n|move|p2a: Venomoth|Quiver Dance|p2a: Venomoth\n|-boost|p2a: Venomoth|spa|1\n|-boost|p2a: Venomoth|spd|1\n|-boost|p2a: Venomoth|spe|1\n|\n|upkeep\n|turn|7\n|\n|t:|1782878633\n|move|p2a: Venomoth|Sleep Powder|p1a: Talonflame\n|-status|p1a: Talonflame|slp|[from] move: Sleep Powder\n|cant|p1a: Talonflame|slp\n|\n|upkeep\n|turn|8\n|\n|t:|1782878638\n|move|p2a: Venomoth|Quiver Dance|p2a: Venomoth\n|-boost|p2a: Venomoth|spa|1\n|-boost|p2a: Venomoth|spd|1\n|-boost|p2a: Venomoth|spe|1\n|-curestatus|p1a: Talonflame|slp|[msg]\n|move|p1a: Talonflame|Flare Blitz|p2a: Venomoth\n|-supereffective|p2a: Venomoth\n|-damage|p2a: Venomoth|0 fnt\n|faint|p2a: Venomoth\n|-damage|p1a: Talonflame|181/265|[from] Recoil\n|\n|upkeep\n|\n|t:|1782878648\n|switch|p2a: Quagsire|Quagsire, L84, M|297/297\n|turn|9\n|\n|t:|1782878654\n|switch|p1a: Sceptile|Sceptile, L87, M|254/264\n|move|p2a: Quagsire|Spikes|p1a: Sceptile\n|-sidestart|p1: jnpr010334|Spikes\n|\n|-heal|p1a: Sceptile|264/264|[from] item: Leftovers\n|upkeep\n|turn|10\n|\n|t:|1782878662\n|move|p1a: Sceptile|Giga Drain|p2a: Quagsire\n|-supereffective|p2a: Quagsire\n|-damage|p2a: Quagsire|0 fnt\n|faint|p2a: Quagsire\n|\n|upkeep\n|\n|t:|1782878670\n|switch|p2a: Honchkrow|Honchkrow, L86, M|174/312\n|turn|11\n|\n|t:|1782878673\n|-terastallize|p1a: Sceptile|Steel\n|move|p1a: Sceptile|Substitute|p1a: Sceptile\n|-start|p1a: Sceptile|Substitute\n|-damage|p1a: Sceptile|198/264\n|move|p2a: Honchkrow|Brave Bird|p1a: Sceptile\n|-resisted|p1a: Sceptile\n|-end|p1a: Sceptile|Substitute\n|-damage|p2a: Honchkrow|152/312|[from] Recoil|[of] p1a: Sceptile\n|\n|-heal|p1a: Sceptile|214/264|[from] item: Leftovers\n|upkeep\n|turn|12\n|\n|t:|1782878679\n|move|p1a: Sceptile|Substitute|p1a: Sceptile\n|-start|p1a: Sceptile|Substitute\n|-damage|p1a: Sceptile|148/264\n|move|p2a: Honchkrow|Heat Wave|p1a: Sceptile\n|-supereffective|p1a: Sceptile\n|-end|p1a: Sceptile|Substitute\n|\n|-heal|p1a: Sceptile|164/264|[from] item: Leftovers\n|upkeep\n|turn|13\n|\n|t:|1782878686\n|move|p1a: Sceptile|Substitute|p1a: Sceptile\n|-start|p1a: Sceptile|Substitute\n|-damage|p1a: Sceptile|98/264\n|move|p2a: Honchkrow|Heat Wave|p1a: Sceptile\n|-supereffective|p1a: Sceptile\n|-end|p1a: Sceptile|Substitute\n|\n|-heal|p1a: Sceptile|114/264|[from] item: Leftovers\n|upkeep\n|turn|14\n|\n|t:|1782878693\n|move|p1a: Sceptile|Substitute|p1a: Sceptile\n|-start|p1a: Sceptile|Substitute\n|-damage|p1a: Sceptile|48/264\n|move|p2a: Honchkrow|Heat Wave|p1a: Sceptile\n|-supereffective|p1a: Sceptile\n|-end|p1a: Sceptile|Substitute\n|\n|-heal|p1a: Sceptile|64/264|[from] item: Leftovers\n|upkeep\n|turn|15\n|\n|t:|1782878700\n|move|p1a: Sceptile|Giga Drain|p2a: Honchkrow\n|-resisted|p2a: Honchkrow\n|-damage|p2a: Honchkrow|58/312\n|-heal|p1a: Sceptile|111/264|[from] drain|[of] p2a: Honchkrow\n|move|p2a: Honchkrow|Heat Wave|p1a: Sceptile\n|-supereffective|p1a: Sceptile\n|-damage|p1a: Sceptile|0 fnt\n|faint|p1a: Sceptile\n|-ability|p2a: Honchkrow|Moxie|boost\n|-boost|p2a: Honchkrow|atk|1\n|\n|upkeep\n|\n|t:|1782878702\n|switch|p1a: Talonflame|Talonflame, L83, M|181/265\n|turn|16\n|\n|t:|1782878713\n|move|p2a: Honchkrow|Sucker Punch|p1a: Talonflame\n|-crit|p1a: Talonflame\n|-damage|p1a: Talonflame|0 fnt\n|faint|p1a: Talonflame\n|-ability|p2a: Honchkrow|Moxie|boost\n|-boost|p2a: Honchkrow|atk|1\n|\n|upkeep\n|\n|t:|1782878716\n|switch|p1a: Magmortar|Magmortar, L88, F|275/275\n|turn|17\n|\n|t:|1782878721\n|move|p1a: Magmortar|Fire Blast|p2a: Honchkrow\n|-damage|p2a: Honchkrow|0 fnt\n|faint|p2a: Honchkrow\n|\n|upkeep\n|\n|t:|1782878727\n|switch|p2a: Veluza|Veluza, L85, F|292/292\n|turn|18\n|\n|t:|1782878733\n|move|p1a: Magmortar|Knock Off|p2a: Veluza\n|-supereffective|p2a: Veluza\n|-damage|p2a: Veluza|112/292\n|-enditem|p2a: Veluza|Sitrus Berry|[from] move: Knock Off|[of] p1a: Magmortar\n|move|p2a: Veluza|Fillet Away||[still]\n|-fail|p2a: Veluza\n|\n|upkeep\n|turn|19\n|\n|t:|1782878741\n|switch|p2a: Goodra|Goodra, L85, M|292/292\n|move|p1a: Magmortar|Knock Off|p2a: Goodra\n|-damage|p2a: Goodra|204/292\n|-enditem|p2a: Goodra|Assault Vest|[from] move: Knock Off|[of] p1a: Magmortar\n|\n|upkeep\n|turn|20\n|\n|t:|1782878748\n|move|p1a: Magmortar|Focus Blast|p2a: Goodra\n|-damage|p2a: Goodra|128/292\n|move|p2a: Goodra|Scald|p1a: Magmortar\n|-supereffective|p1a: Magmortar\n|-damage|p1a: Magmortar|163/275\n|\n|upkeep\n|turn|21\n|\n|t:|1782878758\n|move|p1a: Magmortar|Knock Off|p2a: Goodra\n|-damage|p2a: Goodra|70/292\n|move|p2a: Goodra|Earthquake|p1a: Magmortar\n|-supereffective|p1a: Magmortar\n|-damage|p1a: Magmortar|0 fnt\n|faint|p1a: Magmortar\n|\n|upkeep\n|\n|t:|1782878762\n|switch|p1a: Espeon|Espeon, L84, M|246/246\n|-damage|p1a: Espeon|216/246|[from] Spikes\n|turn|22\n|\n|t:|1782878767\n|move|p1a: Espeon|Psychic|p2a: Goodra\n|-damage|p2a: Goodra|0 fnt\n|faint|p2a: Goodra\n|-damage|p1a: Espeon|192/246|[from] item: Life Orb\n|\n|upkeep\n|\n|t:|1782878772\n|switch|p2a: Veluza|Veluza, L85, F|112/292\n|turn|23\n|\n|t:|1782878776\n|move|p1a: Espeon|Shadow Ball|p2a: Veluza\n|-supereffective|p2a: Veluza\n|-damage|p2a: Veluza|0 fnt\n|faint|p2a: Veluza\n|-damage|p1a: Espeon|168/246|[from] item: Life Orb\n|\n|upkeep\n|\n|t:|1782878782\n|switch|p2a: Urshifu|Urshifu, L74, M|270/270\n|turn|24\n|\n|t:|1782878786\n|move|p2a: Urshifu|Sucker Punch|p1a: Espeon\n|-supereffective|p1a: Espeon\n|-damage|p1a: Espeon|0 fnt\n|faint|p1a: Espeon\n|\n|upkeep\n|\n|t:|1782878788\n|switch|p1a: Jumpluff|Jumpluff, L87, M|271/271\n|turn|25\n|\n|t:|1782878793\n|move|p2a: Urshifu|Sucker Punch|p1a: Jumpluff\n|-damage|p1a: Jumpluff|145/271\n|move|p1a: Jumpluff|Acrobatics|p2a: Urshifu\n|-supereffective|p2a: Urshifu\n|-damage|p2a: Urshifu|100/270\n|\n|upkeep\n|turn|26\n|\n|t:|1782878798\n|move|p2a: Urshifu|Sucker Punch||[still]\n|-fail|p2a: Urshifu\n|move|p1a: Jumpluff|Strength Sap|p2a: Urshifu\n|-unboost|p2a: Urshifu|atk|1\n|-heal|p1a: Jumpluff|271/271\n|\n|upkeep\n|turn|27\n|\n|t:|1782878804\n|move|p2a: Urshifu|Sucker Punch|p1a: Jumpluff\n|-damage|p1a: Jumpluff|184/271\n|move|p1a: Jumpluff|Acrobatics|p2a: Urshifu\n|-supereffective|p2a: Urshifu\n|-damage|p2a: Urshifu|0 fnt\n|faint|p2a: Urshifu\n|\n|win|jnpr010334\n|raw|jnpr010334's rating: 1395 &rarr; <strong>1411</strong><br />(+16 for winning)\n|raw|sidlord1's rating: 1319 &rarr; <strong>1303</strong><br />(-16 for losing)\n", "inputlog": ">version f8ac14003a5f27e1bdc8d8c59608a773c1cb96e5\n>start {\"formatid\":\"gen9randombattle\",\"seed\":\"sodium,e5d6f0c61dcdd4abc1f96ec65bf7f7ea\",\"rated\":\"Rated battle\"}\n>player p1 {\"name\":\"jnpr010334\",\"avatar\":\"265\",\"rating\":1361,\"seed\":\"sodium,e4dd1991aec80fe34f8a3c86ff16a052\"}\n>player p2 {\"name\":\"sidlord1\",\"avatar\":\"hooligans\",\"rating\":1319,\"seed\":\"sodium,0089d437ce4713840ae30b4a5ce64a04\"}\n>p1 move substitute\n>p2 move dracometeor\n>p1 move substitute\n>p2 switch 2\n>p1 move leechseed\n>p2 move heatwave\n>p1 move substitute\n>p2 move suckerpunch\n>p1 move gigadrain\n>p2 move uturn\n>p2 switch 5\n>p1 switch 5\n>p2 move quiverdance\n>p1 move flareblitz\n>p2 move sleeppowder\n>p1 move flareblitz\n>p2 move quiverdance\n>p2 switch 6\n>p1 switch 5\n>p2 move spikes\n>p1 move gigadrain\n>p2 move toxic\n>p2 switch 5\n>p1 move substitute terastallize\n>p2 move bravebird\n>p1 move substitute\n>p2 move heatwave\n>p1 move substitute\n>p2 move heatwave\n>p1 move substitute\n>p2 move heatwave\n>p1 move gigadrain\n>p2 move heatwave\n>p1 switch 5\n>p1 move flareblitz\n>p2 move suckerpunch\n>p1 switch 2\n>p1 move fireblast\n>p2 move bravebird\n>p2 switch 4\n>p1 move knockoff\n>p2 move filletaway\n>p1 move knockoff\n>p2 switch 2\n>p1 move focusblast\n>p2 move scald\n>p1 move knockoff\n>p2 move earthquake\n>p1 switch 6\n>p1 move psychic\n>p2 move dracometeor\n>p2 switch 2\n>p1 move shadowball\n>p2 move nightslash\n>p2 switch 3\n>p1 move alluringvoice\n>p2 move suckerpunch\n>p1 switch 4\n>p1 move acrobatics\n>p2 move suckerpunch\n>p1 move strengthsap\n>p2 move suckerpunch\n>p1 move acrobatics\n>p2 move suckerpunch", "uploadtime": 1782878804, "views": 5, "formatid": "gen9randombattle", "rating": 1303, "private": 0, "password": null, "player_dets": [{"name": "jnpr010334", "avatar": "265", "rating": 1361, "seed": "sodium,e4dd1991aec80fe34f8a3c86ff16a052"}, {"name": "sidlord1", "avatar": "hooligans", "rating": 1319, "seed": "sodium,0089d437ce4713840ae30b4a5ce64a04"}], "teams_full": [{"Sceptile": {"name": "Sceptile", "species": "Sceptile", "speciesId": "sceptile", "gender": "M", "shiny": false, "level": 87, "moves": ["leechseed", "substitute", "focusblast", "gigadrain"], "ability": "Overgrow", "evs": {"hp": 85, "atk": 0, "def": 85, "spa": 85, "spd": 85, "spe": 85}, "ivs": {"hp": 31, "atk": 0, "def": 31, "spa": 31, "spd": 31, "spe": 31}, "item": "Leftovers", "teraType": "Steel", "role": "Fast Support", "bvs": {"hp": 70, "atk": 85, "def": 65, "spa": 105, "spd": 85, "spe": 120}, "stats": {"hp": 264, "atk": 152, "def": 163, "spa": 232, "spd": 198, "spe": 259}, "types": ["Grass"]}, "Magmortar": {"name": "Magmortar", "species": "Magmortar", "speciesId": "magmortar", "gender": "F", "shiny": false, "level": 88, "moves": ["knockoff", "taunt", "focusblast", "fireblast"], "ability": "Flame Body", "evs": {"hp": 85, "atk": 85, "def": 85, "spa": 85, "spd": 85, "spe": 85}, "ivs": {"hp": 31, "atk": 31, "def": 31, "spa": 31, "spd": 31, "spe": 31}, "item": "Heavy-Duty Boots", "teraType": "Fighting", "role": "Wallbreaker", "bvs": {"hp": 75, "atk": 95, "def": 67, "spa": 125, "spd": 95, "spe": 83}, "stats": {"hp": 275, "atk": 217, "def": 168, "spa": 270, "spd": 217, "spe": 196}, "types": ["Fire"]}, "Bruxish": {"name": "Bruxish", "species": "Bruxish", "speciesId": "bruxish", "gender": "M", "shiny": false, "level": 85, "moves": ["flipturn", "crunch", "wavecrash", "psychicfangs"], "ability": "Strong Jaw", "evs": {"hp": 85, "atk": 85, "def": 85, "spa": 85, "spd": 85, "spe": 85}, "ivs": {"hp": 31, "atk": 31, "def": 31, "spa": 31, "spd": 31, "spe": 31}, "item": "Choice Band", "teraType": "Psychic", "role": "Fast Attacker", "bvs": {"hp": 68, "atk": 105, "def": 70, "spa": 70, "spd": 70, "spe": 92}, "stats": {"hp": 254, "atk": 227, "def": 168, "spa": 168, "spd": 168, "spe": 205}, "types": ["Water", "Psychic"]}, "Jumpluff": {"name": "Jumpluff", "species": "Jumpluff", "speciesId": "jumpluff", "gender": "M", "shiny": false, "level": 87, "moves": ["sleeppowder", "strengthsap", "encore", "acrobatics"], "ability": "Infiltrator", "evs": {"hp": 81, "atk": 85, "def": 85, "spa": 85, "spd": 85, "spe": 85}, "ivs": {"hp": 31, "atk": 31, "def": 31, "spa": 31, "spd": 31, "spe": 31}, "item": "", "teraType": "Steel", "role": "Bulky Attacker", "bvs": {"hp": 75, "atk": 55, "def": 70, "spa": 55, "spd": 95, "spe": 110}, "stats": {"hp": 271, "atk": 145, "def": 172, "spa": 145, "spd": 215, "spe": 241}, "types": ["Grass", "Flying"]}, "Talonflame": {"name": "Talonflame", "species": "Talonflame", "speciesId": "talonflame", "gender": "M", "shiny": false, "level": 83, "moves": ["bravebird", "terablast", "flareblitz", "swordsdance"], "ability": "Gale Wings", "evs": {"hp": 85, "atk": 85, "def": 85, "spa": 85, "spd": 85, "spe": 85}, "ivs": {"hp": 31, "atk": 31, "def": 31, "spa": 31, "spd": 31, "spe": 31}, "item": "Heavy-Duty Boots", "teraType": "Ground", "role": "Tera Blast user", "bvs": {"hp": 78, "atk": 81, "def": 71, "spa": 74, "spd": 69, "spe": 126}, "stats": {"hp": 265, "atk": 182, "def": 166, "spa": 171, "spd": 162, "spe": 257}, "types": ["Fire", "Flying"]}, "Espeon": {"name": "Espeon", "species": "Espeon", "speciesId": "espeon", "gender": "M", "shiny": false, "level": 84, "moves": ["morningsun", "alluringvoice", "psychic", "shadowball"], "ability": "Magic Bounce", "evs": {"hp": 85, "atk": 0, "def": 85, "spa": 85, "spd": 85, "spe": 85}, "ivs": {"hp": 31, "atk": 0, "def": 31, "spa": 31, "spd": 31, "spe": 31}, "item": "Life Orb", "teraType": "Fairy", "role": "Fast Attacker", "bvs": {"hp": 65, "atk": 65, "def": 60, "spa": 130, "spd": 95, "spe": 110}, "stats": {"hp": 246, "atk": 114, "def": 149, "spa": 267, "spd": 208, "spe": 233}, "types": ["Psychic"]}}, {"Goodra": {"name": "Goodra", "species": "Goodra", "speciesId": "goodra", "gender": "M", "shiny": false, "level": 85, "moves": ["earthquake", "dracometeor", "powerwhip", "scald"], "ability": "Sap Sipper", "evs": {"hp": 85, "atk": 85, "def": 85, "spa": 85, "spd": 85, "spe": 85}, "ivs": {"hp": 31, "atk": 31, "def": 31, "spa": 31, "spd": 31, "spe": 31}, "item": "Assault Vest", "teraType": "Grass", "role": "AV Pivot", "bvs": {"hp": 90, "atk": 100, "def": 70, "spa": 110, "spd": 150, "spe": 80}, "stats": {"hp": 292, "atk": 219, "def": 168, "spa": 236, "spd": 304, "spe": 185}, "types": ["Dragon"]}, "Honchkrow": {"name": "Honchkrow", "species": "Honchkrow", "speciesId": "honchkrow", "gender": "M", "shiny": false, "level": 86, "moves": ["heatwave", "uturn", "bravebird", "suckerpunch"], "ability": "Moxie", "evs": {"hp": 85, "atk": 85, "def": 85, "spa": 85, "spd": 85, "spe": 85}, "ivs": {"hp": 31, "atk": 31, "def": 31, "spa": 31, "spd": 31, "spe": 31}, "item": "Heavy-Duty Boots", "teraType": "Flying", "role": "Fast Attacker", "bvs": {"hp": 100, "atk": 125, "def": 52, "spa": 105, "spd": 52, "spe": 71}, "stats": {"hp": 312, "atk": 264, "def": 139, "spa": 230, "spd": 139, "spe": 171}, "types": ["Dark", "Flying"]}, "Urshifu": {"name": "Urshifu", "species": "Urshifu", "speciesId": "urshifu", "gender": "M", "shiny": false, "level": 74, "moves": ["closecombat", "suckerpunch", "wickedblow", "uturn"], "ability": "Unseen Fist", "evs": {"hp": 85, "atk": 85, "def": 85, "spa": 85, "spd": 85, "spe": 85}, "ivs": {"hp": 31, "atk": 31, "def": 31, "spa": 31, "spd": 31, "spe": 31}, "item": "Choice Band", "teraType": "Fighting", "role": "Fast Attacker", "bvs": {"hp": 100, "atk": 130, "def": 100, "spa": 63, "spd": 60, "spe": 97}, "stats": {"hp": 270, "atk": 235, "def": 191, "spa": 136, "spd": 132, "spe": 187}, "types": ["Fighting", "Dark"]}, "Veluza": {"name": "Veluza", "species": "Veluza", "speciesId": "veluza", "gender": "F", "shiny": false, "level": 85, "moves": ["nightslash", "aquacutter", "filletaway", "psychocut"], "ability": "Sharpness", "evs": {"hp": 85, "atk": 85, "def": 85, "spa": 85, "spd": 85, "spe": 85}, "ivs": {"hp": 31, "atk": 31, "def": 31, "spa": 31, "spd": 31, "spe": 31}, "item": "Sitrus Berry", "teraType": "Dark", "role": "Setup Sweeper", "bvs": {"hp": 90, "atk": 102, "def": 73, "spa": 78, "spd": 65, "spe": 70}, "stats": {"hp": 292, "atk": 222, "def": 173, "spa": 181, "spd": 159, "spe": 168}, "types": ["Water", "Psychic"]}, "Venomoth": {"name": "Venomoth", "species": "Venomoth", "speciesId": "venomoth", "gender": "M", "shiny": false, "level": 84, "moves": ["quiverdance", "sleeppowder", "sludgewave", "bugbuzz"], "ability": "Tinted Lens", "evs": {"hp": 85, "atk": 0, "def": 85, "spa": 85, "spd": 85, "spe": 85}, "ivs": {"hp": 31, "atk": 0, "def": 31, "spa": 31, "spd": 31, "spe": 31}, "item": "Heavy-Duty Boots", "teraType": "Steel", "role": "Setup Sweeper", "bvs": {"hp": 70, "atk": 65, "def": 60, "spa": 90, "spd": 75, "spe": 90}, "stats": {"hp": 255, "atk": 114, "def": 149, "spa": 199, "spd": 174, "spe": 199}, "types": ["Bug", "Poison"]}, "Quagsire": {"name": "Quagsire", "species": "Quagsire", "speciesId": "quagsire", "gender": "M", "shiny": false, "level": 84, "moves": ["recover", "spikes", "toxic", "earthquake"], "ability": "Unaware", "evs": {"hp": 85, "atk": 85, "def": 85, "spa": 85, "spd": 85, "spe": 85}, "ivs": {"hp": 31, "atk": 31, "def": 31, "spa": 31, "spd": 31, "spe": 31}, "item": "Leftovers", "teraType": "Poison", "role": "Bulky Support", "bvs": {"hp": 95, "atk": 85, "def": 85, "spa": 65, "spd": 65, "spe": 35}, "stats": {"hp": 297, "atk": 191, "def": 191, "spa": 157, "spd": 157, "spe": 107}, "types": ["Water", "Ground"]}}]}