{"id": "gen9randombattle-2642044871", "format": "[Gen 9] Random Battle", "players": ["lusamine wrath", "jnpr010334"], "log": "|j|\u2606lusamine wrath\n|j|\u2606jnpr010334\n|t:|1782878551\n|gametype|singles\n|player|p1|lusamine wrath|101|1346\n|player|p2|jnpr010334|265|1361\n|gen|9\n|tier|[Gen 9] Random Battle\n|rated|\n|rule|Species Clause: Limit one of each Pok\u00e9mon\n|rule|HP Percentage Mod: HP is shown in percentages\n|rule|Sleep Clause Mod: Limit one foe put to sleep\n|rule|Illusion Level Mod: Illusion disguises the Pok\u00e9mon's true level\n|\n|t:|1782878551\n|teamsize|p1|6\n|teamsize|p2|6\n|start\n|switch|p1a: Avalugg|Avalugg-Hisui, L90, F|317/317\n|switch|p2a: Veluza|Veluza, L85, M|292/292\n|turn|1\n|inactive|Battle timer is ON: inactive players will automatically lose when time's up. (requested by jnpr010334)\n|\n|t:|1782878563\n|move|p2a: Veluza|Fillet Away|p2a: Veluza\n|-boost|p2a: Veluza|atk|2\n|-boost|p2a: Veluza|spa|2\n|-boost|p2a: Veluza|spe|2\n|-damage|p2a: Veluza|146/292\n|-enditem|p2a: Veluza|Sitrus Berry|[eat]\n|-heal|p2a: Veluza|219/292|[from] item: Sitrus Berry\n|move|p1a: Avalugg|Stone Edge|p2a: Veluza\n|-damage|p2a: Veluza|39/292\n|\n|upkeep\n|turn|2\n|\n|t:|1782878576\n|move|p2a: Veluza|Aqua Cutter|p1a: Avalugg\n|-supereffective|p1a: Avalugg\n|-damage|p1a: Avalugg|65/317\n|move|p1a: Avalugg|Body Press|p2a: Veluza\n|-resisted|p2a: Veluza\n|-damage|p2a: Veluza|0 fnt\n|faint|p2a: Veluza\n|\n|upkeep\n|\n|t:|1782878577\n|switch|p2a: Weavile|Weavile, L79, F|239/239\n|turn|3\n|\n|t:|1782878583\n|move|p2a: Weavile|Low Kick|p1a: Avalugg\n|-supereffective|p1a: Avalugg\n|-damage|p1a: Avalugg|0 fnt\n|faint|p1a: Avalugg\n|\n|upkeep\n|\n|t:|1782878598\n|switch|p1a: Golduck|Golduck, L90, F|290/290\n|-ability|p1a: Golduck|Cloud Nine\n|turn|4\n|\n|t:|1782878609\n|switch|p2a: Goodra|Goodra-Hisui, L82, M|265/265\n|move|p1a: Golduck|Hydro Pump|p2a: Goodra\n|-resisted|p2a: Goodra\n|-damage|p2a: Goodra|233/265\n|\n|upkeep\n|turn|5\n|\n|t:|1782878614\n|switch|p1a: Gliscor|Gliscor, L76, M|239/239\n|move|p2a: Goodra|Draco Meteor|p1a: Gliscor\n|-damage|p1a: Gliscor|76/239\n|-unboost|p2a: Goodra|spa|2\n|\n|-status|p1a: Gliscor|tox|[from] item: Toxic Orb\n|upkeep\n|turn|6\n|\n|t:|1782878618\n|switch|p2a: Leafeon|Leafeon, L88, F|258/258\n|move|p1a: Gliscor|Knock Off|p2a: Leafeon\n|-damage|p2a: Leafeon|218/258\n|-enditem|p2a: Leafeon|Life Orb|[from] move: Knock Off|[of] p1a: Gliscor\n|\n|-heal|p1a: Gliscor|105/239 tox|[from] ability: Poison Heal\n|upkeep\n|turn|7\n|\n|t:|1782878622\n|move|p2a: Leafeon|Swords Dance|p2a: Leafeon\n|-boost|p2a: Leafeon|atk|2\n|move|p1a: Gliscor|Toxic|p2a: Leafeon\n|-status|p2a: Leafeon|tox\n|\n|-damage|p2a: Leafeon|202/258 tox|[from] psn\n|-heal|p1a: Gliscor|134/239 tox|[from] ability: Poison Heal\n|upkeep\n|turn|8\n|\n|t:|1782878628\n|move|p2a: Leafeon|Leaf Blade|p1a: Gliscor\n|-damage|p1a: Gliscor|0 fnt\n|faint|p1a: Gliscor\n|\n|-damage|p2a: Leafeon|170/258 tox|[from] psn\n|upkeep\n|\n|t:|1782878635\n|switch|p1a: Espathra|Espathra, L80, F|283/283\n|turn|9\n|\n|t:|1782878646\n|-terastallize|p2a: Leafeon|Normal\n|move|p2a: Leafeon|Leaf Blade|p1a: Espathra\n|-damage|p1a: Espathra|0 fnt\n|faint|p1a: Espathra\n|\n|-damage|p2a: Leafeon|122/258 tox|[from] psn\n|upkeep\n|\n|t:|1782878654\n|switch|p1a: Lunala|Lunala, L70|308/308\n|turn|10\n|\n|t:|1782878658\n|move|p2a: Leafeon|Leaf Blade|p1a: Lunala\n|-damage|p1a: Lunala|162/308\n|move|p1a: Lunala|Moongeist Beam|p2a: Leafeon\n|-immune|p2a: Leafeon\n|\n|-heal|p1a: Lunala|181/308|[from] item: Leftovers\n|-damage|p2a: Leafeon|58/258 tox|[from] psn\n|upkeep\n|turn|11\n|\n|t:|1782878663\n|move|p2a: Leafeon|Leaf Blade|p1a: Lunala\n|-damage|p1a: Lunala|0 fnt\n|faint|p1a: Lunala\n|\n|-damage|p2a: Leafeon|0 fnt|[from] psn\n|faint|p2a: Leafeon\n|upkeep\n|\n|t:|1782878669\n|switch|p2a: Weavile|Weavile, L79, F|239/239\n|switch|p1a: Golduck|Golduck, L90, F|290/290\n|-ability|p1a: Golduck|Cloud Nine\n|turn|12\n|\n|t:|1782878672\n|move|p2a: Weavile|Knock Off|p1a: Golduck\n|-damage|p1a: Golduck|136/290\n|-enditem|p1a: Golduck|Leftovers|[from] move: Knock Off|[of] p2a: Weavile\n|move|p1a: Golduck|Hydro Pump|p2a: Weavile\n|-damage|p2a: Weavile|82/239\n|\n|upkeep\n|turn|13\n|\n|t:|1782878678\n|switch|p2a: Goodra|Goodra-Hisui, L82, M|233/265\n|move|p1a: Golduck|Hydro Pump|p2a: Goodra\n|-resisted|p2a: Goodra\n|-damage|p2a: Goodra|203/265\n|\n|upkeep\n|turn|14\n|\n|t:|1782878684\n|move|p1a: Golduck|Ice Beam|p2a: Goodra\n|-crit|p2a: Goodra\n|-damage|p2a: Goodra|150/265\n|move|p2a: Goodra|Draco Meteor|p1a: Golduck\n|-damage|p1a: Golduck|3/290\n|-unboost|p2a: Goodra|spa|2\n|\n|upkeep\n|turn|15\n|\n|t:|1782878688\n|move|p1a: Golduck|Ice Beam|p2a: Goodra\n|-damage|p2a: Goodra|117/265\n|move|p2a: Goodra|Heavy Slam|p1a: Golduck\n|-resisted|p1a: Golduck\n|-damage|p1a: Golduck|0 fnt\n|faint|p1a: Golduck\n|\n|upkeep\n|\n|t:|1782878691\n|switch|p1a: Tauros|Tauros-Paldea-Blaze, L81, M|252/252\n|turn|16\n|\n|t:|1782878694\n|move|p1a: Tauros|Substitute|p1a: Tauros\n|-start|p1a: Tauros|Substitute\n|-damage|p1a: Tauros|189/252\n|move|p2a: Goodra|Draco Meteor|p1a: Tauros\n|-end|p1a: Tauros|Substitute\n|-unboost|p2a: Goodra|spa|2\n|\n|upkeep\n|turn|17\n|\n|t:|1782878701\n|move|p1a: Tauros|Bulk Up|p1a: Tauros\n|-boost|p1a: Tauros|atk|1\n|-boost|p1a: Tauros|def|1\n|move|p2a: Goodra|Heavy Slam|p1a: Tauros\n|-resisted|p1a: Tauros\n|-damage|p1a: Tauros|162/252\n|\n|upkeep\n|turn|18\n|\n|t:|1782878709\n|move|p1a: Tauros|Substitute|p1a: Tauros\n|-start|p1a: Tauros|Substitute\n|-damage|p1a: Tauros|99/252\n|-enditem|p1a: Tauros|Sitrus Berry|[eat]\n|-heal|p1a: Tauros|162/252|[from] item: Sitrus Berry\n|move|p2a: Goodra|Draco Meteor|p1a: Tauros\n|-activate|p1a: Tauros|move: Substitute|[damage]\n|-unboost|p2a: Goodra|spa|2\n|\n|upkeep\n|turn|19\n|\n|t:|1782878721\n|move|p1a: Tauros|Bulk Up|p1a: Tauros\n|-boost|p1a: Tauros|atk|1\n|-boost|p1a: Tauros|def|1\n|move|p2a: Goodra|Draco Meteor|p1a: Tauros\n|-end|p1a: Tauros|Substitute\n|\n|-activate|p1a: Tauros|ability: Cud Chew\n|-enditem|p1a: Tauros|Sitrus Berry|[eat]\n|-heal|p1a: Tauros|225/252|[from] item: Sitrus Berry\n|upkeep\n|turn|20\n|\n|t:|1782878723\n|move|p1a: Tauros|Bulk Up|p1a: Tauros\n|-boost|p1a: Tauros|atk|1\n|-boost|p1a: Tauros|def|1\n|move|p2a: Goodra|Draco Meteor|p1a: Tauros\n|-damage|p1a: Tauros|176/252\n|\n|upkeep\n|turn|21\n|\n|t:|1782878726\n|move|p1a: Tauros|Substitute|p1a: Tauros\n|-start|p1a: Tauros|Substitute\n|-damage|p1a: Tauros|113/252\n|move|p2a: Goodra|Draco Meteor|p1a: Tauros\n|-activate|p1a: Tauros|move: Substitute|[damage]\n|\n|upkeep\n|turn|22\n|\n|t:|1782878732\n|move|p1a: Tauros|Raging Bull|p2a: Goodra\n|-damage|p2a: Goodra|0 fnt\n|faint|p2a: Goodra\n|\n|upkeep\n|\n|t:|1782878734\n|switch|p2a: Weavile|Weavile, L79, F|82/239\n|turn|23\n|\n|t:|1782878736\n|move|p2a: Weavile|Triple Axel|p1a: Tauros\n|-resisted|p1a: Tauros\n|-activate|p1a: Tauros|move: Substitute|[damage]\n|-resisted|p1a: Tauros\n|-end|p1a: Tauros|Substitute\n|-resisted|p1a: Tauros\n|-damage|p1a: Tauros|96/252\n|-hitcount|p1a: Tauros|3\n|move|p1a: Tauros|Raging Bull|p2a: Weavile\n|-supereffective|p2a: Weavile\n|-damage|p2a: Weavile|0 fnt\n|faint|p2a: Weavile\n|\n|upkeep\n|\n|t:|1782878739\n|switch|p2a: Dugtrio|Dugtrio-Alola, L84, M|196/196\n|turn|24\n|\n|t:|1782878750\n|-terastallize|p1a: Tauros|Water\n|move|p2a: Dugtrio|Earthquake|p1a: Tauros\n|-damage|p1a: Tauros|38/252\n|move|p1a: Tauros|Raging Bull|p2a: Dugtrio\n|-supereffective|p2a: Dugtrio\n|-damage|p2a: Dugtrio|0 fnt\n|-ability|p2a: Dugtrio|Tangling Hair\n|-unboost|p1a: Tauros|spe|1\n|faint|p2a: Dugtrio\n|\n|upkeep\n|\n|t:|1782878751\n|switch|p2a: Honchkrow|Honchkrow, L86, M|312/312\n|turn|25\n|\n|t:|1782878759\n|move|p2a: Honchkrow|Brave Bird|p1a: Tauros\n|-damage|p1a: Tauros|0 fnt\n|faint|p1a: Tauros\n|-damage|p2a: Honchkrow|299/312|[from] Recoil\n|\n|win|jnpr010334\n|raw|lusamine wrath's rating: 1346 &rarr; <strong>1328</strong><br />(-18 for losing)\n|raw|jnpr010334's rating: 1377 &rarr; <strong>1395</strong><br />(+18 for winning)\n", "inputlog": ">version f8ac14003a5f27e1bdc8d8c59608a773c1cb96e5\n>start {\"formatid\":\"gen9randombattle\",\"seed\":\"sodium,9b64c41a98ced568265a61a4a697e8e4\",\"rated\":\"Rated battle\"}\n>player p1 {\"name\":\"lusamine wrath\",\"avatar\":\"101\",\"rating\":1346,\"seed\":\"sodium,a29cfe1fc3278e8064c5907dc5574574\"}\n>player p2 {\"name\":\"jnpr010334\",\"avatar\":\"265\",\"rating\":1361,\"seed\":\"sodium,027c8ba59d8f517079d20e06558ef9d4\"}\n>p1 move stoneedge\n>p2 move filletaway\n>p1 move bodypress\n>p2 move aquacutter\n>p2 switch 5\n>p1 move bodypress\n>p2 move lowkick\n>p1 switch 6\n>p1 move hydropump\n>p2 switch 3\n>p1 switch 2\n>p2 move dracometeor\n>p1 move knockoff\n>p2 switch 2\n>p1 move toxic\n>p2 move swordsdance\n>p1 move earthquake\n>p2 move leafblade\n>p1 switch 5\n>p1 move luminacrash\n>p2 move leafblade terastallize\n>p1 switch 4\n>p1 move moongeistbeam\n>p2 move leafblade\n>p1 move moonlight\n>p2 move leafblade\n>p1 switch 2\n>p2 switch 3\n>p1 move hydropump\n>p2 move knockoff\n>p1 move hydropump\n>p2 switch 2\n>p1 move icebeam\n>p2 move dracometeor\n>p1 move icebeam\n>p2 move heavyslam\n>p1 switch 3\n>p1 move substitute\n>p2 move dracometeor\n>p1 move bulkup\n>p2 move heavyslam\n>p1 move substitute\n>p2 move dracometeor\n>p1 move bulkup\n>p2 move dracometeor\n>p1 move bulkup\n>p2 move dracometeor\n>p1 move substitute\n>p2 move dracometeor\n>p1 move ragingbull\n>p2 move dracometeor\n>p2 switch 2\n>p1 move ragingbull\n>p2 move tripleaxel\n>p2 switch 6\n>p1 move ragingbull terastallize\n>p2 move earthquake\n>p2 switch 4\n>p1 move ragingbull\n>p2 move bravebird", "uploadtime": 1782878759, "views": 4, "formatid": "gen9randombattle", "rating": 1328, "private": 0, "password": null, "player_dets": [{"name": "lusamine wrath", "avatar": "101", "rating": 1346, "seed": "sodium,a29cfe1fc3278e8064c5907dc5574574"}, {"name": "jnpr010334", "avatar": "265", "rating": 1361, "seed": "sodium,027c8ba59d8f517079d20e06558ef9d4"}], "teams_full": [{"Avalugg": {"name": "Avalugg", "species": "Avalugg-Hisui", "speciesId": "avalugghisui", "gender": "F", "shiny": false, "level": 90, "moves": ["recover", "avalanche", "bodypress", "stoneedge"], "ability": "Sturdy", "evs": {"hp": 85, "atk": 85, "def": 85, "spa": 85, "spd": 85, "spe": 85}, "ivs": {"hp": 31, "atk": 31, "def": 31, "spa": 31, "spd": 31, "spe": 31}, "item": "Heavy-Duty Boots", "teraType": "Poison", "role": "Bulky Attacker", "bvs": {"hp": 95, "atk": 127, "def": 184, "spa": 34, "spd": 36, "spe": 38}, "stats": {"hp": 317, "atk": 280, "def": 383, "spa": 113, "spd": 116, "spe": 120}, "types": ["Ice", "Rock"]}, "Gliscor": {"name": "Gliscor", "species": "Gliscor", "speciesId": "gliscor", "gender": "M", "shiny": false, "level": 76, "moves": ["earthquake", "protect", "toxic", "knockoff"], "ability": "Poison Heal", "evs": {"hp": 85, "atk": 85, "def": 85, "spa": 85, "spd": 85, "spe": 85}, "ivs": {"hp": 31, "atk": 31, "def": 31, "spa": 31, "spd": 31, "spe": 31}, "item": "Toxic Orb", "teraType": "Water", "role": "Bulky Support", "bvs": {"hp": 75, "atk": 95, "def": 125, "spa": 45, "spd": 75, "spe": 95}, "stats": {"hp": 239, "atk": 188, "def": 234, "spa": 112, "spd": 158, "spe": 188}, "types": ["Ground", "Flying"]}, "Tauros": {"name": "Tauros", "species": "Tauros-Paldea-Blaze", "speciesId": "taurospaldeablaze", "gender": "M", "shiny": false, "level": 81, "moves": ["substitute", "ragingbull", "closecombat", "bulkup"], "ability": "Cud Chew", "evs": {"hp": 73, "atk": 85, "def": 85, "spa": 85, "spd": 85, "spe": 85}, "ivs": {"hp": 31, "atk": 31, "def": 31, "spa": 31, "spd": 31, "spe": 31}, "item": "Sitrus Berry", "teraType": "Water", "role": "Fast Bulky Setup", "bvs": {"hp": 75, "atk": 110, "def": 105, "spa": 30, "spd": 70, "spe": 100}, "stats": {"hp": 252, "atk": 225, "def": 217, "spa": 95, "spd": 160, "spe": 209}, "types": ["Fighting", "Fire"]}, "Lunala": {"name": "Lunala", "species": "Lunala", "speciesId": "lunala", "gender": "N", "shiny": false, "level": 70, "moves": ["moongeistbeam", "moonlight", "moonblast", "calmmind"], "ability": "Shadow Shield", "evs": {"hp": 85, "atk": 0, "def": 85, "spa": 85, "spd": 85, "spe": 85}, "ivs": {"hp": 31, "atk": 0, "def": 31, "spa": 31, "spd": 31, "spe": 31}, "item": "Leftovers", "teraType": "Fairy", "role": "Bulky Setup", "bvs": {"hp": 137, "atk": 113, "def": 89, "spa": 137, "spd": 107, "spe": 97}, "stats": {"hp": 308, "atk": 163, "def": 166, "spa": 233, "spd": 191, "spe": 177}, "types": ["Psychic", "Ghost"]}, "Espathra": {"name": "Espathra", "species": "Espathra", "speciesId": "espathra", "gender": "F", "shiny": false, "level": 80, "moves": ["uturn", "luminacrash", "shadowball", "dazzlinggleam"], "ability": "Speed Boost", "evs": {"hp": 85, "atk": 85, "def": 85, "spa": 85, "spd": 85, "spe": 85}, "ivs": {"hp": 31, "atk": 31, "def": 31, "spa": 31, "spd": 31, "spe": 31}, "item": "Choice Specs", "teraType": "Psychic", "role": "Wallbreaker", "bvs": {"hp": 95, "atk": 60, "def": 60, "spa": 101, "spd": 60, "spe": 105}, "stats": {"hp": 283, "atk": 142, "def": 142, "spa": 208, "spd": 142, "spe": 214}, "types": ["Psychic"]}, "Golduck": {"name": "Golduck", "species": "Golduck", "speciesId": "golduck", "gender": "F", "shiny": false, "level": 90, "moves": ["icebeam", "grassknot", "hydropump", "nastyplot"], "ability": "Cloud Nine", "evs": {"hp": 85, "atk": 0, "def": 85, "spa": 85, "spd": 85, "spe": 85}, "ivs": {"hp": 31, "atk": 0, "def": 31, "spa": 31, "spd": 31, "spe": 31}, "item": "Leftovers", "teraType": "Water", "role": "Bulky Setup", "bvs": {"hp": 80, "atk": 82, "def": 78, "spa": 95, "spd": 80, "spe": 85}, "stats": {"hp": 290, "atk": 152, "def": 192, "spa": 222, "spd": 195, "spe": 204}, "types": ["Water"]}}, {"Veluza": {"name": "Veluza", "species": "Veluza", "speciesId": "veluza", "gender": "M", "shiny": false, "level": 85, "moves": ["aquacutter", "nightslash", "filletaway", "psychocut"], "ability": "Sharpness", "evs": {"hp": 85, "atk": 85, "def": 85, "spa": 85, "spd": 85, "spe": 85}, "ivs": {"hp": 31, "atk": 31, "def": 31, "spa": 31, "spd": 31, "spe": 31}, "item": "Sitrus Berry", "teraType": "Water", "role": "Setup Sweeper", "bvs": {"hp": 90, "atk": 102, "def": 73, "spa": 78, "spd": 65, "spe": 70}, "stats": {"hp": 292, "atk": 222, "def": 173, "spa": 181, "spd": 159, "spe": 168}, "types": ["Water", "Psychic"]}, "Leafeon": {"name": "Leafeon", "species": "Leafeon", "speciesId": "leafeon", "gender": "F", "shiny": false, "level": 88, "moves": ["synthesis", "swordsdance", "leafblade", "doubleedge"], "ability": "Chlorophyll", "evs": {"hp": 85, "atk": 85, "def": 85, "spa": 85, "spd": 85, "spe": 85}, "ivs": {"hp": 31, "atk": 31, "def": 31, "spa": 31, "spd": 31, "spe": 31}, "item": "Life Orb", "teraType": "Normal", "role": "Setup Sweeper", "bvs": {"hp": 65, "atk": 110, "def": 130, "spa": 60, "spd": 65, "spe": 95}, "stats": {"hp": 258, "atk": 244, "def": 279, "spa": 156, "spd": 165, "spe": 217}, "types": ["Grass"]}, "Goodra": {"name": "Goodra", "species": "Goodra-Hisui", "speciesId": "goodrahisui", "gender": "M", "shiny": false, "level": 82, "moves": ["knockoff", "heavyslam", "dracometeor", "hydropump"], "ability": "Sap Sipper", "evs": {"hp": 85, "atk": 85, "def": 85, "spa": 85, "spd": 85, "spe": 85}, "ivs": {"hp": 31, "atk": 31, "def": 31, "spa": 31, "spd": 31, "spe": 31}, "item": "Assault Vest", "teraType": "Water", "role": "AV Pivot", "bvs": {"hp": 80, "atk": 100, "def": 100, "spa": 110, "spd": 150, "spe": 60}, "stats": {"hp": 265, "atk": 211, "def": 211, "spa": 228, "spd": 293, "spe": 146}, "types": ["Steel", "Dragon"]}, "Honchkrow": {"name": "Honchkrow", "species": "Honchkrow", "speciesId": "honchkrow", "gender": "M", "shiny": false, "level": 86, "moves": ["bravebird", "uturn", "heatwave", "suckerpunch"], "ability": "Moxie", "evs": {"hp": 85, "atk": 85, "def": 85, "spa": 85, "spd": 85, "spe": 85}, "ivs": {"hp": 31, "atk": 31, "def": 31, "spa": 31, "spd": 31, "spe": 31}, "item": "Heavy-Duty Boots", "teraType": "Flying", "role": "Fast Attacker", "bvs": {"hp": 100, "atk": 125, "def": 52, "spa": 105, "spd": 52, "spe": 71}, "stats": {"hp": 312, "atk": 264, "def": 139, "spa": 230, "spd": 139, "spe": 171}, "types": ["Dark", "Flying"]}, "Weavile": {"name": "Weavile", "species": "Weavile", "speciesId": "weavile", "gender": "F", "shiny": false, "level": 79, "moves": ["knockoff", "iceshard", "tripleaxel", "lowkick"], "ability": "Pickpocket", "evs": {"hp": 81, "atk": 85, "def": 85, "spa": 85, "spd": 85, "spe": 85}, "ivs": {"hp": 31, "atk": 31, "def": 31, "spa": 31, "spd": 31, "spe": 31}, "item": "Choice Band", "teraType": "Dark", "role": "Fast Attacker", "bvs": {"hp": 70, "atk": 120, "def": 65, "spa": 45, "spd": 85, "spe": 125}, "stats": {"hp": 239, "atk": 235, "def": 148, "spa": 117, "spd": 180, "spe": 243}, "types": ["Dark", "Ice"]}, "Dugtrio": {"name": "Dugtrio", "species": "Dugtrio-Alola", "speciesId": "dugtrioalola", "gender": "M", "shiny": false, "level": 84, "moves": ["earthquake", "ironhead", "stoneedge", "suckerpunch"], "ability": "Tangling Hair", "evs": {"hp": 85, "atk": 85, "def": 85, "spa": 85, "spd": 85, "spe": 85}, "ivs": {"hp": 31, "atk": 31, "def": 31, "spa": 31, "spd": 31, "spe": 31}, "item": "Choice Band", "teraType": "Ground", "role": "Fast Attacker", "bvs": {"hp": 35, "atk": 100, "def": 60, "spa": 50, "spd": 70, "spe": 110}, "stats": {"hp": 196, "atk": 216, "def": 149, "spa": 132, "spd": 166, "spe": 233}, "types": ["Ground", "Steel"]}}]}