{"id": "gen9randombattle-2642104774", "format": "[Gen 9] Random Battle", "players": ["l0rdskr0lk", "jnpr010334"], "log": "|j|\u2606l0rdskr0lk\n|j|\u2606jnpr010334\n|t:|1782890927\n|gametype|singles\n|player|p1|l0rdskr0lk|alder|1787\n|player|p2|jnpr010334|265|1809\n|gen|9\n|tier|[Gen 9] Random Battle\n|rated|\n|rule|Species Clause: Limit one of each Pok\u00e9mon\n|rule|HP Percentage Mod: HP is shown in percentages\n|rule|Sleep Clause Mod: Limit one foe put to sleep\n|rule|Illusion Level Mod: Illusion disguises the Pok\u00e9mon's true level\n|\n|t:|1782890927\n|teamsize|p1|6\n|teamsize|p2|6\n|start\n|switch|p1a: Dodrio|Dodrio, L85, M|241/241\n|switch|p2a: Heatran|Heatran, L79, M|273/273\n|-item|p2a: Heatran|Air Balloon\n|turn|1\n|inactive|Battle timer is ON: inactive players will automatically lose when time's up. (requested by jnpr010334)\n|\n|t:|1782890947\n|switch|p1a: Palkia|Palkia-Origin, L72|249/249\n|-ability|p1a: Palkia|Pressure\n|move|p2a: Heatran|Stealth Rock|p1a: Palkia\n|-sidestart|p1: l0rdskr0lk|move: Stealth Rock\n|\n|upkeep\n|turn|2\n|\n|t:|1782890963\n|move|p1a: Palkia|Hydro Pump|p2a: Heatran\n|-supereffective|p2a: Heatran\n|-damage|p2a: Heatran|15/273\n|-enditem|p2a: Heatran|Air Balloon\n|move|p2a: Heatran|Earth Power|p1a: Palkia\n|-damage|p1a: Palkia|183/249\n|\n|upkeep\n|turn|3\n|\n|t:|1782890973\n|move|p1a: Palkia|Spacial Rend|p2a: Heatran|[miss]\n|-miss|p1a: Palkia|p2a: Heatran\n|move|p2a: Heatran|Earth Power|p1a: Palkia\n|-damage|p1a: Palkia|119/249\n|\n|upkeep\n|turn|4\n|\n|t:|1782890976\n|move|p1a: Palkia|Spacial Rend|p2a: Heatran\n|-resisted|p2a: Heatran\n|-damage|p2a: Heatran|0 fnt\n|faint|p2a: Heatran\n|\n|upkeep\n|\n|t:|1782890978\n|switch|p2a: Mew|Mew, L82|298/298\n|turn|5\n|\n|t:|1782890985\n|move|p1a: Palkia|Spacial Rend|p2a: Mew|[miss]\n|-miss|p1a: Palkia|p2a: Mew\n|move|p2a: Mew|Psyshock|p1a: Palkia\n|-damage|p1a: Palkia|1/249\n|-damage|p2a: Mew|269/298|[from] item: Life Orb\n|\n|upkeep\n|turn|6\n|\n|t:|1782890991\n|move|p1a: Palkia|Spacial Rend|p2a: Mew\n|-damage|p2a: Mew|148/298\n|move|p2a: Mew|Psyshock|p1a: Palkia\n|-damage|p1a: Palkia|0 fnt\n|faint|p1a: Palkia\n|-damage|p2a: Mew|119/298|[from] item: Life Orb\n|\n|upkeep\n|\n|t:|1782891000\n|switch|p1a: Dodrio|Dodrio, L85, M|241/241\n|-damage|p1a: Dodrio|181/241|[from] Stealth Rock\n|turn|7\n|\n|t:|1782891007\n|switch|p2a: Palossand|Palossand, L89, F|296/296\n|move|p1a: Dodrio|Brave Bird|p2a: Palossand\n|-damage|p2a: Palossand|136/296\n|-damage|p1a: Dodrio|128/241|[from] Recoil\n|\n|-heal|p2a: Palossand|154/296|[from] item: Leftovers\n|upkeep\n|turn|8\n|\n|t:|1782891013\n|move|p1a: Dodrio|Brave Bird|p2a: Palossand\n|-damage|p2a: Palossand|0 fnt\n|faint|p2a: Palossand\n|-damage|p1a: Dodrio|77/241|[from] Recoil\n|\n|upkeep\n|\n|t:|1782891017\n|switch|p2a: Flygon|Flygon, L82, F|265/265\n|turn|9\n|\n|t:|1782891021\n|move|p1a: Dodrio|Brave Bird|p2a: Flygon\n|-damage|p2a: Flygon|33/265\n|-damage|p1a: Dodrio|0 fnt|[from] Recoil\n|faint|p1a: Dodrio\n|move|p2a: Flygon|Dragon Dance|p2a: Flygon\n|-boost|p2a: Flygon|atk|1\n|-boost|p2a: Flygon|spe|1\n|\n|upkeep\n|\n|t:|1782891051\n|switch|p1a: Urshifu|Urshifu-Rapid-Strike, L75, M|274/274\n|-damage|p1a: Urshifu|257/274|[from] Stealth Rock\n|turn|10\n|\n|t:|1782891055\n|move|p2a: Flygon|Outrage|p1a: Urshifu\n|-damage|p1a: Urshifu|82/274\n|move|p1a: Urshifu|Surging Strikes|p2a: Flygon\n|-crit|p2a: Flygon\n|-damage|p2a: Flygon|0 fnt\n|faint|p2a: Flygon\n|-hitcount|p2: Flygon|1\n|-damage|p1a: Urshifu|55/274|[from] item: Life Orb\n|\n|upkeep\n|\n|t:|1782891056\n|switch|p2a: Bombirdier|Bombirdier, L85, M|258/258\n|turn|11\n|\n|t:|1782891069\n|move|p1a: Urshifu|Surging Strikes|p2a: Bombirdier\n|-crit|p2a: Bombirdier\n|-damage|p2a: Bombirdier|202/258\n|-crit|p2a: Bombirdier\n|-damage|p2a: Bombirdier|144/258\n|-crit|p2a: Bombirdier\n|-damage|p2a: Bombirdier|86/258\n|-hitcount|p2a: Bombirdier|3\n|-damage|p1a: Urshifu|28/274|[from] item: Life Orb\n|move|p2a: Bombirdier|Brave Bird|p1a: Urshifu\n|-supereffective|p1a: Urshifu\n|-damage|p1a: Urshifu|0 fnt\n|faint|p1a: Urshifu\n|-damage|p2a: Bombirdier|77/258|[from] Recoil\n|\n|upkeep\n|\n|t:|1782891092\n|switch|p1a: Beartic|Beartic, L91, M|321/321\n|turn|12\n|\n|t:|1782891099\n|move|p2a: Bombirdier|Knock Off|p1a: Beartic\n|-damage|p1a: Beartic|209/321\n|-enditem|p1a: Beartic|Heavy-Duty Boots|[from] move: Knock Off|[of] p2a: Bombirdier\n|move|p1a: Beartic|Icicle Crash|p2a: Bombirdier\n|-supereffective|p2a: Bombirdier\n|-damage|p2a: Bombirdier|0 fnt\n|faint|p2a: Bombirdier\n|\n|upkeep\n|\n|t:|1782891101\n|switch|p2a: Arceus|Arceus-Psychic, L69|280/280\n|turn|13\n|\n|t:|1782891108\n|move|p2a: Arceus|Cosmic Power|p2a: Arceus\n|-boost|p2a: Arceus|def|1\n|-boost|p2a: Arceus|spd|1\n|move|p1a: Beartic|Icicle Crash|p2a: Arceus\n|-damage|p2a: Arceus|199/280\n|\n|upkeep\n|turn|14\n|\n|t:|1782891111\n|move|p2a: Arceus|Cosmic Power|p2a: Arceus\n|-boost|p2a: Arceus|def|1\n|-boost|p2a: Arceus|spd|1\n|move|p1a: Beartic|Swords Dance|p1a: Beartic\n|-boost|p1a: Beartic|atk|2\n|\n|upkeep\n|turn|15\n|\n|t:|1782891122\n|-terastallize|p2a: Arceus|Steel\n|move|p2a: Arceus|Body Press|p1a: Beartic\n|-supereffective|p1a: Beartic\n|-damage|p1a: Beartic|17/321\n|move|p1a: Beartic|Icicle Crash|p2a: Arceus\n|-resisted|p2a: Arceus\n|-damage|p2a: Arceus|133/280\n|\n|upkeep\n|turn|16\n|\n|t:|1782891127\n|move|p2a: Arceus|Recover|p2a: Arceus\n|-heal|p2a: Arceus|273/280\n|move|p1a: Beartic|Close Combat|p2a: Arceus\n|-supereffective|p2a: Arceus\n|-damage|p2a: Arceus|41/280\n|-unboost|p1a: Beartic|def|1\n|-unboost|p1a: Beartic|spd|1\n|\n|upkeep\n|turn|17\n|\n|t:|1782891131\n|move|p2a: Arceus|Stored Power|p1a: Beartic\n|-damage|p1a: Beartic|0 fnt\n|faint|p1a: Beartic\n|\n|upkeep\n|\n|t:|1782891139\n|switch|p1a: Camerupt|Camerupt, L91, M|275/275\n|-damage|p1a: Camerupt|241/275|[from] Stealth Rock\n|turn|18\n|\n|t:|1782891148\n|move|p2a: Arceus|Recover|p2a: Arceus\n|-heal|p2a: Arceus|181/280\n|move|p1a: Camerupt|Roar|p2a: Arceus\n|drag|p2a: Mew|Mew, L82|119/298\n|\n|-heal|p1a: Camerupt|258/275|[from] item: Leftovers\n|upkeep\n|turn|19\n|\n|t:|1782891151\n|move|p2a: Mew|Hydro Pump|p1a: Camerupt\n|-supereffective|p1a: Camerupt\n|-damage|p1a: Camerupt|0 fnt\n|faint|p1a: Camerupt\n|-damage|p2a: Mew|90/298|[from] item: Life Orb\n|\n|upkeep\n|\n|t:|1782891154\n|switch|p1a: Kilowattrel|Kilowattrel, L83, M|252/252\n|turn|20\n|\n|t:|1782891170\n|move|p1a: Kilowattrel|Hurricane|p2a: Mew|[miss]\n|-miss|p1a: Kilowattrel|p2a: Mew\n|move|p2a: Mew|Psyshock|p1a: Kilowattrel\n|-damage|p1a: Kilowattrel|103/252\n|-damage|p2a: Mew|61/298|[from] item: Life Orb\n|\n|upkeep\n|turn|21\n|\n|t:|1782891173\n|move|p1a: Kilowattrel|Hurricane|p2a: Mew\n|-damage|p2a: Mew|0 fnt\n|faint|p2a: Mew\n|\n|upkeep\n|\n|t:|1782891177\n|switch|p2a: Arceus|Arceus-Psychic, L69, tera:Steel|181/280\n|turn|22\n|\n|t:|1782891180\n|move|p1a: Kilowattrel|Discharge|p2a: Arceus\n|-damage|p2a: Arceus|99/280\n|move|p2a: Arceus|Recover|p2a: Arceus\n|-heal|p2a: Arceus|239/280\n|\n|upkeep\n|turn|23\n|\n|t:|1782891185\n|move|p1a: Kilowattrel|Roost|p1a: Kilowattrel\n|-heal|p1a: Kilowattrel|229/252\n|-singleturn|p1a: Kilowattrel|move: Roost\n|move|p2a: Arceus|Cosmic Power|p2a: Arceus\n|-boost|p2a: Arceus|def|1\n|-boost|p2a: Arceus|spd|1\n|\n|upkeep\n|turn|24\n|\n|t:|1782891188\n|move|p1a: Kilowattrel|Discharge|p2a: Arceus\n|-damage|p2a: Arceus|179/280\n|move|p2a: Arceus|Cosmic Power|p2a: Arceus\n|-boost|p2a: Arceus|def|1\n|-boost|p2a: Arceus|spd|1\n|\n|upkeep\n|turn|25\n|\n|t:|1782891194\n|move|p1a: Kilowattrel|Discharge|p2a: Arceus\n|-damage|p2a: Arceus|133/280\n|-status|p2a: Arceus|par\n|move|p2a: Arceus|Recover|p2a: Arceus\n|-heal|p2a: Arceus|273/280 par\n|\n|upkeep\n|turn|26\n|\n|t:|1782891199\n|move|p1a: Kilowattrel|Discharge|p2a: Arceus\n|-damage|p2a: Arceus|227/280 par\n|move|p2a: Arceus|Cosmic Power|p2a: Arceus\n|-boost|p2a: Arceus|def|1\n|-boost|p2a: Arceus|spd|1\n|\n|upkeep\n|turn|27\n|\n|t:|1782891202\n|move|p1a: Kilowattrel|Hurricane|p2a: Arceus\n|-resisted|p2a: Arceus\n|-damage|p2a: Arceus|201/280 par\n|move|p2a: Arceus|Stored Power|p1a: Kilowattrel\n|-damage|p1a: Kilowattrel|36/252\n|\n|upkeep\n|turn|28\n|\n|t:|1782891207\n|move|p1a: Kilowattrel|Hurricane|p2a: Arceus|[miss]\n|-miss|p1a: Kilowattrel|p2a: Arceus\n|move|p2a: Arceus|Stored Power|p1a: Kilowattrel\n|-damage|p1a: Kilowattrel|0 fnt\n|faint|p1a: Kilowattrel\n|\n|win|jnpr010334\n|raw|l0rdskr0lk's rating: 1787 &rarr; <strong>1767</strong><br />(-20 for losing)\n|raw|jnpr010334's rating: 1782 &rarr; <strong>1802</strong><br />(+20 for winning)\n", "inputlog": ">version f8ac14003a5f27e1bdc8d8c59608a773c1cb96e5\n>start {\"formatid\":\"gen9randombattle\",\"seed\":\"sodium,1921d667c77cc7d2ea691c39c00db13d\",\"rated\":\"Rated battle\"}\n>player p1 {\"name\":\"l0rdskr0lk\",\"avatar\":\"alder\",\"rating\":1787,\"seed\":\"sodium,18a6be368785e3002c40765f557f5dd5\"}\n>player p2 {\"name\":\"jnpr010334\",\"avatar\":\"265\",\"rating\":1809,\"seed\":\"sodium,dcfeae4c52b6fca83688b6ac1c7fa8a5\"}\n>p1 switch 4\n>p2 move stealthrock\n>p1 move hydropump\n>p2 move earthpower\n>p1 move spacialrend\n>p2 move earthpower\n>p1 move spacialrend\n>p2 move earthpower\n>p2 switch 2\n>p1 move spacialrend\n>p2 move psyshock\n>p1 move spacialrend\n>p2 move psyshock\n>p1 switch 4\n>p1 move bravebird\n>p2 switch 3\n>p1 move bravebird\n>p2 move shoreup\n>p2 switch 6\n>p1 move bravebird\n>p2 move dragondance\n>p1 switch 6\n>p1 move surgingstrikes\n>p2 move outrage\n>p2 switch 5\n>p1 move surgingstrikes\n>p2 move bravebird\n>p1 switch 3\n>p1 move iciclecrash\n>p2 move knockoff\n>p2 switch 4\n>p1 move iciclecrash\n>p2 move cosmicpower\n>p1 move swordsdance\n>p2 move cosmicpower\n>p1 move iciclecrash\n>p2 move bodypress terastallize\n>p1 move closecombat\n>p2 move recover\n>p1 move closecombat\n>p2 move storedpower\n>p1 switch 5\n>p1 move roar\n>p2 move recover\n>p1 move stealthrock\n>p2 move hydropump\n>p1 switch 2\n>p1 move hurricane\n>p2 move psyshock\n>p1 move hurricane\n>p2 move psyshock\n>p2 switch 3\n>p1 move discharge\n>p2 move recover\n>p1 move roost\n>p2 move cosmicpower\n>p1 move discharge\n>p2 move cosmicpower\n>p1 move discharge\n>p2 move recover\n>p1 move discharge\n>p2 move cosmicpower\n>p1 move hurricane\n>p2 move storedpower\n>p1 move hurricane\n>p2 move storedpower", "uploadtime": 1782891207, "views": 3, "formatid": "gen9randombattle", "rating": 1767, "private": 0, "password": null, "player_dets": [{"name": "l0rdskr0lk", "avatar": "alder", "rating": 1787, "seed": "sodium,18a6be368785e3002c40765f557f5dd5"}, {"name": "jnpr010334", "avatar": "265", "rating": 1809, "seed": "sodium,dcfeae4c52b6fca83688b6ac1c7fa8a5"}], "teams_full": [{"Dodrio": {"name": "Dodrio", "species": "Dodrio", "speciesId": "dodrio", "gender": "M", "shiny": false, "level": 85, "moves": ["bravebird", "quickattack", "knockoff", "doubleedge"], "ability": "Early Bird", "evs": {"hp": 85, "atk": 85, "def": 85, "spa": 85, "spd": 85, "spe": 85}, "ivs": {"hp": 31, "atk": 31, "def": 31, "spa": 31, "spd": 31, "spe": 31}, "item": "Choice Band", "teraType": "Normal", "role": "Fast Attacker", "bvs": {"hp": 60, "atk": 110, "def": 70, "spa": 60, "spd": 60, "spe": 110}, "stats": {"hp": 241, "atk": 236, "def": 168, "spa": 151, "spd": 151, "spe": 236}, "types": ["Normal", "Flying"]}, "Kilowattrel": {"name": "Kilowattrel", "species": "Kilowattrel", "speciesId": "kilowattrel", "gender": "M", "shiny": false, "level": 83, "moves": ["uturn", "discharge", "roost", "hurricane"], "ability": "Volt Absorb", "evs": {"hp": 85, "atk": 85, "def": 85, "spa": 85, "spd": 85, "spe": 85}, "ivs": {"hp": 31, "atk": 31, "def": 31, "spa": 31, "spd": 31, "spe": 31}, "item": "Heavy-Duty Boots", "teraType": "Steel", "role": "Bulky Attacker", "bvs": {"hp": 70, "atk": 70, "def": 60, "spa": 105, "spd": 60, "spe": 125}, "stats": {"hp": 252, "atk": 164, "def": 147, "spa": 222, "spd": 147, "spe": 255}, "types": ["Electric", "Flying"]}, "Beartic": {"name": "Beartic", "species": "Beartic", "speciesId": "beartic", "gender": "M", "shiny": false, "level": 91, "moves": ["iciclecrash", "earthquake", "swordsdance", "closecombat"], "ability": "Slush Rush", "evs": {"hp": 85, "atk": 85, "def": 85, "spa": 85, "spd": 85, "spe": 85}, "ivs": {"hp": 31, "atk": 31, "def": 31, "spa": 31, "spd": 31, "spe": 31}, "item": "Heavy-Duty Boots", "teraType": "Ground", "role": "Wallbreaker", "bvs": {"hp": 95, "atk": 130, "def": 80, "spa": 70, "spd": 80, "spe": 50}, "stats": {"hp": 321, "atk": 288, "def": 197, "spa": 179, "spd": 197, "spe": 143}, "types": ["Ice"]}, "Palkia": {"name": "Palkia", "species": "Palkia-Origin", "speciesId": "palkiaorigin", "gender": "N", "shiny": false, "level": 72, "moves": ["spacialrend", "hydropump", "thunderwave", "fireblast"], "ability": "Pressure", "evs": {"hp": 85, "atk": 0, "def": 85, "spa": 85, "spd": 85, "spe": 85}, "ivs": {"hp": 31, "atk": 0, "def": 31, "spa": 31, "spd": 31, "spe": 31}, "item": "Lustrous Globe", "teraType": "Fire", "role": "Bulky Attacker", "bvs": {"hp": 90, "atk": 100, "def": 100, "spa": 150, "spd": 120, "spe": 120}, "stats": {"hp": 249, "atk": 149, "def": 186, "spa": 258, "spd": 215, "spe": 215}, "types": ["Water", "Dragon"]}, "Camerupt": {"name": "Camerupt", "species": "Camerupt", "speciesId": "camerupt", "gender": "M", "shiny": false, "level": 91, "moves": ["roar", "stealthrock", "earthquake", "overheat"], "ability": "Solid Rock", "evs": {"hp": 85, "atk": 85, "def": 85, "spa": 85, "spd": 85, "spe": 85}, "ivs": {"hp": 31, "atk": 31, "def": 31, "spa": 31, "spd": 31, "spe": 31}, "item": "Leftovers", "teraType": "Grass", "role": "Bulky Support", "bvs": {"hp": 70, "atk": 100, "def": 70, "spa": 105, "spd": 75, "spe": 40}, "stats": {"hp": 275, "atk": 234, "def": 179, "spa": 243, "spd": 188, "spe": 125}, "types": ["Fire", "Ground"]}, "Urshifu": {"name": "Urshifu", "species": "Urshifu-Rapid-Strike", "speciesId": "urshifurapidstrike", "gender": "M", "shiny": false, "level": 75, "moves": ["icespinner", "swordsdance", "closecombat", "surgingstrikes"], "ability": "Unseen Fist", "evs": {"hp": 85, "atk": 85, "def": 85, "spa": 85, "spd": 85, "spe": 85}, "ivs": {"hp": 31, "atk": 31, "def": 31, "spa": 31, "spd": 31, "spe": 31}, "item": "Life Orb", "teraType": "Water", "role": "Fast Attacker", "bvs": {"hp": 100, "atk": 130, "def": 100, "spa": 63, "spd": 60, "spe": 97}, "stats": {"hp": 274, "atk": 239, "def": 194, "spa": 138, "spd": 134, "spe": 189}, "types": ["Fighting", "Water"]}}, {"Heatran": {"name": "Heatran", "species": "Heatran", "speciesId": "heatran", "gender": "M", "shiny": false, "level": 79, "moves": ["earthpower", "heavyslam", "stealthrock", "lavaplume"], "ability": "Flash Fire", "evs": {"hp": 85, "atk": 85, "def": 85, "spa": 85, "spd": 85, "spe": 85}, "ivs": {"hp": 31, "atk": 31, "def": 31, "spa": 31, "spd": 31, "spe": 31}, "item": "Air Balloon", "teraType": "Flying", "role": "Bulky Support", "bvs": {"hp": 91, "atk": 90, "def": 106, "spa": 130, "spd": 106, "spe": 77}, "stats": {"hp": 273, "atk": 188, "def": 213, "spa": 251, "spd": 213, "spe": 167}, "types": ["Fire", "Steel"]}, "Mew": {"name": "Mew", "species": "Mew", "speciesId": "mew", "gender": "N", "shiny": false, "level": 82, "moves": ["earthpower", "hydropump", "nastyplot", "psyshock"], "ability": "Synchronize", "evs": {"hp": 85, "atk": 0, "def": 85, "spa": 85, "spd": 85, "spe": 85}, "ivs": {"hp": 31, "atk": 0, "def": 31, "spa": 31, "spd": 31, "spe": 31}, "item": "Life Orb", "teraType": "Ground", "role": "Fast Bulky Setup", "bvs": {"hp": 100, "atk": 100, "def": 100, "spa": 100, "spd": 100, "spe": 100}, "stats": {"hp": 298, "atk": 169, "def": 211, "spa": 211, "spd": 211, "spe": 211}, "types": ["Psychic"]}, "Palossand": {"name": "Palossand", "species": "Palossand", "speciesId": "palossand", "gender": "F", "shiny": false, "level": 89, "moves": ["sludgebomb", "shadowball", "earthpower", "shoreup"], "ability": "Water Compaction", "evs": {"hp": 85, "atk": 0, "def": 85, "spa": 85, "spd": 85, "spe": 85}, "ivs": {"hp": 31, "atk": 0, "def": 31, "spa": 31, "spd": 31, "spe": 31}, "item": "Leftovers", "teraType": "Water", "role": "Bulky Support", "bvs": {"hp": 85, "atk": 75, "def": 110, "spa": 100, "spd": 75, "spe": 35}, "stats": {"hp": 296, "atk": 138, "def": 247, "spa": 229, "spd": 184, "spe": 113}, "types": ["Ghost", "Ground"]}, "Arceus": {"name": "Arceus", "species": "Arceus-Psychic", "speciesId": "arceuspsychic", "gender": "N", "shiny": false, "level": 69, "moves": ["recover", "storedpower", "bodypress", "cosmicpower"], "ability": "Multitype", "evs": {"hp": 85, "atk": 0, "def": 85, "spa": 85, "spd": 85, "spe": 85}, "ivs": {"hp": 31, "atk": 0, "def": 31, "spa": 31, "spd": 31, "spe": 31}, "item": "Mind Plate", "teraType": "Steel", "role": "Bulky Setup", "bvs": {"hp": 120, "atk": 120, "def": 120, "spa": 120, "spd": 120, "spe": 120}, "stats": {"hp": 280, "atk": 170, "def": 206, "spa": 206, "spd": 206, "spe": 206}, "types": ["Psychic"]}, "Bombirdier": {"name": "Bombirdier", "species": "Bombirdier", "speciesId": "bombirdier", "gender": "M", "shiny": false, "level": 85, "moves": ["roost", "bravebird", "suckerpunch", "knockoff"], "ability": "Big Pecks", "evs": {"hp": 85, "atk": 85, "def": 85, "spa": 85, "spd": 85, "spe": 85}, "ivs": {"hp": 31, "atk": 31, "def": 31, "spa": 31, "spd": 31, "spe": 31}, "item": "Heavy-Duty Boots", "teraType": "Dark", "role": "Bulky Support", "bvs": {"hp": 70, "atk": 103, "def": 85, "spa": 60, "spd": 85, "spe": 82}, "stats": {"hp": 258, "atk": 224, "def": 193, "spa": 151, "spd": 193, "spe": 188}, "types": ["Flying", "Dark"]}, "Flygon": {"name": "Flygon", "species": "Flygon", "speciesId": "flygon", "gender": "F", "shiny": false, "level": 82, "moves": ["dragondance", "earthquake", "outrage", "stoneedge"], "ability": "Levitate", "evs": {"hp": 85, "atk": 85, "def": 85, "spa": 85, "spd": 85, "spe": 85}, "ivs": {"hp": 31, "atk": 31, "def": 31, "spa": 31, "spd": 31, "spe": 31}, "item": "Lum Berry", "teraType": "Steel", "role": "Fast Attacker", "bvs": {"hp": 80, "atk": 100, "def": 80, "spa": 80, "spd": 80, "spe": 100}, "stats": {"hp": 265, "atk": 211, "def": 178, "spa": 178, "spd": 178, "spe": 211}, "types": ["Ground", "Dragon"]}}]}