{"id": "gen9randombattle-2642232161", "format": "[Gen 9] Random Battle", "players": ["pocketmuensters", "jnpr010334"], "log": "|j|\u2606pocketmuensters\n|j|\u2606jnpr010334\n|t:|1782914384\n|gametype|singles\n|player|p1|pocketmuensters|2|1916\n|player|p2|jnpr010334|265|1961\n|gen|9\n|tier|[Gen 9] Random Battle\n|rated|\n|rule|Species Clause: Limit one of each Pok\u00e9mon\n|rule|HP Percentage Mod: HP is shown in percentages\n|rule|Sleep Clause Mod: Limit one foe put to sleep\n|rule|Illusion Level Mod: Illusion disguises the Pok\u00e9mon's true level\n|\n|t:|1782914384\n|teamsize|p1|6\n|teamsize|p2|6\n|start\n|switch|p1a: Talonflame|Talonflame, L83, F|265/265\n|switch|p2a: Slowking|Slowking-Galar, L85, F|300/300\n|turn|1\n|inactive|Battle timer is ON: inactive players will automatically lose when time's up. (requested by jnpr010334)\n|\n|t:|1782914393\n|move|p1a: Talonflame|U-turn|p2a: Slowking\n|-damage|p2a: Slowking|252/300\n|inactive|pocketmuensters has 120 seconds left.\n|\n|t:|1782914426\n|switch|p1a: Greninja|Greninja, L80, M|246/246|[from] U-turn\n|move|p2a: Slowking|Sludge Bomb|p1a: Greninja\n|-damage|p1a: Greninja|102/246\n|\n|upkeep\n|turn|2\n|\n|t:|1782914433\n|move|p1a: Greninja|Dark Pulse|p2a: Slowking\n|-start|p1a: Greninja|typechange|Dark|[from] ability: Protean\n|-supereffective|p2a: Slowking\n|-damage|p2a: Slowking|127/300\n|-damage|p1a: Greninja|78/246|[from] item: Life Orb\n|move|p2a: Slowking|Sludge Bomb|p1a: Greninja\n|-damage|p1a: Greninja|0 fnt\n|faint|p1a: Greninja\n|\n|upkeep\n|\n|t:|1782914448\n|switch|p1a: Bruxish|Bruxish, L85, F|254/254\n|turn|3\n|\n|t:|1782914451\n|switch|p2a: Ariados|Ariados, L95, F|287/287\n|move|p1a: Bruxish|Swords Dance|p1a: Bruxish\n|-boost|p1a: Bruxish|atk|2\n|\n|upkeep\n|turn|4\n|\n|t:|1782914458\n|-terastallize|p2a: Ariados|Ghost\n|move|p1a: Bruxish|Psychic Fangs|p2a: Ariados\n|-damage|p2a: Ariados|0 fnt\n|faint|p2a: Ariados\n|-damage|p1a: Bruxish|229/254|[from] item: Life Orb\n|\n|upkeep\n|\n|t:|1782914460\n|switch|p2a: Regidrago|Regidrago, L77|435/435\n|turn|5\n|\n|t:|1782914469\n|move|p1a: Bruxish|Psychic Fangs|p2a: Regidrago\n|-damage|p2a: Regidrago|0 fnt\n|faint|p2a: Regidrago\n|-damage|p1a: Bruxish|204/254|[from] item: Life Orb\n|\n|upkeep\n|\n|t:|1782914472\n|switch|p2a: Hoopa|Hoopa, L85|275/275\n|turn|6\n|\n|t:|1782914477\n|move|p1a: Bruxish|Crunch|p2a: Hoopa\n|-supereffective|p2a: Hoopa\n|-damage|p2a: Hoopa|0 fnt\n|faint|p2a: Hoopa\n|-damage|p1a: Bruxish|179/254|[from] item: Life Orb\n|\n|upkeep\n|\n|t:|1782914479\n|switch|p2a: Enamorus|Enamorus, L79, F|247/247\n|turn|7\n|inactive|pocketmuensters has 120 seconds left.\n|\n|t:|1782914515\n|move|p2a: Enamorus|Moonblast|p1a: Bruxish\n|-damage|p1a: Bruxish|41/254\n|-unboost|p1a: Bruxish|spa|1\n|move|p1a: Bruxish|Psychic Fangs|p2a: Enamorus\n|-damage|p2a: Enamorus|0 fnt\n|faint|p2a: Enamorus\n|-damage|p1a: Bruxish|16/254|[from] item: Life Orb\n|\n|upkeep\n|\n|t:|1782914518\n|switch|p2a: Slowking|Slowking-Galar, L85, F|227/300\n|turn|8\n|\n|t:|1782914526\n|switch|p2a: Swampert|Swampert, L83, F|302/302\n|move|p1a: Bruxish|Crunch|p2a: Swampert\n|-damage|p2a: Swampert|81/302\n|-damage|p1a: Bruxish|0 fnt|[from] item: Life Orb\n|faint|p1a: Bruxish\n|\n|-heal|p2a: Swampert|99/302|[from] item: Leftovers\n|upkeep\n|inactive|pocketmuensters has 120 seconds left.\n|inactive|pocketmuensters has 90 seconds left.\n|inactive|pocketmuensters has 60 seconds left.\n|\n|t:|1782914604\n|switch|p1a: Luxray|Luxray, L88, M|284/284\n|-ability|p1a: Luxray|Intimidate|boost\n|-unboost|p2a: Swampert|atk|1\n|turn|9\n|inactive|pocketmuensters has 60 seconds left.\n|inactive|pocketmuensters has 30 seconds left.\n|\n|t:|1782914643\n|move|p1a: Luxray|Ice Fang|p2a: Swampert\n|-damage|p2a: Swampert|42/302\n|move|p2a: Swampert|Earthquake|p1a: Luxray\n|-supereffective|p1a: Luxray\n|-damage|p1a: Luxray|110/284\n|\n|-heal|p2a: Swampert|60/302|[from] item: Leftovers\n|upkeep\n|turn|10\n|\n|t:|1782914652\n|move|p1a: Luxray|Play Rough|p2a: Swampert\n|-damage|p2a: Swampert|0 fnt\n|faint|p2a: Swampert\n|\n|upkeep\n|\n|t:|1782914653\n|switch|p2a: Slowking|Slowking-Galar, L85, F|300/300\n|turn|11\n|\n|t:|1782914665\n|move|p1a: Luxray|Wild Charge|p2a: Slowking\n|-damage|p2a: Slowking|167/300\n|-damage|p1a: Luxray|77/284|[from] Recoil\n|move|p2a: Slowking|Sludge Bomb|p1a: Luxray\n|-damage|p1a: Luxray|5/284\n|\n|upkeep\n|turn|12\n|\n|t:|1782914672\n|move|p1a: Luxray|Wild Charge|p2a: Slowking\n|-damage|p2a: Slowking|40/300\n|-damage|p1a: Luxray|0 fnt|[from] Recoil\n|faint|p1a: Luxray\n|move|p2a: Slowking|Psychic Noise|p1: Luxray|[notarget]\n|-fail|p2a: Slowking\n|\n|upkeep\n|\n|t:|1782914679\n|switch|p1a: Talonflame|Talonflame, L83, F|265/265\n|turn|13\n|\n|t:|1782914683\n|move|p1a: Talonflame|Brave Bird|p2a: Slowking\n|-damage|p2a: Slowking|0 fnt\n|faint|p2a: Slowking\n|-damage|p1a: Talonflame|252/265|[from] Recoil\n|\n|win|pocketmuensters\n|raw|pocketmuensters's rating: 1916 &rarr; <strong>1940</strong><br />(+24 for winning)\n|raw|jnpr010334's rating: 1980 &rarr; <strong>1956</strong><br />(-24 for losing)\n", "inputlog": ">version f8ac14003a5f27e1bdc8d8c59608a773c1cb96e5\n>start {\"formatid\":\"gen9randombattle\",\"seed\":\"sodium,19c02f9159eaae890e49d513547a1ce0\",\"rated\":\"Rated battle\"}\n>player p1 {\"name\":\"pocketmuensters\",\"avatar\":\"2\",\"rating\":1916,\"seed\":\"sodium,905b52311577b038877fffcf78dabab8\"}\n>player p2 {\"name\":\"jnpr010334\",\"avatar\":\"265\",\"rating\":1961,\"seed\":\"sodium,3394f5812a1566dcfbb352ae03b5db5f\"}\n>p1 move uturn\n>p2 move sludgebomb\n>p1 switch 3\n>p1 move darkpulse\n>p2 move sludgebomb\n>p1 switch 2\n>p1 move swordsdance\n>p2 switch 4\n>p1 move psychicfangs\n>p2 move megahorn terastallize\n>p2 switch 5\n>p1 move psychicfangs\n>p2 move dragondance\n>p2 switch 2\n>p1 move crunch\n>p2 move shadowball\n>p2 switch 3\n>p1 move psychicfangs\n>p2 move moonblast\n>p2 switch 4\n>p1 move crunch\n>p2 switch 6\n>p1 switch 6\n>p1 move icefang\n>p2 move earthquake\n>p1 move playrough\n>p2 move earthquake\n>p2 switch 6\n>p1 move wildcharge\n>p2 move sludgebomb\n>p1 move wildcharge\n>p2 move psychicnoise\n>p1 switch 3\n>p1 move bravebird\n>p2 move surf", "uploadtime": 1782914683, "views": 4, "formatid": "gen9randombattle", "rating": 1940, "private": 0, "password": null, "player_dets": [{"name": "pocketmuensters", "avatar": "2", "rating": 1916, "seed": "sodium,905b52311577b038877fffcf78dabab8"}, {"name": "jnpr010334", "avatar": "265", "rating": 1961, "seed": "sodium,3394f5812a1566dcfbb352ae03b5db5f"}], "teams_full": [{"Talonflame": {"name": "Talonflame", "species": "Talonflame", "speciesId": "talonflame", "gender": "F", "shiny": false, "level": 83, "moves": ["roost", "overheat", "uturn", "bravebird"], "ability": "Flame Body", "evs": {"hp": 85, "atk": 85, "def": 85, "spa": 85, "spd": 85, "spe": 85}, "ivs": {"hp": 31, "atk": 31, "def": 31, "spa": 31, "spd": 31, "spe": 31}, "item": "Heavy-Duty Boots", "teraType": "Dragon", "role": "Bulky Attacker", "bvs": {"hp": 78, "atk": 81, "def": 71, "spa": 74, "spd": 69, "spe": 126}, "stats": {"hp": 265, "atk": 182, "def": 166, "spa": 171, "spd": 162, "spe": 257}, "types": ["Fire", "Flying"]}, "Bruxish": {"name": "Bruxish", "species": "Bruxish", "speciesId": "bruxish", "gender": "F", "shiny": false, "level": 85, "moves": ["swordsdance", "psychicfangs", "crunch", "wavecrash"], "ability": "Strong Jaw", "evs": {"hp": 85, "atk": 85, "def": 85, "spa": 85, "spd": 85, "spe": 85}, "ivs": {"hp": 31, "atk": 31, "def": 31, "spa": 31, "spd": 31, "spe": 31}, "item": "Life Orb", "teraType": "Dark", "role": "Fast Attacker", "bvs": {"hp": 68, "atk": 105, "def": 70, "spa": 70, "spd": 70, "spe": 92}, "stats": {"hp": 254, "atk": 227, "def": 168, "spa": 168, "spd": 168, "spe": 205}, "types": ["Water", "Psychic"]}, "Greninja": {"name": "Greninja", "species": "Greninja", "speciesId": "greninja", "gender": "M", "shiny": false, "level": 80, "moves": ["toxicspikes", "darkpulse", "hydropump", "icebeam"], "ability": "Protean", "evs": {"hp": 85, "atk": 0, "def": 85, "spa": 85, "spd": 85, "spe": 85}, "ivs": {"hp": 31, "atk": 0, "def": 31, "spa": 31, "spd": 31, "spe": 31}, "item": "Life Orb", "teraType": "Dark", "role": "Fast Attacker", "bvs": {"hp": 72, "atk": 95, "def": 67, "spa": 103, "spd": 71, "spe": 122}, "stats": {"hp": 246, "atk": 157, "def": 153, "spa": 211, "spd": 160, "spe": 241}, "types": ["Water", "Dark"]}, "Cobalion": {"name": "Cobalion", "species": "Cobalion", "speciesId": "cobalion", "gender": "N", "shiny": false, "level": 80, "moves": ["stealthrock", "ironhead", "bodypress", "thunderwave"], "ability": "Justified", "evs": {"hp": 85, "atk": 85, "def": 85, "spa": 85, "spd": 85, "spe": 85}, "ivs": {"hp": 31, "atk": 31, "def": 31, "spa": 31, "spd": 31, "spe": 31}, "item": "Leftovers", "teraType": "Water", "role": "Bulky Support", "bvs": {"hp": 91, "atk": 90, "def": 129, "spa": 90, "spd": 72, "spe": 108}, "stats": {"hp": 277, "atk": 190, "def": 253, "spa": 190, "spd": 161, "spe": 219}, "types": ["Steel", "Fighting"]}, "Cresselia": {"name": "Cresselia", "species": "Cresselia", "speciesId": "cresselia", "gender": "F", "shiny": false, "level": 80, "moves": ["moonblast", "moonlight", "calmmind", "psyshock"], "ability": "Levitate", "evs": {"hp": 85, "atk": 0, "def": 85, "spa": 85, "spd": 85, "spe": 85}, "ivs": {"hp": 31, "atk": 0, "def": 31, "spa": 31, "spd": 31, "spe": 31}, "item": "Leftovers", "teraType": "Poison", "role": "Bulky Setup", "bvs": {"hp": 120, "atk": 70, "def": 110, "spa": 75, "spd": 120, "spe": 85}, "stats": {"hp": 323, "atk": 117, "def": 222, "spa": 166, "spd": 238, "spe": 182}, "types": ["Psychic"]}, "Luxray": {"name": "Luxray", "species": "Luxray", "speciesId": "luxray", "gender": "M", "shiny": false, "level": 88, "moves": ["voltswitch", "icefang", "playrough", "wildcharge"], "ability": "Intimidate", "evs": {"hp": 85, "atk": 85, "def": 85, "spa": 85, "spd": 85, "spe": 85}, "ivs": {"hp": 31, "atk": 31, "def": 31, "spa": 31, "spd": 31, "spe": 31}, "item": "Assault Vest", "teraType": "Electric", "role": "AV Pivot", "bvs": {"hp": 80, "atk": 120, "def": 79, "spa": 95, "spd": 79, "spe": 70}, "stats": {"hp": 284, "atk": 261, "def": 189, "spa": 217, "spd": 189, "spe": 173}, "types": ["Electric"]}}, {"Slowking": {"name": "Slowking", "species": "Slowking-Galar", "speciesId": "slowkinggalar", "gender": "F", "shiny": false, "level": 85, "moves": ["sludgebomb", "psychicnoise", "futuresight", "surf"], "ability": "Regenerator", "evs": {"hp": 85, "atk": 0, "def": 85, "spa": 85, "spd": 85, "spe": 85}, "ivs": {"hp": 31, "atk": 0, "def": 31, "spa": 31, "spd": 31, "spe": 31}, "item": "Assault Vest", "teraType": "Water", "role": "AV Pivot", "bvs": {"hp": 95, "atk": 65, "def": 80, "spa": 110, "spd": 110, "spe": 30}, "stats": {"hp": 300, "atk": 115, "def": 185, "spa": 236, "spd": 236, "spe": 100}, "types": ["Poison", "Psychic"]}, "Hoopa": {"name": "Hoopa", "species": "Hoopa", "speciesId": "hoopa", "gender": "N", "shiny": false, "level": 85, "moves": ["nastyplot", "psyshock", "shadowball", "focusblast"], "ability": "Magician", "evs": {"hp": 85, "atk": 0, "def": 85, "spa": 85, "spd": 85, "spe": 85}, "ivs": {"hp": 31, "atk": 0, "def": 31, "spa": 31, "spd": 31, "spe": 31}, "item": "Life Orb", "teraType": "Ghost", "role": "Fast Attacker", "bvs": {"hp": 80, "atk": 110, "def": 60, "spa": 150, "spd": 130, "spe": 70}, "stats": {"hp": 275, "atk": 192, "def": 151, "spa": 304, "spd": 270, "spe": 168}, "types": ["Psychic", "Ghost"]}, "Enamorus": {"name": "Enamorus", "species": "Enamorus", "speciesId": "enamorus", "gender": "F", "shiny": false, "level": 79, "moves": ["earthpower", "mysticalfire", "moonblast", "calmmind"], "ability": "Cute Charm", "evs": {"hp": 85, "atk": 0, "def": 85, "spa": 85, "spd": 85, "spe": 85}, "ivs": {"hp": 31, "atk": 0, "def": 31, "spa": 31, "spd": 31, "spe": 31}, "item": "Heavy-Duty Boots", "teraType": "Ground", "role": "Fast Bulky Setup", "bvs": {"hp": 74, "atk": 115, "def": 70, "spa": 135, "spd": 80, "spe": 106}, "stats": {"hp": 247, "atk": 186, "def": 156, "spa": 259, "spd": 172, "spe": 213}, "types": ["Fairy", "Flying"]}, "Ariados": {"name": "Ariados", "species": "Ariados", "speciesId": "ariados", "gender": "F", "shiny": false, "level": 95, "moves": ["megahorn", "poisonjab", "toxicspikes", "stickyweb"], "ability": "Insomnia", "evs": {"hp": 85, "atk": 85, "def": 85, "spa": 85, "spd": 85, "spe": 85}, "ivs": {"hp": 31, "atk": 31, "def": 31, "spa": 31, "spd": 31, "spe": 31}, "item": "Heavy-Duty Boots", "teraType": "Ghost", "role": "Fast Support", "bvs": {"hp": 70, "atk": 90, "def": 70, "spa": 60, "spd": 70, "spe": 40}, "stats": {"hp": 287, "atk": 225, "def": 187, "spa": 168, "spd": 187, "spe": 130}, "types": ["Bug", "Poison"]}, "Regidrago": {"name": "Regidrago", "species": "Regidrago", "speciesId": "regidrago", "gender": "N", "shiny": false, "level": 77, "moves": ["earthquake", "terablast", "dragondance", "dragonclaw"], "ability": "Dragon's Maw", "evs": {"hp": 85, "atk": 85, "def": 85, "spa": 85, "spd": 85, "spe": 85}, "ivs": {"hp": 31, "atk": 31, "def": 31, "spa": 31, "spd": 31, "spe": 31}, "item": "Life Orb", "teraType": "Steel", "role": "Tera Blast user", "bvs": {"hp": 200, "atk": 100, "def": 50, "spa": 100, "spd": 50, "spe": 80}, "stats": {"hp": 435, "atk": 199, "def": 122, "spa": 199, "spd": 122, "spe": 168}, "types": ["Dragon"]}, "Swampert": {"name": "Swampert", "species": "Swampert", "speciesId": "swampert", "gender": "F", "shiny": false, "level": 83, "moves": ["stealthrock", "earthquake", "knockoff", "icebeam"], "ability": "Damp", "evs": {"hp": 85, "atk": 85, "def": 85, "spa": 85, "spd": 85, "spe": 85}, "ivs": {"hp": 31, "atk": 31, "def": 31, "spa": 31, "spd": 31, "spe": 31}, "item": "Leftovers", "teraType": "Steel", "role": "Bulky Support", "bvs": {"hp": 100, "atk": 110, "def": 90, "spa": 85, "spd": 90, "spe": 60}, "stats": {"hp": 302, "atk": 230, "def": 197, "spa": 189, "spd": 197, "spe": 147}, "types": ["Water", "Ground"]}}]}