{"id": "gen9randombattle-2642181613", "format": "[Gen 9] Random Battle", "players": ["sTanaT", "jnpr010334"], "log": "|j|\u2606sTanaT\n|j|\u2606jnpr010334\n|t:|1782906738\n|gametype|singles\n|player|p1|sTanaT|265|1719\n|player|p2|jnpr010334|265|1742\n|gen|9\n|tier|[Gen 9] Random Battle\n|rated|\n|rule|Species Clause: Limit one of each Pok\u00e9mon\n|rule|HP Percentage Mod: HP is shown in percentages\n|rule|Sleep Clause Mod: Limit one foe put to sleep\n|rule|Illusion Level Mod: Illusion disguises the Pok\u00e9mon's true level\n|\n|t:|1782906739\n|teamsize|p1|6\n|teamsize|p2|6\n|start\n|switch|p1a: Rotom|Rotom-Mow, L87|229/229\n|switch|p2a: Talonflame|Talonflame, L83, F|265/265\n|turn|1\n|inactive|Battle timer is ON: inactive players will automatically lose when time's up. (requested by sTanaT)\n|inactive|jnpr010334 also wants the timer to be on.\n|\n|t:|1782906749\n|switch|p2a: Minun|Minun, L95, M|268/268\n|switch|p1a: Scream Tail|Scream Tail, L84|330/330\n|\n|upkeep\n|turn|2\n|\n|t:|1782906756\n|-end|p1a: Scream Tail|Protosynthesis|[silent]\n|switch|p1a: Rhyperior|Rhyperior, L82, M|323/323\n|move|p2a: Minun|Nasty Plot|p2a: Minun\n|-boost|p2a: Minun|spa|2\n|\n|upkeep\n|turn|3\n|\n|t:|1782906761\n|-terastallize|p2a: Minun|Fairy\n|move|p2a: Minun|Alluring Voice|p1a: Rhyperior\n|-damage|p1a: Rhyperior|111/323\n|-damage|p2a: Minun|242/268|[from] item: Life Orb\n|move|p1a: Rhyperior|Earthquake|p2a: Minun\n|-damage|p2a: Minun|76/268\n|\n|upkeep\n|turn|4\n|\n|t:|1782906769\n|move|p2a: Minun|Alluring Voice|p1a: Rhyperior\n|-damage|p1a: Rhyperior|0 fnt\n|faint|p1a: Rhyperior\n|-damage|p2a: Minun|50/268|[from] item: Life Orb\n|\n|upkeep\n|\n|t:|1782906774\n|switch|p1a: Scream Tail|Scream Tail, L84|330/330\n|turn|5\n|\n|t:|1782906782\n|move|p1a: Scream Tail|Wish|p1a: Scream Tail\n|move|p2a: Minun|Thunderbolt|p1a: Scream Tail\n|-damage|p1a: Scream Tail|118/330\n|-damage|p2a: Minun|24/268|[from] item: Life Orb\n|\n|-heal|p1a: Scream Tail|138/330|[from] item: Leftovers\n|upkeep\n|turn|6\n|\n|t:|1782906787\n|move|p1a: Scream Tail|Protect|p1a: Scream Tail\n|-singleturn|p1a: Scream Tail|Protect\n|move|p2a: Minun|Thunderbolt|p1a: Scream Tail\n|-activate|p1a: Scream Tail|move: Protect\n|\n|-heal|p1a: Scream Tail|303/330|[from] move: Wish|[wisher] Scream Tail\n|-heal|p1a: Scream Tail|323/330|[from] item: Leftovers\n|upkeep\n|turn|7\n|\n|t:|1782906792\n|move|p1a: Scream Tail|Dazzling Gleam|p2a: Minun\n|-damage|p2a: Minun|0 fnt\n|faint|p2a: Minun\n|\n|-heal|p1a: Scream Tail|330/330|[from] item: Leftovers\n|upkeep\n|\n|t:|1782906793\n|switch|p2a: Arceus|Arceus-Ground, L70|284/284\n|turn|8\n|\n|t:|1782906798\n|-end|p1a: Scream Tail|Protosynthesis|[silent]\n|switch|p1a: Rotom|Rotom-Mow, L87|229/229\n|move|p2a: Arceus|Calm Mind|p2a: Arceus\n|-boost|p2a: Arceus|spa|1\n|-boost|p2a: Arceus|spd|1\n|\n|upkeep\n|turn|9\n|\n|t:|1782906807\n|move|p2a: Arceus|Calm Mind|p2a: Arceus\n|-boost|p2a: Arceus|spa|1\n|-boost|p2a: Arceus|spd|1\n|move|p1a: Rotom|Will-O-Wisp|p2a: Arceus\n|-status|p2a: Arceus|brn\n|\n|-damage|p2a: Arceus|267/284 brn|[from] brn\n|upkeep\n|turn|10\n|\n|t:|1782906812\n|switch|p1a: Frosmoth|Frosmoth, L82, M|249/249\n|move|p2a: Arceus|Judgment|p1a: Frosmoth\n|-resisted|p1a: Frosmoth\n|-damage|p1a: Frosmoth|191/249\n|\n|-damage|p2a: Arceus|250/284 brn|[from] brn\n|upkeep\n|turn|11\n|\n|t:|1782906815\n|move|p2a: Arceus|Fire Blast|p1a: Frosmoth\n|-supereffective|p1a: Frosmoth\n|-damage|p1a: Frosmoth|0 fnt\n|faint|p1a: Frosmoth\n|\n|-damage|p2a: Arceus|233/284 brn|[from] brn\n|upkeep\n|\n|t:|1782906818\n|switch|p1a: Sawsbuck|Sawsbuck-Winter, L88, F|284/284\n|turn|12\n|\n|t:|1782906822\n|move|p1a: Sawsbuck|Horn Leech|p2a: Arceus\n|-supereffective|p2a: Arceus\n|-damage|p2a: Arceus|7/284 brn\n|-damage|p1a: Sawsbuck|256/284|[from] item: Life Orb\n|move|p2a: Arceus|Fire Blast|p1a: Sawsbuck\n|-supereffective|p1a: Sawsbuck\n|-damage|p1a: Sawsbuck|0 fnt\n|faint|p1a: Sawsbuck\n|\n|-damage|p2a: Arceus|0 fnt|[from] brn\n|faint|p2a: Arceus\n|upkeep\n|\n|t:|1782906828\n|switch|p1a: Scream Tail|Scream Tail, L84|330/330\n|switch|p2a: Wugtrio|Wugtrio, L91, F|212/212\n|turn|13\n|\n|t:|1782906830\n|move|p2a: Wugtrio|Liquidation|p1a: Scream Tail\n|-damage|p1a: Scream Tail|174/330\n|move|p1a: Scream Tail|Thunder Wave|p2a: Wugtrio\n|-status|p2a: Wugtrio|par\n|\n|-heal|p1a: Scream Tail|194/330|[from] item: Leftovers\n|upkeep\n|turn|14\n|\n|t:|1782906839\n|-end|p1a: Scream Tail|Protosynthesis|[silent]\n|switch|p1a: Tentacruel|Tentacruel, L84, F|272/272\n|move|p2a: Wugtrio|Liquidation|p1a: Tentacruel\n|-resisted|p1a: Tentacruel\n|-damage|p1a: Tentacruel|171/272\n|\n|upkeep\n|turn|15\n|\n|t:|1782906843\n|move|p1a: Tentacruel|Sludge Bomb|p2a: Wugtrio\n|-damage|p2a: Wugtrio|119/212 par\n|move|p2a: Wugtrio|Liquidation|p1a: Tentacruel\n|-resisted|p1a: Tentacruel\n|-damage|p1a: Tentacruel|63/272\n|-unboost|p1a: Tentacruel|def|1\n|\n|upkeep\n|turn|16\n|\n|t:|1782906848\n|switch|p2a: Alomomola|Alomomola, L87, M|429/429\n|move|p1a: Tentacruel|Sludge Bomb|p2a: Alomomola\n|-damage|p2a: Alomomola|306/429\n|\n|upkeep\n|turn|17\n|\n|t:|1782906854\n|move|p1a: Tentacruel|Sludge Bomb|p2a: Alomomola\n|-damage|p2a: Alomomola|174/429\n|-status|p2a: Alomomola|psn\n|move|p2a: Alomomola|Flip Turn|p1a: Tentacruel\n|-resisted|p1a: Tentacruel\n|-damage|p1a: Tentacruel|14/272\n|\n|t:|1782906858\n|switch|p2a: Arcanine|Arcanine-Hisui, L79, M|280/280|[from] Flip Turn\n|\n|upkeep\n|turn|18\n|\n|t:|1782906862\n|move|p2a: Arcanine|Extreme Speed|p1a: Tentacruel\n|-damage|p1a: Tentacruel|0 fnt\n|faint|p1a: Tentacruel\n|\n|upkeep\n|\n|t:|1782906866\n|switch|p1a: Rotom|Rotom-Mow, L87|229/229\n|turn|19\n|\n|t:|1782906871\n|move|p1a: Rotom|Thunderbolt|p2a: Arcanine\n|-damage|p2a: Arcanine|162/280\n|move|p2a: Arcanine|Head Smash|p1a: Rotom\n|-damage|p1a: Rotom|94/229\n|\n|-heal|p1a: Rotom|108/229|[from] item: Leftovers\n|upkeep\n|turn|20\n|\n|t:|1782906877\n|move|p1a: Rotom|Leaf Storm|p2a: Arcanine|[miss]\n|-miss|p1a: Rotom|p2a: Arcanine\n|move|p2a: Arcanine|Flare Blitz|p1a: Rotom\n|-supereffective|p1a: Rotom\n|-damage|p1a: Rotom|0 fnt\n|faint|p1a: Rotom\n|\n|upkeep\n|\n|t:|1782906879\n|switch|p1a: Scream Tail|Scream Tail, L84|194/330\n|turn|21\n|\n|t:|1782906881\n|move|p1a: Scream Tail|Thunder Wave|p2a: Arcanine\n|-status|p2a: Arcanine|par\n|cant|p2a: Arcanine|par\n|\n|-heal|p1a: Scream Tail|214/330|[from] item: Leftovers\n|upkeep\n|turn|22\n|\n|t:|1782906894\n|move|p1a: Scream Tail|Wish|p1a: Scream Tail\n|move|p2a: Arcanine|Morning Sun|p2a: Arcanine\n|-heal|p2a: Arcanine|280/280 par\n|\n|-heal|p1a: Scream Tail|234/330|[from] item: Leftovers\n|upkeep\n|turn|23\n|\n|t:|1782906897\n|move|p1a: Scream Tail|Dazzling Gleam|p2a: Arcanine\n|-resisted|p2a: Arcanine\n|-damage|p2a: Arcanine|247/280 par\n|move|p2a: Arcanine|Head Smash|p1a: Scream Tail\n|-damage|p1a: Scream Tail|93/330\n|\n|-heal|p1a: Scream Tail|258/330|[from] move: Wish|[wisher] Scream Tail\n|-heal|p1a: Scream Tail|278/330|[from] item: Leftovers\n|upkeep\n|turn|24\n|\n|t:|1782906901\n|move|p1a: Scream Tail|Dazzling Gleam|p2a: Arcanine\n|-resisted|p2a: Arcanine\n|-damage|p2a: Arcanine|208/280 par\n|move|p2a: Arcanine|Flare Blitz|p1a: Scream Tail\n|-damage|p1a: Scream Tail|152/330\n|\n|-heal|p1a: Scream Tail|172/330|[from] item: Leftovers\n|upkeep\n|turn|25\n|\n|t:|1782906907\n|move|p1a: Scream Tail|Wish|p1a: Scream Tail\n|move|p2a: Arcanine|Flare Blitz|p1a: Scream Tail\n|-damage|p1a: Scream Tail|48/330\n|\n|-heal|p1a: Scream Tail|68/330|[from] item: Leftovers\n|upkeep\n|turn|26\n|\n|t:|1782906912\n|move|p1a: Scream Tail|Dazzling Gleam|p2a: Arcanine\n|-resisted|p2a: Arcanine\n|-damage|p2a: Arcanine|172/280 par\n|move|p2a: Arcanine|Flare Blitz|p1a: Scream Tail\n|-damage|p1a: Scream Tail|0 fnt\n|faint|p1a: Scream Tail\n|-end|p1a: Scream Tail|Protosynthesis|[silent]\n|\n|win|jnpr010334\n|raw|sTanaT's rating: 1719 &rarr; <strong>1699</strong><br />(-20 for losing)\n|raw|jnpr010334's rating: 1718 &rarr; <strong>1738</strong><br />(+20 for winning)\n", "inputlog": ">version f8ac14003a5f27e1bdc8d8c59608a773c1cb96e5\n>start {\"formatid\":\"gen9randombattle\",\"seed\":\"sodium,62d53a247e27ff801316c192c8c8ad1d\",\"rated\":\"Rated battle\"}\n>player p1 {\"name\":\"sTanaT\",\"avatar\":\"265\",\"rating\":1719,\"seed\":\"sodium,1909ff0e89c57c30ee60e05259f24af2\"}\n>player p2 {\"name\":\"jnpr010334\",\"avatar\":\"265\",\"rating\":1742,\"seed\":\"sodium,16f4febb041b14a24abcfc7e500e50bf\"}\n>p1 switch 3\n>p2 switch 5\n>p1 switch 5\n>p2 move nastyplot\n>p1 move earthquake\n>p2 move alluringvoice terastallize\n>p1 move earthquake\n>p2 move alluringvoice\n>p1 switch 5\n>p1 move wish\n>p2 move thunderbolt\n>p1 move protect\n>p2 move thunderbolt\n>p1 move dazzlinggleam\n>p2 move thunderbolt\n>p2 switch 4\n>p1 switch 3\n>p2 move calmmind\n>p1 move willowisp\n>p2 move calmmind\n>p1 switch 4\n>p2 move judgment\n>p1 move quiverdance\n>p2 move fireblast\n>p1 switch 2\n>p1 move hornleech\n>p2 move fireblast\n>p1 switch 3\n>p2 switch 3\n>p1 move thunderwave\n>p2 move liquidation\n>p1 switch 6\n>p2 move liquidation\n>p1 move sludgebomb\n>p2 move liquidation\n>p1 move sludgebomb\n>p2 switch 6\n>p1 move sludgebomb\n>p2 move flipturn\n>p2 switch 2\n>p1 move surf\n>p2 move extremespeed\n>p1 switch 4\n>p1 move thunderbolt\n>p2 move headsmash\n>p1 move leafstorm\n>p2 move flareblitz\n>p1 switch 6\n>p1 move thunderwave\n>p2 move morningsun\n>p1 move wish\n>p2 move morningsun\n>p1 move dazzlinggleam\n>p2 move headsmash\n>p1 move dazzlinggleam\n>p2 move flareblitz\n>p1 move wish\n>p2 move flareblitz\n>p1 move dazzlinggleam\n>p2 move flareblitz", "uploadtime": 1782906913, "views": 2, "formatid": "gen9randombattle", "rating": 1699, "private": 0, "password": null, "player_dets": [{"name": "sTanaT", "avatar": "265", "rating": 1719, "seed": "sodium,1909ff0e89c57c30ee60e05259f24af2"}, {"name": "jnpr010334", "avatar": "265", "rating": 1742, "seed": "sodium,16f4febb041b14a24abcfc7e500e50bf"}], "teams_full": [{"Rotom": {"name": "Rotom", "species": "Rotom-Mow", "speciesId": "rotommow", "gender": "N", "shiny": false, "level": 87, "moves": ["leafstorm", "willowisp", "voltswitch", "thunderbolt"], "ability": "Levitate", "evs": {"hp": 85, "atk": 0, "def": 85, "spa": 85, "spd": 85, "spe": 85}, "ivs": {"hp": 31, "atk": 0, "def": 31, "spa": 31, "spd": 31, "spe": 31}, "item": "Leftovers", "teraType": "Grass", "role": "Bulky Attacker", "bvs": {"hp": 50, "atk": 65, "def": 107, "spa": 105, "spd": 107, "spe": 86}, "stats": {"hp": 229, "atk": 118, "def": 236, "spa": 232, "spd": 236, "spe": 199}, "types": ["Electric", "Grass"]}, "Sawsbuck": {"name": "Sawsbuck", "species": "Sawsbuck-Winter", "speciesId": "sawsbuck", "gender": "F", "shiny": false, "level": 88, "moves": ["swordsdance", "hornleech", "doubleedge", "highhorsepower"], "ability": "Sap Sipper", "evs": {"hp": 85, "atk": 85, "def": 85, "spa": 85, "spd": 85, "spe": 85}, "ivs": {"hp": 31, "atk": 31, "def": 31, "spa": 31, "spd": 31, "spe": 31}, "item": "Life Orb", "teraType": "Ground", "role": "Setup Sweeper", "bvs": {"hp": 80, "atk": 100, "def": 70, "spa": 60, "spd": 70, "spe": 95}, "stats": {"hp": 284, "atk": 226, "def": 173, "spa": 156, "spd": 173, "spe": 217}, "types": ["Normal", "Grass"]}, "Scream Tail": {"name": "Scream Tail", "species": "Scream Tail", "speciesId": "screamtail", "gender": "N", "shiny": false, "level": 84, "moves": ["dazzlinggleam", "thunderwave", "wish", "protect"], "ability": "Protosynthesis", "evs": {"hp": 85, "atk": 0, "def": 85, "spa": 85, "spd": 85, "spe": 85}, "ivs": {"hp": 31, "atk": 0, "def": 31, "spa": 31, "spd": 31, "spe": 31}, "item": "Leftovers", "teraType": "Poison", "role": "Bulky Attacker", "bvs": {"hp": 115, "atk": 65, "def": 99, "spa": 65, "spd": 115, "spe": 111}, "stats": {"hp": 330, "atk": 114, "def": 215, "spa": 157, "spd": 241, "spe": 235}, "types": ["Fairy", "Psychic"]}, "Frosmoth": {"name": "Frosmoth", "species": "Frosmoth", "speciesId": "frosmoth", "gender": "M", "shiny": false, "level": 82, "moves": ["icebeam", "terablast", "bugbuzz", "quiverdance"], "ability": "Ice Scales", "evs": {"hp": 85, "atk": 0, "def": 85, "spa": 85, "spd": 85, "spe": 85}, "ivs": {"hp": 31, "atk": 0, "def": 31, "spa": 31, "spd": 31, "spe": 31}, "item": "Heavy-Duty Boots", "teraType": "Ground", "role": "Tera Blast user", "bvs": {"hp": 70, "atk": 65, "def": 60, "spa": 125, "spd": 90, "spe": 65}, "stats": {"hp": 249, "atk": 111, "def": 146, "spa": 252, "spd": 195, "spe": 154}, "types": ["Ice", "Bug"]}, "Rhyperior": {"name": "Rhyperior", "species": "Rhyperior", "speciesId": "rhyperior", "gender": "M", "shiny": false, "level": 82, "moves": ["stoneedge", "earthquake", "icepunch", "dragontail"], "ability": "Solid Rock", "evs": {"hp": 85, "atk": 85, "def": 85, "spa": 85, "spd": 85, "spe": 85}, "ivs": {"hp": 31, "atk": 31, "def": 31, "spa": 31, "spd": 31, "spe": 31}, "item": "Assault Vest", "teraType": "Grass", "role": "Bulky Attacker", "bvs": {"hp": 115, "atk": 140, "def": 130, "spa": 55, "spd": 55, "spe": 40}, "stats": {"hp": 323, "atk": 277, "def": 260, "spa": 137, "spd": 137, "spe": 113}, "types": ["Ground", "Rock"]}, "Tentacruel": {"name": "Tentacruel", "species": "Tentacruel", "speciesId": "tentacruel", "gender": "F", "shiny": false, "level": 84, "moves": ["surf", "flipturn", "rapidspin", "sludgebomb"], "ability": "Liquid Ooze", "evs": {"hp": 85, "atk": 85, "def": 85, "spa": 85, "spd": 85, "spe": 85}, "ivs": {"hp": 31, "atk": 31, "def": 31, "spa": 31, "spd": 31, "spe": 31}, "item": "Assault Vest", "teraType": "Grass", "role": "Bulky Support", "bvs": {"hp": 80, "atk": 70, "def": 65, "spa": 80, "spd": 120, "spe": 100}, "stats": {"hp": 272, "atk": 166, "def": 157, "spa": 183, "spd": 250, "spe": 216}, "types": ["Water", "Poison"]}}, {"Talonflame": {"name": "Talonflame", "species": "Talonflame", "speciesId": "talonflame", "gender": "F", "shiny": false, "level": 83, "moves": ["bravebird", "overheat", "willowisp", "roost"], "ability": "Flame Body", "evs": {"hp": 85, "atk": 85, "def": 85, "spa": 85, "spd": 85, "spe": 85}, "ivs": {"hp": 31, "atk": 31, "def": 31, "spa": 31, "spd": 31, "spe": 31}, "item": "Heavy-Duty Boots", "teraType": "Dragon", "role": "Bulky Attacker", "bvs": {"hp": 78, "atk": 81, "def": 71, "spa": 74, "spd": 69, "spe": 126}, "stats": {"hp": 265, "atk": 182, "def": 166, "spa": 171, "spd": 162, "spe": 257}, "types": ["Fire", "Flying"]}, "Arcanine": {"name": "Arcanine", "species": "Arcanine-Hisui", "speciesId": "arcaninehisui", "gender": "M", "shiny": false, "level": 79, "moves": ["headsmash", "morningsun", "extremespeed", "flareblitz"], "ability": "Rock Head", "evs": {"hp": 85, "atk": 85, "def": 85, "spa": 85, "spd": 85, "spe": 85}, "ivs": {"hp": 31, "atk": 31, "def": 31, "spa": 31, "spd": 31, "spe": 31}, "item": "Heavy-Duty Boots", "teraType": "Rock", "role": "Bulky Attacker", "bvs": {"hp": 95, "atk": 115, "def": 80, "spa": 95, "spd": 80, "spe": 90}, "stats": {"hp": 280, "atk": 227, "def": 172, "spa": 196, "spd": 172, "spe": 188}, "types": ["Fire", "Rock"]}, "Wugtrio": {"name": "Wugtrio", "species": "Wugtrio", "speciesId": "wugtrio", "gender": "F", "shiny": false, "level": 91, "moves": ["stompingtantrum", "aquajet", "liquidation", "throatchop"], "ability": "Gooey", "evs": {"hp": 85, "atk": 85, "def": 85, "spa": 85, "spd": 85, "spe": 85}, "ivs": {"hp": 31, "atk": 31, "def": 31, "spa": 31, "spd": 31, "spe": 31}, "item": "Choice Band", "teraType": "Dark", "role": "Fast Attacker", "bvs": {"hp": 35, "atk": 100, "def": 50, "spa": 50, "spd": 70, "spe": 120}, "stats": {"hp": 212, "atk": 234, "def": 143, "spa": 143, "spd": 179, "spe": 270}, "types": ["Water"]}, "Arceus": {"name": "Arceus", "species": "Arceus-Ground", "speciesId": "arceusground", "gender": "N", "shiny": false, "level": 70, "moves": ["calmmind", "fireblast", "judgment", "recover"], "ability": "Multitype", "evs": {"hp": 85, "atk": 0, "def": 85, "spa": 85, "spd": 85, "spe": 85}, "ivs": {"hp": 31, "atk": 0, "def": 31, "spa": 31, "spd": 31, "spe": 31}, "item": "Earth Plate", "teraType": "Ground", "role": "Bulky Setup", "bvs": {"hp": 120, "atk": 120, "def": 120, "spa": 120, "spd": 120, "spe": 120}, "stats": {"hp": 284, "atk": 173, "def": 209, "spa": 209, "spd": 209, "spe": 209}, "types": ["Ground"]}, "Minun": {"name": "Minun", "species": "Minun", "speciesId": "minun", "gender": "M", "shiny": false, "level": 95, "moves": ["alluringvoice", "encore", "thunderbolt", "nastyplot"], "ability": "Volt Absorb", "evs": {"hp": 85, "atk": 0, "def": 85, "spa": 85, "spd": 85, "spe": 85}, "ivs": {"hp": 31, "atk": 0, "def": 31, "spa": 31, "spd": 31, "spe": 31}, "item": "Life Orb", "teraType": "Fairy", "role": "Setup Sweeper", "bvs": {"hp": 60, "atk": 40, "def": 50, "spa": 75, "spd": 85, "spe": 95}, "stats": {"hp": 268, "atk": 81, "def": 149, "spa": 196, "spd": 215, "spe": 234}, "types": ["Electric"]}, "Alomomola": {"name": "Alomomola", "species": "Alomomola", "speciesId": "alomomola", "gender": "M", "shiny": false, "level": 87, "moves": ["flipturn", "scald", "wish", "protect"], "ability": "Regenerator", "evs": {"hp": 85, "atk": 85, "def": 85, "spa": 85, "spd": 85, "spe": 85}, "ivs": {"hp": 31, "atk": 31, "def": 31, "spa": 31, "spd": 31, "spe": 31}, "item": "Heavy-Duty Boots", "teraType": "Steel", "role": "Fast Support", "bvs": {"hp": 165, "atk": 75, "def": 80, "spa": 40, "spd": 45, "spe": 65}, "stats": {"hp": 429, "atk": 180, "def": 189, "spa": 119, "spd": 128, "spe": 163}, "types": ["Water"]}}]}