{"id": "gen9randombattle-2642142340", "format": "[Gen 9] Random Battle", "players": ["XxNarfxX", "5th Vision"], "log": "|j|\u2606XxNarfxX\n|j|\u26065th Vision\n|t:|1782899035\n|gametype|singles\n|player|p1|XxNarfxX|102|1674\n|player|p2|5th Vision|iris|1729\n|gen|9\n|tier|[Gen 9] Random Battle\n|rated|\n|rule|Species Clause: Limit one of each Pok\u00e9mon\n|rule|HP Percentage Mod: HP is shown in percentages\n|rule|Sleep Clause Mod: Limit one foe put to sleep\n|rule|Illusion Level Mod: Illusion disguises the Pok\u00e9mon's true level\n|\n|t:|1782899035\n|teamsize|p1|6\n|teamsize|p2|6\n|start\n|switch|p1a: Araquanid|Araquanid, L82, M|246/246\n|switch|p2a: Deoxys|Deoxys-Defense, L84|221/221\n|-ability|p2a: Deoxys|Pressure\n|turn|1\n|inactive|Battle timer is ON: inactive players will automatically lose when time's up. (requested by 5th Vision)\n|\n|t:|1782899063\n|move|p2a: Deoxys|Stealth Rock|p1a: Araquanid\n|-sidestart|p1: XxNarfxX|move: Stealth Rock\n|move|p1a: Araquanid|Sticky Web|p2a: Deoxys\n|-sidestart|p2: 5th Vision|move: Sticky Web\n|\n|upkeep\n|turn|2\n|\n|t:|1782899091\n|move|p2a: Deoxys|Knock Off|p1a: Araquanid\n|-damage|p1a: Araquanid|197/246\n|-enditem|p1a: Araquanid|Heavy-Duty Boots|[from] move: Knock Off|[of] p2a: Deoxys\n|move|p1a: Araquanid|Leech Life|p2a: Deoxys\n|-supereffective|p2a: Deoxys\n|-damage|p2a: Deoxys|147/221\n|-heal|p1a: Araquanid|234/246|[from] drain|[of] p2a: Deoxys\n|-damage|p1a: Araquanid|193/246|[from] item: Rocky Helmet|[of] p2a: Deoxys\n|\n|upkeep\n|turn|3\n|\n|t:|1782899102\n|move|p2a: Deoxys|Psychic Noise|p1a: Araquanid\n|-damage|p1a: Araquanid|147/246\n|-start|p1a: Araquanid|move: Heal Block\n|move|p1a: Araquanid|Liquidation|p2a: Deoxys\n|-damage|p2a: Deoxys|62/221\n|-damage|p1a: Araquanid|106/246|[from] item: Rocky Helmet|[of] p2a: Deoxys\n|\n|upkeep\n|turn|4\n|\n|t:|1782899111\n|move|p2a: Deoxys|Recover|p2a: Deoxys\n|-heal|p2a: Deoxys|173/221\n|move|p1a: Araquanid|Liquidation|p2a: Deoxys\n|-damage|p2a: Deoxys|91/221\n|-unboost|p2a: Deoxys|def|1\n|-damage|p1a: Araquanid|65/246|[from] item: Rocky Helmet|[of] p2a: Deoxys\n|\n|-end|p1a: Araquanid|move: Heal Block\n|upkeep\n|turn|5\n|inactive|5th Vision has 120 seconds left.\n|\n|t:|1782899168\n|switch|p2a: Leavanny|Leavanny, L86, M|269/269\n|move|p1a: Araquanid|Leech Life|p2a: Leavanny\n|-supereffective|p2a: Leavanny\n|-damage|p2a: Leavanny|135/269\n|-heal|p1a: Araquanid|132/246|[from] drain|[of] p2a: Leavanny\n|\n|upkeep\n|turn|6\n|inactive|5th Vision has 90 seconds left.\n|\n|t:|1782899195\n|move|p2a: Leavanny|Lunge|p1a: Araquanid\n|-damage|p1a: Araquanid|33/246\n|-unboost|p1a: Araquanid|atk|1\n|move|p1a: Araquanid|Leech Life|p2a: Leavanny\n|-supereffective|p2a: Leavanny\n|-damage|p2a: Leavanny|49/269\n|-heal|p1a: Araquanid|76/246|[from] drain|[of] p2a: Leavanny\n|\n|upkeep\n|turn|7\n|\n|t:|1782899215\n|move|p2a: Leavanny|Leaf Blade|p1a: Araquanid\n|-damage|p1a: Araquanid|0 fnt\n|faint|p1a: Araquanid\n|\n|upkeep\n|\n|t:|1782899233\n|switch|p1a: Dedenne|Dedenne, L88, F|261/261\n|-damage|p1a: Dedenne|229/261|[from] Stealth Rock\n|turn|8\n|inactive|5th Vision has 60 seconds left.\n|\n|t:|1782899290\n|switch|p2a: Deoxys|Deoxys-Defense, L84|91/221\n|-activate|p2a: Deoxys|move: Sticky Web\n|-unboost|p2a: Deoxys|spe|1\n|-ability|p2a: Deoxys|Pressure\n|move|p1a: Dedenne|Dazzling Gleam|p2a: Deoxys\n|-damage|p2a: Deoxys|36/221\n|\n|upkeep\n|turn|9\n|\n|t:|1782899301\n|move|p1a: Dedenne|Thunderbolt|p2a: Deoxys\n|-damage|p2a: Deoxys|0 fnt\n|faint|p2a: Deoxys\n|\n|upkeep\n|inactive|5th Vision has 30 seconds left.\n|\n|t:|1782899320\n|switch|p2a: Oranguru|Oranguru, L92, M|315/315\n|-activate|p2a: Oranguru|move: Sticky Web\n|-unboost|p2a: Oranguru|spe|1\n|turn|10\n|inactive|5th Vision has 30 seconds left.\n|\n|t:|1782899332\n|move|p1a: Dedenne|Nuzzle|p2a: Oranguru\n|-damage|p2a: Oranguru|297/315\n|-status|p2a: Oranguru|par\n|move|p2a: Oranguru|Psyshock|p1a: Dedenne\n|-damage|p1a: Dedenne|58/261\n|-enditem|p1a: Dedenne|Sitrus Berry|[eat]\n|-heal|p1a: Dedenne|123/261|[from] item: Sitrus Berry\n|-heal|p1a: Dedenne|210/261|[from] ability: Cheek Pouch\n|\n|upkeep\n|turn|11\n|\n|t:|1782899351\n|move|p1a: Dedenne|Super Fang|p2a: Oranguru|[miss]\n|-miss|p1a: Dedenne|p2a: Oranguru\n|move|p2a: Oranguru|Psyshock|p1a: Dedenne\n|-damage|p1a: Dedenne|33/261\n|\n|upkeep\n|turn|12\n|\n|t:|1782899358\n|move|p1a: Dedenne|Super Fang|p2a: Oranguru\n|-damage|p2a: Oranguru|149/315 par\n|cant|p2a: Oranguru|par\n|\n|upkeep\n|turn|13\n|\n|t:|1782899370\n|switch|p1a: Malamar|Malamar, L82, M|275/275\n|-damage|p1a: Malamar|241/275|[from] Stealth Rock\n|move|p2a: Oranguru|Psyshock|p1a: Malamar\n|-immune|p1a: Malamar\n|\n|upkeep\n|turn|14\n|\n|t:|1782899396\n|switch|p2a: Incineroar|Incineroar, L82, F|290/290\n|-ability|p2a: Incineroar|Intimidate|boost\n|-boost|p1a: Malamar|atk|1\n|move|p1a: Malamar|Superpower|p2a: Incineroar\n|-supereffective|p2a: Incineroar\n|-damage|p2a: Incineroar|56/290\n|-boost|p1a: Malamar|atk|1\n|-boost|p1a: Malamar|def|1\n|\n|upkeep\n|turn|15\n|\n|t:|1782899411\n|move|p1a: Malamar|Superpower|p2a: Incineroar\n|-supereffective|p2a: Incineroar\n|-damage|p2a: Incineroar|0 fnt\n|-boost|p1a: Malamar|atk|1\n|-boost|p1a: Malamar|def|1\n|faint|p2a: Incineroar\n|\n|upkeep\n|inactive|5th Vision has 30 seconds left.\n|\n|t:|1782899430\n|switch|p2a: Oranguru|Oranguru, L92, M|149/315 par\n|-activate|p2a: Oranguru|move: Sticky Web\n|-unboost|p2a: Oranguru|spe|1\n|turn|16\n|inactive|5th Vision has 30 seconds left.\n|\n|t:|1782899445\n|-terastallize|p2a: Oranguru|Fighting\n|move|p1a: Malamar|Knock Off|p2a: Oranguru\n|-resisted|p2a: Oranguru\n|-damage|p2a: Oranguru|33/315 par\n|-enditem|p2a: Oranguru|Choice Specs|[from] move: Knock Off|[of] p1a: Malamar\n|move|p2a: Oranguru|Focus Blast|p1a: Malamar|[miss]\n|-miss|p2a: Oranguru|p1a: Malamar\n|\n|upkeep\n|turn|17\n|inactive|5th Vision has 30 seconds left.\n|\n|t:|1782899457\n|move|p1a: Malamar|Superpower|p2a: Oranguru\n|-damage|p2a: Oranguru|0 fnt\n|-boost|p1a: Malamar|atk|1\n|-boost|p1a: Malamar|def|1\n|faint|p2a: Oranguru\n|\n|upkeep\n|inactive|5th Vision has 30 seconds left.\n|\n|t:|1782899467\n|switch|p2a: Regigigas|Regigigas, L84|322/322\n|-activate|p2a: Regigigas|move: Sticky Web\n|-unboost|p2a: Regigigas|spe|1\n|-start|p2a: Regigigas|ability: Slow Start\n|turn|18\n|\n|t:|1782899473\n|move|p2a: Regigigas|Protect|p2a: Regigigas\n|-singleturn|p2a: Regigigas|Protect\n|move|p1a: Malamar|Superpower|p2a: Regigigas\n|-activate|p2a: Regigigas|move: Protect\n|\n|upkeep\n|turn|19\n|\n|t:|1782899483\n|move|p1a: Malamar|Superpower|p2a: Regigigas\n|-supereffective|p2a: Regigigas\n|-damage|p2a: Regigigas|0 fnt\n|-boost|p1a: Malamar|atk|1\n|-boost|p1a: Malamar|def|1\n|faint|p2a: Regigigas\n|-end|p2a: Regigigas|Slow Start|[silent]\n|\n|upkeep\n|\n|t:|1782899487\n|switch|p2a: Delibird|Delibird, M|252/252\n|turn|20\n|\n|t:|1782899504\n|move|p2a: Delibird|Freeze-Dry|p1a: Malamar\n|-damage|p1a: Malamar|150/275\n|move|p1a: Malamar|Rest|p1a: Malamar\n|-status|p1a: Malamar|slp|[from] move: Rest\n|-heal|p1a: Malamar|275/275 slp|[silent]\n|-enditem|p1a: Malamar|Chesto Berry|[eat]\n|-curestatus|p1a: Malamar|slp|[msg]\n|\n|upkeep\n|turn|21\n|\n|t:|1782899513\n|move|p2a: Delibird|Freeze-Dry|p1a: Malamar\n|-damage|p1a: Malamar|190/275\n|move|p1a: Malamar|Superpower|p2a: Delibird\n|-damage|p2a: Delibird|0 fnt\n|-boost|p1a: Malamar|atk|1\n|-boost|p1a: Malamar|def|1\n|faint|p2a: Delibird\n|\n|upkeep\n|\n|t:|1782899519\n|switch|p2a: Leavanny|Leavanny, L86, M|49/269\n|turn|22\n|\n|t:|1782899525\n|move|p2a: Leavanny|Lunge|p1a: Malamar\n|-supereffective|p1a: Malamar\n|-damage|p1a: Malamar|18/275\n|move|p1a: Malamar|Psycho Cut|p2a: Leavanny\n|-damage|p2a: Leavanny|0 fnt\n|faint|p2a: Leavanny\n|\n|win|XxNarfxX\n|raw|XxNarfxX's rating: 1674 &rarr; <strong>1697</strong><br />(+23 for winning)\n|raw|5th Vision's rating: 1729 &rarr; <strong>1706</strong><br />(-23 for losing)\n", "inputlog": ">version f8ac14003a5f27e1bdc8d8c59608a773c1cb96e5\n>start {\"formatid\":\"gen9randombattle\",\"seed\":\"sodium,da17730eef0df6bf31445ce6fe1bccbd\",\"rated\":\"Rated battle\"}\n>player p1 {\"name\":\"XxNarfxX\",\"avatar\":\"102\",\"rating\":1674,\"seed\":\"sodium,89837712fdfc604026f191796714250b\"}\n>player p2 {\"name\":\"5th Vision\",\"avatar\":\"iris\",\"rating\":1729,\"seed\":\"sodium,d9d523586f61eaf5b6b8825f04c788e3\"}\n>p1 move stickyweb\n>p2 move stealthrock\n>p1 move leechlife\n>p2 move knockoff\n>p1 move liquidation\n>p2 move psychicnoise\n>p1 move liquidation\n>p2 move recover\n>p1 move leechlife\n>p2 switch 3\n>p1 move leechlife\n>p2 move lunge\n>p1 move leechlife\n>p2 move leafblade\n>p1 switch 4\n>p1 move dazzlinggleam\n>p2 switch 3\n>p1 move thunderbolt\n>p2 move recover\n>p2 switch 4\n>p1 move nuzzle\n>p2 move psyshock\n>p1 move superfang\n>p2 move psyshock\n>p1 move superfang\n>p2 move psyshock\n>p1 switch 5\n>p2 move psyshock\n>p1 move superpower\n>p2 switch 5\n>p1 move superpower\n>p2 move willowisp\n>p2 switch 5\n>p1 move knockoff\n>p2 move focusblast terastallize\n>p1 move superpower\n>p2 move focusblast\n>p2 switch 2\n>p1 move superpower\n>p2 move protect\n>p1 move superpower\n>p2 move knockoff\n>p2 switch 6\n>p1 move rest\n>p2 move freezedry\n>p1 move superpower\n>p2 move freezedry\n>p2 switch 3\n>p1 move psychocut\n>p2 move lunge", "uploadtime": 1782899530, "views": 2, "formatid": "gen9randombattle", "rating": 1697, "private": 0, "password": null, "player_dets": [{"name": "XxNarfxX", "avatar": "102", "rating": 1674, "seed": "sodium,89837712fdfc604026f191796714250b"}, {"name": "5th Vision", "avatar": "iris", "rating": 1729, "seed": "sodium,d9d523586f61eaf5b6b8825f04c788e3"}], "teams_full": [{"Araquanid": {"name": "Araquanid", "species": "Araquanid", "speciesId": "araquanid", "gender": "M", "shiny": false, "level": 82, "moves": ["hydropump", "leechlife", "liquidation", "stickyweb"], "ability": "Water Bubble", "evs": {"hp": 85, "atk": 85, "def": 85, "spa": 85, "spd": 85, "spe": 85}, "ivs": {"hp": 31, "atk": 31, "def": 31, "spa": 31, "spd": 31, "spe": 31}, "item": "Heavy-Duty Boots", "teraType": "Ground", "role": "Bulky Attacker", "bvs": {"hp": 68, "atk": 70, "def": 92, "spa": 50, "spd": 132, "spe": 42}, "stats": {"hp": 246, "atk": 162, "def": 198, "spa": 129, "spd": 264, "spe": 116}, "types": ["Water", "Bug"]}, "Weezing": {"name": "Weezing", "species": "Weezing-Galar", "speciesId": "weezinggalar", "gender": "M", "shiny": false, "level": 86, "moves": ["gunkshot", "defog", "painsplit", "strangesteam"], "ability": "Levitate", "evs": {"hp": 85, "atk": 85, "def": 85, "spa": 85, "spd": 85, "spe": 85}, "ivs": {"hp": 31, "atk": 31, "def": 31, "spa": 31, "spd": 31, "spe": 31}, "item": "Leftovers", "teraType": "Steel", "role": "Bulky Support", "bvs": {"hp": 65, "atk": 90, "def": 120, "spa": 85, "spd": 70, "spe": 60}, "stats": {"hp": 252, "atk": 204, "def": 256, "spa": 195, "spd": 170, "spe": 152}, "types": ["Poison", "Fairy"]}, "Grumpig": {"name": "Grumpig", "species": "Grumpig", "speciesId": "grumpig", "gender": "F", "shiny": false, "level": 92, "moves": ["shadowball", "nastyplot", "psyshock", "earthpower"], "ability": "Thick Fat", "evs": {"hp": 85, "atk": 0, "def": 85, "spa": 85, "spd": 85, "spe": 85}, "ivs": {"hp": 31, "atk": 0, "def": 31, "spa": 31, "spd": 31, "spe": 31}, "item": "Leftovers", "teraType": "Ground", "role": "Bulky Setup", "bvs": {"hp": 80, "atk": 45, "def": 65, "spa": 90, "spd": 110, "spe": 80}, "stats": {"hp": 297, "atk": 87, "def": 172, "spa": 218, "spd": 255, "spe": 200}, "types": ["Psychic"]}, "Dedenne": {"name": "Dedenne", "species": "Dedenne", "speciesId": "dedenne", "gender": "F", "shiny": false, "level": 88, "moves": ["superfang", "dazzlinggleam", "thunderbolt", "nuzzle"], "ability": "Cheek Pouch", "evs": {"hp": 85, "atk": 85, "def": 85, "spa": 85, "spd": 85, "spe": 85}, "ivs": {"hp": 31, "atk": 31, "def": 31, "spa": 31, "spd": 31, "spe": 31}, "item": "Sitrus Berry", "teraType": "Flying", "role": "Fast Support", "bvs": {"hp": 67, "atk": 58, "def": 57, "spa": 81, "spd": 67, "spe": 101}, "stats": {"hp": 261, "atk": 152, "def": 151, "spa": 193, "spd": 168, "spe": 228}, "types": ["Electric", "Fairy"]}, "Malamar": {"name": "Malamar", "species": "Malamar", "speciesId": "malamar", "gender": "M", "shiny": false, "level": 82, "moves": ["psychocut", "rest", "superpower", "knockoff"], "ability": "Contrary", "evs": {"hp": 85, "atk": 85, "def": 85, "spa": 85, "spd": 85, "spe": 85}, "ivs": {"hp": 31, "atk": 31, "def": 31, "spa": 31, "spd": 31, "spe": 31}, "item": "Chesto Berry", "teraType": "Fighting", "role": "Fast Bulky Setup", "bvs": {"hp": 86, "atk": 92, "def": 88, "spa": 68, "spd": 75, "spe": 73}, "stats": {"hp": 275, "atk": 198, "def": 191, "spa": 159, "spd": 170, "spe": 167}, "types": ["Dark", "Psychic"]}, "Drifblim": {"name": "Drifblim", "species": "Drifblim", "speciesId": "drifblim", "gender": "F", "shiny": false, "level": 86, "moves": ["airslash", "strengthsap", "calmmind", "shadowball"], "ability": "Unburden", "evs": {"hp": 73, "atk": 0, "def": 85, "spa": 85, "spd": 85, "spe": 85}, "ivs": {"hp": 31, "atk": 0, "def": 31, "spa": 31, "spd": 31, "spe": 31}, "item": "Sitrus Berry", "teraType": "Steel", "role": "Bulky Attacker", "bvs": {"hp": 150, "atk": 80, "def": 44, "spa": 90, "spd": 54, "spe": 80}, "stats": {"hp": 396, "atk": 142, "def": 125, "spa": 204, "spd": 142, "spe": 187}, "types": ["Ghost", "Flying"]}}, {"Deoxys": {"name": "Deoxys", "species": "Deoxys-Defense", "speciesId": "deoxysdefense", "gender": "N", "shiny": false, "level": 84, "moves": ["knockoff", "recover", "stealthrock", "psychicnoise"], "ability": "Pressure", "evs": {"hp": 85, "atk": 85, "def": 85, "spa": 85, "spd": 85, "spe": 85}, "ivs": {"hp": 31, "atk": 31, "def": 31, "spa": 31, "spd": 31, "spe": 31}, "item": "Rocky Helmet", "teraType": "Dark", "role": "Bulky Support", "bvs": {"hp": 50, "atk": 70, "def": 160, "spa": 70, "spd": 160, "spe": 90}, "stats": {"hp": 221, "atk": 166, "def": 317, "spa": 166, "spd": 317, "spe": 199}, "types": ["Psychic"]}, "Regigigas": {"name": "Regigigas", "species": "Regigigas", "speciesId": "regigigas", "gender": "N", "shiny": false, "level": 84, "moves": ["knockoff", "bodyslam", "substitute", "protect"], "ability": "Slow Start", "evs": {"hp": 85, "atk": 85, "def": 85, "spa": 85, "spd": 85, "spe": 85}, "ivs": {"hp": 31, "atk": 31, "def": 31, "spa": 31, "spd": 31, "spe": 31}, "item": "Leftovers", "teraType": "Ghost", "role": "Bulky Attacker", "bvs": {"hp": 110, "atk": 160, "def": 110, "spa": 80, "spd": 110, "spe": 100}, "stats": {"hp": 322, "atk": 317, "def": 233, "spa": 183, "spd": 233, "spe": 216}, "types": ["Normal"]}, "Leavanny": {"name": "Leavanny", "species": "Leavanny", "speciesId": "leavanny", "gender": "M", "shiny": false, "level": 86, "moves": ["lunge", "knockoff", "leafblade", "stickyweb"], "ability": "Swarm", "evs": {"hp": 85, "atk": 85, "def": 85, "spa": 85, "spd": 85, "spe": 85}, "ivs": {"hp": 31, "atk": 31, "def": 31, "spa": 31, "spd": 31, "spe": 31}, "item": "Heavy-Duty Boots", "teraType": "Rock", "role": "Fast Support", "bvs": {"hp": 75, "atk": 103, "def": 80, "spa": 70, "spd": 80, "spe": 92}, "stats": {"hp": 269, "atk": 226, "def": 187, "spa": 170, "spd": 187, "spe": 207}, "types": ["Bug", "Grass"]}, "Oranguru": {"name": "Oranguru", "species": "Oranguru", "speciesId": "oranguru", "gender": "M", "shiny": false, "level": 92, "moves": ["focusblast", "trick", "psyshock", "hypervoice"], "ability": "Inner Focus", "evs": {"hp": 85, "atk": 0, "def": 85, "spa": 85, "spd": 85, "spe": 85}, "ivs": {"hp": 31, "atk": 0, "def": 31, "spa": 31, "spd": 31, "spe": 31}, "item": "Choice Specs", "teraType": "Fighting", "role": "Wallbreaker", "bvs": {"hp": 90, "atk": 60, "def": 80, "spa": 90, "spd": 110, "spe": 60}, "stats": {"hp": 315, "atk": 115, "def": 200, "spa": 218, "spd": 255, "spe": 163}, "types": ["Normal", "Psychic"]}, "Incineroar": {"name": "Incineroar", "species": "Incineroar", "speciesId": "incineroar", "gender": "F", "shiny": false, "level": 82, "moves": ["willowisp", "closecombat", "knockoff", "flareblitz"], "ability": "Intimidate", "evs": {"hp": 85, "atk": 85, "def": 85, "spa": 85, "spd": 85, "spe": 85}, "ivs": {"hp": 31, "atk": 31, "def": 31, "spa": 31, "spd": 31, "spe": 31}, "item": "Heavy-Duty Boots", "teraType": "Water", "role": "Fast Attacker", "bvs": {"hp": 95, "atk": 115, "def": 90, "spa": 80, "spd": 90, "spe": 60}, "stats": {"hp": 290, "atk": 236, "def": 195, "spa": 178, "spd": 195, "spe": 146}, "types": ["Fire", "Dark"]}, "Delibird": {"name": "Delibird", "species": "Delibird", "speciesId": "delibird", "gender": "M", "shiny": false, "level": 100, "moves": ["rapidspin", "freezedry", "spikes", "bravebird"], "ability": "Vital Spirit", "evs": {"hp": 85, "atk": 85, "def": 85, "spa": 85, "spd": 85, "spe": 85}, "ivs": {"hp": 31, "atk": 31, "def": 31, "spa": 31, "spd": 31, "spe": 31}, "item": "Heavy-Duty Boots", "teraType": "Ghost", "role": "Fast Support", "bvs": {"hp": 45, "atk": 55, "def": 45, "spa": 65, "spd": 45, "spe": 75}, "stats": {"hp": 252, "atk": 167, "def": 147, "spa": 187, "spd": 147, "spe": 207}, "types": ["Ice", "Flying"]}}]}