{"id": "gen9randombattle-2642140211", "format": "[Gen 9] Random Battle", "players": ["klausevge", "testbotcif"], "log": "|j|\u2606klausevge\n|j|\u2606testbotcif\n|t:|1782898581\n|gametype|singles\n|player|p1|klausevge|2|1335\n|player|p2|testbotcif|1|1307\n|gen|9\n|tier|[Gen 9] Random Battle\n|rated|\n|rule|Species Clause: Limit one of each Pok\u00e9mon\n|rule|HP Percentage Mod: HP is shown in percentages\n|rule|Sleep Clause Mod: Limit one foe put to sleep\n|rule|Illusion Level Mod: Illusion disguises the Pok\u00e9mon's true level\n|\n|t:|1782898581\n|teamsize|p1|6\n|teamsize|p2|6\n|start\n|switch|p1a: Orthworm|Orthworm, L88, M|266/266\n|switch|p2a: Flamigo|Flamigo, L82, F|269/269\n|turn|1\n|c|\u2606testbotcif|rlhf\n|inactive|Battle timer is ON: inactive players will automatically lose when time's up. (requested by klausevge)\n|inactive|testbotcif also wants the timer to be on.\n|\n|t:|1782898593\n|switch|p1a: Gothitelle|Gothitelle, L90, M|272/272\n|move|p2a: Flamigo|Close Combat|p1a: Gothitelle\n|-resisted|p1a: Gothitelle\n|-damage|p1a: Gothitelle|175/272\n|-unboost|p2a: Flamigo|def|1\n|-unboost|p2a: Flamigo|spd|1\n|\n|-heal|p1a: Gothitelle|192/272|[from] item: Leftovers\n|upkeep\n|turn|2\n|\n|t:|1782898599\n|move|p2a: Flamigo|Close Combat|p1a: Gothitelle\n|-resisted|p1a: Gothitelle\n|-damage|p1a: Gothitelle|108/272\n|-unboost|p2a: Flamigo|def|1\n|-unboost|p2a: Flamigo|spd|1\n|move|p1a: Gothitelle|Psychic Noise|p2a: Flamigo\n|-supereffective|p2a: Flamigo\n|-crit|p2a: Flamigo\n|-damage|p2a: Flamigo|0 fnt\n|faint|p2a: Flamigo\n|\n|-heal|p1a: Gothitelle|125/272|[from] item: Leftovers\n|upkeep\n|\n|t:|1782898599\n|switch|p2a: Toxtricity|Toxtricity, L82, F|257/257\n|turn|3\n|\n|t:|1782898628\n|move|p2a: Toxtricity|Shift Gear|p2a: Toxtricity\n|-boost|p2a: Toxtricity|spe|2\n|-boost|p2a: Toxtricity|atk|1\n|move|p1a: Gothitelle|Psychic Noise|p2a: Toxtricity\n|-supereffective|p2a: Toxtricity\n|-damage|p2a: Toxtricity|155/257\n|-start|p2a: Toxtricity|move: Heal Block\n|\n|-heal|p1a: Gothitelle|142/272|[from] item: Leftovers\n|upkeep\n|turn|4\n|\n|t:|1782898631\n|move|p2a: Toxtricity|Gunk Shot|p1a: Gothitelle|[miss]\n|-miss|p2a: Toxtricity|p1a: Gothitelle\n|move|p1a: Gothitelle|Psychic Noise|p2a: Toxtricity\n|-supereffective|p2a: Toxtricity\n|-damage|p2a: Toxtricity|53/257\n|\n|-heal|p1a: Gothitelle|159/272|[from] item: Leftovers\n|-end|p2a: Toxtricity|move: Heal Block\n|upkeep\n|turn|5\n|\n|t:|1782898634\n|move|p2a: Toxtricity|Gunk Shot|p1a: Gothitelle\n|-damage|p1a: Gothitelle|9/272\n|move|p1a: Gothitelle|Psychic Noise|p2a: Toxtricity\n|-supereffective|p2a: Toxtricity\n|-damage|p2a: Toxtricity|0 fnt\n|faint|p2a: Toxtricity\n|\n|-heal|p1a: Gothitelle|26/272|[from] item: Leftovers\n|upkeep\n|\n|t:|1782898634\n|switch|p2a: Typhlosion|Typhlosion, L84, F|267/267\n|turn|6\n|\n|t:|1782898639\n|move|p2a: Typhlosion|Eruption|p1a: Gothitelle\n|-damage|p1a: Gothitelle|0 fnt\n|faint|p1a: Gothitelle\n|\n|upkeep\n|\n|t:|1782898642\n|switch|p1a: Wugtrio|Wugtrio, L91, F|212/212\n|turn|7\n|\n|t:|1782898645\n|switch|p2a: Lanturn|Lanturn, L89, M|367/367\n|move|p1a: Wugtrio|Aqua Jet|p2a: Lanturn\n|-resisted|p2a: Lanturn\n|-damage|p2a: Lanturn|319/367\n|\n|-heal|p2a: Lanturn|341/367|[from] item: Leftovers\n|upkeep\n|turn|8\n|\n|t:|1782898649\n|switch|p1a: Orthworm|Orthworm, L88, M|266/266\n|move|p2a: Lanturn|Thunderbolt|p1a: Orthworm\n|-damage|p1a: Orthworm|148/266\n|\n|-heal|p2a: Lanturn|363/367|[from] item: Leftovers\n|-heal|p1a: Orthworm|164/266|[from] item: Leftovers\n|upkeep\n|turn|9\n|\n|t:|1782898652\n|move|p2a: Lanturn|Thunderbolt|p1a: Orthworm\n|-damage|p1a: Orthworm|49/266\n|move|p1a: Orthworm|Stealth Rock|p2a: Lanturn\n|-sidestart|p2: testbotcif|move: Stealth Rock\n|\n|-heal|p2a: Lanturn|367/367|[from] item: Leftovers\n|-heal|p1a: Orthworm|65/266|[from] item: Leftovers\n|upkeep\n|turn|10\n|\n|t:|1782898658\n|move|p2a: Lanturn|Thunderbolt|p1a: Orthworm\n|-damage|p1a: Orthworm|0 fnt\n|faint|p1a: Orthworm\n|\n|upkeep\n|\n|t:|1782898667\n|switch|p1a: Iron Hands|Iron Hands, L79|373/373\n|turn|11\n|\n|t:|1782898676\n|move|p2a: Lanturn|Scald|p1a: Iron Hands\n|-damage|p1a: Iron Hands|300/373\n|move|p1a: Iron Hands|Close Combat|p2a: Lanturn\n|-damage|p2a: Lanturn|172/367\n|-unboost|p1a: Iron Hands|def|1\n|-unboost|p1a: Iron Hands|spd|1\n|\n|-heal|p2a: Lanturn|194/367|[from] item: Leftovers\n|upkeep\n|turn|12\n|\n|t:|1782898678\n|move|p2a: Lanturn|Scald|p1a: Iron Hands\n|-damage|p1a: Iron Hands|201/373\n|move|p1a: Iron Hands|Close Combat|p2a: Lanturn\n|-damage|p2a: Lanturn|5/367\n|-unboost|p1a: Iron Hands|def|1\n|-unboost|p1a: Iron Hands|spd|1\n|\n|-heal|p2a: Lanturn|27/367|[from] item: Leftovers\n|upkeep\n|turn|13\n|\n|t:|1782898682\n|move|p2a: Lanturn|Scald|p1a: Iron Hands\n|-damage|p1a: Iron Hands|66/373\n|move|p1a: Iron Hands|Close Combat|p2a: Lanturn\n|-damage|p2a: Lanturn|0 fnt\n|-unboost|p1a: Iron Hands|def|1\n|-unboost|p1a: Iron Hands|spd|1\n|faint|p2a: Lanturn\n|\n|upkeep\n|\n|t:|1782898682\n|switch|p2a: Gliscor|Gliscor, L76, F|239/239\n|-damage|p2a: Gliscor|210/239|[from] Stealth Rock\n|turn|14\n|\n|t:|1782898693\n|-end|p1a: Iron Hands|Quark Drive|[silent]\n|switch|p1a: Wugtrio|Wugtrio, L91, F|212/212\n|move|p2a: Gliscor|Earthquake|p1a: Wugtrio\n|-damage|p1a: Wugtrio|101/212\n|\n|-status|p2a: Gliscor|tox|[from] item: Toxic Orb\n|upkeep\n|turn|15\n|\n|t:|1782898696\n|move|p1a: Wugtrio|Liquidation|p2a: Gliscor\n|-supereffective|p2a: Gliscor\n|-damage|p2a: Gliscor|0 fnt\n|faint|p2a: Gliscor\n|\n|upkeep\n|\n|t:|1782898696\n|switch|p2a: Comfey|Comfey, L85, M|225/225\n|-damage|p2a: Comfey|197/225|[from] Stealth Rock\n|turn|16\n|\n|t:|1782898699\n|move|p2a: Comfey|Giga Drain|p1a: Wugtrio\n|-supereffective|p1a: Wugtrio\n|-damage|p1a: Wugtrio|1/212\n|-heal|p2a: Comfey|225/225|[from] drain|[of] p1a: Wugtrio\n|move|p1a: Wugtrio|Liquidation|p2a: Comfey\n|-damage|p2a: Comfey|57/225\n|\n|-heal|p2a: Comfey|71/225|[from] item: Leftovers\n|upkeep\n|turn|17\n|\n|t:|1782898702\n|move|p2a: Comfey|Giga Drain|p1a: Wugtrio\n|-supereffective|p1a: Wugtrio\n|-damage|p1a: Wugtrio|0 fnt\n|-heal|p2a: Comfey|72/225|[from] drain|[of] p1a: Wugtrio\n|faint|p1a: Wugtrio\n|\n|-heal|p2a: Comfey|86/225|[from] item: Leftovers\n|upkeep\n|\n|t:|1782898708\n|switch|p1a: Blaziken|Blaziken, L76, M|247/247\n|turn|18\n|\n|t:|1782898711\n|move|p2a: Comfey|Draining Kiss|p1a: Blaziken\n|-damage|p1a: Blaziken|180/247\n|-heal|p2a: Comfey|136/225|[from] drain|[of] p1a: Blaziken\n|move|p1a: Blaziken|Flare Blitz|p2a: Comfey\n|-damage|p2a: Comfey|0 fnt\n|faint|p2a: Comfey\n|-damage|p1a: Blaziken|135/247|[from] Recoil\n|-damage|p1a: Blaziken|111/247|[from] item: Life Orb\n|\n|-ability|p1a: Blaziken|Speed Boost|boost\n|-boost|p1a: Blaziken|spe|1\n|upkeep\n|\n|t:|1782898711\n|switch|p2a: Typhlosion|Typhlosion, L84, F|267/267\n|-damage|p2a: Typhlosion|201/267|[from] Stealth Rock\n|turn|19\n|\n|t:|1782898721\n|-terastallize|p2a: Typhlosion|Fire\n|move|p2a: Typhlosion|Scorching Sands|p1a: Blaziken\n|-supereffective|p1a: Blaziken\n|-damage|p1a: Blaziken|0 fnt\n|faint|p1a: Blaziken\n|\n|upkeep\n|\n|t:|1782898727\n|switch|p1a: Iron Hands|Iron Hands, L79|66/373\n|turn|20\n|\n|t:|1782898729\n|move|p2a: Typhlosion|Scorching Sands|p1a: Iron Hands\n|-supereffective|p1a: Iron Hands\n|-damage|p1a: Iron Hands|0 fnt\n|faint|p1a: Iron Hands\n|-end|p1a: Iron Hands|Quark Drive|[silent]\n|\n|upkeep\n|\n|t:|1782898731\n|switch|p1a: Jumpluff|Jumpluff, L87, M|271/271\n|turn|21\n|\n|t:|1782898736\n|move|p2a: Typhlosion|Scorching Sands|p1a: Jumpluff\n|-immune|p1a: Jumpluff\n|move|p1a: Jumpluff|Acrobatics|p2a: Typhlosion\n|-damage|p2a: Typhlosion|111/267\n|\n|upkeep\n|turn|22\n|\n|t:|1782898739\n|move|p2a: Typhlosion|Scorching Sands|p1a: Jumpluff\n|-immune|p1a: Jumpluff\n|move|p1a: Jumpluff|Acrobatics|p2a: Typhlosion\n|-damage|p2a: Typhlosion|21/267\n|\n|upkeep\n|turn|23\n|\n|t:|1782898742\n|move|p2a: Typhlosion|Scorching Sands|p1a: Jumpluff\n|-immune|p1a: Jumpluff\n|move|p1a: Jumpluff|Acrobatics|p2a: Typhlosion\n|-damage|p2a: Typhlosion|0 fnt\n|faint|p2a: Typhlosion\n|\n|win|klausevge\n|raw|klausevge's rating: 1335 &rarr; <strong>1353</strong><br />(+18 for winning)\n|raw|testbotcif's rating: 1307 &rarr; <strong>1289</strong><br />(-18 for losing)\n", "inputlog": ">version f8ac14003a5f27e1bdc8d8c59608a773c1cb96e5\n>start {\"formatid\":\"gen9randombattle\",\"seed\":\"sodium,d2714e401dcf7bb722009aa415a21439\",\"rated\":\"Rated battle\"}\n>player p1 {\"name\":\"klausevge\",\"avatar\":\"2\",\"rating\":1335,\"seed\":\"sodium,7db26b7f016422ac08fe8c008db07123\"}\n>player p2 {\"name\":\"testbotcif\",\"avatar\":\"1\",\"rating\":1307,\"seed\":\"sodium,273f0a0f3d772d92d59059bd13ea57c5\"}\n>chat \u2606testbotcif|rlhf\n>p1 switch 3\n>p2 move closecombat\n>p1 move psychicnoise\n>p2 move closecombat\n>p2 switch 5\n>p1 move psychicnoise\n>p2 move shiftgear\n>p1 move psychicnoise\n>p2 move gunkshot\n>p1 move psychicnoise\n>p2 move gunkshot\n>p2 switch 6\n>p1 move psychicnoise\n>p2 move eruption\n>p1 switch 6\n>p1 move aquajet\n>p2 switch 3\n>p1 switch 3\n>p2 move thunderbolt\n>p1 move stealthrock\n>p2 move thunderbolt\n>p1 move bodypress\n>p2 move thunderbolt\n>p1 switch 2\n>p1 move closecombat\n>p2 move scald\n>p1 move closecombat\n>p2 move scald\n>p1 move closecombat\n>p2 move scald\n>p2 switch 4\n>p1 switch 3\n>p2 move earthquake\n>p1 move liquidation\n>p2 move earthquake\n>p2 switch 2\n>p1 move liquidation\n>p2 move gigadrain\n>p1 move liquidation\n>p2 move gigadrain\n>p1 switch 5\n>p1 move flareblitz\n>p2 move drainingkiss\n>p2 switch 3\n>p1 move closecombat\n>p2 move scorchingsands terastallize\n>p1 switch 3\n>p1 move thunderpunch\n>p2 move scorchingsands\n>p1 switch 4\n>p1 move acrobatics\n>p2 move scorchingsands\n>p1 move acrobatics\n>p2 move scorchingsands\n>p1 move acrobatics\n>p2 move scorchingsands", "uploadtime": 1782898742, "views": 3, "formatid": "gen9randombattle", "rating": 1289, "private": 0, "password": null, "player_dets": [{"name": "klausevge", "avatar": "2", "rating": 1335, "seed": "sodium,7db26b7f016422ac08fe8c008db07123"}, {"name": "testbotcif", "avatar": "1", "rating": 1307, "seed": "sodium,273f0a0f3d772d92d59059bd13ea57c5"}], "teams_full": [{"Orthworm": {"name": "Orthworm", "species": "Orthworm", "speciesId": "orthworm", "gender": "M", "shiny": false, "level": 88, "moves": ["stealthrock", "heavyslam", "bodypress", "shedtail"], "ability": "Earth Eater", "evs": {"hp": 85, "atk": 85, "def": 85, "spa": 85, "spd": 85, "spe": 85}, "ivs": {"hp": 31, "atk": 31, "def": 31, "spa": 31, "spd": 31, "spe": 31}, "item": "Leftovers", "teraType": "Electric", "role": "Bulky Attacker", "bvs": {"hp": 70, "atk": 85, "def": 145, "spa": 60, "spd": 55, "spe": 65}, "stats": {"hp": 266, "atk": 200, "def": 305, "spa": 156, "spd": 147, "spe": 165}, "types": ["Steel"]}, "Iron Hands": {"name": "Iron Hands", "species": "Iron Hands", "speciesId": "ironhands", "gender": "N", "shiny": false, "level": 79, "moves": ["closecombat", "thunderpunch", "heavyslam", "voltswitch"], "ability": "Quark Drive", "evs": {"hp": 85, "atk": 85, "def": 85, "spa": 85, "spd": 85, "spe": 85}, "ivs": {"hp": 31, "atk": 31, "def": 31, "spa": 31, "spd": 31, "spe": 31}, "item": "Assault Vest", "teraType": "Electric", "role": "AV Pivot", "bvs": {"hp": 154, "atk": 140, "def": 108, "spa": 50, "spd": 68, "spe": 50}, "stats": {"hp": 373, "atk": 267, "def": 216, "spa": 125, "spd": 153, "spe": 125}, "types": ["Fighting", "Electric"]}, "Gothitelle": {"name": "Gothitelle", "species": "Gothitelle", "speciesId": "gothitelle", "gender": "M", "shiny": false, "level": 90, "moves": ["thunderbolt", "psychicnoise", "calmmind", "darkpulse"], "ability": "Shadow Tag", "evs": {"hp": 85, "atk": 0, "def": 85, "spa": 85, "spd": 85, "spe": 85}, "ivs": {"hp": 31, "atk": 0, "def": 31, "spa": 31, "spd": 31, "spe": 31}, "item": "Leftovers", "teraType": "Ghost", "role": "Bulky Setup", "bvs": {"hp": 70, "atk": 55, "def": 95, "spa": 95, "spd": 110, "spe": 65}, "stats": {"hp": 272, "atk": 104, "def": 222, "spa": 222, "spd": 249, "spe": 168}, "types": ["Psychic"]}, "Jumpluff": {"name": "Jumpluff", "species": "Jumpluff", "speciesId": "jumpluff", "gender": "M", "shiny": false, "level": 87, "moves": ["sleeppowder", "encore", "strengthsap", "acrobatics"], "ability": "Infiltrator", "evs": {"hp": 81, "atk": 85, "def": 85, "spa": 85, "spd": 85, "spe": 85}, "ivs": {"hp": 31, "atk": 31, "def": 31, "spa": 31, "spd": 31, "spe": 31}, "item": "", "teraType": "Steel", "role": "Bulky Attacker", "bvs": {"hp": 75, "atk": 55, "def": 70, "spa": 55, "spd": 95, "spe": 110}, "stats": {"hp": 271, "atk": 145, "def": 172, "spa": 145, "spd": 215, "spe": 241}, "types": ["Grass", "Flying"]}, "Blaziken": {"name": "Blaziken", "species": "Blaziken", "speciesId": "blaziken", "gender": "M", "shiny": false, "level": 76, "moves": ["knockoff", "swordsdance", "flareblitz", "closecombat"], "ability": "Speed Boost", "evs": {"hp": 85, "atk": 85, "def": 85, "spa": 85, "spd": 85, "spe": 85}, "ivs": {"hp": 31, "atk": 31, "def": 31, "spa": 31, "spd": 31, "spe": 31}, "item": "Life Orb", "teraType": "Dark", "role": "Setup Sweeper", "bvs": {"hp": 80, "atk": 120, "def": 70, "spa": 110, "spd": 70, "spe": 80}, "stats": {"hp": 247, "atk": 226, "def": 150, "spa": 211, "spd": 150, "spe": 166}, "types": ["Fire", "Fighting"]}, "Wugtrio": {"name": "Wugtrio", "species": "Wugtrio", "speciesId": "wugtrio", "gender": "F", "shiny": false, "level": 91, "moves": ["liquidation", "aquajet", "throatchop", "stompingtantrum"], "ability": "Gooey", "evs": {"hp": 85, "atk": 85, "def": 85, "spa": 85, "spd": 85, "spe": 85}, "ivs": {"hp": 31, "atk": 31, "def": 31, "spa": 31, "spd": 31, "spe": 31}, "item": "Choice Band", "teraType": "Water", "role": "Fast Attacker", "bvs": {"hp": 35, "atk": 100, "def": 50, "spa": 50, "spd": 70, "spe": 120}, "stats": {"hp": 212, "atk": 234, "def": 143, "spa": 143, "spd": 179, "spe": 270}, "types": ["Water"]}}, {"Flamigo": {"name": "Flamigo", "species": "Flamigo", "speciesId": "flamigo", "gender": "F", "shiny": false, "level": 82, "moves": ["throatchop", "bravebird", "uturn", "closecombat"], "ability": "Scrappy", "evs": {"hp": 85, "atk": 85, "def": 85, "spa": 85, "spd": 85, "spe": 85}, "ivs": {"hp": 31, "atk": 31, "def": 31, "spa": 31, "spd": 31, "spe": 31}, "item": "Choice Band", "teraType": "Fighting", "role": "Fast Attacker", "bvs": {"hp": 82, "atk": 115, "def": 74, "spa": 75, "spd": 64, "spe": 90}, "stats": {"hp": 269, "atk": 236, "def": 169, "spa": 170, "spd": 152, "spe": 195}, "types": ["Flying", "Fighting"]}, "Comfey": {"name": "Comfey", "species": "Comfey", "speciesId": "comfey", "gender": "M", "shiny": false, "level": 85, "moves": ["calmmind", "drainingkiss", "gigadrain", "storedpower"], "ability": "Triage", "evs": {"hp": 85, "atk": 0, "def": 85, "spa": 85, "spd": 85, "spe": 85}, "ivs": {"hp": 31, "atk": 0, "def": 31, "spa": 31, "spd": 31, "spe": 31}, "item": "Leftovers", "teraType": "Steel", "role": "Bulky Setup", "bvs": {"hp": 51, "atk": 52, "def": 90, "spa": 82, "spd": 110, "spe": 100}, "stats": {"hp": 225, "atk": 93, "def": 202, "spa": 188, "spd": 236, "spe": 219}, "types": ["Fairy"]}, "Lanturn": {"name": "Lanturn", "species": "Lanturn", "speciesId": "lanturn", "gender": "M", "shiny": false, "level": 89, "moves": ["thunderbolt", "thunderwave", "icebeam", "scald"], "ability": "Volt Absorb", "evs": {"hp": 85, "atk": 0, "def": 85, "spa": 85, "spd": 85, "spe": 85}, "ivs": {"hp": 31, "atk": 0, "def": 31, "spa": 31, "spd": 31, "spe": 31}, "item": "Leftovers", "teraType": "Flying", "role": "Bulky Attacker", "bvs": {"hp": 125, "atk": 58, "def": 58, "spa": 76, "spd": 76, "spe": 67}, "stats": {"hp": 367, "atk": 108, "def": 154, "spa": 186, "spd": 186, "spe": 170}, "types": ["Water", "Electric"]}, "Gliscor": {"name": "Gliscor", "species": "Gliscor", "speciesId": "gliscor", "gender": "F", "shiny": false, "level": 76, "moves": ["toxic", "protect", "substitute", "earthquake"], "ability": "Poison Heal", "evs": {"hp": 85, "atk": 85, "def": 85, "spa": 85, "spd": 85, "spe": 85}, "ivs": {"hp": 31, "atk": 31, "def": 31, "spa": 31, "spd": 31, "spe": 31}, "item": "Toxic Orb", "teraType": "Water", "role": "Fast Support", "bvs": {"hp": 75, "atk": 95, "def": 125, "spa": 45, "spd": 75, "spe": 95}, "stats": {"hp": 239, "atk": 188, "def": 234, "spa": 112, "spd": 158, "spe": 188}, "types": ["Ground", "Flying"]}, "Toxtricity": {"name": "Toxtricity", "species": "Toxtricity", "speciesId": "toxtricity", "gender": "F", "shiny": false, "level": 82, "moves": ["overdrive", "gunkshot", "boomburst", "shiftgear"], "ability": "Punk Rock", "evs": {"hp": 85, "atk": 85, "def": 85, "spa": 85, "spd": 85, "spe": 85}, "ivs": {"hp": 31, "atk": 31, "def": 31, "spa": 31, "spd": 31, "spe": 31}, "item": "Throat Spray", "teraType": "Normal", "role": "Setup Sweeper", "bvs": {"hp": 75, "atk": 98, "def": 70, "spa": 114, "spd": 70, "spe": 75}, "stats": {"hp": 257, "atk": 208, "def": 162, "spa": 234, "spd": 162, "spe": 170}, "types": ["Electric", "Poison"]}, "Typhlosion": {"name": "Typhlosion", "species": "Typhlosion", "speciesId": "typhlosion", "gender": "F", "shiny": false, "level": 84, "moves": ["eruption", "scorchingsands", "focusblast", "fireblast"], "ability": "Blaze", "evs": {"hp": 81, "atk": 0, "def": 85, "spa": 85, "spd": 85, "spe": 85}, "ivs": {"hp": 31, "atk": 0, "def": 31, "spa": 31, "spd": 31, "spe": 31}, "item": "Choice Scarf", "teraType": "Fire", "role": "Fast Attacker", "bvs": {"hp": 78, "atk": 84, "def": 78, "spa": 109, "spd": 85, "spe": 100}, "stats": {"hp": 267, "atk": 146, "def": 179, "spa": 231, "spd": 191, "spe": 216}, "types": ["Fire"]}}]}