{"id": "gen9randombattle-2642009392", "format": "[Gen 9] Random Battle", "players": ["sage of rs123", "chugball"], "log": "|j|\u2606sage of rs123\n|j|\u2606chugball\n|t:|1782872624\n|gametype|singles\n|player|p1|sage of rs123|265|1445\n|player|p2|chugball|170|1474\n|gen|9\n|tier|[Gen 9] Random Battle\n|rated|\n|rule|Species Clause: Limit one of each Pok\u00e9mon\n|rule|HP Percentage Mod: HP is shown in percentages\n|rule|Sleep Clause Mod: Limit one foe put to sleep\n|rule|Illusion Level Mod: Illusion disguises the Pok\u00e9mon's true level\n|\n|t:|1782872624\n|teamsize|p1|6\n|teamsize|p2|6\n|start\n|switch|p1a: Sneasler|Sneasler, L74, F|240/240\n|switch|p2a: Frosmoth|Frosmoth, L82, F|249/249\n|turn|1\n|\n|t:|1782872636\n|move|p1a: Sneasler|Close Combat|p2a: Frosmoth\n|-damage|p2a: Frosmoth|83/249\n|-unboost|p1a: Sneasler|def|1\n|-unboost|p1a: Sneasler|spd|1\n|-enditem|p1a: Sneasler|White Herb\n|-clearnegativeboost|p1a: Sneasler|[silent]\n|move|p2a: Frosmoth|Hurricane|p1a: Sneasler|[miss]\n|-miss|p2a: Frosmoth|p1a: Sneasler\n|\n|upkeep\n|turn|2\n|\n|t:|1782872641\n|switch|p2a: Sableye|Sableye, L88, F|231/231\n|move|p1a: Sneasler|Acrobatics|p2a: Sableye\n|-crit|p2a: Sableye\n|-damage|p2a: Sableye|99/231\n|\n|-heal|p2a: Sableye|113/231|[from] item: Leftovers\n|upkeep\n|turn|3\n|\n|t:|1782872648\n|move|p2a: Sableye|Encore|p1a: Sneasler\n|-start|p1a: Sneasler|Encore\n|move|p1a: Sneasler|Acrobatics|p2a: Sableye\n|-damage|p2a: Sableye|32/231\n|\n|-heal|p2a: Sableye|46/231|[from] item: Leftovers\n|upkeep\n|turn|4\n|\n|t:|1782872651\n|move|p2a: Sableye|Recover|p2a: Sableye\n|-heal|p2a: Sableye|162/231\n|move|p1a: Sneasler|Acrobatics|p2a: Sableye\n|-damage|p2a: Sableye|79/231\n|\n|-heal|p2a: Sableye|93/231|[from] item: Leftovers\n|upkeep\n|turn|5\n|\n|t:|1782872656\n|move|p2a: Sableye|Thunder Wave|p1a: Sneasler\n|-status|p1a: Sneasler|par\n|cant|p1a: Sneasler|par\n|\n|-heal|p2a: Sableye|107/231|[from] item: Leftovers\n|-end|p1a: Sneasler|Encore\n|upkeep\n|turn|6\n|\n|t:|1782872662\n|move|p2a: Sableye|Encore|p1a: Sneasler\n|-start|p1a: Sneasler|Encore\n|move|p1a: Sneasler|Acrobatics|p2a: Sableye\n|-damage|p2a: Sableye|30/231\n|\n|-heal|p2a: Sableye|44/231|[from] item: Leftovers\n|upkeep\n|turn|7\n|\n|t:|1782872663\n|move|p2a: Sableye|Recover|p2a: Sableye\n|-heal|p2a: Sableye|160/231\n|cant|p1a: Sneasler|par\n|\n|-heal|p2a: Sableye|174/231|[from] item: Leftovers\n|upkeep\n|turn|8\n|\n|t:|1782872666\n|move|p1a: Sneasler|Acrobatics|p2a: Sableye\n|-damage|p2a: Sableye|90/231\n|move|p2a: Sableye|Knock Off|p1a: Sneasler\n|-resisted|p1a: Sneasler\n|-damage|p1a: Sneasler|189/240 par\n|\n|-heal|p2a: Sableye|104/231|[from] item: Leftovers\n|-end|p1a: Sneasler|Encore\n|upkeep\n|turn|9\n|\n|t:|1782872669\n|move|p2a: Sableye|Encore|p1a: Sneasler\n|-start|p1a: Sneasler|Encore\n|move|p1a: Sneasler|Acrobatics|p2a: Sableye\n|-crit|p2a: Sableye\n|-damage|p2a: Sableye|0 fnt\n|faint|p2a: Sableye\n|\n|upkeep\n|c|\u2606chugball|fucking ridiculous\n|-message|chugball forfeited.\n|\n|win|sage of rs123\n", "inputlog": ">version f8ac14003a5f27e1bdc8d8c59608a773c1cb96e5\n>start {\"formatid\":\"gen9randombattle\",\"seed\":\"sodium,ad9cbbb1dae3fedd08a13c8cd977fba1\",\"rated\":\"Rated battle\"}\n>player p1 {\"name\":\"sage of rs123\",\"avatar\":\"265\",\"rating\":1445,\"seed\":\"sodium,0733ddc80c86133627eb89277e70c852\"}\n>player p2 {\"name\":\"chugball\",\"avatar\":\"170\",\"rating\":1474,\"seed\":\"sodium,12c63709144dd84b2d8e81cd085d30a0\"}\n>p1 move closecombat\n>p2 move hurricane\n>p1 move acrobatics\n>p2 switch 5\n>p1 move acrobatics\n>p2 move encore\n>p1 move acrobatics\n>p2 move recover\n>p1 move acrobatics\n>p2 move thunderwave\n>p1 move acrobatics\n>p2 move encore\n>p1 move acrobatics\n>p2 move recover\n>p1 move acrobatics\n>p2 move knockoff\n>p1 move acrobatics\n>p2 move encore\n>chat \u2606chugball|fucking ridiculous\n>forcelose p2", "uploadtime": 1782872677, "views": 3, "formatid": "gen9randombattle", "rating": null, "private": 0, "password": null, "player_dets": [{"name": "sage of rs123", "avatar": "265", "rating": 1445, "seed": "sodium,0733ddc80c86133627eb89277e70c852"}, {"name": "chugball", "avatar": "170", "rating": 1474, "seed": "sodium,12c63709144dd84b2d8e81cd085d30a0"}], "teams_full": [{"Sneasler": {"name": "Sneasler", "species": "Sneasler", "speciesId": "sneasler", "gender": "F", "shiny": false, "level": 74, "moves": ["closecombat", "direclaw", "swordsdance", "acrobatics"], "ability": "Unburden", "evs": {"hp": 85, "atk": 85, "def": 85, "spa": 85, "spd": 85, "spe": 85}, "ivs": {"hp": 31, "atk": 31, "def": 31, "spa": 31, "spd": 31, "spe": 31}, "item": "White Herb", "teraType": "Flying", "role": "Setup Sweeper", "bvs": {"hp": 80, "atk": 130, "def": 60, "spa": 40, "spd": 80, "spe": 120}, "stats": {"hp": 240, "atk": 235, "def": 132, "spa": 102, "spd": 161, "spe": 221}, "types": ["Fighting", "Poison"]}, "Hawlucha": {"name": "Hawlucha", "species": "Hawlucha", "speciesId": "hawlucha", "gender": "F", "shiny": false, "level": 80, "moves": ["closecombat", "throatchop", "acrobatics", "swordsdance"], "ability": "Unburden", "evs": {"hp": 85, "atk": 85, "def": 85, "spa": 85, "spd": 85, "spe": 85}, "ivs": {"hp": 31, "atk": 31, "def": 31, "spa": 31, "spd": 31, "spe": 31}, "item": "White Herb", "teraType": "Flying", "role": "Setup Sweeper", "bvs": {"hp": 78, "atk": 92, "def": 75, "spa": 74, "spd": 63, "spe": 118}, "stats": {"hp": 256, "atk": 193, "def": 166, "spa": 165, "spd": 147, "spe": 235}, "types": ["Fighting", "Flying"]}, "Oinkologne": {"name": "Oinkologne", "species": "Oinkologne-F", "speciesId": "oinkolognef", "gender": "F", "shiny": false, "level": 92, "moves": ["sleeptalk", "rest", "bodyslam", "curse"], "ability": "Aroma Veil", "evs": {"hp": 85, "atk": 85, "def": 85, "spa": 85, "spd": 85, "spe": 85}, "ivs": {"hp": 31, "atk": 31, "def": 31, "spa": 31, "spd": 31, "spe": 31}, "item": "Leftovers", "teraType": "Poison", "role": "Bulky Support", "bvs": {"hp": 115, "atk": 90, "def": 70, "spa": 59, "spd": 90, "spe": 65}, "stats": {"hp": 361, "atk": 218, "def": 181, "spa": 161, "spd": 218, "spe": 172}, "types": ["Normal"]}, "Ariados": {"name": "Ariados", "species": "Ariados", "speciesId": "ariados", "gender": "M", "shiny": false, "level": 95, "moves": ["poisonjab", "suckerpunch", "stickyweb", "megahorn"], "ability": "Insomnia", "evs": {"hp": 85, "atk": 85, "def": 85, "spa": 85, "spd": 85, "spe": 85}, "ivs": {"hp": 31, "atk": 31, "def": 31, "spa": 31, "spd": 31, "spe": 31}, "item": "Heavy-Duty Boots", "teraType": "Ghost", "role": "Fast Support", "bvs": {"hp": 70, "atk": 90, "def": 70, "spa": 60, "spd": 70, "spe": 40}, "stats": {"hp": 287, "atk": 225, "def": 187, "spa": 168, "spd": 187, "spe": 130}, "types": ["Bug", "Poison"]}, "Furret": {"name": "Furret", "species": "Furret", "speciesId": "furret", "gender": "F", "shiny": false, "level": 94, "moves": ["knockoff", "doubleedge", "tidyup", "brickbreak"], "ability": "Frisk", "evs": {"hp": 85, "atk": 85, "def": 85, "spa": 85, "spd": 85, "spe": 85}, "ivs": {"hp": 31, "atk": 31, "def": 31, "spa": 31, "spd": 31, "spe": 31}, "item": "Life Orb", "teraType": "Ghost", "role": "Setup Sweeper", "bvs": {"hp": 85, "atk": 76, "def": 64, "spa": 45, "spd": 55, "spe": 90}, "stats": {"hp": 312, "atk": 196, "def": 174, "spa": 138, "spd": 157, "spe": 223}, "types": ["Normal"]}, "Lapras": {"name": "Lapras", "species": "Lapras", "speciesId": "lapras", "gender": "F", "shiny": false, "level": 87, "moves": ["sparklingaria", "icebeam", "hydropump", "freezedry"], "ability": "Water Absorb", "evs": {"hp": 81, "atk": 0, "def": 85, "spa": 85, "spd": 85, "spe": 85}, "ivs": {"hp": 31, "atk": 0, "def": 31, "spa": 31, "spd": 31, "spe": 31}, "item": "Choice Specs", "teraType": "Ice", "role": "Wallbreaker", "bvs": {"hp": 130, "atk": 85, "def": 80, "spa": 85, "spd": 95, "spe": 60}, "stats": {"hp": 367, "atk": 152, "def": 189, "spa": 198, "spd": 215, "spe": 154}, "types": ["Water", "Ice"]}}, {"Frosmoth": {"name": "Frosmoth", "species": "Frosmoth", "speciesId": "frosmoth", "gender": "F", "shiny": false, "level": 82, "moves": ["quiverdance", "bugbuzz", "hurricane", "icebeam"], "ability": "Ice Scales", "evs": {"hp": 85, "atk": 0, "def": 85, "spa": 85, "spd": 85, "spe": 85}, "ivs": {"hp": 31, "atk": 0, "def": 31, "spa": 31, "spd": 31, "spe": 31}, "item": "Heavy-Duty Boots", "teraType": "Water", "role": "Setup Sweeper", "bvs": {"hp": 70, "atk": 65, "def": 60, "spa": 125, "spd": 90, "spe": 65}, "stats": {"hp": 249, "atk": 111, "def": 146, "spa": 252, "spd": 195, "spe": 154}, "types": ["Ice", "Bug"]}, "Pincurchin": {"name": "Pincurchin", "species": "Pincurchin", "speciesId": "pincurchin", "gender": "M", "shiny": false, "level": 100, "moves": ["spikes", "scald", "recover", "thunderbolt"], "ability": "Electric Surge", "evs": {"hp": 85, "atk": 0, "def": 85, "spa": 85, "spd": 85, "spe": 85}, "ivs": {"hp": 31, "atk": 0, "def": 31, "spa": 31, "spd": 31, "spe": 31}, "item": "Leftovers", "teraType": "Water", "role": "Bulky Attacker", "bvs": {"hp": 48, "atk": 101, "def": 95, "spa": 91, "spd": 85, "spe": 15}, "stats": {"hp": 258, "atk": 207, "def": 247, "spa": 239, "spd": 227, "spe": 87}, "types": ["Electric"]}, "Farigiraf": {"name": "Farigiraf", "species": "Farigiraf", "speciesId": "farigiraf", "gender": "F", "shiny": false, "level": 90, "moves": ["bodyslam", "wish", "psychicnoise", "protect"], "ability": "Sap Sipper", "evs": {"hp": 85, "atk": 85, "def": 85, "spa": 85, "spd": 85, "spe": 85}, "ivs": {"hp": 31, "atk": 31, "def": 31, "spa": 31, "spd": 31, "spe": 31}, "item": "Leftovers", "teraType": "Fairy", "role": "Bulky Support", "bvs": {"hp": 120, "atk": 90, "def": 70, "spa": 110, "spd": 70, "spe": 60}, "stats": {"hp": 362, "atk": 213, "def": 177, "spa": 249, "spd": 177, "spe": 159}, "types": ["Normal", "Psychic"]}, "Raging Bolt": {"name": "Raging Bolt", "species": "Raging Bolt", "speciesId": "ragingbolt", "gender": "N", "shiny": false, "level": 78, "moves": ["voltswitch", "thunderbolt", "thunderclap", "dracometeor"], "ability": "Protosynthesis", "evs": {"hp": 85, "atk": 0, "def": 85, "spa": 85, "spd": 85, "spe": 85}, "ivs": {"hp": 31, "atk": 0, "def": 31, "spa": 31, "spd": 31, "spe": 31}, "item": "Assault Vest", "teraType": "Electric", "role": "AV Pivot", "bvs": {"hp": 125, "atk": 73, "def": 91, "spa": 137, "spd": 89, "spe": 75}, "stats": {"hp": 323, "atk": 118, "def": 187, "spa": 259, "spd": 184, "spe": 162}, "types": ["Electric", "Dragon"]}, "Sableye": {"name": "Sableye", "species": "Sableye", "speciesId": "sableye", "gender": "F", "shiny": false, "level": 88, "moves": ["encore", "thunderwave", "knockoff", "recover"], "ability": "Prankster", "evs": {"hp": 85, "atk": 85, "def": 85, "spa": 85, "spd": 85, "spe": 85}, "ivs": {"hp": 31, "atk": 31, "def": 31, "spa": 31, "spd": 31, "spe": 31}, "item": "Leftovers", "teraType": "Poison", "role": "Bulky Support", "bvs": {"hp": 50, "atk": 75, "def": 75, "spa": 65, "spd": 65, "spe": 50}, "stats": {"hp": 231, "atk": 182, "def": 182, "spa": 165, "spd": 165, "spe": 138}, "types": ["Dark", "Ghost"]}, "Toucannon": {"name": "Toucannon", "species": "Toucannon", "speciesId": "toucannon", "gender": "F", "shiny": false, "level": 88, "moves": ["roost", "boomburst", "uturn", "beakblast"], "ability": "Keen Eye", "evs": {"hp": 85, "atk": 85, "def": 85, "spa": 85, "spd": 85, "spe": 85}, "ivs": {"hp": 31, "atk": 31, "def": 31, "spa": 31, "spd": 31, "spe": 31}, "item": "Heavy-Duty Boots", "teraType": "Steel", "role": "Bulky Support", "bvs": {"hp": 80, "atk": 120, "def": 75, "spa": 75, "spd": 75, "spe": 60}, "stats": {"hp": 284, "atk": 261, "def": 182, "spa": 182, "spd": 182, "spe": 156}, "types": ["Normal", "Flying"]}}]}