{"id": "gen9randombattle-2641871587", "format": "[Gen 9] Random Battle", "players": ["0glaceon0", "testbotcif"], "log": "|j|\u26060glaceon0\n|j|\u2606testbotcif\n|t:|1782851968\n|gametype|singles\n|player|p1|0glaceon0|169|1382\n|player|p2|testbotcif|266|1345\n|gen|9\n|tier|[Gen 9] Random Battle\n|rated|\n|rule|Species Clause: Limit one of each Pok\u00e9mon\n|rule|HP Percentage Mod: HP is shown in percentages\n|rule|Sleep Clause Mod: Limit one foe put to sleep\n|rule|Illusion Level Mod: Illusion disguises the Pok\u00e9mon's true level\n|\n|t:|1782851968\n|teamsize|p1|6\n|teamsize|p2|6\n|start\n|switch|p1a: Azelf|Azelf, L82|257/257\n|switch|p2a: Tornadus|Tornadus-Therian, L79, M|254/254\n|turn|1\n|c|\u2606testbotcif|rlhf\n|inactive|Battle timer is ON: inactive players will automatically lose when time's up. (requested by testbotcif)\n|\n|t:|1782851972\n|move|p2a: Tornadus|Bleakwind Storm|p1a: Azelf\n|-damage|p1a: Azelf|131/257\n|-unboost|p1a: Azelf|spe|1\n|move|p1a: Azelf|U-turn|p2a: Tornadus\n|-resisted|p2a: Tornadus\n|-damage|p2a: Tornadus|221/254\n|\n|t:|1782851981\n|switch|p1a: Regieleki|Regieleki, L79|256/256|[from] U-turn\n|\n|upkeep\n|turn|2\n|\n|t:|1782851983\n|switch|p2a: Ariados|Ariados, L95, M|287/287\n|move|p1a: Regieleki|Volt Switch|p2a: Ariados\n|-damage|p2a: Ariados|185/287\n|\n|t:|1782852008\n|switch|p1a: Magnezone|Magnezone, L85|258/258|[from] Volt Switch\n|\n|upkeep\n|turn|3\n|\n|t:|1782852017\n|move|p1a: Magnezone|Volt Switch|p2a: Ariados\n|-damage|p2a: Ariados|86/287\n|\n|t:|1782852026\n|switch|p1a: Regieleki|Regieleki, L79|256/256|[from] Volt Switch\n|move|p2a: Ariados|Megahorn|p1a: Regieleki|[miss]\n|-miss|p2a: Ariados|p1a: Regieleki\n|\n|upkeep\n|turn|4\n|\n|t:|1782852031\n|move|p2a: Ariados|Sucker Punch|p1a: Regieleki\n|-damage|p1a: Regieleki|157/256\n|move|p1a: Regieleki|Thunderbolt|p2a: Ariados\n|-damage|p2a: Ariados|0 fnt\n|faint|p2a: Ariados\n|\n|upkeep\n|\n|t:|1782852031\n|switch|p2a: Sneasler|Sneasler, L74, M|240/240\n|turn|5\n|\n|t:|1782852038\n|move|p1a: Regieleki|Volt Switch|p2a: Sneasler\n|-damage|p2a: Sneasler|108/240\n|\n|t:|1782852045\n|switch|p1a: Alomomola|Alomomola, L87, F|429/429|[from] Volt Switch\n|move|p2a: Sneasler|Swords Dance|p2a: Sneasler\n|-boost|p2a: Sneasler|atk|2\n|\n|upkeep\n|turn|6\n|\n|t:|1782852049\n|move|p2a: Sneasler|Close Combat|p1a: Alomomola\n|-damage|p1a: Alomomola|189/429\n|-unboost|p2a: Sneasler|def|1\n|-unboost|p2a: Sneasler|spd|1\n|-damage|p2a: Sneasler|68/240|[from] item: Rocky Helmet|[of] p1a: Alomomola\n|-enditem|p2a: Sneasler|White Herb\n|-clearnegativeboost|p2a: Sneasler|[silent]\n|move|p1a: Alomomola|Scald|p2a: Sneasler\n|-damage|p2a: Sneasler|4/240\n|\n|upkeep\n|turn|7\n|\n|t:|1782852068\n|move|p2a: Sneasler|Close Combat|p1a: Alomomola\n|-damage|p1a: Alomomola|0 fnt\n|-unboost|p2a: Sneasler|def|1\n|-unboost|p2a: Sneasler|spd|1\n|-damage|p2a: Sneasler|0 fnt|[from] item: Rocky Helmet|[of] p1a: Alomomola\n|faint|p1a: Alomomola\n|faint|p2a: Sneasler\n|\n|upkeep\n|\n|t:|1782852072\n|switch|p2a: Comfey|Comfey, L85, M|225/225\n|switch|p1a: Regieleki|Regieleki, L79|157/256\n|turn|8\n|\n|t:|1782852075\n|-terastallize|p2a: Comfey|Poison\n|move|p1a: Regieleki|Volt Switch|p2a: Comfey\n|-damage|p2a: Comfey|132/225\n|\n|t:|1782852081\n|switch|p1a: Azelf|Azelf, L82|131/257|[from] Volt Switch\n|move|p2a: Comfey|Calm Mind|p2a: Comfey\n|-boost|p2a: Comfey|spa|1\n|-boost|p2a: Comfey|spd|1\n|\n|-heal|p2a: Comfey|146/225|[from] item: Leftovers\n|upkeep\n|turn|9\n|\n|t:|1782852084\n|move|p2a: Comfey|Giga Drain|p1a: Azelf\n|-damage|p1a: Azelf|72/257\n|-heal|p2a: Comfey|176/225|[from] drain|[of] p1a: Azelf\n|move|p1a: Azelf|Psychic|p2a: Comfey\n|-supereffective|p2a: Comfey\n|-damage|p2a: Comfey|60/225\n|\n|-heal|p2a: Comfey|74/225|[from] item: Leftovers\n|upkeep\n|turn|10\n|\n|t:|1782852097\n|move|p2a: Comfey|Giga Drain|p1a: Azelf\n|-damage|p1a: Azelf|18/257\n|-heal|p2a: Comfey|101/225|[from] drain|[of] p1a: Azelf\n|move|p1a: Azelf|Psychic|p2a: Comfey\n|-supereffective|p2a: Comfey\n|-damage|p2a: Comfey|0 fnt\n|faint|p2a: Comfey\n|\n|upkeep\n|\n|t:|1782852097\n|switch|p2a: Tornadus|Tornadus-Therian, L79, M|254/254\n|turn|11\n|\n|t:|1782852102\n|switch|p1a: Regieleki|Regieleki, L79|157/256\n|move|p2a: Tornadus|Heat Wave|p1a: Regieleki\n|-damage|p1a: Regieleki|8/256\n|\n|upkeep\n|turn|12\n|\n|t:|1782852105\n|move|p1a: Regieleki|Volt Switch|p2a: Tornadus\n|-supereffective|p2a: Tornadus\n|-damage|p2a: Tornadus|42/254\n|\n|t:|1782852111\n|switch|p1a: Magnezone|Magnezone, L85|258/258|[from] Volt Switch\n|move|p2a: Tornadus|Heat Wave|p1a: Magnezone\n|-supereffective|p1a: Magnezone\n|-damage|p1a: Magnezone|130/258\n|\n|upkeep\n|turn|13\n|\n|t:|1782852116\n|move|p2a: Tornadus|Heat Wave|p1a: Magnezone\n|-supereffective|p1a: Magnezone\n|-damage|p1a: Magnezone|0 fnt\n|faint|p1a: Magnezone\n|\n|upkeep\n|\n|t:|1782852119\n|switch|p1a: Regieleki|Regieleki, L79|8/256\n|turn|14\n|\n|t:|1782852121\n|move|p1a: Regieleki|Thunderbolt|p2a: Tornadus\n|-supereffective|p2a: Tornadus\n|-damage|p2a: Tornadus|0 fnt\n|faint|p2a: Tornadus\n|\n|upkeep\n|\n|t:|1782852121\n|switch|p2a: Mimikyu|Mimikyu, L79, F|216/216\n|turn|15\n|\n|t:|1782852124\n|move|p2a: Mimikyu|Shadow Sneak|p1a: Regieleki\n|-damage|p1a: Regieleki|0 fnt\n|faint|p1a: Regieleki\n|-damage|p2a: Mimikyu|195/216|[from] item: Life Orb\n|\n|upkeep\n|\n|t:|1782852128\n|switch|p1a: Victreebel|Victreebel, L90, F|290/290\n|turn|16\n|\n|t:|1782852130\n|move|p2a: Mimikyu|Shadow Claw|p1a: Victreebel\n|-damage|p1a: Victreebel|200/290\n|-damage|p2a: Mimikyu|174/216|[from] item: Life Orb\n|move|p1a: Victreebel|Poison Jab|p2a: Mimikyu\n|-activate|p2a: Mimikyu|ability: Disguise\n|-damage|p2a: Mimikyu|174/216\n|detailschange|p2a: Mimikyu|Mimikyu-Busted, L79, F\n|-damage|p2a: Mimikyu|147/216|[from] pokemon: Mimikyu-Busted\n|-damage|p1a: Victreebel|171/290|[from] item: Life Orb\n|\n|upkeep\n|turn|17\n|\n|t:|1782852134\n|move|p2a: Mimikyu|Shadow Claw|p1a: Victreebel\n|-damage|p1a: Victreebel|74/290\n|-damage|p2a: Mimikyu|126/216|[from] item: Life Orb\n|move|p1a: Victreebel|Poison Jab|p2a: Mimikyu\n|-damage|p2a: Mimikyu|0 fnt\n|faint|p2a: Mimikyu\n|-damage|p1a: Victreebel|45/290|[from] item: Life Orb\n|\n|upkeep\n|\n|t:|1782852134\n|switch|p2a: Tropius|Tropius, L91, F|328/328\n|turn|18\n|\n|t:|1782852142\n|move|p1a: Victreebel|Poison Jab|p2a: Tropius\n|-supereffective|p2a: Tropius\n|-damage|p2a: Tropius|76/328\n|-enditem|p2a: Tropius|Sitrus Berry|[eat]\n|-heal|p2a: Tropius|158/328|[from] item: Sitrus Berry\n|-damage|p1a: Victreebel|16/290|[from] item: Life Orb\n|move|p2a: Tropius|Air Slash|p1a: Victreebel\n|-supereffective|p1a: Victreebel\n|-damage|p1a: Victreebel|0 fnt\n|faint|p1a: Victreebel\n|\n|-item|p2a: Tropius|Sitrus Berry|[from] ability: Harvest\n|upkeep\n|-enditem|p2a: Tropius|Sitrus Berry|[eat]\n|-heal|p2a: Tropius|240/328|[from] item: Sitrus Berry\n|\n|t:|1782852150\n|switch|p1a: Azelf|Azelf, L82|18/257\n|turn|19\n|\n|t:|1782852154\n|move|p1a: Azelf|Fire Blast|p2a: Tropius\n|-supereffective|p2a: Tropius\n|-damage|p2a: Tropius|66/328\n|move|p2a: Tropius|Leech Seed|p1a: Azelf\n|-start|p1a: Azelf|move: Leech Seed\n|\n|-damage|p1a: Azelf|0 fnt|[from] Leech Seed|[of] p2a: Tropius\n|-heal|p2a: Tropius|84/328|[silent]\n|faint|p1a: Azelf\n|-item|p2a: Tropius|Sitrus Berry|[from] ability: Harvest\n|upkeep\n|-enditem|p2a: Tropius|Sitrus Berry|[eat]\n|-heal|p2a: Tropius|166/328|[from] item: Sitrus Berry\n|\n|t:|1782852157\n|switch|p1a: Hitmonlee|Hitmonlee, L85, M|224/224\n|turn|20\n|\n|t:|1782852159\n|-terastallize|p1a: Hitmonlee|Poison\n|move|p1a: Hitmonlee|Poison Jab|p2a: Tropius\n|-supereffective|p2a: Tropius\n|-damage|p2a: Tropius|0 fnt\n|faint|p2a: Tropius\n|\n|win|0glaceon0\n|raw|0glaceon0's rating: 1382 &rarr; <strong>1400</strong><br />(+18 for winning)\n|raw|testbotcif's rating: 1345 &rarr; <strong>1327</strong><br />(-18 for losing)\n", "inputlog": ">version f8ac14003a5f27e1bdc8d8c59608a773c1cb96e5\n>start {\"formatid\":\"gen9randombattle\",\"seed\":\"sodium,6d20e22bab4551753a838a4d4da5c5be\",\"rated\":\"Rated battle\"}\n>player p1 {\"name\":\"0glaceon0\",\"avatar\":\"169\",\"rating\":1382,\"seed\":\"sodium,78623e1e50137b64f8aa15798b3c4d8a\"}\n>player p2 {\"name\":\"testbotcif\",\"avatar\":\"266\",\"rating\":1345,\"seed\":\"sodium,e87a644b9455d3bea40ab23f1a223ed1\"}\n>chat \u2606testbotcif|rlhf\n>p1 move uturn\n>p2 move bleakwindstorm\n>p1 switch 2\n>p1 move voltswitch\n>p2 switch 3\n>p1 switch 3\n>p1 move voltswitch\n>p2 move megahorn\n>p1 switch 3\n>p1 move thunderbolt\n>p2 move suckerpunch\n>p2 switch 4\n>p1 move voltswitch\n>p2 move swordsdance\n>p1 switch 6\n>p1 move scald\n>p2 move closecombat\n>p1 move wish\n>p2 move closecombat\n>p1 switch 6\n>p2 switch 5\n>p1 move voltswitch\n>p2 move calmmind terastallize\n>p1 switch 2\n>p1 move psychic\n>p2 move gigadrain\n>p1 move psychic\n>p2 move gigadrain\n>p2 switch 3\n>p1 switch 2\n>p2 move heatwave\n>p1 move voltswitch\n>p2 move heatwave\n>p1 switch 3\n>p1 move voltswitch\n>p2 move heatwave\n>p1 switch 3\n>p1 move thunderbolt\n>p2 move heatwave\n>p2 switch 6\n>p1 move voltswitch\n>p2 move shadowsneak\n>p1 switch 4\n>p1 move poisonjab\n>p2 move shadowclaw\n>p1 move poisonjab\n>p2 move shadowclaw\n>p2 switch 2\n>p1 move poisonjab\n>p2 move airslash\n>p1 switch 2\n>p1 move fireblast\n>p2 move leechseed\n>p1 switch 5\n>p1 move poisonjab terastallize\n>p2 move airslash", "uploadtime": 1782852159, "views": 6, "formatid": "gen9randombattle", "rating": 1327, "private": 0, "password": null, "player_dets": [{"name": "0glaceon0", "avatar": "169", "rating": 1382, "seed": "sodium,78623e1e50137b64f8aa15798b3c4d8a"}, {"name": "testbotcif", "avatar": "266", "rating": 1345, "seed": "sodium,e87a644b9455d3bea40ab23f1a223ed1"}], "teams_full": [{"Azelf": {"name": "Azelf", "species": "Azelf", "speciesId": "azelf", "gender": "N", "shiny": false, "level": 82, "moves": ["psychic", "fireblast", "explosion", "uturn"], "ability": "Levitate", "evs": {"hp": 85, "atk": 85, "def": 85, "spa": 85, "spd": 85, "spe": 85}, "ivs": {"hp": 31, "atk": 31, "def": 31, "spa": 31, "spd": 31, "spe": 31}, "item": "Assault Vest", "teraType": "Fire", "role": "Fast Support", "bvs": {"hp": 75, "atk": 125, "def": 70, "spa": 125, "spd": 70, "spe": 115}, "stats": {"hp": 257, "atk": 252, "def": 162, "spa": 252, "spd": 162, "spe": 236}, "types": ["Psychic"]}, "Regieleki": {"name": "Regieleki", "species": "Regieleki", "speciesId": "regieleki", "gender": "N", "shiny": false, "level": 79, "moves": ["rapidspin", "thunderbolt", "explosion", "voltswitch"], "ability": "Transistor", "evs": {"hp": 85, "atk": 85, "def": 85, "spa": 85, "spd": 85, "spe": 85}, "ivs": {"hp": 31, "atk": 31, "def": 31, "spa": 31, "spd": 31, "spe": 31}, "item": "Magnet", "teraType": "Electric", "role": "Fast Support", "bvs": {"hp": 80, "atk": 100, "def": 50, "spa": 100, "spd": 50, "spe": 200}, "stats": {"hp": 256, "atk": 204, "def": 125, "spa": 204, "spd": 125, "spe": 362}, "types": ["Electric"]}, "Magnezone": {"name": "Magnezone", "species": "Magnezone", "speciesId": "magnezone", "gender": "N", "shiny": false, "level": 85, "moves": ["voltswitch", "flashcannon", "discharge", "bodypress"], "ability": "Analytic", "evs": {"hp": 85, "atk": 0, "def": 85, "spa": 85, "spd": 85, "spe": 85}, "ivs": {"hp": 31, "atk": 0, "def": 31, "spa": 31, "spd": 31, "spe": 31}, "item": "Assault Vest", "teraType": "Flying", "role": "AV Pivot", "bvs": {"hp": 70, "atk": 70, "def": 115, "spa": 130, "spd": 90, "spe": 60}, "stats": {"hp": 258, "atk": 124, "def": 244, "spa": 270, "spd": 202, "spe": 151}, "types": ["Electric", "Steel"]}, "Victreebel": {"name": "Victreebel", "species": "Victreebel", "speciesId": "victreebel", "gender": "F", "shiny": false, "level": 90, "moves": ["suckerpunch", "swordsdance", "powerwhip", "poisonjab"], "ability": "Chlorophyll", "evs": {"hp": 85, "atk": 85, "def": 85, "spa": 85, "spd": 85, "spe": 85}, "ivs": {"hp": 31, "atk": 31, "def": 31, "spa": 31, "spd": 31, "spe": 31}, "item": "Life Orb", "teraType": "Grass", "role": "Setup Sweeper", "bvs": {"hp": 80, "atk": 105, "def": 65, "spa": 100, "spd": 70, "spe": 70}, "stats": {"hp": 290, "atk": 240, "def": 168, "spa": 231, "spd": 177, "spe": 177}, "types": ["Grass", "Poison"]}, "Hitmonlee": {"name": "Hitmonlee", "species": "Hitmonlee", "speciesId": "hitmonlee", "gender": "M", "shiny": false, "level": 85, "moves": ["knockoff", "swordsdance", "poisonjab", "closecombat"], "ability": "Unburden", "evs": {"hp": 85, "atk": 85, "def": 85, "spa": 85, "spd": 85, "spe": 85}, "ivs": {"hp": 31, "atk": 31, "def": 31, "spa": 31, "spd": 31, "spe": 31}, "item": "White Herb", "teraType": "Poison", "role": "Setup Sweeper", "bvs": {"hp": 50, "atk": 120, "def": 53, "spa": 35, "spd": 110, "spe": 87}, "stats": {"hp": 224, "atk": 253, "def": 139, "spa": 108, "spd": 236, "spe": 197}, "types": ["Fighting"]}, "Alomomola": {"name": "Alomomola", "species": "Alomomola", "speciesId": "alomomola", "gender": "F", "shiny": false, "level": 87, "moves": ["protect", "flipturn", "wish", "scald"], "ability": "Regenerator", "evs": {"hp": 85, "atk": 85, "def": 85, "spa": 85, "spd": 85, "spe": 85}, "ivs": {"hp": 31, "atk": 31, "def": 31, "spa": 31, "spd": 31, "spe": 31}, "item": "Rocky Helmet", "teraType": "Steel", "role": "Bulky Support", "bvs": {"hp": 165, "atk": 75, "def": 80, "spa": 40, "spd": 45, "spe": 65}, "stats": {"hp": 429, "atk": 180, "def": 189, "spa": 119, "spd": 128, "spe": 163}, "types": ["Water"]}}, {"Tornadus": {"name": "Tornadus", "species": "Tornadus-Therian", "speciesId": "tornadustherian", "gender": "M", "shiny": false, "level": 79, "moves": ["heatwave", "bleakwindstorm", "focusblast", "uturn"], "ability": "Regenerator", "evs": {"hp": 85, "atk": 85, "def": 85, "spa": 85, "spd": 85, "spe": 85}, "ivs": {"hp": 31, "atk": 31, "def": 31, "spa": 31, "spd": 31, "spe": 31}, "item": "Choice Specs", "teraType": "Fighting", "role": "Fast Attacker", "bvs": {"hp": 79, "atk": 100, "def": 80, "spa": 110, "spd": 90, "spe": 121}, "stats": {"hp": 254, "atk": 204, "def": 172, "spa": 219, "spd": 188, "spe": 237}, "types": ["Flying"]}, "Tropius": {"name": "Tropius", "species": "Tropius", "speciesId": "tropius", "gender": "F", "shiny": false, "level": 91, "moves": ["substitute", "leechseed", "protect", "airslash"], "ability": "Harvest", "evs": {"hp": 85, "atk": 0, "def": 85, "spa": 85, "spd": 85, "spe": 85}, "ivs": {"hp": 31, "atk": 0, "def": 31, "spa": 31, "spd": 31, "spe": 31}, "item": "Sitrus Berry", "teraType": "Steel", "role": "Bulky Support", "bvs": {"hp": 99, "atk": 68, "def": 83, "spa": 72, "spd": 87, "spe": 51}, "stats": {"hp": 328, "atk": 128, "def": 203, "spa": 183, "spd": 210, "spe": 145}, "types": ["Grass", "Flying"]}, "Ariados": {"name": "Ariados", "species": "Ariados", "speciesId": "ariados", "gender": "M", "shiny": false, "level": 95, "moves": ["stickyweb", "poisonjab", "suckerpunch", "megahorn"], "ability": "Swarm", "evs": {"hp": 85, "atk": 85, "def": 85, "spa": 85, "spd": 85, "spe": 85}, "ivs": {"hp": 31, "atk": 31, "def": 31, "spa": 31, "spd": 31, "spe": 31}, "item": "Heavy-Duty Boots", "teraType": "Ghost", "role": "Fast Support", "bvs": {"hp": 70, "atk": 90, "def": 70, "spa": 60, "spd": 70, "spe": 40}, "stats": {"hp": 287, "atk": 225, "def": 187, "spa": 168, "spd": 187, "spe": 130}, "types": ["Bug", "Poison"]}, "Sneasler": {"name": "Sneasler", "species": "Sneasler", "speciesId": "sneasler", "gender": "M", "shiny": false, "level": 74, "moves": ["gunkshot", "closecombat", "acrobatics", "swordsdance"], "ability": "Unburden", "evs": {"hp": 85, "atk": 85, "def": 85, "spa": 85, "spd": 85, "spe": 85}, "ivs": {"hp": 31, "atk": 31, "def": 31, "spa": 31, "spd": 31, "spe": 31}, "item": "White Herb", "teraType": "Flying", "role": "Setup Sweeper", "bvs": {"hp": 80, "atk": 130, "def": 60, "spa": 40, "spd": 80, "spe": 120}, "stats": {"hp": 240, "atk": 235, "def": 132, "spa": 102, "spd": 161, "spe": 221}, "types": ["Fighting", "Poison"]}, "Comfey": {"name": "Comfey", "species": "Comfey", "speciesId": "comfey", "gender": "M", "shiny": false, "level": 85, "moves": ["calmmind", "gigadrain", "drainingkiss", "storedpower"], "ability": "Triage", "evs": {"hp": 85, "atk": 0, "def": 85, "spa": 85, "spd": 85, "spe": 85}, "ivs": {"hp": 31, "atk": 0, "def": 31, "spa": 31, "spd": 31, "spe": 31}, "item": "Leftovers", "teraType": "Poison", "role": "Bulky Setup", "bvs": {"hp": 51, "atk": 52, "def": 90, "spa": 82, "spd": 110, "spe": 100}, "stats": {"hp": 225, "atk": 93, "def": 202, "spa": 188, "spd": 236, "spe": 219}, "types": ["Fairy"]}, "Mimikyu": {"name": "Mimikyu", "species": "Mimikyu", "speciesId": "mimikyu", "gender": "F", "shiny": false, "level": 79, "moves": ["playrough", "shadowsneak", "swordsdance", "shadowclaw"], "ability": "Disguise", "evs": {"hp": 85, "atk": 85, "def": 85, "spa": 85, "spd": 85, "spe": 85}, "ivs": {"hp": 31, "atk": 31, "def": 31, "spa": 31, "spd": 31, "spe": 31}, "item": "Life Orb", "teraType": "Ghost", "role": "Fast Bulky Setup", "bvs": {"hp": 55, "atk": 90, "def": 80, "spa": 50, "spd": 105, "spe": 96}, "stats": {"hp": 216, "atk": 188, "def": 172, "spa": 125, "spd": 211, "spe": 197}, "types": ["Ghost", "Fairy"]}}]}