{"id": "gen9randombattle-2641963206", "format": "[Gen 9] Random Battle", "players": ["Folly Red", "mysteryantelope"], "log": "|j|\u2606Folly Red\n|j|\u2606mysteryantelope\n|t:|1782865549\n|gametype|singles\n|player|p1|Folly Red|102|1784\n|player|p2|mysteryantelope|102|1738\n|gen|9\n|tier|[Gen 9] Random Battle\n|rated|\n|rule|Species Clause: Limit one of each Pok\u00e9mon\n|rule|HP Percentage Mod: HP is shown in percentages\n|rule|Sleep Clause Mod: Limit one foe put to sleep\n|rule|Illusion Level Mod: Illusion disguises the Pok\u00e9mon's true level\n|\n|t:|1782865549\n|teamsize|p1|6\n|teamsize|p2|6\n|start\n|switch|p1a: Girafarig|Girafarig, L89, M|269/269\n|switch|p2a: Iron Bundle|Iron Bundle, L78|215/215\n|turn|1\n|\n|t:|1782865560\n|move|p2a: Iron Bundle|Flip Turn|p1a: Girafarig\n|-damage|p1a: Girafarig|232/269\n|\n|t:|1782865573\n|-end|p2a: Iron Bundle|Quark Drive|[silent]\n|switch|p2a: Registeel|Registeel, L81|262/262|[from] Flip Turn\n|move|p1a: Girafarig|Thunderbolt|p2a: Registeel\n|-damage|p2a: Registeel|212/262\n|\n|upkeep\n|turn|2\n|inactive|Battle timer is ON: inactive players will automatically lose when time's up. (requested by mysteryantelope)\n|\n|t:|1782865583\n|move|p1a: Girafarig|Nasty Plot|p1a: Girafarig\n|-boost|p1a: Girafarig|spa|2\n|move|p2a: Registeel|Iron Defense|p2a: Registeel\n|-boost|p2a: Registeel|def|2\n|\n|upkeep\n|turn|3\n|\n|t:|1782865595\n|move|p1a: Girafarig|Thunderbolt|p2a: Registeel\n|-damage|p2a: Registeel|127/262\n|move|p2a: Registeel|Iron Defense|p2a: Registeel\n|-boost|p2a: Registeel|def|2\n|\n|upkeep\n|turn|4\n|\n|t:|1782865600\n|move|p1a: Girafarig|Nasty Plot|p1a: Girafarig\n|-boost|p1a: Girafarig|spa|2\n|move|p2a: Registeel|Rest|p2a: Registeel\n|-status|p2a: Registeel|slp|[from] move: Rest\n|-heal|p2a: Registeel|262/262 slp|[silent]\n|-enditem|p2a: Registeel|Chesto Berry|[eat]\n|-curestatus|p2a: Registeel|slp|[msg]\n|\n|upkeep\n|turn|5\n|\n|t:|1782865608\n|move|p1a: Girafarig|Thunderbolt|p2a: Registeel\n|-crit|p2a: Registeel\n|-damage|p2a: Registeel|62/262\n|move|p2a: Registeel|Body Press|p1a: Girafarig\n|-damage|p1a: Girafarig|62/269\n|\n|upkeep\n|turn|6\n|\n|t:|1782865619\n|move|p1a: Girafarig|Thunderbolt|p2a: Registeel\n|-damage|p2a: Registeel|0 fnt\n|faint|p2a: Registeel\n|\n|upkeep\n|\n|t:|1782865621\n|switch|p2a: Lycanroc|Lycanroc, L86, M|269/269\n|turn|7\n|\n|t:|1782865625\n|move|p2a: Lycanroc|Crunch|p1a: Girafarig\n|-supereffective|p1a: Girafarig\n|-damage|p1a: Girafarig|0 fnt\n|faint|p1a: Girafarig\n|\n|upkeep\n|\n|t:|1782865637\n|switch|p1a: Duraludon|Duraludon, L82, M|249/249\n|turn|8\n|\n|t:|1782865652\n|switch|p2a: Noivern|Noivern, L82, M|274/274\n|move|p1a: Duraludon|Body Press|p2a: Noivern\n|-resisted|p2a: Noivern\n|-damage|p2a: Noivern|239/274\n|\n|upkeep\n|turn|9\n|\n|t:|1782865662\n|move|p2a: Noivern|Draco Meteor|p1a: Duraludon\n|-damage|p1a: Duraludon|51/249\n|-unboost|p2a: Noivern|spa|2\n|move|p1a: Duraludon|Draco Meteor|p2a: Noivern|[miss]\n|-miss|p1a: Duraludon|p2a: Noivern\n|\n|upkeep\n|turn|10\n|\n|t:|1782865668\n|move|p2a: Noivern|Draco Meteor|p1a: Duraludon\n|-damage|p1a: Duraludon|0 fnt\n|-unboost|p2a: Noivern|spa|2\n|faint|p1a: Duraludon\n|\n|upkeep\n|\n|t:|1782865675\n|switch|p1a: Bronzong|Bronzong, L88|261/261\n|turn|11\n|\n|t:|1782865680\n|switch|p2a: Iron Bundle|Iron Bundle, L78|215/215\n|move|p1a: Bronzong|Iron Defense|p1a: Bronzong\n|-boost|p1a: Bronzong|def|2\n|\n|upkeep\n|turn|12\n|\n|t:|1782865682\n|move|p2a: Iron Bundle|Hydro Pump|p1a: Bronzong\n|-damage|p1a: Bronzong|120/261\n|move|p1a: Bronzong|Body Press|p2a: Iron Bundle\n|-supereffective|p2a: Iron Bundle\n|-damage|p2a: Iron Bundle|0 fnt\n|faint|p2a: Iron Bundle\n|-end|p2a: Iron Bundle|Quark Drive|[silent]\n|\n|-heal|p1a: Bronzong|136/261|[from] item: Leftovers\n|upkeep\n|\n|t:|1782865689\n|switch|p2a: Noivern|Noivern, L82, M|239/274\n|turn|13\n|\n|t:|1782865699\n|switch|p1a: Milotic|Milotic, L83, M|293/293\n|move|p2a: Noivern|Flamethrower|p1a: Milotic\n|-resisted|p1a: Milotic\n|-damage|p1a: Milotic|258/293\n|\n|-heal|p1a: Milotic|276/293|[from] item: Leftovers\n|upkeep\n|turn|14\n|\n|t:|1782865706\n|switch|p2a: Articuno|Articuno, L86|295/295\n|-ability|p2a: Articuno|Pressure\n|move|p1a: Milotic|Scald|p2a: Articuno\n|-damage|p2a: Articuno|232/295\n|\n|-heal|p1a: Milotic|293/293|[from] item: Leftovers\n|upkeep\n|turn|15\n|\n|t:|1782865710\n|switch|p1a: Muk|Muk, L86, F|321/321\n|move|p2a: Articuno|Freeze-Dry|p1a: Muk\n|-damage|p1a: Muk|276/321\n|\n|upkeep\n|turn|16\n|\n|t:|1782865723\n|move|p2a: Articuno|U-turn|p1a: Muk\n|-resisted|p1a: Muk\n|-damage|p1a: Muk|249/321\n|\n|t:|1782865724\n|switch|p2a: Magearna|Magearna, L77|250/250|[from] U-turn\n|move|p1a: Muk|Knock Off|p2a: Magearna\n|-resisted|p2a: Magearna\n|-damage|p2a: Magearna|214/250\n|-enditem|p2a: Magearna|Leftovers|[from] move: Knock Off|[of] p1a: Muk\n|\n|upkeep\n|turn|17\n|\n|t:|1782865733\n|switch|p1a: Pelipper|Pelipper, L86, M|243/243\n|-weather|RainDance|[from] ability: Drizzle|[of] p1a: Pelipper\n|move|p2a: Magearna|Calm Mind|p2a: Magearna\n|-boost|p2a: Magearna|spa|1\n|-boost|p2a: Magearna|spd|1\n|\n|-weather|RainDance|[upkeep]\n|upkeep\n|turn|18\n|\n|t:|1782865747\n|move|p1a: Pelipper|Weather Ball|p2a: Magearna\n|-damage|p2a: Magearna|69/250\n|move|p2a: Magearna|Shift Gear|p2a: Magearna\n|-boost|p2a: Magearna|spe|2\n|-boost|p2a: Magearna|atk|1\n|\n|-weather|RainDance|[upkeep]\n|upkeep\n|turn|19\n|\n|t:|1782865753\n|move|p2a: Magearna|Fleur Cannon|p1a: Pelipper\n|-damage|p1a: Pelipper|0 fnt\n|-unboost|p2a: Magearna|spa|2\n|faint|p1a: Pelipper\n|-ability|p2a: Magearna|Soul-Heart|boost\n|-boost|p2a: Magearna|spa|1\n|\n|-weather|RainDance|[upkeep]\n|upkeep\n|\n|t:|1782865758\n|switch|p1a: Muk|Muk, L86, F|249/321\n|turn|20\n|\n|t:|1782865773\n|move|p2a: Magearna|Flash Cannon|p1a: Muk\n|-damage|p1a: Muk|197/321\n|move|p1a: Muk|Drain Punch|p2a: Magearna\n|-damage|p2a: Magearna|20/250\n|-heal|p1a: Muk|222/321|[from] drain|[of] p2a: Magearna\n|\n|-weather|RainDance|[upkeep]\n|upkeep\n|turn|21\n|\n|t:|1782865785\n|move|p2a: Magearna|Flash Cannon|p1a: Muk\n|-damage|p1a: Muk|167/321\n|move|p1a: Muk|Drain Punch|p2a: Magearna\n|-damage|p2a: Magearna|0 fnt\n|-heal|p1a: Muk|177/321|[from] drain|[of] p2a: Magearna\n|faint|p2a: Magearna\n|\n|-weather|none\n|upkeep\n|\n|t:|1782865792\n|switch|p2a: Lycanroc|Lycanroc, L86, M|269/269\n|turn|22\n|\n|t:|1782865799\n|move|p2a: Lycanroc|Stone Edge|p1a: Muk\n|-crit|p1a: Muk\n|-damage|p1a: Muk|0 fnt\n|faint|p1a: Muk\n|\n|upkeep\n|\n|t:|1782865804\n|switch|p1a: Milotic|Milotic, L83, M|293/293\n|turn|23\n|\n|t:|1782865811\n|switch|p2a: Articuno|Articuno, L86|232/295\n|-ability|p2a: Articuno|Pressure\n|switch|p1a: Bronzong|Bronzong, L88|136/261\n|\n|-heal|p1a: Bronzong|152/261|[from] item: Leftovers\n|upkeep\n|turn|24\n|\n|t:|1782865818\n|move|p2a: Articuno|U-turn|p1a: Bronzong\n|-damage|p1a: Bronzong|115/261\n|\n|t:|1782865820\n|switch|p2a: Noivern|Noivern, L82, M|239/274|[from] U-turn\n|move|p1a: Bronzong|Psychic Noise|p2a: Noivern\n|-damage|p2a: Noivern|152/274\n|-start|p2a: Noivern|move: Heal Block\n|\n|-heal|p1a: Bronzong|131/261|[from] item: Leftovers\n|upkeep\n|turn|25\n|\n|t:|1782865828\n|switch|p1a: Milotic|Milotic, L83, M|293/293\n|move|p2a: Noivern|Hurricane|p1a: Milotic\n|-damage|p1a: Milotic|161/293\n|\n|-heal|p1a: Milotic|179/293|[from] item: Leftovers\n|-end|p2a: Noivern|move: Heal Block\n|upkeep\n|turn|26\n|\n|t:|1782865837\n|switch|p2a: Articuno|Articuno, L86|232/295\n|-ability|p2a: Articuno|Pressure\n|move|p1a: Milotic|Ice Beam|p2a: Articuno\n|-damage|p2a: Articuno|182/295\n|\n|-heal|p1a: Milotic|197/293|[from] item: Leftovers\n|upkeep\n|turn|27\n|\n|t:|1782865841\n|move|p2a: Articuno|Roost|p2a: Articuno\n|-heal|p2a: Articuno|295/295\n|-singleturn|p2a: Articuno|move: Roost\n|move|p1a: Milotic|Recover|p1a: Milotic\n|-heal|p1a: Milotic|293/293\n|\n|upkeep\n|turn|28\n|\n|t:|1782865844\n|move|p2a: Articuno|U-turn|p1a: Milotic\n|-damage|p1a: Milotic|239/293\n|\n|t:|1782865851\n|switch|p2a: Lycanroc|Lycanroc, L86, M|269/269|[from] U-turn\n|move|p1a: Milotic|Scald|p2a: Lycanroc\n|-supereffective|p2a: Lycanroc\n|-damage|p2a: Lycanroc|57/269\n|-status|p2a: Lycanroc|brn\n|\n|-heal|p1a: Milotic|257/293|[from] item: Leftovers\n|-damage|p2a: Lycanroc|41/269 brn|[from] brn\n|upkeep\n|turn|29\n|\n|t:|1782865860\n|move|p2a: Lycanroc|Stone Edge|p1a: Milotic\n|-damage|p1a: Milotic|152/293\n|move|p1a: Milotic|Scald|p2a: Lycanroc\n|-supereffective|p2a: Lycanroc\n|-damage|p2a: Lycanroc|0 fnt\n|faint|p2a: Lycanroc\n|\n|-heal|p1a: Milotic|170/293|[from] item: Leftovers\n|upkeep\n|\n|t:|1782865863\n|switch|p2a: Noivern|Noivern, L82, M|152/274\n|turn|30\n|\n|t:|1782865866\n|-terastallize|p2a: Noivern|Normal\n|move|p2a: Noivern|Boomburst|p1a: Milotic\n|-damage|p1a: Milotic|1/293\n|move|p1a: Milotic|Ice Beam|p2a: Noivern\n|-damage|p2a: Noivern|82/274\n|\n|-heal|p1a: Milotic|19/293|[from] item: Leftovers\n|upkeep\n|turn|31\n|\n|t:|1782865878\n|move|p2a: Noivern|Boomburst|p1a: Milotic\n|-damage|p1a: Milotic|0 fnt\n|faint|p1a: Milotic\n|\n|upkeep\n|\n|t:|1782865879\n|switch|p1a: Bronzong|Bronzong, L88|131/261\n|turn|32\n|\n|t:|1782865886\n|switch|p2a: Articuno|Articuno, L86|295/295\n|-ability|p2a: Articuno|Pressure\n|move|p1a: Bronzong|Body Press|p2a: Articuno\n|-damage|p2a: Articuno|227/295\n|\n|-heal|p1a: Bronzong|147/261|[from] item: Leftovers\n|upkeep\n|turn|33\n|\n|t:|1782865891\n|move|p2a: Articuno|Freeze-Dry|p1a: Bronzong\n|-resisted|p1a: Bronzong\n|-damage|p1a: Bronzong|118/261\n|move|p1a: Bronzong|Iron Defense|p1a: Bronzong\n|-boost|p1a: Bronzong|def|2\n|\n|-heal|p1a: Bronzong|134/261|[from] item: Leftovers\n|upkeep\n|turn|34\n|\n|t:|1782865895\n|move|p2a: Articuno|Freeze-Dry|p1a: Bronzong\n|-resisted|p1a: Bronzong\n|-damage|p1a: Bronzong|107/261\n|move|p1a: Bronzong|Body Press|p2a: Articuno\n|-damage|p2a: Articuno|92/295\n|\n|-heal|p1a: Bronzong|123/261|[from] item: Leftovers\n|upkeep\n|turn|35\n|\n|t:|1782865900\n|move|p2a: Articuno|Freeze-Dry|p1a: Bronzong\n|-resisted|p1a: Bronzong\n|-damage|p1a: Bronzong|96/261\n|move|p1a: Bronzong|Body Press|p2a: Articuno\n|-damage|p2a: Articuno|0 fnt\n|faint|p2a: Articuno\n|\n|-heal|p1a: Bronzong|112/261|[from] item: Leftovers\n|upkeep\n|\n|t:|1782865903\n|switch|p2a: Noivern|Noivern, L82, M, tera:Normal|82/274\n|turn|36\n|\n|t:|1782865906\n|-terastallize|p1a: Bronzong|Fighting\n|move|p2a: Noivern|Flamethrower|p1a: Bronzong\n|-damage|p1a: Bronzong|47/261\n|move|p1a: Bronzong|Body Press|p2a: Noivern\n|-supereffective|p2a: Noivern\n|-damage|p2a: Noivern|0 fnt\n|faint|p2a: Noivern\n|\n|win|Folly Red\n|raw|Folly Red's rating: 1784 &rarr; <strong>1801</strong><br />(+17 for winning)\n|raw|mysteryantelope's rating: 1738 &rarr; <strong>1721</strong><br />(-17 for losing)\n|c|\u2606Folly Red|Gg\n", "inputlog": ">version f8ac14003a5f27e1bdc8d8c59608a773c1cb96e5\n>start {\"formatid\":\"gen9randombattle\",\"seed\":\"sodium,bb7e915d0fd05dfd7443906ac07a39fd\",\"rated\":\"Rated battle\"}\n>player p1 {\"name\":\"Folly Red\",\"avatar\":\"102\",\"rating\":1784,\"seed\":\"sodium,124344d542b31f3acd415e0bb147641a\"}\n>player p2 {\"name\":\"mysteryantelope\",\"avatar\":\"102\",\"rating\":1738,\"seed\":\"sodium,e3bcfa25b70a36931b22da87bf576cb2\"}\n>p1 move thunderbolt\n>p2 move flipturn\n>p2 switch 2\n>p1 move nastyplot\n>p2 move irondefense\n>p1 move thunderbolt\n>p2 move irondefense\n>p1 move nastyplot\n>p2 move rest\n>p1 move thunderbolt\n>p2 move bodypress\n>p1 move thunderbolt\n>p2 move bodypress\n>p2 switch 6\n>p1 move thunderbolt\n>p2 move crunch\n>p1 switch 2\n>p1 move bodypress\n>p2 switch 4\n>p1 move dracometeor\n>p2 move dracometeor\n>p1 move dracometeor\n>p2 move dracometeor\n>p1 switch 4\n>p1 move irondefense\n>p2 switch 2\n>p1 move bodypress\n>p2 move hydropump\n>p2 switch 2\n>p1 switch 3\n>p2 move flamethrower\n>p1 move scald\n>p2 switch 3\n>p1 switch 5\n>p2 move freezedry\n>p1 move knockoff\n>p2 move uturn\n>p2 switch 5\n>p1 switch 6\n>p2 move calmmind\n>p1 move weatherball\n>p2 move shiftgear\n>p1 move weatherball\n>p2 move fleurcannon\n>p1 switch 6\n>p1 move drainpunch\n>p2 move flashcannon\n>p1 move drainpunch\n>p2 move flashcannon\n>p2 switch 4\n>p1 move drainpunch\n>p2 move stoneedge\n>p1 switch 5\n>p1 switch 3\n>p2 switch 5\n>p1 move psychicnoise\n>p2 move uturn\n>p2 switch 3\n>p1 switch 3\n>p2 move hurricane\n>p1 move icebeam\n>p2 switch 3\n>p1 move recover\n>p2 move roost\n>p1 move scald\n>p2 move uturn\n>p2 switch 5\n>p1 move scald\n>p2 move stoneedge\n>p2 switch 3\n>p1 move icebeam\n>p2 move boomburst terastallize\n>p1 move recover\n>p2 move boomburst\n>p1 switch 3\n>p1 move bodypress\n>p2 switch 5\n>p1 move irondefense\n>p2 move freezedry\n>p1 move bodypress\n>p2 move freezedry\n>p1 move bodypress\n>p2 move freezedry\n>p2 switch 5\n>p1 move bodypress terastallize\n>p2 move flamethrower", "uploadtime": 1782865928, "views": 9, "formatid": "gen9randombattle", "rating": 1721, "private": 0, "password": null, "player_dets": [{"name": "Folly Red", "avatar": "102", "rating": 1784, "seed": "sodium,124344d542b31f3acd415e0bb147641a"}, {"name": "mysteryantelope", "avatar": "102", "rating": 1738, "seed": "sodium,e3bcfa25b70a36931b22da87bf576cb2"}], "teams_full": [{"Girafarig": {"name": "Girafarig", "species": "Girafarig", "speciesId": "girafarig", "gender": "M", "shiny": false, "level": 89, "moves": ["psyshock", "dazzlinggleam", "nastyplot", "thunderbolt"], "ability": "Sap Sipper", "evs": {"hp": 85, "atk": 0, "def": 85, "spa": 85, "spd": 85, "spe": 85}, "ivs": {"hp": 31, "atk": 0, "def": 31, "spa": 31, "spd": 31, "spe": 31}, "item": "Eviolite", "teraType": "Electric", "role": "Bulky Setup", "bvs": {"hp": 70, "atk": 80, "def": 65, "spa": 90, "spd": 65, "spe": 85}, "stats": {"hp": 269, "atk": 147, "def": 166, "spa": 211, "spd": 166, "spe": 202}, "types": ["Normal", "Psychic"]}, "Duraludon": {"name": "Duraludon", "species": "Duraludon", "speciesId": "duraludon", "gender": "M", "shiny": false, "level": 82, "moves": ["bodypress", "flashcannon", "dracometeor", "stealthrock"], "ability": "Light Metal", "evs": {"hp": 85, "atk": 0, "def": 85, "spa": 85, "spd": 85, "spe": 85}, "ivs": {"hp": 31, "atk": 0, "def": 31, "spa": 31, "spd": 31, "spe": 31}, "item": "Eviolite", "teraType": "Fighting", "role": "Bulky Attacker", "bvs": {"hp": 70, "atk": 95, "def": 115, "spa": 120, "spd": 50, "spe": 85}, "stats": {"hp": 249, "atk": 160, "def": 236, "spa": 244, "spd": 129, "spe": 187}, "types": ["Steel", "Dragon"]}, "Milotic": {"name": "Milotic", "species": "Milotic", "speciesId": "milotic", "gender": "M", "shiny": false, "level": 83, "moves": ["recover", "haze", "icebeam", "scald"], "ability": "Competitive", "evs": {"hp": 85, "atk": 0, "def": 85, "spa": 85, "spd": 85, "spe": 85}, "ivs": {"hp": 31, "atk": 0, "def": 31, "spa": 31, "spd": 31, "spe": 31}, "item": "Leftovers", "teraType": "Dragon", "role": "Bulky Attacker", "bvs": {"hp": 95, "atk": 60, "def": 79, "spa": 100, "spd": 125, "spe": 81}, "stats": {"hp": 293, "atk": 104, "def": 179, "spa": 214, "spd": 255, "spe": 182}, "types": ["Water"]}, "Bronzong": {"name": "Bronzong", "species": "Bronzong", "speciesId": "bronzong", "gender": "N", "shiny": false, "level": 88, "moves": ["ironhead", "bodypress", "irondefense", "psychicnoise"], "ability": "Levitate", "evs": {"hp": 85, "atk": 85, "def": 85, "spa": 85, "spd": 85, "spe": 85}, "ivs": {"hp": 31, "atk": 31, "def": 31, "spa": 31, "spd": 31, "spe": 31}, "item": "Leftovers", "teraType": "Fighting", "role": "Bulky Setup", "bvs": {"hp": 67, "atk": 89, "def": 116, "spa": 79, "spd": 116, "spe": 33}, "stats": {"hp": 261, "atk": 207, "def": 254, "spa": 189, "spd": 254, "spe": 108}, "types": ["Steel", "Psychic"]}, "Muk": {"name": "Muk", "species": "Muk", "speciesId": "muk", "gender": "F", "shiny": false, "level": 86, "moves": ["gunkshot", "knockoff", "drainpunch", "shadowsneak"], "ability": "Poison Touch", "evs": {"hp": 85, "atk": 85, "def": 85, "spa": 85, "spd": 85, "spe": 85}, "ivs": {"hp": 31, "atk": 31, "def": 31, "spa": 31, "spd": 31, "spe": 31}, "item": "Assault Vest", "teraType": "Dark", "role": "AV Pivot", "bvs": {"hp": 105, "atk": 105, "def": 75, "spa": 65, "spd": 100, "spe": 50}, "stats": {"hp": 321, "atk": 230, "def": 178, "spa": 161, "spd": 221, "spe": 135}, "types": ["Poison"]}, "Pelipper": {"name": "Pelipper", "species": "Pelipper", "speciesId": "pelipper", "gender": "M", "shiny": false, "level": 86, "moves": ["hurricane", "uturn", "weatherball", "hydropump"], "ability": "Drizzle", "evs": {"hp": 85, "atk": 85, "def": 85, "spa": 85, "spd": 85, "spe": 85}, "ivs": {"hp": 31, "atk": 31, "def": 31, "spa": 31, "spd": 31, "spe": 31}, "item": "Choice Specs", "teraType": "Flying", "role": "Wallbreaker", "bvs": {"hp": 60, "atk": 50, "def": 100, "spa": 95, "spd": 70, "spe": 65}, "stats": {"hp": 243, "atk": 135, "def": 221, "spa": 213, "spd": 170, "spe": 161}, "types": ["Water", "Flying"]}}, {"Iron Bundle": {"name": "Iron Bundle", "species": "Iron Bundle", "speciesId": "ironbundle", "gender": "N", "shiny": false, "level": 78, "moves": ["freezedry", "flipturn", "icebeam", "hydropump"], "ability": "Quark Drive", "evs": {"hp": 85, "atk": 85, "def": 85, "spa": 85, "spd": 85, "spe": 85}, "ivs": {"hp": 31, "atk": 31, "def": 31, "spa": 31, "spd": 31, "spe": 31}, "item": "Choice Specs", "teraType": "Water", "role": "Fast Attacker", "bvs": {"hp": 56, "atk": 80, "def": 114, "spa": 124, "spd": 60, "spe": 136}, "stats": {"hp": 215, "atk": 170, "def": 223, "spa": 239, "spd": 139, "spe": 257}, "types": ["Ice", "Water"]}, "Registeel": {"name": "Registeel", "species": "Registeel", "speciesId": "registeel", "gender": "N", "shiny": false, "level": 81, "moves": ["bodypress", "rest", "ironhead", "irondefense"], "ability": "Clear Body", "evs": {"hp": 85, "atk": 85, "def": 85, "spa": 85, "spd": 85, "spe": 85}, "ivs": {"hp": 31, "atk": 31, "def": 31, "spa": 31, "spd": 31, "spe": 31}, "item": "Chesto Berry", "teraType": "Fighting", "role": "Bulky Setup", "bvs": {"hp": 80, "atk": 75, "def": 150, "spa": 75, "spd": 150, "spe": 50}, "stats": {"hp": 262, "atk": 168, "def": 290, "spa": 168, "spd": 290, "spe": 128}, "types": ["Steel"]}, "Articuno": {"name": "Articuno", "species": "Articuno", "speciesId": "articuno", "gender": "N", "shiny": false, "level": 86, "moves": ["bravebird", "freezedry", "roost", "uturn"], "ability": "Pressure", "evs": {"hp": 85, "atk": 85, "def": 85, "spa": 85, "spd": 85, "spe": 85}, "ivs": {"hp": 31, "atk": 31, "def": 31, "spa": 31, "spd": 31, "spe": 31}, "item": "Heavy-Duty Boots", "teraType": "Ground", "role": "Bulky Support", "bvs": {"hp": 90, "atk": 85, "def": 100, "spa": 95, "spd": 125, "spe": 85}, "stats": {"hp": 295, "atk": 195, "def": 221, "spa": 213, "spd": 264, "spe": 195}, "types": ["Ice", "Flying"]}, "Noivern": {"name": "Noivern", "species": "Noivern", "speciesId": "noivern", "gender": "M", "shiny": false, "level": 82, "moves": ["boomburst", "dracometeor", "hurricane", "flamethrower"], "ability": "Infiltrator", "evs": {"hp": 85, "atk": 0, "def": 85, "spa": 85, "spd": 85, "spe": 85}, "ivs": {"hp": 31, "atk": 0, "def": 31, "spa": 31, "spd": 31, "spe": 31}, "item": "Choice Specs", "teraType": "Normal", "role": "Fast Attacker", "bvs": {"hp": 85, "atk": 70, "def": 80, "spa": 97, "spd": 80, "spe": 123}, "stats": {"hp": 274, "atk": 119, "def": 178, "spa": 206, "spd": 178, "spe": 249}, "types": ["Flying", "Dragon"]}, "Magearna": {"name": "Magearna", "species": "Magearna", "speciesId": "magearna", "gender": "N", "shiny": false, "level": 77, "moves": ["shiftgear", "fleurcannon", "flashcannon", "calmmind"], "ability": "Soul-Heart", "evs": {"hp": 85, "atk": 0, "def": 85, "spa": 85, "spd": 85, "spe": 85}, "ivs": {"hp": 31, "atk": 0, "def": 31, "spa": 31, "spd": 31, "spe": 31}, "item": "Leftovers", "teraType": "Flying", "role": "Bulky Setup", "bvs": {"hp": 80, "atk": 95, "def": 115, "spa": 130, "spd": 115, "spe": 65}, "stats": {"hp": 250, "atk": 151, "def": 222, "spa": 245, "spd": 222, "spe": 145}, "types": ["Steel", "Fairy"]}, "Lycanroc": {"name": "Lycanroc", "species": "Lycanroc", "speciesId": "lycanroc", "gender": "M", "shiny": false, "level": 86, "moves": ["closecombat", "accelerock", "crunch", "stoneedge"], "ability": "Sand Rush", "evs": {"hp": 85, "atk": 85, "def": 85, "spa": 85, "spd": 85, "spe": 85}, "ivs": {"hp": 31, "atk": 31, "def": 31, "spa": 31, "spd": 31, "spe": 31}, "item": "Choice Band", "teraType": "Fighting", "role": "Fast Attacker", "bvs": {"hp": 75, "atk": 115, "def": 65, "spa": 55, "spd": 65, "spe": 112}, "stats": {"hp": 269, "atk": 247, "def": 161, "spa": 144, "spd": 161, "spe": 242}, "types": ["Rock"]}}]}