{"id": "gen9randombattle-2642104792", "format": "[Gen 9] Random Battle", "players": ["Lord Doryphore", "notmetbh102"], "log": "|j|\u2606Lord Doryphore\n|j|\u2606notmetbh102\n|t:|1782890930\n|gametype|singles\n|player|p1|Lord Doryphore|lady-gen4|2255\n|player|p2|notmetbh102|265|2226\n|gen|9\n|tier|[Gen 9] Random Battle\n|rated|\n|rule|Species Clause: Limit one of each Pok\u00e9mon\n|rule|HP Percentage Mod: HP is shown in percentages\n|rule|Sleep Clause Mod: Limit one foe put to sleep\n|rule|Illusion Level Mod: Illusion disguises the Pok\u00e9mon's true level\n|\n|t:|1782890930\n|teamsize|p1|6\n|teamsize|p2|6\n|start\n|switch|p1a: Dedenne|Dedenne, L88, M|261/261\n|switch|p2a: Dodrio|Dodrio, L85, M|241/241\n|turn|1\n|inactive|Battle timer is ON: inactive players will automatically lose when time's up. (requested by notmetbh102)\n|c|\u2606notmetbh102|hf\n|c|\u2606Lord Doryphore|ty u2\n|\n|t:|1782890944\n|switch|p2a: Luxray|Luxray, L88, F|283/283\n|switch|p1a: Lugia|Lugia, L73|275/275\n|\n|-status|p2a: Luxray|brn|[from] item: Flame Orb\n|upkeep\n|turn|2\n|\n|t:|1782890949\n|switch|p1a: Dugtrio|Dugtrio, L84, M|196/196\n|move|p2a: Luxray|Supercell Slam|p1a: Dugtrio\n|-immune|p1a: Dugtrio\n|-damage|p2a: Luxray|142/283 brn|[from] supercellslam\n|\n|-damage|p2a: Luxray|125/283 brn|[from] brn\n|upkeep\n|turn|3\n|\n|t:|1782890952\n|move|p1a: Dugtrio|Earthquake|p2a: Luxray\n|-supereffective|p2a: Luxray\n|-damage|p2a: Luxray|0 fnt\n|faint|p2a: Luxray\n|\n|upkeep\n|\n|t:|1782890953\n|switch|p2a: Malamar|Malamar, L82, F|275/275\n|turn|4\n|\n|t:|1782890957\n|switch|p1a: Illumise|Illumise, L91, F|266/266\n|move|p2a: Malamar|Knock Off|p1a: Illumise\n|-damage|p1a: Illumise|175/266\n|-enditem|p1a: Illumise|Heavy-Duty Boots|[from] move: Knock Off|[of] p2a: Malamar\n|\n|upkeep\n|turn|5\n|\n|t:|1782890960\n|-terastallize|p2a: Malamar|Poison\n|move|p1a: Illumise|Thunder Wave|p2a: Malamar|[miss]\n|-miss|p1a: Illumise|p2a: Malamar\n|move|p2a: Malamar|Superpower|p1a: Illumise\n|-resisted|p1a: Illumise\n|-damage|p1a: Illumise|135/266\n|-boost|p2a: Malamar|atk|1\n|-boost|p2a: Malamar|def|1\n|\n|upkeep\n|turn|6\n|\n|t:|1782890964\n|move|p1a: Illumise|Thunder Wave|p2a: Malamar\n|-status|p2a: Malamar|par\n|move|p2a: Malamar|Superpower|p1a: Illumise\n|-resisted|p1a: Illumise\n|-damage|p1a: Illumise|75/266\n|-boost|p2a: Malamar|atk|1\n|-boost|p2a: Malamar|def|1\n|\n|upkeep\n|turn|7\n|\n|t:|1782890967\n|move|p1a: Illumise|Roost|p1a: Illumise\n|-heal|p1a: Illumise|208/266\n|-singleturn|p1a: Illumise|move: Roost\n|move|p2a: Malamar|Superpower|p1a: Illumise\n|-resisted|p1a: Illumise\n|-damage|p1a: Illumise|125/266\n|-boost|p2a: Malamar|atk|1\n|-boost|p2a: Malamar|def|1\n|\n|upkeep\n|turn|8\n|\n|t:|1782890976\n|move|p1a: Illumise|Encore|p2a: Malamar\n|-start|p2a: Malamar|Encore\n|move|p2a: Malamar|Superpower|p1a: Illumise\n|-resisted|p1a: Illumise\n|-damage|p1a: Illumise|19/266\n|-boost|p2a: Malamar|atk|1\n|-boost|p2a: Malamar|def|1\n|\n|upkeep\n|turn|9\n|\n|t:|1782890979\n|switch|p1a: Lugia|Lugia, L73|275/275\n|move|p2a: Malamar|Superpower|p1a: Lugia\n|-resisted|p1a: Lugia\n|-damage|p1a: Lugia|253/275\n|-boost|p2a: Malamar|atk|1\n|-boost|p2a: Malamar|def|1\n|\n|upkeep\n|turn|10\n|\n|t:|1782890986\n|switch|p2a: Weezing|Weezing, L88, M|258/258\n|move|p1a: Lugia|Calm Mind|p1a: Lugia\n|-boost|p1a: Lugia|spa|1\n|-boost|p1a: Lugia|spd|1\n|\n|upkeep\n|turn|11\n|\n|t:|1782890989\n|move|p1a: Lugia|Aeroblast|p2a: Weezing\n|-damage|p2a: Weezing|116/258\n|move|p2a: Weezing|Toxic Spikes|p1a: Lugia\n|-sidestart|p1: Lord Doryphore|move: Toxic Spikes\n|\n|-heal|p2a: Weezing|132/258|[from] item: Leftovers\n|upkeep\n|turn|12\n|\n|t:|1782890991\n|switch|p2a: Dodrio|Dodrio, L85, M|241/241\n|move|p1a: Lugia|Aeroblast|p2a: Dodrio\n|-damage|p2a: Dodrio|88/241\n|\n|upkeep\n|turn|13\n|\n|t:|1782890993\n|move|p2a: Dodrio|Double-Edge|p1a: Lugia\n|-damage|p1a: Lugia|121/275\n|-damage|p2a: Dodrio|44/241|[from] Recoil\n|move|p1a: Lugia|Aeroblast|p2a: Dodrio\n|-damage|p2a: Dodrio|0 fnt\n|faint|p2a: Dodrio\n|\n|upkeep\n|\n|t:|1782890994\n|switch|p2a: Malamar|Malamar, L82, F, tera:Poison|275/275 par\n|turn|14\n|\n|t:|1782890997\n|move|p1a: Lugia|Earth Power|p2a: Malamar\n|-supereffective|p2a: Malamar\n|-damage|p2a: Malamar|123/275 par\n|cant|p2a: Malamar|par\n|\n|-heal|p2a: Malamar|140/275 par|[from] item: Leftovers\n|upkeep\n|turn|15\n|\n|t:|1782891001\n|switch|p2a: Weezing|Weezing, L88, M|132/258\n|move|p1a: Lugia|Aeroblast|p2a: Weezing\n|-damage|p2a: Weezing|0 fnt\n|faint|p2a: Weezing\n|\n|upkeep\n|\n|t:|1782891002\n|switch|p2a: Malamar|Malamar, L82, F, tera:Poison|140/275 par\n|turn|16\n|\n|t:|1782891004\n|switch|p2a: Landorus|Landorus, L75, M|257/257\n|move|p1a: Lugia|Earth Power|p2a: Landorus\n|-immune|p2a: Landorus\n|\n|upkeep\n|turn|17\n|\n|t:|1782891007\n|switch|p2a: Malamar|Malamar, L82, F, tera:Poison|140/275 par\n|move|p1a: Lugia|Recover|p1a: Lugia\n|-heal|p1a: Lugia|259/275\n|\n|-heal|p2a: Malamar|157/275 par|[from] item: Leftovers\n|upkeep\n|turn|18\n|\n|t:|1782891010\n|switch|p2a: Decidueye|Decidueye-Hisui, L87, F, shiny|295/295\n|move|p1a: Lugia|Aeroblast|p2a: Decidueye\n|-supereffective|p2a: Decidueye\n|-damage|p2a: Decidueye|0 fnt\n|faint|p2a: Decidueye\n|\n|upkeep\n|\n|t:|1782891011\n|switch|p2a: Malamar|Malamar, L82, F, tera:Poison|157/275 par\n|turn|19\n|\n|t:|1782891019\n|switch|p2a: Landorus|Landorus, L75, M|257/257\n|move|p1a: Lugia|Earth Power|p2a: Landorus\n|-immune|p2a: Landorus\n|\n|upkeep\n|turn|20\n|\n|t:|1782891021\n|switch|p2a: Malamar|Malamar, L82, F, tera:Poison|157/275 par\n|move|p1a: Lugia|Calm Mind|p1a: Lugia\n|-boost|p1a: Lugia|spa|1\n|-boost|p1a: Lugia|spd|1\n|\n|-heal|p2a: Malamar|174/275 par|[from] item: Leftovers\n|upkeep\n|turn|21\n|\n|t:|1782891027\n|switch|p2a: Landorus|Landorus, L75, M|257/257\n|move|p1a: Lugia|Earth Power|p2a: Landorus\n|-immune|p2a: Landorus\n|\n|upkeep\n|turn|22\n|\n|t:|1782891028\n|switch|p2a: Malamar|Malamar, L82, F, tera:Poison|174/275 par\n|move|p1a: Lugia|Calm Mind|p1a: Lugia\n|-boost|p1a: Lugia|spa|1\n|-boost|p1a: Lugia|spd|1\n|\n|-heal|p2a: Malamar|191/275 par|[from] item: Leftovers\n|upkeep\n|turn|23\n|\n|t:|1782891032\n|switch|p2a: Landorus|Landorus, L75, M|257/257\n|move|p1a: Lugia|Earth Power|p2a: Landorus\n|-immune|p2a: Landorus\n|\n|upkeep\n|turn|24\n|\n|t:|1782891033\n|move|p1a: Lugia|Calm Mind|p1a: Lugia\n|-boost|p1a: Lugia|spa|1\n|-boost|p1a: Lugia|spd|1\n|move|p2a: Landorus|Focus Blast|p1a: Lugia\n|-resisted|p1a: Lugia\n|-damage|p1a: Lugia|251/275\n|\n|upkeep\n|turn|25\n|\n|t:|1782891037\n|move|p1a: Lugia|Aeroblast|p2a: Landorus\n|-damage|p2a: Landorus|0 fnt\n|faint|p2a: Landorus\n|\n|upkeep\n|\n|t:|1782891038\n|switch|p2a: Malamar|Malamar, L82, F, tera:Poison|191/275 par\n|turn|26\n|\n|t:|1782891040\n|move|p1a: Lugia|Aeroblast|p2a: Malamar\n|-damage|p2a: Malamar|0 fnt\n|faint|p2a: Malamar\n|\n|win|Lord Doryphore\n|raw|Lord Doryphore's rating: 2255 &rarr; <strong>2273</strong><br />(+18 for winning)\n|raw|notmetbh102's rating: 2226 &rarr; <strong>2208</strong><br />(-18 for losing)\n|c|\u2606notmetbh102|gg\n", "inputlog": ">version f8ac14003a5f27e1bdc8d8c59608a773c1cb96e5\n>start {\"formatid\":\"gen9randombattle\",\"seed\":\"sodium,7b97ed3052827740450bf4fe6af8a596\",\"rated\":\"Rated battle\"}\n>player p1 {\"name\":\"Lord Doryphore\",\"avatar\":\"lady-gen4\",\"rating\":2255,\"seed\":\"sodium,cc9c0a796f396e632fe9cbbd40659059\"}\n>player p2 {\"name\":\"notmetbh102\",\"avatar\":\"265\",\"rating\":2226,\"seed\":\"sodium,e4599da53405fa4df03e7b25558b8a0b\"}\n>chat \u2606notmetbh102|hf\n>chat \u2606Lord Doryphore|ty u2\n>p1 switch 3\n>p2 switch 3\n>p1 switch 6\n>p2 move supercellslam\n>p1 move earthquake\n>p2 move facade\n>p2 switch 4\n>p1 switch 4\n>p2 move knockoff\n>p1 move thunderwave\n>p2 move superpower terastallize\n>p1 move thunderwave\n>p2 move superpower\n>p1 move roost\n>p2 move superpower\n>p1 move encore\n>p2 move knockoff\n>p1 switch 6\n>p2 move superpower\n>p1 move calmmind\n>p2 switch 6\n>p1 move aeroblast\n>p2 move toxicspikes\n>p1 move aeroblast\n>p2 switch 3\n>p1 move aeroblast\n>p2 move doubleedge\n>p2 switch 6\n>p1 move earthpower\n>p2 move knockoff\n>p1 move aeroblast\n>p2 switch 3\n>p2 switch 3\n>p1 move earthpower\n>p2 switch 2\n>p1 move recover\n>p2 switch 2\n>p1 move aeroblast\n>p2 switch 5\n>p2 switch 5\n>p1 move earthpower\n>p2 switch 2\n>p1 move calmmind\n>p2 switch 2\n>p1 move earthpower\n>p2 switch 2\n>p1 move calmmind\n>p2 switch 2\n>p1 move earthpower\n>p2 switch 2\n>p1 move calmmind\n>p2 move focusblast\n>p1 move aeroblast\n>p2 move focusblast\n>p2 switch 2\n>p1 move aeroblast\n>p2 move rest", "uploadtime": 1782891040, "views": 3, "formatid": "gen9randombattle", "rating": 2208, "private": 0, "password": null, "player_dets": [{"name": "Lord Doryphore", "avatar": "lady-gen4", "rating": 2255, "seed": "sodium,cc9c0a796f396e632fe9cbbd40659059"}, {"name": "notmetbh102", "avatar": "265", "rating": 2226, "seed": "sodium,e4599da53405fa4df03e7b25558b8a0b"}], "teams_full": [{"Dedenne": {"name": "Dedenne", "species": "Dedenne", "speciesId": "dedenne", "gender": "M", "shiny": false, "level": 88, "moves": ["thunderbolt", "dazzlinggleam", "nuzzle", "superfang"], "ability": "Cheek Pouch", "evs": {"hp": 85, "atk": 85, "def": 85, "spa": 85, "spd": 85, "spe": 85}, "ivs": {"hp": 31, "atk": 31, "def": 31, "spa": 31, "spd": 31, "spe": 31}, "item": "Sitrus Berry", "teraType": "Flying", "role": "Fast Support", "bvs": {"hp": 67, "atk": 58, "def": 57, "spa": 81, "spd": 67, "spe": 101}, "stats": {"hp": 261, "atk": 152, "def": 151, "spa": 193, "spd": 168, "spe": 228}, "types": ["Electric", "Fairy"]}, "Ludicolo": {"name": "Ludicolo", "species": "Ludicolo", "speciesId": "ludicolo", "gender": "M", "shiny": false, "level": 90, "moves": ["leafstorm", "icebeam", "gigadrain", "hydropump"], "ability": "Swift Swim", "evs": {"hp": 85, "atk": 0, "def": 85, "spa": 85, "spd": 85, "spe": 85}, "ivs": {"hp": 31, "atk": 0, "def": 31, "spa": 31, "spd": 31, "spe": 31}, "item": "Choice Specs", "teraType": "Water", "role": "Fast Attacker", "bvs": {"hp": 80, "atk": 70, "def": 70, "spa": 90, "spd": 100, "spe": 70}, "stats": {"hp": 290, "atk": 131, "def": 177, "spa": 213, "spd": 231, "spe": 177}, "types": ["Water", "Grass"]}, "Lugia": {"name": "Lugia", "species": "Lugia", "speciesId": "lugia", "gender": "N", "shiny": false, "level": 73, "moves": ["aeroblast", "calmmind", "earthpower", "recover"], "ability": "Multiscale", "evs": {"hp": 85, "atk": 0, "def": 85, "spa": 85, "spd": 85, "spe": 85}, "ivs": {"hp": 31, "atk": 0, "def": 31, "spa": 31, "spd": 31, "spe": 31}, "item": "Heavy-Duty Boots", "teraType": "Ground", "role": "Bulky Setup", "bvs": {"hp": 106, "atk": 90, "def": 130, "spa": 90, "spd": 154, "spe": 110}, "stats": {"hp": 275, "atk": 136, "def": 232, "spa": 174, "spd": 267, "spe": 203}, "types": ["Psychic", "Flying"]}, "Illumise": {"name": "Illumise", "species": "Illumise", "speciesId": "illumise", "gender": "F", "shiny": false, "level": 91, "moves": ["roost", "thunderwave", "bugbuzz", "encore"], "ability": "Prankster", "evs": {"hp": 85, "atk": 0, "def": 85, "spa": 85, "spd": 85, "spe": 85}, "ivs": {"hp": 31, "atk": 0, "def": 31, "spa": 31, "spd": 31, "spe": 31}, "item": "Heavy-Duty Boots", "teraType": "Water", "role": "Bulky Support", "bvs": {"hp": 65, "atk": 47, "def": 75, "spa": 73, "spd": 85, "spe": 85}, "stats": {"hp": 266, "atk": 90, "def": 188, "spa": 185, "spd": 207, "spe": 207}, "types": ["Bug"]}, "Pikachu": {"name": "Pikachu", "species": "Pikachu-Kalos", "speciesId": "pikachu", "gender": "M", "shiny": false, "level": 93, "moves": ["playrough", "volttackle", "surf", "voltswitch"], "ability": "Lightning Rod", "evs": {"hp": 85, "atk": 85, "def": 85, "spa": 85, "spd": 85, "spe": 85}, "ivs": {"hp": 31, "atk": 31, "def": 31, "spa": 31, "spd": 31, "spe": 31}, "item": "Light Ball", "teraType": "Water", "role": "Fast Attacker", "bvs": {"hp": 35, "atk": 55, "def": 40, "spa": 50, "spd": 50, "spe": 90}, "stats": {"hp": 216, "atk": 155, "def": 127, "spa": 146, "spd": 146, "spe": 220}, "types": ["Electric"]}, "Dugtrio": {"name": "Dugtrio", "species": "Dugtrio", "speciesId": "dugtrio", "gender": "M", "shiny": false, "level": 84, "moves": ["earthquake", "stoneedge", "throatchop", "suckerpunch"], "ability": "Arena Trap", "evs": {"hp": 85, "atk": 85, "def": 85, "spa": 85, "spd": 85, "spe": 85}, "ivs": {"hp": 31, "atk": 31, "def": 31, "spa": 31, "spd": 31, "spe": 31}, "item": "Choice Band", "teraType": "Dark", "role": "Wallbreaker", "bvs": {"hp": 35, "atk": 100, "def": 50, "spa": 50, "spd": 70, "spe": 120}, "stats": {"hp": 196, "atk": 216, "def": 132, "spa": 132, "spd": 166, "spe": 250}, "types": ["Ground"]}}, {"Dodrio": {"name": "Dodrio", "species": "Dodrio", "speciesId": "dodrio", "gender": "M", "shiny": false, "level": 85, "moves": ["bravebird", "drillrun", "doubleedge", "swordsdance"], "ability": "Early Bird", "evs": {"hp": 85, "atk": 85, "def": 85, "spa": 85, "spd": 85, "spe": 85}, "ivs": {"hp": 31, "atk": 31, "def": 31, "spa": 31, "spd": 31, "spe": 31}, "item": "Heavy-Duty Boots", "teraType": "Ground", "role": "Setup Sweeper", "bvs": {"hp": 60, "atk": 110, "def": 70, "spa": 60, "spd": 60, "spe": 110}, "stats": {"hp": 241, "atk": 236, "def": 168, "spa": 151, "spd": 151, "spe": 236}, "types": ["Normal", "Flying"]}, "Landorus": {"name": "Landorus", "species": "Landorus", "speciesId": "landorus", "gender": "M", "shiny": false, "level": 75, "moves": ["focusblast", "earthpower", "sludgewave", "psychic"], "ability": "Sheer Force", "evs": {"hp": 85, "atk": 0, "def": 85, "spa": 85, "spd": 85, "spe": 85}, "ivs": {"hp": 31, "atk": 0, "def": 31, "spa": 31, "spd": 31, "spe": 31}, "item": "Life Orb", "teraType": "Poison", "role": "Fast Attacker", "bvs": {"hp": 89, "atk": 125, "def": 90, "spa": 115, "spd": 80, "spe": 101}, "stats": {"hp": 257, "atk": 192, "def": 179, "spa": 216, "spd": 164, "spe": 195}, "types": ["Ground", "Flying"]}, "Luxray": {"name": "Luxray", "species": "Luxray", "speciesId": "luxray", "gender": "F", "shiny": false, "level": 88, "moves": ["trailblaze", "supercellslam", "facade", "playrough"], "ability": "Guts", "evs": {"hp": 81, "atk": 85, "def": 85, "spa": 85, "spd": 85, "spe": 85}, "ivs": {"hp": 31, "atk": 31, "def": 31, "spa": 31, "spd": 31, "spe": 31}, "item": "Flame Orb", "teraType": "Normal", "role": "Setup Sweeper", "bvs": {"hp": 80, "atk": 120, "def": 79, "spa": 95, "spd": 79, "spe": 70}, "stats": {"hp": 283, "atk": 261, "def": 189, "spa": 217, "spd": 189, "spe": 173}, "types": ["Electric"]}, "Malamar": {"name": "Malamar", "species": "Malamar", "speciesId": "malamar", "gender": "F", "shiny": false, "level": 82, "moves": ["superpower", "rest", "knockoff", "sleeptalk"], "ability": "Contrary", "evs": {"hp": 85, "atk": 85, "def": 85, "spa": 85, "spd": 85, "spe": 85}, "ivs": {"hp": 31, "atk": 31, "def": 31, "spa": 31, "spd": 31, "spe": 31}, "item": "Leftovers", "teraType": "Poison", "role": "Bulky Setup", "bvs": {"hp": 86, "atk": 92, "def": 88, "spa": 68, "spd": 75, "spe": 73}, "stats": {"hp": 275, "atk": 198, "def": 191, "spa": 159, "spd": 170, "spe": 167}, "types": ["Dark", "Psychic"]}, "Decidueye": {"name": "Decidueye", "species": "Decidueye-Hisui", "speciesId": "decidueyehisui", "gender": "F", "shiny": true, "level": 87, "moves": ["roost", "leafblade", "knockoff", "triplearrows"], "ability": "Scrappy", "evs": {"hp": 85, "atk": 85, "def": 85, "spa": 85, "spd": 85, "spe": 85}, "ivs": {"hp": 31, "atk": 31, "def": 31, "spa": 31, "spd": 31, "spe": 31}, "item": "Leftovers", "teraType": "Water", "role": "Bulky Attacker", "bvs": {"hp": 88, "atk": 112, "def": 80, "spa": 95, "spd": 95, "spe": 60}, "stats": {"hp": 295, "atk": 245, "def": 189, "spa": 215, "spd": 215, "spe": 154}, "types": ["Grass", "Fighting"]}, "Weezing": {"name": "Weezing", "species": "Weezing", "speciesId": "weezing", "gender": "M", "shiny": false, "level": 88, "moves": ["fireblast", "sludgebomb", "toxicspikes", "painsplit"], "ability": "Levitate", "evs": {"hp": 85, "atk": 0, "def": 85, "spa": 85, "spd": 85, "spe": 85}, "ivs": {"hp": 31, "atk": 0, "def": 31, "spa": 31, "spd": 31, "spe": 31}, "item": "Leftovers", "teraType": "Steel", "role": "Bulky Attacker", "bvs": {"hp": 65, "atk": 90, "def": 120, "spa": 85, "spd": 70, "spe": 60}, "stats": {"hp": 258, "atk": 163, "def": 261, "spa": 200, "spd": 173, "spe": 156}, "types": ["Poison"]}}]}