{"id": "gen9randombattle-2641811578", "format": "[Gen 9] Random Battle", "players": ["bluchezz", "legolas06"], "log": "|j|\u2606bluchezz\n|j|\u2606legolas06\n|t:|1782844756\n|gametype|singles\n|player|p1|bluchezz|266|2008\n|player|p2|legolas06|102|1966\n|gen|9\n|tier|[Gen 9] Random Battle\n|rated|\n|rule|Species Clause: Limit one of each Pok\u00e9mon\n|rule|HP Percentage Mod: HP is shown in percentages\n|rule|Sleep Clause Mod: Limit one foe put to sleep\n|rule|Illusion Level Mod: Illusion disguises the Pok\u00e9mon's true level\n|\n|t:|1782844756\n|teamsize|p1|6\n|teamsize|p2|6\n|start\n|switch|p1a: Raichu|Raichu, L88, F|249/249\n|switch|p2a: Piloswine|Piloswine, L85, M|309/309\n|turn|1\n|inactive|Battle timer is ON: inactive players will automatically lose when time's up. (requested by legolas06)\n|\n|t:|1782844774\n|switch|p1a: Orthworm|Orthworm, L88, F|266/266\n|move|p2a: Piloswine|Stealth Rock|p1a: Orthworm\n|-sidestart|p1: bluchezz|move: Stealth Rock\n|\n|upkeep\n|turn|2\n|\n|t:|1782844782\n|move|p1a: Orthworm|Iron Tail|p2a: Piloswine\n|-supereffective|p2a: Piloswine\n|-damage|p2a: Piloswine|163/309\n|move|p2a: Piloswine|Roar|p1a: Orthworm\n|drag|p1a: Cresselia|Cresselia, L80, F|323/323\n|-damage|p1a: Cresselia|283/323|[from] Stealth Rock\n|\n|-heal|p1a: Cresselia|303/323|[from] item: Leftovers\n|upkeep\n|turn|3\n|\n|t:|1782844794\n|switch|p2a: Galvantula|Galvantula, L82, M|249/249\n|move|p1a: Cresselia|Psyshock|p2a: Galvantula\n|-damage|p2a: Galvantula|161/249\n|\n|-heal|p1a: Cresselia|323/323|[from] item: Leftovers\n|upkeep\n|turn|4\n|\n|t:|1782844806\n|switch|p1a: Raichu|Raichu, L88, F|249/249\n|-damage|p1a: Raichu|218/249|[from] Stealth Rock\n|move|p2a: Galvantula|Sticky Web|p1a: Raichu\n|-sidestart|p1: bluchezz|move: Sticky Web\n|\n|upkeep\n|turn|5\n|l|\u2606legolas06\n|inactive|legolas06 disconnected and has a minute to reconnect!\n|player|p2|\n|inactive|legolas06 has 30 seconds to reconnect!\n|inactive|legolas06 has 20 seconds to reconnect!\n|inactive|legolas06 has 15 seconds to reconnect!\n|inactive|legolas06 has 10 seconds to reconnect!\n|inactive|legolas06 has 5 seconds to reconnect!\n|-message|legolas06 lost due to inactivity.\n|\n|win|bluchezz\n|raw|bluchezz's rating: 2008 &rarr; <strong>2026</strong><br />(+18 for winning)\n|raw|legolas06's rating: 1966 &rarr; <strong>1948</strong><br />(-18 for losing)\n", "inputlog": ">version f8ac14003a5f27e1bdc8d8c59608a773c1cb96e5\n>start {\"formatid\":\"gen9randombattle\",\"seed\":\"sodium,5dea444d565de0f607617457ec5b96ae\",\"rated\":\"Rated battle\"}\n>player p1 {\"name\":\"bluchezz\",\"avatar\":\"266\",\"rating\":2008,\"seed\":\"sodium,0d93ce61174bfe0d4e3153f0e2993e1e\"}\n>player p2 {\"name\":\"legolas06\",\"avatar\":\"102\",\"rating\":1966,\"seed\":\"sodium,bd52659d3f8c1ecf0b2371013b2d86b1\"}\n>p1 switch 4\n>p2 move stealthrock\n>p1 move irontail\n>p2 move roar\n>p1 move psyshock\n>p2 switch 2\n>p1 switch 4\n>p2 move stickyweb\n>forcelose p2", "uploadtime": 1782844886, "views": 6, "formatid": "gen9randombattle", "rating": 1948, "private": 0, "password": null, "player_dets": [{"name": "bluchezz", "avatar": "266", "rating": 2008, "seed": "sodium,0d93ce61174bfe0d4e3153f0e2993e1e"}, {"name": "legolas06", "avatar": "102", "rating": 1966, "seed": "sodium,bd52659d3f8c1ecf0b2371013b2d86b1"}], "teams_full": [{"Raichu": {"name": "Raichu", "species": "Raichu", "speciesId": "raichu", "gender": "F", "shiny": false, "level": 88, "moves": ["grassknot", "knockoff", "thunderbolt", "alluringvoice"], "ability": "Lightning Rod", "evs": {"hp": 85, "atk": 85, "def": 85, "spa": 85, "spd": 85, "spe": 85}, "ivs": {"hp": 31, "atk": 31, "def": 31, "spa": 31, "spd": 31, "spe": 31}, "item": "Assault Vest", "teraType": "Grass", "role": "Fast Support", "bvs": {"hp": 60, "atk": 90, "def": 55, "spa": 90, "spd": 80, "spe": 110}, "stats": {"hp": 249, "atk": 209, "def": 147, "spa": 209, "spd": 191, "spe": 244}, "types": ["Electric"]}, "Magearna": {"name": "Magearna", "species": "Magearna-Original", "speciesId": "magearna", "gender": "N", "shiny": false, "level": 77, "moves": ["calmmind", "flashcannon", "fleurcannon", "shiftgear"], "ability": "Soul-Heart", "evs": {"hp": 85, "atk": 0, "def": 85, "spa": 85, "spd": 85, "spe": 85}, "ivs": {"hp": 31, "atk": 0, "def": 31, "spa": 31, "spd": 31, "spe": 31}, "item": "Leftovers", "teraType": "Flying", "role": "Bulky Setup", "bvs": {"hp": 80, "atk": 95, "def": 115, "spa": 130, "spd": 115, "spe": 65}, "stats": {"hp": 250, "atk": 151, "def": 222, "spa": 245, "spd": 222, "spe": 145}, "types": ["Steel", "Fairy"]}, "Cresselia": {"name": "Cresselia", "species": "Cresselia", "speciesId": "cresselia", "gender": "F", "shiny": false, "level": 80, "moves": ["thunderbolt", "psyshock", "moonlight", "calmmind"], "ability": "Levitate", "evs": {"hp": 85, "atk": 0, "def": 85, "spa": 85, "spd": 85, "spe": 85}, "ivs": {"hp": 31, "atk": 0, "def": 31, "spa": 31, "spd": 31, "spe": 31}, "item": "Leftovers", "teraType": "Steel", "role": "Bulky Setup", "bvs": {"hp": 120, "atk": 70, "def": 110, "spa": 75, "spd": 120, "spe": 85}, "stats": {"hp": 323, "atk": 117, "def": 222, "spa": 166, "spd": 238, "spe": 182}, "types": ["Psychic"]}, "Orthworm": {"name": "Orthworm", "species": "Orthworm", "speciesId": "orthworm", "gender": "F", "shiny": false, "level": 88, "moves": ["bodypress", "rest", "irontail", "coil"], "ability": "Earth Eater", "evs": {"hp": 85, "atk": 85, "def": 85, "spa": 85, "spd": 85, "spe": 85}, "ivs": {"hp": 31, "atk": 31, "def": 31, "spa": 31, "spd": 31, "spe": 31}, "item": "Chesto Berry", "teraType": "Electric", "role": "Bulky Setup", "bvs": {"hp": 70, "atk": 85, "def": 145, "spa": 60, "spd": 55, "spe": 65}, "stats": {"hp": 266, "atk": 200, "def": 305, "spa": 156, "spd": 147, "spe": 165}, "types": ["Steel"]}, "Cramorant": {"name": "Cramorant", "species": "Cramorant", "speciesId": "cramorant", "gender": "F", "shiny": false, "level": 86, "moves": ["roost", "surf", "bravebird", "defog"], "ability": "Gulp Missile", "evs": {"hp": 85, "atk": 85, "def": 85, "spa": 85, "spd": 85, "spe": 85}, "ivs": {"hp": 31, "atk": 31, "def": 31, "spa": 31, "spd": 31, "spe": 31}, "item": "Heavy-Duty Boots", "teraType": "Ground", "role": "Bulky Support", "bvs": {"hp": 70, "atk": 85, "def": 55, "spa": 85, "spd": 95, "spe": 85}, "stats": {"hp": 261, "atk": 195, "def": 144, "spa": 195, "spd": 213, "spe": 195}, "types": ["Flying", "Water"]}, "Roaring Moon": {"name": "Roaring Moon", "species": "Roaring Moon", "speciesId": "roaringmoon", "gender": "N", "shiny": false, "level": 72, "moves": ["ironhead", "knockoff", "outrage", "dragondance"], "ability": "Protosynthesis", "evs": {"hp": 85, "atk": 85, "def": 85, "spa": 85, "spd": 85, "spe": 85}, "ivs": {"hp": 31, "atk": 31, "def": 31, "spa": 31, "spd": 31, "spe": 31}, "item": "Lum Berry", "teraType": "Dragon", "role": "Setup Sweeper", "bvs": {"hp": 105, "atk": 139, "def": 71, "spa": 55, "spd": 101, "spe": 119}, "stats": {"hp": 270, "atk": 242, "def": 144, "spa": 121, "spd": 187, "spe": 213}, "types": ["Dragon", "Dark"]}}, {"Piloswine": {"name": "Piloswine", "species": "Piloswine", "speciesId": "piloswine", "gender": "M", "shiny": false, "level": 85, "moves": ["earthquake", "iciclecrash", "roar", "stealthrock"], "ability": "Thick Fat", "evs": {"hp": 85, "atk": 85, "def": 85, "spa": 85, "spd": 85, "spe": 85}, "ivs": {"hp": 31, "atk": 31, "def": 31, "spa": 31, "spd": 31, "spe": 31}, "item": "Eviolite", "teraType": "Dragon", "role": "Bulky Support", "bvs": {"hp": 100, "atk": 100, "def": 80, "spa": 60, "spd": 60, "spe": 50}, "stats": {"hp": 309, "atk": 219, "def": 185, "spa": 151, "spd": 151, "spe": 134}, "types": ["Ice", "Ground"]}, "Galvantula": {"name": "Galvantula", "species": "Galvantula", "speciesId": "galvantula", "gender": "M", "shiny": false, "level": 82, "moves": ["stickyweb", "bugbuzz", "energyball", "thunder"], "ability": "Compound Eyes", "evs": {"hp": 85, "atk": 0, "def": 85, "spa": 85, "spd": 85, "spe": 85}, "ivs": {"hp": 31, "atk": 0, "def": 31, "spa": 31, "spd": 31, "spe": 31}, "item": "Heavy-Duty Boots", "teraType": "Electric", "role": "Fast Support", "bvs": {"hp": 70, "atk": 77, "def": 60, "spa": 97, "spd": 60, "spe": 108}, "stats": {"hp": 249, "atk": 131, "def": 146, "spa": 206, "spd": 146, "spe": 224}, "types": ["Bug", "Electric"]}, "Brambleghast": {"name": "Brambleghast", "species": "Brambleghast", "speciesId": "brambleghast", "gender": "F", "shiny": false, "level": 88, "moves": ["poltergeist", "powerwhip", "leechseed", "substitute"], "ability": "Wind Rider", "evs": {"hp": 85, "atk": 85, "def": 85, "spa": 85, "spd": 85, "spe": 85}, "ivs": {"hp": 31, "atk": 31, "def": 31, "spa": 31, "spd": 31, "spe": 31}, "item": "Leftovers", "teraType": "Steel", "role": "Fast Support", "bvs": {"hp": 55, "atk": 115, "def": 70, "spa": 80, "spd": 70, "spe": 90}, "stats": {"hp": 240, "atk": 253, "def": 173, "spa": 191, "spd": 173, "spe": 209}, "types": ["Grass", "Ghost"]}, "Rhyperior": {"name": "Rhyperior", "species": "Rhyperior", "speciesId": "rhyperior", "gender": "M", "shiny": false, "level": 82, "moves": ["rockpolish", "stoneedge", "earthquake", "megahorn"], "ability": "Solid Rock", "evs": {"hp": 85, "atk": 85, "def": 85, "spa": 85, "spd": 85, "spe": 85}, "ivs": {"hp": 31, "atk": 31, "def": 31, "spa": 31, "spd": 31, "spe": 31}, "item": "Weakness Policy", "teraType": "Bug", "role": "Bulky Setup", "bvs": {"hp": 115, "atk": 140, "def": 130, "spa": 55, "spd": 55, "spe": 40}, "stats": {"hp": 323, "atk": 277, "def": 260, "spa": 137, "spd": 137, "spe": 113}, "types": ["Ground", "Rock"]}, "Samurott": {"name": "Samurott", "species": "Samurott", "speciesId": "samurott", "gender": "M", "shiny": false, "level": 88, "moves": ["megahorn", "knockoff", "icebeam", "hydropump"], "ability": "Torrent", "evs": {"hp": 85, "atk": 85, "def": 85, "spa": 85, "spd": 85, "spe": 85}, "ivs": {"hp": 31, "atk": 31, "def": 31, "spa": 31, "spd": 31, "spe": 31}, "item": "Assault Vest", "teraType": "Water", "role": "AV Pivot", "bvs": {"hp": 95, "atk": 100, "def": 85, "spa": 108, "spd": 70, "spe": 70}, "stats": {"hp": 310, "atk": 226, "def": 200, "spa": 240, "spd": 173, "spe": 173}, "types": ["Water"]}, "Vigoroth": {"name": "Vigoroth", "species": "Vigoroth", "speciesId": "vigoroth", "gender": "F", "shiny": false, "level": 85, "moves": ["bulkup", "earthquake", "slackoff", "bodyslam"], "ability": "Vital Spirit", "evs": {"hp": 85, "atk": 85, "def": 85, "spa": 85, "spd": 85, "spe": 85}, "ivs": {"hp": 31, "atk": 31, "def": 31, "spa": 31, "spd": 31, "spe": 31}, "item": "Eviolite", "teraType": "Ground", "role": "Bulky Attacker", "bvs": {"hp": 80, "atk": 80, "def": 80, "spa": 55, "spd": 55, "spe": 90}, "stats": {"hp": 275, "atk": 185, "def": 185, "spa": 142, "spd": 142, "spe": 202}, "types": ["Normal"]}}]}