{"id": "gen9randombattle-2642007039", "format": "[Gen 9] Random Battle", "players": ["Anderj10", "S\ufe0fMystX"], "log": "|j|\u2606Anderj10\n|j|\u2606S\ufe0fMystX\n|t:|1782872240\n|gametype|singles\n|player|p1|Anderj10|lanette|1930\n|player|p2|S\ufe0fMystX|2|1982\n|gen|9\n|tier|[Gen 9] Random Battle\n|rated|\n|rule|Species Clause: Limit one of each Pok\u00e9mon\n|rule|HP Percentage Mod: HP is shown in percentages\n|rule|Sleep Clause Mod: Limit one foe put to sleep\n|rule|Illusion Level Mod: Illusion disguises the Pok\u00e9mon's true level\n|\n|t:|1782872240\n|teamsize|p1|6\n|teamsize|p2|6\n|start\n|switch|p1a: Forretress|Forretress, L84, F|263/263\n|switch|p2a: Gouging Fire|Gouging Fire, L74|277/277\n|turn|1\n|\n|t:|1782872253\n|move|p2a: Gouging Fire|Heat Crash|p1a: Forretress\n|-supereffective|p1a: Forretress\n|-ability|p1a: Forretress|Sturdy\n|-damage|p1a: Forretress|1/263\n|move|p1a: Forretress|Stealth Rock|p2a: Gouging Fire\n|-sidestart|p2: S\ufe0fMystX|move: Stealth Rock\n|\n|-heal|p1a: Forretress|17/263|[from] item: Leftovers\n|upkeep\n|turn|2\n|inactive|Battle timer is ON: inactive players will automatically lose when time's up. (requested by S\ufe0fMystX)\n|\n|t:|1782872263\n|switch|p1a: Armarouge|Armarouge, L80, M|267/267\n|move|p2a: Gouging Fire|Heat Crash|p1a: Armarouge\n|-resisted|p1a: Armarouge\n|-damage|p1a: Armarouge|212/267\n|-ability|p1a: Armarouge|Weak Armor|boost\n|-unboost|p1a: Armarouge|def|1\n|-boost|p1a: Armarouge|spe|2\n|\n|upkeep\n|turn|3\n|\n|t:|1782872271\n|-terastallize|p2a: Gouging Fire|Ground\n|move|p1a: Armarouge|Meteor Beam||[still]\n|-prepare|p1a: Armarouge|Meteor Beam\n|-boost|p1a: Armarouge|spa|1\n|-enditem|p1a: Armarouge|Power Herb\n|-anim|p1a: Armarouge|Meteor Beam|p2a: Gouging Fire\n|-resisted|p2a: Gouging Fire\n|-damage|p2a: Gouging Fire|206/277\n|move|p2a: Gouging Fire|Earthquake|p1a: Armarouge\n|-supereffective|p1a: Armarouge\n|-damage|p1a: Armarouge|0 fnt\n|faint|p1a: Armarouge\n|\n|upkeep\n|\n|t:|1782872288\n|switch|p1a: Drifblim|Drifblim, L86, F|396/396\n|turn|4\n|\n|t:|1782872302\n|move|p1a: Drifblim|Air Slash|p2a: Gouging Fire\n|-damage|p2a: Gouging Fire|118/277\n|move|p2a: Gouging Fire|Dragon Dance|p2a: Gouging Fire\n|-boost|p2a: Gouging Fire|atk|1\n|-boost|p2a: Gouging Fire|spe|1\n|\n|upkeep\n|turn|5\n|\n|t:|1782872306\n|move|p2a: Gouging Fire|Heat Crash|p1a: Drifblim\n|-damage|p1a: Drifblim|113/396\n|-enditem|p1a: Drifblim|Sitrus Berry|[eat]\n|-heal|p1a: Drifblim|212/396|[from] item: Sitrus Berry\n|move|p1a: Drifblim|Strength Sap|p2a: Gouging Fire\n|-unboost|p2a: Gouging Fire|atk|1\n|-heal|p1a: Drifblim|396/396\n|\n|upkeep\n|turn|6\n|\n|t:|1782872313\n|move|p1a: Drifblim|Calm Mind|p1a: Drifblim\n|-boost|p1a: Drifblim|spa|1\n|-boost|p1a: Drifblim|spd|1\n|move|p2a: Gouging Fire|Dragon Dance|p2a: Gouging Fire\n|-boost|p2a: Gouging Fire|atk|1\n|-boost|p2a: Gouging Fire|spe|1\n|\n|upkeep\n|turn|7\n|\n|t:|1782872324\n|move|p1a: Drifblim|Shadow Ball|p2a: Gouging Fire\n|-damage|p2a: Gouging Fire|0 fnt\n|faint|p2a: Gouging Fire\n|-end|p2a: Gouging Fire|Protosynthesis|[silent]\n|\n|upkeep\n|\n|t:|1782872326\n|switch|p2a: Lanturn|Lanturn, L89, M|367/367\n|turn|8\n|\n|t:|1782872335\n|move|p1a: Drifblim|Calm Mind|p1a: Drifblim\n|-boost|p1a: Drifblim|spa|1\n|-boost|p1a: Drifblim|spd|1\n|move|p2a: Lanturn|Thunder Wave|p1a: Drifblim\n|-status|p1a: Drifblim|par\n|\n|upkeep\n|turn|9\n|\n|t:|1782872340\n|move|p1a: Drifblim|Calm Mind|p1a: Drifblim\n|-boost|p1a: Drifblim|spa|1\n|-boost|p1a: Drifblim|spd|1\n|move|p2a: Lanturn|Thunderbolt|p1a: Drifblim\n|-supereffective|p1a: Drifblim\n|-damage|p1a: Drifblim|294/396 par\n|\n|upkeep\n|turn|10\n|\n|t:|1782872346\n|move|p1a: Drifblim|Shadow Ball|p2a: Lanturn\n|-damage|p2a: Lanturn|144/367\n|move|p2a: Lanturn|Thunderbolt|p1a: Drifblim\n|-supereffective|p1a: Drifblim\n|-damage|p1a: Drifblim|186/396 par\n|\n|upkeep\n|turn|11\n|\n|t:|1782872351\n|move|p1a: Drifblim|Strength Sap|p2a: Lanturn\n|-unboost|p2a: Lanturn|atk|1\n|-heal|p1a: Drifblim|294/396 par\n|move|p2a: Lanturn|Thunderbolt|p1a: Drifblim\n|-supereffective|p1a: Drifblim\n|-damage|p1a: Drifblim|198/396 par\n|\n|upkeep\n|turn|12\n|\n|t:|1782872356\n|move|p1a: Drifblim|Shadow Ball|p2a: Lanturn\n|-damage|p2a: Lanturn|0 fnt\n|faint|p2a: Lanturn\n|\n|upkeep\n|\n|t:|1782872360\n|switch|p2a: Froslass|Froslass, L87, F|263/263\n|-damage|p2a: Froslass|198/263|[from] Stealth Rock\n|turn|13\n|\n|t:|1782872364\n|-terastallize|p1a: Drifblim|Steel\n|move|p2a: Froslass|Triple Axel|p1a: Drifblim\n|-resisted|p1a: Drifblim\n|-damage|p1a: Drifblim|181/396 par\n|-resisted|p1a: Drifblim\n|-damage|p1a: Drifblim|153/396 par\n|-resisted|p1a: Drifblim\n|-damage|p1a: Drifblim|105/396 par\n|-hitcount|p1a: Drifblim|3\n|move|p1a: Drifblim|Strength Sap|p2a: Froslass\n|-unboost|p2a: Froslass|atk|1\n|-heal|p1a: Drifblim|294/396 par\n|\n|upkeep\n|turn|14\n|\n|t:|1782872377\n|move|p2a: Froslass|Destiny Bond|p2a: Froslass\n|-singlemove|p2a: Froslass|Destiny Bond\n|move|p1a: Drifblim|Calm Mind|p1a: Drifblim\n|-boost|p1a: Drifblim|spa|1\n|-boost|p1a: Drifblim|spd|1\n|\n|upkeep\n|turn|15\n|\n|t:|1782872386\n|switch|p2a: Hydreigon|Hydreigon, L79, M|275/275\n|-damage|p2a: Hydreigon|241/275|[from] Stealth Rock\n|move|p1a: Drifblim|Shadow Ball|p2a: Hydreigon\n|-resisted|p2a: Hydreigon\n|-damage|p2a: Hydreigon|114/275\n|\n|upkeep\n|turn|16\n|\n|t:|1782872395\n|move|p2a: Hydreigon|Fire Blast|p1a: Drifblim\n|-supereffective|p1a: Drifblim\n|-damage|p1a: Drifblim|184/396 par\n|move|p1a: Drifblim|Air Slash|p2a: Hydreigon\n|-damage|p2a: Hydreigon|0 fnt\n|faint|p2a: Hydreigon\n|\n|upkeep\n|\n|t:|1782872399\n|switch|p2a: Gurdurr|Gurdurr, L85, M|283/283\n|-damage|p2a: Gurdurr|266/283|[from] Stealth Rock\n|turn|17\n|\n|t:|1782872404\n|move|p2a: Gurdurr|Mach Punch|p1a: Drifblim\n|-supereffective|p1a: Drifblim\n|-damage|p1a: Drifblim|32/396 par\n|move|p1a: Drifblim|Strength Sap|p2a: Gurdurr\n|-unboost|p2a: Gurdurr|atk|1\n|-heal|p1a: Drifblim|259/396 par\n|\n|upkeep\n|turn|18\n|\n|t:|1782872410\n|move|p1a: Drifblim|Air Slash|p2a: Gurdurr\n|-supereffective|p2a: Gurdurr\n|-damage|p2a: Gurdurr|0 fnt\n|faint|p2a: Gurdurr\n|\n|upkeep\n|\n|t:|1782872413\n|switch|p2a: Froslass|Froslass, L87, F|198/263\n|-damage|p2a: Froslass|133/263|[from] Stealth Rock\n|turn|19\n|\n|t:|1782872418\n|move|p2a: Froslass|Destiny Bond|p2a: Froslass\n|-singlemove|p2a: Froslass|Destiny Bond\n|cant|p1a: Drifblim|par\n|\n|upkeep\n|turn|20\n|\n|t:|1782872422\n|move|p2a: Froslass|Triple Axel|p1a: Drifblim\n|-resisted|p1a: Drifblim\n|-damage|p1a: Drifblim|243/396 par\n|-resisted|p1a: Drifblim\n|-damage|p1a: Drifblim|215/396 par\n|-resisted|p1a: Drifblim\n|-damage|p1a: Drifblim|173/396 par\n|-hitcount|p1a: Drifblim|3\n|move|p1a: Drifblim|Shadow Ball|p2a: Froslass\n|-supereffective|p2a: Froslass\n|-damage|p2a: Froslass|0 fnt\n|faint|p2a: Froslass\n|\n|upkeep\n|\n|t:|1782872424\n|switch|p2a: Calyrex|Calyrex-Shadow, L64|235/235\n|-ability|p2a: Calyrex|As One\n|-ability|p2a: Calyrex|Unnerve\n|-damage|p2a: Calyrex|206/235|[from] Stealth Rock\n|turn|21\n|\n|t:|1782872433\n|move|p2a: Calyrex|Nasty Plot|p2a: Calyrex\n|-boost|p2a: Calyrex|spa|2\n|cant|p1a: Drifblim|par\n|\n|upkeep\n|turn|22\n|\n|t:|1782872436\n|move|p2a: Calyrex|Psyshock|p1a: Drifblim\n|-resisted|p1a: Drifblim\n|-damage|p1a: Drifblim|9/396 par\n|-damage|p2a: Calyrex|183/235|[from] item: Life Orb\n|move|p1a: Drifblim|Shadow Ball|p2a: Calyrex\n|-supereffective|p2a: Calyrex\n|-damage|p2a: Calyrex|0 fnt\n|faint|p2a: Calyrex\n|\n|win|Anderj10\n|raw|Anderj10's rating: 1930 &rarr; <strong>1953</strong><br />(+23 for winning)\n|raw|S\ufe0fMystX's rating: 1982 &rarr; <strong>1959</strong><br />(-23 for losing)\n|l|\u2606S\ufe0fMystX\n|player|p2|\n|c|\u2606Anderj10|gg\n", "inputlog": ">version f8ac14003a5f27e1bdc8d8c59608a773c1cb96e5\n>start {\"formatid\":\"gen9randombattle\",\"seed\":\"sodium,9af90547073ec1badfd44e063ad3bf92\",\"rated\":\"Rated battle\"}\n>player p1 {\"name\":\"Anderj10\",\"avatar\":\"lanette\",\"rating\":1930,\"seed\":\"sodium,11c274751974745476d6159b7dcdedee\"}\n>player p2 {\"name\":\"S\ufe0fMystX\",\"avatar\":\"2\",\"rating\":1982,\"seed\":\"sodium,e2b01798a16aa0b4a1c21e45185d973e\"}\n>p1 move stealthrock\n>p2 move heatcrash\n>p1 switch 4\n>p2 move heatcrash\n>p1 move meteorbeam\n>p2 move earthquake terastallize\n>p1 switch 2\n>p1 move airslash\n>p2 move dragondance\n>p1 move strengthsap\n>p2 move heatcrash\n>p1 move calmmind\n>p2 move dragondance\n>p1 move shadowball\n>p2 move dragondance\n>p2 switch 5\n>p1 move calmmind\n>p2 move thunderwave\n>p1 move calmmind\n>p2 move thunderbolt\n>p1 move shadowball\n>p2 move thunderbolt\n>p1 move strengthsap\n>p2 move thunderbolt\n>p1 move shadowball\n>p2 move thunderbolt\n>p2 switch 3\n>p1 move strengthsap terastallize\n>p2 move tripleaxel\n>p1 move calmmind\n>p2 move destinybond\n>p1 move shadowball\n>p2 switch 4\n>p1 move airslash\n>p2 move fireblast\n>p2 switch 6\n>p1 move strengthsap\n>p2 move machpunch\n>p1 move airslash\n>p2 move defog\n>p2 switch 4\n>p1 move strengthsap\n>p2 move destinybond\n>p1 move shadowball\n>p2 move tripleaxel\n>p2 switch 2\n>p1 move shadowball\n>p2 move nastyplot\n>p1 move shadowball\n>p2 move psyshock", "uploadtime": 1782872452, "views": 7, "formatid": "gen9randombattle", "rating": 1953, "private": 0, "password": null, "player_dets": [{"name": "Anderj10", "avatar": "lanette", "rating": 1930, "seed": "sodium,11c274751974745476d6159b7dcdedee"}, {"name": "S\ufe0fMystX", "avatar": "2", "rating": 1982, "seed": "sodium,e2b01798a16aa0b4a1c21e45185d973e"}], "teams_full": [{"Forretress": {"name": "Forretress", "species": "Forretress", "speciesId": "forretress", "gender": "F", "shiny": false, "level": 84, "moves": ["bodypress", "rapidspin", "stealthrock", "ironhead"], "ability": "Sturdy", "evs": {"hp": 85, "atk": 85, "def": 85, "spa": 85, "spd": 85, "spe": 85}, "ivs": {"hp": 31, "atk": 31, "def": 31, "spa": 31, "spd": 31, "spe": 31}, "item": "Leftovers", "teraType": "Water", "role": "Bulky Attacker", "bvs": {"hp": 75, "atk": 90, "def": 140, "spa": 60, "spd": 60, "spe": 40}, "stats": {"hp": 263, "atk": 199, "def": 283, "spa": 149, "spd": 149, "spe": 115}, "types": ["Bug", "Steel"]}, "Drifblim": {"name": "Drifblim", "species": "Drifblim", "speciesId": "drifblim", "gender": "F", "shiny": false, "level": 86, "moves": ["airslash", "strengthsap", "shadowball", "calmmind"], "ability": "Unburden", "evs": {"hp": 73, "atk": 0, "def": 85, "spa": 85, "spd": 85, "spe": 85}, "ivs": {"hp": 31, "atk": 0, "def": 31, "spa": 31, "spd": 31, "spe": 31}, "item": "Sitrus Berry", "teraType": "Steel", "role": "Bulky Attacker", "bvs": {"hp": 150, "atk": 80, "def": 44, "spa": 90, "spd": 54, "spe": 80}, "stats": {"hp": 396, "atk": 142, "def": 125, "spa": 204, "spd": 142, "spe": 187}, "types": ["Ghost", "Flying"]}, "Flutter Mane": {"name": "Flutter Mane", "species": "Flutter Mane", "speciesId": "fluttermane", "gender": "N", "shiny": false, "level": 74, "moves": ["moonblast", "psyshock", "thunderbolt", "shadowball"], "ability": "Protosynthesis", "evs": {"hp": 85, "atk": 0, "def": 85, "spa": 85, "spd": 85, "spe": 85}, "ivs": {"hp": 31, "atk": 0, "def": 31, "spa": 31, "spd": 31, "spe": 31}, "item": "Choice Specs", "teraType": "Fairy", "role": "Wallbreaker", "bvs": {"hp": 55, "atk": 55, "def": 55, "spa": 135, "spd": 135, "spe": 135}, "stats": {"hp": 203, "atk": 86, "def": 124, "spa": 243, "spd": 243, "spe": 243}, "types": ["Ghost", "Fairy"]}, "Armarouge": {"name": "Armarouge", "species": "Armarouge", "speciesId": "armarouge", "gender": "M", "shiny": false, "level": 80, "moves": ["armorcannon", "energyball", "psyshock", "meteorbeam"], "ability": "Weak Armor", "evs": {"hp": 85, "atk": 0, "def": 85, "spa": 85, "spd": 85, "spe": 85}, "ivs": {"hp": 31, "atk": 0, "def": 31, "spa": 31, "spd": 31, "spe": 31}, "item": "Power Herb", "teraType": "Grass", "role": "Setup Sweeper", "bvs": {"hp": 85, "atk": 60, "def": 100, "spa": 125, "spd": 80, "spe": 75}, "stats": {"hp": 267, "atk": 101, "def": 206, "spa": 246, "spd": 174, "spe": 166}, "types": ["Fire", "Psychic"]}, "Squawkabilly": {"name": "Squawkabilly", "species": "Squawkabilly", "speciesId": "squawkabilly", "gender": "F", "shiny": false, "level": 85, "moves": ["bravebird", "uturn", "quickattack", "facade"], "ability": "Guts", "evs": {"hp": 85, "atk": 85, "def": 85, "spa": 85, "spd": 85, "spe": 85}, "ivs": {"hp": 31, "atk": 31, "def": 31, "spa": 31, "spd": 31, "spe": 31}, "item": "Flame Orb", "teraType": "Normal", "role": "Wallbreaker", "bvs": {"hp": 82, "atk": 96, "def": 51, "spa": 45, "spd": 51, "spe": 92}, "stats": {"hp": 278, "atk": 212, "def": 135, "spa": 125, "spd": 135, "spe": 205}, "types": ["Normal", "Flying"]}, "Chesnaught": {"name": "Chesnaught", "species": "Chesnaught", "speciesId": "chesnaught", "gender": "F", "shiny": false, "level": 84, "moves": ["knockoff", "synthesis", "bodypress", "woodhammer"], "ability": "Bulletproof", "evs": {"hp": 85, "atk": 85, "def": 85, "spa": 85, "spd": 85, "spe": 85}, "ivs": {"hp": 31, "atk": 31, "def": 31, "spa": 31, "spd": 31, "spe": 31}, "item": "Leftovers", "teraType": "Water", "role": "Bulky Support", "bvs": {"hp": 88, "atk": 107, "def": 122, "spa": 74, "spd": 75, "spe": 64}, "stats": {"hp": 285, "atk": 228, "def": 253, "spa": 173, "spd": 174, "spe": 156}, "types": ["Grass", "Fighting"]}}, {"Gouging Fire": {"name": "Gouging Fire", "species": "Gouging Fire", "speciesId": "gougingfire", "gender": "N", "shiny": false, "level": 74, "moves": ["dragondance", "heatcrash", "earthquake", "outrage"], "ability": "Protosynthesis", "evs": {"hp": 85, "atk": 85, "def": 85, "spa": 85, "spd": 85, "spe": 85}, "ivs": {"hp": 31, "atk": 31, "def": 31, "spa": 31, "spd": 31, "spe": 31}, "item": "Heavy-Duty Boots", "teraType": "Ground", "role": "Setup Sweeper", "bvs": {"hp": 105, "atk": 115, "def": 121, "spa": 65, "spd": 93, "spe": 91}, "stats": {"hp": 277, "atk": 213, "def": 222, "spa": 139, "spd": 181, "spe": 178}, "types": ["Fire", "Dragon"]}, "Calyrex": {"name": "Calyrex", "species": "Calyrex-Shadow", "speciesId": "calyrexshadow", "gender": "N", "shiny": false, "level": 64, "moves": ["pollenpuff", "nastyplot", "psyshock", "astralbarrage"], "ability": "As One (Spectrier)", "evs": {"hp": 85, "atk": 0, "def": 85, "spa": 85, "spd": 85, "spe": 85}, "ivs": {"hp": 31, "atk": 0, "def": 31, "spa": 31, "spd": 31, "spe": 31}, "item": "Life Orb", "teraType": "Ghost", "role": "Fast Attacker", "bvs": {"hp": 100, "atk": 85, "def": 80, "spa": 165, "spd": 100, "spe": 150}, "stats": {"hp": 235, "atk": 113, "def": 140, "spa": 249, "spd": 166, "spe": 230}, "types": ["Psychic", "Ghost"]}, "Froslass": {"name": "Froslass", "species": "Froslass", "speciesId": "froslass", "gender": "F", "shiny": false, "level": 87, "moves": ["destinybond", "poltergeist", "tripleaxel", "willowisp"], "ability": "Cursed Body", "evs": {"hp": 81, "atk": 85, "def": 85, "spa": 85, "spd": 85, "spe": 85}, "ivs": {"hp": 31, "atk": 31, "def": 31, "spa": 31, "spd": 31, "spe": 31}, "item": "Wide Lens", "teraType": "Ghost", "role": "Fast Support", "bvs": {"hp": 70, "atk": 80, "def": 70, "spa": 80, "spd": 70, "spe": 110}, "stats": {"hp": 263, "atk": 189, "def": 172, "spa": 189, "spd": 172, "spe": 241}, "types": ["Ice", "Ghost"]}, "Hydreigon": {"name": "Hydreigon", "species": "Hydreigon", "speciesId": "hydreigon", "gender": "M", "shiny": false, "level": 79, "moves": ["darkpulse", "uturn", "dracometeor", "fireblast"], "ability": "Levitate", "evs": {"hp": 85, "atk": 85, "def": 85, "spa": 85, "spd": 85, "spe": 85}, "ivs": {"hp": 31, "atk": 31, "def": 31, "spa": 31, "spd": 31, "spe": 31}, "item": "Choice Specs", "teraType": "Fire", "role": "Fast Attacker", "bvs": {"hp": 92, "atk": 105, "def": 90, "spa": 125, "spd": 90, "spe": 98}, "stats": {"hp": 275, "atk": 211, "def": 188, "spa": 243, "spd": 188, "spe": 200}, "types": ["Dark", "Dragon"]}, "Lanturn": {"name": "Lanturn", "species": "Lanturn", "speciesId": "lanturn", "gender": "M", "shiny": false, "level": 89, "moves": ["voltswitch", "thunderbolt", "thunderwave", "scald"], "ability": "Volt Absorb", "evs": {"hp": 85, "atk": 0, "def": 85, "spa": 85, "spd": 85, "spe": 85}, "ivs": {"hp": 31, "atk": 0, "def": 31, "spa": 31, "spd": 31, "spe": 31}, "item": "Heavy-Duty Boots", "teraType": "Flying", "role": "Fast Support", "bvs": {"hp": 125, "atk": 58, "def": 58, "spa": 76, "spd": 76, "spe": 67}, "stats": {"hp": 367, "atk": 108, "def": 154, "spa": 186, "spd": 186, "spe": 170}, "types": ["Water", "Electric"]}, "Gurdurr": {"name": "Gurdurr", "species": "Gurdurr", "speciesId": "gurdurr", "gender": "M", "shiny": false, "level": 85, "moves": ["drainpunch", "defog", "knockoff", "machpunch"], "ability": "Guts", "evs": {"hp": 85, "atk": 85, "def": 85, "spa": 85, "spd": 85, "spe": 85}, "ivs": {"hp": 31, "atk": 31, "def": 31, "spa": 31, "spd": 31, "spe": 31}, "item": "Eviolite", "teraType": "Steel", "role": "Bulky Attacker", "bvs": {"hp": 85, "atk": 105, "def": 85, "spa": 40, "spd": 50, "spe": 40}, "stats": {"hp": 283, "atk": 227, "def": 193, "spa": 117, "spd": 134, "spe": 117}, "types": ["Fighting"]}}]}