{"id": "gen9randombattle-2641849163", "format": "[Gen 9] Random Battle", "players": ["Thegoat1109", "fawkbatman"], "log": "|j|\u2606Thegoat1109\n|j|\u2606fawkbatman\n|t:|1782849261\n|gametype|singles\n|player|p1|Thegoat1109|2|1217\n|player|p2|fawkbatman|dragontamer|1223\n|gen|9\n|tier|[Gen 9] Random Battle\n|rated|\n|rule|Species Clause: Limit one of each Pok\u00e9mon\n|rule|HP Percentage Mod: HP is shown in percentages\n|rule|Sleep Clause Mod: Limit one foe put to sleep\n|rule|Illusion Level Mod: Illusion disguises the Pok\u00e9mon's true level\n|\n|t:|1782849261\n|teamsize|p1|6\n|teamsize|p2|6\n|start\n|switch|p1a: Flapple|Flapple, L88, M|266/266\n|switch|p2a: Raichu|Raichu, L88, M|249/249\n|turn|1\n|inactive|Battle timer is ON: inactive players will automatically lose when time's up. (requested by fawkbatman)\n|\n|t:|1782849287\n|move|p2a: Raichu|Nuzzle|p1a: Flapple\n|-resisted|p1a: Flapple\n|-damage|p1a: Flapple|260/266\n|-status|p1a: Flapple|par\n|cant|p1a: Flapple|par\n|\n|upkeep\n|turn|2\n|\n|t:|1782849305\n|move|p2a: Raichu|Focus Blast|p1a: Flapple\n|-damage|p1a: Flapple|145/266 par\n|move|p1a: Flapple|Outrage|p2a: Raichu\n|-damage|p2a: Raichu|0 fnt\n|faint|p2a: Raichu\n|\n|upkeep\n|\n|t:|1782849314\n|switch|p2a: Alcremie|Alcremie-Caramel-Swirl, L90, F|263/263\n|turn|3\n|\n|t:|1782849318\n|move|p2a: Alcremie|Calm Mind|p2a: Alcremie\n|-boost|p2a: Alcremie|spa|1\n|-boost|p2a: Alcremie|spd|1\n|move|p1a: Flapple|Outrage|p2a: Alcremie|[from] lockedmove\n|-immune|p2a: Alcremie\n|\n|upkeep\n|turn|4\n|\n|t:|1782849342\n|switch|p1a: Azumarill|Azumarill, L82, F|298/298\n|move|p2a: Alcremie|Calm Mind|p2a: Alcremie\n|-boost|p2a: Alcremie|spa|1\n|-boost|p2a: Alcremie|spd|1\n|\n|upkeep\n|turn|5\n|\n|t:|1782849357\n|move|p2a: Alcremie|Psyshock|p1a: Azumarill\n|-damage|p1a: Azumarill|152/298\n|move|p1a: Azumarill|Liquidation|p2a: Alcremie\n|-damage|p2a: Alcremie|101/263\n|\n|-heal|p2a: Alcremie|117/263|[from] item: Leftovers\n|upkeep\n|turn|6\n|\n|t:|1782849367\n|move|p2a: Alcremie|Psyshock|p1a: Azumarill\n|-damage|p1a: Azumarill|0 fnt\n|faint|p1a: Azumarill\n|\n|-heal|p2a: Alcremie|133/263|[from] item: Leftovers\n|upkeep\n|\n|t:|1782849378\n|switch|p1a: Exeggutor|Exeggutor, L89, F|312/312\n|turn|7\n|\n|t:|1782849390\n|move|p2a: Alcremie|Alluring Voice|p1a: Exeggutor\n|-damage|p1a: Exeggutor|77/312\n|-enditem|p1a: Exeggutor|Sitrus Berry|[eat]\n|-heal|p1a: Exeggutor|155/312|[from] item: Sitrus Berry\n|move|p1a: Exeggutor|Leech Seed|p2a: Alcremie\n|-start|p2a: Alcremie|move: Leech Seed\n|\n|-heal|p2a: Alcremie|149/263|[from] item: Leftovers\n|-damage|p2a: Alcremie|117/263|[from] Leech Seed|[of] p1a: Exeggutor\n|-heal|p1a: Exeggutor|187/312|[silent]\n|-item|p1a: Exeggutor|Sitrus Berry|[from] ability: Harvest\n|upkeep\n|turn|8\n|\n|t:|1782849403\n|move|p1a: Exeggutor|Protect|p1a: Exeggutor\n|-singleturn|p1a: Exeggutor|Protect\n|move|p2a: Alcremie|Recover|p2a: Alcremie\n|-heal|p2a: Alcremie|249/263\n|\n|-heal|p2a: Alcremie|263/263|[from] item: Leftovers\n|-damage|p2a: Alcremie|231/263|[from] Leech Seed|[of] p1a: Exeggutor\n|-heal|p1a: Exeggutor|219/312|[silent]\n|upkeep\n|turn|9\n|\n|t:|1782849419\n|-terastallize|p1a: Exeggutor|Steel\n|move|p2a: Alcremie|Alluring Voice|p1a: Exeggutor\n|-resisted|p1a: Exeggutor\n|-damage|p1a: Exeggutor|114/312\n|-enditem|p1a: Exeggutor|Sitrus Berry|[eat]\n|-heal|p1a: Exeggutor|192/312|[from] item: Sitrus Berry\n|move|p1a: Exeggutor|Psychic Noise|p2a: Alcremie\n|-damage|p2a: Alcremie|194/263\n|-block|p2a: Alcremie|ability: Aroma Veil|[of] p2a: Alcremie\n|\n|-heal|p2a: Alcremie|210/263|[from] item: Leftovers\n|-damage|p2a: Alcremie|178/263|[from] Leech Seed|[of] p1a: Exeggutor\n|-heal|p1a: Exeggutor|224/312|[silent]\n|upkeep\n|turn|10\n|\n|t:|1782849436\n|move|p2a: Alcremie|Calm Mind|p2a: Alcremie\n|-boost|p2a: Alcremie|spa|1\n|-boost|p2a: Alcremie|spd|1\n|move|p1a: Exeggutor|Substitute|p1a: Exeggutor\n|-start|p1a: Exeggutor|Substitute\n|-damage|p1a: Exeggutor|146/312\n|\n|-heal|p2a: Alcremie|194/263|[from] item: Leftovers\n|-damage|p2a: Alcremie|162/263|[from] Leech Seed|[of] p1a: Exeggutor\n|-heal|p1a: Exeggutor|178/312|[silent]\n|-item|p1a: Exeggutor|Sitrus Berry|[from] ability: Harvest\n|upkeep\n|turn|11\n|inactive|Thegoat1109 has 120 seconds left.\n|\n|t:|1782849457\n|switch|p1a: Volbeat|Volbeat, L90, M|263/263\n|move|p2a: Alcremie|Calm Mind|p2a: Alcremie\n|-boost|p2a: Alcremie|spa|1\n|-boost|p2a: Alcremie|spd|1\n|\n|-heal|p2a: Alcremie|178/263|[from] item: Leftovers\n|-damage|p2a: Alcremie|146/263|[from] Leech Seed|[of] p1a: Volbeat\n|upkeep\n|turn|12\n|inactive|Thegoat1109 has 120 seconds left.\n|\n|t:|1782849468\n|move|p1a: Volbeat|Thunder Wave|p2a: Alcremie\n|-status|p2a: Alcremie|par\n|move|p2a: Alcremie|Psyshock|p1a: Volbeat\n|-damage|p1a: Volbeat|30/263\n|\n|-heal|p2a: Alcremie|162/263 par|[from] item: Leftovers\n|-damage|p2a: Alcremie|130/263 par|[from] Leech Seed|[of] p1a: Volbeat\n|-heal|p1a: Volbeat|62/263|[silent]\n|upkeep\n|turn|13\n|inactive|Thegoat1109 has 120 seconds left.\n|\n|t:|1782849483\n|move|p1a: Volbeat|Roost|p1a: Volbeat\n|-heal|p1a: Volbeat|194/263\n|-singleturn|p1a: Volbeat|move: Roost\n|move|p2a: Alcremie|Psyshock|p1a: Volbeat\n|-damage|p1a: Volbeat|0 fnt\n|faint|p1a: Volbeat\n|\n|-heal|p2a: Alcremie|146/263 par|[from] item: Leftovers\n|upkeep\n|inactive|Thegoat1109 has 120 seconds left.\n|\n|t:|1782849490\n|switch|p1a: Honchkrow|Honchkrow, L86, M|312/312\n|turn|14\n|\n|t:|1782849498\n|move|p1a: Honchkrow|Brave Bird|p2a: Alcremie\n|-damage|p2a: Alcremie|0 fnt\n|faint|p2a: Alcremie\n|-ability|p1a: Honchkrow|Moxie|boost\n|-boost|p1a: Honchkrow|atk|1\n|-damage|p1a: Honchkrow|264/312|[from] Recoil\n|\n|upkeep\n|inactive|fawkbatman has 120 seconds left.\n|\n|t:|1782849530\n|switch|p2a: Barraskewda|Barraskewda, L81, F|231/231\n|turn|15\n|\n|t:|1782849539\n|move|p2a: Barraskewda|Waterfall|p1a: Honchkrow\n|-damage|p1a: Honchkrow|71/312\n|move|p1a: Honchkrow|Thunder Wave|p2a: Barraskewda\n|-status|p2a: Barraskewda|par\n|\n|upkeep\n|turn|16\n|\n|t:|1782849547\n|move|p1a: Honchkrow|Brave Bird|p2a: Barraskewda\n|-damage|p2a: Barraskewda|0 fnt\n|faint|p2a: Barraskewda\n|-ability|p1a: Honchkrow|Moxie|boost\n|-boost|p1a: Honchkrow|atk|1\n|-damage|p1a: Honchkrow|0 fnt|[from] Recoil\n|faint|p1a: Honchkrow\n|\n|upkeep\n|\n|t:|1782849561\n|switch|p2a: Skuntank|Skuntank, L84, M|310/310\n|switch|p1a: Exeggutor|Exeggutor, L89, F, tera:Steel|178/312\n|turn|17\n|\n|t:|1782849568\n|move|p2a: Skuntank|Taunt|p1a: Exeggutor\n|-start|p1a: Exeggutor|move: Taunt\n|cant|p1a: Exeggutor|move: Taunt|Leech Seed\n|\n|upkeep\n|turn|18\n|\n|t:|1782849578\n|switch|p1a: Pyroar|Pyroar, L88, M|295/295\n|-ability|p1a: Pyroar|Unnerve\n|move|p2a: Skuntank|Knock Off|p1a: Pyroar\n|-damage|p1a: Pyroar|183/295\n|-enditem|p1a: Pyroar|Heavy-Duty Boots|[from] move: Knock Off|[of] p2a: Skuntank\n|\n|upkeep\n|turn|19\n|\n|t:|1782849594\n|move|p1a: Pyroar|Hyper Voice|p2a: Skuntank\n|-damage|p2a: Skuntank|165/310\n|move|p2a: Skuntank|Gunk Shot|p1a: Pyroar\n|-damage|p1a: Pyroar|53/295\n|\n|-heal|p2a: Skuntank|184/310|[from] item: Leftovers\n|upkeep\n|turn|20\n|\n|t:|1782849604\n|move|p1a: Pyroar|Fire Blast|p2a: Skuntank\n|-damage|p2a: Skuntank|0 fnt\n|faint|p2a: Skuntank\n|\n|upkeep\n|\n|t:|1782849609\n|switch|p2a: Golurk|Golurk, L87|297/297\n|turn|21\n|\n|t:|1782849618\n|move|p1a: Pyroar|Dark Pulse|p2a: Golurk\n|-supereffective|p2a: Golurk\n|-damage|p2a: Golurk|153/297\n|cant|p2a: Golurk|flinch\n|\n|upkeep\n|turn|22\n|\n|t:|1782849629\n|move|p1a: Pyroar|Dark Pulse|p2a: Golurk\n|-supereffective|p2a: Golurk\n|-damage|p2a: Golurk|7/297\n|cant|p2a: Golurk|flinch\n|\n|upkeep\n|turn|23\n|\n|t:|1782849637\n|move|p1a: Pyroar|Dark Pulse|p2a: Golurk\n|-supereffective|p2a: Golurk\n|-damage|p2a: Golurk|0 fnt\n|faint|p2a: Golurk\n|\n|upkeep\n|\n|t:|1782849643\n|switch|p2a: Meloetta|Meloetta, L82|298/298\n|turn|24\n|\n|t:|1782849651\n|move|p1a: Pyroar|Dark Pulse|p2a: Meloetta\n|-supereffective|p2a: Meloetta\n|-damage|p2a: Meloetta|186/298\n|move|p2a: Meloetta|Relic Song|p1a: Pyroar\n|-damage|p1a: Pyroar|0 fnt\n|faint|p1a: Pyroar\n|-formechange|p2a: Meloetta|Meloetta-Pirouette|[msg]\n|-damage|p2a: Meloetta|157/298|[from] item: Life Orb\n|\n|upkeep\n|\n|t:|1782849663\n|switch|p1a: Exeggutor|Exeggutor, L89, F, tera:Steel|178/312\n|turn|25\n|\n|t:|1782849669\n|move|p2a: Meloetta|Close Combat|p1a: Exeggutor\n|-supereffective|p1a: Exeggutor\n|-crit|p1a: Exeggutor\n|-damage|p1a: Exeggutor|0 fnt\n|-unboost|p2a: Meloetta|def|1\n|-unboost|p2a: Meloetta|spd|1\n|faint|p1a: Exeggutor\n|-damage|p2a: Meloetta|128/298|[from] item: Life Orb\n|\n|upkeep\n|\n|t:|1782849673\n|switch|p1a: Flapple|Flapple, L88, M|145/266 par\n|turn|26\n|\n|t:|1782849683\n|-terastallize|p2a: Meloetta|Dark\n|move|p2a: Meloetta|Triple Axel|p1a: Flapple\n|-supereffective|p1a: Flapple\n|-damage|p1a: Flapple|57/266 par\n|-supereffective|p1a: Flapple\n|-damage|p1a: Flapple|0 fnt\n|faint|p1a: Flapple\n|-hitcount|p1: Flapple|2\n|-damage|p2a: Meloetta|99/298|[from] item: Life Orb\n|\n|win|fawkbatman\n|raw|Thegoat1109's rating: 1217 &rarr; <strong>1192</strong><br />(-25 for losing)\n|raw|fawkbatman's rating: 1223 &rarr; <strong>1248</strong><br />(+25 for winning)\n|l|\u2606Thegoat1109\n|player|p1|\n", "inputlog": ">version f8ac14003a5f27e1bdc8d8c59608a773c1cb96e5\n>start {\"formatid\":\"gen9randombattle\",\"seed\":\"sodium,93eb7de9e9a243c322e531f9ae28951a\",\"rated\":\"Rated battle\"}\n>player p1 {\"name\":\"Thegoat1109\",\"avatar\":\"2\",\"rating\":1217,\"seed\":\"sodium,44cef5379bcc3f3c49b525b4e95a9d9d\"}\n>player p2 {\"name\":\"fawkbatman\",\"avatar\":\"dragontamer\",\"rating\":1223,\"seed\":\"sodium,58fd32137f3d6cdbe0baad903f497137\"}\n>p1 move outrage\n>p2 move nuzzle\n>p1 move outrage\n>p2 move focusblast\n>p2 switch 3\n>p1 move outrage\n>p2 move calmmind\n>p1 switch 4\n>p2 move calmmind\n>p1 move liquidation\n>p2 move psyshock\n>p1 move liquidation\n>p2 move psyshock\n>p1 switch 3\n>p1 move leechseed\n>p2 move alluringvoice\n>p1 move protect\n>p2 move recover\n>p1 move psychicnoise terastallize\n>p2 move alluringvoice\n>p1 move substitute\n>p2 move calmmind\n>p1 switch 6\n>p2 move calmmind\n>p1 move thunderwave\n>p2 move psyshock\n>p1 move roost\n>p2 move psyshock\n>p1 switch 5\n>p1 move bravebird\n>p2 move alluringvoice\n>p2 switch 5\n>p1 move thunderwave\n>p2 move waterfall\n>p1 move bravebird\n>p2 move waterfall\n>p1 switch 6\n>p2 switch 2\n>p1 move leechseed\n>p2 move taunt\n>p1 switch 2\n>p2 move knockoff\n>p1 move hypervoice\n>p2 move gunkshot\n>p1 move fireblast\n>p2 move gunkshot\n>p2 switch 6\n>p1 move darkpulse\n>p2 move earthquake\n>p1 move darkpulse\n>p2 move earthquake\n>p1 move darkpulse\n>p2 move earthquake\n>p2 switch 4\n>p1 move darkpulse\n>p2 move relicsong\n>p1 switch 2\n>p1 move psychicnoise\n>p2 move closecombat\n>p1 switch 4\n>p1 move outrage\n>p2 move tripleaxel terastallize", "uploadtime": 1782849693, "views": 17, "formatid": "gen9randombattle", "rating": 1192, "private": 0, "password": null, "player_dets": [{"name": "Thegoat1109", "avatar": "2", "rating": 1217, "seed": "sodium,44cef5379bcc3f3c49b525b4e95a9d9d"}, {"name": "fawkbatman", "avatar": "dragontamer", "rating": 1223, "seed": "sodium,58fd32137f3d6cdbe0baad903f497137"}], "teams_full": [{"Flapple": {"name": "Flapple", "species": "Flapple", "speciesId": "flapple", "gender": "M", "shiny": false, "level": 88, "moves": ["uturn", "gravapple", "suckerpunch", "outrage"], "ability": "Hustle", "evs": {"hp": 85, "atk": 85, "def": 85, "spa": 85, "spd": 85, "spe": 85}, "ivs": {"hp": 31, "atk": 31, "def": 31, "spa": 31, "spd": 31, "spe": 31}, "item": "Choice Band", "teraType": "Dragon", "role": "Fast Attacker", "bvs": {"hp": 70, "atk": 110, "def": 80, "spa": 95, "spd": 60, "spe": 70}, "stats": {"hp": 266, "atk": 244, "def": 191, "spa": 217, "spd": 156, "spe": 173}, "types": ["Grass", "Dragon"]}, "Pyroar": {"name": "Pyroar", "species": "Pyroar", "speciesId": "pyroar", "gender": "M", "shiny": false, "level": 88, "moves": ["fireblast", "hypervoice", "darkpulse", "taunt"], "ability": "Unnerve", "evs": {"hp": 85, "atk": 0, "def": 85, "spa": 85, "spd": 85, "spe": 85}, "ivs": {"hp": 31, "atk": 0, "def": 31, "spa": 31, "spd": 31, "spe": 31}, "item": "Heavy-Duty Boots", "teraType": "Fire", "role": "Fast Attacker", "bvs": {"hp": 86, "atk": 68, "def": 72, "spa": 109, "spd": 66, "spe": 106}, "stats": {"hp": 295, "atk": 124, "def": 177, "spa": 242, "spd": 166, "spe": 237}, "types": ["Fire", "Normal"]}, "Exeggutor": {"name": "Exeggutor", "species": "Exeggutor", "speciesId": "exeggutor", "gender": "F", "shiny": false, "level": 89, "moves": ["protect", "substitute", "psychicnoise", "leechseed"], "ability": "Harvest", "evs": {"hp": 77, "atk": 0, "def": 85, "spa": 85, "spd": 85, "spe": 85}, "ivs": {"hp": 31, "atk": 0, "def": 31, "spa": 31, "spd": 31, "spe": 31}, "item": "Sitrus Berry", "teraType": "Steel", "role": "Bulky Attacker", "bvs": {"hp": 95, "atk": 95, "def": 85, "spa": 125, "spd": 75, "spe": 55}, "stats": {"hp": 312, "atk": 174, "def": 202, "spa": 273, "spd": 184, "spe": 149}, "types": ["Grass", "Psychic"]}, "Azumarill": {"name": "Azumarill", "species": "Azumarill", "speciesId": "azumarill", "gender": "F", "shiny": false, "level": 82, "moves": ["liquidation", "knockoff", "aquajet", "playrough"], "ability": "Huge Power", "evs": {"hp": 85, "atk": 85, "def": 85, "spa": 85, "spd": 85, "spe": 85}, "ivs": {"hp": 31, "atk": 31, "def": 31, "spa": 31, "spd": 31, "spe": 31}, "item": "Choice Band", "teraType": "Water", "role": "Bulky Attacker", "bvs": {"hp": 100, "atk": 50, "def": 80, "spa": 60, "spd": 80, "spe": 50}, "stats": {"hp": 298, "atk": 129, "def": 178, "spa": 146, "spd": 178, "spe": 129}, "types": ["Water", "Fairy"]}, "Honchkrow": {"name": "Honchkrow", "species": "Honchkrow", "speciesId": "honchkrow", "gender": "M", "shiny": false, "level": 86, "moves": ["bravebird", "suckerpunch", "thunderwave", "lashout"], "ability": "Moxie", "evs": {"hp": 85, "atk": 85, "def": 85, "spa": 85, "spd": 85, "spe": 85}, "ivs": {"hp": 31, "atk": 31, "def": 31, "spa": 31, "spd": 31, "spe": 31}, "item": "Heavy-Duty Boots", "teraType": "Flying", "role": "Wallbreaker", "bvs": {"hp": 100, "atk": 125, "def": 52, "spa": 105, "spd": 52, "spe": 71}, "stats": {"hp": 312, "atk": 264, "def": 139, "spa": 230, "spd": 139, "spe": 171}, "types": ["Dark", "Flying"]}, "Volbeat": {"name": "Volbeat", "species": "Volbeat", "speciesId": "volbeat", "gender": "M", "shiny": false, "level": 90, "moves": ["roost", "encore", "lunge", "thunderwave"], "ability": "Prankster", "evs": {"hp": 85, "atk": 85, "def": 85, "spa": 85, "spd": 85, "spe": 85}, "ivs": {"hp": 31, "atk": 31, "def": 31, "spa": 31, "spd": 31, "spe": 31}, "item": "Heavy-Duty Boots", "teraType": "Water", "role": "Bulky Attacker", "bvs": {"hp": 65, "atk": 73, "def": 75, "spa": 47, "spd": 85, "spe": 85}, "stats": {"hp": 263, "atk": 183, "def": 186, "spa": 136, "spd": 204, "spe": 204}, "types": ["Bug"]}}, {"Raichu": {"name": "Raichu", "species": "Raichu", "speciesId": "raichu", "gender": "M", "shiny": false, "level": 88, "moves": ["thunderbolt", "focusblast", "grassknot", "nuzzle"], "ability": "Lightning Rod", "evs": {"hp": 85, "atk": 85, "def": 85, "spa": 85, "spd": 85, "spe": 85}, "ivs": {"hp": 31, "atk": 31, "def": 31, "spa": 31, "spd": 31, "spe": 31}, "item": "Assault Vest", "teraType": "Grass", "role": "Fast Support", "bvs": {"hp": 60, "atk": 90, "def": 55, "spa": 90, "spd": 80, "spe": 110}, "stats": {"hp": 249, "atk": 209, "def": 147, "spa": 209, "spd": 191, "spe": 244}, "types": ["Electric"]}, "Skuntank": {"name": "Skuntank", "species": "Skuntank", "speciesId": "skuntank", "gender": "M", "shiny": false, "level": 84, "moves": ["knockoff", "taunt", "gunkshot", "toxicspikes"], "ability": "Aftermath", "evs": {"hp": 85, "atk": 85, "def": 85, "spa": 85, "spd": 85, "spe": 85}, "ivs": {"hp": 31, "atk": 31, "def": 31, "spa": 31, "spd": 31, "spe": 31}, "item": "Leftovers", "teraType": "Poison", "role": "Fast Support", "bvs": {"hp": 103, "atk": 93, "def": 67, "spa": 71, "spd": 61, "spe": 84}, "stats": {"hp": 310, "atk": 204, "def": 161, "spa": 167, "spd": 151, "spe": 189}, "types": ["Poison", "Dark"]}, "Alcremie": {"name": "Alcremie", "species": "Alcremie-Caramel-Swirl", "speciesId": "alcremie", "gender": "F", "shiny": false, "level": 90, "moves": ["psyshock", "recover", "calmmind", "alluringvoice"], "ability": "Aroma Veil", "evs": {"hp": 85, "atk": 0, "def": 85, "spa": 85, "spd": 85, "spe": 85}, "ivs": {"hp": 31, "atk": 0, "def": 31, "spa": 31, "spd": 31, "spe": 31}, "item": "Leftovers", "teraType": "Poison", "role": "Bulky Setup", "bvs": {"hp": 65, "atk": 60, "def": 75, "spa": 110, "spd": 121, "spe": 64}, "stats": {"hp": 263, "atk": 113, "def": 186, "spa": 249, "spd": 269, "spe": 167}, "types": ["Fairy"]}, "Meloetta": {"name": "Meloetta", "species": "Meloetta", "speciesId": "meloetta", "gender": "N", "shiny": false, "level": 82, "moves": ["knockoff", "tripleaxel", "relicsong", "closecombat"], "ability": "Serene Grace", "evs": {"hp": 85, "atk": 85, "def": 85, "spa": 85, "spd": 85, "spe": 85}, "ivs": {"hp": 31, "atk": 31, "def": 31, "spa": 31, "spd": 31, "spe": 31}, "item": "Life Orb", "teraType": "Dark", "role": "Wallbreaker", "bvs": {"hp": 100, "atk": 77, "def": 77, "spa": 128, "spd": 128, "spe": 90}, "stats": {"hp": 298, "atk": 173, "def": 173, "spa": 257, "spd": 257, "spe": 195}, "types": ["Normal", "Psychic"]}, "Barraskewda": {"name": "Barraskewda", "species": "Barraskewda", "speciesId": "barraskewda", "gender": "F", "shiny": false, "level": 81, "moves": ["psychicfangs", "closecombat", "waterfall", "flipturn"], "ability": "Swift Swim", "evs": {"hp": 85, "atk": 85, "def": 85, "spa": 85, "spd": 85, "spe": 85}, "ivs": {"hp": 31, "atk": 31, "def": 31, "spa": 31, "spd": 31, "spe": 31}, "item": "Choice Band", "teraType": "Fighting", "role": "Wallbreaker", "bvs": {"hp": 61, "atk": 123, "def": 60, "spa": 60, "spd": 50, "spe": 136}, "stats": {"hp": 231, "atk": 246, "def": 144, "spa": 144, "spd": 128, "spe": 267}, "types": ["Water"]}, "Golurk": {"name": "Golurk", "species": "Golurk", "speciesId": "golurk", "gender": "N", "shiny": false, "level": 87, "moves": ["earthquake", "stoneedge", "poltergeist", "dynamicpunch"], "ability": "No Guard", "evs": {"hp": 85, "atk": 85, "def": 85, "spa": 85, "spd": 85, "spe": 85}, "ivs": {"hp": 31, "atk": 31, "def": 31, "spa": 31, "spd": 31, "spe": 31}, "item": "Choice Band", "teraType": "Ghost", "role": "Wallbreaker", "bvs": {"hp": 89, "atk": 124, "def": 80, "spa": 55, "spd": 80, "spe": 55}, "stats": {"hp": 297, "atk": 266, "def": 189, "spa": 145, "spd": 189, "spe": 145}, "types": ["Ground", "Ghost"]}}]}