{"id": "gen9randombattle-2641660521", "format": "[Gen 9] Random Battle", "players": ["fp rando bats", "MichaelderBeste2"], "log": "|badge|p2|silver|gen9randombattle|30-9\n|html|<div class=\"broadcast-red\"><strong>This battle is required to be public due to one or more player having a season medal.</strong><br />During the public phase, you can discuss the state of the ladder <a href=\"/seasondiscussion\">in a special chatroom.</a></div>\n|uhtml|medal-msg|<div class=\"broadcast-blue\">Curious what those medals under the avatar are? PS now has Ladder Seasons! For more information, check out the <a href=\"https://www.smogon.com/forums/threads/3740067/\">thread on Smogon.</a></div>\n|raw|<div class=\"broadcast-blue\"><strong>This battle is required to be public due to a player having a name starting with 'medal'.</div>\n|j|\u2606fp rando bats\n|j|\u2606MichaelderBeste2\n|t:|1782826358\n|gametype|singles\n|player|p1|fp rando bats|#ssclikartanas|2176\n|player|p2|MichaelderBeste2|#wcop2026germany|2473\n|gen|9\n|tier|[Gen 9] Random Battle\n|rated|\n|rule|Species Clause: Limit one of each Pok\u00e9mon\n|rule|HP Percentage Mod: HP is shown in percentages\n|rule|Sleep Clause Mod: Limit one foe put to sleep\n|rule|Illusion Level Mod: Illusion disguises the Pok\u00e9mon's true level\n|\n|t:|1782826358\n|teamsize|p1|6\n|teamsize|p2|6\n|start\n|switch|p1a: Luxray|Luxray, L88, F|283/283\n|switch|p2a: Cyclizar|Cyclizar, L83, F|252/252\n|turn|1\n|inactive|Battle timer is ON: inactive players will automatically lose when time's up. (requested by fp rando bats)\n|inactive|MichaelderBeste2 has 120 seconds left.\n|inactive|MichaelderBeste2 has 90 seconds left.\n|\n|t:|1782826427\n|move|p2a: Cyclizar|Shed Tail|p2a: Cyclizar\n|-start|p2a: Cyclizar|Substitute|[from] move: Shed Tail\n|-damage|p2a: Cyclizar|126/252\n|j| 70to90gxe\n|\n|t:|1782826434\n|switch|p2a: Gouging Fire|Gouging Fire, L74|277/277|[from] Shed Tail\n|move|p1a: Luxray|Play Rough|p2a: Gouging Fire\n|-end|p2a: Gouging Fire|Substitute\n|\n|-status|p1a: Luxray|brn|[from] item: Flame Orb\n|upkeep\n|turn|2\n|\n|t:|1782826449\n|move|p2a: Gouging Fire|Heat Crash|p1a: Luxray\n|-damage|p1a: Luxray|171/283 brn\n|move|p1a: Luxray|Facade|p2a: Gouging Fire\n|-damage|p2a: Gouging Fire|106/277\n|\n|-damage|p1a: Luxray|154/283 brn|[from] brn\n|upkeep\n|turn|3\n|\n|t:|1782826457\n|switch|p1a: Talonflame|Talonflame, L83, M|265/265\n|move|p2a: Gouging Fire|Earthquake|p1a: Talonflame\n|-immune|p1a: Talonflame\n|\n|upkeep\n|turn|4\n|\n|t:|1782826462\n|-end|p2a: Gouging Fire|Protosynthesis|[silent]\n|switch|p2a: Rhydon|Rhydon, L85, M|317/317\n|move|p1a: Talonflame|U-turn|p2a: Rhydon\n|-damage|p2a: Rhydon|294/317\n|\n|t:|1782826472\n|switch|p1a: Wugtrio|Wugtrio, L91, F|212/212|[from] U-turn\n|\n|upkeep\n|turn|5\n|\n|t:|1782826476\n|switch|p2a: Lanturn|Lanturn, L89, F|367/367\n|move|p1a: Wugtrio|Liquidation|p2a: Lanturn\n|-resisted|p2a: Lanturn\n|-crit|p2a: Lanturn\n|-damage|p2a: Lanturn|207/367\n|\n|-heal|p2a: Lanturn|229/367|[from] item: Leftovers\n|upkeep\n|turn|6\n|\n|t:|1782826496\n|switch|p1a: Luxray|Luxray, L88, F|154/283 brn\n|switch|p2a: Cyclizar|Cyclizar, L83, F|210/252\n|\n|-damage|p1a: Luxray|137/283 brn|[from] brn\n|upkeep\n|turn|7\n|\n|t:|1782826507\n|move|p2a: Cyclizar|Shed Tail|p2a: Cyclizar\n|-start|p2a: Cyclizar|Substitute|[from] move: Shed Tail\n|-damage|p2a: Cyclizar|84/252\n|\n|t:|1782826508\n|switch|p2a: Rhydon|Rhydon, L85, M|294/317|[from] Shed Tail\n|move|p1a: Luxray|Facade|p2a: Rhydon\n|-resisted|p2a: Rhydon\n|-activate|p2a: Rhydon|move: Substitute|[damage]\n|\n|-damage|p1a: Luxray|120/283 brn|[from] brn\n|upkeep\n|turn|8\n|\n|t:|1782826517\n|move|p1a: Luxray|Trailblaze|p2a: Rhydon\n|-supereffective|p2a: Rhydon\n|-end|p2a: Rhydon|Substitute\n|-boost|p1a: Luxray|spe|1\n|move|p2a: Rhydon|Stealth Rock|p1a: Luxray\n|-sidestart|p1: fp rando bats|move: Stealth Rock\n|\n|-damage|p1a: Luxray|103/283 brn|[from] brn\n|upkeep\n|turn|9\n|\n|t:|1782826536\n|switch|p2a: Gouging Fire|Gouging Fire, L74|106/277\n|move|p1a: Luxray|Trailblaze|p2a: Gouging Fire\n|-resisted|p2a: Gouging Fire\n|-damage|p2a: Gouging Fire|92/277\n|-boost|p1a: Luxray|spe|1\n|\n|-damage|p1a: Luxray|86/283 brn|[from] brn\n|upkeep\n|turn|10\n|\n|t:|1782826540\n|move|p1a: Luxray|Facade|p2a: Gouging Fire\n|-damage|p2a: Gouging Fire|0 fnt\n|faint|p2a: Gouging Fire\n|-end|p2a: Gouging Fire|Protosynthesis|[silent]\n|\n|-damage|p1a: Luxray|69/283 brn|[from] brn\n|upkeep\n|\n|t:|1782826541\n|switch|p2a: Hitmonlee|Hitmonlee, L85, M|223/223\n|turn|11\n|\n|t:|1782826552\n|switch|p1a: Talonflame|Talonflame, L83, M|265/265\n|move|p2a: Hitmonlee|Stone Edge|p1a: Talonflame\n|-supereffective|p1a: Talonflame\n|-damage|p1a: Talonflame|0 fnt\n|faint|p1a: Talonflame\n|\n|upkeep\n|\n|t:|1782826560\n|switch|p1a: Arceus|Arceus-Fighting, L70|284/284\n|-damage|p1a: Arceus|267/284|[from] Stealth Rock\n|turn|12\n|\n|t:|1782826568\n|switch|p2a: Chimecho|Chimecho, L93, F|290/290\n|move|p1a: Arceus|Cosmic Power|p1a: Arceus\n|-boost|p1a: Arceus|def|1\n|-boost|p1a: Arceus|spd|1\n|\n|upkeep\n|turn|13\n|\n|t:|1782826574\n|switch|p1a: Illumise|Illumise, L91, F|266/266\n|move|p2a: Chimecho|Calm Mind|p2a: Chimecho\n|-boost|p2a: Chimecho|spa|1\n|-boost|p2a: Chimecho|spd|1\n|\n|upkeep\n|turn|14\n|\n|t:|1782826580\n|switch|p2a: Rhydon|Rhydon, L85, M|294/317\n|move|p1a: Illumise|Bug Buzz|p2a: Rhydon\n|-damage|p2a: Rhydon|191/317\n|\n|upkeep\n|turn|15\n|\n|t:|1782826584\n|switch|p1a: Luxray|Luxray, L88, F|69/283 brn\n|-damage|p1a: Luxray|34/283 brn|[from] Stealth Rock\n|move|p2a: Rhydon|Earthquake|p1a: Luxray\n|-supereffective|p1a: Luxray\n|-damage|p1a: Luxray|0 fnt\n|faint|p1a: Luxray\n|\n|upkeep\n|\n|t:|1782826586\n|switch|p1a: Wugtrio|Wugtrio, L91, F|212/212\n|-damage|p1a: Wugtrio|186/212|[from] Stealth Rock\n|turn|16\n|\n|t:|1782826593\n|-terastallize|p2a: Rhydon|Grass\n|move|p1a: Wugtrio|Liquidation|p2a: Rhydon\n|-resisted|p2a: Rhydon\n|-crit|p2a: Rhydon\n|-damage|p2a: Rhydon|124/317\n|move|p2a: Rhydon|Earthquake|p1a: Wugtrio\n|-damage|p1a: Wugtrio|0 fnt\n|faint|p1a: Wugtrio\n|\n|upkeep\n|\n|t:|1782826605\n|switch|p1a: Entei|Entei, L78|307/307\n|-damage|p1a: Entei|231/307|[from] Stealth Rock\n|turn|17\n|\n|t:|1782826620\n|move|p1a: Entei|Flare Blitz|p2a: Rhydon\n|-supereffective|p2a: Rhydon\n|-damage|p2a: Rhydon|0 fnt\n|faint|p2a: Rhydon\n|-damage|p1a: Entei|190/307|[from] Recoil\n|\n|upkeep\n|\n|t:|1782826626\n|switch|p2a: Cyclizar|Cyclizar, L83, F|168/252\n|turn|18\n|\n|t:|1782826632\n|move|p2a: Cyclizar|Draco Meteor|p1a: Entei\n|-damage|p1a: Entei|40/307\n|-unboost|p2a: Cyclizar|spa|2\n|move|p1a: Entei|Flare Blitz|p2a: Cyclizar\n|-resisted|p2a: Cyclizar\n|-damage|p2a: Cyclizar|45/252\n|-damage|p1a: Entei|0 fnt|[from] Recoil\n|faint|p1a: Entei\n|\n|upkeep\n|\n|t:|1782826636\n|switch|p1a: Arceus|Arceus-Fighting, L70|267/284\n|-damage|p1a: Arceus|250/284|[from] Stealth Rock\n|turn|19\n|\n|t:|1782826643\n|move|p2a: Cyclizar|Taunt|p1a: Arceus\n|-start|p1a: Arceus|move: Taunt\n|move|p1a: Arceus|Body Press|p2a: Cyclizar\n|-supereffective|p2a: Cyclizar\n|-damage|p2a: Cyclizar|0 fnt\n|faint|p2a: Cyclizar\n|\n|upkeep\n|\n|t:|1782826649\n|switch|p2a: Lanturn|Lanturn, L89, F|229/367\n|turn|20\n|\n|t:|1782826652\n|switch|p1a: Illumise|Illumise, L91, F|266/266\n|move|p2a: Lanturn|Thunder Wave|p1a: Illumise\n|-status|p1a: Illumise|par\n|\n|-heal|p2a: Lanturn|251/367|[from] item: Leftovers\n|upkeep\n|turn|21\n|\n|t:|1782826655\n|switch|p2a: Hitmonlee|Hitmonlee, L85, M|223/223\n|move|p1a: Illumise|Bug Buzz|p2a: Hitmonlee\n|-resisted|p2a: Hitmonlee\n|-damage|p2a: Hitmonlee|185/223\n|\n|upkeep\n|turn|22\n|\n|t:|1782826658\n|cant|p1a: Illumise|par\n|move|p2a: Hitmonlee|Stone Edge|p1a: Illumise\n|-supereffective|p1a: Illumise\n|-damage|p1a: Illumise|12/266 par\n|\n|upkeep\n|turn|23\n|\n|t:|1782826662\n|move|p1a: Illumise|Thunder Wave|p2a: Hitmonlee\n|-status|p2a: Hitmonlee|par\n|move|p2a: Hitmonlee|Stone Edge|p1a: Illumise|[miss]\n|-miss|p2a: Hitmonlee|p1a: Illumise\n|\n|upkeep\n|turn|24\n|\n|t:|1782826667\n|cant|p1a: Illumise|par\n|move|p2a: Hitmonlee|Stone Edge|p1a: Illumise\n|-supereffective|p1a: Illumise\n|-damage|p1a: Illumise|0 fnt\n|faint|p1a: Illumise\n|\n|upkeep\n|\n|t:|1782826668\n|switch|p1a: Arceus|Arceus-Fighting, L70|250/284\n|-damage|p1a: Arceus|233/284|[from] Stealth Rock\n|turn|25\n|\n|t:|1782826670\n|switch|p2a: Lanturn|Lanturn, L89, F|251/367\n|move|p1a: Arceus|Cosmic Power|p1a: Arceus\n|-boost|p1a: Arceus|def|1\n|-boost|p1a: Arceus|spd|1\n|\n|-heal|p2a: Lanturn|273/367|[from] item: Leftovers\n|upkeep\n|turn|26\n|\n|t:|1782826675\n|move|p1a: Arceus|Cosmic Power|p1a: Arceus\n|-boost|p1a: Arceus|def|1\n|-boost|p1a: Arceus|spd|1\n|move|p2a: Lanturn|Thunder Wave|p1a: Arceus\n|-status|p1a: Arceus|par\n|\n|-heal|p2a: Lanturn|295/367|[from] item: Leftovers\n|upkeep\n|turn|27\n|\n|t:|1782826676\n|switch|p2a: Chimecho|Chimecho, L93, F|290/290\n|cant|p1a: Arceus|par\n|\n|upkeep\n|turn|28\n|\n|t:|1782826679\n|move|p2a: Chimecho|Calm Mind|p2a: Chimecho\n|-boost|p2a: Chimecho|spa|1\n|-boost|p2a: Chimecho|spd|1\n|cant|p1a: Arceus|par\n|\n|upkeep\n|turn|29\n|\n|t:|1782826681\n|move|p2a: Chimecho|Calm Mind|p2a: Chimecho\n|-boost|p2a: Chimecho|spa|1\n|-boost|p2a: Chimecho|spd|1\n|move|p1a: Arceus|Cosmic Power|p1a: Arceus\n|-boost|p1a: Arceus|def|1\n|-boost|p1a: Arceus|spd|1\n|\n|upkeep\n|turn|30\n|\n|t:|1782826682\n|move|p2a: Chimecho|Dazzling Gleam|p1a: Arceus\n|-supereffective|p1a: Arceus\n|-damage|p1a: Arceus|135/284 par\n|move|p1a: Arceus|Cosmic Power|p1a: Arceus\n|-boost|p1a: Arceus|def|1\n|-boost|p1a: Arceus|spd|1\n|\n|upkeep\n|turn|31\n|\n|t:|1782826685\n|-terastallize|p1a: Arceus|Steel\n|move|p2a: Chimecho|Psychic Noise|p1a: Arceus\n|-resisted|p1a: Arceus\n|-damage|p1a: Arceus|105/284 par\n|-start|p1a: Arceus|move: Heal Block\n|cant|p1a: Arceus|move: Heal Block|Recover\n|\n|upkeep\n|turn|32\n|\n|t:|1782826688\n|move|p2a: Chimecho|Psychic Noise|p1a: Arceus\n|-resisted|p1a: Arceus\n|-damage|p1a: Arceus|78/284 par\n|cant|p1a: Arceus|par\n|\n|-end|p1a: Arceus|move: Heal Block\n|upkeep\n|turn|33\n|c|\u2606fp rando bats|lol\n|-message|fp rando bats forfeited.\n|\n|win|MichaelderBeste2\n|raw|fp rando bats's rating: 2157 &rarr; <strong>2151</strong><br />(-6 for losing)\n|raw|MichaelderBeste2's rating: 2473 &rarr; <strong>2479</strong><br />(+6 for winning)\n", "inputlog": ">version f8ac14003a5f27e1bdc8d8c59608a773c1cb96e5\n>start {\"formatid\":\"gen9randombattle\",\"seed\":\"sodium,263b630593b8ad0da9916bc262552007\",\"rated\":\"Rated battle\"}\n>player p1 {\"name\":\"fp rando bats\",\"avatar\":\"#ssclikartanas\",\"rating\":2176,\"seed\":\"sodium,0a3a6a383f3acb5a1611353f440772b3\"}\n>player p2 {\"name\":\"MichaelderBeste2\",\"avatar\":\"#wcop2026germany\",\"rating\":2473,\"seed\":\"sodium,bc18745c5f77ef2ced1a8839b74428cd\"}\n>p1 move playrough\n>p2 move shedtail\n>p2 switch 4\n>p1 move facade\n>p2 move heatcrash\n>p1 switch 5\n>p2 move earthquake\n>p1 move uturn\n>p2 switch 2\n>p1 switch 6\n>p1 move liquidation\n>p2 switch 5\n>p1 switch 5\n>p2 switch 4\n>p1 move facade\n>p2 move shedtail\n>p2 switch 5\n>p1 move trailblaze\n>p2 move stealthrock\n>p1 move trailblaze\n>p2 switch 2\n>p1 move facade\n>p2 move heatcrash\n>p2 switch 6\n>p1 switch 6\n>p2 move stoneedge\n>p1 switch 3\n>p1 move cosmicpower\n>p2 switch 3\n>p1 switch 4\n>p2 move calmmind\n>p1 move bugbuzz\n>p2 switch 2\n>p1 switch 6\n>p2 move earthquake\n>p1 switch 5\n>p1 move liquidation\n>p2 move earthquake terastallize\n>p1 switch 2\n>p1 move flareblitz\n>p2 move earthquake\n>p2 switch 5\n>p1 move flareblitz\n>p2 move dracometeor\n>p1 switch 4\n>p1 move bodypress\n>p2 move taunt\n>p2 switch 4\n>p1 switch 6\n>p2 move thunderwave\n>p1 move bugbuzz\n>p2 switch 3\n>p1 move thunderwave\n>p2 move stoneedge\n>p1 move thunderwave\n>p2 move stoneedge\n>p1 move roost\n>p2 move stoneedge\n>p1 switch 6\n>p1 move cosmicpower\n>p2 switch 3\n>p1 move cosmicpower\n>p2 move thunderwave\n>p1 move cosmicpower\n>p2 switch 2\n>p1 move cosmicpower\n>p2 move calmmind\n>p1 move cosmicpower\n>p2 move calmmind\n>p1 move cosmicpower\n>p2 move dazzlinggleam\n>p1 move recover terastallize\n>p2 move psychicnoise\n>p1 move cosmicpower\n>p2 move psychicnoise\n>chat \u2606fp rando bats|lol\n>forcelose p1", "uploadtime": 1782826361, "views": 9, "formatid": "gen9randombattle", "rating": 2151, "private": 0, "password": null, "player_dets": [{"name": "fp rando bats", "avatar": "#ssclikartanas", "rating": 2176, "seed": "sodium,0a3a6a383f3acb5a1611353f440772b3"}, {"name": "MichaelderBeste2", "avatar": "#wcop2026germany", "rating": 2473, "seed": "sodium,bc18745c5f77ef2ced1a8839b74428cd"}], "teams_full": [{"Luxray": {"name": "Luxray", "species": "Luxray", "speciesId": "luxray", "gender": "F", "shiny": false, "level": 88, "moves": ["playrough", "facade", "supercellslam", "trailblaze"], "ability": "Guts", "evs": {"hp": 81, "atk": 85, "def": 85, "spa": 85, "spd": 85, "spe": 85}, "ivs": {"hp": 31, "atk": 31, "def": 31, "spa": 31, "spd": 31, "spe": 31}, "item": "Flame Orb", "teraType": "Normal", "role": "Setup Sweeper", "bvs": {"hp": 80, "atk": 120, "def": 79, "spa": 95, "spd": 79, "spe": 70}, "stats": {"hp": 283, "atk": 261, "def": 189, "spa": 217, "spd": 189, "spe": 173}, "types": ["Electric"]}, "Entei": {"name": "Entei", "species": "Entei", "speciesId": "entei", "gender": "N", "shiny": false, "level": 78, "moves": ["extremespeed", "sacredfire", "flareblitz", "stoneedge"], "ability": "Inner Focus", "evs": {"hp": 85, "atk": 85, "def": 85, "spa": 85, "spd": 85, "spe": 85}, "ivs": {"hp": 31, "atk": 31, "def": 31, "spa": 31, "spd": 31, "spe": 31}, "item": "Choice Band", "teraType": "Fire", "role": "Fast Attacker", "bvs": {"hp": 115, "atk": 115, "def": 85, "spa": 90, "spd": 75, "spe": 100}, "stats": {"hp": 307, "atk": 224, "def": 178, "spa": 185, "spd": 162, "spe": 201}, "types": ["Fire"]}, "Arceus": {"name": "Arceus", "species": "Arceus-Fighting", "speciesId": "arceusfighting", "gender": "N", "shiny": false, "level": 70, "moves": ["recover", "cosmicpower", "bodypress", "storedpower"], "ability": "Multitype", "evs": {"hp": 85, "atk": 0, "def": 85, "spa": 85, "spd": 85, "spe": 85}, "ivs": {"hp": 31, "atk": 0, "def": 31, "spa": 31, "spd": 31, "spe": 31}, "item": "Fist Plate", "teraType": "Steel", "role": "Fast Bulky Setup", "bvs": {"hp": 120, "atk": 120, "def": 120, "spa": 120, "spd": 120, "spe": 120}, "stats": {"hp": 284, "atk": 173, "def": 209, "spa": 209, "spd": 209, "spe": 209}, "types": ["Fighting"]}, "Illumise": {"name": "Illumise", "species": "Illumise", "speciesId": "illumise", "gender": "F", "shiny": false, "level": 91, "moves": ["roost", "thunderwave", "encore", "bugbuzz"], "ability": "Prankster", "evs": {"hp": 85, "atk": 0, "def": 85, "spa": 85, "spd": 85, "spe": 85}, "ivs": {"hp": 31, "atk": 0, "def": 31, "spa": 31, "spd": 31, "spe": 31}, "item": "Heavy-Duty Boots", "teraType": "Steel", "role": "Bulky Support", "bvs": {"hp": 65, "atk": 47, "def": 75, "spa": 73, "spd": 85, "spe": 85}, "stats": {"hp": 266, "atk": 90, "def": 188, "spa": 185, "spd": 207, "spe": 207}, "types": ["Bug"]}, "Talonflame": {"name": "Talonflame", "species": "Talonflame", "speciesId": "talonflame", "gender": "M", "shiny": false, "level": 83, "moves": ["uturn", "roost", "overheat", "bravebird"], "ability": "Flame Body", "evs": {"hp": 85, "atk": 85, "def": 85, "spa": 85, "spd": 85, "spe": 85}, "ivs": {"hp": 31, "atk": 31, "def": 31, "spa": 31, "spd": 31, "spe": 31}, "item": "Heavy-Duty Boots", "teraType": "Dragon", "role": "Bulky Attacker", "bvs": {"hp": 78, "atk": 81, "def": 71, "spa": 74, "spd": 69, "spe": 126}, "stats": {"hp": 265, "atk": 182, "def": 166, "spa": 171, "spd": 162, "spe": 257}, "types": ["Fire", "Flying"]}, "Wugtrio": {"name": "Wugtrio", "species": "Wugtrio", "speciesId": "wugtrio", "gender": "F", "shiny": false, "level": 91, "moves": ["stompingtantrum", "throatchop", "liquidation", "aquajet"], "ability": "Gooey", "evs": {"hp": 85, "atk": 85, "def": 85, "spa": 85, "spd": 85, "spe": 85}, "ivs": {"hp": 31, "atk": 31, "def": 31, "spa": 31, "spd": 31, "spe": 31}, "item": "Choice Band", "teraType": "Water", "role": "Fast Attacker", "bvs": {"hp": 35, "atk": 100, "def": 50, "spa": 50, "spd": 70, "spe": 120}, "stats": {"hp": 212, "atk": 234, "def": 143, "spa": 143, "spd": 179, "spe": 270}, "types": ["Water"]}}, {"Cyclizar": {"name": "Cyclizar", "species": "Cyclizar", "speciesId": "cyclizar", "gender": "F", "shiny": false, "level": 83, "moves": ["taunt", "shedtail", "rapidspin", "dracometeor"], "ability": "Regenerator", "evs": {"hp": 85, "atk": 85, "def": 85, "spa": 85, "spd": 85, "spe": 85}, "ivs": {"hp": 31, "atk": 31, "def": 31, "spa": 31, "spd": 31, "spe": 31}, "item": "Heavy-Duty Boots", "teraType": "Fairy", "role": "Fast Support", "bvs": {"hp": 70, "atk": 95, "def": 65, "spa": 85, "spd": 65, "spe": 121}, "stats": {"hp": 252, "atk": 205, "def": 156, "spa": 189, "spd": 156, "spe": 249}, "types": ["Dragon", "Normal"]}, "Rhydon": {"name": "Rhydon", "species": "Rhydon", "speciesId": "rhydon", "gender": "M", "shiny": false, "level": 85, "moves": ["earthquake", "stealthrock", "stoneedge", "megahorn"], "ability": "Lightning Rod", "evs": {"hp": 85, "atk": 85, "def": 85, "spa": 85, "spd": 85, "spe": 85}, "ivs": {"hp": 31, "atk": 31, "def": 31, "spa": 31, "spd": 31, "spe": 31}, "item": "Eviolite", "teraType": "Grass", "role": "Bulky Attacker", "bvs": {"hp": 105, "atk": 130, "def": 120, "spa": 45, "spd": 45, "spe": 40}, "stats": {"hp": 317, "atk": 270, "def": 253, "spa": 125, "spd": 125, "spe": 117}, "types": ["Ground", "Rock"]}, "Chimecho": {"name": "Chimecho", "species": "Chimecho", "speciesId": "chimecho", "gender": "F", "shiny": false, "level": 93, "moves": ["calmmind", "dazzlinggleam", "psychicnoise", "recover"], "ability": "Levitate", "evs": {"hp": 85, "atk": 0, "def": 85, "spa": 85, "spd": 85, "spe": 85}, "ivs": {"hp": 31, "atk": 0, "def": 31, "spa": 31, "spd": 31, "spe": 31}, "item": "Leftovers", "teraType": "Electric", "role": "Bulky Setup", "bvs": {"hp": 75, "atk": 50, "def": 80, "spa": 95, "spd": 90, "spe": 65}, "stats": {"hp": 290, "atk": 98, "def": 202, "spa": 230, "spd": 220, "spe": 174}, "types": ["Psychic"]}, "Gouging Fire": {"name": "Gouging Fire", "species": "Gouging Fire", "speciesId": "gougingfire", "gender": "N", "shiny": false, "level": 74, "moves": ["dragondance", "earthquake", "outrage", "heatcrash"], "ability": "Protosynthesis", "evs": {"hp": 85, "atk": 85, "def": 85, "spa": 85, "spd": 85, "spe": 85}, "ivs": {"hp": 31, "atk": 31, "def": 31, "spa": 31, "spd": 31, "spe": 31}, "item": "Heavy-Duty Boots", "teraType": "Ground", "role": "Setup Sweeper", "bvs": {"hp": 105, "atk": 115, "def": 121, "spa": 65, "spd": 93, "spe": 91}, "stats": {"hp": 277, "atk": 213, "def": 222, "spa": 139, "spd": 181, "spe": 178}, "types": ["Fire", "Dragon"]}, "Lanturn": {"name": "Lanturn", "species": "Lanturn", "speciesId": "lanturn", "gender": "F", "shiny": false, "level": 89, "moves": ["icebeam", "thunderbolt", "scald", "thunderwave"], "ability": "Volt Absorb", "evs": {"hp": 85, "atk": 0, "def": 85, "spa": 85, "spd": 85, "spe": 85}, "ivs": {"hp": 31, "atk": 0, "def": 31, "spa": 31, "spd": 31, "spe": 31}, "item": "Leftovers", "teraType": "Flying", "role": "Bulky Attacker", "bvs": {"hp": 125, "atk": 58, "def": 58, "spa": 76, "spd": 76, "spe": 67}, "stats": {"hp": 367, "atk": 108, "def": 154, "spa": 186, "spd": 186, "spe": 170}, "types": ["Water", "Electric"]}, "Hitmonlee": {"name": "Hitmonlee", "species": "Hitmonlee", "speciesId": "hitmonlee", "gender": "M", "shiny": false, "level": 85, "moves": ["stoneedge", "highjumpkick", "knockoff", "poisonjab"], "ability": "Reckless", "evs": {"hp": 81, "atk": 85, "def": 85, "spa": 85, "spd": 85, "spe": 85}, "ivs": {"hp": 31, "atk": 31, "def": 31, "spa": 31, "spd": 31, "spe": 31}, "item": "Choice Band", "teraType": "Fighting", "role": "Fast Attacker", "bvs": {"hp": 50, "atk": 120, "def": 53, "spa": 35, "spd": 110, "spe": 87}, "stats": {"hp": 223, "atk": 253, "def": 139, "spa": 108, "spd": 236, "spe": 197}, "types": ["Fighting"]}}]}