{"id": "gen9randombattle-2641814446", "format": "[Gen 9] Random Battle", "players": ["Quaker p", "ccardinals5"], "log": "|j|\u203dQuaker p\n|j|\u2606ccardinals5\n|t:|1782845109\n|gametype|singles\n|player|p1|Quaker p|plasmagrunt|2002\n|player|p2|ccardinals5|102|1975\n|gen|9\n|tier|[Gen 9] Random Battle\n|rated|\n|rule|Species Clause: Limit one of each Pok\u00e9mon\n|rule|HP Percentage Mod: HP is shown in percentages\n|rule|Sleep Clause Mod: Limit one foe put to sleep\n|rule|Illusion Level Mod: Illusion disguises the Pok\u00e9mon's true level\n|\n|t:|1782845109\n|teamsize|p1|6\n|teamsize|p2|6\n|start\n|switch|p1a: Phione|Phione, L91|293/293\n|switch|p2a: Bruxish|Bruxish, L85, M|254/254\n|turn|1\n|inactive|Battle timer is ON: inactive players will automatically lose when time's up. (requested by Quaker p)\n|\n|t:|1782845115\n|move|p2a: Bruxish|Psychic Fangs|p1a: Phione\n|-damage|p1a: Phione|70/293\n|move|p1a: Phione|Scald|p2a: Bruxish\n|-resisted|p2a: Bruxish\n|-crit|p2a: Bruxish\n|-damage|p2a: Bruxish|175/254\n|\n|-heal|p1a: Phione|88/293|[from] item: Leftovers\n|upkeep\n|turn|2\n|\n|t:|1782845120\n|switch|p1a: Exeggutor|Exeggutor, L89, F|312/312\n|move|p2a: Bruxish|Psychic Fangs|p1a: Exeggutor\n|-resisted|p1a: Exeggutor\n|-damage|p1a: Exeggutor|198/312\n|\n|upkeep\n|turn|3\n|\n|t:|1782845127\n|switch|p2a: Zarude|Zarude-Dada, L77|288/288\n|move|p1a: Exeggutor|Leech Seed|p2a: Zarude\n|-immune|p2a: Zarude\n|\n|upkeep\n|turn|4\n|\n|t:|1782845134\n|switch|p1a: Phione|Phione, L91|88/293\n|move|p2a: Zarude|U-turn|p1a: Phione\n|-damage|p1a: Phione|35/293\n|\n|t:|1782845140\n|switch|p2a: Bruxish|Bruxish, L85, M|175/254|[from] U-turn\n|\n|-heal|p1a: Phione|53/293|[from] item: Leftovers\n|upkeep\n|turn|5\n|\n|t:|1782845144\n|move|p2a: Bruxish|Crunch|p1a: Phione\n|-damage|p1a: Phione|0 fnt\n|faint|p1a: Phione\n|\n|upkeep\n|\n|t:|1782845150\n|switch|p1a: Bellibolt|Bellibolt, L84, F|320/320\n|turn|6\n|\n|t:|1782845154\n|switch|p2a: Rotom|Rotom, L88|231/231\n|move|p1a: Bellibolt|Volt Switch|p2a: Rotom\n|-resisted|p2a: Rotom\n|-damage|p2a: Rotom|193/231\n|\n|t:|1782845164\n|switch|p1a: Iron Valiant|Iron Valiant, L78|244/244|[from] Volt Switch\n|\n|upkeep\n|turn|7\n|\n|t:|1782845168\n|move|p2a: Rotom|Trick|p1a: Iron Valiant\n|-activate|p2a: Rotom|move: Trick|[of] p1a: Iron Valiant\n|-item|p1a: Iron Valiant|Choice Scarf|[from] move: Trick\n|-item|p2a: Rotom|Life Orb|[from] move: Trick\n|move|p1a: Iron Valiant|Knock Off|p2a: Rotom\n|-supereffective|p2a: Rotom\n|-damage|p2a: Rotom|31/231\n|-enditem|p2a: Rotom|Life Orb|[from] move: Knock Off|[of] p1a: Iron Valiant\n|\n|upkeep\n|turn|8\n|\n|t:|1782845178\n|switch|p2a: Venusaur|Venusaur, L84, F|272/272\n|move|p1a: Iron Valiant|Knock Off|p2a: Venusaur\n|-damage|p2a: Venusaur|190/272\n|-enditem|p2a: Venusaur|Leftovers|[from] move: Knock Off|[of] p1a: Iron Valiant\n|\n|upkeep\n|turn|9\n|\n|t:|1782845184\n|-end|p1a: Iron Valiant|Quark Drive|[silent]\n|switch|p1a: Bellibolt|Bellibolt, L84, F|320/320\n|move|p2a: Venusaur|Sludge Bomb|p1a: Bellibolt\n|-damage|p1a: Bellibolt|217/320\n|-start|p1a: Bellibolt|Charge|Sludge Bomb|[from] ability: Electromorphosis\n|\n|-heal|p1a: Bellibolt|237/320|[from] item: Leftovers\n|upkeep\n|turn|10\n|\n|t:|1782845188\n|move|p2a: Venusaur|Leech Seed|p1a: Bellibolt\n|-start|p1a: Bellibolt|move: Leech Seed\n|move|p1a: Bellibolt|Volt Switch|p2a: Venusaur\n|-resisted|p2a: Venusaur\n|-damage|p2a: Venusaur|124/272\n|-end|p1a: Bellibolt|Charge|[silent]\n|\n|t:|1782845193\n|switch|p1a: Latias|Latias, L79, F|256/256|[from] Volt Switch\n|\n|upkeep\n|turn|11\n|\n|t:|1782845201\n|move|p1a: Latias|Draco Meteor|p2a: Venusaur\n|-damage|p2a: Venusaur|0 fnt\n|-unboost|p1a: Latias|spa|2\n|faint|p2a: Venusaur\n|\n|upkeep\n|\n|t:|1782845218\n|switch|p2a: Bruxish|Bruxish, L85, M|175/254\n|turn|12\n|\n|t:|1782845228\n|switch|p1a: Bellibolt|Bellibolt, L84, F|237/320\n|move|p2a: Bruxish|Flip Turn|p1a: Bellibolt\n|-damage|p1a: Bellibolt|131/320\n|-start|p1a: Bellibolt|Charge|Flip Turn|[from] ability: Electromorphosis\n|\n|t:|1782845242\n|switch|p2a: Haxorus|Haxorus, L77, F|244/244|[from] Flip Turn\n|-ability|p2a: Haxorus|Mold Breaker\n|\n|-heal|p1a: Bellibolt|151/320|[from] item: Leftovers\n|upkeep\n|turn|13\n|\n|t:|1782845245\n|move|p2a: Haxorus|Earthquake|p1a: Bellibolt\n|-supereffective|p1a: Bellibolt\n|-damage|p1a: Bellibolt|0 fnt\n|faint|p1a: Bellibolt\n|\n|upkeep\n|\n|t:|1782845249\n|switch|p1a: Iron Valiant|Iron Valiant, L78|244/244\n|turn|14\n|\n|t:|1782845253\n|switch|p2a: Rotom|Rotom, L88|31/231\n|move|p1a: Iron Valiant|Spirit Break|p2a: Rotom\n|-damage|p2a: Rotom|0 fnt\n|faint|p2a: Rotom\n|\n|upkeep\n|\n|t:|1782845258\n|switch|p2a: Bruxish|Bruxish, L85, M|175/254\n|turn|15\n|\n|t:|1782845264\n|-end|p1a: Iron Valiant|Quark Drive|[silent]\n|switch|p1a: Exeggutor|Exeggutor, L89, F|198/312\n|move|p2a: Bruxish|Flip Turn|p1a: Exeggutor\n|-resisted|p1a: Exeggutor\n|-damage|p1a: Exeggutor|145/312\n|-enditem|p1a: Exeggutor|Sitrus Berry|[eat]\n|-heal|p1a: Exeggutor|223/312|[from] item: Sitrus Berry\n|\n|t:|1782845269\n|switch|p2a: Zarude|Zarude-Dada, L77|288/288|[from] Flip Turn\n|\n|-item|p1a: Exeggutor|Sitrus Berry|[from] ability: Harvest\n|upkeep\n|turn|16\n|\n|t:|1782845281\n|-terastallize|p1a: Exeggutor|Steel\n|move|p2a: Zarude|U-turn|p1a: Exeggutor\n|-resisted|p1a: Exeggutor\n|-damage|p1a: Exeggutor|199/312\n|\n|t:|1782845288\n|switch|p2a: Bellibolt|Bellibolt, L84, F|320/320|[from] U-turn\n|move|p1a: Exeggutor|Leech Seed|p2a: Bellibolt\n|-start|p2a: Bellibolt|move: Leech Seed\n|\n|-damage|p2a: Bellibolt|280/320|[from] Leech Seed|[of] p1a: Exeggutor\n|-heal|p1a: Exeggutor|239/312|[silent]\n|upkeep\n|turn|17\n|\n|t:|1782845292\n|move|p1a: Exeggutor|Substitute|p1a: Exeggutor\n|-start|p1a: Exeggutor|Substitute\n|-damage|p1a: Exeggutor|161/312\n|move|p2a: Bellibolt|Volt Switch|p1a: Exeggutor\n|-crit|p1a: Exeggutor\n|-end|p1a: Exeggutor|Substitute\n|\n|t:|1782845303\n|switch|p2a: Bruxish|Bruxish, L85, M|175/254|[from] Volt Switch\n|\n|upkeep\n|turn|18\n|\n|t:|1782845309\n|move|p2a: Bruxish|Wave Crash|p1a: Exeggutor\n|-crit|p1a: Exeggutor\n|-damage|p1a: Exeggutor|0 fnt\n|faint|p1a: Exeggutor\n|-damage|p2a: Bruxish|122/254|[from] Recoil\n|\n|upkeep\n|\n|t:|1782845314\n|switch|p1a: Latias|Latias, L79, F|256/256\n|turn|19\n|\n|t:|1782845319\n|switch|p2a: Zarude|Zarude-Dada, L77|288/288\n|move|p1a: Latias|Calm Mind|p1a: Latias\n|-boost|p1a: Latias|spa|1\n|-boost|p1a: Latias|spd|1\n|\n|upkeep\n|turn|20\n|\n|t:|1782845323\n|move|p2a: Zarude|Knock Off|p1a: Latias\n|-supereffective|p1a: Latias\n|-damage|p1a: Latias|26/256\n|-enditem|p1a: Latias|Soul Dew|[from] move: Knock Off|[of] p2a: Zarude\n|move|p1a: Latias|Draco Meteor|p2a: Zarude\n|-damage|p2a: Zarude|99/288\n|-unboost|p1a: Latias|spa|2\n|\n|upkeep\n|turn|21\n|\n|t:|1782845329\n|switch|p1a: Iron Valiant|Iron Valiant, L78|244/244\n|move|p2a: Zarude|Knock Off|p1a: Iron Valiant\n|-resisted|p1a: Iron Valiant\n|-damage|p1a: Iron Valiant|216/244\n|-enditem|p1a: Iron Valiant|Choice Scarf|[from] move: Knock Off|[of] p2a: Zarude\n|\n|upkeep\n|turn|22\n|\n|t:|1782845334\n|switch|p2a: Bellibolt|Bellibolt, L84, F|280/320\n|move|p1a: Iron Valiant|Swords Dance|p1a: Iron Valiant\n|-boost|p1a: Iron Valiant|atk|2\n|\n|-heal|p2a: Bellibolt|300/320|[from] item: Leftovers\n|upkeep\n|turn|23\n|\n|t:|1782845338\n|move|p1a: Iron Valiant|Swords Dance|p1a: Iron Valiant\n|-boost|p1a: Iron Valiant|atk|2\n|move|p2a: Bellibolt|Thunderbolt|p1a: Iron Valiant\n|-damage|p1a: Iron Valiant|63/244\n|\n|-heal|p2a: Bellibolt|320/320|[from] item: Leftovers\n|upkeep\n|turn|24\n|\n|t:|1782845340\n|move|p1a: Iron Valiant|Close Combat|p2a: Bellibolt\n|-damage|p2a: Bellibolt|0 fnt\n|-unboost|p1a: Iron Valiant|def|1\n|-unboost|p1a: Iron Valiant|spd|1\n|faint|p2a: Bellibolt\n|\n|upkeep\n|\n|t:|1782845342\n|switch|p2a: Zarude|Zarude-Dada, L77|99/288\n|turn|25\n|\n|t:|1782845352\n|move|p2a: Zarude|Power Whip|p1a: Iron Valiant\n|-damage|p1a: Iron Valiant|0 fnt\n|faint|p1a: Iron Valiant\n|-end|p1a: Iron Valiant|Quark Drive|[silent]\n|\n|upkeep\n|\n|t:|1782845359\n|switch|p1a: Latias|Latias, L79, F|26/256\n|turn|26\n|\n|t:|1782845362\n|move|p2a: Zarude|Power Whip|p1a: Latias\n|-resisted|p1a: Latias\n|-damage|p1a: Latias|0 fnt\n|faint|p1a: Latias\n|\n|upkeep\n|\n|t:|1782845364\n|switch|p1a: Kyogre|Kyogre, L71|259/259\n|-weather|RainDance|[from] ability: Drizzle|[of] p1a: Kyogre\n|turn|27\n|\n|t:|1782845369\n|move|p2a: Zarude|Power Whip|p1a: Kyogre\n|-supereffective|p1a: Kyogre\n|-damage|p1a: Kyogre|0 fnt\n|faint|p1a: Kyogre\n|\n|win|ccardinals5\n|raw|Quaker p's rating: 2002 &rarr; <strong>1980</strong><br />(-22 for losing)\n|raw|ccardinals5's rating: 1975 &rarr; <strong>1997</strong><br />(+22 for winning)\n", "inputlog": ">version f8ac14003a5f27e1bdc8d8c59608a773c1cb96e5\n>start {\"formatid\":\"gen9randombattle\",\"seed\":\"sodium,810e4946241e1bc0a1a81b555d717273\",\"rated\":\"Rated battle\"}\n>player p1 {\"name\":\"Quaker p\",\"avatar\":\"plasmagrunt\",\"rating\":2002,\"seed\":\"sodium,aec11f471bcd7576143f811f2d4b8326\"}\n>player p2 {\"name\":\"ccardinals5\",\"avatar\":\"102\",\"rating\":1975,\"seed\":\"sodium,a9092895cb0ab42507bfe599ea84f5a3\"}\n>p1 move scald\n>p2 move psychicfangs\n>p1 switch 5\n>p2 move psychicfangs\n>p1 move leechseed\n>p2 switch 5\n>p1 switch 5\n>p2 move uturn\n>p2 switch 5\n>p1 move rest\n>p2 move crunch\n>p1 switch 3\n>p1 move voltswitch\n>p2 switch 4\n>p1 switch 6\n>p1 move knockoff\n>p2 move trick\n>p1 move knockoff\n>p2 switch 6\n>p1 switch 6\n>p2 move sludgebomb\n>p1 move voltswitch\n>p2 move leechseed\n>p1 switch 4\n>p1 move dracometeor\n>p2 move sleeppowder\n>p2 switch 4\n>p1 switch 4\n>p2 move flipturn\n>p2 switch 2\n>p1 move voltswitch\n>p2 move earthquake\n>p1 switch 6\n>p1 move spiritbreak\n>p2 switch 6\n>p2 switch 2\n>p1 switch 5\n>p2 move flipturn\n>p2 switch 5\n>p1 move leechseed terastallize\n>p2 move uturn\n>p2 switch 3\n>p1 move substitute\n>p2 move voltswitch\n>p2 switch 5\n>p1 move sludgebomb\n>p2 move wavecrash\n>p1 switch 4\n>p1 move calmmind\n>p2 switch 3\n>p1 move dracometeor\n>p2 move knockoff\n>p1 switch 5\n>p2 move knockoff\n>p1 move swordsdance\n>p2 switch 5\n>p1 move swordsdance\n>p2 move thunderbolt\n>p1 move closecombat\n>p2 move thunderbolt\n>p2 switch 5\n>p1 move spiritbreak\n>p2 move powerwhip\n>p1 switch 5\n>p1 move recover\n>p2 move powerwhip\n>p1 switch 2\n>p1 move originpulse\n>p2 move powerwhip", "uploadtime": 1782845369, "views": 6, "formatid": "gen9randombattle", "rating": 1980, "private": 0, "password": null, "player_dets": [{"name": "Quaker p", "avatar": "plasmagrunt", "rating": 2002, "seed": "sodium,aec11f471bcd7576143f811f2d4b8326"}, {"name": "ccardinals5", "avatar": "102", "rating": 1975, "seed": "sodium,a9092895cb0ab42507bfe599ea84f5a3"}], "teams_full": [{"Phione": {"name": "Phione", "species": "Phione", "speciesId": "phione", "gender": "N", "shiny": false, "level": 91, "moves": ["rest", "sleeptalk", "takeheart", "scald"], "ability": "Hydration", "evs": {"hp": 85, "atk": 0, "def": 85, "spa": 85, "spd": 85, "spe": 85}, "ivs": {"hp": 31, "atk": 0, "def": 31, "spa": 31, "spd": 31, "spe": 31}, "item": "Leftovers", "teraType": "Dragon", "role": "Bulky Setup", "bvs": {"hp": 80, "atk": 80, "def": 80, "spa": 80, "spd": 80, "spe": 80}, "stats": {"hp": 293, "atk": 150, "def": 197, "spa": 197, "spd": 197, "spe": 197}, "types": ["Water"]}, "Kyogre": {"name": "Kyogre", "species": "Kyogre", "speciesId": "kyogre", "gender": "N", "shiny": false, "level": 71, "moves": ["originpulse", "thunder", "icebeam", "waterspout"], "ability": "Drizzle", "evs": {"hp": 85, "atk": 0, "def": 85, "spa": 85, "spd": 85, "spe": 85}, "ivs": {"hp": 31, "atk": 0, "def": 31, "spa": 31, "spd": 31, "spe": 31}, "item": "Choice Scarf", "teraType": "Water", "role": "Fast Attacker", "bvs": {"hp": 100, "atk": 100, "def": 90, "spa": 150, "spd": 140, "spe": 90}, "stats": {"hp": 259, "atk": 147, "def": 169, "spa": 254, "spd": 240, "spe": 169}, "types": ["Water"]}, "Bellibolt": {"name": "Bellibolt", "species": "Bellibolt", "speciesId": "bellibolt", "gender": "F", "shiny": false, "level": 84, "moves": ["voltswitch", "muddywater", "thunderbolt", "slackoff"], "ability": "Electromorphosis", "evs": {"hp": 85, "atk": 0, "def": 85, "spa": 85, "spd": 85, "spe": 85}, "ivs": {"hp": 31, "atk": 0, "def": 31, "spa": 31, "spd": 31, "spe": 31}, "item": "Leftovers", "teraType": "Water", "role": "Bulky Attacker", "bvs": {"hp": 109, "atk": 64, "def": 91, "spa": 103, "spd": 83, "spe": 45}, "stats": {"hp": 320, "atk": 112, "def": 201, "spa": 221, "spd": 188, "spe": 124}, "types": ["Electric"]}, "Latias": {"name": "Latias", "species": "Latias", "speciesId": "latias", "gender": "F", "shiny": false, "level": 79, "moves": ["calmmind", "recover", "dracometeor", "psyshock"], "ability": "Levitate", "evs": {"hp": 85, "atk": 0, "def": 85, "spa": 85, "spd": 85, "spe": 85}, "ivs": {"hp": 31, "atk": 0, "def": 31, "spa": 31, "spd": 31, "spe": 31}, "item": "Soul Dew", "teraType": "Steel", "role": "Fast Bulky Setup", "bvs": {"hp": 80, "atk": 80, "def": 90, "spa": 110, "spd": 130, "spe": 110}, "stats": {"hp": 256, "atk": 131, "def": 188, "spa": 219, "spd": 251, "spe": 219}, "types": ["Dragon", "Psychic"]}, "Exeggutor": {"name": "Exeggutor", "species": "Exeggutor", "speciesId": "exeggutor", "gender": "F", "shiny": false, "level": 89, "moves": ["sludgebomb", "psychicnoise", "leechseed", "substitute"], "ability": "Harvest", "evs": {"hp": 77, "atk": 0, "def": 85, "spa": 85, "spd": 85, "spe": 85}, "ivs": {"hp": 31, "atk": 0, "def": 31, "spa": 31, "spd": 31, "spe": 31}, "item": "Sitrus Berry", "teraType": "Steel", "role": "Bulky Support", "bvs": {"hp": 95, "atk": 95, "def": 85, "spa": 125, "spd": 75, "spe": 55}, "stats": {"hp": 312, "atk": 174, "def": 202, "spa": 273, "spd": 184, "spe": 149}, "types": ["Grass", "Psychic"]}, "Iron Valiant": {"name": "Iron Valiant", "species": "Iron Valiant", "speciesId": "ironvaliant", "gender": "N", "shiny": false, "level": 78, "moves": ["closecombat", "knockoff", "spiritbreak", "swordsdance"], "ability": "Quark Drive", "evs": {"hp": 85, "atk": 85, "def": 85, "spa": 85, "spd": 85, "spe": 85}, "ivs": {"hp": 31, "atk": 31, "def": 31, "spa": 31, "spd": 31, "spe": 31}, "item": "Life Orb", "teraType": "Fighting", "role": "Setup Sweeper", "bvs": {"hp": 74, "atk": 130, "def": 90, "spa": 120, "spd": 60, "spe": 116}, "stats": {"hp": 244, "atk": 248, "def": 185, "spa": 232, "spd": 139, "spe": 226}, "types": ["Fairy", "Fighting"]}}, {"Bruxish": {"name": "Bruxish", "species": "Bruxish", "speciesId": "bruxish", "gender": "M", "shiny": false, "level": 85, "moves": ["psychicfangs", "flipturn", "crunch", "wavecrash"], "ability": "Strong Jaw", "evs": {"hp": 85, "atk": 85, "def": 85, "spa": 85, "spd": 85, "spe": 85}, "ivs": {"hp": 31, "atk": 31, "def": 31, "spa": 31, "spd": 31, "spe": 31}, "item": "Choice Band", "teraType": "Dark", "role": "Fast Attacker", "bvs": {"hp": 68, "atk": 105, "def": 70, "spa": 70, "spd": 70, "spe": 92}, "stats": {"hp": 254, "atk": 227, "def": 168, "spa": 168, "spd": 168, "spe": 205}, "types": ["Water", "Psychic"]}, "Haxorus": {"name": "Haxorus", "species": "Haxorus", "speciesId": "haxorus", "gender": "F", "shiny": false, "level": 77, "moves": ["scaleshot", "swordsdance", "ironhead", "earthquake"], "ability": "Mold Breaker", "evs": {"hp": 85, "atk": 85, "def": 85, "spa": 85, "spd": 85, "spe": 85}, "ivs": {"hp": 31, "atk": 31, "def": 31, "spa": 31, "spd": 31, "spe": 31}, "item": "Loaded Dice", "teraType": "Steel", "role": "Fast Bulky Setup", "bvs": {"hp": 76, "atk": 147, "def": 90, "spa": 60, "spd": 70, "spe": 97}, "stats": {"hp": 244, "atk": 271, "def": 183, "spa": 137, "spd": 152, "spe": 194}, "types": ["Dragon"]}, "Bellibolt": {"name": "Bellibolt", "species": "Bellibolt", "speciesId": "bellibolt", "gender": "F", "shiny": false, "level": 84, "moves": ["voltswitch", "thunderbolt", "slackoff", "muddywater"], "ability": "Electromorphosis", "evs": {"hp": 85, "atk": 0, "def": 85, "spa": 85, "spd": 85, "spe": 85}, "ivs": {"hp": 31, "atk": 0, "def": 31, "spa": 31, "spd": 31, "spe": 31}, "item": "Leftovers", "teraType": "Electric", "role": "Bulky Attacker", "bvs": {"hp": 109, "atk": 64, "def": 91, "spa": 103, "spd": 83, "spe": 45}, "stats": {"hp": 320, "atk": 112, "def": 201, "spa": 221, "spd": 188, "spe": 124}, "types": ["Electric"]}, "Rotom": {"name": "Rotom", "species": "Rotom", "speciesId": "rotom", "gender": "N", "shiny": false, "level": 88, "moves": ["trick", "voltswitch", "thunderbolt", "shadowball"], "ability": "Levitate", "evs": {"hp": 85, "atk": 0, "def": 85, "spa": 85, "spd": 85, "spe": 85}, "ivs": {"hp": 31, "atk": 0, "def": 31, "spa": 31, "spd": 31, "spe": 31}, "item": "Choice Scarf", "teraType": "Electric", "role": "Fast Attacker", "bvs": {"hp": 50, "atk": 50, "def": 77, "spa": 95, "spd": 77, "spe": 91}, "stats": {"hp": 231, "atk": 93, "def": 186, "spa": 217, "spd": 186, "spe": 210}, "types": ["Electric", "Ghost"]}, "Zarude": {"name": "Zarude", "species": "Zarude-Dada", "speciesId": "zarude", "gender": "N", "shiny": false, "level": 77, "moves": ["uturn", "closecombat", "knockoff", "powerwhip"], "ability": "Leaf Guard", "evs": {"hp": 85, "atk": 85, "def": 85, "spa": 85, "spd": 85, "spe": 85}, "ivs": {"hp": 31, "atk": 31, "def": 31, "spa": 31, "spd": 31, "spe": 31}, "item": "Choice Scarf", "teraType": "Dark", "role": "Fast Attacker", "bvs": {"hp": 105, "atk": 120, "def": 105, "spa": 70, "spd": 95, "spe": 105}, "stats": {"hp": 288, "atk": 229, "def": 206, "spa": 152, "spd": 191, "spe": 206}, "types": ["Dark", "Grass"]}, "Venusaur": {"name": "Venusaur", "species": "Venusaur", "speciesId": "venusaur", "gender": "F", "shiny": false, "level": 84, "moves": ["sleeppowder", "substitute", "leechseed", "sludgebomb"], "ability": "Chlorophyll", "evs": {"hp": 85, "atk": 0, "def": 85, "spa": 85, "spd": 85, "spe": 85}, "ivs": {"hp": 31, "atk": 0, "def": 31, "spa": 31, "spd": 31, "spe": 31}, "item": "Leftovers", "teraType": "Water", "role": "Bulky Support", "bvs": {"hp": 80, "atk": 82, "def": 83, "spa": 100, "spd": 100, "spe": 80}, "stats": {"hp": 272, "atk": 142, "def": 188, "spa": 216, "spd": 216, "spe": 183}, "types": ["Grass", "Poison"]}}]}