{"id": "gen9randombattle-2641587507", "format": "[Gen 9] Random Battle", "players": ["possss", "CableNA"], "log": "|j|\u2606possss\n|j|\u2606CableNA\n|t:|1782813799\n|gametype|singles\n|player|p1|possss|grimsley|1994\n|player|p2|CableNA|cameraman|1931\n|gen|9\n|tier|[Gen 9] Random Battle\n|rated|\n|rule|Species Clause: Limit one of each Pok\u00e9mon\n|rule|HP Percentage Mod: HP is shown in percentages\n|rule|Sleep Clause Mod: Limit one foe put to sleep\n|rule|Illusion Level Mod: Illusion disguises the Pok\u00e9mon's true level\n|\n|t:|1782813799\n|teamsize|p1|6\n|teamsize|p2|6\n|start\n|switch|p1a: Flapple|Flapple, L88, F|266/266\n|switch|p2a: Meowstic|Meowstic, L89, M|277/277\n|turn|1\n|j| lilboymp4\n|\n|t:|1782813826\n|move|p2a: Meowstic|Reflect|p2a: Meowstic\n|-sidestart|p2: CableNA|Reflect\n|move|p1a: Flapple|Grav Apple|p2a: Meowstic\n|-damage|p2a: Meowstic|201/277\n|-unboost|p2a: Meowstic|def|1\n|\n|upkeep\n|turn|2\n|\n|t:|1782813848\n|move|p2a: Meowstic|Thunder Wave|p1a: Flapple\n|-status|p1a: Flapple|par\n|-enditem|p1a: Flapple|Lum Berry|[eat]\n|-curestatus|p1a: Flapple|par|[msg]\n|move|p1a: Flapple|Dragon Dance|p1a: Flapple\n|-boost|p1a: Flapple|atk|1\n|-boost|p1a: Flapple|spe|1\n|\n|upkeep\n|turn|3\n|\n|t:|1782813863\n|switch|p2a: Tauros|Tauros-Paldea-Aqua, L81, M|254/254\n|-ability|p2a: Tauros|Intimidate|boost\n|-unboost|p1a: Flapple|atk|1\n|move|p1a: Flapple|Outrage|p2a: Tauros|[miss]\n|-miss|p1a: Flapple|p2a: Tauros\n|\n|upkeep\n|turn|4\n|\n|t:|1782813874\n|move|p1a: Flapple|Grav Apple|p2a: Tauros|[miss]\n|-miss|p1a: Flapple|p2a: Tauros\n|move|p2a: Tauros|Bulk Up|p2a: Tauros\n|-boost|p2a: Tauros|atk|1\n|-boost|p2a: Tauros|def|1\n|\n|upkeep\n|turn|5\n|\n|t:|1782813881\n|move|p1a: Flapple|Grav Apple|p2a: Tauros\n|-supereffective|p2a: Tauros\n|-damage|p2a: Tauros|167/254\n|-unboost|p2a: Tauros|def|1\n|move|p2a: Tauros|Close Combat|p1a: Flapple\n|-damage|p1a: Flapple|20/266\n|-unboost|p2a: Tauros|def|1\n|-unboost|p2a: Tauros|spd|1\n|-damage|p2a: Tauros|142/254|[from] item: Life Orb\n|\n|upkeep\n|turn|6\n|\n|t:|1782813891\n|move|p2a: Tauros|Aqua Jet|p1a: Flapple\n|-resisted|p1a: Flapple\n|-damage|p1a: Flapple|0 fnt\n|faint|p1a: Flapple\n|-damage|p2a: Tauros|117/254|[from] item: Life Orb\n|\n|upkeep\n|\n|t:|1782813903\n|switch|p1a: Raikou|Raikou, L81|278/278\n|-ability|p1a: Raikou|Pressure\n|turn|7\n|\n|t:|1782813920\n|move|p2a: Tauros|Aqua Jet|p1a: Raikou\n|-damage|p1a: Raikou|173/278\n|-damage|p2a: Tauros|92/254|[from] item: Life Orb\n|move|p1a: Raikou|Volt Switch|p2a: Tauros\n|-supereffective|p2a: Tauros\n|-damage|p2a: Tauros|0 fnt\n|faint|p2a: Tauros\n|\n|t:|1782813947\n|switch|p1a: Cramorant|Cramorant, L86, M|261/261|[from] Volt Switch\n|\n|upkeep\n|\n|t:|1782813967\n|switch|p2a: Porygon-Z|Porygon-Z, L83|277/277\n|turn|8\n|\n|t:|1782813983\n|switch|p1a: Raikou|Raikou, L81|173/278\n|-ability|p1a: Raikou|Pressure\n|move|p2a: Porygon-Z|Nasty Plot|p2a: Porygon-Z\n|-boost|p2a: Porygon-Z|spa|2\n|\n|-sideend|p2: CableNA|Reflect\n|upkeep\n|turn|9\n|\n|t:|1782813998\n|move|p1a: Raikou|Thunderbolt|p2a: Porygon-Z\n|-damage|p2a: Porygon-Z|91/277\n|move|p2a: Porygon-Z|Tera Blast|p1a: Raikou\n|-damage|p1a: Raikou|0 fnt\n|faint|p1a: Raikou\n|-damage|p2a: Porygon-Z|64/277|[from] item: Life Orb\n|\n|upkeep\n|\n|t:|1782814014\n|switch|p1a: Girafarig|Girafarig, L89, F|269/269\n|turn|10\n|\n|t:|1782814023\n|switch|p2a: Iron Moth|Iron Moth, L78|253/253\n|move|p1a: Girafarig|Hyper Voice|p2a: Iron Moth\n|-crit|p2a: Iron Moth\n|-damage|p2a: Iron Moth|123/253\n|\n|upkeep\n|turn|11\n|\n|t:|1782814033\n|move|p2a: Iron Moth|Sludge Wave|p1a: Girafarig\n|-damage|p1a: Girafarig|122/269\n|move|p1a: Girafarig|Psyshock|p2a: Iron Moth\n|-supereffective|p2a: Iron Moth\n|-damage|p2a: Iron Moth|0 fnt\n|faint|p2a: Iron Moth\n|-end|p2a: Iron Moth|Quark Drive|[silent]\n|\n|upkeep\n|\n|t:|1782814046\n|switch|p2a: Infernape|Infernape, L82, F|259/259\n|turn|12\n|l| lilboymp4\n|\n|t:|1782814071\n|move|p2a: Infernape|Knock Off|p1a: Girafarig\n|-supereffective|p1a: Girafarig\n|-damage|p1a: Girafarig|0 fnt\n|-enditem|p1a: Girafarig|Eviolite|[from] move: Knock Off|[of] p2a: Infernape\n|faint|p1a: Girafarig\n|-damage|p2a: Infernape|234/259|[from] item: Life Orb\n|\n|upkeep\n|\n|t:|1782814074\n|switch|p1a: Cramorant|Cramorant, L86, M|261/261\n|turn|13\n|\n|t:|1782814088\n|switch|p2a: Veluza|Veluza, L85, F|292/292\n|move|p1a: Cramorant|Surf|p2a: Veluza\n|-formechange|p1a: Cramorant|Cramorant-Gulping|\n|-resisted|p2a: Veluza\n|-damage|p2a: Veluza|239/292\n|\n|upkeep\n|turn|14\n|\n|t:|1782814098\n|move|p1a: Cramorant|Brave Bird|p2a: Veluza\n|-damage|p2a: Veluza|103/292\n|-damage|p1a: Cramorant|216/261|[from] Recoil\n|move|p2a: Veluza|Psycho Cut|p1a: Cramorant\n|-damage|p1a: Cramorant|0 fnt\n|-damage|p2a: Veluza|30/292|[from] ability: Gulp Missile|[of] p1a: Cramorant\n|-unboost|p2a: Veluza|def|1\n|-formechange|p1a: Cramorant|Cramorant|\n|faint|p1a: Cramorant\n|\n|upkeep\n|\n|t:|1782814109\n|switch|p1a: Heracross|Heracross, L80, M|259/259\n|turn|15\n|\n|t:|1782814113\n|move|p1a: Heracross|Trailblaze|p2a: Veluza\n|-supereffective|p2a: Veluza\n|-damage|p2a: Veluza|0 fnt\n|-boost|p1a: Heracross|spe|1\n|faint|p2a: Veluza\n|\n|-status|p1a: Heracross|brn|[from] item: Flame Orb\n|upkeep\n|\n|t:|1782814126\n|switch|p2a: Meowstic|Meowstic, L89, M|201/277\n|turn|16\n|\n|t:|1782814130\n|move|p2a: Meowstic|Reflect|p2a: Meowstic\n|-sidestart|p2: CableNA|Reflect\n|move|p1a: Heracross|Knock Off|p2a: Meowstic\n|-supereffective|p2a: Meowstic\n|-damage|p2a: Meowstic|71/277\n|-enditem|p2a: Meowstic|Light Clay|[from] move: Knock Off|[of] p1a: Heracross\n|\n|-damage|p1a: Heracross|243/259 brn|[from] brn\n|upkeep\n|turn|17\n|\n|t:|1782814140\n|move|p2a: Meowstic|Light Screen|p2a: Meowstic\n|-sidestart|p2: CableNA|move: Light Screen\n|move|p1a: Heracross|Facade|p2a: Meowstic\n|-damage|p2a: Meowstic|0 fnt\n|faint|p2a: Meowstic\n|\n|-damage|p1a: Heracross|227/259 brn|[from] brn\n|upkeep\n|\n|t:|1782814149\n|switch|p2a: Infernape|Infernape, L82, F|234/259\n|turn|18\n|\n|t:|1782814159\n|move|p1a: Heracross|Facade|p2a: Infernape\n|-damage|p2a: Infernape|131/259\n|move|p2a: Infernape|Overheat|p1a: Heracross\n|-supereffective|p1a: Heracross\n|-damage|p1a: Heracross|0 fnt\n|-unboost|p2a: Infernape|spa|2\n|faint|p1a: Heracross\n|-damage|p2a: Infernape|106/259|[from] item: Life Orb\n|\n|upkeep\n|\n|t:|1782814169\n|switch|p1a: Lapras|Lapras, L87, F|367/367\n|turn|19\n|\n|t:|1782814182\n|move|p2a: Infernape|Close Combat|p1a: Lapras\n|-supereffective|p1a: Lapras\n|-damage|p1a: Lapras|13/367\n|-unboost|p2a: Infernape|def|1\n|-unboost|p2a: Infernape|spd|1\n|-damage|p2a: Infernape|81/259|[from] item: Life Orb\n|move|p1a: Lapras|Dragon Dance|p1a: Lapras\n|-boost|p1a: Lapras|atk|1\n|-boost|p1a: Lapras|spe|1\n|\n|upkeep\n|turn|20\n|\n|t:|1782814195\n|move|p1a: Lapras|Waterfall|p2a: Infernape\n|-supereffective|p2a: Infernape\n|-damage|p2a: Infernape|0 fnt\n|faint|p2a: Infernape\n|\n|upkeep\n|\n|t:|1782814200\n|switch|p2a: Porygon-Z|Porygon-Z, L83|64/277\n|turn|21\n|\n|t:|1782814204\n|move|p1a: Lapras|Icicle Spear|p2a: Porygon-Z\n|-damage|p2a: Porygon-Z|42/277\n|-damage|p2a: Porygon-Z|19/277\n|-damage|p2a: Porygon-Z|0 fnt\n|faint|p2a: Porygon-Z\n|-hitcount|p2: Porygon-Z|3\n|\n|win|possss\n|raw|possss's rating: 1994 &rarr; <strong>2010</strong><br />(+16 for winning)\n|raw|CableNA's rating: 1931 &rarr; <strong>1915</strong><br />(-16 for losing)\n", "inputlog": ">version f8ac14003a5f27e1bdc8d8c59608a773c1cb96e5\n>start {\"formatid\":\"gen9randombattle\",\"seed\":\"sodium,92c255e8f291713833f0b29dfc6cbdd5\",\"rated\":\"Rated battle\"}\n>player p1 {\"name\":\"possss\",\"avatar\":\"grimsley\",\"rating\":1994,\"seed\":\"sodium,386477cdf2979ca25021413214ea6a5e\"}\n>player p2 {\"name\":\"CableNA\",\"avatar\":\"cameraman\",\"rating\":1931,\"seed\":\"sodium,6c620c21110bfdb8fef545a6765cc75f\"}\n>p1 move gravapple\n>p2 move reflect\n>p1 move dragondance\n>p2 move thunderwave\n>p1 move outrage\n>p2 switch 4\n>p1 move gravapple\n>p2 move bulkup\n>p1 move gravapple\n>p2 move closecombat\n>p1 move gravapple\n>p2 move aquajet\n>p1 switch 6\n>p1 move voltswitch\n>p2 move aquajet\n>p1 switch 2\n>p2 switch 5\n>p1 switch 2\n>p2 move nastyplot\n>p1 move thunderbolt\n>p2 move terablast\n>p1 switch 4\n>p1 move hypervoice\n>p2 switch 6\n>p1 move psyshock\n>p2 move sludgewave\n>p2 switch 3\n>p1 move psyshock\n>p2 move knockoff\n>p1 switch 2\n>p1 move surf\n>p2 switch 2\n>p1 move bravebird\n>p2 move psychocut\n>p1 switch 5\n>p1 move trailblaze\n>p2 move psychocut\n>p2 switch 4\n>p1 move knockoff\n>p2 move reflect\n>p1 move facade\n>p2 move lightscreen\n>p2 switch 2\n>p1 move facade\n>p2 move overheat\n>p1 switch 3\n>p1 move dragondance\n>p2 move closecombat\n>p1 move waterfall\n>p2 move knockoff\n>p2 switch 6\n>p1 move iciclespear\n>p2 move shadowball", "uploadtime": 1782813802, "views": 12, "formatid": "gen9randombattle", "rating": 1915, "private": 0, "password": null, "player_dets": [{"name": "possss", "avatar": "grimsley", "rating": 1994, "seed": "sodium,386477cdf2979ca25021413214ea6a5e"}, {"name": "CableNA", "avatar": "cameraman", "rating": 1931, "seed": "sodium,6c620c21110bfdb8fef545a6765cc75f"}], "teams_full": [{"Flapple": {"name": "Flapple", "species": "Flapple", "speciesId": "flapple", "gender": "F", "shiny": false, "level": 88, "moves": ["gravapple", "dragondance", "outrage", "terablast"], "ability": "Hustle", "evs": {"hp": 85, "atk": 85, "def": 85, "spa": 85, "spd": 85, "spe": 85}, "ivs": {"hp": 31, "atk": 31, "def": 31, "spa": 31, "spd": 31, "spe": 31}, "item": "Lum Berry", "teraType": "Fire", "role": "Tera Blast user", "bvs": {"hp": 70, "atk": 110, "def": 80, "spa": 95, "spd": 60, "spe": 70}, "stats": {"hp": 266, "atk": 244, "def": 191, "spa": 217, "spd": 156, "spe": 173}, "types": ["Grass", "Dragon"]}, "Cramorant": {"name": "Cramorant", "species": "Cramorant", "speciesId": "cramorant", "gender": "M", "shiny": false, "level": 86, "moves": ["defog", "bravebird", "surf", "roost"], "ability": "Gulp Missile", "evs": {"hp": 85, "atk": 85, "def": 85, "spa": 85, "spd": 85, "spe": 85}, "ivs": {"hp": 31, "atk": 31, "def": 31, "spa": 31, "spd": 31, "spe": 31}, "item": "Heavy-Duty Boots", "teraType": "Ground", "role": "Bulky Support", "bvs": {"hp": 70, "atk": 85, "def": 55, "spa": 85, "spd": 95, "spe": 85}, "stats": {"hp": 261, "atk": 195, "def": 144, "spa": 195, "spd": 213, "spe": 195}, "types": ["Flying", "Water"]}, "Lapras": {"name": "Lapras", "species": "Lapras", "speciesId": "lapras", "gender": "F", "shiny": false, "level": 87, "moves": ["waterfall", "dragondance", "earthquake", "iciclespear"], "ability": "Water Absorb", "evs": {"hp": 81, "atk": 85, "def": 85, "spa": 85, "spd": 85, "spe": 85}, "ivs": {"hp": 31, "atk": 31, "def": 31, "spa": 31, "spd": 31, "spe": 31}, "item": "Loaded Dice", "teraType": "Ground", "role": "Setup Sweeper", "bvs": {"hp": 130, "atk": 85, "def": 80, "spa": 85, "spd": 95, "spe": 60}, "stats": {"hp": 367, "atk": 198, "def": 189, "spa": 198, "spd": 215, "spe": 154}, "types": ["Water", "Ice"]}, "Girafarig": {"name": "Girafarig", "species": "Girafarig", "speciesId": "girafarig", "gender": "F", "shiny": false, "level": 89, "moves": ["thunderbolt", "nastyplot", "psyshock", "hypervoice"], "ability": "Sap Sipper", "evs": {"hp": 85, "atk": 0, "def": 85, "spa": 85, "spd": 85, "spe": 85}, "ivs": {"hp": 31, "atk": 0, "def": 31, "spa": 31, "spd": 31, "spe": 31}, "item": "Eviolite", "teraType": "Electric", "role": "Fast Bulky Setup", "bvs": {"hp": 70, "atk": 80, "def": 65, "spa": 90, "spd": 65, "spe": 85}, "stats": {"hp": 269, "atk": 147, "def": 166, "spa": 211, "spd": 166, "spe": 202}, "types": ["Normal", "Psychic"]}, "Heracross": {"name": "Heracross", "species": "Heracross", "speciesId": "heracross", "gender": "M", "shiny": false, "level": 80, "moves": ["knockoff", "facade", "trailblaze", "closecombat"], "ability": "Guts", "evs": {"hp": 85, "atk": 85, "def": 85, "spa": 85, "spd": 85, "spe": 85}, "ivs": {"hp": 31, "atk": 31, "def": 31, "spa": 31, "spd": 31, "spe": 31}, "item": "Flame Orb", "teraType": "Normal", "role": "Setup Sweeper", "bvs": {"hp": 80, "atk": 125, "def": 75, "spa": 40, "spd": 95, "spe": 85}, "stats": {"hp": 259, "atk": 246, "def": 166, "spa": 110, "spd": 198, "spe": 182}, "types": ["Bug", "Fighting"]}, "Raikou": {"name": "Raikou", "species": "Raikou", "speciesId": "raikou", "gender": "N", "shiny": false, "level": 81, "moves": ["thunderbolt", "scald", "voltswitch", "shadowball"], "ability": "Pressure", "evs": {"hp": 85, "atk": 0, "def": 85, "spa": 85, "spd": 85, "spe": 85}, "ivs": {"hp": 31, "atk": 0, "def": 31, "spa": 31, "spd": 31, "spe": 31}, "item": "Choice Specs", "teraType": "Electric", "role": "Bulky Attacker", "bvs": {"hp": 90, "atk": 85, "def": 75, "spa": 115, "spd": 100, "spe": 115}, "stats": {"hp": 278, "atk": 142, "def": 168, "spa": 233, "spd": 209, "spe": 233}, "types": ["Electric"]}}, {"Meowstic": {"name": "Meowstic", "species": "Meowstic", "speciesId": "meowstic", "gender": "M", "shiny": false, "level": 89, "moves": ["lightscreen", "thunderwave", "reflect", "psychicnoise"], "ability": "Prankster", "evs": {"hp": 85, "atk": 0, "def": 85, "spa": 85, "spd": 85, "spe": 85}, "ivs": {"hp": 31, "atk": 0, "def": 31, "spa": 31, "spd": 31, "spe": 31}, "item": "Light Clay", "teraType": "Fairy", "role": "Bulky Support", "bvs": {"hp": 74, "atk": 48, "def": 76, "spa": 83, "spd": 81, "spe": 104}, "stats": {"hp": 277, "atk": 90, "def": 186, "spa": 199, "spd": 195, "spe": 236}, "types": ["Psychic"]}, "Veluza": {"name": "Veluza", "species": "Veluza", "speciesId": "veluza", "gender": "F", "shiny": false, "level": 85, "moves": ["aquacutter", "aquajet", "psychocut", "nightslash"], "ability": "Sharpness", "evs": {"hp": 85, "atk": 85, "def": 85, "spa": 85, "spd": 85, "spe": 85}, "ivs": {"hp": 31, "atk": 31, "def": 31, "spa": 31, "spd": 31, "spe": 31}, "item": "Choice Band", "teraType": "Dark", "role": "Fast Attacker", "bvs": {"hp": 90, "atk": 102, "def": 73, "spa": 78, "spd": 65, "spe": 70}, "stats": {"hp": 292, "atk": 222, "def": 173, "spa": 181, "spd": 159, "spe": 168}, "types": ["Water", "Psychic"]}, "Infernape": {"name": "Infernape", "species": "Infernape", "speciesId": "infernape", "gender": "F", "shiny": false, "level": 82, "moves": ["overheat", "closecombat", "knockoff", "stoneedge"], "ability": "Blaze", "evs": {"hp": 85, "atk": 85, "def": 85, "spa": 85, "spd": 85, "spe": 85}, "ivs": {"hp": 31, "atk": 31, "def": 31, "spa": 31, "spd": 31, "spe": 31}, "item": "Life Orb", "teraType": "Fire", "role": "Fast Attacker", "bvs": {"hp": 76, "atk": 104, "def": 71, "spa": 104, "spd": 71, "spe": 108}, "stats": {"hp": 259, "atk": 218, "def": 164, "spa": 218, "spd": 164, "spe": 224}, "types": ["Fire", "Fighting"]}, "Tauros": {"name": "Tauros", "species": "Tauros-Paldea-Aqua", "speciesId": "taurospaldeaaqua", "gender": "M", "shiny": false, "level": 81, "moves": ["closecombat", "aquajet", "liquidation", "bulkup"], "ability": "Intimidate", "evs": {"hp": 85, "atk": 85, "def": 85, "spa": 85, "spd": 85, "spe": 85}, "ivs": {"hp": 31, "atk": 31, "def": 31, "spa": 31, "spd": 31, "spe": 31}, "item": "Life Orb", "teraType": "Water", "role": "Setup Sweeper", "bvs": {"hp": 75, "atk": 110, "def": 105, "spa": 30, "spd": 70, "spe": 100}, "stats": {"hp": 254, "atk": 225, "def": 217, "spa": 95, "spd": 160, "spe": 209}, "types": ["Fighting", "Water"]}, "Porygon-Z": {"name": "Porygon-Z", "species": "Porygon-Z", "speciesId": "porygonz", "gender": "N", "shiny": false, "level": 83, "moves": ["nastyplot", "terablast", "shadowball", "agility"], "ability": "Adaptability", "evs": {"hp": 85, "atk": 0, "def": 85, "spa": 85, "spd": 85, "spe": 85}, "ivs": {"hp": 31, "atk": 0, "def": 31, "spa": 31, "spd": 31, "spe": 31}, "item": "Life Orb", "teraType": "Fighting", "role": "Tera Blast user", "bvs": {"hp": 85, "atk": 80, "def": 70, "spa": 135, "spd": 75, "spe": 90}, "stats": {"hp": 277, "atk": 137, "def": 164, "spa": 272, "spd": 172, "spe": 197}, "types": ["Normal"]}, "Iron Moth": {"name": "Iron Moth", "species": "Iron Moth", "speciesId": "ironmoth", "gender": "N", "shiny": false, "level": 78, "moves": ["sludgewave", "energyball", "fierydance", "uturn"], "ability": "Quark Drive", "evs": {"hp": 85, "atk": 85, "def": 85, "spa": 85, "spd": 85, "spe": 85}, "ivs": {"hp": 31, "atk": 31, "def": 31, "spa": 31, "spd": 31, "spe": 31}, "item": "Choice Specs", "teraType": "Grass", "role": "Fast Attacker", "bvs": {"hp": 80, "atk": 70, "def": 60, "spa": 140, "spd": 110, "spe": 110}, "stats": {"hp": 253, "atk": 154, "def": 139, "spa": 263, "spd": 217, "spe": 217}, "types": ["Fire", "Poison"]}}]}