{"id": "gen9randombattle-2641759034", "format": "[Gen 9] Random Battle", "players": ["SigurdZZ", "PentaV"], "log": "|badge|p1|bronze|gen9randombattle|100-9\n|html|<div class=\"broadcast-red\"><strong>This battle is required to be public due to one or more player having a season medal.</strong><br />During the public phase, you can discuss the state of the ladder <a href=\"/seasondiscussion\">in a special chatroom.</a></div>\n|uhtml|medal-msg|<div class=\"broadcast-blue\">Curious what those medals under the avatar are? PS now has Ladder Seasons! For more information, check out the <a href=\"https://www.smogon.com/forums/threads/3740067/\">thread on Smogon.</a></div>\n|raw|<div class=\"broadcast-blue\"><strong>This battle is required to be public due to a player having a name starting with 'medal'.</div>\n|j|\u2606SigurdZZ\n|j|\u2606PentaV\n|t:|1782838488\n|gametype|singles\n|player|p1|SigurdZZ|misty|2236\n|player|p2|PentaV|170|2209\n|gen|9\n|tier|[Gen 9] Random Battle\n|rated|\n|rule|Species Clause: Limit one of each Pok\u00e9mon\n|rule|HP Percentage Mod: HP is shown in percentages\n|rule|Sleep Clause Mod: Limit one foe put to sleep\n|rule|Illusion Level Mod: Illusion disguises the Pok\u00e9mon's true level\n|\n|t:|1782838488\n|teamsize|p1|6\n|teamsize|p2|6\n|start\n|switch|p1a: Charizard|Charizard, L85, F|271/271\n|switch|p2a: Rabsca|Rabsca, L91, F|284/284\n|turn|1\n|inactive|Battle timer is ON: inactive players will automatically lose when time's up. (requested by SigurdZZ)\n|\n|t:|1782838498\n|switch|p2a: Bellibolt|Bellibolt, L84, M|320/320\n|move|p1a: Charizard|Swords Dance|p1a: Charizard\n|-boost|p1a: Charizard|atk|2\n|\n|upkeep\n|turn|2\n|\n|t:|1782838509\n|switch|p2a: Illumise|Illumise, L91, F|266/266\n|move|p1a: Charizard|Earthquake|p2a: Illumise\n|-resisted|p2a: Illumise\n|-damage|p2a: Illumise|196/266\n|\n|upkeep\n|turn|3\n|\n|t:|1782838525\n|move|p2a: Illumise|Thunder Wave|p1a: Charizard\n|-status|p1a: Charizard|par\n|cant|p1a: Charizard|par\n|\n|upkeep\n|turn|4\n|c|\u2606SigurdZZ|nice\n|\n|t:|1782838533\n|switch|p1a: Chansey|Chansey, L85, F|564/564\n|move|p2a: Illumise|Encore||[still]\n|-fail|p2a: Illumise\n|\n|upkeep\n|turn|5\n|\n|t:|1782838540\n|switch|p2a: Bellibolt|Bellibolt, L84, M|320/320\n|move|p1a: Chansey|Heal Bell|p1a: Chansey\n|-activate|p1a: Chansey|move: Heal Bell\n|-curestatus|p1: Charizard|par|[msg]\n|\n|upkeep\n|turn|6\n|\n|t:|1782838549\n|switch|p1a: Sunflora|Sunflora, F|312/312\n|switch|p2a: Gallade|Gallade, L80, M|240/240\n|\n|upkeep\n|turn|7\n|\n|t:|1782838561\n|switch|p2a: Bellibolt|Bellibolt, L84, M|320/320\n|-terastallize|p1a: Sunflora|Fairy\n|move|p1a: Sunflora|Dazzling Gleam|p2a: Bellibolt\n|-damage|p2a: Bellibolt|118/320\n|-start|p2a: Bellibolt|Charge|Dazzling Gleam|[from] ability: Electromorphosis\n|\n|-heal|p2a: Bellibolt|138/320|[from] item: Leftovers\n|upkeep\n|turn|8\n|\n|t:|1782838565\n|move|p2a: Bellibolt|Slack Off|p2a: Bellibolt\n|-heal|p2a: Bellibolt|298/320\n|move|p1a: Sunflora|Dazzling Gleam|p2a: Bellibolt\n|-damage|p2a: Bellibolt|111/320\n|-start|p2a: Bellibolt|Charge|Dazzling Gleam|[from] ability: Electromorphosis\n|\n|-heal|p2a: Bellibolt|131/320|[from] item: Leftovers\n|upkeep\n|turn|9\n|\n|t:|1782838572\n|move|p2a: Bellibolt|Slack Off|p2a: Bellibolt\n|-heal|p2a: Bellibolt|291/320\n|move|p1a: Sunflora|Dazzling Gleam|p2a: Bellibolt\n|-damage|p2a: Bellibolt|108/320\n|-start|p2a: Bellibolt|Charge|Dazzling Gleam|[from] ability: Electromorphosis\n|\n|-heal|p2a: Bellibolt|128/320|[from] item: Leftovers\n|upkeep\n|turn|10\n|\n|t:|1782838575\n|move|p2a: Bellibolt|Slack Off|p2a: Bellibolt\n|-heal|p2a: Bellibolt|288/320\n|move|p1a: Sunflora|Dazzling Gleam|p2a: Bellibolt\n|-damage|p2a: Bellibolt|77/320\n|-start|p2a: Bellibolt|Charge|Dazzling Gleam|[from] ability: Electromorphosis\n|\n|-heal|p2a: Bellibolt|97/320|[from] item: Leftovers\n|upkeep\n|turn|11\n|\n|t:|1782838582\n|move|p2a: Bellibolt|Thunderbolt|p1a: Sunflora\n|-damage|p1a: Sunflora|137/312\n|-end|p2a: Bellibolt|Charge|[silent]\n|move|p1a: Sunflora|Dazzling Gleam|p2a: Bellibolt\n|-damage|p2a: Bellibolt|0 fnt\n|faint|p2a: Bellibolt\n|\n|upkeep\n|\n|t:|1782838595\n|switch|p2a: Gallade|Gallade, L80, M|240/240\n|turn|12\n|\n|t:|1782838599\n|switch|p1a: Hypno|Hypno, L95, F|315/315\n|move|p2a: Gallade|Psycho Cut|p1a: Hypno\n|-resisted|p1a: Hypno\n|-damage|p1a: Hypno|234/315\n|-damage|p2a: Gallade|216/240|[from] item: Life Orb\n|\n|-heal|p1a: Hypno|253/315|[from] item: Leftovers\n|upkeep\n|turn|13\n|\n|t:|1782838606\n|switch|p2a: Rabsca|Rabsca, L91, F|284/284\n|move|p1a: Hypno|Toxic|p2a: Rabsca\n|-status|p2a: Rabsca|tox\n|-activate|p2a: Rabsca|ability: Synchronize\n|-status|p1a: Hypno|tox\n|\n|-heal|p1a: Hypno|272/315 tox|[from] item: Leftovers\n|-damage|p1a: Hypno|253/315 tox|[from] psn\n|-damage|p2a: Rabsca|267/284 tox|[from] psn\n|upkeep\n|turn|14\n|\n|t:|1782838621\n|switch|p1a: Charizard|Charizard, L85, F|271/271\n|move|p2a: Rabsca|Revival Blessing|p2a: Rabsca\n|\n|t:|1782838623\n|-heal|p2: Bellibolt|160/320|[from] move: Revival Blessing\n|\n|-damage|p2a: Rabsca|233/284 tox|[from] psn\n|upkeep\n|turn|15\n|\n|t:|1782838628\n|move|p1a: Charizard|Flare Blitz|p2a: Rabsca\n|-supereffective|p2a: Rabsca\n|-damage|p2a: Rabsca|0 fnt\n|faint|p2a: Rabsca\n|-damage|p1a: Charizard|194/271|[from] Recoil\n|\n|upkeep\n|\n|t:|1782838654\n|switch|p2a: Dunsparce|Dunsparce, L86, F|312/312\n|turn|16\n|\n|t:|1782838675\n|switch|p1a: Hypno|Hypno, L95, F|253/315 tox\n|move|p2a: Dunsparce|Body Slam|p1a: Hypno\n|-crit|p1a: Hypno\n|-damage|p1a: Hypno|133/315 tox\n|\n|-heal|p1a: Hypno|152/315 tox|[from] item: Leftovers\n|-damage|p1a: Hypno|133/315 tox|[from] psn\n|upkeep\n|turn|17\n|\n|t:|1782838687\n|switch|p2a: Illumise|Illumise, L91, F|196/266\n|move|p1a: Hypno|Psychic Noise|p2a: Illumise\n|-damage|p2a: Illumise|114/266\n|-start|p2a: Illumise|move: Heal Block\n|\n|-heal|p1a: Hypno|152/315 tox|[from] item: Leftovers\n|-damage|p1a: Hypno|114/315 tox|[from] psn\n|upkeep\n|turn|18\n|\n|t:|1782838692\n|switch|p1a: Chansey|Chansey, L85, F|564/564\n|move|p2a: Illumise|Bug Buzz|p1a: Chansey\n|-damage|p1a: Chansey|509/564\n|-unboost|p1a: Chansey|spd|1\n|\n|-end|p2a: Illumise|move: Heal Block\n|upkeep\n|turn|19\n|\n|t:|1782838700\n|switch|p2a: Bellibolt|Bellibolt, L84, M|160/320\n|move|p1a: Chansey|Thunder Wave|p2a: Bellibolt\n|-immune|p2a: Bellibolt\n|\n|-heal|p2a: Bellibolt|180/320|[from] item: Leftovers\n|upkeep\n|turn|20\n|\n|t:|1782838712\n|switch|p1a: Sunflora|Sunflora, F, tera:Fairy|137/312\n|move|p2a: Bellibolt|Slack Off|p2a: Bellibolt\n|-heal|p2a: Bellibolt|320/320\n|\n|upkeep\n|turn|21\n|\n|t:|1782838719\n|move|p2a: Bellibolt|Toxic|p1a: Sunflora\n|-status|p1a: Sunflora|tox\n|move|p1a: Sunflora|Earth Power|p2a: Bellibolt\n|-supereffective|p2a: Bellibolt\n|-damage|p2a: Bellibolt|36/320\n|-start|p2a: Bellibolt|Charge|Earth Power|[from] ability: Electromorphosis\n|\n|-heal|p2a: Bellibolt|56/320|[from] item: Leftovers\n|-damage|p1a: Sunflora|118/312 tox|[from] psn\n|upkeep\n|turn|22\n|\n|t:|1782838732\n|move|p2a: Bellibolt|Slack Off|p2a: Bellibolt\n|-heal|p2a: Bellibolt|216/320\n|move|p1a: Sunflora|Earth Power|p2a: Bellibolt\n|-supereffective|p2a: Bellibolt\n|-damage|p2a: Bellibolt|0 fnt\n|faint|p2a: Bellibolt\n|\n|-damage|p1a: Sunflora|80/312 tox|[from] psn\n|upkeep\n|\n|t:|1782838733\n|switch|p2a: Dunsparce|Dunsparce, L86, F|312/312\n|turn|23\n|\n|t:|1782838741\n|switch|p1a: Chansey|Chansey, L85, F|509/564\n|move|p2a: Dunsparce|Coil|p2a: Dunsparce\n|-boost|p2a: Dunsparce|atk|1\n|-boost|p2a: Dunsparce|def|1\n|-boost|p2a: Dunsparce|accuracy|1\n|\n|upkeep\n|turn|24\n|\n|t:|1782838749\n|move|p1a: Chansey|Thunder Wave|p2a: Dunsparce\n|-status|p2a: Dunsparce|par\n|move|p2a: Dunsparce|Body Slam|p1a: Chansey\n|-damage|p1a: Chansey|247/564\n|-status|p1a: Chansey|par\n|\n|upkeep\n|turn|25\n|\n|t:|1782838763\n|-curestatus|p1a: Chansey|par|[from] ability: Natural Cure|[silent]\n|switch|p1a: Gyarados|Gyarados, L79, F|280/280\n|-ability|p1a: Gyarados|Intimidate|boost\n|-unboost|p2a: Dunsparce|atk|1\n|cant|p2a: Dunsparce|par\n|\n|upkeep\n|turn|26\n|\n|t:|1782838771\n|move|p1a: Gyarados|Dragon Dance|p1a: Gyarados\n|-boost|p1a: Gyarados|atk|1\n|-boost|p1a: Gyarados|spe|1\n|move|p2a: Dunsparce|Body Slam|p1a: Gyarados\n|-damage|p1a: Gyarados|199/280\n|-status|p1a: Gyarados|par\n|\n|upkeep\n|turn|27\n|\n|t:|1782838773\n|move|p1a: Gyarados|Waterfall|p2a: Dunsparce\n|-damage|p2a: Dunsparce|237/312 par\n|cant|p2a: Dunsparce|par\n|\n|upkeep\n|turn|28\n|\n|t:|1782838777\n|move|p1a: Gyarados|Dragon Dance|p1a: Gyarados\n|-boost|p1a: Gyarados|atk|1\n|-boost|p1a: Gyarados|spe|1\n|cant|p2a: Dunsparce|par\n|\n|upkeep\n|turn|29\n|\n|t:|1782838780\n|cant|p1a: Gyarados|par\n|cant|p2a: Dunsparce|par\n|\n|upkeep\n|turn|30\n|c|\u2606PentaV|im getting the luck you got earlier\n|\n|t:|1782838795\n|cant|p1a: Gyarados|par\n|move|p2a: Dunsparce|Coil|p2a: Dunsparce\n|-boost|p2a: Dunsparce|atk|1\n|-boost|p2a: Dunsparce|def|1\n|-boost|p2a: Dunsparce|accuracy|1\n|\n|upkeep\n|turn|31\n|\n|t:|1782838801\n|cant|p1a: Gyarados|par\n|move|p2a: Dunsparce|Body Slam|p1a: Gyarados\n|-damage|p1a: Gyarados|75/280 par\n|\n|upkeep\n|turn|32\n|\n|t:|1782838803\n|move|p1a: Gyarados|Waterfall|p2a: Dunsparce\n|-crit|p2a: Dunsparce\n|-damage|p2a: Dunsparce|24/312 par\n|move|p2a: Dunsparce|Body Slam|p1a: Gyarados\n|-damage|p1a: Gyarados|0 fnt\n|faint|p1a: Gyarados\n|\n|upkeep\n|\n|t:|1782838807\n|switch|p1a: Sunflora|Sunflora, F, tera:Fairy|80/312 tox\n|turn|33\n|\n|t:|1782838810\n|move|p1a: Sunflora|Dazzling Gleam|p2a: Dunsparce\n|-damage|p2a: Dunsparce|0 fnt\n|faint|p2a: Dunsparce\n|\n|-damage|p1a: Sunflora|61/312 tox|[from] psn\n|upkeep\n|\n|t:|1782838827\n|switch|p2a: Spectrier|Spectrier, L75|274/274\n|turn|34\n|\n|t:|1782838852\n|move|p2a: Spectrier|Shadow Ball|p1a: Sunflora\n|-damage|p1a: Sunflora|0 fnt\n|faint|p1a: Sunflora\n|-ability|p2a: Spectrier|Grim Neigh|boost\n|-boost|p2a: Spectrier|spa|1\n|-damage|p2a: Spectrier|247/274|[from] item: Life Orb\n|\n|upkeep\n|\n|t:|1782838857\n|switch|p1a: Chansey|Chansey, L85, F|247/564\n|turn|35\n|\n|t:|1782838868\n|switch|p2a: Illumise|Illumise, L91, F|114/266\n|move|p1a: Chansey|Soft-Boiled|p1a: Chansey\n|-heal|p1a: Chansey|529/564\n|\n|upkeep\n|turn|36\n|\n|t:|1782838884\n|move|p2a: Illumise|Encore|p1a: Chansey\n|-start|p1a: Chansey|Encore\n|move|p1a: Chansey|Soft-Boiled|p1a: Chansey\n|-heal|p1a: Chansey|564/564\n|\n|upkeep\n|turn|37\n|\n|t:|1782838891\n|switch|p1a: Charizard|Charizard, L85, F|194/271\n|move|p2a: Illumise|Thunder Wave|p1a: Charizard\n|-status|p1a: Charizard|par\n|\n|upkeep\n|turn|38\n|\n|t:|1782838902\n|switch|p2a: Gallade|Gallade, L80, M|216/240\n|cant|p1a: Charizard|par\n|\n|upkeep\n|turn|39\n|c|\u2606SigurdZZ|ahan\n|\n|t:|1782838910\n|switch|p1a: Hypno|Hypno, L95, F|114/315 tox\n|move|p2a: Gallade|Psycho Cut|p1a: Hypno\n|-resisted|p1a: Hypno\n|-damage|p1a: Hypno|30/315 tox\n|-damage|p2a: Gallade|192/240|[from] item: Life Orb\n|\n|-heal|p1a: Hypno|49/315 tox|[from] item: Leftovers\n|-damage|p1a: Hypno|30/315 tox|[from] psn\n|upkeep\n|turn|40\n|l|\u2606PentaV\n|inactive|PentaV disconnected and has a minute to reconnect!\n|player|p2|\n|inactive|PentaV has 30 seconds to reconnect!\n|j|\u2606PentaV\n|inactive|PentaV reconnected and has 105 seconds left.\n|player|p2|PentaV|170|\n|\n|t:|1782838969\n|switch|p2a: Illumise|Illumise, L91, F|114/266\n|move|p1a: Hypno|Psychic Noise|p2a: Illumise\n|-damage|p2a: Illumise|39/266\n|-start|p2a: Illumise|move: Heal Block\n|\n|-heal|p1a: Hypno|49/315 tox|[from] item: Leftovers\n|-damage|p1a: Hypno|11/315 tox|[from] psn\n|upkeep\n|turn|41\n|\n|t:|1782838977\n|switch|p1a: Chansey|Chansey, L85, F|564/564\n|move|p2a: Illumise|Bug Buzz|p1a: Chansey\n|-damage|p1a: Chansey|513/564\n|\n|-end|p2a: Illumise|move: Heal Block\n|upkeep\n|turn|42\n|\n|t:|1782838984\n|switch|p2a: Gallade|Gallade, L80, M|192/240\n|move|p1a: Chansey|Seismic Toss|p2a: Gallade\n|-damage|p2a: Gallade|107/240\n|\n|upkeep\n|turn|43\n|\n|t:|1782838989\n|switch|p1a: Charizard|Charizard, L85, F|194/271 par\n|move|p2a: Gallade|Sacred Sword|p1a: Charizard\n|-resisted|p1a: Charizard\n|-damage|p1a: Charizard|85/271 par\n|-damage|p2a: Gallade|83/240|[from] item: Life Orb\n|\n|upkeep\n|turn|44\n|\n|t:|1782838993\n|move|p2a: Gallade|Sacred Sword|p1a: Charizard\n|-resisted|p1a: Charizard\n|-damage|p1a: Charizard|0 fnt\n|faint|p1a: Charizard\n|-damage|p2a: Gallade|59/240|[from] item: Life Orb\n|\n|upkeep\n|\n|t:|1782838995\n|switch|p1a: Hypno|Hypno, L95, F|11/315 tox\n|turn|45\n|\n|t:|1782838999\n|switch|p2a: Illumise|Illumise, L91, F|39/266\n|move|p1a: Hypno|Psychic Noise|p2a: Illumise\n|-damage|p2a: Illumise|0 fnt\n|faint|p2a: Illumise\n|\n|-heal|p1a: Hypno|30/315 tox|[from] item: Leftovers\n|-damage|p1a: Hypno|11/315 tox|[from] psn\n|upkeep\n|\n|t:|1782839005\n|switch|p2a: Spectrier|Spectrier, L75|247/274\n|turn|46\n|\n|t:|1782839018\n|move|p2a: Spectrier|Shadow Ball|p1a: Hypno\n|-supereffective|p1a: Hypno\n|-damage|p1a: Hypno|0 fnt\n|faint|p1a: Hypno\n|-ability|p2a: Spectrier|Grim Neigh|boost\n|-boost|p2a: Spectrier|spa|1\n|-damage|p2a: Spectrier|220/274|[from] item: Life Orb\n|\n|upkeep\n|\n|t:|1782839021\n|switch|p1a: Chansey|Chansey, L85, F|513/564\n|turn|47\n|\n|t:|1782839026\n|move|p2a: Spectrier|Nasty Plot|p2a: Spectrier\n|-boost|p2a: Spectrier|spa|2\n|move|p1a: Chansey|Thunder Wave|p2a: Spectrier\n|-status|p2a: Spectrier|par\n|\n|upkeep\n|turn|48\n|\n|t:|1782839030\n|switch|p1a: Milotic|Milotic, L83, F|293/293\n|move|p2a: Spectrier|Shadow Ball|p1a: Milotic\n|-damage|p1a: Milotic|71/293\n|-damage|p2a: Spectrier|193/274 par|[from] item: Life Orb\n|\n|-heal|p1a: Milotic|89/293|[from] item: Leftovers\n|upkeep\n|turn|49\n|\n|t:|1782839039\n|move|p1a: Milotic|Recover|p1a: Milotic\n|-heal|p1a: Milotic|236/293\n|cant|p2a: Spectrier|par\n|\n|-heal|p1a: Milotic|254/293|[from] item: Leftovers\n|upkeep\n|turn|50\n|c|\u2606PentaV|dang\n|\n|t:|1782839047\n|move|p1a: Milotic|Scald|p2a: Spectrier\n|-damage|p2a: Spectrier|99/274 par\n|move|p2a: Spectrier|Shadow Ball|p1a: Milotic\n|-damage|p1a: Milotic|24/293\n|-damage|p2a: Spectrier|72/274 par|[from] item: Life Orb\n|\n|-heal|p1a: Milotic|42/293|[from] item: Leftovers\n|upkeep\n|turn|51\n|c|\u2606PentaV|para's being the determining factor of this game is very fitting tho\n|c|\u2606PentaV|gg\n|\n|t:|1782839066\n|move|p1a: Milotic|Scald|p2a: Spectrier\n|-damage|p2a: Spectrier|0 fnt\n|faint|p2a: Spectrier\n|\n|-heal|p1a: Milotic|60/293|[from] item: Leftovers\n|upkeep\n|\n|t:|1782839067\n|switch|p2a: Gallade|Gallade, L80, M|59/240\n|turn|52\n|\n|t:|1782839075\n|move|p1a: Milotic|Scald|p2a: Gallade\n|-damage|p2a: Gallade|0 fnt\n|faint|p2a: Gallade\n|\n|win|SigurdZZ\n|raw|SigurdZZ's rating: 2236 &rarr; <strong>2254</strong><br />(+18 for winning)\n|raw|PentaV's rating: 2209 &rarr; <strong>2191</strong><br />(-18 for losing)\n", "inputlog": ">version f8ac14003a5f27e1bdc8d8c59608a773c1cb96e5\n>start {\"formatid\":\"gen9randombattle\",\"seed\":\"sodium,5778680eb3a6a259e50e2bf7cc624f31\",\"rated\":\"Rated battle\"}\n>player p1 {\"name\":\"SigurdZZ\",\"avatar\":\"misty\",\"rating\":2236,\"seed\":\"sodium,087c0b349762c49c8129cf19fc7ce075\"}\n>player p2 {\"name\":\"PentaV\",\"avatar\":\"170\",\"rating\":2209,\"seed\":\"sodium,11df598d95901f2dae0bb3010482deff\"}\n>p1 move swordsdance\n>p2 switch 5\n>p1 move earthquake\n>p2 switch 2\n>p1 move flareblitz\n>p2 move thunderwave\n>chat \u2606SigurdZZ|nice\n>p1 switch 6\n>p2 move encore\n>p1 move healbell\n>p2 switch 2\n>p1 switch 4\n>p2 switch 4\n>p1 move dazzlinggleam terastallize\n>p2 switch 4\n>p1 move dazzlinggleam\n>p2 move slackoff\n>p1 move dazzlinggleam\n>p2 move slackoff\n>p1 move dazzlinggleam\n>p2 move slackoff\n>p1 move dazzlinggleam\n>p2 move thunderbolt\n>p2 switch 4\n>p1 switch 2\n>p2 move psychocut\n>p1 move toxic\n>p2 switch 5\n>p1 switch 6\n>p2 move revivalblessing\n>p2 switch 4\n>p1 move flareblitz\n>p2 move trickroom\n>p2 switch 3\n>p1 switch 6\n>p2 move bodyslam\n>p1 move psychicnoise\n>p2 switch 2\n>p1 switch 4\n>p2 move bugbuzz\n>p1 move thunderwave\n>p2 switch 4\n>p1 switch 2\n>p2 move slackoff\n>p1 move earthpower\n>p2 move toxic\n>p1 move earthpower\n>p2 move slackoff\n>p2 switch 2\n>p1 switch 2\n>p2 move coil\n>p1 move thunderwave\n>p2 move bodyslam\n>p1 switch 3\n>p2 move bodyslam\n>p1 move dragondance\n>p2 move bodyslam\n>p1 move waterfall\n>p2 move coil\n>p1 move dragondance\n>p2 move coil\n>p1 move waterfall\n>p2 move coil\n>chat \u2606PentaV|im getting the luck you got earlier\n>p1 move waterfall\n>p2 move coil\n>p1 move waterfall\n>p2 move bodyslam\n>p1 move waterfall\n>p2 move bodyslam\n>p1 switch 2\n>p1 move dazzlinggleam\n>p2 move bodyslam\n>p2 switch 6\n>p1 move dazzlinggleam\n>p2 move shadowball\n>p1 switch 3\n>p1 move softboiled\n>p2 switch 4\n>p1 move thunderwave\n>p2 move encore\n>p1 switch 6\n>p2 move thunderwave\n>p1 move flareblitz\n>p2 switch 5\n>chat \u2606SigurdZZ|ahan\n>p1 switch 4\n>p2 move psychocut\n>p1 move psychicnoise\n>p2 switch 5\n>p1 switch 6\n>p2 move bugbuzz\n>p1 move seismictoss\n>p2 switch 5\n>p1 switch 4\n>p2 move sacredsword\n>p1 move outrage\n>p2 move sacredsword\n>p1 switch 6\n>p1 move psychicnoise\n>p2 switch 5\n>p2 switch 4\n>p1 move toxic\n>p2 move shadowball\n>p1 switch 4\n>p1 move thunderwave\n>p2 move nastyplot\n>p1 switch 5\n>p2 move shadowball\n>p1 move recover\n>p2 move shadowball\n>chat \u2606PentaV|dang\n>p1 move scald\n>p2 move shadowball\n>chat \u2606PentaV|para's being the determining factor of this game is very fitting tho\n>chat \u2606PentaV|gg\n>p1 move scald\n>p2 move shadowball\n>p2 switch 5\n>p1 move scald\n>p2 move sacredsword", "uploadtime": 1782839075, "views": 8, "formatid": "gen9randombattle", "rating": 2191, "private": 0, "password": null, "player_dets": [{"name": "SigurdZZ", "avatar": "misty", "rating": 2236, "seed": "sodium,087c0b349762c49c8129cf19fc7ce075"}, {"name": "PentaV", "avatar": "170", "rating": 2209, "seed": "sodium,11df598d95901f2dae0bb3010482deff"}], "teams_full": [{"Charizard": {"name": "Charizard", "species": "Charizard", "speciesId": "charizard", "gender": "F", "shiny": false, "level": 85, "moves": ["swordsdance", "outrage", "earthquake", "flareblitz"], "ability": "Blaze", "evs": {"hp": 85, "atk": 85, "def": 85, "spa": 85, "spd": 85, "spe": 85}, "ivs": {"hp": 31, "atk": 31, "def": 31, "spa": 31, "spd": 31, "spe": 31}, "item": "Heavy-Duty Boots", "teraType": "Dragon", "role": "Setup Sweeper", "bvs": {"hp": 78, "atk": 84, "def": 78, "spa": 109, "spd": 85, "spe": 100}, "stats": {"hp": 271, "atk": 192, "def": 181, "spa": 234, "spd": 193, "spe": 219}, "types": ["Fire", "Flying"]}, "Hypno": {"name": "Hypno", "species": "Hypno", "speciesId": "hypno", "gender": "F", "shiny": false, "level": 95, "moves": ["focusblast", "protect", "toxic", "psychicnoise"], "ability": "Insomnia", "evs": {"hp": 85, "atk": 0, "def": 85, "spa": 85, "spd": 85, "spe": 85}, "ivs": {"hp": 31, "atk": 0, "def": 31, "spa": 31, "spd": 31, "spe": 31}, "item": "Leftovers", "teraType": "Steel", "role": "Bulky Attacker", "bvs": {"hp": 85, "atk": 73, "def": 70, "spa": 73, "spd": 115, "spe": 67}, "stats": {"hp": 315, "atk": 143, "def": 187, "spa": 193, "spd": 272, "spe": 181}, "types": ["Psychic"]}, "Gyarados": {"name": "Gyarados", "species": "Gyarados", "speciesId": "gyarados", "gender": "F", "shiny": false, "level": 79, "moves": ["temperflare", "waterfall", "earthquake", "dragondance"], "ability": "Intimidate", "evs": {"hp": 85, "atk": 85, "def": 85, "spa": 85, "spd": 85, "spe": 85}, "ivs": {"hp": 31, "atk": 31, "def": 31, "spa": 31, "spd": 31, "spe": 31}, "item": "Heavy-Duty Boots", "teraType": "Ground", "role": "Setup Sweeper", "bvs": {"hp": 95, "atk": 125, "def": 79, "spa": 60, "spd": 100, "spe": 81}, "stats": {"hp": 280, "atk": 243, "def": 170, "spa": 140, "spd": 204, "spe": 174}, "types": ["Water", "Flying"]}, "Sunflora": {"name": "Sunflora", "species": "Sunflora", "speciesId": "sunflora", "gender": "F", "shiny": false, "level": 100, "moves": ["dazzlinggleam", "sludgebomb", "leafstorm", "earthpower"], "ability": "Chlorophyll", "evs": {"hp": 85, "atk": 0, "def": 85, "spa": 85, "spd": 85, "spe": 85}, "ivs": {"hp": 31, "atk": 0, "def": 31, "spa": 31, "spd": 31, "spe": 31}, "item": "Choice Specs", "teraType": "Fairy", "role": "Wallbreaker", "bvs": {"hp": 75, "atk": 75, "def": 55, "spa": 105, "spd": 85, "spe": 30}, "stats": {"hp": 312, "atk": 155, "def": 167, "spa": 267, "spd": 227, "spe": 117}, "types": ["Grass"]}, "Milotic": {"name": "Milotic", "species": "Milotic", "speciesId": "milotic", "gender": "F", "shiny": false, "level": 83, "moves": ["scald", "icebeam", "dragontail", "recover"], "ability": "Competitive", "evs": {"hp": 85, "atk": 85, "def": 85, "spa": 85, "spd": 85, "spe": 85}, "ivs": {"hp": 31, "atk": 31, "def": 31, "spa": 31, "spd": 31, "spe": 31}, "item": "Leftovers", "teraType": "Steel", "role": "Bulky Attacker", "bvs": {"hp": 95, "atk": 60, "def": 79, "spa": 100, "spd": 125, "spe": 81}, "stats": {"hp": 293, "atk": 147, "def": 179, "spa": 214, "spd": 255, "spe": 182}, "types": ["Water"]}, "Chansey": {"name": "Chansey", "species": "Chansey", "speciesId": "chansey", "gender": "F", "shiny": false, "level": 85, "moves": ["thunderwave", "softboiled", "healbell", "seismictoss"], "ability": "Natural Cure", "evs": {"hp": 85, "atk": 0, "def": 85, "spa": 85, "spd": 85, "spe": 85}, "ivs": {"hp": 31, "atk": 0, "def": 31, "spa": 31, "spd": 31, "spe": 31}, "item": "Eviolite", "teraType": "Poison", "role": "Bulky Support", "bvs": {"hp": 250, "atk": 5, "def": 5, "spa": 35, "spd": 105, "spe": 50}, "stats": {"hp": 564, "atk": 13, "def": 57, "spa": 108, "spd": 227, "spe": 134}, "types": ["Normal"]}}, {"Rabsca": {"name": "Rabsca", "species": "Rabsca", "speciesId": "rabsca", "gender": "F", "shiny": false, "level": 91, "moves": ["trickroom", "revivalblessing", "bugbuzz", "psychic"], "ability": "Synchronize", "evs": {"hp": 85, "atk": 0, "def": 85, "spa": 85, "spd": 85, "spe": 0}, "ivs": {"hp": 31, "atk": 0, "def": 31, "spa": 31, "spd": 31, "spe": 0}, "item": "Heavy-Duty Boots", "teraType": "Steel", "role": "Wallbreaker", "bvs": {"hp": 75, "atk": 50, "def": 85, "spa": 115, "spd": 100, "spe": 45}, "stats": {"hp": 284, "atk": 96, "def": 207, "spa": 261, "spd": 234, "spe": 86}, "types": ["Bug", "Psychic"]}, "Illumise": {"name": "Illumise", "species": "Illumise", "speciesId": "illumise", "gender": "F", "shiny": false, "level": 91, "moves": ["bugbuzz", "roost", "thunderwave", "encore"], "ability": "Prankster", "evs": {"hp": 85, "atk": 0, "def": 85, "spa": 85, "spd": 85, "spe": 85}, "ivs": {"hp": 31, "atk": 0, "def": 31, "spa": 31, "spd": 31, "spe": 31}, "item": "Heavy-Duty Boots", "teraType": "Water", "role": "Bulky Support", "bvs": {"hp": 65, "atk": 47, "def": 75, "spa": 73, "spd": 85, "spe": 85}, "stats": {"hp": 266, "atk": 90, "def": 188, "spa": 185, "spd": 207, "spe": 207}, "types": ["Bug"]}, "Dunsparce": {"name": "Dunsparce", "species": "Dunsparce", "speciesId": "dunsparce", "gender": "F", "shiny": false, "level": 86, "moves": ["roost", "bodyslam", "coil", "earthquake"], "ability": "Serene Grace", "evs": {"hp": 85, "atk": 85, "def": 85, "spa": 85, "spd": 85, "spe": 85}, "ivs": {"hp": 31, "atk": 31, "def": 31, "spa": 31, "spd": 31, "spe": 31}, "item": "Eviolite", "teraType": "Ghost", "role": "Bulky Setup", "bvs": {"hp": 100, "atk": 70, "def": 70, "spa": 65, "spd": 65, "spe": 45}, "stats": {"hp": 312, "atk": 170, "def": 170, "spa": 161, "spd": 161, "spe": 127}, "types": ["Normal"]}, "Gallade": {"name": "Gallade", "species": "Gallade", "speciesId": "gallade", "gender": "M", "shiny": false, "level": 80, "moves": ["psychocut", "nightslash", "sacredsword", "agility"], "ability": "Sharpness", "evs": {"hp": 85, "atk": 85, "def": 85, "spa": 85, "spd": 85, "spe": 85}, "ivs": {"hp": 31, "atk": 31, "def": 31, "spa": 31, "spd": 31, "spe": 31}, "item": "Life Orb", "teraType": "Fighting", "role": "Setup Sweeper", "bvs": {"hp": 68, "atk": 125, "def": 65, "spa": 65, "spd": 115, "spe": 80}, "stats": {"hp": 240, "atk": 246, "def": 150, "spa": 150, "spd": 230, "spe": 174}, "types": ["Psychic", "Fighting"]}, "Bellibolt": {"name": "Bellibolt", "species": "Bellibolt", "speciesId": "bellibolt", "gender": "M", "shiny": false, "level": 84, "moves": ["slackoff", "muddywater", "thunderbolt", "toxic"], "ability": "Electromorphosis", "evs": {"hp": 85, "atk": 0, "def": 85, "spa": 85, "spd": 85, "spe": 85}, "ivs": {"hp": 31, "atk": 0, "def": 31, "spa": 31, "spd": 31, "spe": 31}, "item": "Leftovers", "teraType": "Water", "role": "Bulky Attacker", "bvs": {"hp": 109, "atk": 64, "def": 91, "spa": 103, "spd": 83, "spe": 45}, "stats": {"hp": 320, "atk": 112, "def": 201, "spa": 221, "spd": 188, "spe": 124}, "types": ["Electric"]}, "Spectrier": {"name": "Spectrier", "species": "Spectrier", "speciesId": "spectrier", "gender": "N", "shiny": false, "level": 75, "moves": ["darkpulse", "nastyplot", "willowisp", "shadowball"], "ability": "Grim Neigh", "evs": {"hp": 85, "atk": 0, "def": 85, "spa": 85, "spd": 85, "spe": 85}, "ivs": {"hp": 31, "atk": 0, "def": 31, "spa": 31, "spd": 31, "spe": 31}, "item": "Life Orb", "teraType": "Dark", "role": "Setup Sweeper", "bvs": {"hp": 100, "atk": 65, "def": 60, "spa": 145, "spd": 80, "spe": 130}, "stats": {"hp": 274, "atk": 102, "def": 134, "spa": 261, "spd": 164, "spe": 239}, "types": ["Ghost"]}}]}