{"id": "gen9randombattle-2642184193", "format": "[Gen 9] Random Battle", "players": ["TBN15", "Madman838"], "log": "|j|\u2606TBN15\n|j|\u2606Madman838\n|t:|1782907184\n|gametype|singles\n|player|p1|TBN15|gambler|1789\n|player|p2|Madman838|lucas|1846\n|gen|9\n|tier|[Gen 9] Random Battle\n|rated|\n|rule|Species Clause: Limit one of each Pok\u00e9mon\n|rule|HP Percentage Mod: HP is shown in percentages\n|rule|Sleep Clause Mod: Limit one foe put to sleep\n|rule|Illusion Level Mod: Illusion disguises the Pok\u00e9mon's true level\n|\n|t:|1782907184\n|teamsize|p1|6\n|teamsize|p2|6\n|start\n|switch|p1a: Comfey|Comfey, L85, F|225/225\n|switch|p2a: Froslass|Froslass, L87, F|263/263\n|turn|1\n|\n|t:|1782907209\n|switch|p1a: Azumarill|Azumarill, L82, F|298/298\n|move|p2a: Froslass|Triple Axel|p1a: Azumarill\n|-resisted|p1a: Azumarill\n|-damage|p1a: Azumarill|288/298\n|-resisted|p1a: Azumarill\n|-damage|p1a: Azumarill|265/298\n|-resisted|p1a: Azumarill\n|-damage|p1a: Azumarill|232/298\n|-hitcount|p1a: Azumarill|3\n|\n|upkeep\n|turn|2\n|inactive|Battle timer is ON: inactive players will automatically lose when time's up. (requested by TBN15)\n|\n|t:|1782907217\n|switch|p2a: Rotom|Rotom-Mow, L87|229/229\n|move|p1a: Azumarill|Liquidation|p2a: Rotom\n|-resisted|p2a: Rotom\n|-damage|p2a: Rotom|163/229\n|\n|-heal|p2a: Rotom|177/229|[from] item: Leftovers\n|upkeep\n|turn|3\n|\n|t:|1782907242\n|switch|p1a: Lunala|Lunala, L70|308/308\n|move|p2a: Rotom|Nasty Plot|p2a: Rotom\n|-boost|p2a: Rotom|spa|2\n|\n|-heal|p2a: Rotom|191/229|[from] item: Leftovers\n|upkeep\n|turn|4\n|\n|t:|1782907248\n|move|p2a: Rotom|Thunderbolt|p1a: Lunala\n|-damage|p1a: Lunala|198/308\n|move|p1a: Lunala|Moongeist Beam|p2a: Rotom\n|-damage|p2a: Rotom|103/229\n|\n|-heal|p2a: Rotom|117/229|[from] item: Leftovers\n|-heal|p1a: Lunala|217/308|[from] item: Leftovers\n|upkeep\n|turn|5\n|\n|t:|1782907256\n|move|p2a: Rotom|Leaf Storm|p1a: Lunala\n|-damage|p1a: Lunala|0 fnt\n|-unboost|p2a: Rotom|spa|2\n|faint|p1a: Lunala\n|\n|-heal|p2a: Rotom|131/229|[from] item: Leftovers\n|upkeep\n|\n|t:|1782907264\n|switch|p1a: Cinccino|Cinccino, L83, M|260/260\n|turn|6\n|\n|t:|1782907277\n|switch|p2a: Froslass|Froslass, L87, F|263/263\n|move|p1a: Cinccino|Triple Axel|p2a: Froslass\n|-resisted|p2a: Froslass\n|-damage|p2a: Froslass|251/263\n|-resisted|p2a: Froslass\n|-damage|p2a: Froslass|229/263\n|-resisted|p2a: Froslass\n|-damage|p2a: Froslass|195/263\n|-start|p1a: Cinccino|Disable|Triple Axel|[from] ability: Cursed Body|[of] p2a: Froslass\n|-hitcount|p2a: Froslass|3\n|\n|upkeep\n|turn|7\n|\n|t:|1782907287\n|switch|p1a: Azumarill|Azumarill, L82, F|232/298\n|move|p2a: Froslass|Poltergeist|p1a: Azumarill\n|-activate|p1a: Azumarill|move: Poltergeist|Choice Band\n|-damage|p1a: Azumarill|120/298\n|\n|upkeep\n|turn|8\n|\n|t:|1782907295\n|switch|p2a: Iron Crown|Iron Crown, L78|268/268\n|move|p1a: Azumarill|Play Rough|p2a: Iron Crown\n|-resisted|p2a: Iron Crown\n|-damage|p2a: Iron Crown|190/268\n|\n|upkeep\n|turn|9\n|\n|t:|1782907301\n|switch|p1a: Regigigas|Regigigas, L84|322/322\n|-start|p1a: Regigigas|ability: Slow Start\n|move|p2a: Iron Crown|Volt Switch|p1a: Regigigas\n|-damage|p1a: Regigigas|261/322\n|\n|t:|1782907309\n|-end|p2a: Iron Crown|Quark Drive|[silent]\n|switch|p2a: Koraidon|Koraidon, L64|235/235|[from] Volt Switch\n|-weather|SunnyDay|[from] ability: Orichalcum Pulse|[of] p2a: Koraidon\n|-activate|p2a: Koraidon|Orichalcum Pulse|[source]\n|\n|-weather|SunnyDay|[upkeep]\n|-heal|p1a: Regigigas|281/322|[from] item: Leftovers\n|upkeep\n|turn|10\n|\n|t:|1782907329\n|-terastallize|p1a: Regigigas|Ghost\n|move|p2a: Koraidon|Collision Course|p1a: Regigigas\n|-immune|p1a: Regigigas\n|move|p1a: Regigigas|Substitute|p1a: Regigigas\n|-start|p1a: Regigigas|Substitute\n|-damage|p1a: Regigigas|201/322\n|\n|-weather|SunnyDay|[upkeep]\n|-heal|p1a: Regigigas|221/322|[from] item: Leftovers\n|upkeep\n|turn|11\n|\n|t:|1782907337\n|move|p1a: Regigigas|Protect|p1a: Regigigas\n|-singleturn|p1a: Regigigas|Protect\n|move|p2a: Koraidon|Scale Shot|p1a: Regigigas\n|-activate|p1a: Regigigas|move: Protect\n|\n|-weather|SunnyDay|[upkeep]\n|-heal|p1a: Regigigas|241/322|[from] item: Leftovers\n|upkeep\n|turn|12\n|\n|t:|1782907346\n|move|p2a: Koraidon|Scale Shot|p1a: Regigigas\n|-activate|p1a: Regigigas|move: Substitute|[damage]\n|-activate|p1a: Regigigas|move: Substitute|[damage]\n|-activate|p1a: Regigigas|move: Substitute|[damage]\n|-end|p1a: Regigigas|Substitute\n|-damage|p1a: Regigigas|216/322\n|-hitcount|p1a: Regigigas|5\n|-unboost|p2a: Koraidon|def|1\n|-boost|p2a: Koraidon|spe|1\n|move|p1a: Regigigas|Body Slam|p2a: Koraidon\n|-damage|p2a: Koraidon|136/235\n|\n|-weather|SunnyDay|[upkeep]\n|-heal|p1a: Regigigas|236/322|[from] item: Leftovers\n|upkeep\n|turn|13\n|\n|t:|1782907362\n|move|p2a: Koraidon|Swords Dance|p2a: Koraidon\n|-boost|p2a: Koraidon|atk|2\n|move|p1a: Regigigas|Body Slam|p2a: Koraidon\n|-damage|p2a: Koraidon|28/235\n|\n|-weather|none\n|-heal|p1a: Regigigas|256/322|[from] item: Leftovers\n|upkeep\n|turn|14\n|\n|t:|1782907375\n|move|p1a: Regigigas|Protect|p1a: Regigigas\n|-singleturn|p1a: Regigigas|Protect\n|move|p2a: Koraidon|Scale Shot|p1a: Regigigas\n|-activate|p1a: Regigigas|move: Protect\n|\n|-heal|p1a: Regigigas|276/322|[from] item: Leftovers\n|-end|p1a: Regigigas|Slow Start\n|upkeep\n|turn|15\n|\n|t:|1782907382\n|move|p2a: Koraidon|Scale Shot|p1a: Regigigas\n|-damage|p1a: Regigigas|240/322\n|-damage|p1a: Regigigas|207/322\n|-damage|p1a: Regigigas|174/322\n|-damage|p1a: Regigigas|138/322\n|-hitcount|p1a: Regigigas|4\n|-unboost|p2a: Koraidon|def|1\n|-boost|p2a: Koraidon|spe|1\n|move|p1a: Regigigas|Body Slam|p2a: Koraidon\n|-damage|p2a: Koraidon|0 fnt\n|faint|p2a: Koraidon\n|\n|-heal|p1a: Regigigas|158/322|[from] item: Leftovers\n|upkeep\n|\n|t:|1782907393\n|switch|p2a: Froslass|Froslass, L87, F|195/263\n|turn|16\n|\n|t:|1782907400\n|move|p1a: Regigigas|Protect|p1a: Regigigas\n|-singleturn|p1a: Regigigas|Protect\n|move|p2a: Froslass|Poltergeist|p1a: Regigigas\n|-activate|p1a: Regigigas|move: Protect\n|\n|-heal|p1a: Regigigas|178/322|[from] item: Leftovers\n|upkeep\n|turn|17\n|\n|t:|1782907406\n|switch|p1a: Cinccino|Cinccino, L83, M|260/260\n|move|p2a: Froslass|Poltergeist|p1a: Cinccino\n|-immune|p1a: Cinccino\n|\n|upkeep\n|turn|18\n|\n|t:|1782907414\n|switch|p2a: Iron Crown|Iron Crown, L78|190/268\n|switch|p1a: Azumarill|Azumarill, L82, F|120/298\n|\n|upkeep\n|turn|19\n|\n|t:|1782907427\n|switch|p1a: Luvdisc|Luvdisc, F|247/247\n|move|p2a: Iron Crown|Volt Switch|p1a: Luvdisc\n|-supereffective|p1a: Luvdisc\n|-damage|p1a: Luvdisc|75/247\n|\n|t:|1782907435\n|-end|p2a: Iron Crown|Quark Drive|[silent]\n|switch|p2a: Rotom|Rotom-Mow, L87|131/229|[from] Volt Switch\n|\n|-heal|p2a: Rotom|145/229|[from] item: Leftovers\n|upkeep\n|turn|20\n|\n|t:|1782907440\n|move|p1a: Luvdisc|Substitute|p1a: Luvdisc\n|-start|p1a: Luvdisc|Substitute\n|-damage|p1a: Luvdisc|14/247\n|move|p2a: Rotom|Thunderbolt|p1a: Luvdisc\n|-supereffective|p1a: Luvdisc\n|-end|p1a: Luvdisc|Substitute\n|\n|-heal|p2a: Rotom|159/229|[from] item: Leftovers\n|upkeep\n|turn|21\n|\n|t:|1782907445\n|switch|p2a: Froslass|Froslass, L87, F|195/263\n|move|p1a: Luvdisc|Endeavor|p2a: Froslass\n|-immune|p2a: Froslass\n|\n|upkeep\n|turn|22\n|\n|t:|1782907452\n|move|p1a: Luvdisc|Flip Turn|p2a: Froslass\n|-damage|p2a: Froslass|150/263\n|-start|p1a: Luvdisc|Disable|Flip Turn|[from] ability: Cursed Body|[of] p2a: Froslass\n|\n|t:|1782907459\n|switch|p1a: Azumarill|Azumarill, L82, F|120/298|[from] Flip Turn\n|move|p2a: Froslass|Triple Axel|p1a: Azumarill\n|-resisted|p1a: Azumarill\n|-damage|p1a: Azumarill|109/298\n|-resisted|p1a: Azumarill\n|-damage|p1a: Azumarill|85/298\n|-resisted|p1a: Azumarill\n|-damage|p1a: Azumarill|51/298\n|-hitcount|p1a: Azumarill|3\n|\n|upkeep\n|turn|23\n|\n|t:|1782907469\n|move|p1a: Azumarill|Aqua Jet|p2a: Froslass\n|-damage|p2a: Froslass|57/263\n|move|p2a: Froslass|Poltergeist|p1a: Azumarill\n|-activate|p1a: Azumarill|move: Poltergeist|Choice Band\n|-damage|p1a: Azumarill|0 fnt\n|faint|p1a: Azumarill\n|\n|upkeep\n|\n|t:|1782907478\n|switch|p1a: Cinccino|Cinccino, L83, M|260/260\n|turn|24\n|\n|t:|1782907488\n|move|p2a: Froslass|Destiny Bond|p2a: Froslass\n|-singlemove|p2a: Froslass|Destiny Bond\n|move|p1a: Cinccino|Triple Axel|p2a: Froslass|[miss]\n|-miss|p1a: Cinccino|p2a: Froslass\n|\n|upkeep\n|turn|25\n|\n|t:|1782907497\n|move|p2a: Froslass|Destiny Bond||[still]\n|-fail|p2a: Froslass\n|move|p1a: Cinccino|Tidy Up|p1a: Cinccino\n|-boost|p1a: Cinccino|atk|1\n|-boost|p1a: Cinccino|spe|1\n|\n|upkeep\n|turn|26\n|\n|t:|1782907502\n|move|p1a: Cinccino|Triple Axel|p2a: Froslass\n|-resisted|p2a: Froslass\n|-damage|p2a: Froslass|41/263\n|-resisted|p2a: Froslass\n|-damage|p2a: Froslass|7/263\n|-start|p1a: Cinccino|Disable|Triple Axel|[from] ability: Cursed Body|[of] p2a: Froslass\n|-resisted|p2a: Froslass\n|-damage|p2a: Froslass|0 fnt\n|faint|p2a: Froslass\n|-hitcount|p2: Froslass|3\n|\n|upkeep\n|\n|t:|1782907512\n|switch|p2a: Rotom|Rotom-Mow, L87|159/229\n|turn|27\n|\n|t:|1782907517\n|move|p1a: Cinccino|Tail Slap|p2a: Rotom\n|-damage|p2a: Rotom|116/229\n|-damage|p2a: Rotom|64/229\n|-crit|p2a: Rotom\n|-damage|p2a: Rotom|0 fnt\n|faint|p2a: Rotom\n|-hitcount|p2: Rotom|3\n|\n|upkeep\n|\n|t:|1782907523\n|switch|p2a: Iron Crown|Iron Crown, L78|190/268\n|turn|28\n|\n|t:|1782907540\n|switch|p1a: Regigigas|Regigigas, L84, tera:Ghost|178/322\n|-start|p1a: Regigigas|ability: Slow Start\n|move|p2a: Iron Crown|Focus Blast|p1a: Regigigas\n|-immune|p1a: Regigigas\n|\n|-heal|p1a: Regigigas|198/322|[from] item: Leftovers\n|upkeep\n|turn|29\n|\n|t:|1782907546\n|-end|p2a: Iron Crown|Quark Drive|[silent]\n|switch|p2a: Maushold|Maushold, L76|238/238\n|move|p1a: Regigigas|Knock Off|p2a: Maushold\n|-damage|p2a: Maushold|176/238\n|-enditem|p2a: Maushold|Wide Lens|[from] move: Knock Off|[of] p1a: Regigigas\n|\n|-heal|p1a: Regigigas|218/322|[from] item: Leftovers\n|upkeep\n|turn|30\n|\n|t:|1782907562\n|move|p2a: Maushold|Tidy Up|p2a: Maushold\n|-boost|p2a: Maushold|atk|1\n|-boost|p2a: Maushold|spe|1\n|move|p1a: Regigigas|Body Slam|p2a: Maushold\n|-damage|p2a: Maushold|89/238\n|\n|-heal|p1a: Regigigas|238/322|[from] item: Leftovers\n|upkeep\n|turn|31\n|\n|t:|1782907567\n|-terastallize|p2a: Maushold|Ghost\n|move|p2a: Maushold|Bite|p1a: Regigigas\n|-supereffective|p1a: Regigigas\n|-damage|p1a: Regigigas|126/322\n|cant|p1a: Regigigas|flinch\n|\n|-heal|p1a: Regigigas|146/322|[from] item: Leftovers\n|upkeep\n|turn|32\n|\n|t:|1782907573\n|move|p2a: Maushold|Bite|p1a: Regigigas\n|-supereffective|p1a: Regigigas\n|-damage|p1a: Regigigas|38/322\n|cant|p1a: Regigigas|flinch\n|\n|-heal|p1a: Regigigas|58/322|[from] item: Leftovers\n|upkeep\n|turn|33\n|\n|t:|1782907599\n|move|p2a: Maushold|Bite|p1a: Regigigas\n|-supereffective|p1a: Regigigas\n|-damage|p1a: Regigigas|0 fnt\n|faint|p1a: Regigigas\n|-end|p1a: Regigigas|Slow Start|[silent]\n|\n|upkeep\n|inactive|TBN15 has 120 seconds left.\n|\n|t:|1782907610\n|switch|p1a: Comfey|Comfey, L85, F|225/225\n|turn|34\n|\n|t:|1782907616\n|move|p1a: Comfey|Draining Kiss|p2a: Maushold\n|-damage|p2a: Maushold|26/238\n|move|p2a: Maushold|Population Bomb|p1a: Comfey\n|-damage|p1a: Comfey|194/225\n|-damage|p1a: Comfey|160/225\n|-damage|p1a: Comfey|127/225\n|-damage|p1a: Comfey|94/225\n|-damage|p1a: Comfey|61/225\n|-crit|p1a: Comfey\n|-damage|p1a: Comfey|15/225\n|-damage|p1a: Comfey|0 fnt\n|faint|p1a: Comfey\n|-hitcount|p1: Comfey|7\n|\n|upkeep\n|\n|t:|1782907620\n|switch|p1a: Cinccino|Cinccino, L83, M|260/260\n|turn|35\n|c|\u2606TBN15|fils de pute\n|n|\u203dTBN15|tbn15\n|c|~|/log TBN15 was locked from talking by Artemis. (\u2606TBN15: fils de pute)\n|c|~|/raw <small>This action was done automatically. Want to learn more about the AI? <a href=\"https://www.smogon.com/forums/threads/3570628/#post-9056769\">Visit the information thread</a>.</small>\n|inactive|TBN15 has 120 seconds left.\n|\n|t:|1782907644\n|move|p2a: Maushold|Population Bomb|p1a: Cinccino\n|-damage|p1a: Cinccino|215/260\n|-damage|p1a: Cinccino|170/260\n|-hitcount|p1a: Cinccino|2\n|move|p1a: Cinccino|Bullet Seed|p2a: Maushold\n|-damage|p2a: Maushold|0 fnt\n|faint|p2a: Maushold\n|-hitcount|p2: Maushold|1\n|\n|upkeep\n|\n|t:|1782907652\n|switch|p2a: Iron Crown|Iron Crown, L78|190/268\n|turn|36\n|\n|t:|1782907661\n|move|p1a: Cinccino|Tail Slap|p2a: Iron Crown\n|-resisted|p2a: Iron Crown\n|-damage|p2a: Iron Crown|172/268\n|-resisted|p2a: Iron Crown\n|-damage|p2a: Iron Crown|154/268\n|-resisted|p2a: Iron Crown\n|-damage|p2a: Iron Crown|133/268\n|-resisted|p2a: Iron Crown\n|-damage|p2a: Iron Crown|115/268\n|-hitcount|p2a: Iron Crown|4\n|move|p2a: Iron Crown|Tachyon Cutter|p1a: Cinccino\n|-damage|p1a: Cinccino|56/260\n|-damage|p1a: Cinccino|0 fnt\n|faint|p1a: Cinccino\n|-hitcount|p1: Cinccino|2\n|\n|upkeep\n|\n|t:|1782907664\n|switch|p1a: Luvdisc|Luvdisc, F|14/247\n|turn|37\n|\n|t:|1782907669\n|move|p1a: Luvdisc|Surf|p2a: Iron Crown\n|-damage|p2a: Iron Crown|49/268\n|move|p2a: Iron Crown|Tachyon Cutter|p1a: Luvdisc\n|-resisted|p1a: Luvdisc\n|-damage|p1a: Luvdisc|0 fnt\n|faint|p1a: Luvdisc\n|-hitcount|p1: Luvdisc|1\n|\n|win|Madman838\n", "inputlog": ">version f8ac14003a5f27e1bdc8d8c59608a773c1cb96e5\n>start {\"formatid\":\"gen9randombattle\",\"seed\":\"sodium,cc68b5f7db0d8eed4709c26c175a71ec\",\"rated\":\"Rated battle\"}\n>player p1 {\"name\":\"TBN15\",\"avatar\":\"gambler\",\"rating\":1789,\"seed\":\"sodium,c79532b9887c934c7982fdcedb4c7c0a\"}\n>player p2 {\"name\":\"Madman838\",\"avatar\":\"lucas\",\"rating\":1846,\"seed\":\"sodium,1c17f0f10a02071d19860e9ea59d07ab\"}\n>p1 switch 4\n>p2 move tripleaxel\n>p1 move liquidation\n>p2 switch 4\n>p1 switch 5\n>p2 move nastyplot\n>p1 move moongeistbeam\n>p2 move thunderbolt\n>p1 move moongeistbeam\n>p2 move leafstorm\n>p1 switch 3\n>p1 move tripleaxel\n>p2 switch 4\n>p1 switch 5\n>p2 move poltergeist\n>p1 move playrough\n>p2 switch 2\n>p1 switch 6\n>p2 move voltswitch\n>p2 switch 3\n>p1 move substitute terastallize\n>p2 move collisioncourse\n>p1 move protect\n>p2 move scaleshot\n>p1 move bodyslam\n>p2 move scaleshot\n>p1 move bodyslam\n>p2 move swordsdance\n>p1 move protect\n>p2 move scaleshot\n>p1 move bodyslam\n>p2 move scaleshot\n>p2 switch 2\n>p1 move protect\n>p2 move poltergeist\n>p1 switch 5\n>p2 move poltergeist\n>p1 switch 6\n>p2 switch 3\n>p1 switch 2\n>p2 move voltswitch\n>p2 switch 4\n>p1 move substitute\n>p2 move thunderbolt\n>p1 move endeavor\n>p2 switch 3\n>p1 move flipturn\n>p2 move tripleaxel\n>p1 switch 2\n>p1 move aquajet\n>p2 move poltergeist\n>p1 switch 6\n>p1 move tripleaxel\n>p2 move destinybond\n>p1 move tidyup\n>p2 move destinybond\n>p1 move tripleaxel\n>p2 move destinybond\n>p2 switch 3\n>p1 move tailslap\n>p2 move leafstorm\n>p2 switch 4\n>p1 switch 5\n>p2 move focusblast\n>p1 move knockoff\n>p2 switch 6\n>p1 move bodyslam\n>p2 move tidyup\n>p1 move bodyslam\n>p2 move bite terastallize\n>p1 move knockoff\n>p2 move bite\n>p1 move knockoff\n>p2 move bite\n>p1 switch 4\n>p1 move drainingkiss\n>p2 move populationbomb\n>p1 switch 5\n>chat \u2606TBN15|fils de pute\n>p1 move bulletseed\n>p2 move populationbomb\n>p2 switch 6\n>p1 move tailslap\n>p2 move tachyoncutter\n>p1 switch 2\n>p1 move surf\n>p2 move tachyoncutter", "uploadtime": 1782907625, "views": 3, "formatid": "gen9randombattle", "rating": null, "private": 0, "password": null, "player_dets": [{"name": "TBN15", "avatar": "gambler", "rating": 1789, "seed": "sodium,c79532b9887c934c7982fdcedb4c7c0a"}, {"name": "Madman838", "avatar": "lucas", "rating": 1846, "seed": "sodium,1c17f0f10a02071d19860e9ea59d07ab"}], "teams_full": [{"Comfey": {"name": "Comfey", "species": "Comfey", "speciesId": "comfey", "gender": "F", "shiny": false, "level": 85, "moves": ["gigadrain", "storedpower", "calmmind", "drainingkiss"], "ability": "Triage", "evs": {"hp": 85, "atk": 0, "def": 85, "spa": 85, "spd": 85, "spe": 85}, "ivs": {"hp": 31, "atk": 0, "def": 31, "spa": 31, "spd": 31, "spe": 31}, "item": "Leftovers", "teraType": "Steel", "role": "Bulky Setup", "bvs": {"hp": 51, "atk": 52, "def": 90, "spa": 82, "spd": 110, "spe": 100}, "stats": {"hp": 225, "atk": 93, "def": 202, "spa": 188, "spd": 236, "spe": 219}, "types": ["Fairy"]}, "Luvdisc": {"name": "Luvdisc", "species": "Luvdisc", "speciesId": "luvdisc", "gender": "F", "shiny": false, "level": 100, "moves": ["endeavor", "surf", "flipturn", "substitute"], "ability": "Swift Swim", "evs": {"hp": 81, "atk": 85, "def": 85, "spa": 85, "spd": 85, "spe": 85}, "ivs": {"hp": 31, "atk": 31, "def": 31, "spa": 31, "spd": 31, "spe": 31}, "item": "Heavy-Duty Boots", "teraType": "Ghost", "role": "Fast Support", "bvs": {"hp": 43, "atk": 30, "def": 55, "spa": 40, "spd": 65, "spe": 97}, "stats": {"hp": 247, "atk": 117, "def": 167, "spa": 137, "spd": 187, "spe": 251}, "types": ["Water"]}, "Cinccino": {"name": "Cinccino", "species": "Cinccino", "speciesId": "cinccino", "gender": "M", "shiny": false, "level": 83, "moves": ["bulletseed", "tripleaxel", "tidyup", "tailslap"], "ability": "Technician", "evs": {"hp": 85, "atk": 85, "def": 85, "spa": 85, "spd": 85, "spe": 85}, "ivs": {"hp": 31, "atk": 31, "def": 31, "spa": 31, "spd": 31, "spe": 31}, "item": "Loaded Dice", "teraType": "Normal", "role": "Fast Attacker", "bvs": {"hp": 75, "atk": 95, "def": 60, "spa": 65, "spd": 60, "spe": 115}, "stats": {"hp": 260, "atk": 205, "def": 147, "spa": 156, "spd": 147, "spe": 239}, "types": ["Normal"]}, "Azumarill": {"name": "Azumarill", "species": "Azumarill", "speciesId": "azumarill", "gender": "F", "shiny": false, "level": 82, "moves": ["superpower", "playrough", "liquidation", "aquajet"], "ability": "Huge Power", "evs": {"hp": 85, "atk": 85, "def": 85, "spa": 85, "spd": 85, "spe": 85}, "ivs": {"hp": 31, "atk": 31, "def": 31, "spa": 31, "spd": 31, "spe": 31}, "item": "Choice Band", "teraType": "Water", "role": "Bulky Attacker", "bvs": {"hp": 100, "atk": 50, "def": 80, "spa": 60, "spd": 80, "spe": 50}, "stats": {"hp": 298, "atk": 129, "def": 178, "spa": 146, "spd": 178, "spe": 129}, "types": ["Water", "Fairy"]}, "Lunala": {"name": "Lunala", "species": "Lunala", "speciesId": "lunala", "gender": "N", "shiny": false, "level": 70, "moves": ["calmmind", "psyshock", "moonlight", "moongeistbeam"], "ability": "Shadow Shield", "evs": {"hp": 85, "atk": 0, "def": 85, "spa": 85, "spd": 85, "spe": 85}, "ivs": {"hp": 31, "atk": 0, "def": 31, "spa": 31, "spd": 31, "spe": 31}, "item": "Leftovers", "teraType": "Fairy", "role": "Fast Bulky Setup", "bvs": {"hp": 137, "atk": 113, "def": 89, "spa": 137, "spd": 107, "spe": 97}, "stats": {"hp": 308, "atk": 163, "def": 166, "spa": 233, "spd": 191, "spe": 177}, "types": ["Psychic", "Ghost"]}, "Regigigas": {"name": "Regigigas", "species": "Regigigas", "speciesId": "regigigas", "gender": "N", "shiny": false, "level": 84, "moves": ["protect", "substitute", "bodyslam", "knockoff"], "ability": "Slow Start", "evs": {"hp": 85, "atk": 85, "def": 85, "spa": 85, "spd": 85, "spe": 85}, "ivs": {"hp": 31, "atk": 31, "def": 31, "spa": 31, "spd": 31, "spe": 31}, "item": "Leftovers", "teraType": "Ghost", "role": "Bulky Attacker", "bvs": {"hp": 110, "atk": 160, "def": 110, "spa": 80, "spd": 110, "spe": 100}, "stats": {"hp": 322, "atk": 317, "def": 233, "spa": 183, "spd": 233, "spe": 216}, "types": ["Normal"]}}, {"Froslass": {"name": "Froslass", "species": "Froslass", "speciesId": "froslass", "gender": "F", "shiny": false, "level": 87, "moves": ["tripleaxel", "spikes", "destinybond", "poltergeist"], "ability": "Cursed Body", "evs": {"hp": 81, "atk": 85, "def": 85, "spa": 85, "spd": 85, "spe": 85}, "ivs": {"hp": 31, "atk": 31, "def": 31, "spa": 31, "spd": 31, "spe": 31}, "item": "Wide Lens", "teraType": "Ghost", "role": "Fast Support", "bvs": {"hp": 70, "atk": 80, "def": 70, "spa": 80, "spd": 70, "spe": 110}, "stats": {"hp": 263, "atk": 189, "def": 172, "spa": 189, "spd": 172, "spe": 241}, "types": ["Ice", "Ghost"]}, "Iron Crown": {"name": "Iron Crown", "species": "Iron Crown", "speciesId": "ironcrown", "gender": "N", "shiny": false, "level": 78, "moves": ["tachyoncutter", "voltswitch", "focusblast", "psyshock"], "ability": "Quark Drive", "evs": {"hp": 85, "atk": 0, "def": 85, "spa": 85, "spd": 85, "spe": 85}, "ivs": {"hp": 31, "atk": 0, "def": 31, "spa": 31, "spd": 31, "spe": 31}, "item": "Choice Specs", "teraType": "Fighting", "role": "Wallbreaker", "bvs": {"hp": 90, "atk": 72, "def": 100, "spa": 122, "spd": 108, "spe": 98}, "stats": {"hp": 268, "atk": 117, "def": 201, "spa": 235, "spd": 214, "spe": 198}, "types": ["Steel", "Psychic"]}, "Koraidon": {"name": "Koraidon", "species": "Koraidon", "speciesId": "koraidon", "gender": "N", "shiny": false, "level": 64, "moves": ["flareblitz", "collisioncourse", "swordsdance", "scaleshot"], "ability": "Orichalcum Pulse", "evs": {"hp": 85, "atk": 85, "def": 85, "spa": 85, "spd": 85, "spe": 85}, "ivs": {"hp": 31, "atk": 31, "def": 31, "spa": 31, "spd": 31, "spe": 31}, "item": "Loaded Dice", "teraType": "Fire", "role": "Setup Sweeper", "bvs": {"hp": 100, "atk": 135, "def": 115, "spa": 85, "spd": 100, "spe": 135}, "stats": {"hp": 235, "atk": 211, "def": 185, "spa": 147, "spd": 166, "spe": 211}, "types": ["Fighting", "Dragon"]}, "Rotom": {"name": "Rotom", "species": "Rotom-Mow", "speciesId": "rotommow", "gender": "N", "shiny": false, "level": 87, "moves": ["thunderbolt", "nastyplot", "willowisp", "leafstorm"], "ability": "Levitate", "evs": {"hp": 85, "atk": 0, "def": 85, "spa": 85, "spd": 85, "spe": 85}, "ivs": {"hp": 31, "atk": 0, "def": 31, "spa": 31, "spd": 31, "spe": 31}, "item": "Leftovers", "teraType": "Electric", "role": "Bulky Attacker", "bvs": {"hp": 50, "atk": 65, "def": 107, "spa": 105, "spd": 107, "spe": 86}, "stats": {"hp": 229, "atk": 118, "def": 236, "spa": 232, "spd": 236, "spe": 199}, "types": ["Electric", "Grass"]}, "Mewtwo": {"name": "Mewtwo", "species": "Mewtwo", "speciesId": "mewtwo", "gender": "N", "shiny": false, "level": 72, "moves": ["psystrike", "recover", "aurasphere", "nastyplot"], "ability": "Pressure", "evs": {"hp": 85, "atk": 0, "def": 85, "spa": 85, "spd": 85, "spe": 85}, "ivs": {"hp": 31, "atk": 0, "def": 31, "spa": 31, "spd": 31, "spe": 31}, "item": "Life Orb", "teraType": "Fighting", "role": "Setup Sweeper", "bvs": {"hp": 106, "atk": 110, "def": 90, "spa": 154, "spd": 90, "spe": 130}, "stats": {"hp": 272, "atk": 163, "def": 172, "spa": 264, "spd": 172, "spe": 229}, "types": ["Psychic"]}, "Maushold": {"name": "Maushold", "species": "Maushold", "speciesId": "maushold", "gender": "N", "shiny": false, "level": 76, "moves": ["encore", "bite", "tidyup", "populationbomb"], "ability": "Technician", "evs": {"hp": 85, "atk": 85, "def": 85, "spa": 85, "spd": 85, "spe": 85}, "ivs": {"hp": 31, "atk": 31, "def": 31, "spa": 31, "spd": 31, "spe": 31}, "item": "Wide Lens", "teraType": "Ghost", "role": "Setup Sweeper", "bvs": {"hp": 74, "atk": 75, "def": 70, "spa": 65, "spd": 75, "spe": 111}, "stats": {"hp": 238, "atk": 158, "def": 150, "spa": 143, "spd": 158, "spe": 213}, "types": ["Normal"]}}]}