{"id": "gen9randombattle-2642115923", "format": "[Gen 9] Random Battle", "players": ["Marioman2007", "forcemajor14"], "log": "|j|\u2606Marioman2007\n|j|\u2606forcemajor14\n|t:|1782893376\n|gametype|singles\n|player|p1|Marioman2007|riley|2156\n|player|p2|forcemajor14|266|2127\n|gen|9\n|tier|[Gen 9] Random Battle\n|rated|\n|rule|Species Clause: Limit one of each Pok\u00e9mon\n|rule|HP Percentage Mod: HP is shown in percentages\n|rule|Sleep Clause Mod: Limit one foe put to sleep\n|rule|Illusion Level Mod: Illusion disguises the Pok\u00e9mon's true level\n|\n|t:|1782893376\n|teamsize|p1|6\n|teamsize|p2|6\n|start\n|switch|p1a: Lumineon|Lumineon, L93, M|279/279\n|switch|p2a: Zebstrika|Zebstrika, L87, F|272/272\n|turn|1\n|inactive|Battle timer is ON: inactive players will automatically lose when time's up. (requested by forcemajor14)\n|\n|t:|1782893388\n|switch|p1a: Chansey|Chansey, L85, F|564/564\n|move|p2a: Zebstrika|Volt Switch|p1a: Chansey\n|-crit|p1a: Chansey\n|-damage|p1a: Chansey|489/564\n|-damage|p2a: Zebstrika|245/272|[from] item: Life Orb\n|\n|t:|1782893392\n|switch|p2a: Hitmonchan|Hitmonchan, L87, M|229/229|[from] Volt Switch\n|\n|upkeep\n|turn|2\n|\n|t:|1782893397\n|move|p2a: Hitmonchan|Swords Dance|p2a: Hitmonchan\n|-boost|p2a: Hitmonchan|atk|2\n|move|p1a: Chansey|Thunder Wave|p2a: Hitmonchan|[miss]\n|-miss|p1a: Chansey|p2a: Hitmonchan\n|\n|upkeep\n|turn|3\n|\n|t:|1782893401\n|switch|p1a: Araquanid|Araquanid, L82, F|246/246\n|move|p2a: Hitmonchan|Knock Off|p1a: Araquanid\n|-damage|p1a: Araquanid|34/246\n|-enditem|p1a: Araquanid|Heavy-Duty Boots|[from] move: Knock Off|[of] p2a: Hitmonchan\n|-damage|p2a: Hitmonchan|207/229|[from] item: Life Orb\n|\n|upkeep\n|turn|4\n|\n|t:|1782893405\n|move|p2a: Hitmonchan|Drain Punch|p1a: Araquanid\n|-resisted|p1a: Araquanid\n|-damage|p1a: Araquanid|0 fnt\n|-heal|p2a: Hitmonchan|224/229|[from] drain|[of] p1a: Araquanid\n|faint|p1a: Araquanid\n|-damage|p2a: Hitmonchan|202/229|[from] item: Life Orb\n|\n|upkeep\n|\n|t:|1782893412\n|switch|p1a: Okidogi|Okidogi, L77, M|262/262\n|turn|5\n|\n|t:|1782893415\n|move|p2a: Hitmonchan|Drain Punch|p1a: Okidogi\n|-resisted|p1a: Okidogi\n|-damage|p1a: Okidogi|145/262\n|-heal|p2a: Hitmonchan|229/229|[from] drain|[of] p1a: Okidogi\n|-damage|p2a: Hitmonchan|207/229|[from] item: Life Orb\n|move|p1a: Okidogi|Drain Punch|p2a: Hitmonchan\n|-damage|p2a: Hitmonchan|117/229\n|-heal|p1a: Okidogi|190/262|[from] drain|[of] p2a: Hitmonchan\n|-status|p2a: Hitmonchan|tox|[from] ability: Toxic Chain|[of] p1a: Okidogi\n|\n|-damage|p2a: Hitmonchan|103/229 tox|[from] psn\n|upkeep\n|turn|6\n|l|\u2606forcemajor14\n|inactive|forcemajor14 disconnected and has a minute to reconnect!\n|player|p2|\n|j|\u2606forcemajor14\n|inactive|forcemajor14 reconnected and has 150 seconds left.\n|player|p2|forcemajor14|266|\n|\n|t:|1782893426\n|move|p2a: Hitmonchan|Drain Punch|p1a: Okidogi\n|-resisted|p1a: Okidogi\n|-damage|p1a: Okidogi|60/262\n|-heal|p2a: Hitmonchan|168/229 tox|[from] drain|[of] p1a: Okidogi\n|-damage|p2a: Hitmonchan|146/229 tox|[from] item: Life Orb\n|move|p1a: Okidogi|Drain Punch|p2a: Hitmonchan\n|-damage|p2a: Hitmonchan|53/229 tox\n|-heal|p1a: Okidogi|107/262|[from] drain|[of] p2a: Hitmonchan\n|\n|-damage|p2a: Hitmonchan|25/229 tox|[from] psn\n|upkeep\n|turn|7\n|\n|t:|1782893432\n|move|p2a: Hitmonchan|Drain Punch|p1a: Okidogi\n|-resisted|p1a: Okidogi\n|-damage|p1a: Okidogi|0 fnt\n|-heal|p2a: Hitmonchan|79/229 tox|[from] drain|[of] p1a: Okidogi\n|faint|p1a: Okidogi\n|-damage|p2a: Hitmonchan|57/229 tox|[from] item: Life Orb\n|\n|-damage|p2a: Hitmonchan|15/229 tox|[from] psn\n|upkeep\n|\n|t:|1782893435\n|switch|p1a: Lumineon|Lumineon, L93, M|279/279\n|turn|8\n|\n|t:|1782893439\n|move|p2a: Hitmonchan|Mach Punch|p1a: Lumineon\n|-damage|p1a: Lumineon|115/279\n|-damage|p2a: Hitmonchan|0 fnt|[from] item: Life Orb\n|faint|p2a: Hitmonchan\n|move|p1a: Lumineon|Ice Beam|p2: Hitmonchan|[notarget]\n|-fail|p1a: Lumineon\n|\n|upkeep\n|\n|t:|1782893440\n|switch|p2a: Zebstrika|Zebstrika, L87, F|245/272\n|turn|9\n|\n|t:|1782893443\n|switch|p1a: Chansey|Chansey, L85, F|489/564\n|move|p2a: Zebstrika|High Horsepower|p1a: Chansey\n|-damage|p1a: Chansey|258/564\n|-damage|p2a: Zebstrika|218/272|[from] item: Life Orb\n|\n|upkeep\n|turn|10\n|\n|t:|1782893449\n|-terastallize|p2a: Zebstrika|Ground\n|move|p2a: Zebstrika|High Horsepower|p1a: Chansey\n|-damage|p1a: Chansey|0 fnt\n|faint|p1a: Chansey\n|-damage|p2a: Zebstrika|191/272|[from] item: Life Orb\n|\n|upkeep\n|-message|Marioman2007 forfeited.\n|\n|win|forcemajor14\n|raw|Marioman2007's rating: 2156 &rarr; <strong>2135</strong><br />(-21 for losing)\n|raw|forcemajor14's rating: 2140 &rarr; <strong>2161</strong><br />(+21 for winning)\n", "inputlog": ">version f8ac14003a5f27e1bdc8d8c59608a773c1cb96e5\n>start {\"formatid\":\"gen9randombattle\",\"seed\":\"sodium,656de35ffcfa00bc90c9a0c51a712651\",\"rated\":\"Rated battle\"}\n>player p1 {\"name\":\"Marioman2007\",\"avatar\":\"riley\",\"rating\":2156,\"seed\":\"sodium,8e7192d622f1485f9049d9eb1aeec335\"}\n>player p2 {\"name\":\"forcemajor14\",\"avatar\":\"266\",\"rating\":2127,\"seed\":\"sodium,1d402801447b901b452fd6ab0a9a3f44\"}\n>p1 switch 3\n>p2 move voltswitch\n>p2 switch 4\n>p1 move thunderwave\n>p2 move swordsdance\n>p1 switch 4\n>p2 move knockoff\n>p1 move liquidation\n>p2 move drainpunch\n>p1 switch 2\n>p1 move drainpunch\n>p2 move drainpunch\n>p1 move drainpunch\n>p2 move drainpunch\n>p1 move drainpunch\n>p2 move drainpunch\n>p1 switch 3\n>p1 move icebeam\n>p2 move machpunch\n>p2 switch 4\n>p1 switch 4\n>p2 move highhorsepower\n>p1 move softboiled\n>p2 move highhorsepower terastallize\n>forcelose p1", "uploadtime": 1782893455, "views": 7, "formatid": "gen9randombattle", "rating": 2135, "private": 0, "password": null, "player_dets": [{"name": "Marioman2007", "avatar": "riley", "rating": 2156, "seed": "sodium,8e7192d622f1485f9049d9eb1aeec335"}, {"name": "forcemajor14", "avatar": "266", "rating": 2127, "seed": "sodium,1d402801447b901b452fd6ab0a9a3f44"}], "teams_full": [{"Lumineon": {"name": "Lumineon", "species": "Lumineon", "speciesId": "lumineon", "gender": "M", "shiny": false, "level": 93, "moves": ["alluringvoice", "icebeam", "encore", "hydropump"], "ability": "Storm Drain", "evs": {"hp": 85, "atk": 0, "def": 85, "spa": 85, "spd": 85, "spe": 85}, "ivs": {"hp": 31, "atk": 0, "def": 31, "spa": 31, "spd": 31, "spe": 31}, "item": "Life Orb", "teraType": "Fairy", "role": "Fast Attacker", "bvs": {"hp": 69, "atk": 69, "def": 76, "spa": 69, "spd": 86, "spe": 91}, "stats": {"hp": 279, "atk": 133, "def": 194, "spa": 181, "spd": 213, "spe": 222}, "types": ["Water"]}, "Okidogi": {"name": "Okidogi", "species": "Okidogi", "speciesId": "okidogi", "gender": "M", "shiny": false, "level": 77, "moves": ["highhorsepower", "gunkshot", "knockoff", "drainpunch"], "ability": "Toxic Chain", "evs": {"hp": 85, "atk": 85, "def": 85, "spa": 85, "spd": 85, "spe": 85}, "ivs": {"hp": 31, "atk": 31, "def": 31, "spa": 31, "spd": 31, "spe": 31}, "item": "Assault Vest", "teraType": "Dark", "role": "AV Pivot", "bvs": {"hp": 88, "atk": 128, "def": 115, "spa": 58, "spd": 86, "spe": 80}, "stats": {"hp": 262, "atk": 242, "def": 222, "spa": 134, "spd": 177, "spe": 168}, "types": ["Poison", "Fighting"]}, "Chansey": {"name": "Chansey", "species": "Chansey", "speciesId": "chansey", "gender": "F", "shiny": false, "level": 85, "moves": ["softboiled", "thunderwave", "healbell", "seismictoss"], "ability": "Natural Cure", "evs": {"hp": 85, "atk": 0, "def": 85, "spa": 85, "spd": 85, "spe": 85}, "ivs": {"hp": 31, "atk": 0, "def": 31, "spa": 31, "spd": 31, "spe": 31}, "item": "Eviolite", "teraType": "Poison", "role": "Bulky Support", "bvs": {"hp": 250, "atk": 5, "def": 5, "spa": 35, "spd": 105, "spe": 50}, "stats": {"hp": 564, "atk": 13, "def": 57, "spa": 108, "spd": 227, "spe": 134}, "types": ["Normal"]}, "Araquanid": {"name": "Araquanid", "species": "Araquanid", "speciesId": "araquanid", "gender": "F", "shiny": false, "level": 82, "moves": ["leechlife", "liquidation", "stickyweb", "hydropump"], "ability": "Water Bubble", "evs": {"hp": 85, "atk": 85, "def": 85, "spa": 85, "spd": 85, "spe": 85}, "ivs": {"hp": 31, "atk": 31, "def": 31, "spa": 31, "spd": 31, "spe": 31}, "item": "Heavy-Duty Boots", "teraType": "Steel", "role": "Bulky Attacker", "bvs": {"hp": 68, "atk": 70, "def": 92, "spa": 50, "spd": 132, "spe": 42}, "stats": {"hp": 246, "atk": 162, "def": 198, "spa": 129, "spd": 264, "spe": 116}, "types": ["Water", "Bug"]}, "Raging Bolt": {"name": "Raging Bolt", "species": "Raging Bolt", "speciesId": "ragingbolt", "gender": "N", "shiny": false, "level": 78, "moves": ["thunderbolt", "calmmind", "thunderclap", "dragonpulse"], "ability": "Protosynthesis", "evs": {"hp": 85, "atk": 0, "def": 85, "spa": 85, "spd": 85, "spe": 85}, "ivs": {"hp": 31, "atk": 0, "def": 31, "spa": 31, "spd": 31, "spe": 31}, "item": "Booster Energy", "teraType": "Fairy", "role": "Fast Bulky Setup", "bvs": {"hp": 125, "atk": 73, "def": 91, "spa": 137, "spd": 89, "spe": 75}, "stats": {"hp": 323, "atk": 118, "def": 187, "spa": 259, "spd": 184, "spe": 162}, "types": ["Electric", "Dragon"]}, "Heatran": {"name": "Heatran", "species": "Heatran", "speciesId": "heatran", "gender": "M", "shiny": false, "level": 79, "moves": ["heavyslam", "stealthrock", "earthpower", "magmastorm"], "ability": "Flash Fire", "evs": {"hp": 85, "atk": 85, "def": 85, "spa": 85, "spd": 85, "spe": 85}, "ivs": {"hp": 31, "atk": 31, "def": 31, "spa": 31, "spd": 31, "spe": 31}, "item": "Air Balloon", "teraType": "Flying", "role": "Bulky Support", "bvs": {"hp": 91, "atk": 90, "def": 106, "spa": 130, "spd": 106, "spe": 77}, "stats": {"hp": 273, "atk": 188, "def": 213, "spa": 251, "spd": 213, "spe": 167}, "types": ["Fire", "Steel"]}}, {"Zebstrika": {"name": "Zebstrika", "species": "Zebstrika", "speciesId": "zebstrika", "gender": "F", "shiny": false, "level": 87, "moves": ["overheat", "voltswitch", "supercellslam", "highhorsepower"], "ability": "Sap Sipper", "evs": {"hp": 85, "atk": 85, "def": 85, "spa": 85, "spd": 85, "spe": 85}, "ivs": {"hp": 31, "atk": 31, "def": 31, "spa": 31, "spd": 31, "spe": 31}, "item": "Life Orb", "teraType": "Ground", "role": "Fast Attacker", "bvs": {"hp": 75, "atk": 100, "def": 63, "spa": 80, "spd": 63, "spe": 116}, "stats": {"hp": 272, "atk": 224, "def": 159, "spa": 189, "spd": 159, "spe": 252}, "types": ["Electric"]}, "Toxicroak": {"name": "Toxicroak", "species": "Toxicroak", "speciesId": "toxicroak", "gender": "M", "shiny": false, "level": 84, "moves": ["closecombat", "swordsdance", "gunkshot", "knockoff"], "ability": "Dry Skin", "evs": {"hp": 85, "atk": 85, "def": 85, "spa": 85, "spd": 85, "spe": 85}, "ivs": {"hp": 31, "atk": 31, "def": 31, "spa": 31, "spd": 31, "spe": 31}, "item": "Life Orb", "teraType": "Dark", "role": "Fast Attacker", "bvs": {"hp": 83, "atk": 106, "def": 65, "spa": 86, "spd": 65, "spe": 85}, "stats": {"hp": 277, "atk": 226, "def": 157, "spa": 193, "spd": 157, "spe": 191}, "types": ["Poison", "Fighting"]}, "Rillaboom": {"name": "Rillaboom", "species": "Rillaboom", "speciesId": "rillaboom", "gender": "F", "shiny": false, "level": 79, "moves": ["uturn", "highhorsepower", "grassyglide", "woodhammer"], "ability": "Grassy Surge", "evs": {"hp": 85, "atk": 85, "def": 85, "spa": 85, "spd": 85, "spe": 85}, "ivs": {"hp": 31, "atk": 31, "def": 31, "spa": 31, "spd": 31, "spe": 31}, "item": "Choice Band", "teraType": "Grass", "role": "Fast Attacker", "bvs": {"hp": 100, "atk": 125, "def": 90, "spa": 60, "spd": 70, "spe": 85}, "stats": {"hp": 288, "atk": 243, "def": 188, "spa": 140, "spd": 156, "spe": 180}, "types": ["Grass"]}, "Hitmonchan": {"name": "Hitmonchan", "species": "Hitmonchan", "speciesId": "hitmonchan", "gender": "M", "shiny": false, "level": 87, "moves": ["drainpunch", "knockoff", "swordsdance", "machpunch"], "ability": "Iron Fist", "evs": {"hp": 85, "atk": 85, "def": 85, "spa": 85, "spd": 85, "spe": 85}, "ivs": {"hp": 31, "atk": 31, "def": 31, "spa": 31, "spd": 31, "spe": 31}, "item": "Life Orb", "teraType": "Dark", "role": "Setup Sweeper", "bvs": {"hp": 50, "atk": 105, "def": 79, "spa": 35, "spd": 110, "spe": 76}, "stats": {"hp": 229, "atk": 232, "def": 187, "spa": 111, "spd": 241, "spe": 182}, "types": ["Fighting"]}, "Copperajah": {"name": "Copperajah", "species": "Copperajah", "speciesId": "copperajah", "gender": "F", "shiny": false, "level": 86, "moves": ["heavyslam", "stoneedge", "knockoff", "earthquake"], "ability": "Heavy Metal", "evs": {"hp": 85, "atk": 85, "def": 85, "spa": 85, "spd": 85, "spe": 85}, "ivs": {"hp": 31, "atk": 31, "def": 31, "spa": 31, "spd": 31, "spe": 31}, "item": "Choice Band", "teraType": "Flying", "role": "Bulky Attacker", "bvs": {"hp": 122, "atk": 130, "def": 69, "spa": 80, "spd": 69, "spe": 30}, "stats": {"hp": 350, "atk": 273, "def": 168, "spa": 187, "spd": 168, "spe": 101}, "types": ["Steel"]}, "Slaking": {"name": "Slaking", "species": "Slaking", "speciesId": "slaking", "gender": "F", "shiny": false, "level": 84, "moves": ["earthquake", "gigaimpact", "doubleedge", "knockoff"], "ability": "Truant", "evs": {"hp": 85, "atk": 85, "def": 85, "spa": 85, "spd": 85, "spe": 85}, "ivs": {"hp": 31, "atk": 31, "def": 31, "spa": 31, "spd": 31, "spe": 31}, "item": "Choice Band", "teraType": "Ground", "role": "Wallbreaker", "bvs": {"hp": 150, "atk": 160, "def": 100, "spa": 95, "spd": 65, "spe": 100}, "stats": {"hp": 389, "atk": 317, "def": 216, "spa": 208, "spd": 157, "spe": 216}, "types": ["Normal"]}}]}