{"id": "gen9randombattle-2641914781", "format": "[Gen 9] Random Battle", "players": ["Gym Leader Hugs", "daneps12345"], "log": "|j|\u2606Gym Leader Hugs\n|j|\u2606daneps12345\n|t:|1782857965\n|gametype|singles\n|player|p1|Gym Leader Hugs|170|1126\n|player|p2|daneps12345|2|1116\n|gen|9\n|tier|[Gen 9] Random Battle\n|rated|\n|rule|Species Clause: Limit one of each Pok\u00e9mon\n|rule|HP Percentage Mod: HP is shown in percentages\n|rule|Sleep Clause Mod: Limit one foe put to sleep\n|rule|Illusion Level Mod: Illusion disguises the Pok\u00e9mon's true level\n|\n|t:|1782857966\n|teamsize|p1|6\n|teamsize|p2|6\n|start\n|switch|p1a: Ambipom|Ambipom, L84, M|263/263\n|switch|p2a: Terrakion|Terrakion, L79|273/273\n|turn|1\n|inactive|Battle timer is ON: inactive players will automatically lose when time's up. (requested by Gym Leader Hugs)\n|\n|t:|1782857980\n|move|p1a: Ambipom|Fake Out|p2a: Terrakion\n|-resisted|p2a: Terrakion\n|-damage|p2a: Terrakion|236/273\n|cant|p2a: Terrakion|flinch\n|\n|upkeep\n|turn|2\n|\n|t:|1782857987\n|switch|p1a: Oricorio|Oricorio-Sensu, L85, M|266/266\n|move|p2a: Terrakion|Swords Dance|p2a: Terrakion\n|-boost|p2a: Terrakion|atk|2\n|-activate|p1a: Oricorio|ability: Dancer\n|move|p1a: Oricorio|Swords Dance|p1a: Oricorio|[from] ability: Dancer\n|-boost|p1a: Oricorio|atk|2\n|\n|upkeep\n|turn|3\n|\n|t:|1782858012\n|-terastallize|p1a: Oricorio|Fighting\n|move|p2a: Terrakion|Stone Edge|p1a: Oricorio\n|-resisted|p1a: Oricorio\n|-damage|p1a: Oricorio|84/266\n|-damage|p2a: Terrakion|209/273|[from] item: Life Orb\n|move|p1a: Oricorio|Quiver Dance|p1a: Oricorio\n|-boost|p1a: Oricorio|spa|1\n|-boost|p1a: Oricorio|spd|1\n|-boost|p1a: Oricorio|spe|1\n|\n|upkeep\n|turn|4\n|\n|t:|1782858022\n|move|p1a: Oricorio|Revelation Dance|p2a: Terrakion\n|-supereffective|p2a: Terrakion\n|-damage|p2a: Terrakion|0 fnt\n|faint|p2a: Terrakion\n|\n|upkeep\n|\n|t:|1782858026\n|switch|p2a: Electivire|Electivire, L84, F|263/263\n|turn|5\n|\n|t:|1782858036\n|move|p1a: Oricorio|Roost|p1a: Oricorio\n|-heal|p1a: Oricorio|217/266\n|move|p2a: Electivire|Ice Punch|p1a: Oricorio\n|-damage|p1a: Oricorio|112/266\n|-damage|p2a: Electivire|237/263|[from] item: Life Orb\n|\n|upkeep\n|turn|6\n|\n|t:|1782858044\n|move|p1a: Oricorio|Roost|p1a: Oricorio\n|-heal|p1a: Oricorio|245/266\n|move|p2a: Electivire|Supercell Slam|p1a: Oricorio\n|-damage|p1a: Oricorio|50/266\n|-damage|p2a: Electivire|211/263|[from] item: Life Orb\n|\n|upkeep\n|turn|7\n|inactive|Gym Leader Hugs has 120 seconds left.\n|\n|t:|1782858076\n|move|p1a: Oricorio|Roost|p1a: Oricorio\n|-heal|p1a: Oricorio|183/266\n|move|p2a: Electivire|Supercell Slam|p1a: Oricorio|[miss]\n|-miss|p2a: Electivire|p1a: Oricorio\n|-damage|p2a: Electivire|80/263|[from] supercellslam\n|\n|upkeep\n|turn|8\n|\n|t:|1782858085\n|move|p1a: Oricorio|Revelation Dance|p2a: Electivire\n|-damage|p2a: Electivire|0 fnt\n|faint|p2a: Electivire\n|\n|upkeep\n|\n|t:|1782858090\n|switch|p2a: Espathra|Espathra, L80, F|283/283\n|turn|9\n|\n|t:|1782858103\n|move|p1a: Oricorio|Quiver Dance|p1a: Oricorio\n|-boost|p1a: Oricorio|spa|1\n|-boost|p1a: Oricorio|spd|1\n|-boost|p1a: Oricorio|spe|1\n|move|p2a: Espathra|Lumina Crash|p1a: Oricorio\n|-supereffective|p1a: Oricorio\n|-damage|p1a: Oricorio|39/266\n|-unboost|p1a: Oricorio|spd|2\n|\n|-ability|p2a: Espathra|Speed Boost|boost\n|-boost|p2a: Espathra|spe|1\n|upkeep\n|turn|10\n|\n|t:|1782858113\n|move|p1a: Oricorio|Hurricane|p2a: Espathra\n|-damage|p2a: Espathra|0 fnt\n|faint|p2a: Espathra\n|\n|upkeep\n|l|\u2606daneps12345\n|inactive|daneps12345 disconnected and has a minute to reconnect!\n|player|p2|\n|inactive|daneps12345 has 30 seconds to reconnect!\n|inactive|daneps12345 has 20 seconds to reconnect!\n|inactive|daneps12345 has 15 seconds to reconnect!\n|inactive|daneps12345 has 10 seconds to reconnect!\n|inactive|daneps12345 has 5 seconds to reconnect!\n|-message|daneps12345 lost due to inactivity.\n|\n|win|Gym Leader Hugs\n|raw|Gym Leader Hugs's rating: 1126 &rarr; <strong>1150</strong><br />(+24 for winning)\n|raw|daneps12345's rating: 1116 &rarr; <strong>1092</strong><br />(-24 for losing)\n", "inputlog": ">version f8ac14003a5f27e1bdc8d8c59608a773c1cb96e5\n>start {\"formatid\":\"gen9randombattle\",\"seed\":\"sodium,6dce6f4f570a9cc0b645879ae4c0e32d\",\"rated\":\"Rated battle\"}\n>player p1 {\"name\":\"Gym Leader Hugs\",\"avatar\":\"170\",\"rating\":1126,\"seed\":\"sodium,d4e66b7dd2d959f1c6b6f6130433d297\"}\n>player p2 {\"name\":\"daneps12345\",\"avatar\":\"2\",\"rating\":1116,\"seed\":\"sodium,4154a7fb2a8f2048379684fb44feec6b\"}\n>p1 move fakeout\n>p2 move swordsdance\n>p1 switch 2\n>p2 move swordsdance\n>p1 move quiverdance terastallize\n>p2 move stoneedge\n>p1 move revelationdance\n>p2 move earthquake\n>p2 switch 3\n>p1 move roost\n>p2 move icepunch\n>p1 move roost\n>p2 move supercellslam\n>p1 move roost\n>p2 move supercellslam\n>p1 move revelationdance\n>p2 move supercellslam\n>p2 switch 6\n>p1 move quiverdance\n>p2 move luminacrash\n>p1 move hurricane\n>p2 move luminacrash\n>forcelose p2", "uploadtime": 1782858178, "views": 5, "formatid": "gen9randombattle", "rating": 1092, "private": 0, "password": null, "player_dets": [{"name": "Gym Leader Hugs", "avatar": "170", "rating": 1126, "seed": "sodium,d4e66b7dd2d959f1c6b6f6130433d297"}, {"name": "daneps12345", "avatar": "2", "rating": 1116, "seed": "sodium,4154a7fb2a8f2048379684fb44feec6b"}], "teams_full": [{"Ambipom": {"name": "Ambipom", "species": "Ambipom", "speciesId": "ambipom", "gender": "M", "shiny": false, "level": 84, "moves": ["knockoff", "lowkick", "fakeout", "doubleedge"], "ability": "Technician", "evs": {"hp": 85, "atk": 85, "def": 85, "spa": 85, "spd": 85, "spe": 85}, "ivs": {"hp": 31, "atk": 31, "def": 31, "spa": 31, "spd": 31, "spe": 31}, "item": "Silk Scarf", "teraType": "Normal", "role": "Wallbreaker", "bvs": {"hp": 75, "atk": 100, "def": 66, "spa": 60, "spd": 66, "spe": 115}, "stats": {"hp": 263, "atk": 216, "def": 159, "spa": 149, "spd": 159, "spe": 241}, "types": ["Normal"]}, "Oricorio": {"name": "Oricorio", "species": "Oricorio-Sensu", "speciesId": "oricoriosensu", "gender": "M", "shiny": false, "level": 85, "moves": ["roost", "hurricane", "quiverdance", "revelationdance"], "ability": "Dancer", "evs": {"hp": 85, "atk": 0, "def": 85, "spa": 85, "spd": 85, "spe": 85}, "ivs": {"hp": 31, "atk": 0, "def": 31, "spa": 31, "spd": 31, "spe": 31}, "item": "Heavy-Duty Boots", "teraType": "Fighting", "role": "Setup Sweeper", "bvs": {"hp": 75, "atk": 70, "def": 70, "spa": 98, "spd": 70, "spe": 93}, "stats": {"hp": 266, "atk": 124, "def": 168, "spa": 215, "spd": 168, "spe": 207}, "types": ["Ghost", "Flying"]}, "Eiscue": {"name": "Eiscue", "species": "Eiscue", "speciesId": "eiscue", "gender": "F", "shiny": false, "level": 88, "moves": ["bellydrum", "zenheadbutt", "icespinner", "liquidation"], "ability": "Ice Face", "evs": {"hp": 81, "atk": 85, "def": 85, "spa": 85, "spd": 85, "spe": 85}, "ivs": {"hp": 31, "atk": 31, "def": 31, "spa": 31, "spd": 31, "spe": 31}, "item": "Sitrus Berry", "teraType": "Water", "role": "Setup Sweeper", "bvs": {"hp": 75, "atk": 80, "def": 110, "spa": 65, "spd": 90, "spe": 50}, "stats": {"hp": 274, "atk": 191, "def": 244, "spa": 165, "spd": 209, "spe": 138}, "types": ["Ice"]}, "Kingambit": {"name": "Kingambit", "species": "Kingambit", "speciesId": "kingambit", "gender": "M", "shiny": false, "level": 74, "moves": ["swordsdance", "ironhead", "kowtowcleave", "suckerpunch"], "ability": "Supreme Overlord", "evs": {"hp": 85, "atk": 85, "def": 85, "spa": 85, "spd": 85, "spe": 85}, "ivs": {"hp": 31, "atk": 31, "def": 31, "spa": 31, "spd": 31, "spe": 31}, "item": "Leftovers", "teraType": "Flying", "role": "Bulky Attacker", "bvs": {"hp": 100, "atk": 135, "def": 120, "spa": 60, "spd": 85, "spe": 50}, "stats": {"hp": 270, "atk": 243, "def": 221, "spa": 132, "spd": 169, "spe": 117}, "types": ["Dark", "Steel"]}, "Tornadus": {"name": "Tornadus", "species": "Tornadus-Therian", "speciesId": "tornadustherian", "gender": "M", "shiny": false, "level": 79, "moves": ["heatwave", "nastyplot", "bleakwindstorm", "grassknot"], "ability": "Regenerator", "evs": {"hp": 85, "atk": 0, "def": 85, "spa": 85, "spd": 85, "spe": 85}, "ivs": {"hp": 31, "atk": 0, "def": 31, "spa": 31, "spd": 31, "spe": 31}, "item": "Heavy-Duty Boots", "teraType": "Fire", "role": "Fast Attacker", "bvs": {"hp": 79, "atk": 100, "def": 80, "spa": 110, "spd": 90, "spe": 121}, "stats": {"hp": 254, "atk": 163, "def": 172, "spa": 219, "spd": 188, "spe": 237}, "types": ["Flying"]}, "Seviper": {"name": "Seviper", "species": "Seviper", "speciesId": "seviper", "gender": "F", "shiny": false, "level": 93, "moves": ["knockoff", "flamethrower", "switcheroo", "gunkshot"], "ability": "Infiltrator", "evs": {"hp": 85, "atk": 85, "def": 85, "spa": 85, "spd": 85, "spe": 85}, "ivs": {"hp": 31, "atk": 31, "def": 31, "spa": 31, "spd": 31, "spe": 31}, "item": "Choice Scarf", "teraType": "Dark", "role": "Fast Attacker", "bvs": {"hp": 73, "atk": 100, "def": 60, "spa": 100, "spd": 60, "spe": 65}, "stats": {"hp": 287, "atk": 239, "def": 164, "spa": 239, "spd": 164, "spe": 174}, "types": ["Poison"]}}, {"Terrakion": {"name": "Terrakion", "species": "Terrakion", "speciesId": "terrakion", "gender": "N", "shiny": false, "level": 79, "moves": ["earthquake", "stoneedge", "closecombat", "swordsdance"], "ability": "Justified", "evs": {"hp": 85, "atk": 85, "def": 85, "spa": 85, "spd": 85, "spe": 85}, "ivs": {"hp": 31, "atk": 31, "def": 31, "spa": 31, "spd": 31, "spe": 31}, "item": "Life Orb", "teraType": "Fighting", "role": "Setup Sweeper", "bvs": {"hp": 91, "atk": 129, "def": 90, "spa": 72, "spd": 90, "spe": 108}, "stats": {"hp": 273, "atk": 249, "def": 188, "spa": 159, "spd": 188, "spe": 216}, "types": ["Rock", "Fighting"]}, "Kricketune": {"name": "Kricketune", "species": "Kricketune", "speciesId": "kricketune", "gender": "F", "shiny": false, "level": 99, "moves": ["knockoff", "taunt", "stickyweb", "pounce"], "ability": "Technician", "evs": {"hp": 85, "atk": 85, "def": 85, "spa": 85, "spd": 85, "spe": 85}, "ivs": {"hp": 31, "atk": 31, "def": 31, "spa": 31, "spd": 31, "spe": 31}, "item": "Heavy-Duty Boots", "teraType": "Ghost", "role": "Fast Support", "bvs": {"hp": 77, "atk": 85, "def": 51, "spa": 55, "spd": 51, "spe": 65}, "stats": {"hp": 312, "atk": 224, "def": 157, "spa": 165, "spd": 157, "spe": 185}, "types": ["Bug"]}, "Electivire": {"name": "Electivire", "species": "Electivire", "speciesId": "electivire", "gender": "F", "shiny": false, "level": 84, "moves": ["supercellslam", "bulkup", "earthquake", "icepunch"], "ability": "Motor Drive", "evs": {"hp": 85, "atk": 85, "def": 85, "spa": 85, "spd": 85, "spe": 85}, "ivs": {"hp": 31, "atk": 31, "def": 31, "spa": 31, "spd": 31, "spe": 31}, "item": "Life Orb", "teraType": "Flying", "role": "Setup Sweeper", "bvs": {"hp": 75, "atk": 123, "def": 67, "spa": 95, "spd": 85, "spe": 95}, "stats": {"hp": 263, "atk": 255, "def": 161, "spa": 208, "spd": 191, "spe": 208}, "types": ["Electric"]}, "Regigigas": {"name": "Regigigas", "species": "Regigigas", "speciesId": "regigigas", "gender": "N", "shiny": false, "level": 84, "moves": ["substitute", "knockoff", "protect", "bodyslam"], "ability": "Slow Start", "evs": {"hp": 85, "atk": 85, "def": 85, "spa": 85, "spd": 85, "spe": 85}, "ivs": {"hp": 31, "atk": 31, "def": 31, "spa": 31, "spd": 31, "spe": 31}, "item": "Leftovers", "teraType": "Poison", "role": "Bulky Attacker", "bvs": {"hp": 110, "atk": 160, "def": 110, "spa": 80, "spd": 110, "spe": 100}, "stats": {"hp": 322, "atk": 317, "def": 233, "spa": 183, "spd": 233, "spe": 216}, "types": ["Normal"]}, "Tauros": {"name": "Tauros", "species": "Tauros-Paldea-Combat", "speciesId": "taurospaldeacombat", "gender": "M", "shiny": false, "level": 82, "moves": ["closecombat", "ironhead", "bulkup", "throatchop"], "ability": "Intimidate", "evs": {"hp": 85, "atk": 85, "def": 85, "spa": 85, "spd": 85, "spe": 85}, "ivs": {"hp": 31, "atk": 31, "def": 31, "spa": 31, "spd": 31, "spe": 31}, "item": "Life Orb", "teraType": "Dark", "role": "Wallbreaker", "bvs": {"hp": 75, "atk": 110, "def": 105, "spa": 30, "spd": 70, "spe": 100}, "stats": {"hp": 257, "atk": 228, "def": 219, "spa": 96, "spd": 162, "spe": 211}, "types": ["Fighting"]}, "Espathra": {"name": "Espathra", "species": "Espathra", "speciesId": "espathra", "gender": "F", "shiny": false, "level": 80, "moves": ["shadowball", "uturn", "luminacrash", "dazzlinggleam"], "ability": "Speed Boost", "evs": {"hp": 85, "atk": 85, "def": 85, "spa": 85, "spd": 85, "spe": 85}, "ivs": {"hp": 31, "atk": 31, "def": 31, "spa": 31, "spd": 31, "spe": 31}, "item": "Choice Specs", "teraType": "Fairy", "role": "Wallbreaker", "bvs": {"hp": 95, "atk": 60, "def": 60, "spa": 101, "spd": 60, "spe": 105}, "stats": {"hp": 283, "atk": 142, "def": 142, "spa": 208, "spd": 142, "spe": 214}, "types": ["Psychic"]}}]}