{"id": "gen9randombattle-2642077284", "format": "[Gen 9] Random Battle", "players": ["Primaris", "mundigsters"], "log": "|j|\u2606Primaris\n|j|\u2606mundigsters\n|t:|1782884925\n|gametype|singles\n|player|p1|Primaris|benga|1904\n|player|p2|mundigsters|265|1884\n|gen|9\n|tier|[Gen 9] Random Battle\n|rated|\n|rule|Species Clause: Limit one of each Pok\u00e9mon\n|rule|HP Percentage Mod: HP is shown in percentages\n|rule|Sleep Clause Mod: Limit one foe put to sleep\n|rule|Illusion Level Mod: Illusion disguises the Pok\u00e9mon's true level\n|\n|t:|1782884925\n|teamsize|p1|6\n|teamsize|p2|6\n|start\n|switch|p1a: Okidogi|Okidogi, L77, M|262/262\n|switch|p2a: Minior|Minior-Blue, L79|224/224\n|-formechange|p2a: Minior|Minior-Meteor||[from] ability: Shields Down\n|turn|1\n|inactive|Battle timer is ON: inactive players will automatically lose when time's up. (requested by mundigsters)\n|\n|t:|1782884948\n|switch|p2a: Registeel|Registeel, L81|262/262\n|move|p1a: Okidogi|Knock Off|p2a: Registeel\n|-damage|p2a: Registeel|214/262\n|-enditem|p2a: Registeel|Leftovers|[from] move: Knock Off|[of] p1a: Okidogi\n|\n|upkeep\n|turn|2\n|\n|t:|1782884954\n|move|p1a: Okidogi|Bulk Up|p1a: Okidogi\n|-boost|p1a: Okidogi|atk|1\n|-boost|p1a: Okidogi|def|1\n|move|p2a: Registeel|Thunder Wave|p1a: Okidogi\n|-status|p1a: Okidogi|par\n|\n|upkeep\n|turn|3\n|\n|t:|1782884957\n|move|p2a: Registeel|Iron Defense|p2a: Registeel\n|-boost|p2a: Registeel|def|2\n|cant|p1a: Okidogi|par\n|\n|upkeep\n|turn|4\n|\n|t:|1782884960\n|move|p2a: Registeel|Iron Defense|p2a: Registeel\n|-boost|p2a: Registeel|def|2\n|move|p1a: Okidogi|Bulk Up|p1a: Okidogi\n|-boost|p1a: Okidogi|atk|1\n|-boost|p1a: Okidogi|def|1\n|\n|upkeep\n|turn|5\n|\n|t:|1782884963\n|move|p2a: Registeel|Iron Defense|p2a: Registeel\n|-boost|p2a: Registeel|def|2\n|move|p1a: Okidogi|Bulk Up|p1a: Okidogi\n|-boost|p1a: Okidogi|atk|1\n|-boost|p1a: Okidogi|def|1\n|\n|upkeep\n|turn|6\n|\n|t:|1782884966\n|move|p2a: Registeel|Body Press|p1a: Okidogi\n|-resisted|p1a: Okidogi\n|-damage|p1a: Okidogi|206/262 par\n|move|p1a: Okidogi|Bulk Up|p1a: Okidogi\n|-boost|p1a: Okidogi|atk|1\n|-boost|p1a: Okidogi|def|1\n|\n|-heal|p1a: Okidogi|222/262 par|[from] item: Leftovers\n|upkeep\n|turn|7\n|\n|t:|1782884970\n|move|p2a: Registeel|Body Press|p1a: Okidogi\n|-resisted|p1a: Okidogi\n|-crit|p1a: Okidogi\n|-damage|p1a: Okidogi|23/262 par\n|move|p1a: Okidogi|Bulk Up|p1a: Okidogi\n|-boost|p1a: Okidogi|atk|1\n|-boost|p1a: Okidogi|def|1\n|\n|-heal|p1a: Okidogi|39/262 par|[from] item: Leftovers\n|upkeep\n|turn|8\n|\n|t:|1782884974\n|move|p2a: Registeel|Body Press|p1a: Okidogi\n|-resisted|p1a: Okidogi\n|-damage|p1a: Okidogi|4/262 par\n|move|p1a: Okidogi|Drain Punch|p2a: Registeel\n|-supereffective|p2a: Registeel\n|-damage|p2a: Registeel|122/262\n|-heal|p1a: Okidogi|50/262 par|[from] drain|[of] p2a: Registeel\n|\n|-heal|p1a: Okidogi|66/262 par|[from] item: Leftovers\n|upkeep\n|turn|9\n|\n|t:|1782884984\n|move|p2a: Registeel|Body Press|p1a: Okidogi\n|-resisted|p1a: Okidogi\n|-damage|p1a: Okidogi|29/262 par\n|move|p1a: Okidogi|Drain Punch|p2a: Registeel\n|-supereffective|p2a: Registeel\n|-damage|p2a: Registeel|26/262\n|-heal|p1a: Okidogi|77/262 par|[from] drain|[of] p2a: Registeel\n|\n|-heal|p1a: Okidogi|93/262 par|[from] item: Leftovers\n|upkeep\n|turn|10\n|\n|t:|1782884990\n|move|p2a: Registeel|Body Press|p1a: Okidogi\n|-resisted|p1a: Okidogi\n|-damage|p1a: Okidogi|58/262 par\n|move|p1a: Okidogi|Drain Punch|p2a: Registeel\n|-supereffective|p2a: Registeel\n|-damage|p2a: Registeel|0 fnt\n|-heal|p1a: Okidogi|71/262 par|[from] drain|[of] p2a: Registeel\n|faint|p2a: Registeel\n|\n|-heal|p1a: Okidogi|87/262 par|[from] item: Leftovers\n|upkeep\n|\n|t:|1782884995\n|switch|p2a: Minior|Minior-Blue, L79|224/224\n|-formechange|p2a: Minior|Minior-Meteor||[from] ability: Shields Down\n|turn|11\n|\n|t:|1782885003\n|move|p2a: Minior|Power Gem|p1a: Okidogi\n|-resisted|p1a: Okidogi\n|-damage|p1a: Okidogi|57/262 par\n|move|p1a: Okidogi|Drain Punch|p2a: Minior\n|-damage|p2a: Minior|0 fnt\n|-heal|p1a: Okidogi|169/262 par|[from] drain|[of] p2a: Minior\n|faint|p2a: Minior\n|\n|-heal|p1a: Okidogi|185/262 par|[from] item: Leftovers\n|upkeep\n|\n|t:|1782885012\n|switch|p2a: Dewgong|Dewgong, L94, F|322/322\n|turn|12\n|\n|t:|1782885018\n|move|p2a: Dewgong|Surf|p1a: Okidogi\n|-damage|p1a: Okidogi|76/262 par\n|move|p1a: Okidogi|Drain Punch|p2a: Dewgong\n|-supereffective|p2a: Dewgong\n|-damage|p2a: Dewgong|0 fnt\n|-heal|p1a: Okidogi|237/262 par|[from] drain|[of] p2a: Dewgong\n|faint|p2a: Dewgong\n|\n|-heal|p1a: Okidogi|253/262 par|[from] item: Leftovers\n|upkeep\n|\n|t:|1782885020\n|switch|p2a: Lurantis|Lurantis, L87, M|264/264\n|turn|13\n|\n|t:|1782885025\n|move|p2a: Lurantis|Leaf Storm|p1a: Okidogi\n|-resisted|p1a: Okidogi\n|-damage|p1a: Okidogi|181/262 par\n|-boost|p2a: Lurantis|spa|2\n|move|p1a: Okidogi|Gunk Shot|p2a: Lurantis\n|-supereffective|p2a: Lurantis\n|-damage|p2a: Lurantis|0 fnt\n|faint|p2a: Lurantis\n|\n|-heal|p1a: Okidogi|197/262 par|[from] item: Leftovers\n|upkeep\n|\n|t:|1782885028\n|switch|p2a: Luvdisc|Luvdisc, M|247/247\n|turn|14\n|\n|t:|1782885031\n|move|p2a: Luvdisc|Whirlpool|p1a: Okidogi\n|-damage|p1a: Okidogi|166/262 par\n|-activate|p1a: Okidogi|move: Whirlpool|[of] p2a: Luvdisc\n|cant|p1a: Okidogi|par\n|\n|-heal|p1a: Okidogi|182/262 par|[from] item: Leftovers\n|-damage|p1a: Okidogi|150/262 par|[from] move: Whirlpool|[partiallytrapped]\n|upkeep\n|turn|15\n|\n|t:|1782885033\n|move|p2a: Luvdisc|Substitute|p2a: Luvdisc\n|-start|p2a: Luvdisc|Substitute\n|-damage|p2a: Luvdisc|186/247\n|move|p1a: Okidogi|Drain Punch|p2a: Luvdisc\n|-end|p2a: Luvdisc|Substitute\n|-heal|p1a: Okidogi|181/262 par|[from] drain|[of] p2a: Luvdisc\n|\n|-heal|p1a: Okidogi|197/262 par|[from] item: Leftovers\n|-damage|p1a: Okidogi|165/262 par|[from] move: Whirlpool|[partiallytrapped]\n|upkeep\n|turn|16\n|\n|t:|1782885036\n|move|p2a: Luvdisc|Substitute|p2a: Luvdisc\n|-start|p2a: Luvdisc|Substitute\n|-damage|p2a: Luvdisc|125/247\n|move|p1a: Okidogi|Drain Punch|p2a: Luvdisc\n|-end|p2a: Luvdisc|Substitute\n|-heal|p1a: Okidogi|196/262 par|[from] drain|[of] p2a: Luvdisc\n|\n|-heal|p1a: Okidogi|212/262 par|[from] item: Leftovers\n|-damage|p1a: Okidogi|180/262 par|[from] move: Whirlpool|[partiallytrapped]\n|upkeep\n|turn|17\n|\n|t:|1782885038\n|move|p2a: Luvdisc|Substitute|p2a: Luvdisc\n|-start|p2a: Luvdisc|Substitute\n|-damage|p2a: Luvdisc|64/247\n|cant|p1a: Okidogi|par\n|\n|-heal|p1a: Okidogi|196/262 par|[from] item: Leftovers\n|-damage|p1a: Okidogi|164/262 par|[from] move: Whirlpool|[partiallytrapped]\n|upkeep\n|turn|18\n|\n|t:|1782885039\n|move|p2a: Luvdisc|Substitute|p2a: Luvdisc\n|-fail|p2a: Luvdisc|move: Substitute\n|move|p1a: Okidogi|Drain Punch|p2a: Luvdisc\n|-end|p2a: Luvdisc|Substitute\n|-heal|p1a: Okidogi|195/262 par|[from] drain|[of] p2a: Luvdisc\n|\n|-heal|p1a: Okidogi|211/262 par|[from] item: Leftovers\n|-damage|p1a: Okidogi|179/262 par|[from] move: Whirlpool|[partiallytrapped]\n|upkeep\n|turn|19\n|\n|t:|1782885041\n|move|p2a: Luvdisc|Substitute|p2a: Luvdisc\n|-start|p2a: Luvdisc|Substitute\n|-damage|p2a: Luvdisc|3/247\n|move|p1a: Okidogi|Drain Punch|p2a: Luvdisc\n|-end|p2a: Luvdisc|Substitute\n|-heal|p1a: Okidogi|210/262 par|[from] drain|[of] p2a: Luvdisc\n|\n|-heal|p1a: Okidogi|226/262 par|[from] item: Leftovers\n|-end|p1a: Okidogi|Whirlpool|[partiallytrapped]\n|upkeep\n|turn|20\n|\n|t:|1782885043\n|move|p2a: Luvdisc|Endeavor|p1a: Okidogi\n|-damage|p1a: Okidogi|3/262 par\n|move|p1a: Okidogi|Drain Punch|p2a: Luvdisc\n|-damage|p2a: Luvdisc|0 fnt\n|-heal|p1a: Okidogi|5/262 par|[from] drain|[of] p2a: Luvdisc\n|faint|p2a: Luvdisc\n|\n|-heal|p1a: Okidogi|21/262 par|[from] item: Leftovers\n|upkeep\n|\n|t:|1782885045\n|switch|p2a: Probopass|Probopass, L91, M|257/257\n|turn|21\n|\n|t:|1782885048\n|move|p2a: Probopass|Flash Cannon|p1a: Okidogi\n|-damage|p1a: Okidogi|0 fnt\n|faint|p1a: Okidogi\n|\n|upkeep\n|\n|t:|1782885062\n|switch|p1a: Hoopa|Hoopa, L85|275/275\n|turn|22\n|\n|t:|1782885067\n|move|p1a: Hoopa|Focus Blast|p2a: Probopass\n|-supereffective|p2a: Probopass\n|-damage|p2a: Probopass|0 fnt\n|faint|p2a: Probopass\n|\n|win|Primaris\n|raw|Primaris's rating: 1904 &rarr; <strong>1923</strong><br />(+19 for winning)\n|raw|mundigsters's rating: 1884 &rarr; <strong>1865</strong><br />(-19 for losing)\n", "inputlog": ">version f8ac14003a5f27e1bdc8d8c59608a773c1cb96e5\n>start {\"formatid\":\"gen9randombattle\",\"seed\":\"sodium,d43f7e0cf9c349370be9eaec521ca9be\",\"rated\":\"Rated battle\"}\n>player p1 {\"name\":\"Primaris\",\"avatar\":\"benga\",\"rating\":1904,\"seed\":\"sodium,12d4763264292330d0843b78ae6fe6f2\"}\n>player p2 {\"name\":\"mundigsters\",\"avatar\":\"265\",\"rating\":1884,\"seed\":\"sodium,752a79effea2772ddf49b5c307620ff6\"}\n>p1 move knockoff\n>p2 switch 3\n>p1 move bulkup\n>p2 move thunderwave\n>p1 move bulkup\n>p2 move irondefense\n>p1 move bulkup\n>p2 move irondefense\n>p1 move bulkup\n>p2 move irondefense\n>p1 move bulkup\n>p2 move bodypress\n>p1 move bulkup\n>p2 move bodypress\n>p1 move drainpunch\n>p2 move bodypress\n>p1 move drainpunch\n>p2 move bodypress\n>p1 move drainpunch\n>p2 move bodypress\n>p2 switch 3\n>p1 move drainpunch\n>p2 move powergem\n>p2 switch 5\n>p1 move drainpunch\n>p2 move surf\n>p2 switch 6\n>p1 move gunkshot\n>p2 move leafstorm\n>p2 switch 4\n>p1 move drainpunch\n>p2 move whirlpool\n>p1 move drainpunch\n>p2 move substitute\n>p1 move drainpunch\n>p2 move substitute\n>p1 move drainpunch\n>p2 move substitute\n>p1 move drainpunch\n>p2 move substitute\n>p1 move drainpunch\n>p2 move substitute\n>p1 move drainpunch\n>p2 move endeavor\n>p2 switch 2\n>p1 move drainpunch\n>p2 move flashcannon\n>p1 switch 6\n>p1 move focusblast\n>p2 move flashcannon", "uploadtime": 1782885068, "views": 2, "formatid": "gen9randombattle", "rating": 1865, "private": 0, "password": null, "player_dets": [{"name": "Primaris", "avatar": "benga", "rating": 1904, "seed": "sodium,12d4763264292330d0843b78ae6fe6f2"}, {"name": "mundigsters", "avatar": "265", "rating": 1884, "seed": "sodium,752a79effea2772ddf49b5c307620ff6"}], "teams_full": [{"Okidogi": {"name": "Okidogi", "species": "Okidogi", "speciesId": "okidogi", "gender": "M", "shiny": false, "level": 77, "moves": ["bulkup", "gunkshot", "drainpunch", "knockoff"], "ability": "Toxic Chain", "evs": {"hp": 85, "atk": 85, "def": 85, "spa": 85, "spd": 85, "spe": 85}, "ivs": {"hp": 31, "atk": 31, "def": 31, "spa": 31, "spd": 31, "spe": 31}, "item": "Leftovers", "teraType": "Dark", "role": "Bulky Setup", "bvs": {"hp": 88, "atk": 128, "def": 115, "spa": 58, "spd": 86, "spe": 80}, "stats": {"hp": 262, "atk": 242, "def": 222, "spa": 134, "spd": 177, "spe": 168}, "types": ["Poison", "Fighting"]}, "Hitmontop": {"name": "Hitmontop", "species": "Hitmontop", "speciesId": "hitmontop", "gender": "M", "shiny": false, "level": 88, "moves": ["earthquake", "closecombat", "rapidspin", "suckerpunch"], "ability": "Intimidate", "evs": {"hp": 85, "atk": 85, "def": 85, "spa": 85, "spd": 85, "spe": 85}, "ivs": {"hp": 31, "atk": 31, "def": 31, "spa": 31, "spd": 31, "spe": 31}, "item": "Assault Vest", "teraType": "Steel", "role": "Bulky Support", "bvs": {"hp": 50, "atk": 95, "def": 95, "spa": 35, "spd": 110, "spe": 70}, "stats": {"hp": 231, "atk": 217, "def": 217, "spa": 112, "spd": 244, "spe": 173}, "types": ["Fighting"]}, "Bellossom": {"name": "Bellossom", "species": "Bellossom", "speciesId": "bellossom", "gender": "M", "shiny": false, "level": 84, "moves": ["quiverdance", "terablast", "gigadrain", "strengthsap"], "ability": "Chlorophyll", "evs": {"hp": 85, "atk": 0, "def": 85, "spa": 85, "spd": 85, "spe": 85}, "ivs": {"hp": 31, "atk": 0, "def": 31, "spa": 31, "spd": 31, "spe": 31}, "item": "Leftovers", "teraType": "Rock", "role": "Tera Blast user", "bvs": {"hp": 75, "atk": 80, "def": 95, "spa": 90, "spd": 100, "spe": 50}, "stats": {"hp": 263, "atk": 139, "def": 208, "spa": 199, "spd": 216, "spe": 132}, "types": ["Grass"]}, "Lugia": {"name": "Lugia", "species": "Lugia", "speciesId": "lugia", "gender": "N", "shiny": false, "level": 73, "moves": ["aeroblast", "recover", "earthpower", "calmmind"], "ability": "Multiscale", "evs": {"hp": 85, "atk": 0, "def": 85, "spa": 85, "spd": 85, "spe": 85}, "ivs": {"hp": 31, "atk": 0, "def": 31, "spa": 31, "spd": 31, "spe": 31}, "item": "Heavy-Duty Boots", "teraType": "Steel", "role": "Bulky Setup", "bvs": {"hp": 106, "atk": 90, "def": 130, "spa": 90, "spd": 154, "spe": 110}, "stats": {"hp": 275, "atk": 136, "def": 232, "spa": 174, "spd": 267, "spe": 203}, "types": ["Psychic", "Flying"]}, "Dugtrio": {"name": "Dugtrio", "species": "Dugtrio-Alola", "speciesId": "dugtrioalola", "gender": "M", "shiny": false, "level": 84, "moves": ["earthquake", "ironhead", "stoneedge", "stealthrock"], "ability": "Tangling Hair", "evs": {"hp": 85, "atk": 85, "def": 85, "spa": 85, "spd": 85, "spe": 85}, "ivs": {"hp": 31, "atk": 31, "def": 31, "spa": 31, "spd": 31, "spe": 31}, "item": "Life Orb", "teraType": "Steel", "role": "Fast Attacker", "bvs": {"hp": 35, "atk": 100, "def": 60, "spa": 50, "spd": 70, "spe": 110}, "stats": {"hp": 196, "atk": 216, "def": 149, "spa": 132, "spd": 166, "spe": 233}, "types": ["Ground", "Steel"]}, "Hoopa": {"name": "Hoopa", "species": "Hoopa", "speciesId": "hoopa", "gender": "N", "shiny": false, "level": 85, "moves": ["focusblast", "shadowball", "psyshock", "trick"], "ability": "Magician", "evs": {"hp": 85, "atk": 0, "def": 85, "spa": 85, "spd": 85, "spe": 85}, "ivs": {"hp": 31, "atk": 0, "def": 31, "spa": 31, "spd": 31, "spe": 31}, "item": "Choice Scarf", "teraType": "Fighting", "role": "Fast Attacker", "bvs": {"hp": 80, "atk": 110, "def": 60, "spa": 150, "spd": 130, "spe": 70}, "stats": {"hp": 275, "atk": 192, "def": 151, "spa": 304, "spd": 270, "spe": 168}, "types": ["Psychic", "Ghost"]}}, {"Minior": {"name": "Minior", "species": "Minior-Blue", "speciesId": "minior", "gender": "N", "shiny": false, "level": 79, "moves": ["acrobatics", "powergem", "shellsmash", "earthquake"], "ability": "Shields Down", "evs": {"hp": 85, "atk": 85, "def": 85, "spa": 85, "spd": 85, "spe": 85}, "ivs": {"hp": 31, "atk": 31, "def": 31, "spa": 31, "spd": 31, "spe": 31}, "item": "White Herb", "teraType": "Ground", "role": "Setup Sweeper", "bvs": {"hp": 60, "atk": 100, "def": 60, "spa": 100, "spd": 60, "spe": 120}, "stats": {"hp": 224, "atk": 204, "def": 140, "spa": 204, "spd": 140, "spe": 235}, "types": ["Rock", "Flying"]}, "Probopass": {"name": "Probopass", "species": "Probopass", "speciesId": "probopass", "gender": "M", "shiny": false, "level": 91, "moves": ["bodypress", "irondefense", "powergem", "flashcannon"], "ability": "Magnet Pull", "evs": {"hp": 85, "atk": 0, "def": 85, "spa": 85, "spd": 85, "spe": 85}, "ivs": {"hp": 31, "atk": 0, "def": 31, "spa": 31, "spd": 31, "spe": 31}, "item": "Leftovers", "teraType": "Fighting", "role": "Bulky Setup", "bvs": {"hp": 60, "atk": 55, "def": 145, "spa": 75, "spd": 150, "spe": 40}, "stats": {"hp": 257, "atk": 105, "def": 316, "spa": 188, "spd": 325, "spe": 125}, "types": ["Rock", "Steel"]}, "Registeel": {"name": "Registeel", "species": "Registeel", "speciesId": "registeel", "gender": "N", "shiny": false, "level": 81, "moves": ["thunderwave", "ironhead", "bodypress", "irondefense"], "ability": "Clear Body", "evs": {"hp": 85, "atk": 85, "def": 85, "spa": 85, "spd": 85, "spe": 85}, "ivs": {"hp": 31, "atk": 31, "def": 31, "spa": 31, "spd": 31, "spe": 31}, "item": "Leftovers", "teraType": "Fighting", "role": "Bulky Support", "bvs": {"hp": 80, "atk": 75, "def": 150, "spa": 75, "spd": 150, "spe": 50}, "stats": {"hp": 262, "atk": 168, "def": 290, "spa": 168, "spd": 290, "spe": 128}, "types": ["Steel"]}, "Luvdisc": {"name": "Luvdisc", "species": "Luvdisc", "speciesId": "luvdisc", "gender": "M", "shiny": false, "level": 100, "moves": ["surf", "substitute", "whirlpool", "endeavor"], "ability": "Swift Swim", "evs": {"hp": 81, "atk": 0, "def": 85, "spa": 85, "spd": 85, "spe": 85}, "ivs": {"hp": 31, "atk": 0, "def": 31, "spa": 31, "spd": 31, "spe": 31}, "item": "Heavy-Duty Boots", "teraType": "Ground", "role": "Fast Support", "bvs": {"hp": 43, "atk": 30, "def": 55, "spa": 40, "spd": 65, "spe": 97}, "stats": {"hp": 247, "atk": 65, "def": 167, "spa": 137, "spd": 187, "spe": 251}, "types": ["Water"]}, "Dewgong": {"name": "Dewgong", "species": "Dewgong", "speciesId": "dewgong", "gender": "F", "shiny": false, "level": 94, "moves": ["icebeam", "surf", "knockoff", "flipturn"], "ability": "Thick Fat", "evs": {"hp": 85, "atk": 85, "def": 85, "spa": 85, "spd": 85, "spe": 85}, "ivs": {"hp": 31, "atk": 31, "def": 31, "spa": 31, "spd": 31, "spe": 31}, "item": "Assault Vest", "teraType": "Poison", "role": "Bulky Support", "bvs": {"hp": 90, "atk": 70, "def": 80, "spa": 70, "spd": 95, "spe": 70}, "stats": {"hp": 322, "atk": 185, "def": 204, "spa": 185, "spd": 232, "spe": 185}, "types": ["Water", "Ice"]}, "Lurantis": {"name": "Lurantis", "species": "Lurantis", "speciesId": "lurantis", "gender": "M", "shiny": false, "level": 87, "moves": ["knockoff", "superpower", "leechlife", "leafstorm"], "ability": "Contrary", "evs": {"hp": 85, "atk": 85, "def": 85, "spa": 85, "spd": 85, "spe": 85}, "ivs": {"hp": 31, "atk": 31, "def": 31, "spa": 31, "spd": 31, "spe": 31}, "item": "Assault Vest", "teraType": "Fighting", "role": "AV Pivot", "bvs": {"hp": 70, "atk": 105, "def": 90, "spa": 80, "spd": 90, "spe": 45}, "stats": {"hp": 264, "atk": 232, "def": 206, "spa": 189, "spd": 206, "spe": 128}, "types": ["Grass"]}}]}