{"id": "gen9randombattle-2642174963", "format": "[Gen 9] Random Battle", "players": ["PMCaleb", "zinzanzoggle"], "log": "|j|\u2606PMCaleb\n|j|\u2606zinzanzoggle\n|t:|1782905554\n|gametype|singles\n|player|p1|PMCaleb|blackbelt-gen4dp|1933\n|player|p2|zinzanzoggle|grimsley|1901\n|gen|9\n|tier|[Gen 9] Random Battle\n|rated|\n|rule|Species Clause: Limit one of each Pok\u00e9mon\n|rule|HP Percentage Mod: HP is shown in percentages\n|rule|Sleep Clause Mod: Limit one foe put to sleep\n|rule|Illusion Level Mod: Illusion disguises the Pok\u00e9mon's true level\n|\n|t:|1782905554\n|teamsize|p1|6\n|teamsize|p2|6\n|start\n|switch|p1a: Veluza|Veluza, L85, F|292/292\n|switch|p2a: Scrafty|Scrafty, L83, F|244/244\n|-ability|p2a: Scrafty|Intimidate|boost\n|-unboost|p1a: Veluza|atk|1\n|turn|1\n|inactive|Battle timer is ON: inactive players will automatically lose when time's up. (requested by zinzanzoggle)\n|\n|t:|1782905583\n|switch|p1a: Kricketune|Kricketune, L99, M|312/312\n|move|p2a: Scrafty|Knock Off|p1a: Kricketune\n|-damage|p1a: Kricketune|188/312\n|-enditem|p1a: Kricketune|Heavy-Duty Boots|[from] move: Knock Off|[of] p2a: Scrafty\n|\n|upkeep\n|turn|2\n|\n|t:|1782905593\n|move|p1a: Kricketune|Sticky Web|p2a: Scrafty\n|-sidestart|p2: zinzanzoggle|move: Sticky Web\n|move|p2a: Scrafty|Dragon Dance|p2a: Scrafty\n|-boost|p2a: Scrafty|atk|1\n|-boost|p2a: Scrafty|spe|1\n|\n|upkeep\n|turn|3\n|\n|t:|1782905600\n|move|p2a: Scrafty|Dragon Dance|p2a: Scrafty\n|-boost|p2a: Scrafty|atk|1\n|-boost|p2a: Scrafty|spe|1\n|move|p1a: Kricketune|Pounce|p2a: Scrafty\n|-damage|p2a: Scrafty|165/244\n|-unboost|p2a: Scrafty|spe|1\n|\n|-heal|p2a: Scrafty|180/244|[from] item: Leftovers\n|upkeep\n|turn|4\n|\n|t:|1782905611\n|move|p2a: Scrafty|Knock Off|p1a: Kricketune\n|-damage|p1a: Kricketune|32/312\n|move|p1a: Kricketune|Pounce|p2a: Scrafty\n|-crit|p2a: Scrafty\n|-damage|p2a: Scrafty|60/244\n|-unboost|p2a: Scrafty|spe|1\n|\n|-heal|p2a: Scrafty|75/244|[from] item: Leftovers\n|upkeep\n|turn|5\n|\n|t:|1782905625\n|move|p1a: Kricketune|Pounce|p2a: Scrafty\n|-damage|p2a: Scrafty|0 fnt\n|faint|p2a: Scrafty\n|\n|upkeep\n|\n|t:|1782905627\n|switch|p2a: Squawkabilly|Squawkabilly-Blue, L85, M|278/278\n|turn|6\n|\n|t:|1782905641\n|move|p2a: Squawkabilly|Facade|p1a: Kricketune\n|-damage|p1a: Kricketune|0 fnt\n|faint|p1a: Kricketune\n|\n|-status|p2a: Squawkabilly|brn|[from] item: Flame Orb\n|upkeep\n|inactive|PMCaleb has 120 seconds left.\n|\n|t:|1782905672\n|switch|p1a: Tauros|Tauros, L82, M|257/257\n|turn|7\n|inactive|PMCaleb has 120 seconds left.\n|\n|t:|1782905690\n|switch|p2a: Reshiram|Reshiram, L76|277/277\n|-ability|p2a: Reshiram|Turboblaze\n|move|p1a: Tauros|Body Slam|p2a: Reshiram\n|-damage|p2a: Reshiram|135/277\n|\n|upkeep\n|turn|8\n|inactive|PMCaleb has 120 seconds left.\n|\n|t:|1782905698\n|move|p1a: Tauros|Body Slam|p2a: Reshiram\n|-damage|p2a: Reshiram|0 fnt\n|faint|p2a: Reshiram\n|\n|upkeep\n|\n|t:|1782905701\n|switch|p2a: Ribombee|Ribombee, L83, M|235/235\n|turn|9\n|inactive|PMCaleb has 120 seconds left.\n|\n|t:|1782905719\n|move|p2a: Ribombee|Sticky Web|p1a: Tauros\n|-sidestart|p1: PMCaleb|move: Sticky Web\n|move|p1a: Tauros|Body Slam|p2a: Ribombee\n|-damage|p2a: Ribombee|54/235\n|\n|upkeep\n|turn|10\n|inactive|PMCaleb has 120 seconds left.\n|\n|t:|1782905731\n|move|p2a: Ribombee|Stun Spore|p1a: Tauros\n|-status|p1a: Tauros|par\n|cant|p1a: Tauros|par\n|\n|upkeep\n|turn|11\n|\n|t:|1782905737\n|move|p2a: Ribombee|Moonblast|p1a: Tauros\n|-damage|p1a: Tauros|145/257 par\n|-unboost|p1a: Tauros|spa|1\n|move|p1a: Tauros|Body Slam|p2a: Ribombee\n|-damage|p2a: Ribombee|0 fnt\n|faint|p2a: Ribombee\n|\n|upkeep\n|\n|t:|1782905741\n|switch|p2a: Squawkabilly|Squawkabilly-Blue, L85, M|278/278 brn\n|turn|12\n|\n|t:|1782905750\n|move|p2a: Squawkabilly|Facade|p1a: Tauros\n|-damage|p1a: Tauros|0 fnt\n|faint|p1a: Tauros\n|\n|-damage|p2a: Squawkabilly|261/278 brn|[from] brn\n|upkeep\n|\n|t:|1782905768\n|switch|p1a: Landorus|Landorus, L75, M|257/257\n|turn|13\n|\n|t:|1782905774\n|-terastallize|p2a: Squawkabilly|Normal\n|move|p2a: Squawkabilly|Facade|p1a: Landorus\n|-damage|p1a: Landorus|0 fnt\n|faint|p1a: Landorus\n|\n|-damage|p2a: Squawkabilly|244/278 brn|[from] brn\n|upkeep\n|\n|t:|1782905788\n|switch|p1a: Azumarill|Azumarill, L82, M|298/298\n|-activate|p1a: Azumarill|move: Sticky Web\n|-unboost|p1a: Azumarill|spe|1\n|turn|14\n|\n|t:|1782905793\n|-terastallize|p1a: Azumarill|Water\n|move|p1a: Azumarill|Aqua Jet|p2a: Squawkabilly\n|-damage|p2a: Squawkabilly|146/278 brn\n|move|p2a: Squawkabilly|Facade|p1a: Azumarill\n|-damage|p1a: Azumarill|0 fnt\n|faint|p1a: Azumarill\n|\n|-damage|p2a: Squawkabilly|129/278 brn|[from] brn\n|upkeep\n|l|\u2606PMCaleb\n|inactive|PMCaleb disconnected and has a minute to reconnect!\n|player|p1|\n|inactive|PMCaleb has 30 seconds to reconnect!\n|inactive|PMCaleb has 20 seconds to reconnect!\n|inactive|PMCaleb has 15 seconds to reconnect!\n|inactive|PMCaleb has 10 seconds to reconnect!\n|inactive|PMCaleb has 5 seconds to reconnect!\n|-message|PMCaleb lost due to inactivity.\n|\n|win|zinzanzoggle\n|raw|PMCaleb's rating: 1933 &rarr; <strong>1911</strong><br />(-22 for losing)\n|raw|zinzanzoggle's rating: 1901 &rarr; <strong>1923</strong><br />(+22 for winning)\n", "inputlog": ">version f8ac14003a5f27e1bdc8d8c59608a773c1cb96e5\n>start {\"formatid\":\"gen9randombattle\",\"seed\":\"sodium,fefbe33e3b79b64cff4605fd55d423cf\",\"rated\":\"Rated battle\"}\n>player p1 {\"name\":\"PMCaleb\",\"avatar\":\"blackbelt-gen4dp\",\"rating\":1933,\"seed\":\"sodium,618f333ba0d247d065c8408d5df37bd9\"}\n>player p2 {\"name\":\"zinzanzoggle\",\"avatar\":\"grimsley\",\"rating\":1901,\"seed\":\"sodium,27a3f458b81dbe217bd339c316179b2d\"}\n>p1 switch 5\n>p2 move knockoff\n>p1 move stickyweb\n>p2 move dragondance\n>p1 move pounce\n>p2 move dragondance\n>p1 move pounce\n>p2 move knockoff\n>p1 move pounce\n>p2 move knockoff\n>p2 switch 2\n>p1 move pounce\n>p2 move facade\n>p1 switch 6\n>p1 move bodyslam\n>p2 switch 3\n>p1 move bodyslam\n>p2 move dragondance\n>p2 switch 4\n>p1 move bodyslam\n>p2 move stickyweb\n>p1 move bodyslam\n>p2 move stunspore\n>p1 move bodyslam\n>p2 move moonblast\n>p2 switch 3\n>p1 move bodyslam\n>p2 move facade\n>p1 switch 3\n>p1 move rockslide\n>p2 move facade terastallize\n>p1 switch 4\n>p1 move aquajet terastallize\n>p2 move facade\n>forcelose p1", "uploadtime": 1782905858, "views": 2, "formatid": "gen9randombattle", "rating": 1911, "private": 0, "password": null, "player_dets": [{"name": "PMCaleb", "avatar": "blackbelt-gen4dp", "rating": 1933, "seed": "sodium,618f333ba0d247d065c8408d5df37bd9"}, {"name": "zinzanzoggle", "avatar": "grimsley", "rating": 1901, "seed": "sodium,27a3f458b81dbe217bd339c316179b2d"}], "teams_full": [{"Veluza": {"name": "Veluza", "species": "Veluza", "speciesId": "veluza", "gender": "F", "shiny": false, "level": 85, "moves": ["aquacutter", "filletaway", "psychocut", "nightslash"], "ability": "Sharpness", "evs": {"hp": 85, "atk": 85, "def": 85, "spa": 85, "spd": 85, "spe": 85}, "ivs": {"hp": 31, "atk": 31, "def": 31, "spa": 31, "spd": 31, "spe": 31}, "item": "Sitrus Berry", "teraType": "Dark", "role": "Setup Sweeper", "bvs": {"hp": 90, "atk": 102, "def": 73, "spa": 78, "spd": 65, "spe": 70}, "stats": {"hp": 292, "atk": 222, "def": 173, "spa": 181, "spd": 159, "spe": 168}, "types": ["Water", "Psychic"]}, "Decidueye": {"name": "Decidueye", "species": "Decidueye-Hisui", "speciesId": "decidueyehisui", "gender": "F", "shiny": false, "level": 87, "moves": ["leafblade", "defog", "triplearrows", "roost"], "ability": "Scrappy", "evs": {"hp": 85, "atk": 85, "def": 85, "spa": 85, "spd": 85, "spe": 85}, "ivs": {"hp": 31, "atk": 31, "def": 31, "spa": 31, "spd": 31, "spe": 31}, "item": "Leftovers", "teraType": "Steel", "role": "Bulky Attacker", "bvs": {"hp": 88, "atk": 112, "def": 80, "spa": 95, "spd": 95, "spe": 60}, "stats": {"hp": 295, "atk": 245, "def": 189, "spa": 215, "spd": 215, "spe": 154}, "types": ["Grass", "Fighting"]}, "Landorus": {"name": "Landorus", "species": "Landorus", "speciesId": "landorus", "gender": "M", "shiny": false, "level": 75, "moves": ["stealthrock", "sludgewave", "rockslide", "earthpower"], "ability": "Sheer Force", "evs": {"hp": 85, "atk": 85, "def": 85, "spa": 85, "spd": 85, "spe": 85}, "ivs": {"hp": 31, "atk": 31, "def": 31, "spa": 31, "spd": 31, "spe": 31}, "item": "Life Orb", "teraType": "Poison", "role": "Fast Attacker", "bvs": {"hp": 89, "atk": 125, "def": 90, "spa": 115, "spd": 80, "spe": 101}, "stats": {"hp": 257, "atk": 231, "def": 179, "spa": 216, "spd": 164, "spe": 195}, "types": ["Ground", "Flying"]}, "Azumarill": {"name": "Azumarill", "species": "Azumarill", "speciesId": "azumarill", "gender": "M", "shiny": false, "level": 82, "moves": ["aquajet", "playrough", "liquidation", "bellydrum"], "ability": "Huge Power", "evs": {"hp": 85, "atk": 85, "def": 85, "spa": 85, "spd": 85, "spe": 85}, "ivs": {"hp": 31, "atk": 31, "def": 31, "spa": 31, "spd": 31, "spe": 31}, "item": "Sitrus Berry", "teraType": "Water", "role": "Bulky Attacker", "bvs": {"hp": 100, "atk": 50, "def": 80, "spa": 60, "spd": 80, "spe": 50}, "stats": {"hp": 298, "atk": 129, "def": 178, "spa": 146, "spd": 178, "spe": 129}, "types": ["Water", "Fairy"]}, "Kricketune": {"name": "Kricketune", "species": "Kricketune", "speciesId": "kricketune", "gender": "M", "shiny": false, "level": 99, "moves": ["pounce", "knockoff", "taunt", "stickyweb"], "ability": "Technician", "evs": {"hp": 85, "atk": 85, "def": 85, "spa": 85, "spd": 85, "spe": 85}, "ivs": {"hp": 31, "atk": 31, "def": 31, "spa": 31, "spd": 31, "spe": 31}, "item": "Heavy-Duty Boots", "teraType": "Ghost", "role": "Fast Support", "bvs": {"hp": 77, "atk": 85, "def": 51, "spa": 55, "spd": 51, "spe": 65}, "stats": {"hp": 312, "atk": 224, "def": 157, "spa": 165, "spd": 157, "spe": 185}, "types": ["Bug"]}, "Tauros": {"name": "Tauros", "species": "Tauros", "speciesId": "tauros", "gender": "M", "shiny": false, "level": 82, "moves": ["bodyslam", "closecombat", "throatchop", "zenheadbutt"], "ability": "Sheer Force", "evs": {"hp": 85, "atk": 85, "def": 85, "spa": 85, "spd": 85, "spe": 85}, "ivs": {"hp": 31, "atk": 31, "def": 31, "spa": 31, "spd": 31, "spe": 31}, "item": "Life Orb", "teraType": "Fighting", "role": "Wallbreaker", "bvs": {"hp": 75, "atk": 100, "def": 95, "spa": 40, "spd": 70, "spe": 110}, "stats": {"hp": 257, "atk": 211, "def": 203, "spa": 113, "spd": 162, "spe": 228}, "types": ["Normal"]}}, {"Scrafty": {"name": "Scrafty", "species": "Scrafty", "speciesId": "scrafty", "gender": "F", "shiny": false, "level": 83, "moves": ["knockoff", "dragondance", "poisonjab", "drainpunch"], "ability": "Intimidate", "evs": {"hp": 85, "atk": 85, "def": 85, "spa": 85, "spd": 85, "spe": 85}, "ivs": {"hp": 31, "atk": 31, "def": 31, "spa": 31, "spd": 31, "spe": 31}, "item": "Leftovers", "teraType": "Poison", "role": "Bulky Attacker", "bvs": {"hp": 65, "atk": 90, "def": 115, "spa": 45, "spd": 115, "spe": 58}, "stats": {"hp": 244, "atk": 197, "def": 239, "spa": 122, "spd": 239, "spe": 144}, "types": ["Dark", "Fighting"]}, "Squawkabilly": {"name": "Squawkabilly", "species": "Squawkabilly-Blue", "speciesId": "squawkabillyblue", "gender": "M", "shiny": false, "level": 85, "moves": ["bravebird", "uturn", "quickattack", "facade"], "ability": "Guts", "evs": {"hp": 85, "atk": 85, "def": 85, "spa": 85, "spd": 85, "spe": 85}, "ivs": {"hp": 31, "atk": 31, "def": 31, "spa": 31, "spd": 31, "spe": 31}, "item": "Flame Orb", "teraType": "Normal", "role": "Wallbreaker", "bvs": {"hp": 82, "atk": 96, "def": 51, "spa": 45, "spd": 51, "spe": 92}, "stats": {"hp": 278, "atk": 212, "def": 135, "spa": 125, "spd": 135, "spe": 205}, "types": ["Normal", "Flying"]}, "Reshiram": {"name": "Reshiram", "species": "Reshiram", "speciesId": "reshiram", "gender": "N", "shiny": false, "level": 76, "moves": ["flareblitz", "outrage", "dragondance", "stoneedge"], "ability": "Turboblaze", "evs": {"hp": 85, "atk": 85, "def": 85, "spa": 85, "spd": 85, "spe": 85}, "ivs": {"hp": 31, "atk": 31, "def": 31, "spa": 31, "spd": 31, "spe": 31}, "item": "Heavy-Duty Boots", "teraType": "Dragon", "role": "Setup Sweeper", "bvs": {"hp": 100, "atk": 120, "def": 100, "spa": 150, "spd": 120, "spe": 90}, "stats": {"hp": 277, "atk": 226, "def": 196, "spa": 272, "spd": 226, "spe": 181}, "types": ["Dragon", "Fire"]}, "Ribombee": {"name": "Ribombee", "species": "Ribombee", "speciesId": "ribombee", "gender": "M", "shiny": false, "level": 83, "moves": ["bugbuzz", "moonblast", "stickyweb", "stunspore"], "ability": "Shield Dust", "evs": {"hp": 85, "atk": 0, "def": 85, "spa": 85, "spd": 85, "spe": 85}, "ivs": {"hp": 31, "atk": 0, "def": 31, "spa": 31, "spd": 31, "spe": 31}, "item": "Heavy-Duty Boots", "teraType": "Ghost", "role": "Fast Support", "bvs": {"hp": 60, "atk": 55, "def": 60, "spa": 95, "spd": 70, "spe": 124}, "stats": {"hp": 235, "atk": 96, "def": 147, "spa": 205, "spd": 164, "spe": 254}, "types": ["Bug", "Fairy"]}, "Haxorus": {"name": "Haxorus", "species": "Haxorus", "speciesId": "haxorus", "gender": "F", "shiny": false, "level": 77, "moves": ["scaleshot", "earthquake", "ironhead", "swordsdance"], "ability": "Mold Breaker", "evs": {"hp": 85, "atk": 85, "def": 85, "spa": 85, "spd": 85, "spe": 85}, "ivs": {"hp": 31, "atk": 31, "def": 31, "spa": 31, "spd": 31, "spe": 31}, "item": "Loaded Dice", "teraType": "Steel", "role": "Fast Bulky Setup", "bvs": {"hp": 76, "atk": 147, "def": 90, "spa": 60, "spd": 70, "spe": 97}, "stats": {"hp": 244, "atk": 271, "def": 183, "spa": 137, "spd": 152, "spe": 194}, "types": ["Dragon"]}, "Arceus": {"name": "Arceus", "species": "Arceus-Dark", "speciesId": "arceusdark", "gender": "N", "shiny": false, "level": 71, "moves": ["calmmind", "dazzlinggleam", "judgment", "recover"], "ability": "Multitype", "evs": {"hp": 85, "atk": 0, "def": 85, "spa": 85, "spd": 85, "spe": 85}, "ivs": {"hp": 31, "atk": 0, "def": 31, "spa": 31, "spd": 31, "spe": 31}, "item": "Dread Plate", "teraType": "Fairy", "role": "Bulky Setup", "bvs": {"hp": 120, "atk": 120, "def": 120, "spa": 120, "spd": 120, "spe": 120}, "stats": {"hp": 288, "atk": 175, "def": 212, "spa": 212, "spd": 212, "spe": 212}, "types": ["Dark"]}}]}