{"id": "gen9randombattle-2642112360", "format": "[Gen 9] Random Battle", "players": ["forcemajor14", "botbeater6767"], "log": "|j|\u2606forcemajor14\n|j|\u2606botbeater6767\n|t:|1782892576\n|gametype|singles\n|player|p1|forcemajor14|266|2123\n|player|p2|botbeater6767|265|2174\n|gen|9\n|tier|[Gen 9] Random Battle\n|rated|\n|rule|Species Clause: Limit one of each Pok\u00e9mon\n|rule|HP Percentage Mod: HP is shown in percentages\n|rule|Sleep Clause Mod: Limit one foe put to sleep\n|rule|Illusion Level Mod: Illusion disguises the Pok\u00e9mon's true level\n|\n|t:|1782892576\n|teamsize|p1|6\n|teamsize|p2|6\n|start\n|switch|p1a: Hitmonlee|Hitmonlee, L85, M|223/223\n|switch|p2a: Jumpluff|Jumpluff, L87, F|271/271\n|turn|1\n|c|\u2606botbeater6767|hf\n|inactive|Battle timer is ON: inactive players will automatically lose when time's up. (requested by botbeater6767)\n|\n|t:|1782892581\n|switch|p1a: Ho-Oh|Ho-Oh, L71|268/268\n|move|p2a: Jumpluff|Acrobatics|p1a: Ho-Oh\n|-damage|p1a: Ho-Oh|165/268\n|\n|upkeep\n|turn|2\n|\n|t:|1782892584\n|move|p2a: Jumpluff|Acrobatics|p1a: Ho-Oh\n|-damage|p1a: Ho-Oh|65/268\n|move|p1a: Ho-Oh|Sacred Fire|p2a: Jumpluff\n|-supereffective|p2a: Jumpluff\n|-damage|p2a: Jumpluff|67/271\n|\n|upkeep\n|turn|3\n|inactive|forcemajor14 also wants the timer to be on.\n|\n|t:|1782892587\n|switch|p1a: Forretress|Forretress, L84, F|263/263\n|move|p2a: Jumpluff|Acrobatics|p1a: Forretress\n|-damage|p1a: Forretress|209/263\n|\n|-heal|p1a: Forretress|225/263|[from] item: Leftovers\n|upkeep\n|turn|4\n|\n|t:|1782892590\n|move|p2a: Jumpluff|Strength Sap|p1a: Forretress\n|-unboost|p1a: Forretress|atk|1\n|-heal|p2a: Jumpluff|266/271\n|move|p1a: Forretress|Stealth Rock|p2a: Jumpluff\n|-sidestart|p2: botbeater6767|move: Stealth Rock\n|\n|-heal|p1a: Forretress|241/263|[from] item: Leftovers\n|upkeep\n|turn|5\n|\n|t:|1782892592\n|move|p2a: Jumpluff|Acrobatics|p1a: Forretress\n|-damage|p1a: Forretress|187/263\n|move|p1a: Forretress|Spikes|p2a: Jumpluff\n|-sidestart|p2: botbeater6767|Spikes\n|\n|-heal|p1a: Forretress|203/263|[from] item: Leftovers\n|upkeep\n|turn|6\n|\n|t:|1782892594\n|move|p2a: Jumpluff|Leech Seed|p1a: Forretress\n|-start|p1a: Forretress|move: Leech Seed\n|move|p1a: Forretress|Spikes|p2a: Jumpluff\n|-sidestart|p2: botbeater6767|Spikes\n|\n|-heal|p1a: Forretress|219/263|[from] item: Leftovers\n|-damage|p1a: Forretress|187/263|[from] Leech Seed|[of] p2a: Jumpluff\n|-heal|p2a: Jumpluff|271/271|[silent]\n|upkeep\n|turn|7\n|\n|t:|1782892601\n|switch|p1a: Ho-Oh|Ho-Oh, L71|154/268\n|move|p2a: Jumpluff|Acrobatics|p1a: Ho-Oh\n|-damage|p1a: Ho-Oh|66/268\n|\n|upkeep\n|turn|8\n|\n|t:|1782892606\n|switch|p1a: Forretress|Forretress, L84, F|187/263\n|move|p2a: Jumpluff|Acrobatics|p1a: Forretress\n|-damage|p1a: Forretress|127/263\n|\n|-heal|p1a: Forretress|143/263|[from] item: Leftovers\n|upkeep\n|turn|9\n|\n|t:|1782892607\n|switch|p2a: Tatsugiri|Tatsugiri, L87, F|260/260\n|move|p1a: Forretress|Iron Head|p2a: Tatsugiri\n|-resisted|p2a: Tatsugiri\n|-damage|p2a: Tatsugiri|207/260\n|\n|-heal|p1a: Forretress|159/263|[from] item: Leftovers\n|upkeep\n|turn|10\n|\n|t:|1782892611\n|switch|p1a: Toedscruel|Toedscruel, L87, F|281/281\n|move|p2a: Tatsugiri|Rapid Spin|p1a: Toedscruel\n|-crit|p1a: Toedscruel\n|-damage|p1a: Toedscruel|239/281\n|-boost|p2a: Tatsugiri|spe|1\n|-sideend|p2: botbeater6767|Spikes|[from] move: Rapid Spin|[of] p2a: Tatsugiri\n|-sideend|p2: botbeater6767|Stealth Rock|[from] move: Rapid Spin|[of] p2a: Tatsugiri\n|\n|-heal|p1a: Toedscruel|256/281|[from] item: Leftovers\n|upkeep\n|turn|11\n|\n|t:|1782892614\n|move|p2a: Tatsugiri|Nasty Plot|p2a: Tatsugiri\n|-boost|p2a: Tatsugiri|spa|2\n|move|p1a: Toedscruel|Toxic|p2a: Tatsugiri\n|-status|p2a: Tatsugiri|tox\n|\n|-heal|p1a: Toedscruel|273/281|[from] item: Leftovers\n|-damage|p2a: Tatsugiri|191/260 tox|[from] psn\n|upkeep\n|turn|12\n|\n|t:|1782892616\n|move|p2a: Tatsugiri|Surf|p1a: Toedscruel\n|-damage|p1a: Toedscruel|107/281\n|move|p1a: Toedscruel|Giga Drain|p2a: Tatsugiri\n|-damage|p2a: Tatsugiri|122/260 tox\n|-heal|p1a: Toedscruel|142/281|[from] drain|[of] p2a: Tatsugiri\n|\n|-heal|p1a: Toedscruel|159/281|[from] item: Leftovers\n|-damage|p2a: Tatsugiri|90/260 tox|[from] psn\n|upkeep\n|turn|13\n|\n|t:|1782892620\n|move|p2a: Tatsugiri|Surf|p1a: Toedscruel\n|-damage|p1a: Toedscruel|0 fnt\n|faint|p1a: Toedscruel\n|\n|-damage|p2a: Tatsugiri|42/260 tox|[from] psn\n|upkeep\n|\n|t:|1782892622\n|switch|p1a: Lokix|Lokix, L82, F|251/251\n|turn|14\n|\n|t:|1782892626\n|move|p1a: Lokix|First Impression|p2a: Tatsugiri\n|-damage|p2a: Tatsugiri|0 fnt\n|faint|p2a: Tatsugiri\n|-damage|p1a: Lokix|226/251|[from] item: Life Orb\n|\n|upkeep\n|\n|t:|1782892627\n|switch|p2a: Enamorus|Enamorus-Therian, L83, F|259/259\n|turn|15\n|\n|t:|1782892632\n|switch|p1a: Ho-Oh|Ho-Oh, L71|155/268\n|move|p2a: Enamorus|Moonblast|p1a: Ho-Oh\n|-resisted|p1a: Ho-Oh\n|-damage|p1a: Ho-Oh|78/268\n|\n|upkeep\n|turn|16\n|\n|t:|1782892635\n|switch|p1a: Forretress|Forretress, L84, F|159/263\n|move|p2a: Enamorus|Moonblast|p1a: Forretress\n|-resisted|p1a: Forretress\n|-damage|p1a: Forretress|41/263\n|\n|-heal|p1a: Forretress|57/263|[from] item: Leftovers\n|upkeep\n|turn|17\n|\n|t:|1782892637\n|move|p2a: Enamorus|Moonblast|p1a: Forretress\n|-resisted|p1a: Forretress\n|-damage|p1a: Forretress|0 fnt\n|faint|p1a: Forretress\n|\n|upkeep\n|\n|t:|1782892639\n|switch|p1a: Ho-Oh|Ho-Oh, L71|167/268\n|turn|18\n|\n|t:|1782892642\n|move|p1a: Ho-Oh|Sacred Fire|p2a: Enamorus\n|-damage|p2a: Enamorus|175/259\n|move|p2a: Enamorus|Moonblast|p1a: Ho-Oh\n|-resisted|p1a: Ho-Oh\n|-damage|p1a: Ho-Oh|97/268\n|\n|upkeep\n|turn|19\n|\n|t:|1782892644\n|switch|p1a: Deoxys|Deoxys-Speed, L82|216/216\n|-ability|p1a: Deoxys|Pressure\n|move|p2a: Enamorus|Moonblast|p1a: Deoxys\n|-damage|p1a: Deoxys|24/216\n|\n|upkeep\n|turn|20\n|\n|t:|1782892645\n|move|p1a: Deoxys|Psycho Boost|p2a: Enamorus\n|-damage|p2a: Enamorus|11/259\n|-unboost|p1a: Deoxys|spa|2\n|-damage|p1a: Deoxys|3/216|[from] item: Life Orb\n|move|p2a: Enamorus|Moonblast|p1a: Deoxys\n|-damage|p1a: Deoxys|0 fnt\n|faint|p1a: Deoxys\n|\n|upkeep\n|\n|t:|1782892647\n|switch|p1a: Lokix|Lokix, L82, F|226/251\n|turn|21\n|\n|t:|1782892648\n|switch|p2a: Jumpluff|Jumpluff, L87, F|271/271\n|move|p1a: Lokix|First Impression|p2a: Jumpluff\n|-damage|p2a: Jumpluff|142/271\n|-damage|p1a: Lokix|201/251|[from] item: Life Orb\n|\n|upkeep\n|turn|22\n|\n|t:|1782892653\n|switch|p1a: Ho-Oh|Ho-Oh, L71|186/268\n|move|p2a: Jumpluff|Strength Sap|p1a: Ho-Oh\n|-unboost|p1a: Ho-Oh|atk|1\n|-heal|p2a: Jumpluff|271/271\n|\n|upkeep\n|turn|23\n|\n|t:|1782892656\n|move|p2a: Jumpluff|Acrobatics|p1a: Ho-Oh\n|-damage|p1a: Ho-Oh|95/268\n|move|p1a: Ho-Oh|Sacred Fire|p2a: Jumpluff\n|-supereffective|p2a: Jumpluff\n|-damage|p2a: Jumpluff|113/271\n|-status|p2a: Jumpluff|brn\n|\n|-damage|p2a: Jumpluff|97/271 brn|[from] brn\n|upkeep\n|turn|24\n|\n|t:|1782892662\n|move|p2a: Jumpluff|Strength Sap|p1a: Ho-Oh\n|-unboost|p1a: Ho-Oh|atk|1\n|-heal|p2a: Jumpluff|247/271 brn\n|move|p1a: Ho-Oh|Recover|p1a: Ho-Oh\n|-heal|p1a: Ho-Oh|229/268\n|\n|-damage|p2a: Jumpluff|231/271 brn|[from] brn\n|upkeep\n|turn|25\n|\n|t:|1782892664\n|move|p2a: Jumpluff|Acrobatics|p1a: Ho-Oh\n|-damage|p1a: Ho-Oh|184/268\n|move|p1a: Ho-Oh|Sacred Fire|p2a: Jumpluff\n|-supereffective|p2a: Jumpluff\n|-damage|p2a: Jumpluff|115/271 brn\n|\n|-damage|p2a: Jumpluff|99/271 brn|[from] brn\n|upkeep\n|turn|26\n|\n|t:|1782892666\n|move|p2a: Jumpluff|Strength Sap|p1a: Ho-Oh\n|-unboost|p1a: Ho-Oh|atk|1\n|-heal|p2a: Jumpluff|212/271 brn\n|move|p1a: Ho-Oh|Sacred Fire|p2a: Jumpluff\n|-supereffective|p2a: Jumpluff\n|-damage|p2a: Jumpluff|114/271 brn\n|\n|-damage|p2a: Jumpluff|98/271 brn|[from] brn\n|upkeep\n|turn|27\n|\n|t:|1782892669\n|move|p2a: Jumpluff|Strength Sap|p1a: Ho-Oh\n|-unboost|p1a: Ho-Oh|atk|1\n|-heal|p2a: Jumpluff|188/271 brn\n|move|p1a: Ho-Oh|Sacred Fire|p2a: Jumpluff\n|-supereffective|p2a: Jumpluff\n|-crit|p2a: Jumpluff\n|-damage|p2a: Jumpluff|0 fnt\n|faint|p2a: Jumpluff\n|\n|upkeep\n|\n|t:|1782892670\n|switch|p2a: Espathra|Espathra, L80, F|283/283\n|turn|28\n|\n|t:|1782892672\n|switch|p1a: Lokix|Lokix, L82, F|201/251\n|move|p2a: Espathra|Calm Mind|p2a: Espathra\n|-boost|p2a: Espathra|spa|1\n|-boost|p2a: Espathra|spd|1\n|\n|-ability|p2a: Espathra|Speed Boost|boost\n|-boost|p2a: Espathra|spe|1\n|upkeep\n|turn|29\n|\n|t:|1782892674\n|move|p2a: Espathra|Protect|p2a: Espathra\n|-singleturn|p2a: Espathra|Protect\n|move|p1a: Lokix|First Impression|p2a: Espathra\n|-activate|p2a: Espathra|move: Protect\n|\n|-ability|p2a: Espathra|Speed Boost|boost\n|-boost|p2a: Espathra|spe|1\n|upkeep\n|turn|30\n|\n|t:|1782892679\n|-terastallize|p2a: Espathra|Fairy\n|move|p2a: Espathra|Dazzling Gleam|p1a: Lokix\n|-supereffective|p1a: Lokix\n|-damage|p1a: Lokix|0 fnt\n|faint|p1a: Lokix\n|\n|-ability|p2a: Espathra|Speed Boost|boost\n|-boost|p2a: Espathra|spe|1\n|upkeep\n|\n|t:|1782892682\n|switch|p1a: Ho-Oh|Ho-Oh, L71|268/268\n|turn|31\n|\n|t:|1782892685\n|move|p2a: Espathra|Stored Power|p1a: Ho-Oh\n|-damage|p1a: Ho-Oh|124/268\n|move|p1a: Ho-Oh|Sacred Fire|p2a: Espathra\n|-damage|p2a: Espathra|153/283\n|-status|p2a: Espathra|brn\n|\n|-heal|p2a: Espathra|170/283 brn|[from] item: Leftovers\n|-damage|p2a: Espathra|153/283 brn|[from] brn\n|-ability|p2a: Espathra|Speed Boost|boost\n|-boost|p2a: Espathra|spe|1\n|upkeep\n|turn|32\n|\n|t:|1782892688\n|-terastallize|p1a: Ho-Oh|Steel\n|move|p2a: Espathra|Stored Power|p1a: Ho-Oh\n|-resisted|p1a: Ho-Oh\n|-damage|p1a: Ho-Oh|40/268\n|move|p1a: Ho-Oh|Brave Bird|p2a: Espathra\n|-damage|p2a: Espathra|0 fnt\n|faint|p2a: Espathra\n|-damage|p1a: Ho-Oh|0 fnt|[from] Recoil\n|faint|p1a: Ho-Oh\n|\n|upkeep\n|\n|t:|1782892690\n|switch|p2a: Palkia|Palkia-Origin, L72|249/249\n|switch|p1a: Hitmonlee|Hitmonlee, L85, M|223/223\n|-ability|p2a: Palkia|Pressure\n|turn|33\n|\n|t:|1782892692\n|move|p2a: Palkia|Hydro Pump|p1a: Hitmonlee|[miss]\n|-miss|p2a: Palkia|p1a: Hitmonlee\n|move|p1a: Hitmonlee|High Jump Kick|p2a: Palkia\n|-damage|p2a: Palkia|0 fnt\n|faint|p2a: Palkia\n|\n|upkeep\n|\n|t:|1782892693\n|switch|p2a: Gholdengo|Gholdengo, L77|261/261\n|turn|34\n|\n|t:|1782892694\n|switch|p2a: Enamorus|Enamorus-Therian, L83, F|11/259\n|move|p1a: Hitmonlee|High Jump Kick|p2a: Enamorus\n|-resisted|p2a: Enamorus\n|-damage|p2a: Enamorus|0 fnt\n|faint|p2a: Enamorus\n|\n|upkeep\n|\n|t:|1782892695\n|switch|p2a: Gholdengo|Gholdengo, L77|261/261\n|turn|35\n|\n|t:|1782892697\n|move|p1a: Hitmonlee|High Jump Kick|p2a: Gholdengo\n|-immune|p2a: Gholdengo\n|-damage|p1a: Hitmonlee|112/223|[from] highjumpkick\n|move|p2a: Gholdengo|Thunder Wave|p1a: Hitmonlee\n|-status|p1a: Hitmonlee|par\n|\n|upkeep\n|turn|36\n|\n|t:|1782892699\n|move|p2a: Gholdengo|Thunder Wave|p1a: Hitmonlee\n|-fail|p1a: Hitmonlee|par\n|move|p1a: Hitmonlee|High Jump Kick|p2a: Gholdengo\n|-immune|p2a: Gholdengo\n|-damage|p1a: Hitmonlee|1/223 par|[from] highjumpkick\n|\n|upkeep\n|turn|37\n|\n|t:|1782892702\n|move|p2a: Gholdengo|Recover||[still]\n|-fail|p2a: Gholdengo|heal\n|move|p1a: Hitmonlee|High Jump Kick|p2a: Gholdengo\n|-immune|p2a: Gholdengo\n|-damage|p1a: Hitmonlee|0 fnt|[from] highjumpkick\n|faint|p1a: Hitmonlee\n|\n|win|botbeater6767\n|raw|forcemajor14's rating: 2085 &rarr; <strong>2070</strong><br />(-15 for losing)\n|raw|botbeater6767's rating: 2174 &rarr; <strong>2189</strong><br />(+15 for winning)\n|c|\u2606botbeater6767|gg\n", "inputlog": ">version f8ac14003a5f27e1bdc8d8c59608a773c1cb96e5\n>start {\"formatid\":\"gen9randombattle\",\"seed\":\"sodium,1bc1bac9b471d4908a326b46d5cf1181\",\"rated\":\"Rated battle\"}\n>player p1 {\"name\":\"forcemajor14\",\"avatar\":\"266\",\"rating\":2123,\"seed\":\"sodium,53eb737b0b6c00337ebafa96a064a00a\"}\n>player p2 {\"name\":\"botbeater6767\",\"avatar\":\"265\",\"rating\":2174,\"seed\":\"sodium,6552dff0ef2a03b47cd996f4e30ed45e\"}\n>chat \u2606botbeater6767|hf\n>p1 switch 2\n>p2 move acrobatics\n>p1 move sacredfire\n>p2 move acrobatics\n>p1 switch 4\n>p2 move acrobatics\n>p1 move stealthrock\n>p2 move strengthsap\n>p1 move spikes\n>p2 move acrobatics\n>p1 move spikes\n>p2 move leechseed\n>p1 switch 4\n>p2 move acrobatics\n>p1 switch 4\n>p2 move acrobatics\n>p1 move ironhead\n>p2 switch 2\n>p1 switch 3\n>p2 move rapidspin\n>p1 move toxic\n>p2 move nastyplot\n>p1 move gigadrain\n>p2 move surf\n>p1 move gigadrain\n>p2 move surf\n>p1 switch 6\n>p1 move firstimpression\n>p2 move surf\n>p2 switch 6\n>p1 switch 4\n>p2 move moonblast\n>p1 switch 3\n>p2 move moonblast\n>p1 move ironhead\n>p2 move moonblast\n>p1 switch 3\n>p1 move sacredfire\n>p2 move moonblast\n>p1 switch 5\n>p2 move moonblast\n>p1 move psychoboost\n>p2 move moonblast\n>p1 switch 4\n>p1 move firstimpression\n>p2 switch 2\n>p1 switch 5\n>p2 move strengthsap\n>p1 move sacredfire\n>p2 move acrobatics\n>p1 move recover\n>p2 move strengthsap\n>p1 move sacredfire\n>p2 move acrobatics\n>p1 move sacredfire\n>p2 move strengthsap\n>p1 move sacredfire\n>p2 move strengthsap\n>p2 switch 3\n>p1 switch 5\n>p2 move calmmind\n>p1 move firstimpression\n>p2 move protect\n>p1 move leechlife\n>p2 move dazzlinggleam terastallize\n>p1 switch 5\n>p1 move sacredfire\n>p2 move storedpower\n>p1 move bravebird terastallize\n>p2 move storedpower\n>p1 switch 2\n>p2 switch 4\n>p1 move highjumpkick\n>p2 move hydropump\n>p2 switch 5\n>p1 move highjumpkick\n>p2 switch 2\n>p2 switch 2\n>p1 move highjumpkick\n>p2 move thunderwave\n>p1 move highjumpkick\n>p2 move thunderwave\n>p1 move highjumpkick\n>p2 move recover", "uploadtime": 1782892702, "views": 3, "formatid": "gen9randombattle", "rating": 2070, "private": 0, "password": null, "player_dets": [{"name": "forcemajor14", "avatar": "266", "rating": 2123, "seed": "sodium,53eb737b0b6c00337ebafa96a064a00a"}, {"name": "botbeater6767", "avatar": "265", "rating": 2174, "seed": "sodium,6552dff0ef2a03b47cd996f4e30ed45e"}], "teams_full": [{"Hitmonlee": {"name": "Hitmonlee", "species": "Hitmonlee", "speciesId": "hitmonlee", "gender": "M", "shiny": false, "level": 85, "moves": ["machpunch", "knockoff", "stoneedge", "highjumpkick"], "ability": "Reckless", "evs": {"hp": 81, "atk": 85, "def": 85, "spa": 85, "spd": 85, "spe": 85}, "ivs": {"hp": 31, "atk": 31, "def": 31, "spa": 31, "spd": 31, "spe": 31}, "item": "Choice Band", "teraType": "Fighting", "role": "Fast Attacker", "bvs": {"hp": 50, "atk": 120, "def": 53, "spa": 35, "spd": 110, "spe": 87}, "stats": {"hp": 223, "atk": 253, "def": 139, "spa": 108, "spd": 236, "spe": 197}, "types": ["Fighting"]}, "Ho-Oh": {"name": "Ho-Oh", "species": "Ho-Oh", "speciesId": "hooh", "gender": "N", "shiny": false, "level": 71, "moves": ["sacredfire", "recover", "earthquake", "bravebird"], "ability": "Regenerator", "evs": {"hp": 85, "atk": 85, "def": 85, "spa": 85, "spd": 85, "spe": 85}, "ivs": {"hp": 31, "atk": 31, "def": 31, "spa": 31, "spd": 31, "spe": 31}, "item": "Heavy-Duty Boots", "teraType": "Steel", "role": "Bulky Attacker", "bvs": {"hp": 106, "atk": 130, "def": 90, "spa": 110, "spd": 154, "spe": 90}, "stats": {"hp": 268, "atk": 226, "def": 169, "spa": 198, "spd": 260, "spe": 169}, "types": ["Fire", "Flying"]}, "Toedscruel": {"name": "Toedscruel", "species": "Toedscruel", "speciesId": "toedscruel", "gender": "F", "shiny": false, "level": 87, "moves": ["rapidspin", "gigadrain", "earthpower", "toxic"], "ability": "Mycelium Might", "evs": {"hp": 85, "atk": 85, "def": 85, "spa": 85, "spd": 85, "spe": 85}, "ivs": {"hp": 31, "atk": 31, "def": 31, "spa": 31, "spd": 31, "spe": 31}, "item": "Leftovers", "teraType": "Water", "role": "Bulky Support", "bvs": {"hp": 80, "atk": 70, "def": 65, "spa": 80, "spd": 120, "spe": 100}, "stats": {"hp": 281, "atk": 172, "def": 163, "spa": 189, "spd": 259, "spe": 224}, "types": ["Ground", "Grass"]}, "Forretress": {"name": "Forretress", "species": "Forretress", "speciesId": "forretress", "gender": "F", "shiny": false, "level": 84, "moves": ["bodypress", "ironhead", "stealthrock", "spikes"], "ability": "Sturdy", "evs": {"hp": 85, "atk": 85, "def": 85, "spa": 85, "spd": 85, "spe": 85}, "ivs": {"hp": 31, "atk": 31, "def": 31, "spa": 31, "spd": 31, "spe": 31}, "item": "Leftovers", "teraType": "Water", "role": "Bulky Attacker", "bvs": {"hp": 75, "atk": 90, "def": 140, "spa": 60, "spd": 60, "spe": 40}, "stats": {"hp": 263, "atk": 199, "def": 283, "spa": 149, "spd": 149, "spe": 115}, "types": ["Bug", "Steel"]}, "Deoxys": {"name": "Deoxys", "species": "Deoxys-Speed", "speciesId": "deoxysspeed", "gender": "N", "shiny": false, "level": 82, "moves": ["nastyplot", "darkpulse", "focusblast", "psychoboost"], "ability": "Pressure", "evs": {"hp": 85, "atk": 0, "def": 85, "spa": 85, "spd": 85, "spe": 85}, "ivs": {"hp": 31, "atk": 0, "def": 31, "spa": 31, "spd": 31, "spe": 31}, "item": "Life Orb", "teraType": "Fighting", "role": "Setup Sweeper", "bvs": {"hp": 50, "atk": 95, "def": 90, "spa": 95, "spd": 90, "spe": 180}, "stats": {"hp": 216, "atk": 160, "def": 195, "spa": 203, "spd": 195, "spe": 342}, "types": ["Psychic"]}, "Lokix": {"name": "Lokix", "species": "Lokix", "speciesId": "lokix", "gender": "F", "shiny": false, "level": 82, "moves": ["leechlife", "suckerpunch", "knockoff", "firstimpression"], "ability": "Tinted Lens", "evs": {"hp": 85, "atk": 85, "def": 85, "spa": 85, "spd": 85, "spe": 85}, "ivs": {"hp": 31, "atk": 31, "def": 31, "spa": 31, "spd": 31, "spe": 31}, "item": "Life Orb", "teraType": "Bug", "role": "Wallbreaker", "bvs": {"hp": 71, "atk": 102, "def": 78, "spa": 52, "spd": 55, "spe": 92}, "stats": {"hp": 251, "atk": 214, "def": 175, "spa": 132, "spd": 137, "spe": 198}, "types": ["Bug", "Dark"]}}, {"Jumpluff": {"name": "Jumpluff", "species": "Jumpluff", "speciesId": "jumpluff", "gender": "F", "shiny": false, "level": 87, "moves": ["strengthsap", "substitute", "leechseed", "acrobatics"], "ability": "Infiltrator", "evs": {"hp": 81, "atk": 85, "def": 85, "spa": 85, "spd": 85, "spe": 85}, "ivs": {"hp": 31, "atk": 31, "def": 31, "spa": 31, "spd": 31, "spe": 31}, "item": "", "teraType": "Steel", "role": "Bulky Support", "bvs": {"hp": 75, "atk": 55, "def": 70, "spa": 55, "spd": 95, "spe": 110}, "stats": {"hp": 271, "atk": 145, "def": 172, "spa": 145, "spd": 215, "spe": 241}, "types": ["Grass", "Flying"]}, "Tatsugiri": {"name": "Tatsugiri", "species": "Tatsugiri", "speciesId": "tatsugiri", "gender": "F", "shiny": false, "level": 87, "moves": ["dracometeor", "nastyplot", "surf", "rapidspin"], "ability": "Storm Drain", "evs": {"hp": 85, "atk": 85, "def": 85, "spa": 85, "spd": 85, "spe": 85}, "ivs": {"hp": 31, "atk": 31, "def": 31, "spa": 31, "spd": 31, "spe": 31}, "item": "Heavy-Duty Boots", "teraType": "Water", "role": "Fast Support", "bvs": {"hp": 68, "atk": 50, "def": 60, "spa": 120, "spd": 95, "spe": 82}, "stats": {"hp": 260, "atk": 137, "def": 154, "spa": 259, "spd": 215, "spe": 192}, "types": ["Dragon", "Water"]}, "Espathra": {"name": "Espathra", "species": "Espathra", "speciesId": "espathra", "gender": "F", "shiny": false, "level": 80, "moves": ["protect", "dazzlinggleam", "calmmind", "storedpower"], "ability": "Speed Boost", "evs": {"hp": 85, "atk": 0, "def": 85, "spa": 85, "spd": 85, "spe": 85}, "ivs": {"hp": 31, "atk": 0, "def": 31, "spa": 31, "spd": 31, "spe": 31}, "item": "Leftovers", "teraType": "Fairy", "role": "Fast Bulky Setup", "bvs": {"hp": 95, "atk": 60, "def": 60, "spa": 101, "spd": 60, "spe": 105}, "stats": {"hp": 283, "atk": 101, "def": 142, "spa": 208, "spd": 142, "spe": 214}, "types": ["Psychic"]}, "Palkia": {"name": "Palkia", "species": "Palkia-Origin", "speciesId": "palkiaorigin", "gender": "N", "shiny": false, "level": 72, "moves": ["spacialrend", "fireblast", "thunderwave", "hydropump"], "ability": "Pressure", "evs": {"hp": 85, "atk": 0, "def": 85, "spa": 85, "spd": 85, "spe": 85}, "ivs": {"hp": 31, "atk": 0, "def": 31, "spa": 31, "spd": 31, "spe": 31}, "item": "Lustrous Globe", "teraType": "Water", "role": "Bulky Attacker", "bvs": {"hp": 90, "atk": 100, "def": 100, "spa": 150, "spd": 120, "spe": 120}, "stats": {"hp": 249, "atk": 149, "def": 186, "spa": 258, "spd": 215, "spe": 215}, "types": ["Water", "Dragon"]}, "Gholdengo": {"name": "Gholdengo", "species": "Gholdengo", "speciesId": "gholdengo", "gender": "N", "shiny": false, "level": 77, "moves": ["recover", "shadowball", "makeitrain", "thunderwave"], "ability": "Good as Gold", "evs": {"hp": 85, "atk": 0, "def": 85, "spa": 85, "spd": 85, "spe": 85}, "ivs": {"hp": 31, "atk": 0, "def": 31, "spa": 31, "spd": 31, "spe": 31}, "item": "Leftovers", "teraType": "Steel", "role": "Bulky Support", "bvs": {"hp": 87, "atk": 60, "def": 95, "spa": 133, "spd": 91, "spe": 84}, "stats": {"hp": 261, "atk": 97, "def": 191, "spa": 249, "spd": 185, "spe": 174}, "types": ["Steel", "Ghost"]}, "Enamorus": {"name": "Enamorus", "species": "Enamorus-Therian", "speciesId": "enamorustherian", "gender": "F", "shiny": false, "level": 83, "moves": ["earthpower", "moonblast", "psychic", "mysticalfire"], "ability": "Overcoat", "evs": {"hp": 85, "atk": 0, "def": 85, "spa": 85, "spd": 85, "spe": 85}, "ivs": {"hp": 31, "atk": 0, "def": 31, "spa": 31, "spd": 31, "spe": 31}, "item": "Choice Specs", "teraType": "Fairy", "role": "Bulky Attacker", "bvs": {"hp": 74, "atk": 115, "def": 110, "spa": 135, "spd": 100, "spe": 46}, "stats": {"hp": 259, "atk": 195, "def": 230, "spa": 272, "spd": 214, "spe": 124}, "types": ["Fairy", "Flying"]}}]}