{"id": "gen9randombattle-2641826766", "format": "[Gen 9] Random Battle", "players": ["milkreo", "takezoido"], "log": "|badge|p1|silver|gen9randombattle|30-9\n|html|<div class=\"broadcast-red\"><strong>This battle is required to be public due to one or more player having a season medal.</strong><br />During the public phase, you can discuss the state of the ladder <a href=\"/seasondiscussion\">in a special chatroom.</a></div>\n|uhtml|medal-msg|<div class=\"broadcast-blue\">Curious what those medals under the avatar are? PS now has Ladder Seasons! For more information, check out the <a href=\"https://www.smogon.com/forums/threads/3740067/\">thread on Smogon.</a></div>\n|j|\u2606milkreo\n|j|\u2606takezoido\n|t:|1782846632\n|gametype|singles\n|player|p1|milkreo|101|2389\n|player|p2|takezoido|101|2196\n|gen|9\n|tier|[Gen 9] Random Battle\n|rated|\n|rule|Species Clause: Limit one of each Pok\u00e9mon\n|rule|HP Percentage Mod: HP is shown in percentages\n|rule|Sleep Clause Mod: Limit one foe put to sleep\n|rule|Illusion Level Mod: Illusion disguises the Pok\u00e9mon's true level\n|\n|t:|1782846632\n|teamsize|p1|6\n|teamsize|p2|6\n|start\n|switch|p1a: Chi-Yu|Chi-Yu, L77|211/211\n|switch|p2a: Pyroar|Pyroar, L88, M|295/295\n|-ability|p2a: Pyroar|Unnerve\n|-ability|p1a: Chi-Yu|Beads of Ruin\n|turn|1\n|\n|t:|1782846647\n|move|p2a: Pyroar|Hyper Voice|p1a: Chi-Yu\n|-crit|p1a: Chi-Yu\n|-damage|p1a: Chi-Yu|64/211\n|move|p1a: Chi-Yu|Dark Pulse|p2a: Pyroar\n|-damage|p2a: Pyroar|154/295\n|\n|upkeep\n|turn|2\n|\n|t:|1782846658\n|switch|p1a: Raichu|Raichu, L88, F|249/249\n|move|p2a: Pyroar|Work Up|p2a: Pyroar\n|-boost|p2a: Pyroar|atk|1\n|-boost|p2a: Pyroar|spa|1\n|\n|upkeep\n|turn|3\n|\n|t:|1782846662\n|move|p1a: Raichu|Surf|p2a: Pyroar\n|-supereffective|p2a: Pyroar\n|-damage|p2a: Pyroar|0 fnt\n|faint|p2a: Pyroar\n|\n|upkeep\n|\n|t:|1782846668\n|switch|p2a: Beartic|Beartic, L91, M|321/321\n|turn|4\n|\n|t:|1782846679\n|move|p1a: Raichu|Nuzzle|p2a: Beartic\n|-damage|p2a: Beartic|299/321\n|-status|p2a: Beartic|par\n|move|p2a: Beartic|Icicle Crash|p1a: Raichu\n|-damage|p1a: Raichu|71/249\n|\n|upkeep\n|turn|5\n|\n|t:|1782846683\n|move|p1a: Raichu|Volt Switch|p2a: Beartic\n|-damage|p2a: Beartic|224/321 par\n|\n|t:|1782846686\n|switch|p1a: Regice|Regice, L88|284/284|[from] Volt Switch\n|move|p2a: Beartic|Icicle Crash|p1a: Regice\n|-resisted|p1a: Regice\n|-damage|p1a: Regice|230/284\n|\n|upkeep\n|turn|6\n|\n|t:|1782846693\n|move|p1a: Regice|Thunderbolt|p2a: Beartic\n|-damage|p2a: Beartic|150/321 par\n|move|p2a: Beartic|Close Combat|p1a: Regice\n|-supereffective|p1a: Regice\n|-damage|p1a: Regice|12/284\n|-unboost|p2a: Beartic|def|1\n|-unboost|p2a: Beartic|spd|1\n|\n|upkeep\n|turn|7\n|\n|t:|1782846698\n|move|p2a: Beartic|Aqua Jet|p1a: Regice\n|-damage|p1a: Regice|0 fnt\n|faint|p1a: Regice\n|\n|upkeep\n|\n|t:|1782846703\n|switch|p1a: Lurantis|Lurantis, L87, M|264/264\n|turn|8\n|\n|t:|1782846709\n|switch|p2a: Charizard|Charizard, L85, F|271/271\n|move|p1a: Lurantis|Leaf Storm|p2a: Charizard\n|-resisted|p2a: Charizard\n|-damage|p2a: Charizard|238/271\n|-boost|p1a: Lurantis|spa|2\n|\n|upkeep\n|turn|9\n|\n|t:|1782846722\n|switch|p1a: Chi-Yu|Chi-Yu, L77|64/211\n|-ability|p1a: Chi-Yu|Beads of Ruin\n|move|p2a: Charizard|Hurricane|p1a: Chi-Yu\n|-damage|p1a: Chi-Yu|0 fnt\n|faint|p1a: Chi-Yu\n|\n|upkeep\n|\n|t:|1782846725\n|switch|p1a: Raichu|Raichu, L88, F|71/249\n|turn|10\n|\n|t:|1782846732\n|switch|p2a: Beartic|Beartic, L91, M|150/321 par\n|move|p1a: Raichu|Volt Switch|p2a: Beartic\n|-damage|p2a: Beartic|69/321 par\n|\n|t:|1782846738\n|switch|p1a: Garchomp|Garchomp, L74, F|282/282|[from] Volt Switch\n|\n|upkeep\n|turn|11\n|j| rly hate this game\n|\n|t:|1782846742\n|move|p1a: Garchomp|Earthquake|p2a: Beartic\n|-damage|p2a: Beartic|0 fnt\n|faint|p2a: Beartic\n|\n|upkeep\n|\n|t:|1782846749\n|switch|p2a: Vaporeon|Vaporeon, L86, F|364/364\n|turn|12\n|\n|t:|1782846755\n|switch|p1a: Lurantis|Lurantis, L87, M|264/264\n|move|p2a: Vaporeon|Scald|p1a: Lurantis\n|-resisted|p1a: Lurantis\n|-damage|p1a: Lurantis|231/264\n|\n|upkeep\n|turn|13\n|\n|t:|1782846762\n|switch|p2a: Charizard|Charizard, L85, F|238/271\n|switch|p1a: Raichu|Raichu, L88, F|71/249\n|\n|upkeep\n|turn|14\n|\n|t:|1782846768\n|-terastallize|p2a: Charizard|Dragon\n|move|p1a: Raichu|Volt Switch|p2a: Charizard\n|-resisted|p2a: Charizard\n|-damage|p2a: Charizard|198/271\n|\n|t:|1782846786\n|switch|p1a: Lugia|Lugia, L73|275/275|[from] Volt Switch\n|move|p2a: Charizard|Will-O-Wisp|p1a: Lugia\n|-status|p1a: Lugia|brn\n|\n|-damage|p1a: Lugia|258/275 brn|[from] brn\n|upkeep\n|turn|15\n|\n|t:|1782846796\n|switch|p2a: Vaporeon|Vaporeon, L86, F|364/364\n|move|p1a: Lugia|Aeroblast|p2a: Vaporeon\n|-damage|p2a: Vaporeon|292/364\n|\n|-heal|p2a: Vaporeon|314/364|[from] item: Leftovers\n|-damage|p1a: Lugia|241/275 brn|[from] brn\n|upkeep\n|turn|16\n|\n|t:|1782846804\n|move|p1a: Lugia|Calm Mind|p1a: Lugia\n|-boost|p1a: Lugia|spa|1\n|-boost|p1a: Lugia|spd|1\n|move|p2a: Vaporeon|Calm Mind|p2a: Vaporeon\n|-boost|p2a: Vaporeon|spa|1\n|-boost|p2a: Vaporeon|spd|1\n|\n|-heal|p2a: Vaporeon|336/364|[from] item: Leftovers\n|-damage|p1a: Lugia|224/275 brn|[from] brn\n|upkeep\n|turn|17\n|\n|t:|1782846808\n|move|p1a: Lugia|Calm Mind|p1a: Lugia\n|-boost|p1a: Lugia|spa|1\n|-boost|p1a: Lugia|spd|1\n|move|p2a: Vaporeon|Calm Mind|p2a: Vaporeon\n|-boost|p2a: Vaporeon|spa|1\n|-boost|p2a: Vaporeon|spd|1\n|\n|-heal|p2a: Vaporeon|358/364|[from] item: Leftovers\n|-damage|p1a: Lugia|207/275 brn|[from] brn\n|upkeep\n|turn|18\n|\n|t:|1782846810\n|move|p1a: Lugia|Calm Mind|p1a: Lugia\n|-boost|p1a: Lugia|spa|1\n|-boost|p1a: Lugia|spd|1\n|move|p2a: Vaporeon|Calm Mind|p2a: Vaporeon\n|-boost|p2a: Vaporeon|spa|1\n|-boost|p2a: Vaporeon|spd|1\n|\n|-heal|p2a: Vaporeon|364/364|[from] item: Leftovers\n|-damage|p1a: Lugia|190/275 brn|[from] brn\n|upkeep\n|turn|19\n|\n|t:|1782846812\n|move|p1a: Lugia|Calm Mind|p1a: Lugia\n|-boost|p1a: Lugia|spa|1\n|-boost|p1a: Lugia|spd|1\n|move|p2a: Vaporeon|Calm Mind|p2a: Vaporeon\n|-boost|p2a: Vaporeon|spa|1\n|-boost|p2a: Vaporeon|spd|1\n|\n|-damage|p1a: Lugia|173/275 brn|[from] brn\n|upkeep\n|turn|20\n|\n|t:|1782846813\n|move|p1a: Lugia|Calm Mind|p1a: Lugia\n|-boost|p1a: Lugia|spa|1\n|-boost|p1a: Lugia|spd|1\n|move|p2a: Vaporeon|Calm Mind|p2a: Vaporeon\n|-boost|p2a: Vaporeon|spa|1\n|-boost|p2a: Vaporeon|spd|1\n|\n|-damage|p1a: Lugia|156/275 brn|[from] brn\n|upkeep\n|turn|21\n|\n|t:|1782846816\n|move|p1a: Lugia|Calm Mind|p1a: Lugia\n|-boost|p1a: Lugia|spa|1\n|-boost|p1a: Lugia|spd|1\n|move|p2a: Vaporeon|Calm Mind|p2a: Vaporeon\n|-boost|p2a: Vaporeon|spa|1\n|-boost|p2a: Vaporeon|spd|1\n|\n|-damage|p1a: Lugia|139/275 brn|[from] brn\n|upkeep\n|turn|22\n|\n|t:|1782846818\n|move|p1a: Lugia|Recover|p1a: Lugia\n|-heal|p1a: Lugia|275/275 brn\n|move|p2a: Vaporeon|Scald|p1a: Lugia\n|-damage|p1a: Lugia|238/275 brn\n|\n|-damage|p1a: Lugia|221/275 brn|[from] brn\n|upkeep\n|turn|23\n|\n|t:|1782846823\n|move|p1a: Lugia|Psychic Noise|p2a: Vaporeon\n|-damage|p2a: Vaporeon|307/364\n|-start|p2a: Vaporeon|move: Heal Block\n|move|p2a: Vaporeon|Scald|p1a: Lugia\n|-damage|p1a: Lugia|149/275 brn\n|\n|-damage|p1a: Lugia|132/275 brn|[from] brn\n|upkeep\n|turn|24\n|\n|t:|1782846829\n|move|p1a: Lugia|Recover|p1a: Lugia\n|-heal|p1a: Lugia|270/275 brn\n|move|p2a: Vaporeon|Scald|p1a: Lugia\n|-damage|p1a: Lugia|197/275 brn\n|\n|-damage|p1a: Lugia|180/275 brn|[from] brn\n|-end|p2a: Vaporeon|move: Heal Block\n|upkeep\n|turn|25\n|\n|t:|1782846832\n|move|p1a: Lugia|Aeroblast|p2a: Vaporeon\n|-crit|p2a: Vaporeon\n|-damage|p2a: Vaporeon|0 fnt\n|faint|p2a: Vaporeon\n|\n|-damage|p1a: Lugia|163/275 brn|[from] brn\n|upkeep\n|\n|t:|1782846837\n|switch|p2a: Regirock|Regirock, L83|268/268\n|turn|26\n|\n|t:|1782846841\n|move|p1a: Lugia|Recover|p1a: Lugia\n|-heal|p1a: Lugia|275/275 brn\n|move|p2a: Regirock|Stone Edge|p1a: Lugia\n|-supereffective|p1a: Lugia\n|-damage|p1a: Lugia|185/275 brn\n|\n|-damage|p1a: Lugia|168/275 brn|[from] brn\n|upkeep\n|turn|27\n|\n|t:|1782846850\n|-terastallize|p1a: Lugia|Steel\n|move|p1a: Lugia|Psychic Noise|p2a: Regirock\n|-damage|p2a: Regirock|55/268\n|-start|p2a: Regirock|move: Heal Block\n|move|p2a: Regirock|Stone Edge|p1a: Lugia\n|-resisted|p1a: Lugia\n|-crit|p1a: Lugia\n|-damage|p1a: Lugia|105/275 brn\n|\n|-damage|p1a: Lugia|88/275 brn|[from] brn\n|upkeep\n|turn|28\n|\n|t:|1782846855\n|move|p1a: Lugia|Psychic Noise|p2a: Regirock\n|-damage|p2a: Regirock|0 fnt\n|faint|p2a: Regirock\n|\n|-damage|p1a: Lugia|71/275 brn|[from] brn\n|upkeep\n|\n|t:|1782846859\n|switch|p2a: Zamazenta|Zamazenta, L71|248/248\n|-ability|p2a: Zamazenta|Dauntless Shield|boost\n|-boost|p2a: Zamazenta|def|1\n|turn|29\n|\n|t:|1782846866\n|move|p2a: Zamazenta|Body Press|p1a: Lugia\n|-supereffective|p1a: Lugia\n|-damage|p1a: Lugia|0 fnt\n|faint|p1a: Lugia\n|\n|upkeep\n|\n|t:|1782846886\n|switch|p1a: Raichu|Raichu, L88, F|71/249\n|turn|30\n|\n|t:|1782846889\n|switch|p2a: Charizard|Charizard, L85, F, tera:Dragon|198/271\n|move|p1a: Raichu|Volt Switch|p2a: Charizard\n|-resisted|p2a: Charizard\n|-damage|p2a: Charizard|159/271\n|\n|t:|1782846891\n|switch|p1a: Garchomp|Garchomp, L74, F|282/282|[from] Volt Switch\n|\n|upkeep\n|turn|31\n|\n|t:|1782846906\n|move|p2a: Charizard|Will-O-Wisp|p1a: Garchomp\n|-status|p1a: Garchomp|brn\n|move|p1a: Garchomp|Outrage|p2a: Charizard\n|-supereffective|p2a: Charizard\n|-damage|p2a: Charizard|26/271\n|\n|-damage|p1a: Garchomp|265/282 brn|[from] brn\n|upkeep\n|turn|32\n|\n|t:|1782846913\n|move|p2a: Charizard|Hurricane|p1a: Garchomp\n|-damage|p1a: Garchomp|99/282 brn\n|move|p1a: Garchomp|Outrage|p2a: Charizard|[from] lockedmove\n|-supereffective|p2a: Charizard\n|-damage|p2a: Charizard|0 fnt\n|faint|p2a: Charizard\n|\n|-damage|p1a: Garchomp|82/282 brn|[from] brn\n|upkeep\n|\n|t:|1782846916\n|switch|p2a: Zamazenta|Zamazenta, L71|248/248\n|turn|33\n|\n|t:|1782846919\n|move|p2a: Zamazenta|Iron Defense|p2a: Zamazenta\n|-boost|p2a: Zamazenta|def|2\n|move|p1a: Garchomp|Outrage|p2a: Zamazenta|[from] lockedmove\n|-damage|p2a: Zamazenta|221/248\n|-start|p1a: Garchomp|confusion|[fatigue]\n|\n|-damage|p1a: Garchomp|65/282 brn|[from] brn\n|upkeep\n|turn|34\n|\n|t:|1782846929\n|move|p2a: Zamazenta|Iron Defense|p2a: Zamazenta\n|-boost|p2a: Zamazenta|def|2\n|-activate|p1a: Garchomp|confusion\n|move|p1a: Garchomp|Outrage|p2a: Zamazenta\n|-damage|p2a: Zamazenta|200/248\n|\n|-damage|p1a: Garchomp|48/282 brn|[from] brn\n|upkeep\n|turn|35\n|\n|t:|1782846931\n|move|p2a: Zamazenta|Iron Defense|p2a: Zamazenta\n|-boost|p2a: Zamazenta|def|2\n|-activate|p1a: Garchomp|confusion\n|move|p1a: Garchomp|Outrage|p2a: Zamazenta|[from] lockedmove\n|-damage|p2a: Zamazenta|185/248\n|\n|-damage|p1a: Garchomp|31/282 brn|[from] brn\n|upkeep\n|turn|36\n|\n|t:|1782846935\n|move|p2a: Zamazenta|Body Press|p1a: Garchomp\n|-damage|p1a: Garchomp|0 fnt\n|-damage|p2a: Zamazenta|154/248|[from] ability: Rough Skin|[of] p1a: Garchomp\n|-damage|p2a: Zamazenta|113/248|[from] item: Rocky Helmet|[of] p1a: Garchomp\n|faint|p1a: Garchomp\n|\n|upkeep\n|\n|t:|1782846939\n|switch|p1a: Raichu|Raichu, L88, F|71/249\n|turn|37\n|\n|t:|1782846953\n|move|p1a: Raichu|Nuzzle|p2a: Zamazenta\n|-damage|p2a: Zamazenta|107/248\n|-status|p2a: Zamazenta|par\n|move|p2a: Zamazenta|Body Press|p1a: Raichu\n|-damage|p1a: Raichu|0 fnt\n|faint|p1a: Raichu\n|\n|upkeep\n|\n|t:|1782846956\n|switch|p1a: Lurantis|Lurantis, L87, M|231/264\n|turn|38\n|\n|t:|1782846962\n|move|p1a: Lurantis|Leaf Storm|p2a: Zamazenta\n|-damage|p2a: Zamazenta|0 fnt\n|-boost|p1a: Lurantis|spa|2\n|faint|p2a: Zamazenta\n|\n|win|milkreo\n|raw|milkreo's rating: 2389 &rarr; <strong>2399</strong><br />(+10 for winning)\n|raw|takezoido's rating: 2196 &rarr; <strong>2186</strong><br />(-10 for losing)\n", "inputlog": ">version f8ac14003a5f27e1bdc8d8c59608a773c1cb96e5\n>start {\"formatid\":\"gen9randombattle\",\"seed\":\"sodium,95b85e9d54c2ab6d4c3626b9ba4c3c64\",\"rated\":\"Rated battle\"}\n>player p1 {\"name\":\"milkreo\",\"avatar\":\"101\",\"rating\":2389,\"seed\":\"sodium,55ea64ac64a99e4829c6b58df082e886\"}\n>player p2 {\"name\":\"takezoido\",\"avatar\":\"101\",\"rating\":2196,\"seed\":\"sodium,e523bbbe35fcce419f15aa8286d7b5e9\"}\n>p1 move darkpulse\n>p2 move hypervoice\n>p1 switch 2\n>p2 move workup\n>p1 move surf\n>p2 move fireblast\n>p2 switch 6\n>p1 move nuzzle\n>p2 move iciclecrash\n>p1 move voltswitch\n>p2 move iciclecrash\n>p1 switch 3\n>p1 move thunderbolt\n>p2 move closecombat\n>p1 move thunderbolt\n>p2 move aquajet\n>p1 switch 5\n>p1 move leafstorm\n>p2 switch 4\n>p1 switch 2\n>p2 move hurricane\n>p1 switch 3\n>p1 move voltswitch\n>p2 switch 4\n>p1 switch 6\n>p1 move earthquake\n>p2 move iciclecrash\n>p2 switch 3\n>p1 switch 2\n>p2 move scald\n>p1 switch 6\n>p2 switch 4\n>p1 move voltswitch\n>p2 move willowisp terastallize\n>p1 switch 4\n>p1 move aeroblast\n>p2 switch 4\n>p1 move calmmind\n>p2 move calmmind\n>p1 move calmmind\n>p2 move calmmind\n>p1 move calmmind\n>p2 move calmmind\n>p1 move calmmind\n>p2 move calmmind\n>p1 move calmmind\n>p2 move calmmind\n>p1 move calmmind\n>p2 move calmmind\n>p1 move recover\n>p2 move scald\n>p1 move psychicnoise\n>p2 move scald\n>p1 move recover\n>p2 move scald\n>p1 move aeroblast\n>p2 move scald\n>p2 switch 2\n>p1 move recover\n>p2 move stoneedge\n>p1 move psychicnoise terastallize\n>p2 move stoneedge\n>p1 move psychicnoise\n>p2 move bodypress\n>p2 switch 5\n>p1 move psychicnoise\n>p2 move bodypress\n>p1 switch 4\n>p1 move voltswitch\n>p2 switch 4\n>p1 switch 2\n>p1 move outrage\n>p2 move willowisp\n>p1 move outrage\n>p2 move hurricane\n>p2 switch 4\n>p1 move outrage\n>p2 move irondefense\n>p1 move outrage\n>p2 move irondefense\n>p1 move outrage\n>p2 move irondefense\n>p1 move outrage\n>p2 move bodypress\n>p1 switch 2\n>p1 move nuzzle\n>p2 move bodypress\n>p1 switch 6\n>p1 move leafstorm\n>p2 move rest", "uploadtime": 1782846962, "views": 10, "formatid": "gen9randombattle", "rating": 2186, "private": 0, "password": null, "player_dets": [{"name": "milkreo", "avatar": "101", "rating": 2389, "seed": "sodium,55ea64ac64a99e4829c6b58df082e886"}, {"name": "takezoido", "avatar": "101", "rating": 2196, "seed": "sodium,e523bbbe35fcce419f15aa8286d7b5e9"}], "teams_full": [{"Chi-Yu": {"name": "Chi-Yu", "species": "Chi-Yu", "speciesId": "chiyu", "gender": "N", "shiny": false, "level": 77, "moves": ["darkpulse", "psychic", "fireblast", "nastyplot"], "ability": "Beads of Ruin", "evs": {"hp": 85, "atk": 0, "def": 85, "spa": 85, "spd": 85, "spe": 85}, "ivs": {"hp": 31, "atk": 0, "def": 31, "spa": 31, "spd": 31, "spe": 31}, "item": "Heavy-Duty Boots", "teraType": "Fire", "role": "Setup Sweeper", "bvs": {"hp": 55, "atk": 80, "def": 80, "spa": 135, "spd": 120, "spe": 100}, "stats": {"hp": 211, "atk": 128, "def": 168, "spa": 252, "spd": 229, "spe": 199}, "types": ["Dark", "Fire"]}, "Raichu": {"name": "Raichu", "species": "Raichu", "speciesId": "raichu", "gender": "F", "shiny": false, "level": 88, "moves": ["thunderbolt", "voltswitch", "nuzzle", "surf"], "ability": "Lightning Rod", "evs": {"hp": 85, "atk": 85, "def": 85, "spa": 85, "spd": 85, "spe": 85}, "ivs": {"hp": 31, "atk": 31, "def": 31, "spa": 31, "spd": 31, "spe": 31}, "item": "Assault Vest", "teraType": "Water", "role": "Fast Support", "bvs": {"hp": 60, "atk": 90, "def": 55, "spa": 90, "spd": 80, "spe": 110}, "stats": {"hp": 249, "atk": 209, "def": 147, "spa": 209, "spd": 191, "spe": 244}, "types": ["Electric"]}, "Regice": {"name": "Regice", "species": "Regice", "speciesId": "regice", "gender": "N", "shiny": false, "level": 88, "moves": ["icebeam", "sleeptalk", "rest", "thunderbolt"], "ability": "Clear Body", "evs": {"hp": 85, "atk": 0, "def": 85, "spa": 85, "spd": 85, "spe": 85}, "ivs": {"hp": 31, "atk": 0, "def": 31, "spa": 31, "spd": 31, "spe": 31}, "item": "Heavy-Duty Boots", "teraType": "Electric", "role": "Bulky Attacker", "bvs": {"hp": 80, "atk": 50, "def": 100, "spa": 100, "spd": 200, "spe": 50}, "stats": {"hp": 284, "atk": 93, "def": 226, "spa": 226, "spd": 402, "spe": 138}, "types": ["Ice"]}, "Lugia": {"name": "Lugia", "species": "Lugia", "speciesId": "lugia", "gender": "N", "shiny": false, "level": 73, "moves": ["psychicnoise", "recover", "aeroblast", "calmmind"], "ability": "Multiscale", "evs": {"hp": 85, "atk": 0, "def": 85, "spa": 85, "spd": 85, "spe": 85}, "ivs": {"hp": 31, "atk": 0, "def": 31, "spa": 31, "spd": 31, "spe": 31}, "item": "Heavy-Duty Boots", "teraType": "Steel", "role": "Setup Sweeper", "bvs": {"hp": 106, "atk": 90, "def": 130, "spa": 90, "spd": 154, "spe": 110}, "stats": {"hp": 275, "atk": 136, "def": 232, "spa": 174, "spd": 267, "spe": 203}, "types": ["Psychic", "Flying"]}, "Lurantis": {"name": "Lurantis", "species": "Lurantis", "speciesId": "lurantis", "gender": "M", "shiny": false, "level": 87, "moves": ["knockoff", "superpower", "leafstorm", "leechlife"], "ability": "Contrary", "evs": {"hp": 85, "atk": 85, "def": 85, "spa": 85, "spd": 85, "spe": 85}, "ivs": {"hp": 31, "atk": 31, "def": 31, "spa": 31, "spd": 31, "spe": 31}, "item": "Assault Vest", "teraType": "Fighting", "role": "AV Pivot", "bvs": {"hp": 70, "atk": 105, "def": 90, "spa": 80, "spd": 90, "spe": 45}, "stats": {"hp": 264, "atk": 232, "def": 206, "spa": 189, "spd": 206, "spe": 128}, "types": ["Grass"]}, "Garchomp": {"name": "Garchomp", "species": "Garchomp", "speciesId": "garchomp", "gender": "F", "shiny": false, "level": 74, "moves": ["earthquake", "outrage", "stealthrock", "spikes"], "ability": "Rough Skin", "evs": {"hp": 85, "atk": 85, "def": 85, "spa": 85, "spd": 85, "spe": 85}, "ivs": {"hp": 31, "atk": 31, "def": 31, "spa": 31, "spd": 31, "spe": 31}, "item": "Rocky Helmet", "teraType": "Ground", "role": "Fast Support", "bvs": {"hp": 108, "atk": 130, "def": 95, "spa": 80, "spd": 85, "spe": 102}, "stats": {"hp": 282, "atk": 235, "def": 184, "spa": 161, "spd": 169, "spe": 194}, "types": ["Dragon", "Ground"]}}, {"Pyroar": {"name": "Pyroar", "species": "Pyroar", "speciesId": "pyroar", "gender": "M", "shiny": false, "level": 88, "moves": ["hypervoice", "taunt", "workup", "fireblast"], "ability": "Unnerve", "evs": {"hp": 85, "atk": 0, "def": 85, "spa": 85, "spd": 85, "spe": 85}, "ivs": {"hp": 31, "atk": 0, "def": 31, "spa": 31, "spd": 31, "spe": 31}, "item": "Heavy-Duty Boots", "teraType": "Fire", "role": "Fast Attacker", "bvs": {"hp": 86, "atk": 68, "def": 72, "spa": 109, "spd": 66, "spe": 106}, "stats": {"hp": 295, "atk": 124, "def": 177, "spa": 242, "spd": 166, "spe": 237}, "types": ["Fire", "Normal"]}, "Regirock": {"name": "Regirock", "species": "Regirock", "speciesId": "regirock", "gender": "N", "shiny": false, "level": 83, "moves": ["bodypress", "rest", "curse", "stoneedge"], "ability": "Clear Body", "evs": {"hp": 85, "atk": 85, "def": 85, "spa": 85, "spd": 85, "spe": 85}, "ivs": {"hp": 31, "atk": 31, "def": 31, "spa": 31, "spd": 31, "spe": 31}, "item": "Chesto Berry", "teraType": "Fighting", "role": "Bulky Setup", "bvs": {"hp": 80, "atk": 100, "def": 200, "spa": 50, "spd": 100, "spe": 50}, "stats": {"hp": 268, "atk": 214, "def": 380, "spa": 131, "spd": 214, "spe": 131}, "types": ["Rock"]}, "Vaporeon": {"name": "Vaporeon", "species": "Vaporeon", "speciesId": "vaporeon", "gender": "F", "shiny": false, "level": 86, "moves": ["calmmind", "wish", "scald", "protect"], "ability": "Water Absorb", "evs": {"hp": 85, "atk": 0, "def": 85, "spa": 85, "spd": 85, "spe": 85}, "ivs": {"hp": 31, "atk": 0, "def": 31, "spa": 31, "spd": 31, "spe": 31}, "item": "Leftovers", "teraType": "Poison", "role": "Bulky Setup", "bvs": {"hp": 130, "atk": 65, "def": 60, "spa": 110, "spd": 95, "spe": 65}, "stats": {"hp": 364, "atk": 116, "def": 152, "spa": 238, "spd": 213, "spe": 161}, "types": ["Water"]}, "Charizard": {"name": "Charizard", "species": "Charizard", "speciesId": "charizard", "gender": "F", "shiny": false, "level": 85, "moves": ["willowisp", "earthquake", "flamethrower", "hurricane"], "ability": "Blaze", "evs": {"hp": 85, "atk": 85, "def": 85, "spa": 85, "spd": 85, "spe": 85}, "ivs": {"hp": 31, "atk": 31, "def": 31, "spa": 31, "spd": 31, "spe": 31}, "item": "Heavy-Duty Boots", "teraType": "Dragon", "role": "Fast Attacker", "bvs": {"hp": 78, "atk": 84, "def": 78, "spa": 109, "spd": 85, "spe": 100}, "stats": {"hp": 271, "atk": 192, "def": 181, "spa": 234, "spd": 193, "spe": 219}, "types": ["Fire", "Flying"]}, "Zamazenta": {"name": "Zamazenta", "species": "Zamazenta", "speciesId": "zamazenta", "gender": "N", "shiny": false, "level": 71, "moves": ["bodypress", "rest", "irondefense", "ironhead"], "ability": "Dauntless Shield", "evs": {"hp": 85, "atk": 85, "def": 85, "spa": 85, "spd": 85, "spe": 85}, "ivs": {"hp": 31, "atk": 31, "def": 31, "spa": 31, "spd": 31, "spe": 31}, "item": "Chesto Berry", "teraType": "Steel", "role": "Bulky Setup", "bvs": {"hp": 92, "atk": 120, "def": 115, "spa": 80, "spd": 115, "spe": 138}, "stats": {"hp": 248, "atk": 212, "def": 205, "spa": 155, "spd": 205, "spe": 237}, "types": ["Fighting"]}, "Beartic": {"name": "Beartic", "species": "Beartic", "speciesId": "beartic", "gender": "M", "shiny": false, "level": 91, "moves": ["aquajet", "closecombat", "swordsdance", "iciclecrash"], "ability": "Swift Swim", "evs": {"hp": 85, "atk": 85, "def": 85, "spa": 85, "spd": 85, "spe": 85}, "ivs": {"hp": 31, "atk": 31, "def": 31, "spa": 31, "spd": 31, "spe": 31}, "item": "Heavy-Duty Boots", "teraType": "Fighting", "role": "Wallbreaker", "bvs": {"hp": 95, "atk": 130, "def": 80, "spa": 70, "spd": 80, "spe": 50}, "stats": {"hp": 321, "atk": 288, "def": 197, "spa": 179, "spd": 197, "spe": 143}, "types": ["Ice"]}}]}