{"id": "gen9randombattle-2642217741", "format": "[Gen 9] Random Battle", "players": ["testbotcif", "bigjohn123"], "log": "|j|\u2606testbotcif\n|j|\u2606bigjohn123\n|t:|1782912439\n|gametype|singles\n|player|p1|testbotcif|1|1488\n|player|p2|bigjohn123|101|1493\n|gen|9\n|tier|[Gen 9] Random Battle\n|rated|\n|rule|Species Clause: Limit one of each Pok\u00e9mon\n|rule|HP Percentage Mod: HP is shown in percentages\n|rule|Sleep Clause Mod: Limit one foe put to sleep\n|rule|Illusion Level Mod: Illusion disguises the Pok\u00e9mon's true level\n|\n|t:|1782912439\n|teamsize|p1|6\n|teamsize|p2|6\n|start\n|switch|p1a: Frosmoth|Frosmoth, L82, M|249/249\n|switch|p2a: Glaceon|Glaceon, L94, M|275/275\n|turn|1\n|inactive|Battle timer is ON: inactive players will automatically lose when time's up. (requested by testbotcif)\n|c|\u2606testbotcif|rlhf\n|\n|t:|1782912447\n|move|p2a: Glaceon|Calm Mind|p2a: Glaceon\n|-boost|p2a: Glaceon|spa|1\n|-boost|p2a: Glaceon|spd|1\n|move|p1a: Frosmoth|Quiver Dance|p1a: Frosmoth\n|-boost|p1a: Frosmoth|spa|1\n|-boost|p1a: Frosmoth|spd|1\n|-boost|p1a: Frosmoth|spe|1\n|\n|upkeep\n|turn|2\n|\n|t:|1782912454\n|move|p1a: Frosmoth|Quiver Dance|p1a: Frosmoth\n|-boost|p1a: Frosmoth|spa|1\n|-boost|p1a: Frosmoth|spd|1\n|-boost|p1a: Frosmoth|spe|1\n|move|p2a: Glaceon|Calm Mind|p2a: Glaceon\n|-boost|p2a: Glaceon|spa|1\n|-boost|p2a: Glaceon|spd|1\n|\n|upkeep\n|turn|3\n|\n|t:|1782912456\n|move|p1a: Frosmoth|Quiver Dance|p1a: Frosmoth\n|-boost|p1a: Frosmoth|spa|1\n|-boost|p1a: Frosmoth|spd|1\n|-boost|p1a: Frosmoth|spe|1\n|move|p2a: Glaceon|Calm Mind|p2a: Glaceon\n|-boost|p2a: Glaceon|spa|1\n|-boost|p2a: Glaceon|spd|1\n|\n|upkeep\n|turn|4\n|\n|t:|1782912458\n|move|p1a: Frosmoth|Quiver Dance|p1a: Frosmoth\n|-boost|p1a: Frosmoth|spa|1\n|-boost|p1a: Frosmoth|spd|1\n|-boost|p1a: Frosmoth|spe|1\n|move|p2a: Glaceon|Calm Mind|p2a: Glaceon\n|-boost|p2a: Glaceon|spa|1\n|-boost|p2a: Glaceon|spd|1\n|\n|upkeep\n|turn|5\n|\n|t:|1782912460\n|move|p1a: Frosmoth|Quiver Dance|p1a: Frosmoth\n|-boost|p1a: Frosmoth|spa|1\n|-boost|p1a: Frosmoth|spd|1\n|-boost|p1a: Frosmoth|spe|1\n|move|p2a: Glaceon|Calm Mind|p2a: Glaceon\n|-boost|p2a: Glaceon|spa|1\n|-boost|p2a: Glaceon|spd|1\n|\n|upkeep\n|turn|6\n|\n|t:|1782912462\n|move|p1a: Frosmoth|Ice Beam|p2a: Glaceon\n|-resisted|p2a: Glaceon\n|-damage|p2a: Glaceon|231/275\n|move|p2a: Glaceon|Calm Mind|p2a: Glaceon\n|-boost|p2a: Glaceon|spa|1\n|-boost|p2a: Glaceon|spd|1\n|\n|upkeep\n|turn|7\n|c|\u2606bigjohn123|The ultimate batte\n|c|\u2606bigjohn123|battle\n|\n|t:|1782912476\n|move|p1a: Frosmoth|Ice Beam|p2a: Glaceon\n|-resisted|p2a: Glaceon\n|-damage|p2a: Glaceon|188/275\n|move|p2a: Glaceon|Wish|p2a: Glaceon\n|\n|upkeep\n|turn|8\n|\n|t:|1782912480\n|move|p1a: Frosmoth|Ice Beam|p2a: Glaceon\n|-resisted|p2a: Glaceon\n|-damage|p2a: Glaceon|148/275\n|move|p2a: Glaceon|Freeze-Dry|p1a: Frosmoth\n|-resisted|p1a: Frosmoth\n|-damage|p1a: Frosmoth|216/249\n|\n|-heal|p2a: Glaceon|275/275|[from] move: Wish|[wisher] Glaceon\n|upkeep\n|turn|9\n|\n|t:|1782912487\n|move|p1a: Frosmoth|Ice Beam|p2a: Glaceon\n|-resisted|p2a: Glaceon\n|-damage|p2a: Glaceon|237/275\n|move|p2a: Glaceon|Freeze-Dry|p1a: Frosmoth\n|-resisted|p1a: Frosmoth\n|-damage|p1a: Frosmoth|182/249\n|\n|upkeep\n|turn|10\n|\n|t:|1782912489\n|move|p1a: Frosmoth|Ice Beam|p2a: Glaceon\n|-resisted|p2a: Glaceon\n|-damage|p2a: Glaceon|196/275\n|move|p2a: Glaceon|Wish|p2a: Glaceon\n|\n|upkeep\n|turn|11\n|\n|t:|1782912491\n|move|p1a: Frosmoth|Ice Beam|p2a: Glaceon\n|-resisted|p2a: Glaceon\n|-damage|p2a: Glaceon|157/275\n|move|p2a: Glaceon|Freeze-Dry|p1a: Frosmoth\n|-resisted|p1a: Frosmoth\n|-damage|p1a: Frosmoth|149/249\n|\n|-heal|p2a: Glaceon|275/275|[from] move: Wish|[wisher] Glaceon\n|upkeep\n|turn|12\n|\n|t:|1782912492\n|move|p1a: Frosmoth|Ice Beam|p2a: Glaceon\n|-resisted|p2a: Glaceon\n|-damage|p2a: Glaceon|231/275\n|move|p2a: Glaceon|Wish|p2a: Glaceon\n|\n|upkeep\n|turn|13\n|\n|t:|1782912494\n|move|p1a: Frosmoth|Ice Beam|p2a: Glaceon\n|-resisted|p2a: Glaceon\n|-damage|p2a: Glaceon|189/275\n|move|p2a: Glaceon|Freeze-Dry|p1a: Frosmoth\n|-resisted|p1a: Frosmoth\n|-damage|p1a: Frosmoth|113/249\n|\n|-heal|p2a: Glaceon|275/275|[from] move: Wish|[wisher] Glaceon\n|upkeep\n|turn|14\n|\n|t:|1782912502\n|move|p1a: Frosmoth|Ice Beam|p2a: Glaceon\n|-resisted|p2a: Glaceon\n|-damage|p2a: Glaceon|237/275\n|move|p2a: Glaceon|Wish|p2a: Glaceon\n|\n|upkeep\n|turn|15\n|\n|t:|1782912503\n|move|p1a: Frosmoth|Ice Beam|p2a: Glaceon\n|-resisted|p2a: Glaceon\n|-damage|p2a: Glaceon|195/275\n|move|p2a: Glaceon|Freeze-Dry|p1a: Frosmoth\n|-resisted|p1a: Frosmoth\n|-damage|p1a: Frosmoth|79/249\n|\n|-heal|p2a: Glaceon|275/275|[from] move: Wish|[wisher] Glaceon\n|upkeep\n|turn|16\n|\n|t:|1782912510\n|move|p1a: Frosmoth|Ice Beam|p2a: Glaceon\n|-resisted|p2a: Glaceon\n|-damage|p2a: Glaceon|235/275\n|move|p2a: Glaceon|Freeze-Dry|p1a: Frosmoth\n|-resisted|p1a: Frosmoth\n|-damage|p1a: Frosmoth|43/249\n|\n|upkeep\n|turn|17\n|\n|t:|1782912512\n|move|p1a: Frosmoth|Ice Beam|p2a: Glaceon\n|-resisted|p2a: Glaceon\n|-damage|p2a: Glaceon|192/275\n|move|p2a: Glaceon|Wish|p2a: Glaceon\n|\n|upkeep\n|turn|18\n|\n|t:|1782912513\n|move|p1a: Frosmoth|Ice Beam|p2a: Glaceon\n|-resisted|p2a: Glaceon\n|-damage|p2a: Glaceon|154/275\n|move|p2a: Glaceon|Freeze-Dry|p1a: Frosmoth\n|-resisted|p1a: Frosmoth\n|-damage|p1a: Frosmoth|12/249\n|\n|-heal|p2a: Glaceon|275/275|[from] move: Wish|[wisher] Glaceon\n|upkeep\n|turn|19\n|\n|t:|1782912519\n|move|p1a: Frosmoth|Ice Beam|p2a: Glaceon\n|-resisted|p2a: Glaceon\n|-damage|p2a: Glaceon|235/275\n|move|p2a: Glaceon|Freeze-Dry|p1a: Frosmoth\n|-resisted|p1a: Frosmoth\n|-damage|p1a: Frosmoth|0 fnt\n|faint|p1a: Frosmoth\n|\n|upkeep\n|\n|t:|1782912519\n|switch|p1a: Espeon|Espeon, L84, F|246/246\n|turn|20\n|\n|t:|1782912521\n|move|p1a: Espeon|Calm Mind|p1a: Espeon\n|-boost|p1a: Espeon|spa|1\n|-boost|p1a: Espeon|spd|1\n|move|p2a: Glaceon|Freeze-Dry|p1a: Espeon\n|-damage|p1a: Espeon|0 fnt\n|faint|p1a: Espeon\n|\n|upkeep\n|\n|t:|1782912521\n|switch|p1a: Phione|Phione, L91|293/293\n|turn|21\n|\n|t:|1782912523\n|move|p1a: Phione|Scald|p2a: Glaceon\n|-damage|p2a: Glaceon|219/275\n|-status|p2a: Glaceon|brn\n|move|p2a: Glaceon|Freeze-Dry|p1a: Phione\n|-supereffective|p1a: Phione\n|-damage|p1a: Phione|0 fnt\n|faint|p1a: Phione\n|\n|-damage|p2a: Glaceon|202/275 brn|[from] brn\n|upkeep\n|\n|t:|1782912524\n|switch|p1a: Rayquaza|Rayquaza, L72|270/270\n|-ability|p1a: Rayquaza|Air Lock\n|turn|22\n|\n|t:|1782912526\n|-terastallize|p1a: Rayquaza|Normal\n|move|p1a: Rayquaza|Swords Dance|p1a: Rayquaza\n|-boost|p1a: Rayquaza|atk|2\n|move|p2a: Glaceon|Freeze-Dry|p1a: Rayquaza\n|-damage|p1a: Rayquaza|0 fnt\n|faint|p1a: Rayquaza\n|\n|-damage|p2a: Glaceon|185/275 brn|[from] brn\n|upkeep\n|\n|t:|1782912526\n|switch|p1a: Brambleghast|Brambleghast, L88, F|240/240\n|turn|23\n|\n|t:|1782912527\n|move|p1a: Brambleghast|Poltergeist|p2a: Glaceon\n|-activate|p2a: Glaceon|move: Poltergeist|Heavy-Duty Boots\n|-damage|p2a: Glaceon|65/275 brn\n|move|p2a: Glaceon|Freeze-Dry|p1a: Brambleghast\n|-supereffective|p1a: Brambleghast\n|-damage|p1a: Brambleghast|0 fnt\n|faint|p1a: Brambleghast\n|\n|-damage|p2a: Glaceon|48/275 brn|[from] brn\n|upkeep\n|\n|t:|1782912528\n|switch|p1a: Tornadus|Tornadus, L82, M|263/263\n|turn|24\n|\n|t:|1782912529\n|move|p1a: Tornadus|Bleakwind Storm|p2a: Glaceon\n|-damage|p2a: Glaceon|6/275 brn\n|move|p2a: Glaceon|Freeze-Dry|p1a: Tornadus\n|-supereffective|p1a: Tornadus\n|-damage|p1a: Tornadus|0 fnt\n|faint|p1a: Tornadus\n|\n|win|bigjohn123\n|raw|testbotcif's rating: 1488 &rarr; <strong>1468</strong><br />(-20 for losing)\n|raw|bigjohn123's rating: 1493 &rarr; <strong>1513</strong><br />(+20 for winning)\n", "inputlog": ">version f8ac14003a5f27e1bdc8d8c59608a773c1cb96e5\n>start {\"formatid\":\"gen9randombattle\",\"seed\":\"sodium,d74eca380a4c89ba5f033d25fc9608a2\",\"rated\":\"Rated battle\"}\n>player p1 {\"name\":\"testbotcif\",\"avatar\":\"1\",\"rating\":1488,\"seed\":\"sodium,97022b01afacf4f8eedcc7dc7ad98ce2\"}\n>player p2 {\"name\":\"bigjohn123\",\"avatar\":\"101\",\"rating\":1493,\"seed\":\"sodium,5266c740c72f0789e9048251ed0a1d14\"}\n>chat \u2606testbotcif|rlhf\n>p1 move quiverdance\n>p2 move calmmind\n>p1 move quiverdance\n>p2 move calmmind\n>p1 move quiverdance\n>p2 move calmmind\n>p1 move quiverdance\n>p2 move calmmind\n>p1 move quiverdance\n>p2 move calmmind\n>p1 move icebeam\n>p2 move calmmind\n>chat \u2606bigjohn123|The ultimate batte\n>chat \u2606bigjohn123|battle\n>p1 move icebeam\n>p2 move wish\n>p1 move icebeam\n>p2 move freezedry\n>p1 move icebeam\n>p2 move freezedry\n>p1 move icebeam\n>p2 move wish\n>p1 move icebeam\n>p2 move freezedry\n>p1 move icebeam\n>p2 move wish\n>p1 move icebeam\n>p2 move freezedry\n>p1 move icebeam\n>p2 move wish\n>p1 move icebeam\n>p2 move freezedry\n>p1 move icebeam\n>p2 move freezedry\n>p1 move icebeam\n>p2 move wish\n>p1 move icebeam\n>p2 move freezedry\n>p1 move icebeam\n>p2 move freezedry\n>p1 switch 6\n>p1 move calmmind\n>p2 move freezedry\n>p1 switch 5\n>p1 move scald\n>p2 move freezedry\n>p1 switch 3\n>p1 move swordsdance terastallize\n>p2 move freezedry\n>p1 switch 4\n>p1 move poltergeist\n>p2 move freezedry\n>p1 switch 2\n>p1 move bleakwindstorm\n>p2 move freezedry", "uploadtime": 1782912529, "views": 3, "formatid": "gen9randombattle", "rating": 1468, "private": 0, "password": null, "player_dets": [{"name": "testbotcif", "avatar": "1", "rating": 1488, "seed": "sodium,97022b01afacf4f8eedcc7dc7ad98ce2"}, {"name": "bigjohn123", "avatar": "101", "rating": 1493, "seed": "sodium,5266c740c72f0789e9048251ed0a1d14"}], "teams_full": [{"Frosmoth": {"name": "Frosmoth", "species": "Frosmoth", "speciesId": "frosmoth", "gender": "M", "shiny": false, "level": 82, "moves": ["terablast", "quiverdance", "bugbuzz", "icebeam"], "ability": "Ice Scales", "evs": {"hp": 85, "atk": 0, "def": 85, "spa": 85, "spd": 85, "spe": 85}, "ivs": {"hp": 31, "atk": 0, "def": 31, "spa": 31, "spd": 31, "spe": 31}, "item": "Heavy-Duty Boots", "teraType": "Ground", "role": "Tera Blast user", "bvs": {"hp": 70, "atk": 65, "def": 60, "spa": 125, "spd": 90, "spe": 65}, "stats": {"hp": 249, "atk": 111, "def": 146, "spa": 252, "spd": 195, "spe": 154}, "types": ["Ice", "Bug"]}, "Tornadus": {"name": "Tornadus", "species": "Tornadus", "speciesId": "tornadus", "gender": "M", "shiny": false, "level": 82, "moves": ["bleakwindstorm", "focusblast", "uturn", "grassknot"], "ability": "Defiant", "evs": {"hp": 81, "atk": 85, "def": 85, "spa": 85, "spd": 85, "spe": 85}, "ivs": {"hp": 31, "atk": 31, "def": 31, "spa": 31, "spd": 31, "spe": 31}, "item": "Choice Specs", "teraType": "Fighting", "role": "Fast Attacker", "bvs": {"hp": 79, "atk": 115, "def": 70, "spa": 125, "spd": 80, "spe": 111}, "stats": {"hp": 263, "atk": 236, "def": 162, "spa": 252, "spd": 178, "spe": 229}, "types": ["Flying"]}, "Rayquaza": {"name": "Rayquaza", "species": "Rayquaza", "speciesId": "rayquaza", "gender": "N", "shiny": false, "level": 72, "moves": ["earthquake", "swordsdance", "dragonascent", "extremespeed"], "ability": "Air Lock", "evs": {"hp": 85, "atk": 85, "def": 85, "spa": 85, "spd": 85, "spe": 85}, "ivs": {"hp": 31, "atk": 31, "def": 31, "spa": 31, "spd": 31, "spe": 31}, "item": "Heavy-Duty Boots", "teraType": "Normal", "role": "Fast Attacker", "bvs": {"hp": 105, "atk": 150, "def": 90, "spa": 150, "spd": 90, "spe": 95}, "stats": {"hp": 270, "atk": 258, "def": 172, "spa": 258, "spd": 172, "spe": 179}, "types": ["Dragon", "Flying"]}, "Brambleghast": {"name": "Brambleghast", "species": "Brambleghast", "speciesId": "brambleghast", "gender": "F", "shiny": false, "level": 88, "moves": ["poltergeist", "spikes", "rapidspin", "powerwhip"], "ability": "Wind Rider", "evs": {"hp": 85, "atk": 85, "def": 85, "spa": 85, "spd": 85, "spe": 85}, "ivs": {"hp": 31, "atk": 31, "def": 31, "spa": 31, "spd": 31, "spe": 31}, "item": "Heavy-Duty Boots", "teraType": "Fairy", "role": "Fast Support", "bvs": {"hp": 55, "atk": 115, "def": 70, "spa": 80, "spd": 70, "spe": 90}, "stats": {"hp": 240, "atk": 253, "def": 173, "spa": 191, "spd": 173, "spe": 209}, "types": ["Grass", "Ghost"]}, "Phione": {"name": "Phione", "species": "Phione", "speciesId": "phione", "gender": "N", "shiny": false, "level": 91, "moves": ["rest", "scald", "takeheart", "sleeptalk"], "ability": "Hydration", "evs": {"hp": 85, "atk": 0, "def": 85, "spa": 85, "spd": 85, "spe": 85}, "ivs": {"hp": 31, "atk": 0, "def": 31, "spa": 31, "spd": 31, "spe": 31}, "item": "Leftovers", "teraType": "Dragon", "role": "Bulky Setup", "bvs": {"hp": 80, "atk": 80, "def": 80, "spa": 80, "spd": 80, "spe": 80}, "stats": {"hp": 293, "atk": 150, "def": 197, "spa": 197, "spd": 197, "spe": 197}, "types": ["Water"]}, "Espeon": {"name": "Espeon", "species": "Espeon", "speciesId": "espeon", "gender": "F", "shiny": false, "level": 84, "moves": ["calmmind", "morningsun", "psychic", "shadowball"], "ability": "Magic Bounce", "evs": {"hp": 85, "atk": 0, "def": 85, "spa": 85, "spd": 85, "spe": 85}, "ivs": {"hp": 31, "atk": 0, "def": 31, "spa": 31, "spd": 31, "spe": 31}, "item": "Life Orb", "teraType": "Psychic", "role": "Fast Attacker", "bvs": {"hp": 65, "atk": 65, "def": 60, "spa": 130, "spd": 95, "spe": 110}, "stats": {"hp": 246, "atk": 114, "def": 149, "spa": 267, "spd": 208, "spe": 233}, "types": ["Psychic"]}}, {"Glaceon": {"name": "Glaceon", "species": "Glaceon", "speciesId": "glaceon", "gender": "M", "shiny": false, "level": 94, "moves": ["protect", "freezedry", "calmmind", "wish"], "ability": "Ice Body", "evs": {"hp": 85, "atk": 0, "def": 85, "spa": 85, "spd": 85, "spe": 85}, "ivs": {"hp": 31, "atk": 0, "def": 31, "spa": 31, "spd": 31, "spe": 31}, "item": "Heavy-Duty Boots", "teraType": "Water", "role": "Bulky Setup", "bvs": {"hp": 65, "atk": 60, "def": 110, "spa": 130, "spd": 95, "spe": 65}, "stats": {"hp": 275, "atk": 117, "def": 260, "spa": 298, "spd": 232, "spe": 176}, "types": ["Ice"]}, "Seviper": {"name": "Seviper", "species": "Seviper", "speciesId": "seviper", "gender": "F", "shiny": false, "level": 93, "moves": ["swordsdance", "gunkshot", "trailblaze", "earthquake"], "ability": "Infiltrator", "evs": {"hp": 85, "atk": 85, "def": 85, "spa": 85, "spd": 85, "spe": 85}, "ivs": {"hp": 31, "atk": 31, "def": 31, "spa": 31, "spd": 31, "spe": 31}, "item": "Leftovers", "teraType": "Grass", "role": "Bulky Setup", "bvs": {"hp": 73, "atk": 100, "def": 60, "spa": 100, "spd": 60, "spe": 65}, "stats": {"hp": 287, "atk": 239, "def": 164, "spa": 239, "spd": 164, "spe": 174}, "types": ["Poison"]}, "Ribombee": {"name": "Ribombee", "species": "Ribombee", "speciesId": "ribombee", "gender": "F", "shiny": false, "level": 83, "moves": ["uturn", "moonblast", "bugbuzz", "stickyweb"], "ability": "Shield Dust", "evs": {"hp": 85, "atk": 85, "def": 85, "spa": 85, "spd": 85, "spe": 85}, "ivs": {"hp": 31, "atk": 31, "def": 31, "spa": 31, "spd": 31, "spe": 31}, "item": "Heavy-Duty Boots", "teraType": "Ghost", "role": "Fast Support", "bvs": {"hp": 60, "atk": 55, "def": 60, "spa": 95, "spd": 70, "spe": 124}, "stats": {"hp": 235, "atk": 139, "def": 147, "spa": 205, "spd": 164, "spe": 254}, "types": ["Bug", "Fairy"]}, "Lycanroc": {"name": "Lycanroc", "species": "Lycanroc", "speciesId": "lycanroc", "gender": "M", "shiny": false, "level": 86, "moves": ["stoneedge", "psychicfangs", "closecombat", "taunt"], "ability": "Sand Rush", "evs": {"hp": 85, "atk": 85, "def": 85, "spa": 85, "spd": 85, "spe": 85}, "ivs": {"hp": 31, "atk": 31, "def": 31, "spa": 31, "spd": 31, "spe": 31}, "item": "Life Orb", "teraType": "Fighting", "role": "Fast Attacker", "bvs": {"hp": 75, "atk": 115, "def": 65, "spa": 55, "spd": 65, "spe": 112}, "stats": {"hp": 269, "atk": 247, "def": 161, "spa": 144, "spd": 161, "spe": 242}, "types": ["Rock"]}, "Magcargo": {"name": "Magcargo", "species": "Magcargo", "speciesId": "magcargo", "gender": "M", "shiny": false, "level": 95, "moves": ["powergem", "yawn", "recover", "lavaplume"], "ability": "Flame Body", "evs": {"hp": 85, "atk": 0, "def": 85, "spa": 85, "spd": 85, "spe": 85}, "ivs": {"hp": 31, "atk": 0, "def": 31, "spa": 31, "spd": 31, "spe": 31}, "item": "Heavy-Duty Boots", "teraType": "Grass", "role": "Bulky Support", "bvs": {"hp": 60, "atk": 50, "def": 120, "spa": 90, "spd": 80, "spe": 30}, "stats": {"hp": 268, "atk": 100, "def": 282, "spa": 225, "spd": 206, "spe": 111}, "types": ["Fire", "Rock"]}, "Bruxish": {"name": "Bruxish", "species": "Bruxish", "speciesId": "bruxish", "gender": "M", "shiny": false, "level": 85, "moves": ["wavecrash", "psychicfangs", "icefang", "crunch"], "ability": "Strong Jaw", "evs": {"hp": 85, "atk": 85, "def": 85, "spa": 85, "spd": 85, "spe": 85}, "ivs": {"hp": 31, "atk": 31, "def": 31, "spa": 31, "spd": 31, "spe": 31}, "item": "Choice Scarf", "teraType": "Dark", "role": "Fast Attacker", "bvs": {"hp": 68, "atk": 105, "def": 70, "spa": 70, "spd": 70, "spe": 92}, "stats": {"hp": 254, "atk": 227, "def": 168, "spa": 168, "spd": 168, "spe": 205}, "types": ["Water", "Psychic"]}}]}