{"id": "gen9randombattle-2641782341", "format": "[Gen 9] Random Battle", "players": ["JaviC04", "Aunche"], "log": "|j|\u2606JaviC04\n|j|\u2606Aunche\n|t:|1782841297\n|gametype|singles\n|player|p1|JaviC04|artist|2082\n|player|p2|Aunche|102|2134\n|gen|9\n|tier|[Gen 9] Random Battle\n|rated|\n|rule|Species Clause: Limit one of each Pok\u00e9mon\n|rule|HP Percentage Mod: HP is shown in percentages\n|rule|Sleep Clause Mod: Limit one foe put to sleep\n|rule|Illusion Level Mod: Illusion disguises the Pok\u00e9mon's true level\n|\n|t:|1782841297\n|teamsize|p1|6\n|teamsize|p2|6\n|start\n|switch|p1a: Ninetales|Ninetales-Alola, L78, F|242/242\n|switch|p2a: Wo-Chien|Wo-Chien, L83|277/277\n|-weather|Snowscape|[from] ability: Snow Warning|[of] p1a: Ninetales\n|-ability|p2a: Wo-Chien|Tablets of Ruin\n|turn|1\n|\n|t:|1782841308\n|move|p1a: Ninetales|Aurora Veil|p1a: Ninetales\n|-sidestart|p1: JaviC04|move: Aurora Veil\n|move|p2a: Wo-Chien|Knock Off|p1a: Ninetales\n|-resisted|p1a: Ninetales\n|-damage|p1a: Ninetales|225/242\n|-enditem|p1a: Ninetales|Light Clay|[from] move: Knock Off|[of] p2a: Wo-Chien\n|\n|-weather|Snowscape|[upkeep]\n|upkeep\n|turn|2\n|\n|t:|1782841320\n|switch|p2a: Klefki|Klefki, L84, M|233/233\n|move|p1a: Ninetales|Blizzard|p2a: Klefki\n|-resisted|p2a: Klefki\n|-damage|p2a: Klefki|190/233\n|\n|-weather|Snowscape|[upkeep]\n|-heal|p2a: Klefki|204/233|[from] item: Leftovers\n|upkeep\n|turn|3\n|\n|t:|1782841328\n|switch|p1a: Eelektross|Eelektross, L87, F|290/290\n|move|p2a: Klefki|Spikes|p1a: Eelektross\n|-sidestart|p1: JaviC04|Spikes\n|\n|-weather|Snowscape|[upkeep]\n|-heal|p2a: Klefki|218/233|[from] item: Leftovers\n|upkeep\n|turn|4\n|\n|t:|1782841337\n|switch|p2a: Spidops|Spidops, L96, M|271/271\n|move|p1a: Eelektross|Coil|p1a: Eelektross\n|-boost|p1a: Eelektross|atk|1\n|-boost|p1a: Eelektross|def|1\n|-boost|p1a: Eelektross|accuracy|1\n|\n|-weather|Snowscape|[upkeep]\n|upkeep\n|turn|5\n|\n|t:|1782841341\n|move|p1a: Eelektross|Fire Punch|p2a: Spidops\n|-supereffective|p2a: Spidops\n|-damage|p2a: Spidops|119/271\n|move|p2a: Spidops|Circle Throw|p1a: Eelektross\n|-damage|p1a: Eelektross|274/290\n|drag|p1a: Cobalion|Cobalion, L80|277/277\n|-damage|p1a: Cobalion|243/277|[from] Spikes\n|\n|-weather|none\n|-heal|p1a: Cobalion|260/277|[from] item: Leftovers\n|upkeep\n|turn|6\n|\n|t:|1782841345\n|move|p1a: Cobalion|Taunt|p2a: Spidops\n|-start|p2a: Spidops|move: Taunt\n|cant|p2a: Spidops|move: Taunt|Sticky Web\n|\n|-heal|p1a: Cobalion|277/277|[from] item: Leftovers\n|upkeep\n|turn|7\n|\n|t:|1782841351\n|move|p1a: Cobalion|Iron Head|p2a: Spidops\n|-damage|p2a: Spidops|59/271\n|cant|p2a: Spidops|flinch\n|\n|upkeep\n|turn|8\n|\n|t:|1782841354\n|switch|p2a: Swanna|Swanna, L89, M|278/278\n|move|p1a: Cobalion|Iron Head|p2a: Swanna\n|-resisted|p2a: Swanna\n|-damage|p2a: Swanna|233/278\n|\n|-sideend|p1: JaviC04|move: Aurora Veil\n|upkeep\n|turn|9\n|\n|t:|1782841362\n|switch|p2a: Spidops|Spidops, L96, M|59/271\n|switch|p1a: Alomomola|Alomomola, L87, M|429/429\n|-damage|p1a: Alomomola|376/429|[from] Spikes\n|\n|-heal|p1a: Alomomola|402/429|[from] item: Leftovers\n|upkeep\n|turn|10\n|\n|t:|1782841369\n|switch|p2a: Clawitzer|Clawitzer, L87, M|265/265\n|move|p1a: Alomomola|Flip Turn|p2a: Clawitzer\n|-resisted|p2a: Clawitzer\n|-damage|p2a: Clawitzer|237/265\n|\n|t:|1782841374\n|switch|p1a: Ninetales|Ninetales-Alola, L78, F|225/242|[from] Flip Turn\n|-damage|p1a: Ninetales|195/242|[from] Spikes\n|-weather|Snowscape|[from] ability: Snow Warning|[of] p1a: Ninetales\n|\n|-weather|Snowscape|[upkeep]\n|upkeep\n|turn|11\n|\n|t:|1782841379\n|move|p1a: Ninetales|Aurora Veil|p1a: Ninetales\n|-sidestart|p1: JaviC04|move: Aurora Veil\n|move|p2a: Clawitzer|Water Pulse|p1a: Ninetales\n|-damage|p1a: Ninetales|139/242\n|\n|-weather|Snowscape|[upkeep]\n|upkeep\n|turn|12\n|\n|t:|1782841384\n|move|p1a: Ninetales|Moonblast|p2a: Clawitzer\n|-damage|p2a: Clawitzer|188/265\n|-unboost|p2a: Clawitzer|spa|1\n|move|p2a: Clawitzer|U-turn|p1a: Ninetales\n|-resisted|p1a: Ninetales\n|-damage|p1a: Ninetales|130/242\n|\n|t:|1782841386\n|switch|p2a: Swanna|Swanna, L89, M|233/278|[from] U-turn\n|\n|-weather|Snowscape|[upkeep]\n|upkeep\n|turn|13\n|inactive|Battle timer is ON: inactive players will automatically lose when time's up. (requested by JaviC04)\n|\n|t:|1782841395\n|move|p2a: Swanna|Hydro Pump|p1a: Ninetales\n|-damage|p1a: Ninetales|73/242\n|move|p1a: Ninetales|Blizzard|p2a: Swanna\n|-damage|p2a: Swanna|134/278\n|\n|-weather|Snowscape|[upkeep]\n|upkeep\n|turn|14\n|\n|t:|1782841399\n|move|p2a: Swanna|Roost|p2a: Swanna\n|-heal|p2a: Swanna|273/278\n|-singleturn|p2a: Swanna|move: Roost\n|move|p1a: Ninetales|Moonblast|p2a: Swanna\n|-damage|p2a: Swanna|177/278\n|-unboost|p2a: Swanna|spa|1\n|\n|-weather|none\n|upkeep\n|turn|15\n|\n|t:|1782841407\n|move|p2a: Swanna|Brave Bird|p1a: Ninetales\n|-damage|p1a: Ninetales|0 fnt\n|faint|p1a: Ninetales\n|-damage|p2a: Swanna|153/278|[from] Recoil\n|\n|-sideend|p1: JaviC04|move: Aurora Veil\n|upkeep\n|\n|t:|1782841411\n|switch|p1a: Alomomola|Alomomola, L87, M|429/429\n|-damage|p1a: Alomomola|376/429|[from] Spikes\n|turn|16\n|\n|t:|1782841417\n|switch|p2a: Clawitzer|Clawitzer, L87, M|188/265\n|move|p1a: Alomomola|Flip Turn|p2a: Clawitzer\n|-resisted|p2a: Clawitzer\n|-damage|p2a: Clawitzer|161/265\n|\n|t:|1782841421\n|switch|p1a: Latias|Latias, L79, F|256/256|[from] Flip Turn\n|\n|upkeep\n|turn|17\n|\n|t:|1782841425\n|move|p1a: Latias|Psyshock|p2a: Clawitzer\n|-damage|p2a: Clawitzer|68/265\n|move|p2a: Clawitzer|Dragon Pulse|p1a: Latias\n|-supereffective|p1a: Latias\n|-damage|p1a: Latias|94/256\n|\n|upkeep\n|turn|18\n|\n|t:|1782841431\n|move|p1a: Latias|Recover|p1a: Latias\n|-heal|p1a: Latias|222/256\n|move|p2a: Clawitzer|Dragon Pulse|p1a: Latias\n|-supereffective|p1a: Latias\n|-damage|p1a: Latias|36/256\n|\n|upkeep\n|turn|19\n|\n|t:|1782841437\n|switch|p2a: Wo-Chien|Wo-Chien, L83|277/277\n|-ability|p2a: Wo-Chien|Tablets of Ruin\n|move|p1a: Latias|Psyshock|p2a: Wo-Chien\n|-immune|p2a: Wo-Chien\n|\n|upkeep\n|turn|20\n|\n|t:|1782841442\n|switch|p1a: Cobalion|Cobalion, L80|277/277\n|-damage|p1a: Cobalion|243/277|[from] Spikes\n|move|p2a: Wo-Chien|Knock Off|p1a: Cobalion\n|-resisted|p1a: Cobalion\n|-damage|p1a: Cobalion|210/277\n|-ability|p1a: Cobalion|Justified|boost\n|-boost|p1a: Cobalion|atk|1\n|-enditem|p1a: Cobalion|Leftovers|[from] move: Knock Off|[of] p2a: Wo-Chien\n|\n|upkeep\n|turn|21\n|\n|t:|1782841448\n|move|p1a: Cobalion|Swords Dance|p1a: Cobalion\n|-boost|p1a: Cobalion|atk|2\n|move|p2a: Wo-Chien|Leech Seed|p1a: Cobalion\n|-start|p1a: Cobalion|move: Leech Seed\n|\n|-damage|p1a: Cobalion|176/277|[from] Leech Seed|[of] p2a: Wo-Chien\n|upkeep\n|turn|22\n|\n|t:|1782841453\n|switch|p2a: Spidops|Spidops, L96, M|59/271\n|move|p1a: Cobalion|Swords Dance|p1a: Cobalion\n|-boost|p1a: Cobalion|atk|2\n|\n|-damage|p1a: Cobalion|142/277|[from] Leech Seed|[of] p2a: Spidops\n|-heal|p2a: Spidops|93/271|[silent]\n|upkeep\n|turn|23\n|\n|t:|1782841458\n|move|p1a: Cobalion|Iron Head|p2a: Spidops\n|-damage|p2a: Spidops|0 fnt\n|faint|p2a: Spidops\n|\n|upkeep\n|\n|t:|1782841460\n|switch|p2a: Flamigo|Flamigo, L82, M|269/269\n|turn|24\n|\n|t:|1782841464\n|move|p2a: Flamigo|Close Combat|p1a: Cobalion\n|-supereffective|p1a: Cobalion\n|-damage|p1a: Cobalion|0 fnt\n|-unboost|p2a: Flamigo|def|1\n|-unboost|p2a: Flamigo|spd|1\n|faint|p1a: Cobalion\n|\n|upkeep\n|\n|t:|1782841467\n|switch|p1a: Dachsbun|Dachsbun, L92, M|254/254\n|-damage|p1a: Dachsbun|223/254|[from] Spikes\n|turn|25\n|\n|t:|1782841473\n|switch|p2a: Klefki|Klefki, L84, M|218/233\n|switch|p1a: Eelektross|Eelektross, L87, F|274/290\n|\n|-heal|p2a: Klefki|232/233|[from] item: Leftovers\n|-heal|p1a: Eelektross|290/290|[from] item: Leftovers\n|upkeep\n|turn|26\n|\n|t:|1782841477\n|switch|p2a: Wo-Chien|Wo-Chien, L83|277/277\n|-ability|p2a: Wo-Chien|Tablets of Ruin\n|move|p1a: Eelektross|Coil|p1a: Eelektross\n|-boost|p1a: Eelektross|atk|1\n|-boost|p1a: Eelektross|def|1\n|-boost|p1a: Eelektross|accuracy|1\n|\n|upkeep\n|turn|27\n|\n|t:|1782841480\n|move|p2a: Wo-Chien|Leech Seed|p1a: Eelektross\n|-start|p1a: Eelektross|move: Leech Seed\n|move|p1a: Eelektross|Coil|p1a: Eelektross\n|-boost|p1a: Eelektross|atk|1\n|-boost|p1a: Eelektross|def|1\n|-boost|p1a: Eelektross|accuracy|1\n|\n|-damage|p1a: Eelektross|254/290|[from] Leech Seed|[of] p2a: Wo-Chien\n|upkeep\n|turn|28\n|\n|t:|1782841483\n|move|p2a: Wo-Chien|Knock Off|p1a: Eelektross\n|-damage|p1a: Eelektross|205/290\n|-enditem|p1a: Eelektross|Leftovers|[from] move: Knock Off|[of] p2a: Wo-Chien\n|move|p1a: Eelektross|Coil|p1a: Eelektross\n|-boost|p1a: Eelektross|atk|1\n|-boost|p1a: Eelektross|def|1\n|-boost|p1a: Eelektross|accuracy|1\n|\n|-damage|p1a: Eelektross|169/290|[from] Leech Seed|[of] p2a: Wo-Chien\n|upkeep\n|turn|29\n|\n|t:|1782841497\n|-terastallize|p2a: Wo-Chien|Poison\n|move|p2a: Wo-Chien|Ruination|p1a: Eelektross\n|-damage|p1a: Eelektross|85/290\n|move|p1a: Eelektross|Drain Punch|p2a: Wo-Chien\n|-resisted|p2a: Wo-Chien\n|-damage|p2a: Wo-Chien|224/277\n|-heal|p1a: Eelektross|112/290|[from] drain|[of] p2a: Wo-Chien\n|\n|-heal|p2a: Wo-Chien|241/277|[from] item: Leftovers\n|-damage|p1a: Eelektross|76/290|[from] Leech Seed|[of] p2a: Wo-Chien\n|-heal|p2a: Wo-Chien|277/277|[silent]\n|upkeep\n|turn|30\n|\n|t:|1782841506\n|move|p2a: Wo-Chien|Protect|p2a: Wo-Chien\n|-singleturn|p2a: Wo-Chien|Protect\n|move|p1a: Eelektross|Supercell Slam|p2a: Wo-Chien\n|-activate|p2a: Wo-Chien|move: Protect\n|-damage|p1a: Eelektross|0 fnt|[from] supercellslam\n|faint|p1a: Eelektross\n|\n|upkeep\n|\n|t:|1782841509\n|switch|p1a: Latias|Latias, L79, F|36/256\n|turn|31\n|\n|t:|1782841512\n|move|p1a: Latias|Psyshock|p2a: Wo-Chien\n|-supereffective|p2a: Wo-Chien\n|-damage|p2a: Wo-Chien|97/277\n|move|p2a: Wo-Chien|Knock Off|p1a: Latias\n|-supereffective|p1a: Latias\n|-damage|p1a: Latias|0 fnt\n|-enditem|p1a: Latias|Soul Dew|[from] move: Knock Off|[of] p2a: Wo-Chien\n|faint|p1a: Latias\n|\n|-heal|p2a: Wo-Chien|114/277|[from] item: Leftovers\n|upkeep\n|\n|t:|1782841516\n|switch|p1a: Alomomola|Alomomola, L87, M|429/429\n|-damage|p1a: Alomomola|376/429|[from] Spikes\n|turn|32\n|\n|t:|1782841521\n|-terastallize|p1a: Alomomola|Steel\n|move|p2a: Wo-Chien|Knock Off|p1a: Alomomola\n|-damage|p1a: Alomomola|280/429\n|-enditem|p1a: Alomomola|Leftovers|[from] move: Knock Off|[of] p2a: Wo-Chien\n|move|p1a: Alomomola|Scald|p2a: Wo-Chien\n|-damage|p2a: Wo-Chien|78/277\n|\n|-heal|p2a: Wo-Chien|95/277|[from] item: Leftovers\n|upkeep\n|turn|33\n|\n|t:|1782841528\n|move|p2a: Wo-Chien|Leech Seed|p1a: Alomomola\n|-start|p1a: Alomomola|move: Leech Seed\n|move|p1a: Alomomola|Flip Turn|p2a: Wo-Chien\n|-damage|p2a: Wo-Chien|58/277\n|\n|t:|1782841530\n|switch|p1a: Dachsbun|Dachsbun, L92, M|223/254|[from] Flip Turn\n|-damage|p1a: Dachsbun|192/254|[from] Spikes\n|\n|-heal|p1a: Dachsbun|207/254|[from] item: Leftovers\n|-heal|p2a: Wo-Chien|75/277|[from] item: Leftovers\n|upkeep\n|turn|34\n|-message|JaviC04 forfeited.\n|\n|win|Aunche\n|raw|JaviC04's rating: 2082 &rarr; <strong>2065</strong><br />(-17 for losing)\n|raw|Aunche's rating: 2134 &rarr; <strong>2151</strong><br />(+17 for winning)\n", "inputlog": ">version f8ac14003a5f27e1bdc8d8c59608a773c1cb96e5\n>start {\"formatid\":\"gen9randombattle\",\"seed\":\"sodium,5322ad2b32619c606ee318b5abf172ac\",\"rated\":\"Rated battle\"}\n>player p1 {\"name\":\"JaviC04\",\"avatar\":\"artist\",\"rating\":2082,\"seed\":\"sodium,26ef0cee6a9634532502f1173670e226\"}\n>player p2 {\"name\":\"Aunche\",\"avatar\":\"102\",\"rating\":2134,\"seed\":\"sodium,6ebe4154683a1dd5f491ce7e8cd8cbf9\"}\n>p1 move auroraveil\n>p2 move knockoff\n>p1 move blizzard\n>p2 switch 4\n>p1 switch 6\n>p2 move spikes\n>p1 move coil\n>p2 switch 2\n>p1 move firepunch\n>p2 move circlethrow\n>p1 move taunt\n>p2 move stickyweb\n>p1 move ironhead\n>p2 move circlethrow\n>p1 move ironhead\n>p2 switch 5\n>p1 switch 5\n>p2 switch 5\n>p1 move flipturn\n>p2 switch 6\n>p1 switch 6\n>p1 move auroraveil\n>p2 move waterpulse\n>p1 move moonblast\n>p2 move uturn\n>p2 switch 5\n>p1 move blizzard\n>p2 move hydropump\n>p1 move moonblast\n>p2 move roost\n>p1 move blizzard\n>p2 move bravebird\n>p1 switch 6\n>p1 move flipturn\n>p2 switch 5\n>p1 switch 2\n>p1 move psyshock\n>p2 move dragonpulse\n>p1 move recover\n>p2 move dragonpulse\n>p1 move psyshock\n>p2 switch 4\n>p1 switch 5\n>p2 move knockoff\n>p1 move swordsdance\n>p2 move leechseed\n>p1 move swordsdance\n>p2 switch 6\n>p1 move ironhead\n>p2 move circlethrow\n>p2 switch 3\n>p1 move ironhead\n>p2 move closecombat\n>p1 switch 3\n>p1 switch 4\n>p2 switch 2\n>p1 move coil\n>p2 switch 6\n>p1 move coil\n>p2 move leechseed\n>p1 move coil\n>p2 move knockoff\n>p1 move drainpunch\n>p2 move ruination terastallize\n>p1 move supercellslam\n>p2 move protect\n>p1 switch 5\n>p1 move psyshock\n>p2 move knockoff\n>p1 switch 2\n>p1 move scald terastallize\n>p2 move knockoff\n>p1 move flipturn\n>p2 move leechseed\n>p1 switch 4\n>forcelose p1", "uploadtime": 1782841535, "views": 5, "formatid": "gen9randombattle", "rating": 2065, "private": 0, "password": null, "player_dets": [{"name": "JaviC04", "avatar": "artist", "rating": 2082, "seed": "sodium,26ef0cee6a9634532502f1173670e226"}, {"name": "Aunche", "avatar": "102", "rating": 2134, "seed": "sodium,6ebe4154683a1dd5f491ce7e8cd8cbf9"}], "teams_full": [{"Ninetales": {"name": "Ninetales", "species": "Ninetales-Alola", "speciesId": "ninetalesalola", "gender": "F", "shiny": false, "level": 78, "moves": ["blizzard", "moonblast", "nastyplot", "auroraveil"], "ability": "Snow Warning", "evs": {"hp": 85, "atk": 0, "def": 85, "spa": 85, "spd": 85, "spe": 85}, "ivs": {"hp": 31, "atk": 0, "def": 31, "spa": 31, "spd": 31, "spe": 31}, "item": "Light Clay", "teraType": "Water", "role": "Fast Support", "bvs": {"hp": 73, "atk": 67, "def": 75, "spa": 81, "spd": 100, "spe": 109}, "stats": {"hp": 242, "atk": 109, "def": 162, "spa": 171, "spd": 201, "spe": 215}, "types": ["Ice", "Fairy"]}, "Latias": {"name": "Latias", "species": "Latias", "speciesId": "latias", "gender": "F", "shiny": false, "level": 79, "moves": ["psyshock", "dracometeor", "calmmind", "recover"], "ability": "Levitate", "evs": {"hp": 85, "atk": 0, "def": 85, "spa": 85, "spd": 85, "spe": 85}, "ivs": {"hp": 31, "atk": 0, "def": 31, "spa": 31, "spd": 31, "spe": 31}, "item": "Soul Dew", "teraType": "Steel", "role": "Fast Bulky Setup", "bvs": {"hp": 80, "atk": 80, "def": 90, "spa": 110, "spd": 130, "spe": 110}, "stats": {"hp": 256, "atk": 131, "def": 188, "spa": 219, "spd": 251, "spe": 219}, "types": ["Dragon", "Psychic"]}, "Dachsbun": {"name": "Dachsbun", "species": "Dachsbun", "speciesId": "dachsbun", "gender": "M", "shiny": false, "level": 92, "moves": ["wish", "bodypress", "playrough", "protect"], "ability": "Well-Baked Body", "evs": {"hp": 85, "atk": 85, "def": 85, "spa": 85, "spd": 85, "spe": 85}, "ivs": {"hp": 31, "atk": 31, "def": 31, "spa": 31, "spd": 31, "spe": 31}, "item": "Leftovers", "teraType": "Steel", "role": "Bulky Support", "bvs": {"hp": 57, "atk": 80, "def": 115, "spa": 50, "spd": 80, "spe": 95}, "stats": {"hp": 254, "atk": 200, "def": 264, "spa": 144, "spd": 200, "spe": 227}, "types": ["Fairy"]}, "Cobalion": {"name": "Cobalion", "species": "Cobalion", "speciesId": "cobalion", "gender": "N", "shiny": false, "level": 80, "moves": ["taunt", "ironhead", "closecombat", "swordsdance"], "ability": "Justified", "evs": {"hp": 85, "atk": 85, "def": 85, "spa": 85, "spd": 85, "spe": 85}, "ivs": {"hp": 31, "atk": 31, "def": 31, "spa": 31, "spd": 31, "spe": 31}, "item": "Leftovers", "teraType": "Fighting", "role": "Fast Bulky Setup", "bvs": {"hp": 91, "atk": 90, "def": 129, "spa": 90, "spd": 72, "spe": 108}, "stats": {"hp": 277, "atk": 190, "def": 253, "spa": 190, "spd": 161, "spe": 219}, "types": ["Steel", "Fighting"]}, "Alomomola": {"name": "Alomomola", "species": "Alomomola", "speciesId": "alomomola", "gender": "M", "shiny": false, "level": 87, "moves": ["protect", "flipturn", "wish", "scald"], "ability": "Regenerator", "evs": {"hp": 85, "atk": 85, "def": 85, "spa": 85, "spd": 85, "spe": 85}, "ivs": {"hp": 31, "atk": 31, "def": 31, "spa": 31, "spd": 31, "spe": 31}, "item": "Leftovers", "teraType": "Steel", "role": "Bulky Support", "bvs": {"hp": 165, "atk": 75, "def": 80, "spa": 40, "spd": 45, "spe": 65}, "stats": {"hp": 429, "atk": 180, "def": 189, "spa": 119, "spd": 128, "spe": 163}, "types": ["Water"]}, "Eelektross": {"name": "Eelektross", "species": "Eelektross", "speciesId": "eelektross", "gender": "F", "shiny": false, "level": 87, "moves": ["drainpunch", "coil", "supercellslam", "firepunch"], "ability": "Levitate", "evs": {"hp": 85, "atk": 85, "def": 85, "spa": 85, "spd": 85, "spe": 85}, "ivs": {"hp": 31, "atk": 31, "def": 31, "spa": 31, "spd": 31, "spe": 31}, "item": "Leftovers", "teraType": "Fighting", "role": "Bulky Setup", "bvs": {"hp": 85, "atk": 115, "def": 80, "spa": 105, "spd": 80, "spe": 50}, "stats": {"hp": 290, "atk": 250, "def": 189, "spa": 232, "spd": 189, "spe": 137}, "types": ["Electric"]}}, {"Wo-Chien": {"name": "Wo-Chien", "species": "Wo-Chien", "speciesId": "wochien", "gender": "N", "shiny": false, "level": 83, "moves": ["knockoff", "protect", "leechseed", "ruination"], "ability": "Tablets of Ruin", "evs": {"hp": 85, "atk": 85, "def": 85, "spa": 85, "spd": 85, "spe": 85}, "ivs": {"hp": 31, "atk": 31, "def": 31, "spa": 31, "spd": 31, "spe": 31}, "item": "Leftovers", "teraType": "Poison", "role": "Bulky Support", "bvs": {"hp": 85, "atk": 85, "def": 100, "spa": 95, "spd": 135, "spe": 70}, "stats": {"hp": 277, "atk": 189, "def": 214, "spa": 205, "spd": 272, "spe": 164}, "types": ["Dark", "Grass"]}, "Spidops": {"name": "Spidops", "species": "Spidops", "speciesId": "spidops", "gender": "M", "shiny": false, "level": 96, "moves": ["circlethrow", "knockoff", "spikes", "stickyweb"], "ability": "Stakeout", "evs": {"hp": 85, "atk": 85, "def": 85, "spa": 85, "spd": 85, "spe": 85}, "ivs": {"hp": 31, "atk": 31, "def": 31, "spa": 31, "spd": 31, "spe": 31}, "item": "Heavy-Duty Boots", "teraType": "Ghost", "role": "Bulky Support", "bvs": {"hp": 60, "atk": 79, "def": 92, "spa": 52, "spd": 86, "spe": 35}, "stats": {"hp": 271, "atk": 206, "def": 231, "spa": 154, "spd": 220, "spe": 122}, "types": ["Bug"]}, "Flamigo": {"name": "Flamigo", "species": "Flamigo", "speciesId": "flamigo", "gender": "M", "shiny": false, "level": 82, "moves": ["closecombat", "bravebird", "uturn", "throatchop"], "ability": "Scrappy", "evs": {"hp": 85, "atk": 85, "def": 85, "spa": 85, "spd": 85, "spe": 85}, "ivs": {"hp": 31, "atk": 31, "def": 31, "spa": 31, "spd": 31, "spe": 31}, "item": "Choice Scarf", "teraType": "Fighting", "role": "Fast Attacker", "bvs": {"hp": 82, "atk": 115, "def": 74, "spa": 75, "spd": 64, "spe": 90}, "stats": {"hp": 269, "atk": 236, "def": 169, "spa": 170, "spd": 152, "spe": 195}, "types": ["Flying", "Fighting"]}, "Klefki": {"name": "Klefki", "species": "Klefki", "speciesId": "klefki", "gender": "M", "shiny": false, "level": 84, "moves": ["playrough", "thunderwave", "magnetrise", "spikes"], "ability": "Prankster", "evs": {"hp": 85, "atk": 85, "def": 85, "spa": 85, "spd": 85, "spe": 85}, "ivs": {"hp": 31, "atk": 31, "def": 31, "spa": 31, "spd": 31, "spe": 31}, "item": "Leftovers", "teraType": "Water", "role": "Bulky Support", "bvs": {"hp": 57, "atk": 80, "def": 91, "spa": 80, "spd": 87, "spe": 75}, "stats": {"hp": 233, "atk": 183, "def": 201, "spa": 183, "spd": 194, "spe": 174}, "types": ["Steel", "Fairy"]}, "Swanna": {"name": "Swanna", "species": "Swanna", "speciesId": "swanna", "gender": "M", "shiny": false, "level": 89, "moves": ["hydropump", "bravebird", "roost", "defog"], "ability": "Hydration", "evs": {"hp": 85, "atk": 85, "def": 85, "spa": 85, "spd": 85, "spe": 85}, "ivs": {"hp": 31, "atk": 31, "def": 31, "spa": 31, "spd": 31, "spe": 31}, "item": "Heavy-Duty Boots", "teraType": "Ground", "role": "Bulky Support", "bvs": {"hp": 75, "atk": 87, "def": 63, "spa": 87, "spd": 63, "spe": 98}, "stats": {"hp": 278, "atk": 206, "def": 163, "spa": 206, "spd": 163, "spe": 225}, "types": ["Water", "Flying"]}, "Clawitzer": {"name": "Clawitzer", "species": "Clawitzer", "speciesId": "clawitzer", "gender": "M", "shiny": false, "level": 87, "moves": ["uturn", "waterpulse", "dragonpulse", "aurasphere"], "ability": "Mega Launcher", "evs": {"hp": 85, "atk": 85, "def": 85, "spa": 85, "spd": 85, "spe": 85}, "ivs": {"hp": 31, "atk": 31, "def": 31, "spa": 31, "spd": 31, "spe": 31}, "item": "Assault Vest", "teraType": "Dragon", "role": "AV Pivot", "bvs": {"hp": 71, "atk": 73, "def": 88, "spa": 120, "spd": 89, "spe": 59}, "stats": {"hp": 265, "atk": 177, "def": 203, "spa": 259, "spd": 205, "spe": 152}, "types": ["Water"]}}]}