{"id": "gen9randombattle-2641998880", "format": "[Gen 9] Random Battle", "players": ["KrisBanana", "eshayentei"], "log": "|j|\u2606KrisBanana\n|j|\u2606eshayentei\n|t:|1782870958\n|gametype|singles\n|player|p1|KrisBanana|rocketgrunt|1669\n|player|p2|eshayentei|169|1661\n|gen|9\n|tier|[Gen 9] Random Battle\n|rated|\n|rule|Species Clause: Limit one of each Pok\u00e9mon\n|rule|HP Percentage Mod: HP is shown in percentages\n|rule|Sleep Clause Mod: Limit one foe put to sleep\n|rule|Illusion Level Mod: Illusion disguises the Pok\u00e9mon's true level\n|\n|t:|1782870958\n|teamsize|p1|6\n|teamsize|p2|6\n|start\n|switch|p1a: Drifblim|Drifblim, L86, F|398/398\n|switch|p2a: Ninetales|Ninetales, L85, M|263/263\n|-weather|SunnyDay|[from] ability: Drought|[of] p2a: Ninetales\n|turn|1\n|inactive|Battle timer is ON: inactive players will automatically lose when time's up. (requested by KrisBanana)\n|inactive|eshayentei has 120 seconds left.\n|\n|t:|1782871046\n|switch|p1a: Chandelure|Chandelure, L83, M|235/235\n|move|p2a: Ninetales|Nasty Plot|p2a: Ninetales\n|-boost|p2a: Ninetales|spa|2\n|\n|-weather|SunnyDay|[upkeep]\n|upkeep\n|turn|2\n|\n|t:|1782871054\n|move|p2a: Ninetales|Scorching Sands|p1a: Chandelure\n|-supereffective|p1a: Chandelure\n|-damage|p1a: Chandelure|69/235\n|move|p1a: Chandelure|Shadow Ball|p2a: Ninetales\n|-damage|p2a: Ninetales|166/263\n|\n|-weather|SunnyDay|[upkeep]\n|upkeep\n|turn|3\n|\n|t:|1782871065\n|move|p2a: Ninetales|Scorching Sands|p1a: Chandelure\n|-supereffective|p1a: Chandelure\n|-damage|p1a: Chandelure|0 fnt\n|faint|p1a: Chandelure\n|\n|-weather|SunnyDay|[upkeep]\n|upkeep\n|\n|t:|1782871070\n|switch|p1a: Ambipom|Ambipom, L84, M|263/263\n|turn|4\n|\n|t:|1782871075\n|move|p1a: Ambipom|Double-Edge|p2a: Ninetales\n|-damage|p2a: Ninetales|0 fnt\n|faint|p2a: Ninetales\n|-damage|p1a: Ambipom|208/263|[from] Recoil\n|\n|-weather|SunnyDay|[upkeep]\n|upkeep\n|\n|t:|1782871091\n|switch|p2a: Lucario|Lucario, L84, F|255/255\n|turn|5\n|\n|t:|1782871101\n|switch|p1a: Drifblim|Drifblim, L86, F|398/398\n|move|p2a: Lucario|Nasty Plot|p2a: Lucario\n|-boost|p2a: Lucario|spa|2\n|\n|-weather|none\n|upkeep\n|turn|6\n|\n|t:|1782871108\n|move|p2a: Lucario|Flash Cannon|p1a: Drifblim\n|-damage|p1a: Drifblim|81/398\n|-damage|p2a: Lucario|230/255|[from] item: Life Orb\n|move|p1a: Drifblim|Air Slash|p2a: Lucario\n|-damage|p2a: Lucario|139/255\n|\n|upkeep\n|turn|7\n|\n|t:|1782871114\n|move|p2a: Lucario|Flash Cannon|p1a: Drifblim\n|-damage|p1a: Drifblim|0 fnt\n|faint|p1a: Drifblim\n|-damage|p2a: Lucario|114/255|[from] item: Life Orb\n|\n|upkeep\n|\n|t:|1782871119\n|switch|p1a: Conkeldurr|Conkeldurr, L80, F|299/299\n|turn|8\n|\n|t:|1782871132\n|move|p1a: Conkeldurr|Mach Punch|p2a: Lucario\n|-supereffective|p2a: Lucario\n|-damage|p2a: Lucario|0 fnt\n|faint|p2a: Lucario\n|\n|-status|p1a: Conkeldurr|brn|[from] item: Flame Orb\n|upkeep\n|\n|t:|1782871143\n|switch|p2a: Kleavor|Kleavor, L78, F|237/237\n|turn|9\n|\n|t:|1782871157\n|move|p2a: Kleavor|Stone Axe|p1a: Conkeldurr\n|-resisted|p1a: Conkeldurr\n|-damage|p1a: Conkeldurr|242/299 brn\n|-sidestart|p1: KrisBanana|move: Stealth Rock\n|move|p1a: Conkeldurr|Close Combat|p2a: Kleavor\n|-damage|p2a: Kleavor|0 fnt\n|-unboost|p1a: Conkeldurr|def|1\n|-unboost|p1a: Conkeldurr|spd|1\n|faint|p2a: Kleavor\n|\n|-damage|p1a: Conkeldurr|224/299 brn|[from] brn\n|upkeep\n|inactive|eshayentei has 120 seconds left.\n|\n|t:|1782871181\n|switch|p2a: Chimecho|Chimecho, L93, M|290/290\n|turn|10\n|\n|t:|1782871190\n|switch|p1a: Ambipom|Ambipom, L84, M|208/263\n|-damage|p1a: Ambipom|176/263|[from] Stealth Rock\n|move|p2a: Chimecho|Psychic Noise|p1a: Ambipom\n|-damage|p1a: Ambipom|53/263\n|-start|p1a: Ambipom|move: Heal Block\n|\n|upkeep\n|turn|11\n|\n|t:|1782871202\n|move|p1a: Ambipom|Knock Off|p2a: Chimecho\n|-supereffective|p2a: Chimecho\n|-crit|p2a: Chimecho\n|-damage|p2a: Chimecho|0 fnt\n|-enditem|p2a: Chimecho|Leftovers|[from] move: Knock Off|[of] p1a: Ambipom\n|faint|p2a: Chimecho\n|\n|-end|p1a: Ambipom|move: Heal Block\n|upkeep\n|\n|t:|1782871206\n|switch|p2a: Rabsca|Rabsca, L91, F|284/284\n|turn|12\n|\n|t:|1782871216\n|-terastallize|p2a: Rabsca|Steel\n|move|p1a: Ambipom|Knock Off|p2a: Rabsca\n|-damage|p2a: Rabsca|178/284\n|-enditem|p2a: Rabsca|Heavy-Duty Boots|[from] move: Knock Off|[of] p1a: Ambipom\n|move|p2a: Rabsca|Trick Room|p2a: Rabsca\n|-fieldstart|move: Trick Room|[of] p2a: Rabsca\n|\n|upkeep\n|turn|13\n|\n|t:|1782871224\n|move|p2a: Rabsca|Psychic|p1a: Ambipom\n|-damage|p1a: Ambipom|0 fnt\n|faint|p1a: Ambipom\n|\n|upkeep\n|\n|t:|1782871225\n|switch|p1a: Conkeldurr|Conkeldurr, L80, F|224/299 brn\n|-damage|p1a: Conkeldurr|206/299 brn|[from] Stealth Rock\n|turn|14\n|\n|t:|1782871235\n|move|p2a: Rabsca|Psychic|p1a: Conkeldurr\n|-supereffective|p1a: Conkeldurr\n|-damage|p1a: Conkeldurr|0 fnt\n|faint|p1a: Conkeldurr\n|\n|upkeep\n|c|\u2606KrisBanana|wait what\n|c|\u2606KrisBanana|oh min speed\n|c|\u2606KrisBanana|ofc\n|\n|t:|1782871263\n|switch|p1a: Comfey|Comfey, L85, M|225/225\n|-damage|p1a: Comfey|197/225|[from] Stealth Rock\n|turn|15\n|inactive|eshayentei has 120 seconds left.\n|\n|t:|1782871299\n|move|p2a: Rabsca|Revival Blessing|p2a: Rabsca\n|\n|t:|1782871302\n|-heal|p2: Lucario|127/255|[from] move: Revival Blessing\n|move|p1a: Comfey|Calm Mind|p1a: Comfey\n|-boost|p1a: Comfey|spa|1\n|-boost|p1a: Comfey|spd|1\n|\n|-heal|p1a: Comfey|211/225|[from] item: Leftovers\n|upkeep\n|turn|16\n|inactive|eshayentei has 120 seconds left.\n|\n|t:|1782871321\n|move|p2a: Rabsca|Psychic|p1a: Comfey\n|-damage|p1a: Comfey|141/225\n|move|p1a: Comfey|Calm Mind|p1a: Comfey\n|-boost|p1a: Comfey|spa|1\n|-boost|p1a: Comfey|spd|1\n|\n|-heal|p1a: Comfey|155/225|[from] item: Leftovers\n|-fieldend|move: Trick Room\n|upkeep\n|turn|17\n|inactive|eshayentei has 120 seconds left.\n|\n|t:|1782871339\n|move|p1a: Comfey|Calm Mind|p1a: Comfey\n|-boost|p1a: Comfey|spa|1\n|-boost|p1a: Comfey|spd|1\n|move|p2a: Rabsca|Trick Room|p2a: Rabsca\n|-fieldstart|move: Trick Room|[of] p2a: Rabsca\n|\n|-heal|p1a: Comfey|169/225|[from] item: Leftovers\n|upkeep\n|turn|18\n|\n|t:|1782871344\n|move|p1a: Comfey|Draining Kiss|p2a: Rabsca\n|-resisted|p2a: Rabsca\n|-damage|p2a: Rabsca|128/284\n|-heal|p1a: Comfey|207/225|[from] drain|[of] p2a: Rabsca\n|move|p2a: Rabsca|Psychic|p1a: Comfey\n|-damage|p1a: Comfey|161/225\n|\n|-heal|p1a: Comfey|175/225|[from] item: Leftovers\n|upkeep\n|turn|19\n|\n|t:|1782871351\n|move|p2a: Rabsca|Psychic|p1a: Comfey\n|-damage|p1a: Comfey|132/225\n|move|p1a: Comfey|Calm Mind|p1a: Comfey\n|-boost|p1a: Comfey|spa|1\n|-boost|p1a: Comfey|spd|1\n|\n|-heal|p1a: Comfey|146/225|[from] item: Leftovers\n|upkeep\n|turn|20\n|\n|t:|1782871357\n|switch|p2a: Lucario|Lucario, L84, F|127/255\n|move|p1a: Comfey|Draining Kiss|p2a: Lucario\n|-damage|p2a: Lucario|0 fnt\n|-heal|p1a: Comfey|225/225|[from] drain|[of] p2a: Lucario\n|faint|p2a: Lucario\n|\n|upkeep\n|c|\u2606KrisBanana|hmm\n|\n|t:|1782871363\n|switch|p2a: Sudowoodo|Sudowoodo, L94, F|284/284\n|turn|21\n|\n|t:|1782871367\n|move|p1a: Comfey|Giga Drain|p2a: Sudowoodo\n|-supereffective|p2a: Sudowoodo\n|-damage|p2a: Sudowoodo|0 fnt\n|faint|p2a: Sudowoodo\n|\n|-fieldend|move: Trick Room\n|upkeep\n|\n|t:|1782871369\n|switch|p2a: Rabsca|Rabsca, L91, F, tera:Steel|128/284\n|turn|22\n|\n|t:|1782871374\n|move|p1a: Comfey|Calm Mind|p1a: Comfey\n|-boost|p1a: Comfey|spa|1\n|-boost|p1a: Comfey|spd|1\n|move|p2a: Rabsca|Trick Room|p2a: Rabsca\n|-fieldstart|move: Trick Room|[of] p2a: Rabsca\n|\n|upkeep\n|turn|23\n|\n|t:|1782871378\n|move|p2a: Rabsca|Psychic|p1a: Comfey\n|-damage|p1a: Comfey|194/225\n|move|p1a: Comfey|Calm Mind|p1a: Comfey\n|-boost|p1a: Comfey|spa|1\n|-boost|p1a: Comfey|spd|1\n|\n|-heal|p1a: Comfey|208/225|[from] item: Leftovers\n|upkeep\n|turn|24\n|\n|t:|1782871380\n|move|p2a: Rabsca|Psychic|p1a: Comfey\n|-damage|p1a: Comfey|181/225\n|move|p1a: Comfey|Stored Power|p2a: Rabsca\n|-resisted|p2a: Rabsca\n|-damage|p2a: Rabsca|0 fnt\n|faint|p2a: Rabsca\n|\n|win|KrisBanana\n|raw|KrisBanana's rating: 1669 &rarr; <strong>1689</strong><br />(+20 for winning)\n|raw|eshayentei's rating: 1661 &rarr; <strong>1641</strong><br />(-20 for losing)\n|l|\u2606eshayentei\n|player|p2|\n", "inputlog": ">version f8ac14003a5f27e1bdc8d8c59608a773c1cb96e5\n>start {\"formatid\":\"gen9randombattle\",\"seed\":\"sodium,d6a9605b3aaa3a77e236f7315e4c2110\",\"rated\":\"Rated battle\"}\n>player p1 {\"name\":\"KrisBanana\",\"avatar\":\"rocketgrunt\",\"rating\":1669,\"seed\":\"sodium,7524d449cf3cc3f1147e4ffe4c16e1cc\"}\n>player p2 {\"name\":\"eshayentei\",\"avatar\":\"169\",\"rating\":1661,\"seed\":\"sodium,d5013e1f44963d418360bc5891b02e10\"}\n>p1 switch 6\n>p2 move nastyplot\n>p1 move shadowball\n>p2 move scorchingsands\n>p1 move shadowball\n>p2 move scorchingsands\n>p1 switch 2\n>p1 move doubleedge\n>p2 move fireblast\n>p2 switch 5\n>p1 switch 6\n>p2 move nastyplot\n>p1 move airslash\n>p2 move flashcannon\n>p1 move shadowball\n>p2 move flashcannon\n>p1 switch 5\n>p1 move machpunch\n>p2 move flashcannon\n>p2 switch 6\n>p1 move closecombat\n>p2 move stoneaxe\n>p2 switch 2\n>p1 switch 6\n>p2 move psychicnoise\n>p1 move knockoff\n>p2 move psychicnoise\n>p2 switch 3\n>p1 move knockoff\n>p2 move trickroom terastallize\n>p1 move knockoff\n>p2 move psychic\n>p1 switch 6\n>p1 move closecombat\n>p2 move psychic\n>chat \u2606KrisBanana|wait what\n>chat \u2606KrisBanana|oh min speed\n>chat \u2606KrisBanana|ofc\n>p1 switch 4\n>p1 move calmmind\n>p2 move revivalblessing\n>p2 switch 6\n>p1 move calmmind\n>p2 move psychic\n>p1 move calmmind\n>p2 move trickroom\n>p1 move drainingkiss\n>p2 move psychic\n>p1 move calmmind\n>p2 move psychic\n>p1 move drainingkiss\n>p2 switch 6\n>chat \u2606KrisBanana|hmm\n>p2 switch 4\n>p1 move gigadrain\n>p2 move headsmash\n>p2 switch 6\n>p1 move calmmind\n>p2 move trickroom\n>p1 move calmmind\n>p2 move psychic\n>p1 move storedpower\n>p2 move psychic", "uploadtime": 1782871384, "views": 4, "formatid": "gen9randombattle", "rating": 1641, "private": 0, "password": null, "player_dets": [{"name": "KrisBanana", "avatar": "rocketgrunt", "rating": 1669, "seed": "sodium,7524d449cf3cc3f1147e4ffe4c16e1cc"}, {"name": "eshayentei", "avatar": "169", "rating": 1661, "seed": "sodium,d5013e1f44963d418360bc5891b02e10"}], "teams_full": [{"Drifblim": {"name": "Drifblim", "species": "Drifblim", "speciesId": "drifblim", "gender": "F", "shiny": false, "level": 86, "moves": ["shadowball", "airslash", "defog", "strengthsap"], "ability": "Aftermath", "evs": {"hp": 85, "atk": 0, "def": 85, "spa": 85, "spd": 85, "spe": 85}, "ivs": {"hp": 31, "atk": 0, "def": 31, "spa": 31, "spd": 31, "spe": 31}, "item": "Heavy-Duty Boots", "teraType": "Fairy", "role": "Bulky Attacker", "bvs": {"hp": 150, "atk": 80, "def": 44, "spa": 90, "spd": 54, "spe": 80}, "stats": {"hp": 398, "atk": 142, "def": 125, "spa": 204, "spd": 142, "spe": 187}, "types": ["Ghost", "Flying"]}, "Ambipom": {"name": "Ambipom", "species": "Ambipom", "speciesId": "ambipom", "gender": "M", "shiny": false, "level": 84, "moves": ["knockoff", "uturn", "doubleedge", "tripleaxel"], "ability": "Technician", "evs": {"hp": 85, "atk": 85, "def": 85, "spa": 85, "spd": 85, "spe": 85}, "ivs": {"hp": 31, "atk": 31, "def": 31, "spa": 31, "spd": 31, "spe": 31}, "item": "Choice Band", "teraType": "Ice", "role": "Fast Attacker", "bvs": {"hp": 75, "atk": 100, "def": 66, "spa": 60, "spd": 66, "spe": 115}, "stats": {"hp": 263, "atk": 216, "def": 159, "spa": 149, "spd": 159, "spe": 241}, "types": ["Normal"]}, "Ariados": {"name": "Ariados", "species": "Ariados", "speciesId": "ariados", "gender": "F", "shiny": false, "level": 95, "moves": ["stickyweb", "poisonjab", "toxicspikes", "megahorn"], "ability": "Swarm", "evs": {"hp": 85, "atk": 85, "def": 85, "spa": 85, "spd": 85, "spe": 85}, "ivs": {"hp": 31, "atk": 31, "def": 31, "spa": 31, "spd": 31, "spe": 31}, "item": "Heavy-Duty Boots", "teraType": "Ghost", "role": "Fast Support", "bvs": {"hp": 70, "atk": 90, "def": 70, "spa": 60, "spd": 70, "spe": 40}, "stats": {"hp": 287, "atk": 225, "def": 187, "spa": 168, "spd": 187, "spe": 130}, "types": ["Bug", "Poison"]}, "Comfey": {"name": "Comfey", "species": "Comfey", "speciesId": "comfey", "gender": "M", "shiny": false, "level": 85, "moves": ["drainingkiss", "storedpower", "gigadrain", "calmmind"], "ability": "Triage", "evs": {"hp": 85, "atk": 0, "def": 85, "spa": 85, "spd": 85, "spe": 85}, "ivs": {"hp": 31, "atk": 0, "def": 31, "spa": 31, "spd": 31, "spe": 31}, "item": "Leftovers", "teraType": "Poison", "role": "Bulky Setup", "bvs": {"hp": 51, "atk": 52, "def": 90, "spa": 82, "spd": 110, "spe": 100}, "stats": {"hp": 225, "atk": 93, "def": 202, "spa": 188, "spd": 236, "spe": 219}, "types": ["Fairy"]}, "Conkeldurr": {"name": "Conkeldurr", "species": "Conkeldurr", "speciesId": "conkeldurr", "gender": "F", "shiny": false, "level": 80, "moves": ["machpunch", "facade", "knockoff", "closecombat"], "ability": "Guts", "evs": {"hp": 85, "atk": 85, "def": 85, "spa": 85, "spd": 85, "spe": 85}, "ivs": {"hp": 31, "atk": 31, "def": 31, "spa": 31, "spd": 31, "spe": 31}, "item": "Flame Orb", "teraType": "Normal", "role": "Wallbreaker", "bvs": {"hp": 105, "atk": 140, "def": 95, "spa": 55, "spd": 65, "spe": 45}, "stats": {"hp": 299, "atk": 270, "def": 198, "spa": 134, "spd": 150, "spe": 118}, "types": ["Fighting"]}, "Chandelure": {"name": "Chandelure", "species": "Chandelure", "speciesId": "chandelure", "gender": "M", "shiny": false, "level": 83, "moves": ["energyball", "shadowball", "calmmind", "fireblast"], "ability": "Flash Fire", "evs": {"hp": 85, "atk": 0, "def": 85, "spa": 85, "spd": 85, "spe": 85}, "ivs": {"hp": 31, "atk": 0, "def": 31, "spa": 31, "spd": 31, "spe": 31}, "item": "Heavy-Duty Boots", "teraType": "Grass", "role": "Fast Bulky Setup", "bvs": {"hp": 60, "atk": 55, "def": 90, "spa": 145, "spd": 90, "spe": 80}, "stats": {"hp": 235, "atk": 96, "def": 197, "spa": 288, "spd": 197, "spe": 180}, "types": ["Ghost", "Fire"]}}, {"Ninetales": {"name": "Ninetales", "species": "Ninetales", "speciesId": "ninetales", "gender": "M", "shiny": false, "level": 85, "moves": ["fireblast", "scorchingsands", "nastyplot", "solarbeam"], "ability": "Drought", "evs": {"hp": 85, "atk": 0, "def": 85, "spa": 85, "spd": 85, "spe": 85}, "ivs": {"hp": 31, "atk": 0, "def": 31, "spa": 31, "spd": 31, "spe": 31}, "item": "Heavy-Duty Boots", "teraType": "Fire", "role": "Setup Sweeper", "bvs": {"hp": 73, "atk": 76, "def": 75, "spa": 81, "spd": 100, "spe": 100}, "stats": {"hp": 263, "atk": 134, "def": 176, "spa": 186, "spd": 219, "spe": 219}, "types": ["Fire"]}, "Chimecho": {"name": "Chimecho", "species": "Chimecho", "speciesId": "chimecho", "gender": "M", "shiny": false, "level": 93, "moves": ["psychicnoise", "healbell", "knockoff", "recover"], "ability": "Levitate", "evs": {"hp": 85, "atk": 85, "def": 85, "spa": 85, "spd": 85, "spe": 85}, "ivs": {"hp": 31, "atk": 31, "def": 31, "spa": 31, "spd": 31, "spe": 31}, "item": "Leftovers", "teraType": "Poison", "role": "Bulky Support", "bvs": {"hp": 75, "atk": 50, "def": 80, "spa": 95, "spd": 90, "spe": 65}, "stats": {"hp": 290, "atk": 146, "def": 202, "spa": 230, "spd": 220, "spe": 174}, "types": ["Psychic"]}, "Rabsca": {"name": "Rabsca", "species": "Rabsca", "speciesId": "rabsca", "gender": "F", "shiny": false, "level": 91, "moves": ["psychic", "trickroom", "bugbuzz", "revivalblessing"], "ability": "Synchronize", "evs": {"hp": 85, "atk": 0, "def": 85, "spa": 85, "spd": 85, "spe": 0}, "ivs": {"hp": 31, "atk": 0, "def": 31, "spa": 31, "spd": 31, "spe": 0}, "item": "Heavy-Duty Boots", "teraType": "Steel", "role": "Wallbreaker", "bvs": {"hp": 75, "atk": 50, "def": 85, "spa": 115, "spd": 100, "spe": 45}, "stats": {"hp": 284, "atk": 96, "def": 207, "spa": 261, "spd": 234, "spe": 86}, "types": ["Bug", "Psychic"]}, "Sudowoodo": {"name": "Sudowoodo", "species": "Sudowoodo", "speciesId": "sudowoodo", "gender": "F", "shiny": false, "level": 94, "moves": ["earthquake", "headsmash", "woodhammer", "stealthrock"], "ability": "Rock Head", "evs": {"hp": 85, "atk": 85, "def": 85, "spa": 85, "spd": 85, "spe": 85}, "ivs": {"hp": 31, "atk": 31, "def": 31, "spa": 31, "spd": 31, "spe": 31}, "item": "Leftovers", "teraType": "Grass", "role": "Bulky Attacker", "bvs": {"hp": 70, "atk": 100, "def": 115, "spa": 30, "spd": 65, "spe": 30}, "stats": {"hp": 284, "atk": 241, "def": 270, "spa": 110, "spd": 176, "spe": 110}, "types": ["Rock"]}, "Lucario": {"name": "Lucario", "species": "Lucario", "speciesId": "lucario", "gender": "F", "shiny": false, "level": 84, "moves": ["focusblast", "flashcannon", "vacuumwave", "nastyplot"], "ability": "Inner Focus", "evs": {"hp": 85, "atk": 0, "def": 85, "spa": 85, "spd": 85, "spe": 85}, "ivs": {"hp": 31, "atk": 0, "def": 31, "spa": 31, "spd": 31, "spe": 31}, "item": "Life Orb", "teraType": "Fighting", "role": "Setup Sweeper", "bvs": {"hp": 70, "atk": 110, "def": 70, "spa": 115, "spd": 70, "spe": 90}, "stats": {"hp": 255, "atk": 189, "def": 166, "spa": 241, "spd": 166, "spe": 199}, "types": ["Fighting", "Steel"]}, "Kleavor": {"name": "Kleavor", "species": "Kleavor", "speciesId": "kleavor", "gender": "F", "shiny": false, "level": 78, "moves": ["swordsdance", "closecombat", "stoneaxe", "xscissor"], "ability": "Sharpness", "evs": {"hp": 85, "atk": 85, "def": 85, "spa": 85, "spd": 85, "spe": 85}, "ivs": {"hp": 31, "atk": 31, "def": 31, "spa": 31, "spd": 31, "spe": 31}, "item": "Heavy-Duty Boots", "teraType": "Bug", "role": "Bulky Attacker", "bvs": {"hp": 70, "atk": 135, "def": 95, "spa": 45, "spd": 70, "spe": 85}, "stats": {"hp": 237, "atk": 256, "def": 193, "spa": 115, "spd": 154, "spe": 178}, "types": ["Bug", "Rock"]}}]}