{"id": "gen9randombattle-2641953488", "format": "[Gen 9] Random Battle", "players": ["Emkatt", "milkreo"], "log": "|badge|p1|bronze|gen9randombattle|100-10\n|uhtml|medal-msg|<div class=\"broadcast-blue\">Curious what those medals under the avatar are? PS now has Ladder Seasons! For more information, check out the <a href=\"https://www.smogon.com/forums/threads/3740067/\">thread on Smogon.</a></div>\n|badge|p2|silver|gen9randombattle|30-10\n|uhtml|medal-msg|<div class=\"broadcast-blue\">Curious what those medals under the avatar are? PS now has Ladder Seasons! For more information, check out the <a href=\"https://www.smogon.com/forums/threads/3740067/\">thread on Smogon.</a></div>\n|j|\u2606Emkatt\n|j|\u2606milkreo\n|t:|1782864067\n|gametype|singles\n|player|p1|Emkatt|acetrainer-gen2|2277\n|player|p2|milkreo|266|2408\n|gen|9\n|tier|[Gen 9] Random Battle\n|rated|\n|rule|Species Clause: Limit one of each Pok\u00e9mon\n|rule|HP Percentage Mod: HP is shown in percentages\n|rule|Sleep Clause Mod: Limit one foe put to sleep\n|rule|Illusion Level Mod: Illusion disguises the Pok\u00e9mon's true level\n|\n|t:|1782864067\n|teamsize|p1|6\n|teamsize|p2|6\n|start\n|switch|p1a: Terapagos|Terapagos, L77, F|265/265\n|switch|p2a: Reshiram|Reshiram, L76|277/277\n|-activate|p1a: Terapagos|ability: Tera Shift\n|detailschange|p1a: Terapagos|Terapagos-Terastal, L77, F\n|-heal|p1a: Terapagos|273/273|[silent]\n|-ability|p2a: Reshiram|Turboblaze\n|turn|1\n|j| harakiiii\n|inactive|Battle timer is ON: inactive players will automatically lose when time's up. (requested by Emkatt)\n|\n|t:|1782864096\n|switch|p1a: Sudowoodo|Sudowoodo, L94, F|284/284\n|move|p2a: Reshiram|Dragon Dance|p2a: Reshiram\n|-boost|p2a: Reshiram|atk|1\n|-boost|p2a: Reshiram|spe|1\n|\n|upkeep\n|turn|2\n|\n|t:|1782864102\n|switch|p2a: Arboliva|Arboliva, L91, M|290/290\n|move|p1a: Sudowoodo|Head Smash|p2a: Arboliva|[miss]\n|-miss|p1a: Sudowoodo|p2a: Arboliva\n|\n|upkeep\n|turn|3\n|\n|t:|1782864114\n|switch|p1a: Forretress|Forretress, L84, M|263/263\n|move|p2a: Arboliva|Energy Ball|p1a: Forretress\n|-resisted|p1a: Forretress\n|-damage|p1a: Forretress|216/263\n|\n|-heal|p1a: Forretress|232/263|[from] item: Leftovers\n|upkeep\n|turn|4\n|\n|t:|1782864121\n|move|p2a: Arboliva|Earth Power|p1a: Forretress\n|-damage|p1a: Forretress|119/263\n|move|p1a: Forretress|Stealth Rock|p2a: Arboliva\n|-sidestart|p2: milkreo|move: Stealth Rock\n|\n|-heal|p1a: Forretress|135/263|[from] item: Leftovers\n|upkeep\n|turn|5\n|j| Kyoshi3\n|\n|t:|1782864139\n|move|p2a: Arboliva|Earth Power|p1a: Forretress\n|-damage|p1a: Forretress|24/263\n|move|p1a: Forretress|Spikes|p2a: Arboliva\n|-sidestart|p2: milkreo|Spikes\n|\n|-heal|p1a: Forretress|40/263|[from] item: Leftovers\n|upkeep\n|turn|6\n|\n|t:|1782864144\n|switch|p2a: Mandibuzz|Mandibuzz, L85, F|326/326\n|move|p1a: Forretress|Spikes|p2a: Mandibuzz\n|-sidestart|p2: milkreo|Spikes\n|\n|-heal|p1a: Forretress|56/263|[from] item: Leftovers\n|upkeep\n|turn|7\n|\n|t:|1782864152\n|switch|p1a: Sudowoodo|Sudowoodo, L94, F|284/284\n|move|p2a: Mandibuzz|Defog|p1a: Sudowoodo\n|-unboost|p1a: Sudowoodo|evasion|1\n|-sideend|p2: milkreo|Spikes|[from] move: Defog|[of] p2a: Mandibuzz\n|-sideend|p2: milkreo|Stealth Rock|[from] move: Defog|[of] p2a: Mandibuzz\n|\n|upkeep\n|turn|8\n|\n|t:|1782864156\n|switch|p2a: Arboliva|Arboliva, L91, M|290/290\n|move|p1a: Sudowoodo|Head Smash|p2a: Arboliva\n|-damage|p2a: Arboliva|37/290\n|-fieldstart|move: Grassy Terrain|[from] ability: Seed Sower|[of] p2a: Arboliva\n|\n|-heal|p2a: Arboliva|55/290|[from] Grassy Terrain\n|-heal|p2a: Arboliva|73/290|[from] item: Leftovers\n|upkeep\n|turn|9\n|\n|t:|1782864168\n|switch|p1a: Misdreavus|Misdreavus, L90, F|254/254\n|move|p2a: Arboliva|Strength Sap|p1a: Misdreavus\n|-unboost|p1a: Misdreavus|atk|1\n|-heal|p2a: Arboliva|186/290\n|\n|-heal|p2a: Arboliva|204/290|[from] Grassy Terrain\n|-heal|p2a: Arboliva|222/290|[from] item: Leftovers\n|upkeep\n|turn|10\n|\n|t:|1782864184\n|switch|p2a: Emboar|Emboar, L84, M|322/322\n|move|p1a: Misdreavus|Calm Mind|p1a: Misdreavus\n|-boost|p1a: Misdreavus|spa|1\n|-boost|p1a: Misdreavus|spd|1\n|\n|upkeep\n|turn|11\n|\n|t:|1782864193\n|switch|p1a: Incineroar|Incineroar, L82, F|290/290\n|-ability|p1a: Incineroar|Intimidate|boost\n|-unboost|p2a: Emboar|atk|1\n|move|p2a: Emboar|Knock Off|p1a: Incineroar\n|-resisted|p1a: Incineroar\n|-damage|p1a: Incineroar|261/290\n|-enditem|p1a: Incineroar|Heavy-Duty Boots|[from] move: Knock Off|[of] p2a: Emboar\n|\n|-heal|p1a: Incineroar|279/290|[from] Grassy Terrain\n|upkeep\n|turn|12\n|\n|t:|1782864202\n|move|p2a: Emboar|Scald|p1a: Incineroar\n|-supereffective|p1a: Incineroar\n|-damage|p1a: Incineroar|171/290\n|move|p1a: Incineroar|Trailblaze|p2a: Emboar\n|-resisted|p2a: Emboar\n|-damage|p2a: Emboar|293/322\n|-boost|p1a: Incineroar|spe|1\n|\n|-heal|p1a: Incineroar|189/290|[from] Grassy Terrain\n|-heal|p2a: Emboar|313/322|[from] Grassy Terrain\n|-fieldend|move: Grassy Terrain\n|upkeep\n|turn|13\n|\n|t:|1782864215\n|move|p1a: Incineroar|Flare Blitz|p2a: Emboar\n|-resisted|p2a: Emboar\n|-damage|p2a: Emboar|222/322\n|-damage|p1a: Incineroar|159/290|[from] Recoil\n|move|p2a: Emboar|Close Combat|p1a: Incineroar\n|-supereffective|p1a: Incineroar\n|-damage|p1a: Incineroar|0 fnt\n|-unboost|p2a: Emboar|def|1\n|-unboost|p2a: Emboar|spd|1\n|faint|p1a: Incineroar\n|\n|upkeep\n|\n|t:|1782864225\n|switch|p1a: Talonflame|Talonflame, L83, M|265/265\n|turn|14\n|\n|t:|1782864234\n|switch|p2a: Dewgong|Dewgong, L94, F|322/322\n|move|p1a: Talonflame|Brave Bird|p2a: Dewgong\n|-damage|p2a: Dewgong|214/322\n|-damage|p1a: Talonflame|229/265|[from] Recoil\n|\n|upkeep\n|turn|15\n|\n|t:|1782864241\n|move|p1a: Talonflame|U-turn|p2a: Dewgong\n|-damage|p2a: Dewgong|173/322\n|\n|t:|1782864250\n|switch|p1a: Forretress|Forretress, L84, M|56/263|[from] U-turn\n|move|p2a: Dewgong|Surf|p1a: Forretress\n|-crit|p1a: Forretress\n|-damage|p1a: Forretress|0 fnt\n|faint|p1a: Forretress\n|\n|upkeep\n|\n|t:|1782864258\n|switch|p1a: Terapagos|Terapagos-Terastal, L77, F|273/273\n|turn|16\n|\n|t:|1782864266\n|move|p2a: Dewgong|Knock Off|p1a: Terapagos\n|-activate|p1a: Terapagos|ability: Tera Shell\n|-resisted|p1a: Terapagos\n|-damage|p1a: Terapagos|240/273\n|-enditem|p1a: Terapagos|Chesto Berry|[from] move: Knock Off|[of] p2a: Dewgong\n|move|p1a: Terapagos|Tera Starstorm|p2a: Dewgong\n|-damage|p2a: Dewgong|74/322\n|\n|upkeep\n|turn|17\n|\n|t:|1782864274\n|move|p2a: Dewgong|Surf|p1a: Terapagos\n|-damage|p1a: Terapagos|161/273\n|move|p1a: Terapagos|Tera Starstorm|p2a: Dewgong\n|-damage|p2a: Dewgong|0 fnt\n|faint|p2a: Dewgong\n|\n|upkeep\n|inactive|milkreo has 120 seconds left.\n|\n|t:|1782864322\n|switch|p2a: Mandibuzz|Mandibuzz, L85, F|326/326\n|turn|18\n|\n|t:|1782864340\n|move|p2a: Mandibuzz|Brave Bird|p1a: Terapagos\n|-damage|p1a: Terapagos|62/273\n|-damage|p2a: Mandibuzz|293/326|[from] Recoil\n|move|p1a: Terapagos|Tera Starstorm|p2a: Mandibuzz\n|-damage|p2a: Mandibuzz|185/326\n|\n|upkeep\n|turn|19\n|inactive|milkreo has 120 seconds left.\n|\n|t:|1782864348\n|switch|p1a: Sudowoodo|Sudowoodo, L94, F|284/284\n|move|p2a: Mandibuzz|Brave Bird|p1a: Sudowoodo\n|-resisted|p1a: Sudowoodo\n|-damage|p1a: Sudowoodo|249/284\n|-damage|p2a: Mandibuzz|173/326|[from] Recoil\n|\n|upkeep\n|turn|20\n|\n|t:|1782864357\n|move|p2a: Mandibuzz|Knock Off|p1a: Sudowoodo\n|-damage|p1a: Sudowoodo|191/284\n|-enditem|p1a: Sudowoodo|Choice Band|[from] move: Knock Off|[of] p2a: Mandibuzz\n|move|p1a: Sudowoodo|Head Smash|p2a: Mandibuzz\n|-supereffective|p2a: Mandibuzz\n|-crit|p2a: Mandibuzz\n|-damage|p2a: Mandibuzz|0 fnt\n|faint|p2a: Mandibuzz\n|\n|upkeep\n|inactive|milkreo has 120 seconds left.\n|\n|t:|1782864382\n|switch|p2a: Emboar|Emboar, L84, M|222/322\n|turn|21\n|\n|t:|1782864393\n|-terastallize|p1a: Sudowoodo|Grass\n|move|p2a: Emboar|Close Combat|p1a: Sudowoodo\n|-damage|p1a: Sudowoodo|77/284\n|-unboost|p2a: Emboar|def|1\n|-unboost|p2a: Emboar|spd|1\n|move|p1a: Sudowoodo|Head Smash|p2a: Emboar\n|-damage|p2a: Emboar|0 fnt\n|faint|p2a: Emboar\n|\n|upkeep\n|\n|t:|1782864403\n|switch|p2a: Reshiram|Reshiram, L76|277/277\n|-ability|p2a: Reshiram|Turboblaze\n|turn|22\n|\n|t:|1782864410\n|move|p2a: Reshiram|Flare Blitz|p1a: Sudowoodo\n|-supereffective|p1a: Sudowoodo\n|-damage|p1a: Sudowoodo|0 fnt\n|faint|p1a: Sudowoodo\n|-damage|p2a: Reshiram|252/277|[from] Recoil\n|\n|upkeep\n|\n|t:|1782864428\n|switch|p1a: Misdreavus|Misdreavus, L90, F|254/254\n|turn|23\n|\n|t:|1782864433\n|move|p1a: Misdreavus|Calm Mind|p1a: Misdreavus\n|-boost|p1a: Misdreavus|spa|1\n|-boost|p1a: Misdreavus|spd|1\n|move|p2a: Reshiram|Dragon Dance|p2a: Reshiram\n|-boost|p2a: Reshiram|atk|1\n|-boost|p2a: Reshiram|spe|1\n|\n|upkeep\n|turn|24\n|\n|t:|1782864440\n|move|p2a: Reshiram|Flare Blitz|p1a: Misdreavus\n|-damage|p1a: Misdreavus|92/254\n|-damage|p2a: Reshiram|199/277|[from] Recoil\n|move|p1a: Misdreavus|Shadow Ball|p2a: Reshiram\n|-damage|p2a: Reshiram|90/277\n|\n|upkeep\n|turn|25\n|c|\u2606Emkatt|literally unplayable\n|-message|Emkatt forfeited.\n|\n|win|milkreo\n|raw|Emkatt's rating: 2277 &rarr; <strong>2264</strong><br />(-13 for losing)\n|raw|milkreo's rating: 2408 &rarr; <strong>2421</strong><br />(+13 for winning)\n", "inputlog": ">version f8ac14003a5f27e1bdc8d8c59608a773c1cb96e5\n>start {\"formatid\":\"gen9randombattle\",\"seed\":\"sodium,ef9634c70e794749a0413efcc761f3c7\",\"rated\":\"Rated battle\"}\n>player p1 {\"name\":\"Emkatt\",\"avatar\":\"acetrainer-gen2\",\"rating\":2277,\"seed\":\"sodium,48d5ef6b5143b08f2721cf2533cd11e3\"}\n>player p2 {\"name\":\"milkreo\",\"avatar\":\"266\",\"rating\":2408,\"seed\":\"sodium,f248af88ba4764055cb030d31f7d8354\"}\n>p1 switch 5\n>p2 move dragondance\n>p1 move headsmash\n>p2 switch 2\n>p1 switch 3\n>p2 move energyball\n>p1 move stealthrock\n>p2 move earthpower\n>p1 move spikes\n>p2 move earthpower\n>p1 move spikes\n>p2 switch 3\n>p1 switch 3\n>p2 move defog\n>p1 move headsmash\n>p2 switch 3\n>p1 switch 6\n>p2 move strengthsap\n>p1 move calmmind\n>p2 switch 6\n>p1 switch 2\n>p2 move knockoff\n>p1 move trailblaze\n>p2 move scald\n>p1 move flareblitz\n>p2 move closecombat\n>p1 switch 4\n>p1 move bravebird\n>p2 switch 5\n>p1 move uturn\n>p2 move surf\n>p1 switch 3\n>p1 switch 5\n>p1 move terastarstorm\n>p2 move knockoff\n>p1 move terastarstorm\n>p2 move surf\n>p2 switch 3\n>p1 move terastarstorm\n>p2 move bravebird\n>p1 switch 6\n>p2 move bravebird\n>p1 move headsmash\n>p2 move knockoff\n>p2 switch 5\n>p1 move headsmash terastallize\n>p2 move closecombat\n>p2 switch 2\n>p1 move headsmash\n>p2 move flareblitz\n>p1 switch 2\n>p1 move calmmind\n>p2 move dragondance\n>p1 move shadowball\n>p2 move flareblitz\n>chat \u2606Emkatt|literally unplayable\n>forcelose p1", "uploadtime": 1782864448, "views": 5, "formatid": "gen9randombattle", "rating": 2264, "private": 0, "password": null, "player_dets": [{"name": "Emkatt", "avatar": "acetrainer-gen2", "rating": 2277, "seed": "sodium,48d5ef6b5143b08f2721cf2533cd11e3"}, {"name": "milkreo", "avatar": "266", "rating": 2408, "seed": "sodium,f248af88ba4764055cb030d31f7d8354"}], "teams_full": [{"Terapagos": {"name": "Terapagos", "species": "Terapagos", "speciesId": "terapagos", "gender": "F", "shiny": false, "level": 77, "moves": ["terastarstorm", "rest", "darkpulse", "calmmind"], "ability": "Tera Shift", "evs": {"hp": 85, "atk": 0, "def": 85, "spa": 85, "spd": 85, "spe": 85}, "ivs": {"hp": 31, "atk": 0, "def": 31, "spa": 31, "spd": 31, "spe": 31}, "item": "Chesto Berry", "teraType": "Stellar", "role": "Setup Sweeper", "bvs": {"hp": 90, "atk": 65, "def": 85, "spa": 65, "spd": 85, "spe": 60}, "stats": {"hp": 265, "atk": 105, "def": 175, "spa": 145, "spd": 175, "spe": 137}, "types": ["Normal"]}, "Incineroar": {"name": "Incineroar", "species": "Incineroar", "speciesId": "incineroar", "gender": "F", "shiny": false, "level": 82, "moves": ["flareblitz", "knockoff", "trailblaze", "swordsdance"], "ability": "Intimidate", "evs": {"hp": 85, "atk": 85, "def": 85, "spa": 85, "spd": 85, "spe": 85}, "ivs": {"hp": 31, "atk": 31, "def": 31, "spa": 31, "spd": 31, "spe": 31}, "item": "Heavy-Duty Boots", "teraType": "Grass", "role": "Setup Sweeper", "bvs": {"hp": 95, "atk": 115, "def": 90, "spa": 80, "spd": 90, "spe": 60}, "stats": {"hp": 290, "atk": 236, "def": 195, "spa": 178, "spd": 195, "spe": 146}, "types": ["Fire", "Dark"]}, "Forretress": {"name": "Forretress", "species": "Forretress", "speciesId": "forretress", "gender": "M", "shiny": false, "level": 84, "moves": ["spikes", "rapidspin", "stealthrock", "ironhead"], "ability": "Sturdy", "evs": {"hp": 85, "atk": 85, "def": 85, "spa": 85, "spd": 85, "spe": 85}, "ivs": {"hp": 31, "atk": 31, "def": 31, "spa": 31, "spd": 31, "spe": 31}, "item": "Leftovers", "teraType": "Water", "role": "Bulky Support", "bvs": {"hp": 75, "atk": 90, "def": 140, "spa": 60, "spd": 60, "spe": 40}, "stats": {"hp": 263, "atk": 199, "def": 283, "spa": 149, "spd": 149, "spe": 115}, "types": ["Bug", "Steel"]}, "Talonflame": {"name": "Talonflame", "species": "Talonflame", "speciesId": "talonflame", "gender": "M", "shiny": false, "level": 83, "moves": ["roost", "uturn", "bravebird", "overheat"], "ability": "Flame Body", "evs": {"hp": 85, "atk": 85, "def": 85, "spa": 85, "spd": 85, "spe": 85}, "ivs": {"hp": 31, "atk": 31, "def": 31, "spa": 31, "spd": 31, "spe": 31}, "item": "Heavy-Duty Boots", "teraType": "Ground", "role": "Bulky Attacker", "bvs": {"hp": 78, "atk": 81, "def": 71, "spa": 74, "spd": 69, "spe": 126}, "stats": {"hp": 265, "atk": 182, "def": 166, "spa": 171, "spd": 162, "spe": 257}, "types": ["Fire", "Flying"]}, "Sudowoodo": {"name": "Sudowoodo", "species": "Sudowoodo", "speciesId": "sudowoodo", "gender": "F", "shiny": false, "level": 94, "moves": ["headsmash", "woodhammer", "suckerpunch", "earthquake"], "ability": "Rock Head", "evs": {"hp": 85, "atk": 85, "def": 85, "spa": 85, "spd": 85, "spe": 85}, "ivs": {"hp": 31, "atk": 31, "def": 31, "spa": 31, "spd": 31, "spe": 31}, "item": "Choice Band", "teraType": "Grass", "role": "Bulky Attacker", "bvs": {"hp": 70, "atk": 100, "def": 115, "spa": 30, "spd": 65, "spe": 30}, "stats": {"hp": 284, "atk": 241, "def": 270, "spa": 110, "spd": 176, "spe": 110}, "types": ["Rock"]}, "Misdreavus": {"name": "Misdreavus", "species": "Misdreavus", "speciesId": "misdreavus", "gender": "F", "shiny": false, "level": 90, "moves": ["calmmind", "willowisp", "drainingkiss", "shadowball"], "ability": "Levitate", "evs": {"hp": 85, "atk": 0, "def": 85, "spa": 85, "spd": 85, "spe": 85}, "ivs": {"hp": 31, "atk": 0, "def": 31, "spa": 31, "spd": 31, "spe": 31}, "item": "Eviolite", "teraType": "Fairy", "role": "Bulky Setup", "bvs": {"hp": 60, "atk": 60, "def": 60, "spa": 85, "spd": 85, "spe": 85}, "stats": {"hp": 254, "atk": 113, "def": 159, "spa": 204, "spd": 204, "spe": 204}, "types": ["Ghost"]}}, {"Reshiram": {"name": "Reshiram", "species": "Reshiram", "speciesId": "reshiram", "gender": "N", "shiny": false, "level": 76, "moves": ["stoneedge", "flareblitz", "outrage", "dragondance"], "ability": "Turboblaze", "evs": {"hp": 85, "atk": 85, "def": 85, "spa": 85, "spd": 85, "spe": 85}, "ivs": {"hp": 31, "atk": 31, "def": 31, "spa": 31, "spd": 31, "spe": 31}, "item": "Heavy-Duty Boots", "teraType": "Dragon", "role": "Setup Sweeper", "bvs": {"hp": 100, "atk": 120, "def": 100, "spa": 150, "spd": 120, "spe": 90}, "stats": {"hp": 277, "atk": 226, "def": 196, "spa": 272, "spd": 226, "spe": 181}, "types": ["Dragon", "Fire"]}, "Arboliva": {"name": "Arboliva", "species": "Arboliva", "speciesId": "arboliva", "gender": "M", "shiny": false, "level": 91, "moves": ["hypervoice", "energyball", "earthpower", "strengthsap"], "ability": "Seed Sower", "evs": {"hp": 85, "atk": 0, "def": 85, "spa": 85, "spd": 85, "spe": 85}, "ivs": {"hp": 31, "atk": 0, "def": 31, "spa": 31, "spd": 31, "spe": 31}, "item": "Leftovers", "teraType": "Poison", "role": "Bulky Attacker", "bvs": {"hp": 78, "atk": 69, "def": 90, "spa": 125, "spd": 109, "spe": 39}, "stats": {"hp": 290, "atk": 130, "def": 216, "spa": 279, "spd": 250, "spe": 123}, "types": ["Grass", "Normal"]}, "Mandibuzz": {"name": "Mandibuzz", "species": "Mandibuzz", "speciesId": "mandibuzz", "gender": "F", "shiny": false, "level": 85, "moves": ["roost", "bravebird", "defog", "knockoff"], "ability": "Overcoat", "evs": {"hp": 85, "atk": 85, "def": 85, "spa": 85, "spd": 85, "spe": 85}, "ivs": {"hp": 31, "atk": 31, "def": 31, "spa": 31, "spd": 31, "spe": 31}, "item": "Heavy-Duty Boots", "teraType": "Steel", "role": "Bulky Attacker", "bvs": {"hp": 110, "atk": 65, "def": 105, "spa": 55, "spd": 95, "spe": 80}, "stats": {"hp": 326, "atk": 159, "def": 227, "spa": 142, "spd": 210, "spe": 185}, "types": ["Dark", "Flying"]}, "Pachirisu": {"name": "Pachirisu", "species": "Pachirisu", "speciesId": "pachirisu", "gender": "F", "shiny": false, "level": 96, "moves": ["encore", "uturn", "superfang", "discharge"], "ability": "Volt Absorb", "evs": {"hp": 85, "atk": 85, "def": 85, "spa": 85, "spd": 85, "spe": 85}, "ivs": {"hp": 31, "atk": 31, "def": 31, "spa": 31, "spd": 31, "spe": 31}, "item": "Heavy-Duty Boots", "teraType": "Flying", "role": "Fast Support", "bvs": {"hp": 60, "atk": 45, "def": 70, "spa": 45, "spd": 90, "spe": 95}, "stats": {"hp": 271, "atk": 141, "def": 189, "spa": 141, "spd": 227, "spe": 237}, "types": ["Electric"]}, "Dewgong": {"name": "Dewgong", "species": "Dewgong", "speciesId": "dewgong", "gender": "F", "shiny": false, "level": 94, "moves": ["knockoff", "tripleaxel", "encore", "surf"], "ability": "Thick Fat", "evs": {"hp": 85, "atk": 85, "def": 85, "spa": 85, "spd": 85, "spe": 85}, "ivs": {"hp": 31, "atk": 31, "def": 31, "spa": 31, "spd": 31, "spe": 31}, "item": "Heavy-Duty Boots", "teraType": "Steel", "role": "Bulky Attacker", "bvs": {"hp": 90, "atk": 70, "def": 80, "spa": 70, "spd": 95, "spe": 70}, "stats": {"hp": 322, "atk": 185, "def": 204, "spa": 185, "spd": 232, "spe": 185}, "types": ["Water", "Ice"]}, "Emboar": {"name": "Emboar", "species": "Emboar", "speciesId": "emboar", "gender": "M", "shiny": false, "level": 84, "moves": ["closecombat", "flareblitz", "knockoff", "scald"], "ability": "Reckless", "evs": {"hp": 85, "atk": 85, "def": 85, "spa": 85, "spd": 85, "spe": 85}, "ivs": {"hp": 31, "atk": 31, "def": 31, "spa": 31, "spd": 31, "spe": 31}, "item": "Assault Vest", "teraType": "Water", "role": "AV Pivot", "bvs": {"hp": 110, "atk": 123, "def": 65, "spa": 100, "spd": 65, "spe": 65}, "stats": {"hp": 322, "atk": 255, "def": 157, "spa": 216, "spd": 157, "spe": 157}, "types": ["Fire", "Fighting"]}}]}