{"id": "gen9randombattle-2642056078", "format": "[Gen 9] Random Battle", "players": ["jnpr010334", "no rizz kid"], "log": "|j|\u2606jnpr010334\n|j|\u2606no rizz kid\n|t:|1782880647\n|gametype|singles\n|player|p1|jnpr010334|265|1602\n|player|p2|no rizz kid|swimmerf|1627\n|gen|9\n|tier|[Gen 9] Random Battle\n|rated|\n|rule|Species Clause: Limit one of each Pok\u00e9mon\n|rule|HP Percentage Mod: HP is shown in percentages\n|rule|Sleep Clause Mod: Limit one foe put to sleep\n|rule|Illusion Level Mod: Illusion disguises the Pok\u00e9mon's true level\n|\n|t:|1782880647\n|teamsize|p1|6\n|teamsize|p2|6\n|start\n|switch|p1a: Arceus|Arceus-Fighting, L70|284/284\n|switch|p2a: Deoxys|Deoxys-Attack, L72|191/191\n|-ability|p2a: Deoxys|Pressure\n|turn|1\n|\n|t:|1782880653\n|switch|p1a: Hypno|Hypno, L95, F|315/315\n|move|p2a: Deoxys|Psycho Boost|p1a: Hypno\n|-resisted|p1a: Hypno\n|-damage|p1a: Hypno|237/315\n|-unboost|p2a: Deoxys|spa|2\n|-damage|p2a: Deoxys|172/191|[from] item: Life Orb\n|\n|-heal|p1a: Hypno|256/315|[from] item: Leftovers\n|upkeep\n|turn|2\n|inactive|Battle timer is ON: inactive players will automatically lose when time's up. (requested by jnpr010334)\n|\n|t:|1782880658\n|move|p2a: Deoxys|Knock Off|p1a: Hypno\n|-supereffective|p1a: Hypno\n|-damage|p1a: Hypno|12/315\n|-enditem|p1a: Hypno|Leftovers|[from] move: Knock Off|[of] p2a: Deoxys\n|-damage|p2a: Deoxys|153/191|[from] item: Life Orb\n|move|p1a: Hypno|Knock Off|p2a: Deoxys\n|-supereffective|p2a: Deoxys\n|-damage|p2a: Deoxys|0 fnt\n|-enditem|p2a: Deoxys|Life Orb|[from] move: Knock Off|[of] p1a: Hypno\n|faint|p2a: Deoxys\n|\n|upkeep\n|\n|t:|1782880662\n|switch|p2a: Houndoom|Houndoom, L87, F|272/272\n|turn|3\n|\n|t:|1782880666\n|move|p2a: Houndoom|Dark Pulse|p1a: Hypno\n|-supereffective|p1a: Hypno\n|-damage|p1a: Hypno|0 fnt\n|faint|p1a: Hypno\n|\n|upkeep\n|\n|t:|1782880668\n|switch|p1a: Palkia|Palkia, L75|259/259\n|-ability|p1a: Palkia|Pressure\n|turn|4\n|\n|t:|1782880676\n|switch|p2a: Chesnaught|Chesnaught, L84, M|285/285\n|move|p1a: Palkia|Thunder Wave|p2a: Chesnaught\n|-status|p2a: Chesnaught|par\n|\n|upkeep\n|turn|5\n|\n|t:|1782880681\n|switch|p1a: Chimecho|Chimecho, L93, M|290/290\n|move|p2a: Chesnaught|Iron Defense|p2a: Chesnaught\n|-boost|p2a: Chesnaught|def|2\n|\n|upkeep\n|turn|6\n|\n|t:|1782880685\n|switch|p2a: Houndoom|Houndoom, L87, F|272/272\n|move|p1a: Chimecho|Calm Mind|p1a: Chimecho\n|-boost|p1a: Chimecho|spa|1\n|-boost|p1a: Chimecho|spd|1\n|\n|upkeep\n|turn|7\n|\n|t:|1782880688\n|switch|p1a: Palkia|Palkia, L75|259/259\n|-ability|p1a: Palkia|Pressure\n|move|p2a: Houndoom|Nasty Plot|p2a: Houndoom\n|-boost|p2a: Houndoom|spa|2\n|\n|upkeep\n|turn|8\n|\n|t:|1782880692\n|-terastallize|p2a: Houndoom|Poison\n|move|p2a: Houndoom|Sludge Bomb|p1a: Palkia\n|-damage|p1a: Palkia|55/259\n|move|p1a: Palkia|Thunder Wave|p2a: Houndoom\n|-status|p2a: Houndoom|par\n|\n|upkeep\n|turn|9\n|\n|t:|1782880698\n|move|p1a: Palkia|Draco Meteor|p2a: Houndoom\n|-damage|p2a: Houndoom|88/272 par\n|-unboost|p1a: Palkia|spa|2\n|move|p2a: Houndoom|Sludge Bomb|p1a: Palkia\n|-damage|p1a: Palkia|0 fnt\n|faint|p1a: Palkia\n|\n|upkeep\n|\n|t:|1782880702\n|switch|p1a: Zacian|Zacian, L69|241/241\n|-ability|p1a: Zacian|Intrepid Sword|boost\n|-boost|p1a: Zacian|atk|1\n|turn|10\n|\n|t:|1782880708\n|move|p1a: Zacian|Psychic Fangs|p2a: Houndoom\n|-supereffective|p2a: Houndoom\n|-damage|p2a: Houndoom|0 fnt\n|faint|p2a: Houndoom\n|\n|upkeep\n|\n|t:|1782880725\n|switch|p2a: Landorus|Landorus, L75, M|257/257\n|turn|11\n|\n|t:|1782880728\n|switch|p1a: Avalugg|Avalugg, L88, F|310/310\n|move|p2a: Landorus|Sludge Wave|p1a: Avalugg\n|-damage|p1a: Avalugg|154/310\n|\n|upkeep\n|turn|12\n|\n|t:|1782880735\n|move|p2a: Landorus|Earth Power|p1a: Avalugg\n|-damage|p1a: Avalugg|0 fnt\n|faint|p1a: Avalugg\n|\n|upkeep\n|\n|t:|1782880736\n|switch|p1a: Chimecho|Chimecho, L93, M|290/290\n|turn|13\n|\n|t:|1782880746\n|move|p2a: Landorus|Sludge Wave|p1a: Chimecho\n|-damage|p1a: Chimecho|189/290\n|move|p1a: Chimecho|Calm Mind|p1a: Chimecho\n|-boost|p1a: Chimecho|spa|1\n|-boost|p1a: Chimecho|spd|1\n|\n|-heal|p1a: Chimecho|207/290|[from] item: Leftovers\n|upkeep\n|turn|14\n|\n|t:|1782880750\n|move|p2a: Landorus|Rock Slide|p1a: Chimecho\n|-damage|p1a: Chimecho|117/290\n|move|p1a: Chimecho|Calm Mind|p1a: Chimecho\n|-boost|p1a: Chimecho|spa|1\n|-boost|p1a: Chimecho|spd|1\n|\n|-heal|p1a: Chimecho|135/290|[from] item: Leftovers\n|upkeep\n|turn|15\n|\n|t:|1782880759\n|switch|p2a: Maushold|Maushold-Four, L76|238/238\n|move|p1a: Chimecho|Recover|p1a: Chimecho\n|-heal|p1a: Chimecho|280/290\n|\n|-heal|p1a: Chimecho|290/290|[from] item: Leftovers\n|upkeep\n|turn|16\n|\n|t:|1782880763\n|-terastallize|p1a: Chimecho|Fairy\n|move|p2a: Maushold|Encore|p1a: Chimecho\n|-start|p1a: Chimecho|Encore\n|move|p1a: Chimecho|Recover||[still]\n|-fail|p1a: Chimecho|heal\n|\n|upkeep\n|turn|17\n|\n|t:|1782880768\n|move|p2a: Maushold|Tidy Up|p2a: Maushold\n|-boost|p2a: Maushold|atk|1\n|-boost|p2a: Maushold|spe|1\n|move|p1a: Chimecho|Recover||[still]\n|-fail|p1a: Chimecho|heal\n|\n|upkeep\n|turn|18\n|\n|t:|1782880775\n|move|p2a: Maushold|Tidy Up|p2a: Maushold\n|-boost|p2a: Maushold|atk|1\n|-boost|p2a: Maushold|spe|1\n|move|p1a: Chimecho|Recover||[still]\n|-fail|p1a: Chimecho|heal\n|\n|-end|p1a: Chimecho|Encore\n|upkeep\n|turn|19\n|\n|t:|1782880778\n|move|p2a: Maushold|Population Bomb|p1a: Chimecho\n|-damage|p1a: Chimecho|248/290\n|-damage|p1a: Chimecho|202/290\n|-damage|p1a: Chimecho|159/290\n|-damage|p1a: Chimecho|117/290\n|-damage|p1a: Chimecho|72/290\n|-damage|p1a: Chimecho|26/290\n|-damage|p1a: Chimecho|0 fnt\n|faint|p1a: Chimecho\n|-hitcount|p1: Chimecho|7\n|\n|upkeep\n|\n|t:|1782880780\n|switch|p1a: Arceus|Arceus-Fighting, L70|284/284\n|turn|20\n|\n|t:|1782880790\n|move|p2a: Maushold|Population Bomb|p1a: Arceus\n|-damage|p1a: Arceus|242/284\n|-damage|p1a: Arceus|203/284\n|-damage|p1a: Arceus|161/284\n|-crit|p1a: Arceus\n|-damage|p1a: Arceus|94/284\n|-damage|p1a: Arceus|54/284\n|-damage|p1a: Arceus|15/284\n|-damage|p1a: Arceus|0 fnt\n|faint|p1a: Arceus\n|-hitcount|p1: Arceus|7\n|\n|upkeep\n|\n|t:|1782880792\n|switch|p1a: Zacian|Zacian, L69|241/241\n|turn|21\n|\n|t:|1782880801\n|move|p2a: Maushold|Population Bomb|p1a: Zacian\n|-damage|p1a: Zacian|193/241\n|-damage|p1a: Zacian|148/241\n|-damage|p1a: Zacian|105/241\n|-damage|p1a: Zacian|63/241\n|-damage|p1a: Zacian|18/241\n|-damage|p1a: Zacian|0 fnt\n|faint|p1a: Zacian\n|-hitcount|p1: Zacian|6\n|\n|win|no rizz kid\n|raw|jnpr010334's rating: 1580 &rarr; <strong>1563</strong><br />(-17 for losing)\n|raw|no rizz kid's rating: 1627 &rarr; <strong>1644</strong><br />(+17 for winning)\n", "inputlog": ">version f8ac14003a5f27e1bdc8d8c59608a773c1cb96e5\n>start {\"formatid\":\"gen9randombattle\",\"seed\":\"sodium,bcabb9818deb7339b3eb950957fdd459\",\"rated\":\"Rated battle\"}\n>player p1 {\"name\":\"jnpr010334\",\"avatar\":\"265\",\"rating\":1602,\"seed\":\"sodium,e7f82fd17dd66d5ece4e8e0c81e7def8\"}\n>player p2 {\"name\":\"no rizz kid\",\"avatar\":\"swimmerf\",\"rating\":1627,\"seed\":\"sodium,b9846b485ac1ab210ec66f49b88e0fb8\"}\n>p1 switch 4\n>p2 move psychoboost\n>p1 move knockoff\n>p2 move knockoff\n>p2 switch 5\n>p1 move thunderwave\n>p2 move darkpulse\n>p1 switch 2\n>p1 move thunderwave\n>p2 switch 4\n>p1 switch 6\n>p2 move irondefense\n>p1 move calmmind\n>p2 switch 4\n>p1 switch 6\n>p2 move nastyplot\n>p1 move thunderwave\n>p2 move sludgebomb terastallize\n>p1 move dracometeor\n>p2 move sludgebomb\n>p1 switch 3\n>p1 move psychicfangs\n>p2 move sludgebomb\n>p2 switch 6\n>p1 switch 5\n>p2 move sludgewave\n>p1 move avalanche\n>p2 move earthpower\n>p1 switch 6\n>p1 move calmmind\n>p2 move sludgewave\n>p1 move calmmind\n>p2 move rockslide\n>p1 move recover\n>p2 switch 3\n>p1 move dazzlinggleam terastallize\n>p2 move encore\n>p1 move recover\n>p2 move tidyup\n>p1 move recover\n>p2 move tidyup\n>p1 move dazzlinggleam\n>p2 move populationbomb\n>p1 switch 4\n>p1 move bodypress\n>p2 move populationbomb\n>p1 switch 5\n>p1 move closecombat\n>p2 move populationbomb", "uploadtime": 1782880801, "views": 3, "formatid": "gen9randombattle", "rating": 1563, "private": 0, "password": null, "player_dets": [{"name": "jnpr010334", "avatar": "265", "rating": 1602, "seed": "sodium,e7f82fd17dd66d5ece4e8e0c81e7def8"}, {"name": "no rizz kid", "avatar": "swimmerf", "rating": 1627, "seed": "sodium,b9846b485ac1ab210ec66f49b88e0fb8"}], "teams_full": [{"Arceus": {"name": "Arceus", "species": "Arceus-Fighting", "speciesId": "arceusfighting", "gender": "N", "shiny": false, "level": 70, "moves": ["storedpower", "cosmicpower", "recover", "bodypress"], "ability": "Multitype", "evs": {"hp": 85, "atk": 0, "def": 85, "spa": 85, "spd": 85, "spe": 85}, "ivs": {"hp": 31, "atk": 0, "def": 31, "spa": 31, "spd": 31, "spe": 31}, "item": "Fist Plate", "teraType": "Steel", "role": "Fast Bulky Setup", "bvs": {"hp": 120, "atk": 120, "def": 120, "spa": 120, "spd": 120, "spe": 120}, "stats": {"hp": 284, "atk": 173, "def": 209, "spa": 209, "spd": 209, "spe": 209}, "types": ["Fighting"]}, "Palkia": {"name": "Palkia", "species": "Palkia", "speciesId": "palkia", "gender": "N", "shiny": false, "level": 75, "moves": ["dracometeor", "hydropump", "thunderwave", "fireblast"], "ability": "Pressure", "evs": {"hp": 85, "atk": 0, "def": 85, "spa": 85, "spd": 85, "spe": 85}, "ivs": {"hp": 31, "atk": 0, "def": 31, "spa": 31, "spd": 31, "spe": 31}, "item": "Lustrous Orb", "teraType": "Fire", "role": "Bulky Attacker", "bvs": {"hp": 90, "atk": 120, "def": 100, "spa": 150, "spd": 120, "spe": 100}, "stats": {"hp": 259, "atk": 185, "def": 194, "spa": 269, "spd": 224, "spe": 194}, "types": ["Water", "Dragon"]}, "Zacian": {"name": "Zacian", "species": "Zacian", "speciesId": "zacian", "gender": "N", "shiny": false, "level": 69, "moves": ["playrough", "crunch", "closecombat", "psychicfangs"], "ability": "Intrepid Sword", "evs": {"hp": 85, "atk": 85, "def": 85, "spa": 85, "spd": 85, "spe": 85}, "ivs": {"hp": 31, "atk": 31, "def": 31, "spa": 31, "spd": 31, "spe": 31}, "item": "Choice Band", "teraType": "Fighting", "role": "Fast Attacker", "bvs": {"hp": 92, "atk": 120, "def": 115, "spa": 80, "spd": 115, "spe": 138}, "stats": {"hp": 241, "atk": 206, "def": 199, "spa": 151, "spd": 199, "spe": 231}, "types": ["Fairy"]}, "Hypno": {"name": "Hypno", "species": "Hypno", "speciesId": "hypno", "gender": "F", "shiny": false, "level": 95, "moves": ["knockoff", "thunderwave", "psychicnoise", "encore"], "ability": "Insomnia", "evs": {"hp": 85, "atk": 85, "def": 85, "spa": 85, "spd": 85, "spe": 85}, "ivs": {"hp": 31, "atk": 31, "def": 31, "spa": 31, "spd": 31, "spe": 31}, "item": "Leftovers", "teraType": "Fairy", "role": "Bulky Support", "bvs": {"hp": 85, "atk": 73, "def": 70, "spa": 73, "spd": 115, "spe": 67}, "stats": {"hp": 315, "atk": 193, "def": 187, "spa": 193, "spd": 272, "spe": 181}, "types": ["Psychic"]}, "Avalugg": {"name": "Avalugg", "species": "Avalugg", "speciesId": "avalugg", "gender": "F", "shiny": false, "level": 88, "moves": ["avalanche", "recover", "rapidspin", "bodypress"], "ability": "Sturdy", "evs": {"hp": 85, "atk": 85, "def": 85, "spa": 85, "spd": 85, "spe": 85}, "ivs": {"hp": 31, "atk": 31, "def": 31, "spa": 31, "spd": 31, "spe": 31}, "item": "Heavy-Duty Boots", "teraType": "Fighting", "role": "Bulky Support", "bvs": {"hp": 95, "atk": 117, "def": 184, "spa": 44, "spd": 46, "spe": 28}, "stats": {"hp": 310, "atk": 256, "def": 374, "spa": 128, "spd": 131, "spe": 100}, "types": ["Ice"]}, "Chimecho": {"name": "Chimecho", "species": "Chimecho", "speciesId": "chimecho", "gender": "M", "shiny": false, "level": 93, "moves": ["dazzlinggleam", "psychicnoise", "calmmind", "recover"], "ability": "Levitate", "evs": {"hp": 85, "atk": 0, "def": 85, "spa": 85, "spd": 85, "spe": 85}, "ivs": {"hp": 31, "atk": 0, "def": 31, "spa": 31, "spd": 31, "spe": 31}, "item": "Leftovers", "teraType": "Fairy", "role": "Bulky Setup", "bvs": {"hp": 75, "atk": 50, "def": 80, "spa": 95, "spd": 90, "spe": 65}, "stats": {"hp": 290, "atk": 98, "def": 202, "spa": 230, "spd": 220, "spe": 174}, "types": ["Psychic"]}}, {"Deoxys": {"name": "Deoxys", "species": "Deoxys-Attack", "speciesId": "deoxysattack", "gender": "N", "shiny": false, "level": 72, "moves": ["knockoff", "icebeam", "superpower", "psychoboost"], "ability": "Pressure", "evs": {"hp": 85, "atk": 85, "def": 85, "spa": 85, "spd": 85, "spe": 85}, "ivs": {"hp": 31, "atk": 31, "def": 31, "spa": 31, "spd": 31, "spe": 31}, "item": "Life Orb", "teraType": "Dark", "role": "Wallbreaker", "bvs": {"hp": 50, "atk": 180, "def": 20, "spa": 180, "spd": 20, "spe": 150}, "stats": {"hp": 191, "atk": 301, "def": 71, "spa": 301, "spd": 71, "spe": 258}, "types": ["Psychic"]}, "Smeargle": {"name": "Smeargle", "species": "Smeargle", "speciesId": "smeargle", "gender": "M", "shiny": false, "level": 95, "moves": ["populationbomb", "spore", "powertrip", "shellsmash"], "ability": "Technician", "evs": {"hp": 85, "atk": 85, "def": 85, "spa": 85, "spd": 85, "spe": 85}, "ivs": {"hp": 31, "atk": 31, "def": 31, "spa": 31, "spd": 31, "spe": 31}, "item": "Wide Lens", "teraType": "Ghost", "role": "Setup Sweeper", "bvs": {"hp": 55, "atk": 20, "def": 35, "spa": 20, "spd": 45, "spe": 75}, "stats": {"hp": 258, "atk": 92, "def": 120, "spa": 92, "spd": 139, "spe": 196}, "types": ["Normal"]}, "Maushold": {"name": "Maushold", "species": "Maushold-Four", "speciesId": "maushold", "gender": "N", "shiny": false, "level": 76, "moves": ["bite", "tidyup", "encore", "populationbomb"], "ability": "Technician", "evs": {"hp": 85, "atk": 85, "def": 85, "spa": 85, "spd": 85, "spe": 85}, "ivs": {"hp": 31, "atk": 31, "def": 31, "spa": 31, "spd": 31, "spe": 31}, "item": "Wide Lens", "teraType": "Normal", "role": "Setup Sweeper", "bvs": {"hp": 74, "atk": 75, "def": 70, "spa": 65, "spd": 75, "spe": 111}, "stats": {"hp": 238, "atk": 158, "def": 150, "spa": 143, "spd": 158, "spe": 213}, "types": ["Normal"]}, "Chesnaught": {"name": "Chesnaught", "species": "Chesnaught", "speciesId": "chesnaught", "gender": "M", "shiny": false, "level": 84, "moves": ["trailblaze", "irondefense", "bodypress", "synthesis"], "ability": "Bulletproof", "evs": {"hp": 85, "atk": 85, "def": 85, "spa": 85, "spd": 85, "spe": 85}, "ivs": {"hp": 31, "atk": 31, "def": 31, "spa": 31, "spd": 31, "spe": 31}, "item": "Leftovers", "teraType": "Steel", "role": "Fast Bulky Setup", "bvs": {"hp": 88, "atk": 107, "def": 122, "spa": 74, "spd": 75, "spe": 64}, "stats": {"hp": 285, "atk": 228, "def": 253, "spa": 173, "spd": 174, "spe": 156}, "types": ["Grass", "Fighting"]}, "Houndoom": {"name": "Houndoom", "species": "Houndoom", "speciesId": "houndoom", "gender": "F", "shiny": false, "level": 87, "moves": ["fireblast", "darkpulse", "nastyplot", "sludgebomb"], "ability": "Flash Fire", "evs": {"hp": 85, "atk": 0, "def": 85, "spa": 85, "spd": 85, "spe": 85}, "ivs": {"hp": 31, "atk": 0, "def": 31, "spa": 31, "spd": 31, "spe": 31}, "item": "Heavy-Duty Boots", "teraType": "Poison", "role": "Fast Attacker", "bvs": {"hp": 75, "atk": 90, "def": 50, "spa": 110, "spd": 80, "spe": 95}, "stats": {"hp": 272, "atk": 161, "def": 137, "spa": 241, "spd": 189, "spe": 215}, "types": ["Dark", "Fire"]}, "Landorus": {"name": "Landorus", "species": "Landorus", "speciesId": "landorus", "gender": "M", "shiny": false, "level": 75, "moves": ["psychic", "earthpower", "rockslide", "sludgewave"], "ability": "Sheer Force", "evs": {"hp": 85, "atk": 85, "def": 85, "spa": 85, "spd": 85, "spe": 85}, "ivs": {"hp": 31, "atk": 31, "def": 31, "spa": 31, "spd": 31, "spe": 31}, "item": "Life Orb", "teraType": "Poison", "role": "Fast Attacker", "bvs": {"hp": 89, "atk": 125, "def": 90, "spa": 115, "spd": 80, "spe": 101}, "stats": {"hp": 257, "atk": 231, "def": 179, "spa": 216, "spd": 164, "spe": 195}, "types": ["Ground", "Flying"]}}]}