{"id": "gen9randombattle-2642021254", "format": "[Gen 9] Random Battle", "players": ["ceezy", "forcemajor14"], "log": "|j|\u2606ceezy\n|j|\u2606forcemajor14\n|t:|1782874563\n|gametype|singles\n|player|p1|ceezy|rika|1996\n|player|p2|forcemajor14|169|1978\n|gen|9\n|tier|[Gen 9] Random Battle\n|rated|\n|rule|Species Clause: Limit one of each Pok\u00e9mon\n|rule|HP Percentage Mod: HP is shown in percentages\n|rule|Sleep Clause Mod: Limit one foe put to sleep\n|rule|Illusion Level Mod: Illusion disguises the Pok\u00e9mon's true level\n|\n|t:|1782874563\n|teamsize|p1|6\n|teamsize|p2|6\n|start\n|switch|p1a: Oinkologne|Oinkologne-F, L92, F|361/361\n|switch|p2a: Avalugg|Avalugg, L88, M|310/310\n|turn|1\n|inactive|Battle timer is ON: inactive players will automatically lose when time's up. (requested by forcemajor14)\n|\n|t:|1782874573\n|switch|p1a: Tentacruel|Tentacruel, L84, F|272/272\n|move|p2a: Avalugg|Body Press|p1a: Tentacruel\n|-resisted|p1a: Tentacruel\n|-damage|p1a: Tentacruel|209/272\n|\n|upkeep\n|turn|2\n|\n|t:|1782874576\n|switch|p2a: Grafaiai|Grafaiai, L86, M|249/249\n|move|p1a: Tentacruel|Knock Off|p2a: Grafaiai\n|-damage|p2a: Grafaiai|182/249\n|-enditem|p2a: Grafaiai|Life Orb|[from] move: Knock Off|[of] p1a: Tentacruel\n|\n|upkeep\n|turn|3\n|\n|t:|1782874595\n|switch|p1a: Oinkologne|Oinkologne-F, L92, F|361/361\n|move|p2a: Grafaiai|Swords Dance|p2a: Grafaiai\n|-boost|p2a: Grafaiai|atk|2\n|\n|upkeep\n|turn|4\n|\n|t:|1782874604\n|move|p2a: Grafaiai|Low Kick|p1a: Oinkologne\n|-supereffective|p1a: Oinkologne\n|-damage|p1a: Oinkologne|67/361\n|-status|p1a: Oinkologne|psn|[from] ability: Poison Touch|[of] p2a: Grafaiai\n|move|p1a: Oinkologne|Body Slam|p2a: Grafaiai\n|-damage|p2a: Grafaiai|52/249\n|\n|-heal|p1a: Oinkologne|89/361 psn|[from] item: Leftovers\n|-damage|p1a: Oinkologne|44/361 psn|[from] psn\n|upkeep\n|turn|5\n|\n|t:|1782874622\n|switch|p1a: Tentacruel|Tentacruel, L84, F|209/272\n|move|p2a: Grafaiai|Knock Off|p1a: Tentacruel\n|-damage|p1a: Tentacruel|38/272\n|-enditem|p1a: Tentacruel|Assault Vest|[from] move: Knock Off|[of] p2a: Grafaiai\n|\n|upkeep\n|turn|6\n|\n|t:|1782874628\n|move|p2a: Grafaiai|Low Kick|p1a: Tentacruel\n|-resisted|p1a: Tentacruel\n|-damage|p1a: Tentacruel|0 fnt\n|faint|p1a: Tentacruel\n|\n|upkeep\n|\n|t:|1782874636\n|switch|p1a: Mimikyu|Mimikyu, L79, M|216/216\n|turn|7\n|\n|t:|1782874640\n|move|p2a: Grafaiai|Gunk Shot|p1a: Mimikyu\n|-activate|p1a: Mimikyu|ability: Disguise\n|-damage|p1a: Mimikyu|216/216\n|detailschange|p1a: Mimikyu|Mimikyu-Busted, L79, M\n|-damage|p1a: Mimikyu|189/216|[from] pokemon: Mimikyu-Busted\n|move|p1a: Mimikyu|Play Rough|p2a: Grafaiai\n|-resisted|p2a: Grafaiai\n|-damage|p2a: Grafaiai|0 fnt\n|faint|p2a: Grafaiai\n|-damage|p1a: Mimikyu|168/216|[from] item: Life Orb\n|\n|upkeep\n|\n|t:|1782874642\n|switch|p2a: Staraptor|Staraptor, L79, M|263/263\n|turn|8\n|\n|t:|1782874651\n|switch|p1a: Eelektross|Eelektross, L87, M|290/290\n|move|p2a: Staraptor|Brave Bird|p1a: Eelektross\n|-resisted|p1a: Eelektross\n|-damage|p1a: Eelektross|171/290\n|-damage|p2a: Staraptor|224/263|[from] Recoil\n|\n|upkeep\n|turn|9\n|\n|t:|1782874659\n|switch|p2a: Lurantis|Lurantis, L87, F|264/264\n|move|p1a: Eelektross|Discharge|p2a: Lurantis\n|-resisted|p2a: Lurantis\n|-damage|p2a: Lurantis|236/264\n|\n|upkeep\n|turn|10\n|\n|t:|1782874662\n|move|p1a: Eelektross|U-turn|p2a: Lurantis\n|-supereffective|p2a: Lurantis\n|-damage|p2a: Lurantis|118/264\n|\n|t:|1782874666\n|switch|p1a: Ninetales|Ninetales, L85, F|263/263|[from] U-turn\n|-weather|SunnyDay|[from] ability: Drought|[of] p1a: Ninetales\n|move|p2a: Lurantis|Superpower|p1a: Ninetales\n|-damage|p1a: Ninetales|150/263\n|-boost|p2a: Lurantis|atk|1\n|-boost|p2a: Lurantis|def|1\n|\n|-weather|SunnyDay|[upkeep]\n|upkeep\n|turn|11\n|\n|t:|1782874670\n|move|p1a: Ninetales|Fire Blast|p2a: Lurantis\n|-supereffective|p2a: Lurantis\n|-damage|p2a: Lurantis|0 fnt\n|faint|p2a: Lurantis\n|\n|-weather|SunnyDay|[upkeep]\n|upkeep\n|\n|t:|1782874671\n|switch|p2a: Latias|Latias, L79, F|256/256\n|turn|12\n|\n|t:|1782874680\n|switch|p1a: Eelektross|Eelektross, L87, M|171/290\n|move|p2a: Latias|Calm Mind|p2a: Latias\n|-boost|p2a: Latias|spa|1\n|-boost|p2a: Latias|spd|1\n|\n|-weather|SunnyDay|[upkeep]\n|upkeep\n|turn|13\n|\n|t:|1782874682\n|move|p2a: Latias|Psyshock|p1a: Eelektross\n|-damage|p1a: Eelektross|27/290\n|move|p1a: Eelektross|Discharge|p2a: Latias\n|-resisted|p2a: Latias\n|-damage|p2a: Latias|230/256\n|\n|-weather|SunnyDay|[upkeep]\n|upkeep\n|turn|14\n|\n|t:|1782874686\n|move|p2a: Latias|Psyshock|p1a: Eelektross\n|-damage|p1a: Eelektross|0 fnt\n|faint|p1a: Eelektross\n|\n|-weather|none\n|upkeep\n|\n|t:|1782874693\n|switch|p1a: Mimikyu|Mimikyu-Busted, L79, M|168/216\n|turn|15\n|\n|t:|1782874702\n|-terastallize|p2a: Latias|Steel\n|move|p2a: Latias|Psyshock|p1a: Mimikyu\n|-damage|p1a: Mimikyu|8/216\n|move|p1a: Mimikyu|Shadow Claw|p2a: Latias\n|-crit|p2a: Latias\n|-damage|p2a: Latias|101/256\n|-damage|p1a: Mimikyu|0 fnt|[from] item: Life Orb\n|faint|p1a: Mimikyu\n|\n|upkeep\n|\n|t:|1782874714\n|switch|p1a: Ninetales|Ninetales, L85, F|150/263\n|-weather|SunnyDay|[from] ability: Drought|[of] p1a: Ninetales\n|turn|16\n|\n|t:|1782874717\n|move|p2a: Latias|Recover|p2a: Latias\n|-heal|p2a: Latias|229/256\n|move|p1a: Ninetales|Fire Blast|p2a: Latias|[miss]\n|-miss|p1a: Ninetales|p2a: Latias\n|\n|-weather|SunnyDay|[upkeep]\n|upkeep\n|turn|17\n|\n|t:|1782874724\n|move|p1a: Ninetales|Fire Blast|p2a: Latias\n|-supereffective|p2a: Latias\n|-damage|p2a: Latias|77/256\n|move|p2a: Latias|Psyshock|p1a: Ninetales\n|-damage|p1a: Ninetales|0 fnt\n|faint|p1a: Ninetales\n|\n|-weather|SunnyDay|[upkeep]\n|upkeep\n|\n|t:|1782874729\n|switch|p1a: Meloetta|Meloetta, L82|298/298\n|turn|18\n|\n|t:|1782874733\n|move|p2a: Latias|Draco Meteor|p1a: Meloetta\n|-damage|p1a: Meloetta|126/298\n|-unboost|p2a: Latias|spa|2\n|move|p1a: Meloetta|Focus Blast|p2a: Latias\n|-supereffective|p2a: Latias\n|-damage|p2a: Latias|0 fnt\n|faint|p2a: Latias\n|\n|-weather|SunnyDay|[upkeep]\n|upkeep\n|\n|t:|1782874734\n|switch|p2a: Hitmonlee|Hitmonlee, L85, M|223/223\n|turn|19\n|\n|t:|1782874738\n|move|p2a: Hitmonlee|High Jump Kick|p1a: Meloetta\n|-damage|p1a: Meloetta|0 fnt\n|faint|p1a: Meloetta\n|\n|-weather|SunnyDay|[upkeep]\n|upkeep\n|\n|t:|1782874740\n|switch|p1a: Oinkologne|Oinkologne-F, L92, F|44/361 psn\n|turn|20\n|\n|t:|1782874742\n|move|p2a: Hitmonlee|High Jump Kick|p1a: Oinkologne|[miss]\n|-miss|p2a: Hitmonlee|p1a: Oinkologne\n|-damage|p2a: Hitmonlee|112/223|[from] highjumpkick\n|move|p1a: Oinkologne|Rest|p1a: Oinkologne\n|-status|p1a: Oinkologne|slp|[from] move: Rest\n|-heal|p1a: Oinkologne|361/361 slp|[silent]\n|\n|-weather|none\n|upkeep\n|turn|21\n|\n|t:|1782874749\n|-terastallize|p1a: Oinkologne|Poison\n|move|p2a: Hitmonlee|High Jump Kick|p1a: Oinkologne\n|-resisted|p1a: Oinkologne\n|-damage|p1a: Oinkologne|190/361 slp\n|cant|p1a: Oinkologne|slp\n|move|p1a: Oinkologne|Sleep Talk|p1a: Oinkologne\n|move|p1a: Oinkologne|Rest||[from] move: Sleep Talk|[still]\n|-fail|p1a: Oinkologne\n|\n|-heal|p1a: Oinkologne|212/361 slp|[from] item: Leftovers\n|upkeep\n|turn|22\n|\n|t:|1782874756\n|move|p2a: Hitmonlee|High Jump Kick|p1a: Oinkologne\n|-resisted|p1a: Oinkologne\n|-damage|p1a: Oinkologne|37/361 slp\n|cant|p1a: Oinkologne|slp\n|move|p1a: Oinkologne|Sleep Talk|p1a: Oinkologne\n|move|p1a: Oinkologne|Rest||[from] move: Sleep Talk|[still]\n|-fail|p1a: Oinkologne\n|\n|-heal|p1a: Oinkologne|59/361 slp|[from] item: Leftovers\n|upkeep\n|turn|23\n|\n|t:|1782874760\n|move|p2a: Hitmonlee|High Jump Kick|p1a: Oinkologne\n|-resisted|p1a: Oinkologne\n|-damage|p1a: Oinkologne|0 fnt\n|faint|p1a: Oinkologne\n|\n|win|forcemajor14\n|raw|ceezy's rating: 1996 &rarr; <strong>1975</strong><br />(-21 for losing)\n|raw|forcemajor14's rating: 1971 &rarr; <strong>1992</strong><br />(+21 for winning)\n", "inputlog": ">version f8ac14003a5f27e1bdc8d8c59608a773c1cb96e5\n>start {\"formatid\":\"gen9randombattle\",\"seed\":\"sodium,a17bb605684fd1996cba9180ab1b0605\",\"rated\":\"Rated battle\"}\n>player p1 {\"name\":\"ceezy\",\"avatar\":\"rika\",\"rating\":1996,\"seed\":\"sodium,f4242829b94c1d7a7dbc3aa7a9f52535\"}\n>player p2 {\"name\":\"forcemajor14\",\"avatar\":\"169\",\"rating\":1978,\"seed\":\"sodium,dd61985ee0ff5f936805c303574c8b2a\"}\n>p1 switch 2\n>p2 move bodypress\n>p1 move knockoff\n>p2 switch 3\n>p1 switch 2\n>p2 move swordsdance\n>p1 move bodyslam\n>p2 move lowkick\n>p1 switch 2\n>p2 move knockoff\n>p1 move rapidspin\n>p2 move lowkick\n>p1 switch 3\n>p1 move playrough\n>p2 move gunkshot\n>p2 switch 2\n>p1 switch 6\n>p2 move bravebird\n>p1 move discharge\n>p2 switch 5\n>p1 move uturn\n>p2 move superpower\n>p1 switch 4\n>p1 move fireblast\n>p2 move superpower\n>p2 switch 4\n>p1 switch 4\n>p2 move calmmind\n>p1 move discharge\n>p2 move psyshock\n>p1 move discharge\n>p2 move psyshock\n>p1 switch 6\n>p1 move shadowclaw\n>p2 move psyshock terastallize\n>p1 switch 4\n>p1 move fireblast\n>p2 move recover\n>p1 move fireblast\n>p2 move psyshock\n>p1 switch 5\n>p1 move focusblast\n>p2 move dracometeor\n>p2 switch 6\n>p1 move focusblast\n>p2 move highjumpkick\n>p1 switch 2\n>p1 move rest\n>p2 move highjumpkick\n>p1 move sleeptalk terastallize\n>p2 move highjumpkick\n>p1 move sleeptalk\n>p2 move highjumpkick\n>p1 move rest\n>p2 move highjumpkick", "uploadtime": 1782874760, "views": 3, "formatid": "gen9randombattle", "rating": 1975, "private": 0, "password": null, "player_dets": [{"name": "ceezy", "avatar": "rika", "rating": 1996, "seed": "sodium,f4242829b94c1d7a7dbc3aa7a9f52535"}, {"name": "forcemajor14", "avatar": "169", "rating": 1978, "seed": "sodium,dd61985ee0ff5f936805c303574c8b2a"}], "teams_full": [{"Oinkologne": {"name": "Oinkologne", "species": "Oinkologne-F", "speciesId": "oinkolognef", "gender": "F", "shiny": false, "level": 92, "moves": ["bodyslam", "rest", "curse", "sleeptalk"], "ability": "Aroma Veil", "evs": {"hp": 85, "atk": 85, "def": 85, "spa": 85, "spd": 85, "spe": 85}, "ivs": {"hp": 31, "atk": 31, "def": 31, "spa": 31, "spd": 31, "spe": 31}, "item": "Leftovers", "teraType": "Poison", "role": "Bulky Support", "bvs": {"hp": 115, "atk": 90, "def": 70, "spa": 59, "spd": 90, "spe": 65}, "stats": {"hp": 361, "atk": 218, "def": 181, "spa": 161, "spd": 218, "spe": 172}, "types": ["Normal"]}, "Tentacruel": {"name": "Tentacruel", "species": "Tentacruel", "speciesId": "tentacruel", "gender": "F", "shiny": false, "level": 84, "moves": ["surf", "rapidspin", "knockoff", "sludgebomb"], "ability": "Liquid Ooze", "evs": {"hp": 85, "atk": 85, "def": 85, "spa": 85, "spd": 85, "spe": 85}, "ivs": {"hp": 31, "atk": 31, "def": 31, "spa": 31, "spd": 31, "spe": 31}, "item": "Assault Vest", "teraType": "Grass", "role": "Bulky Support", "bvs": {"hp": 80, "atk": 70, "def": 65, "spa": 80, "spd": 120, "spe": 100}, "stats": {"hp": 272, "atk": 166, "def": 157, "spa": 183, "spd": 250, "spe": 216}, "types": ["Water", "Poison"]}, "Mimikyu": {"name": "Mimikyu", "species": "Mimikyu", "speciesId": "mimikyu", "gender": "M", "shiny": false, "level": 79, "moves": ["shadowsneak", "playrough", "shadowclaw", "swordsdance"], "ability": "Disguise", "evs": {"hp": 85, "atk": 85, "def": 85, "spa": 85, "spd": 85, "spe": 85}, "ivs": {"hp": 31, "atk": 31, "def": 31, "spa": 31, "spd": 31, "spe": 31}, "item": "Life Orb", "teraType": "Ghost", "role": "Fast Bulky Setup", "bvs": {"hp": 55, "atk": 90, "def": 80, "spa": 50, "spd": 105, "spe": 96}, "stats": {"hp": 216, "atk": 188, "def": 172, "spa": 125, "spd": 211, "spe": 197}, "types": ["Ghost", "Fairy"]}, "Ninetales": {"name": "Ninetales", "species": "Ninetales", "speciesId": "ninetales", "gender": "F", "shiny": false, "level": 85, "moves": ["nastyplot", "solarbeam", "fireblast", "scorchingsands"], "ability": "Drought", "evs": {"hp": 85, "atk": 0, "def": 85, "spa": 85, "spd": 85, "spe": 85}, "ivs": {"hp": 31, "atk": 0, "def": 31, "spa": 31, "spd": 31, "spe": 31}, "item": "Heavy-Duty Boots", "teraType": "Grass", "role": "Setup Sweeper", "bvs": {"hp": 73, "atk": 76, "def": 75, "spa": 81, "spd": 100, "spe": 100}, "stats": {"hp": 263, "atk": 134, "def": 176, "spa": 186, "spd": 219, "spe": 219}, "types": ["Fire"]}, "Meloetta": {"name": "Meloetta", "species": "Meloetta", "speciesId": "meloetta", "gender": "N", "shiny": false, "level": 82, "moves": ["focusblast", "uturn", "psyshock", "hypervoice"], "ability": "Serene Grace", "evs": {"hp": 85, "atk": 85, "def": 85, "spa": 85, "spd": 85, "spe": 85}, "ivs": {"hp": 31, "atk": 31, "def": 31, "spa": 31, "spd": 31, "spe": 31}, "item": "Choice Specs", "teraType": "Normal", "role": "Bulky Attacker", "bvs": {"hp": 100, "atk": 77, "def": 77, "spa": 128, "spd": 128, "spe": 90}, "stats": {"hp": 298, "atk": 173, "def": 173, "spa": 257, "spd": 257, "spe": 195}, "types": ["Normal", "Psychic"]}, "Eelektross": {"name": "Eelektross", "species": "Eelektross", "speciesId": "eelektross", "gender": "M", "shiny": false, "level": 87, "moves": ["gigadrain", "uturn", "closecombat", "discharge"], "ability": "Levitate", "evs": {"hp": 85, "atk": 85, "def": 85, "spa": 85, "spd": 85, "spe": 85}, "ivs": {"hp": 31, "atk": 31, "def": 31, "spa": 31, "spd": 31, "spe": 31}, "item": "Assault Vest", "teraType": "Steel", "role": "AV Pivot", "bvs": {"hp": 85, "atk": 115, "def": 80, "spa": 105, "spd": 80, "spe": 50}, "stats": {"hp": 290, "atk": 250, "def": 189, "spa": 232, "spd": 189, "spe": 137}, "types": ["Electric"]}}, {"Avalugg": {"name": "Avalugg", "species": "Avalugg", "speciesId": "avalugg", "gender": "M", "shiny": false, "level": 88, "moves": ["recover", "rapidspin", "avalanche", "bodypress"], "ability": "Sturdy", "evs": {"hp": 85, "atk": 85, "def": 85, "spa": 85, "spd": 85, "spe": 85}, "ivs": {"hp": 31, "atk": 31, "def": 31, "spa": 31, "spd": 31, "spe": 31}, "item": "Heavy-Duty Boots", "teraType": "Fighting", "role": "Bulky Support", "bvs": {"hp": 95, "atk": 117, "def": 184, "spa": 44, "spd": 46, "spe": 28}, "stats": {"hp": 310, "atk": 256, "def": 374, "spa": 128, "spd": 131, "spe": 100}, "types": ["Ice"]}, "Staraptor": {"name": "Staraptor", "species": "Staraptor", "speciesId": "staraptor", "gender": "M", "shiny": false, "level": 79, "moves": ["quickattack", "closecombat", "uturn", "bravebird"], "ability": "Reckless", "evs": {"hp": 81, "atk": 85, "def": 85, "spa": 85, "spd": 85, "spe": 85}, "ivs": {"hp": 31, "atk": 31, "def": 31, "spa": 31, "spd": 31, "spe": 31}, "item": "Choice Band", "teraType": "Fighting", "role": "Fast Attacker", "bvs": {"hp": 85, "atk": 120, "def": 70, "spa": 50, "spd": 60, "spe": 100}, "stats": {"hp": 263, "atk": 235, "def": 156, "spa": 125, "spd": 140, "spe": 204}, "types": ["Normal", "Flying"]}, "Grafaiai": {"name": "Grafaiai", "species": "Grafaiai", "speciesId": "grafaiai", "gender": "M", "shiny": false, "level": 86, "moves": ["swordsdance", "lowkick", "knockoff", "gunkshot"], "ability": "Poison Touch", "evs": {"hp": 85, "atk": 85, "def": 85, "spa": 85, "spd": 85, "spe": 85}, "ivs": {"hp": 31, "atk": 31, "def": 31, "spa": 31, "spd": 31, "spe": 31}, "item": "Life Orb", "teraType": "Dark", "role": "Setup Sweeper", "bvs": {"hp": 63, "atk": 95, "def": 65, "spa": 80, "spd": 72, "spe": 110}, "stats": {"hp": 249, "atk": 213, "def": 161, "spa": 187, "spd": 173, "spe": 238}, "types": ["Poison", "Normal"]}, "Latias": {"name": "Latias", "species": "Latias", "speciesId": "latias", "gender": "F", "shiny": false, "level": 79, "moves": ["recover", "psyshock", "calmmind", "dracometeor"], "ability": "Levitate", "evs": {"hp": 85, "atk": 0, "def": 85, "spa": 85, "spd": 85, "spe": 85}, "ivs": {"hp": 31, "atk": 0, "def": 31, "spa": 31, "spd": 31, "spe": 31}, "item": "Soul Dew", "teraType": "Steel", "role": "Fast Bulky Setup", "bvs": {"hp": 80, "atk": 80, "def": 90, "spa": 110, "spd": 130, "spe": 110}, "stats": {"hp": 256, "atk": 131, "def": 188, "spa": 219, "spd": 251, "spe": 219}, "types": ["Dragon", "Psychic"]}, "Lurantis": {"name": "Lurantis", "species": "Lurantis", "speciesId": "lurantis", "gender": "F", "shiny": false, "level": 87, "moves": ["leechlife", "leafstorm", "superpower", "knockoff"], "ability": "Contrary", "evs": {"hp": 85, "atk": 85, "def": 85, "spa": 85, "spd": 85, "spe": 85}, "ivs": {"hp": 31, "atk": 31, "def": 31, "spa": 31, "spd": 31, "spe": 31}, "item": "Assault Vest", "teraType": "Water", "role": "AV Pivot", "bvs": {"hp": 70, "atk": 105, "def": 90, "spa": 80, "spd": 90, "spe": 45}, "stats": {"hp": 264, "atk": 232, "def": 206, "spa": 189, "spd": 206, "spe": 128}, "types": ["Grass"]}, "Hitmonlee": {"name": "Hitmonlee", "species": "Hitmonlee", "speciesId": "hitmonlee", "gender": "M", "shiny": false, "level": 85, "moves": ["highjumpkick", "poisonjab", "knockoff", "stoneedge"], "ability": "Reckless", "evs": {"hp": 81, "atk": 85, "def": 85, "spa": 85, "spd": 85, "spe": 85}, "ivs": {"hp": 31, "atk": 31, "def": 31, "spa": 31, "spd": 31, "spe": 31}, "item": "Choice Band", "teraType": "Fighting", "role": "Fast Attacker", "bvs": {"hp": 50, "atk": 120, "def": 53, "spa": 35, "spd": 110, "spe": 87}, "stats": {"hp": 223, "atk": 253, "def": 139, "spa": 108, "spd": 236, "spe": 197}, "types": ["Fighting"]}}]}