{"id": "gen9randombattle-2641986232", "format": "[Gen 9] Random Battle", "players": ["testbotcif", "archaist01"], "log": "|j|\u2606testbotcif\n|j|\u2606archaist01\n|t:|1782869032\n|gametype|singles\n|player|p1|testbotcif|1|1247\n|player|p2|archaist01|skier|1285\n|gen|9\n|tier|[Gen 9] Random Battle\n|rated|\n|rule|Species Clause: Limit one of each Pok\u00e9mon\n|rule|HP Percentage Mod: HP is shown in percentages\n|rule|Sleep Clause Mod: Limit one foe put to sleep\n|rule|Illusion Level Mod: Illusion disguises the Pok\u00e9mon's true level\n|\n|t:|1782869032\n|teamsize|p1|6\n|teamsize|p2|6\n|start\n|switch|p1a: Flutter Mane|Flutter Mane, L74|203/203\n|switch|p2a: Torkoal|Torkoal, L88, M|266/266\n|-weather|SunnyDay|[from] ability: Drought|[of] p2a: Torkoal\n|-activate|p1a: Flutter Mane|ability: Protosynthesis\n|-start|p1a: Flutter Mane|protosynthesisspa\n|turn|1\n|inactive|Battle timer is ON: inactive players will automatically lose when time's up. (requested by testbotcif)\n|c|\u2606testbotcif|rlhf\n|\n|t:|1782869042\n|move|p1a: Flutter Mane|Shadow Ball|p2a: Torkoal\n|-damage|p2a: Torkoal|64/266\n|move|p2a: Torkoal|Solar Beam||[still]\n|-prepare|p2a: Torkoal|Solar Beam\n|-anim|p2a: Torkoal|Solar Beam|p1a: Flutter Mane\n|-damage|p1a: Flutter Mane|137/203\n|\n|-weather|SunnyDay|[upkeep]\n|upkeep\n|turn|2\n|inactive|archaist01 has 120 seconds left.\n|\n|t:|1782869077\n|switch|p2a: Iron Valiant|Iron Valiant, L78|244/244\n|move|p1a: Flutter Mane|Shadow Ball|p2a: Iron Valiant\n|-damage|p2a: Iron Valiant|16/244\n|\n|-weather|SunnyDay|[upkeep]\n|upkeep\n|turn|3\n|inactive|archaist01 has 120 seconds left.\n|\n|t:|1782869087\n|move|p1a: Flutter Mane|Shadow Ball|p2a: Iron Valiant\n|-damage|p2a: Iron Valiant|0 fnt\n|faint|p2a: Iron Valiant\n|-end|p2a: Iron Valiant|Quark Drive|[silent]\n|\n|-weather|SunnyDay|[upkeep]\n|upkeep\n|inactive|archaist01 has 120 seconds left.\n|\n|t:|1782869095\n|switch|p2a: Jumpluff|Jumpluff, L87, M|271/271\n|turn|4\n|inactive|archaist01 has 120 seconds left.\n|\n|t:|1782869107\n|move|p1a: Flutter Mane|Shadow Ball|p2a: Jumpluff\n|-damage|p2a: Jumpluff|127/271\n|move|p2a: Jumpluff|Sleep Powder|p1a: Flutter Mane\n|-status|p1a: Flutter Mane|slp|[from] move: Sleep Powder\n|\n|-weather|SunnyDay|[upkeep]\n|upkeep\n|turn|5\n|\n|t:|1782869112\n|cant|p1a: Flutter Mane|slp\n|move|p2a: Jumpluff|Strength Sap|p1a: Flutter Mane\n|-unboost|p1a: Flutter Mane|atk|1\n|-heal|p2a: Jumpluff|213/271\n|\n|-weather|none\n|-end|p1a: Flutter Mane|Protosynthesis\n|upkeep\n|turn|6\n|\n|t:|1782869115\n|-curestatus|p1a: Flutter Mane|slp|[msg]\n|move|p1a: Flutter Mane|Shadow Ball|p2a: Jumpluff\n|-damage|p2a: Jumpluff|95/271\n|move|p2a: Jumpluff|Acrobatics|p1a: Flutter Mane\n|-damage|p1a: Flutter Mane|14/203\n|\n|upkeep\n|turn|7\n|\n|t:|1782869138\n|move|p1a: Flutter Mane|Shadow Ball|p2a: Jumpluff\n|-damage|p2a: Jumpluff|0 fnt\n|faint|p2a: Jumpluff\n|\n|upkeep\n|\n|t:|1782869147\n|switch|p2a: Torkoal|Torkoal, L88, M|64/266\n|-weather|SunnyDay|[from] ability: Drought|[of] p2a: Torkoal\n|-activate|p1a: Flutter Mane|ability: Protosynthesis\n|-start|p1a: Flutter Mane|protosynthesisspa\n|turn|8\n|\n|t:|1782869149\n|switch|p2a: Kingdra|Kingdra, L84, M|263/263\n|move|p1a: Flutter Mane|Shadow Ball|p2a: Kingdra\n|-damage|p2a: Kingdra|101/263\n|\n|-weather|SunnyDay|[upkeep]\n|upkeep\n|turn|9\n|\n|t:|1782869171\n|move|p1a: Flutter Mane|Shadow Ball|p2a: Kingdra\n|-damage|p2a: Kingdra|0 fnt\n|faint|p2a: Kingdra\n|\n|-weather|SunnyDay|[upkeep]\n|upkeep\n|\n|t:|1782869181\n|switch|p2a: Meowstic|Meowstic, L89, M|277/277\n|turn|10\n|\n|t:|1782869189\n|-terastallize|p2a: Meowstic|Fairy\n|move|p1a: Flutter Mane|Shadow Ball|p2a: Meowstic\n|-damage|p2a: Meowstic|102/277\n|-unboost|p2a: Meowstic|spd|1\n|move|p2a: Meowstic|Alluring Voice|p1a: Flutter Mane\n|-damage|p1a: Flutter Mane|0 fnt\n|faint|p1a: Flutter Mane\n|-end|p1a: Flutter Mane|Protosynthesis|[silent]\n|\n|-weather|SunnyDay|[upkeep]\n|upkeep\n|\n|t:|1782869189\n|switch|p1a: Greedent|Greedent, L86, M|347/347\n|turn|11\n|\n|t:|1782869202\n|move|p2a: Meowstic|Psychic Noise|p1a: Greedent\n|-crit|p1a: Greedent\n|-damage|p1a: Greedent|212/347\n|-start|p1a: Greedent|move: Heal Block\n|move|p1a: Greedent|Swords Dance|p1a: Greedent\n|-boost|p1a: Greedent|atk|2\n|\n|-weather|SunnyDay|[upkeep]\n|upkeep\n|turn|12\n|\n|t:|1782869216\n|move|p2a: Meowstic|Reflect|p2a: Meowstic\n|-sidestart|p2: archaist01|Reflect\n|move|p1a: Greedent|Knock Off|p2a: Meowstic\n|-resisted|p2a: Meowstic\n|-damage|p2a: Meowstic|65/277\n|-enditem|p2a: Meowstic|Light Clay|[from] move: Knock Off|[of] p1a: Greedent\n|\n|-weather|none\n|-end|p1a: Greedent|move: Heal Block\n|upkeep\n|turn|13\n|\n|t:|1782869220\n|move|p2a: Meowstic|Light Screen|p2a: Meowstic\n|-sidestart|p2: archaist01|move: Light Screen\n|move|p1a: Greedent|Knock Off|p2a: Meowstic\n|-resisted|p2a: Meowstic\n|-damage|p2a: Meowstic|40/277\n|\n|upkeep\n|turn|14\n|\n|t:|1782869223\n|move|p2a: Meowstic|Alluring Voice|p1a: Greedent\n|-damage|p1a: Greedent|125/347\n|-enditem|p1a: Greedent|Sitrus Berry|[eat]\n|-heal|p1a: Greedent|211/347|[from] item: Sitrus Berry\n|-heal|p1a: Greedent|326/347|[from] ability: Cheek Pouch\n|move|p1a: Greedent|Earthquake|p2a: Meowstic\n|-damage|p2a: Meowstic|0 fnt\n|faint|p2a: Meowstic\n|\n|upkeep\n|\n|t:|1782869230\n|switch|p2a: Arceus|Arceus-Ghost, L69|280/280\n|turn|15\n|\n|t:|1782869233\n|move|p2a: Arceus|Focus Blast|p1a: Greedent|[miss]\n|-miss|p2a: Arceus|p1a: Greedent\n|move|p1a: Greedent|Knock Off|p2a: Arceus\n|-supereffective|p2a: Arceus\n|-damage|p2a: Arceus|190/280\n|\n|upkeep\n|turn|16\n|\n|t:|1782869236\n|-terastallize|p1a: Greedent|Ghost\n|move|p2a: Arceus|Focus Blast|p1a: Greedent\n|-immune|p1a: Greedent\n|move|p1a: Greedent|Body Slam|p2a: Arceus\n|-immune|p2a: Arceus\n|\n|upkeep\n|turn|17\n|\n|t:|1782869240\n|move|p2a: Arceus|Judgment|p1a: Greedent\n|-supereffective|p1a: Greedent\n|-damage|p1a: Greedent|80/347\n|move|p1a: Greedent|Knock Off|p2a: Arceus\n|-supereffective|p2a: Arceus\n|-damage|p2a: Arceus|107/280\n|\n|-sideend|p2: archaist01|move: Light Screen\n|upkeep\n|turn|18\n|\n|t:|1782869243\n|move|p2a: Arceus|Judgment|p1a: Greedent\n|-supereffective|p1a: Greedent\n|-damage|p1a: Greedent|0 fnt\n|faint|p1a: Greedent\n|\n|upkeep\n|\n|t:|1782869244\n|switch|p1a: Lurantis|Lurantis, L87, F|264/264\n|turn|19\n|\n|t:|1782869250\n|move|p2a: Arceus|Will-O-Wisp|p1a: Lurantis\n|-status|p1a: Lurantis|brn\n|move|p1a: Lurantis|Knock Off|p2a: Arceus\n|-supereffective|p2a: Arceus\n|-damage|p2a: Arceus|82/280\n|\n|-damage|p1a: Lurantis|248/264 brn|[from] brn\n|-sideend|p2: archaist01|Reflect\n|upkeep\n|turn|20\n|\n|t:|1782869256\n|move|p2a: Arceus|Judgment|p1a: Lurantis\n|-damage|p1a: Lurantis|184/264 brn\n|move|p1a: Lurantis|Leaf Storm|p2a: Arceus\n|-damage|p2a: Arceus|0 fnt\n|-boost|p1a: Lurantis|spa|2\n|faint|p2a: Arceus\n|\n|-damage|p1a: Lurantis|168/264 brn|[from] brn\n|upkeep\n|\n|t:|1782869259\n|switch|p2a: Torkoal|Torkoal, L88, M|64/266\n|-weather|SunnyDay|[from] ability: Drought|[of] p2a: Torkoal\n|turn|21\n|\n|t:|1782869264\n|move|p1a: Lurantis|Superpower|p2a: Torkoal\n|-damage|p2a: Torkoal|32/266\n|-boost|p1a: Lurantis|atk|1\n|-boost|p1a: Lurantis|def|1\n|move|p2a: Torkoal|Lava Plume|p1a: Lurantis\n|-supereffective|p1a: Lurantis\n|-damage|p1a: Lurantis|0 fnt\n|faint|p1a: Lurantis\n|\n|-weather|SunnyDay|[upkeep]\n|upkeep\n|\n|t:|1782869264\n|switch|p1a: Mienshao|Mienshao, L83, M|244/244\n|turn|22\n|\n|t:|1782869289\n|move|p1a: Mienshao|Close Combat|p2a: Torkoal\n|-damage|p2a: Torkoal|0 fnt\n|-unboost|p1a: Mienshao|def|1\n|-unboost|p1a: Mienshao|spd|1\n|faint|p2a: Torkoal\n|\n|win|testbotcif\n|raw|testbotcif's rating: 1247 &rarr; <strong>1275</strong><br />(+28 for winning)\n|raw|archaist01's rating: 1285 &rarr; <strong>1257</strong><br />(-28 for losing)\n", "inputlog": ">version f8ac14003a5f27e1bdc8d8c59608a773c1cb96e5\n>start {\"formatid\":\"gen9randombattle\",\"seed\":\"sodium,8a97c43fadf608d0a7f0cb73b4c66420\",\"rated\":\"Rated battle\"}\n>player p1 {\"name\":\"testbotcif\",\"avatar\":\"1\",\"rating\":1247,\"seed\":\"sodium,7bd84025c299b9a05a9ee155d1d40760\"}\n>player p2 {\"name\":\"archaist01\",\"avatar\":\"skier\",\"rating\":1285,\"seed\":\"sodium,2165ed68a90f94222473268d4544f318\"}\n>chat \u2606testbotcif|rlhf\n>p1 move shadowball\n>p2 move solarbeam\n>p1 move shadowball\n>p2 switch 2\n>p1 move shadowball\n>p2 move moonblast\n>p2 switch 4\n>p1 move shadowball\n>p2 move sleeppowder\n>p1 move shadowball\n>p2 move strengthsap\n>p1 move shadowball\n>p2 move acrobatics\n>p1 move shadowball\n>p2 move acrobatics\n>p2 switch 2\n>p1 move shadowball\n>p2 switch 3\n>p1 move shadowball\n>p2 move raindance\n>p2 switch 6\n>p1 move shadowball\n>p2 move alluringvoice terastallize\n>p1 switch 2\n>p1 move swordsdance\n>p2 move psychicnoise\n>p1 move knockoff\n>p2 move reflect\n>p1 move knockoff\n>p2 move lightscreen\n>p1 move earthquake\n>p2 move alluringvoice\n>p2 switch 5\n>p1 move knockoff\n>p2 move focusblast\n>p1 move bodyslam terastallize\n>p2 move focusblast\n>p1 move knockoff\n>p2 move judgment\n>p1 move earthquake\n>p2 move judgment\n>p1 switch 4\n>p1 move knockoff\n>p2 move willowisp\n>p1 move leafstorm\n>p2 move judgment\n>p2 switch 3\n>p1 move superpower\n>p2 move lavaplume\n>p1 switch 5\n>p1 move closecombat\n>p2 move yawn", "uploadtime": 1782869289, "views": 8, "formatid": "gen9randombattle", "rating": 1257, "private": 0, "password": null, "player_dets": [{"name": "testbotcif", "avatar": "1", "rating": 1247, "seed": "sodium,7bd84025c299b9a05a9ee155d1d40760"}, {"name": "archaist01", "avatar": "skier", "rating": 1285, "seed": "sodium,2165ed68a90f94222473268d4544f318"}], "teams_full": [{"Flutter Mane": {"name": "Flutter Mane", "species": "Flutter Mane", "speciesId": "fluttermane", "gender": "N", "shiny": false, "level": 74, "moves": ["moonblast", "thunderbolt", "mysticalfire", "shadowball"], "ability": "Protosynthesis", "evs": {"hp": 85, "atk": 0, "def": 85, "spa": 85, "spd": 85, "spe": 85}, "ivs": {"hp": 31, "atk": 0, "def": 31, "spa": 31, "spd": 31, "spe": 31}, "item": "Choice Specs", "teraType": "Fairy", "role": "Wallbreaker", "bvs": {"hp": 55, "atk": 55, "def": 55, "spa": 135, "spd": 135, "spe": 135}, "stats": {"hp": 203, "atk": 86, "def": 124, "spa": 243, "spd": 243, "spe": 243}, "types": ["Ghost", "Fairy"]}, "Greedent": {"name": "Greedent", "species": "Greedent", "speciesId": "greedent", "gender": "M", "shiny": false, "level": 86, "moves": ["swordsdance", "bodyslam", "knockoff", "earthquake"], "ability": "Cheek Pouch", "evs": {"hp": 85, "atk": 85, "def": 85, "spa": 85, "spd": 85, "spe": 85}, "ivs": {"hp": 31, "atk": 31, "def": 31, "spa": 31, "spd": 31, "spe": 31}, "item": "Sitrus Berry", "teraType": "Ghost", "role": "Bulky Setup", "bvs": {"hp": 120, "atk": 95, "def": 95, "spa": 55, "spd": 75, "spe": 20}, "stats": {"hp": 347, "atk": 213, "def": 213, "spa": 144, "spd": 178, "spe": 84}, "types": ["Normal"]}, "Tropius": {"name": "Tropius", "species": "Tropius", "speciesId": "tropius", "gender": "F", "shiny": false, "level": 91, "moves": ["substitute", "leechseed", "protect", "airslash"], "ability": "Harvest", "evs": {"hp": 85, "atk": 0, "def": 85, "spa": 85, "spd": 85, "spe": 85}, "ivs": {"hp": 31, "atk": 0, "def": 31, "spa": 31, "spd": 31, "spe": 31}, "item": "Sitrus Berry", "teraType": "Steel", "role": "Bulky Support", "bvs": {"hp": 99, "atk": 68, "def": 83, "spa": 72, "spd": 87, "spe": 51}, "stats": {"hp": 328, "atk": 128, "def": 203, "spa": 183, "spd": 210, "spe": 145}, "types": ["Grass", "Flying"]}, "Lurantis": {"name": "Lurantis", "species": "Lurantis", "speciesId": "lurantis", "gender": "F", "shiny": false, "level": 87, "moves": ["leechlife", "superpower", "knockoff", "leafstorm"], "ability": "Contrary", "evs": {"hp": 85, "atk": 85, "def": 85, "spa": 85, "spd": 85, "spe": 85}, "ivs": {"hp": 31, "atk": 31, "def": 31, "spa": 31, "spd": 31, "spe": 31}, "item": "Assault Vest", "teraType": "Water", "role": "AV Pivot", "bvs": {"hp": 70, "atk": 105, "def": 90, "spa": 80, "spd": 90, "spe": 45}, "stats": {"hp": 264, "atk": 232, "def": 206, "spa": 189, "spd": 206, "spe": 128}, "types": ["Grass"]}, "Mienshao": {"name": "Mienshao", "species": "Mienshao", "speciesId": "mienshao", "gender": "M", "shiny": false, "level": 83, "moves": ["closecombat", "uturn", "knockoff", "fakeout"], "ability": "Regenerator", "evs": {"hp": 85, "atk": 85, "def": 85, "spa": 85, "spd": 85, "spe": 85}, "ivs": {"hp": 31, "atk": 31, "def": 31, "spa": 31, "spd": 31, "spe": 31}, "item": "Assault Vest", "teraType": "Steel", "role": "AV Pivot", "bvs": {"hp": 65, "atk": 125, "def": 60, "spa": 95, "spd": 60, "spe": 105}, "stats": {"hp": 244, "atk": 255, "def": 147, "spa": 205, "spd": 147, "spe": 222}, "types": ["Fighting"]}, "Malamar": {"name": "Malamar", "species": "Malamar", "speciesId": "malamar", "gender": "M", "shiny": false, "level": 82, "moves": ["knockoff", "rest", "sleeptalk", "superpower"], "ability": "Contrary", "evs": {"hp": 85, "atk": 85, "def": 85, "spa": 85, "spd": 85, "spe": 85}, "ivs": {"hp": 31, "atk": 31, "def": 31, "spa": 31, "spd": 31, "spe": 31}, "item": "Leftovers", "teraType": "Steel", "role": "Bulky Setup", "bvs": {"hp": 86, "atk": 92, "def": 88, "spa": 68, "spd": 75, "spe": 73}, "stats": {"hp": 275, "atk": 198, "def": 191, "spa": 159, "spd": 170, "spe": 167}, "types": ["Dark", "Psychic"]}}, {"Torkoal": {"name": "Torkoal", "species": "Torkoal", "speciesId": "torkoal", "gender": "M", "shiny": false, "level": 88, "moves": ["lavaplume", "rapidspin", "solarbeam", "yawn"], "ability": "Drought", "evs": {"hp": 85, "atk": 85, "def": 85, "spa": 85, "spd": 85, "spe": 85}, "ivs": {"hp": 31, "atk": 31, "def": 31, "spa": 31, "spd": 31, "spe": 31}, "item": "Heavy-Duty Boots", "teraType": "Grass", "role": "Wallbreaker", "bvs": {"hp": 70, "atk": 85, "def": 140, "spa": 85, "spd": 70, "spe": 20}, "stats": {"hp": 266, "atk": 200, "def": 297, "spa": 200, "spd": 173, "spe": 85}, "types": ["Fire"]}, "Iron Valiant": {"name": "Iron Valiant", "species": "Iron Valiant", "speciesId": "ironvaliant", "gender": "N", "shiny": false, "level": 78, "moves": ["closecombat", "knockoff", "encore", "moonblast"], "ability": "Quark Drive", "evs": {"hp": 85, "atk": 85, "def": 85, "spa": 85, "spd": 85, "spe": 85}, "ivs": {"hp": 31, "atk": 31, "def": 31, "spa": 31, "spd": 31, "spe": 31}, "item": "Life Orb", "teraType": "Fairy", "role": "Wallbreaker", "bvs": {"hp": 74, "atk": 130, "def": 90, "spa": 120, "spd": 60, "spe": 116}, "stats": {"hp": 244, "atk": 248, "def": 185, "spa": 232, "spd": 139, "spe": 226}, "types": ["Fairy", "Fighting"]}, "Kingdra": {"name": "Kingdra", "species": "Kingdra", "speciesId": "kingdra", "gender": "M", "shiny": false, "level": 84, "moves": ["wavecrash", "raindance", "hurricane", "dracometeor"], "ability": "Swift Swim", "evs": {"hp": 85, "atk": 85, "def": 85, "spa": 85, "spd": 85, "spe": 85}, "ivs": {"hp": 31, "atk": 31, "def": 31, "spa": 31, "spd": 31, "spe": 31}, "item": "Life Orb", "teraType": "Water", "role": "Fast Attacker", "bvs": {"hp": 75, "atk": 95, "def": 95, "spa": 95, "spd": 95, "spe": 85}, "stats": {"hp": 263, "atk": 208, "def": 208, "spa": 208, "spd": 208, "spe": 191}, "types": ["Water", "Dragon"]}, "Jumpluff": {"name": "Jumpluff", "species": "Jumpluff", "speciesId": "jumpluff", "gender": "M", "shiny": false, "level": 87, "moves": ["acrobatics", "uturn", "strengthsap", "sleeppowder"], "ability": "Infiltrator", "evs": {"hp": 81, "atk": 85, "def": 85, "spa": 85, "spd": 85, "spe": 85}, "ivs": {"hp": 31, "atk": 31, "def": 31, "spa": 31, "spd": 31, "spe": 31}, "item": "", "teraType": "Steel", "role": "Bulky Attacker", "bvs": {"hp": 75, "atk": 55, "def": 70, "spa": 55, "spd": 95, "spe": 110}, "stats": {"hp": 271, "atk": 145, "def": 172, "spa": 145, "spd": 215, "spe": 241}, "types": ["Grass", "Flying"]}, "Arceus": {"name": "Arceus", "species": "Arceus-Ghost", "speciesId": "arceusghost", "gender": "N", "shiny": false, "level": 69, "moves": ["willowisp", "judgment", "recover", "focusblast"], "ability": "Multitype", "evs": {"hp": 85, "atk": 0, "def": 85, "spa": 85, "spd": 85, "spe": 85}, "ivs": {"hp": 31, "atk": 0, "def": 31, "spa": 31, "spd": 31, "spe": 31}, "item": "Spooky Plate", "teraType": "Dark", "role": "Bulky Attacker", "bvs": {"hp": 120, "atk": 120, "def": 120, "spa": 120, "spd": 120, "spe": 120}, "stats": {"hp": 280, "atk": 170, "def": 206, "spa": 206, "spd": 206, "spe": 206}, "types": ["Ghost"]}, "Meowstic": {"name": "Meowstic", "species": "Meowstic", "speciesId": "meowstic", "gender": "M", "shiny": false, "level": 89, "moves": ["lightscreen", "alluringvoice", "reflect", "psychicnoise"], "ability": "Prankster", "evs": {"hp": 85, "atk": 0, "def": 85, "spa": 85, "spd": 85, "spe": 85}, "ivs": {"hp": 31, "atk": 0, "def": 31, "spa": 31, "spd": 31, "spe": 31}, "item": "Light Clay", "teraType": "Fairy", "role": "Bulky Support", "bvs": {"hp": 74, "atk": 48, "def": 76, "spa": 83, "spd": 81, "spe": 104}, "stats": {"hp": 277, "atk": 90, "def": 186, "spa": 199, "spd": 195, "spe": 236}, "types": ["Psychic"]}}]}