{"id": "gen9randombattle-2642094083", "format": "[Gen 9] Random Battle", "players": ["reaperalpha01", "34UI"], "log": "|j|\u2606reaperalpha01\n|j|\u260634UI\n|t:|1782888571\n|gametype|singles\n|player|p1|reaperalpha01|170|1492\n|player|p2|34UI|swimmer|1471\n|gen|9\n|tier|[Gen 9] Random Battle\n|rated|\n|rule|Species Clause: Limit one of each Pok\u00e9mon\n|rule|HP Percentage Mod: HP is shown in percentages\n|rule|Sleep Clause Mod: Limit one foe put to sleep\n|rule|Illusion Level Mod: Illusion disguises the Pok\u00e9mon's true level\n|\n|t:|1782888571\n|teamsize|p1|6\n|teamsize|p2|6\n|start\n|switch|p1a: Mew|Mew, L82|298/298\n|switch|p2a: Rotom|Rotom-Fan, L86|226/226\n|turn|1\n|inactive|Battle timer is ON: inactive players will automatically lose when time's up. (requested by reaperalpha01)\n|\n|t:|1782888590\n|switch|p1a: Flygon|Flygon, L82, M|265/265\n|move|p2a: Rotom|Thunder Wave|p1a: Flygon\n|-immune|p1a: Flygon\n|\n|upkeep\n|turn|2\n|\n|t:|1782888596\n|move|p1a: Flygon|Dragon Dance|p1a: Flygon\n|-boost|p1a: Flygon|atk|1\n|-boost|p1a: Flygon|spe|1\n|move|p2a: Rotom|Nasty Plot|p2a: Rotom\n|-boost|p2a: Rotom|spa|2\n|\n|upkeep\n|turn|3\n|\n|t:|1782888600\n|move|p1a: Flygon|Stone Edge|p2a: Rotom|[miss]\n|-miss|p1a: Flygon|p2a: Rotom\n|move|p2a: Rotom|Air Slash|p1a: Flygon\n|-damage|p1a: Flygon|73/265\n|\n|upkeep\n|turn|4\n|\n|t:|1782888614\n|move|p1a: Flygon|Stone Edge|p2a: Rotom\n|-supereffective|p2a: Rotom\n|-damage|p2a: Rotom|58/226\n|move|p2a: Rotom|Air Slash|p1a: Flygon\n|-damage|p1a: Flygon|0 fnt\n|faint|p1a: Flygon\n|\n|upkeep\n|\n|t:|1782888627\n|switch|p1a: Mew|Mew, L82|298/298\n|turn|5\n|\n|t:|1782888640\n|move|p1a: Mew|Psyshock|p2a: Rotom\n|-damage|p2a: Rotom|0 fnt\n|faint|p2a: Rotom\n|-damage|p1a: Mew|269/298|[from] item: Life Orb\n|\n|upkeep\n|\n|t:|1782888649\n|switch|p2a: Sawsbuck|Sawsbuck-Summer, L88, F|284/284\n|turn|6\n|\n|t:|1782888665\n|switch|p1a: Moltres|Moltres, L81|278/278\n|move|p2a: Sawsbuck|Swords Dance|p2a: Sawsbuck\n|-boost|p2a: Sawsbuck|atk|2\n|\n|upkeep\n|turn|7\n|\n|t:|1782888671\n|move|p2a: Sawsbuck|Double-Edge|p1a: Moltres\n|-damage|p1a: Moltres|0 fnt\n|faint|p1a: Moltres\n|-damage|p2a: Sawsbuck|192/284|[from] Recoil\n|-damage|p2a: Sawsbuck|164/284|[from] item: Life Orb\n|\n|upkeep\n|\n|t:|1782888689\n|switch|p1a: Medicham|Medicham, L86, F|243/243\n|turn|8\n|l|\u2606reaperalpha01\n|inactive|reaperalpha01 disconnected and has a minute to reconnect!\n|player|p1|\n|inactive|34UI has 120 seconds left.\n|\n|t:|1782888720\n|switch|p2a: Annihilape|Annihilape, L76, F|292/292\n|move|p1a: Medicham|Close Combat|p2a: Annihilape\n|-immune|p2a: Annihilape\n|\n|upkeep\n|turn|9\n|j|\u2606reaperalpha01\n|inactive|reaperalpha01 reconnected and has 150 seconds left.\n|player|p1|reaperalpha01|170|\n|inactive|34UI has 120 seconds left.\n|\n|t:|1782888732\n|switch|p1a: Seviper|Seviper, L93, M|287/287\n|move|p2a: Annihilape|Taunt|p1a: Seviper\n|-start|p1a: Seviper|move: Taunt\n|\n|upkeep\n|turn|10\n|\n|t:|1782888745\n|move|p2a: Annihilape|Bulk Up|p2a: Annihilape\n|-boost|p2a: Annihilape|atk|1\n|-boost|p2a: Annihilape|def|1\n|move|p1a: Seviper|Gunk Shot|p2a: Annihilape|[miss]\n|-miss|p1a: Seviper|p2a: Annihilape\n|\n|upkeep\n|turn|11\n|\n|t:|1782888750\n|move|p2a: Annihilape|Bulk Up|p2a: Annihilape\n|-boost|p2a: Annihilape|atk|1\n|-boost|p2a: Annihilape|def|1\n|move|p1a: Seviper|Gunk Shot|p2a: Annihilape\n|-resisted|p2a: Annihilape\n|-damage|p2a: Annihilape|235/292\n|-damage|p1a: Seviper|259/287|[from] item: Life Orb\n|\n|-heal|p2a: Annihilape|253/292|[from] item: Leftovers\n|-end|p1a: Seviper|move: Taunt\n|upkeep\n|turn|12\n|\n|t:|1782888754\n|move|p2a: Annihilape|Taunt|p1a: Seviper\n|-start|p1a: Seviper|move: Taunt\n|move|p1a: Seviper|Flamethrower|p2a: Annihilape\n|-damage|p2a: Annihilape|146/292\n|-damage|p1a: Seviper|231/287|[from] item: Life Orb\n|\n|-heal|p2a: Annihilape|164/292|[from] item: Leftovers\n|upkeep\n|turn|13\n|\n|t:|1782888760\n|-terastallize|p2a: Annihilape|Water\n|move|p2a: Annihilape|Drain Punch|p1a: Seviper\n|-resisted|p1a: Seviper\n|-damage|p1a: Seviper|135/287\n|-heal|p2a: Annihilape|212/292|[from] drain|[of] p1a: Seviper\n|move|p1a: Seviper|Flamethrower|p2a: Annihilape\n|-resisted|p2a: Annihilape\n|-damage|p2a: Annihilape|160/292\n|-damage|p1a: Seviper|107/287|[from] item: Life Orb\n|\n|-heal|p2a: Annihilape|178/292|[from] item: Leftovers\n|upkeep\n|turn|14\n|\n|t:|1782888767\n|move|p2a: Annihilape|Rage Fist|p1a: Seviper\n|-damage|p1a: Seviper|0 fnt\n|faint|p1a: Seviper\n|\n|-heal|p2a: Annihilape|196/292|[from] item: Leftovers\n|upkeep\n|\n|t:|1782888788\n|switch|p1a: Reshiram|Reshiram, L76|277/277\n|-ability|p1a: Reshiram|Turboblaze\n|turn|15\n|\n|t:|1782888796\n|move|p2a: Annihilape|Rage Fist|p1a: Reshiram\n|-damage|p1a: Reshiram|0 fnt\n|faint|p1a: Reshiram\n|\n|-heal|p2a: Annihilape|214/292|[from] item: Leftovers\n|upkeep\n|\n|t:|1782888799\n|switch|p1a: Medicham|Medicham, L86, F|243/243\n|turn|16\n|\n|t:|1782888806\n|move|p1a: Medicham|Trick|p2a: Annihilape\n|-activate|p1a: Medicham|move: Trick|[of] p2a: Annihilape\n|-item|p2a: Annihilape|Choice Scarf|[from] move: Trick\n|-item|p1a: Medicham|Leftovers|[from] move: Trick\n|move|p2a: Annihilape|Rage Fist|p1a: Medicham\n|-supereffective|p1a: Medicham\n|-damage|p1a: Medicham|0 fnt\n|faint|p1a: Medicham\n|\n|upkeep\n|\n|t:|1782888809\n|switch|p1a: Mew|Mew, L82|269/298\n|turn|17\n|\n|t:|1782888813\n|-terastallize|p1a: Mew|Psychic\n|move|p2a: Annihilape|Rage Fist|p1a: Mew\n|-supereffective|p1a: Mew\n|-damage|p1a: Mew|0 fnt\n|faint|p1a: Mew\n|\n|win|34UI\n|raw|reaperalpha01's rating: 1492 &rarr; <strong>1471</strong><br />(-21 for losing)\n|raw|34UI's rating: 1471 &rarr; <strong>1492</strong><br />(+21 for winning)\n|l|\u2606reaperalpha01\n|player|p1|\n", "inputlog": ">version f8ac14003a5f27e1bdc8d8c59608a773c1cb96e5\n>start {\"formatid\":\"gen9randombattle\",\"seed\":\"sodium,5b02edffaa75a9ba9e3e7feccf26c7ba\",\"rated\":\"Rated battle\"}\n>player p1 {\"name\":\"reaperalpha01\",\"avatar\":\"170\",\"rating\":1492,\"seed\":\"sodium,b4ad4f25f1691d6c2d94fb9307ea4ea2\"}\n>player p2 {\"name\":\"34UI\",\"avatar\":\"swimmer\",\"rating\":1471,\"seed\":\"sodium,4d222a4e9669ba62124de747a771fdc4\"}\n>p1 switch 3\n>p2 move thunderwave\n>p1 move dragondance\n>p2 move nastyplot\n>p1 move stoneedge\n>p2 move airslash\n>p1 move stoneedge\n>p2 move airslash\n>p1 switch 3\n>p1 move psyshock\n>p2 move thunderbolt\n>p2 switch 4\n>p1 switch 5\n>p2 move swordsdance\n>p1 move willowisp\n>p2 move doubleedge\n>p1 switch 2\n>p1 move closecombat\n>p2 switch 5\n>p1 switch 4\n>p2 move taunt\n>p1 move gunkshot\n>p2 move bulkup\n>p1 move gunkshot\n>p2 move bulkup\n>p1 move flamethrower\n>p2 move taunt\n>p1 move flamethrower\n>p2 move drainpunch terastallize\n>p1 move gigadrain\n>p2 move ragefist\n>p1 switch 6\n>p1 move dracometeor\n>p2 move ragefist\n>p1 switch 4\n>p1 move trick\n>p2 move ragefist\n>p1 switch 5\n>p1 move psyshock terastallize\n>p2 move ragefist", "uploadtime": 1782888817, "views": 3, "formatid": "gen9randombattle", "rating": 1471, "private": 0, "password": null, "player_dets": [{"name": "reaperalpha01", "avatar": "170", "rating": 1492, "seed": "sodium,b4ad4f25f1691d6c2d94fb9307ea4ea2"}, {"name": "34UI", "avatar": "swimmer", "rating": 1471, "seed": "sodium,4d222a4e9669ba62124de747a771fdc4"}], "teams_full": [{"Mew": {"name": "Mew", "species": "Mew", "speciesId": "mew", "gender": "N", "shiny": false, "level": 82, "moves": ["nastyplot", "hydropump", "darkpulse", "psyshock"], "ability": "Synchronize", "evs": {"hp": 85, "atk": 0, "def": 85, "spa": 85, "spd": 85, "spe": 85}, "ivs": {"hp": 31, "atk": 0, "def": 31, "spa": 31, "spd": 31, "spe": 31}, "item": "Life Orb", "teraType": "Psychic", "role": "Fast Bulky Setup", "bvs": {"hp": 100, "atk": 100, "def": 100, "spa": 100, "spd": 100, "spe": 100}, "stats": {"hp": 298, "atk": 169, "def": 211, "spa": 211, "spd": 211, "spe": 211}, "types": ["Psychic"]}, "Medicham": {"name": "Medicham", "species": "Medicham", "speciesId": "medicham", "gender": "F", "shiny": false, "level": 86, "moves": ["zenheadbutt", "poisonjab", "closecombat", "trick"], "ability": "Pure Power", "evs": {"hp": 85, "atk": 85, "def": 85, "spa": 85, "spd": 85, "spe": 85}, "ivs": {"hp": 31, "atk": 31, "def": 31, "spa": 31, "spd": 31, "spe": 31}, "item": "Choice Scarf", "teraType": "Fighting", "role": "Fast Attacker", "bvs": {"hp": 60, "atk": 60, "def": 75, "spa": 60, "spd": 75, "spe": 80}, "stats": {"hp": 243, "atk": 152, "def": 178, "spa": 152, "spd": 178, "spe": 187}, "types": ["Fighting", "Psychic"]}, "Flygon": {"name": "Flygon", "species": "Flygon", "speciesId": "flygon", "gender": "M", "shiny": false, "level": 82, "moves": ["dragondance", "stoneedge", "outrage", "earthquake"], "ability": "Levitate", "evs": {"hp": 85, "atk": 85, "def": 85, "spa": 85, "spd": 85, "spe": 85}, "ivs": {"hp": 31, "atk": 31, "def": 31, "spa": 31, "spd": 31, "spe": 31}, "item": "Lum Berry", "teraType": "Steel", "role": "Fast Attacker", "bvs": {"hp": 80, "atk": 100, "def": 80, "spa": 80, "spd": 80, "spe": 100}, "stats": {"hp": 265, "atk": 211, "def": 178, "spa": 178, "spd": 178, "spe": 211}, "types": ["Ground", "Dragon"]}, "Seviper": {"name": "Seviper", "species": "Seviper", "speciesId": "seviper", "gender": "M", "shiny": false, "level": 93, "moves": ["flamethrower", "gigadrain", "earthquake", "gunkshot"], "ability": "Infiltrator", "evs": {"hp": 85, "atk": 85, "def": 85, "spa": 85, "spd": 85, "spe": 85}, "ivs": {"hp": 31, "atk": 31, "def": 31, "spa": 31, "spd": 31, "spe": 31}, "item": "Life Orb", "teraType": "Poison", "role": "Fast Attacker", "bvs": {"hp": 73, "atk": 100, "def": 60, "spa": 100, "spd": 60, "spe": 65}, "stats": {"hp": 287, "atk": 239, "def": 164, "spa": 239, "spd": 164, "spe": 174}, "types": ["Poison"]}, "Moltres": {"name": "Moltres", "species": "Moltres", "speciesId": "moltres", "gender": "N", "shiny": false, "level": 81, "moves": ["fireblast", "roost", "willowisp", "bravebird"], "ability": "Flame Body", "evs": {"hp": 85, "atk": 85, "def": 85, "spa": 85, "spd": 85, "spe": 85}, "ivs": {"hp": 31, "atk": 31, "def": 31, "spa": 31, "spd": 31, "spe": 31}, "item": "Heavy-Duty Boots", "teraType": "Steel", "role": "Bulky Attacker", "bvs": {"hp": 90, "atk": 100, "def": 90, "spa": 125, "spd": 85, "spe": 90}, "stats": {"hp": 278, "atk": 209, "def": 192, "spa": 249, "spd": 184, "spe": 192}, "types": ["Fire", "Flying"]}, "Reshiram": {"name": "Reshiram", "species": "Reshiram", "speciesId": "reshiram", "gender": "N", "shiny": false, "level": 76, "moves": ["earthpower", "dracometeor", "willowisp", "blueflare"], "ability": "Turboblaze", "evs": {"hp": 85, "atk": 0, "def": 85, "spa": 85, "spd": 85, "spe": 85}, "ivs": {"hp": 31, "atk": 0, "def": 31, "spa": 31, "spd": 31, "spe": 31}, "item": "Heavy-Duty Boots", "teraType": "Fire", "role": "Fast Attacker", "bvs": {"hp": 100, "atk": 120, "def": 100, "spa": 150, "spd": 120, "spe": 90}, "stats": {"hp": 277, "atk": 187, "def": 196, "spa": 272, "spd": 226, "spe": 181}, "types": ["Dragon", "Fire"]}}, {"Rotom": {"name": "Rotom", "species": "Rotom-Fan", "speciesId": "rotomfan", "gender": "N", "shiny": false, "level": 86, "moves": ["thunderwave", "airslash", "nastyplot", "thunderbolt"], "ability": "Levitate", "evs": {"hp": 85, "atk": 0, "def": 85, "spa": 85, "spd": 85, "spe": 85}, "ivs": {"hp": 31, "atk": 0, "def": 31, "spa": 31, "spd": 31, "spe": 31}, "item": "Heavy-Duty Boots", "teraType": "Electric", "role": "Bulky Attacker", "bvs": {"hp": 50, "atk": 65, "def": 107, "spa": 105, "spd": 107, "spe": 86}, "stats": {"hp": 226, "atk": 116, "def": 233, "spa": 230, "spd": 233, "spe": 197}, "types": ["Electric", "Flying"]}, "Zekrom": {"name": "Zekrom", "species": "Zekrom", "speciesId": "zekrom", "gender": "N", "shiny": false, "level": 71, "moves": ["dragondance", "boltstrike", "substitute", "outrage"], "ability": "Teravolt", "evs": {"hp": 85, "atk": 85, "def": 85, "spa": 85, "spd": 85, "spe": 85}, "ivs": {"hp": 31, "atk": 31, "def": 31, "spa": 31, "spd": 31, "spe": 31}, "item": "Leftovers", "teraType": "Grass", "role": "Setup Sweeper", "bvs": {"hp": 100, "atk": 150, "def": 120, "spa": 120, "spd": 100, "spe": 90}, "stats": {"hp": 259, "atk": 254, "def": 212, "spa": 212, "spd": 183, "spe": 169}, "types": ["Dragon", "Electric"]}, "Meloetta": {"name": "Meloetta", "species": "Meloetta", "speciesId": "meloetta", "gender": "N", "shiny": false, "level": 82, "moves": ["focusblast", "uturn", "hypervoice", "psyshock"], "ability": "Serene Grace", "evs": {"hp": 85, "atk": 85, "def": 85, "spa": 85, "spd": 85, "spe": 85}, "ivs": {"hp": 31, "atk": 31, "def": 31, "spa": 31, "spd": 31, "spe": 31}, "item": "Choice Specs", "teraType": "Fighting", "role": "Bulky Attacker", "bvs": {"hp": 100, "atk": 77, "def": 77, "spa": 128, "spd": 128, "spe": 90}, "stats": {"hp": 298, "atk": 173, "def": 173, "spa": 257, "spd": 257, "spe": 195}, "types": ["Normal", "Psychic"]}, "Sawsbuck": {"name": "Sawsbuck", "species": "Sawsbuck-Summer", "speciesId": "sawsbuck", "gender": "F", "shiny": false, "level": 88, "moves": ["hornleech", "swordsdance", "doubleedge", "highhorsepower"], "ability": "Sap Sipper", "evs": {"hp": 85, "atk": 85, "def": 85, "spa": 85, "spd": 85, "spe": 85}, "ivs": {"hp": 31, "atk": 31, "def": 31, "spa": 31, "spd": 31, "spe": 31}, "item": "Life Orb", "teraType": "Ground", "role": "Setup Sweeper", "bvs": {"hp": 80, "atk": 100, "def": 70, "spa": 60, "spd": 70, "spe": 95}, "stats": {"hp": 284, "atk": 226, "def": 173, "spa": 156, "spd": 173, "spe": 217}, "types": ["Normal", "Grass"]}, "Annihilape": {"name": "Annihilape", "species": "Annihilape", "speciesId": "annihilape", "gender": "F", "shiny": false, "level": 76, "moves": ["ragefist", "drainpunch", "bulkup", "taunt"], "ability": "Defiant", "evs": {"hp": 85, "atk": 85, "def": 85, "spa": 85, "spd": 85, "spe": 85}, "ivs": {"hp": 31, "atk": 31, "def": 31, "spa": 31, "spd": 31, "spe": 31}, "item": "Leftovers", "teraType": "Water", "role": "Bulky Setup", "bvs": {"hp": 110, "atk": 115, "def": 80, "spa": 50, "spd": 90, "spe": 90}, "stats": {"hp": 292, "atk": 219, "def": 166, "spa": 120, "spd": 181, "spe": 181}, "types": ["Fighting", "Ghost"]}, "Arbok": {"name": "Arbok", "species": "Arbok", "speciesId": "arbok", "gender": "F", "shiny": false, "level": 87, "moves": ["coil", "earthquake", "gunkshot", "suckerpunch"], "ability": "Intimidate", "evs": {"hp": 85, "atk": 85, "def": 85, "spa": 85, "spd": 85, "spe": 85}, "ivs": {"hp": 31, "atk": 31, "def": 31, "spa": 31, "spd": 31, "spe": 31}, "item": "Leftovers", "teraType": "Dark", "role": "Bulky Attacker", "bvs": {"hp": 60, "atk": 95, "def": 69, "spa": 65, "spd": 79, "spe": 80}, "stats": {"hp": 246, "atk": 215, "def": 170, "spa": 163, "spd": 187, "spe": 189}, "types": ["Poison"]}}]}