{"id": "gen9randombattle-2642026629", "format": "[Gen 9] Random Battle", "players": ["rogpsyc", "tinkaterrorist"], "log": "|j|\u2606rogpsyc\n|j|\u2606tinkaterrorist\n|t:|1782875404\n|gametype|singles\n|player|p1|rogpsyc|rocketgruntf|1517\n|player|p2|tinkaterrorist|elesa|1553\n|gen|9\n|tier|[Gen 9] Random Battle\n|rated|\n|rule|Species Clause: Limit one of each Pok\u00e9mon\n|rule|HP Percentage Mod: HP is shown in percentages\n|rule|Sleep Clause Mod: Limit one foe put to sleep\n|rule|Illusion Level Mod: Illusion disguises the Pok\u00e9mon's true level\n|\n|t:|1782875404\n|teamsize|p1|6\n|teamsize|p2|6\n|start\n|switch|p1a: Comfey|Comfey, L85, M|225/225\n|switch|p2a: Tinkaton|Tinkaton, L82, F|274/274\n|-ability|p2a: Tinkaton|Mold Breaker\n|turn|1\n|inactive|Battle timer is ON: inactive players will automatically lose when time's up. (requested by rogpsyc)\n|\n|t:|1782875417\n|switch|p1a: Amoonguss|Amoonguss, L82, F|321/321\n|move|p2a: Tinkaton|Swords Dance|p2a: Tinkaton\n|-boost|p2a: Tinkaton|atk|2\n|\n|upkeep\n|turn|2\n|\n|t:|1782875422\n|move|p2a: Tinkaton|Swords Dance|p2a: Tinkaton\n|-boost|p2a: Tinkaton|atk|2\n|move|p1a: Amoonguss|Spore|p2a: Tinkaton\n|-status|p2a: Tinkaton|slp|[from] move: Spore\n|\n|upkeep\n|turn|3\n|\n|t:|1782875425\n|cant|p2a: Tinkaton|slp\n|move|p1a: Amoonguss|Stomping Tantrum|p2a: Tinkaton\n|-supereffective|p2a: Tinkaton\n|-damage|p2a: Tinkaton|176/274 slp\n|\n|-heal|p2a: Tinkaton|193/274 slp|[from] item: Leftovers\n|upkeep\n|turn|4\n|\n|t:|1782875432\n|cant|p2a: Tinkaton|slp\n|move|p1a: Amoonguss|Stomping Tantrum|p2a: Tinkaton\n|-supereffective|p2a: Tinkaton\n|-damage|p2a: Tinkaton|91/274 slp\n|\n|-heal|p2a: Tinkaton|108/274 slp|[from] item: Leftovers\n|upkeep\n|turn|5\n|\n|t:|1782875441\n|switch|p2a: Misdreavus|Misdreavus, L90, F|254/254\n|move|p1a: Amoonguss|Stomping Tantrum|p2a: Misdreavus\n|-immune|p2a: Misdreavus|[from] ability: Levitate\n|\n|upkeep\n|turn|6\n|\n|t:|1782875446\n|move|p2a: Misdreavus|Calm Mind|p2a: Misdreavus\n|-boost|p2a: Misdreavus|spa|1\n|-boost|p2a: Misdreavus|spd|1\n|move|p1a: Amoonguss|Giga Drain|p2a: Misdreavus\n|-damage|p2a: Misdreavus|223/254\n|\n|upkeep\n|turn|7\n|\n|t:|1782875449\n|switch|p1a: Banette|Banette, L93, F|270/270\n|move|p2a: Misdreavus|Shadow Ball|p1a: Banette\n|-supereffective|p1a: Banette\n|-damage|p1a: Banette|0 fnt\n|faint|p1a: Banette\n|\n|upkeep\n|\n|t:|1782875452\n|switch|p1a: Dugtrio|Dugtrio-Alola, L84, F|196/196\n|turn|8\n|\n|t:|1782875458\n|move|p1a: Dugtrio|Stealth Rock|p2a: Misdreavus\n|-sidestart|p2: tinkaterrorist|move: Stealth Rock\n|move|p2a: Misdreavus|Will-O-Wisp|p1a: Dugtrio\n|-status|p1a: Dugtrio|brn\n|\n|-damage|p1a: Dugtrio|184/196 brn|[from] brn\n|upkeep\n|turn|9\n|\n|t:|1782875463\n|move|p1a: Dugtrio|Stone Edge|p2a: Misdreavus\n|-damage|p2a: Misdreavus|185/254\n|-damage|p1a: Dugtrio|165/196 brn|[from] item: Life Orb\n|move|p2a: Misdreavus|Calm Mind|p2a: Misdreavus\n|-boost|p2a: Misdreavus|spa|1\n|-boost|p2a: Misdreavus|spd|1\n|\n|-damage|p1a: Dugtrio|153/196 brn|[from] brn\n|upkeep\n|turn|10\n|\n|t:|1782875468\n|move|p1a: Dugtrio|Stone Edge|p2a: Misdreavus\n|-damage|p2a: Misdreavus|145/254\n|-damage|p1a: Dugtrio|134/196 brn|[from] item: Life Orb\n|move|p2a: Misdreavus|Shadow Ball|p1a: Dugtrio\n|-crit|p1a: Dugtrio\n|-damage|p1a: Dugtrio|0 fnt\n|faint|p1a: Dugtrio\n|\n|upkeep\n|\n|t:|1782875476\n|switch|p1a: Sawsbuck|Sawsbuck-Autumn, L88, F|284/284\n|turn|11\n|\n|t:|1782875481\n|move|p1a: Sawsbuck|Horn Leech|p2a: Misdreavus\n|-damage|p2a: Misdreavus|55/254\n|-damage|p1a: Sawsbuck|256/284|[from] item: Life Orb\n|move|p2a: Misdreavus|Will-O-Wisp|p1a: Sawsbuck|[miss]\n|-miss|p2a: Misdreavus|p1a: Sawsbuck\n|\n|upkeep\n|turn|12\n|\n|t:|1782875492\n|switch|p2a: Skarmory|Skarmory, L80, F|235/235\n|-damage|p2a: Skarmory|206/235|[from] Stealth Rock\n|move|p1a: Sawsbuck|Horn Leech|p2a: Skarmory\n|-resisted|p2a: Skarmory\n|-damage|p2a: Skarmory|185/235\n|-heal|p1a: Sawsbuck|267/284|[from] drain|[of] p2a: Skarmory\n|-damage|p1a: Sawsbuck|239/284|[from] item: Life Orb\n|\n|-heal|p2a: Skarmory|199/235|[from] item: Leftovers\n|upkeep\n|turn|13\n|\n|t:|1782875497\n|switch|p1a: Oricorio|Oricorio-Pom-Pom, L82, F|257/257\n|move|p2a: Skarmory|Stealth Rock|p1a: Oricorio\n|-sidestart|p1: rogpsyc|move: Stealth Rock\n|\n|-heal|p2a: Skarmory|213/235|[from] item: Leftovers\n|upkeep\n|turn|14\n|\n|t:|1782875501\n|move|p1a: Oricorio|Quiver Dance|p1a: Oricorio\n|-boost|p1a: Oricorio|spa|1\n|-boost|p1a: Oricorio|spd|1\n|-boost|p1a: Oricorio|spe|1\n|move|p2a: Skarmory|Spikes|p1a: Oricorio\n|-sidestart|p1: rogpsyc|Spikes\n|\n|-heal|p2a: Skarmory|227/235|[from] item: Leftovers\n|upkeep\n|turn|15\n|\n|t:|1782875529\n|switch|p2a: Misdreavus|Misdreavus, L90, F|55/254\n|-damage|p2a: Misdreavus|24/254|[from] Stealth Rock\n|move|p1a: Oricorio|Quiver Dance|p1a: Oricorio\n|-boost|p1a: Oricorio|spa|1\n|-boost|p1a: Oricorio|spd|1\n|-boost|p1a: Oricorio|spe|1\n|\n|upkeep\n|turn|16\n|\n|t:|1782875534\n|move|p1a: Oricorio|Revelation Dance|p2a: Misdreavus\n|-damage|p2a: Misdreavus|0 fnt\n|faint|p2a: Misdreavus\n|\n|upkeep\n|\n|t:|1782875536\n|switch|p2a: Grimmsnarl|Grimmsnarl, L83, M|293/293\n|-damage|p2a: Grimmsnarl|257/293|[from] Stealth Rock\n|turn|17\n|\n|t:|1782875543\n|move|p2a: Grimmsnarl|Light Screen|p2a: Grimmsnarl\n|-sidestart|p2: tinkaterrorist|move: Light Screen\n|move|p1a: Oricorio|Revelation Dance|p2a: Grimmsnarl\n|-damage|p2a: Grimmsnarl|162/293\n|\n|upkeep\n|turn|18\n|\n|t:|1782875551\n|move|p2a: Grimmsnarl|Parting Shot|p1a: Oricorio\n|-unboost|p1a: Oricorio|atk|1\n|-unboost|p1a: Oricorio|spa|1\n|\n|t:|1782875560\n|switch|p2a: Mightyena|Mightyena, L96, F|290/290|[from] Parting Shot\n|-damage|p2a: Mightyena|254/290|[from] Stealth Rock\n|-ability|p2a: Mightyena|Intimidate|boost\n|-unboost|p1a: Oricorio|atk|1\n|move|p1a: Oricorio|Quiver Dance|p1a: Oricorio\n|-boost|p1a: Oricorio|spa|1\n|-boost|p1a: Oricorio|spd|1\n|-boost|p1a: Oricorio|spe|1\n|\n|-heal|p2a: Mightyena|272/290|[from] item: Leftovers\n|upkeep\n|turn|19\n|\n|t:|1782875567\n|move|p1a: Oricorio|Hurricane|p2a: Mightyena\n|-damage|p2a: Mightyena|153/290\n|move|p2a: Mightyena|Crunch|p1a: Oricorio\n|-damage|p1a: Oricorio|137/257\n|\n|-heal|p2a: Mightyena|171/290|[from] item: Leftovers\n|upkeep\n|turn|20\n|\n|t:|1782875573\n|move|p1a: Oricorio|Hurricane|p2a: Mightyena\n|-damage|p2a: Mightyena|39/290\n|move|p2a: Mightyena|Crunch|p1a: Oricorio\n|-damage|p1a: Oricorio|7/257\n|\n|-heal|p2a: Mightyena|57/290|[from] item: Leftovers\n|upkeep\n|turn|21\n|\n|t:|1782875578\n|move|p2a: Mightyena|Sucker Punch||[still]\n|-fail|p2a: Mightyena\n|move|p1a: Oricorio|Roost|p1a: Oricorio\n|-heal|p1a: Oricorio|136/257\n|-singleturn|p1a: Oricorio|move: Roost\n|\n|-heal|p2a: Mightyena|75/290|[from] item: Leftovers\n|upkeep\n|turn|22\n|\n|t:|1782875580\n|move|p1a: Oricorio|Revelation Dance|p2a: Mightyena\n|-damage|p2a: Mightyena|0 fnt\n|faint|p2a: Mightyena\n|\n|upkeep\n|\n|t:|1782875587\n|switch|p2a: Grimmsnarl|Grimmsnarl, L83, M|162/293\n|-damage|p2a: Grimmsnarl|126/293|[from] Stealth Rock\n|turn|23\n|\n|t:|1782875591\n|move|p2a: Grimmsnarl|Parting Shot|p1a: Oricorio\n|-unboost|p1a: Oricorio|atk|1\n|-unboost|p1a: Oricorio|spa|1\n|\n|t:|1782875593\n|switch|p2a: Porygon-Z|Porygon-Z, L83|277/277|[from] Parting Shot\n|-damage|p2a: Porygon-Z|243/277|[from] Stealth Rock\n|move|p1a: Oricorio|Roost|p1a: Oricorio\n|-heal|p1a: Oricorio|257/257\n|-singleturn|p1a: Oricorio|move: Roost\n|\n|upkeep\n|turn|24\n|\n|t:|1782875601\n|move|p1a: Oricorio|Quiver Dance|p1a: Oricorio\n|-boost|p1a: Oricorio|spa|1\n|-boost|p1a: Oricorio|spd|1\n|-boost|p1a: Oricorio|spe|1\n|move|p2a: Porygon-Z|Tera Blast|p1a: Oricorio\n|-damage|p1a: Oricorio|182/257\n|-damage|p2a: Porygon-Z|216/277|[from] item: Life Orb\n|\n|-sideend|p2: tinkaterrorist|move: Light Screen\n|upkeep\n|turn|25\n|-message|tinkaterrorist forfeited.\n|\n|win|rogpsyc\n|raw|rogpsyc's rating: 1517 &rarr; <strong>1539</strong><br />(+22 for winning)\n|raw|tinkaterrorist's rating: 1553 &rarr; <strong>1531</strong><br />(-22 for losing)\n|l|\u2606tinkaterrorist\n|player|p2|\n", "inputlog": ">version f8ac14003a5f27e1bdc8d8c59608a773c1cb96e5\n>start {\"formatid\":\"gen9randombattle\",\"seed\":\"sodium,de44cf66f9d82a26cb053b4eeb0c6269\",\"rated\":\"Rated battle\"}\n>player p1 {\"name\":\"rogpsyc\",\"avatar\":\"rocketgruntf\",\"rating\":1517,\"seed\":\"sodium,3a9681d3a8db45ffb0a25af16ff3f95a\"}\n>player p2 {\"name\":\"tinkaterrorist\",\"avatar\":\"elesa\",\"rating\":1553,\"seed\":\"sodium,aa6156294800efb955faa1812f09672e\"}\n>p1 switch 3\n>p2 move swordsdance\n>p1 move spore\n>p2 move swordsdance\n>p1 move stompingtantrum\n>p2 move gigatonhammer\n>p1 move stompingtantrum\n>p2 move protect\n>p1 move stompingtantrum\n>p2 switch 5\n>p1 move gigadrain\n>p2 move calmmind\n>p1 switch 2\n>p2 move shadowball\n>p1 switch 6\n>p1 move stealthrock\n>p2 move willowisp\n>p1 move stoneedge\n>p2 move calmmind\n>p1 move stoneedge\n>p2 move shadowball\n>p1 switch 4\n>p1 move hornleech\n>p2 move willowisp\n>p1 move hornleech\n>p2 switch 3\n>p1 switch 5\n>p2 move stealthrock\n>p1 move quiverdance\n>p2 move spikes\n>p1 move quiverdance\n>p2 switch 3\n>p1 move revelationdance\n>p2 move shadowball\n>p2 switch 2\n>p1 move revelationdance\n>p2 move lightscreen\n>p1 move quiverdance\n>p2 move partingshot\n>p2 switch 6\n>p1 move hurricane\n>p2 move crunch\n>p1 move hurricane\n>p2 move crunch\n>p1 move roost\n>p2 move suckerpunch\n>p1 move revelationdance\n>p2 move crunch\n>p2 switch 6\n>p1 move roost\n>p2 move partingshot\n>p2 switch 4\n>p1 move quiverdance\n>p2 move terablast\n>forcelose p2", "uploadtime": 1782875606, "views": 7, "formatid": "gen9randombattle", "rating": 1531, "private": 0, "password": null, "player_dets": [{"name": "rogpsyc", "avatar": "rocketgruntf", "rating": 1517, "seed": "sodium,3a9681d3a8db45ffb0a25af16ff3f95a"}, {"name": "tinkaterrorist", "avatar": "elesa", "rating": 1553, "seed": "sodium,aa6156294800efb955faa1812f09672e"}], "teams_full": [{"Comfey": {"name": "Comfey", "species": "Comfey", "speciesId": "comfey", "gender": "M", "shiny": false, "level": 85, "moves": ["drainingkiss", "calmmind", "gigadrain", "terablast"], "ability": "Triage", "evs": {"hp": 85, "atk": 0, "def": 85, "spa": 85, "spd": 85, "spe": 85}, "ivs": {"hp": 31, "atk": 0, "def": 31, "spa": 31, "spd": 31, "spe": 31}, "item": "Leftovers", "teraType": "Ground", "role": "Tera Blast user", "bvs": {"hp": 51, "atk": 52, "def": 90, "spa": 82, "spd": 110, "spe": 100}, "stats": {"hp": 225, "atk": 93, "def": 202, "spa": 188, "spd": 236, "spe": 219}, "types": ["Fairy"]}, "Banette": {"name": "Banette", "species": "Banette", "speciesId": "banette", "gender": "F", "shiny": false, "level": 93, "moves": ["gunkshot", "thunderwave", "shadowsneak", "poltergeist"], "ability": "Insomnia", "evs": {"hp": 85, "atk": 85, "def": 85, "spa": 85, "spd": 85, "spe": 85}, "ivs": {"hp": 31, "atk": 31, "def": 31, "spa": 31, "spd": 31, "spe": 31}, "item": "Life Orb", "teraType": "Poison", "role": "Wallbreaker", "bvs": {"hp": 64, "atk": 115, "def": 65, "spa": 83, "spd": 63, "spe": 65}, "stats": {"hp": 270, "atk": 267, "def": 174, "spa": 207, "spd": 170, "spe": 174}, "types": ["Ghost"]}, "Amoonguss": {"name": "Amoonguss", "species": "Amoonguss", "speciesId": "amoonguss", "gender": "F", "shiny": false, "level": 82, "moves": ["sludgebomb", "spore", "stompingtantrum", "gigadrain"], "ability": "Regenerator", "evs": {"hp": 85, "atk": 85, "def": 85, "spa": 85, "spd": 85, "spe": 85}, "ivs": {"hp": 31, "atk": 31, "def": 31, "spa": 31, "spd": 31, "spe": 31}, "item": "Leftovers", "teraType": "Water", "role": "Bulky Attacker", "bvs": {"hp": 114, "atk": 85, "def": 70, "spa": 85, "spd": 80, "spe": 30}, "stats": {"hp": 321, "atk": 187, "def": 162, "spa": 187, "spd": 178, "spe": 96}, "types": ["Grass", "Poison"]}, "Sawsbuck": {"name": "Sawsbuck", "species": "Sawsbuck-Autumn", "speciesId": "sawsbuck", "gender": "F", "shiny": false, "level": 88, "moves": ["hornleech", "swordsdance", "headbutt", "highhorsepower"], "ability": "Serene Grace", "evs": {"hp": 85, "atk": 85, "def": 85, "spa": 85, "spd": 85, "spe": 85}, "ivs": {"hp": 31, "atk": 31, "def": 31, "spa": 31, "spd": 31, "spe": 31}, "item": "Life Orb", "teraType": "Normal", "role": "Fast Attacker", "bvs": {"hp": 80, "atk": 100, "def": 70, "spa": 60, "spd": 70, "spe": 95}, "stats": {"hp": 284, "atk": 226, "def": 173, "spa": 156, "spd": 173, "spe": 217}, "types": ["Normal", "Grass"]}, "Oricorio": {"name": "Oricorio", "species": "Oricorio-Pom-Pom", "speciesId": "oricoriopompom", "gender": "F", "shiny": false, "level": 82, "moves": ["revelationdance", "roost", "hurricane", "quiverdance"], "ability": "Dancer", "evs": {"hp": 85, "atk": 0, "def": 85, "spa": 85, "spd": 85, "spe": 85}, "ivs": {"hp": 31, "atk": 0, "def": 31, "spa": 31, "spd": 31, "spe": 31}, "item": "Heavy-Duty Boots", "teraType": "Ground", "role": "Setup Sweeper", "bvs": {"hp": 75, "atk": 70, "def": 70, "spa": 98, "spd": 70, "spe": 93}, "stats": {"hp": 257, "atk": 119, "def": 162, "spa": 208, "spd": 162, "spe": 200}, "types": ["Electric", "Flying"]}, "Dugtrio": {"name": "Dugtrio", "species": "Dugtrio-Alola", "speciesId": "dugtrioalola", "gender": "F", "shiny": false, "level": 84, "moves": ["ironhead", "stoneedge", "stealthrock", "earthquake"], "ability": "Tangling Hair", "evs": {"hp": 85, "atk": 85, "def": 85, "spa": 85, "spd": 85, "spe": 85}, "ivs": {"hp": 31, "atk": 31, "def": 31, "spa": 31, "spd": 31, "spe": 31}, "item": "Life Orb", "teraType": "Ground", "role": "Fast Attacker", "bvs": {"hp": 35, "atk": 100, "def": 60, "spa": 50, "spd": 70, "spe": 110}, "stats": {"hp": 196, "atk": 216, "def": 149, "spa": 132, "spd": 166, "spe": 233}, "types": ["Ground", "Steel"]}}, {"Tinkaton": {"name": "Tinkaton", "species": "Tinkaton", "speciesId": "tinkaton", "gender": "F", "shiny": false, "level": 82, "moves": ["swordsdance", "gigatonhammer", "protect", "playrough"], "ability": "Mold Breaker", "evs": {"hp": 85, "atk": 85, "def": 85, "spa": 85, "spd": 85, "spe": 85}, "ivs": {"hp": 31, "atk": 31, "def": 31, "spa": 31, "spd": 31, "spe": 31}, "item": "Leftovers", "teraType": "Steel", "role": "Bulky Setup", "bvs": {"hp": 85, "atk": 75, "def": 77, "spa": 70, "spd": 105, "spe": 94}, "stats": {"hp": 274, "atk": 170, "def": 173, "spa": 162, "spd": 219, "spe": 201}, "types": ["Fairy", "Steel"]}, "Grimmsnarl": {"name": "Grimmsnarl", "species": "Grimmsnarl", "speciesId": "grimmsnarl", "gender": "M", "shiny": false, "level": 83, "moves": ["partingshot", "spiritbreak", "reflect", "lightscreen"], "ability": "Prankster", "evs": {"hp": 85, "atk": 85, "def": 85, "spa": 85, "spd": 85, "spe": 85}, "ivs": {"hp": 31, "atk": 31, "def": 31, "spa": 31, "spd": 31, "spe": 31}, "item": "Light Clay", "teraType": "Poison", "role": "Bulky Support", "bvs": {"hp": 95, "atk": 120, "def": 65, "spa": 95, "spd": 75, "spe": 60}, "stats": {"hp": 293, "atk": 247, "def": 156, "spa": 205, "spd": 172, "spe": 147}, "types": ["Dark", "Fairy"]}, "Skarmory": {"name": "Skarmory", "species": "Skarmory", "speciesId": "skarmory", "gender": "F", "shiny": false, "level": 80, "moves": ["stealthrock", "spikes", "bravebird", "roost"], "ability": "Sturdy", "evs": {"hp": 85, "atk": 85, "def": 85, "spa": 85, "spd": 85, "spe": 85}, "ivs": {"hp": 31, "atk": 31, "def": 31, "spa": 31, "spd": 31, "spe": 31}, "item": "Leftovers", "teraType": "Dragon", "role": "Bulky Support", "bvs": {"hp": 65, "atk": 80, "def": 140, "spa": 40, "spd": 70, "spe": 70}, "stats": {"hp": 235, "atk": 174, "def": 270, "spa": 110, "spd": 158, "spe": 158}, "types": ["Steel", "Flying"]}, "Porygon-Z": {"name": "Porygon-Z", "species": "Porygon-Z", "speciesId": "porygonz", "gender": "N", "shiny": false, "level": 83, "moves": ["nastyplot", "terablast", "shadowball", "agility"], "ability": "Adaptability", "evs": {"hp": 85, "atk": 0, "def": 85, "spa": 85, "spd": 85, "spe": 85}, "ivs": {"hp": 31, "atk": 0, "def": 31, "spa": 31, "spd": 31, "spe": 31}, "item": "Life Orb", "teraType": "Fighting", "role": "Tera Blast user", "bvs": {"hp": 85, "atk": 80, "def": 70, "spa": 135, "spd": 75, "spe": 90}, "stats": {"hp": 277, "atk": 137, "def": 164, "spa": 272, "spd": 172, "spe": 197}, "types": ["Normal"]}, "Misdreavus": {"name": "Misdreavus", "species": "Misdreavus", "speciesId": "misdreavus", "gender": "F", "shiny": false, "level": 90, "moves": ["willowisp", "drainingkiss", "calmmind", "shadowball"], "ability": "Levitate", "evs": {"hp": 85, "atk": 0, "def": 85, "spa": 85, "spd": 85, "spe": 85}, "ivs": {"hp": 31, "atk": 0, "def": 31, "spa": 31, "spd": 31, "spe": 31}, "item": "Eviolite", "teraType": "Fairy", "role": "Bulky Setup", "bvs": {"hp": 60, "atk": 60, "def": 60, "spa": 85, "spd": 85, "spe": 85}, "stats": {"hp": 254, "atk": 113, "def": 159, "spa": 204, "spd": 204, "spe": 204}, "types": ["Ghost"]}, "Mightyena": {"name": "Mightyena", "species": "Mightyena", "speciesId": "mightyena", "gender": "F", "shiny": false, "level": 96, "moves": ["taunt", "crunch", "suckerpunch", "poisonfang"], "ability": "Intimidate", "evs": {"hp": 85, "atk": 85, "def": 85, "spa": 85, "spd": 85, "spe": 85}, "ivs": {"hp": 31, "atk": 31, "def": 31, "spa": 31, "spd": 31, "spe": 31}, "item": "Leftovers", "teraType": "Poison", "role": "Bulky Attacker", "bvs": {"hp": 70, "atk": 90, "def": 70, "spa": 60, "spd": 60, "spe": 70}, "stats": {"hp": 290, "atk": 227, "def": 189, "spa": 170, "spd": 170, "spe": 189}, "types": ["Dark"]}}]}