{"id": "gen9randombattle-2641843006", "format": "[Gen 9] Random Battle", "players": ["Caseyleturd2", "Gym Leader Hugs"], "log": "|j|\u2606Caseyleturd2\n|j|\u2606Gym Leader Hugs\n|t:|1782848534\n|gametype|singles\n|player|p1|Caseyleturd2|101|1159\n|player|p2|Gym Leader Hugs|1|1122\n|gen|9\n|tier|[Gen 9] Random Battle\n|rated|\n|rule|Species Clause: Limit one of each Pok\u00e9mon\n|rule|HP Percentage Mod: HP is shown in percentages\n|rule|Sleep Clause Mod: Limit one foe put to sleep\n|rule|Illusion Level Mod: Illusion disguises the Pok\u00e9mon's true level\n|\n|t:|1782848534\n|teamsize|p1|6\n|teamsize|p2|6\n|start\n|switch|p1a: Raging Bolt|Raging Bolt, L78|323/323\n|switch|p2a: Donphan|Donphan, L84, M|288/288\n|turn|1\n|inactive|Battle timer is ON: inactive players will automatically lose when time's up. (requested by Gym Leader Hugs)\n|inactive|Caseyleturd2 also wants the timer to be on.\n|inactive|Caseyleturd2 has 120 seconds left.\n|\n|t:|1782848580\n|-end|p1a: Raging Bolt|Protosynthesis|[silent]\n|switch|p1a: Ambipom|Ambipom, L84, F|263/263\n|move|p2a: Donphan|Stealth Rock|p1a: Ambipom\n|-sidestart|p1: Caseyleturd2|move: Stealth Rock\n|\n|upkeep\n|turn|2\n|\n|t:|1782848592\n|switch|p2a: Palossand|Palossand, L89, F|296/296\n|move|p1a: Ambipom|Triple Axel|p2a: Palossand\n|-supereffective|p2a: Palossand\n|-damage|p2a: Palossand|244/296\n|-hitcount|p2a: Palossand|1\n|\n|-heal|p2a: Palossand|262/296|[from] item: Leftovers\n|upkeep\n|turn|3\n|inactive|Gym Leader Hugs has 120 seconds left.\n|\n|t:|1782848625\n|switch|p2a: Magearna|Magearna-Original, L77|250/250\n|move|p1a: Ambipom|Triple Axel|p2a: Magearna\n|-resisted|p2a: Magearna\n|-damage|p2a: Magearna|235/250\n|-hitcount|p2a: Magearna|1\n|\n|-heal|p2a: Magearna|250/250|[from] item: Leftovers\n|upkeep\n|turn|4\n|inactive|Gym Leader Hugs has 120 seconds left.\n|\n|t:|1782848645\n|switch|p1a: Swalot|Swalot, L90, F|326/326\n|-damage|p1a: Swalot|286/326|[from] Stealth Rock\n|move|p2a: Magearna|Aura Sphere|p1a: Swalot\n|-resisted|p1a: Swalot\n|-damage|p1a: Swalot|256/326\n|\n|-heal|p1a: Swalot|276/326|[from] item: Leftovers\n|upkeep\n|turn|5\n|inactive|Gym Leader Hugs has 120 seconds left.\n|\n|t:|1782848659\n|switch|p2a: Palossand|Palossand, L89, F|262/296\n|move|p1a: Swalot|Earthquake|p2a: Palossand\n|-damage|p2a: Palossand|211/296\n|\n|-heal|p1a: Swalot|296/326|[from] item: Leftovers\n|-heal|p2a: Palossand|229/296|[from] item: Leftovers\n|upkeep\n|turn|6\n|inactive|Gym Leader Hugs has 120 seconds left.\n|inactive|Caseyleturd2 has 120 seconds left.\n|\n|t:|1782848687\n|move|p1a: Swalot|Toxic|p2a: Palossand\n|-status|p2a: Palossand|tox\n|move|p2a: Palossand|Earth Power|p1a: Swalot\n|-supereffective|p1a: Swalot\n|-damage|p1a: Swalot|72/326\n|\n|-heal|p1a: Swalot|92/326|[from] item: Leftovers\n|-heal|p2a: Palossand|247/296 tox|[from] item: Leftovers\n|-damage|p2a: Palossand|229/296 tox|[from] psn\n|upkeep\n|turn|7\n|\n|t:|1782848696\n|move|p1a: Swalot|Protect|p1a: Swalot\n|-singleturn|p1a: Swalot|Protect\n|move|p2a: Palossand|Earth Power|p1a: Swalot\n|-activate|p1a: Swalot|move: Protect\n|\n|-heal|p1a: Swalot|112/326|[from] item: Leftovers\n|-heal|p2a: Palossand|247/296 tox|[from] item: Leftovers\n|-damage|p2a: Palossand|211/296 tox|[from] psn\n|upkeep\n|turn|8\n|\n|t:|1782848715\n|switch|p1a: Regigigas|Regigigas, L84|322/322\n|-damage|p1a: Regigigas|282/322|[from] Stealth Rock\n|-start|p1a: Regigigas|ability: Slow Start\n|move|p2a: Palossand|Earth Power|p1a: Regigigas\n|-crit|p1a: Regigigas\n|-damage|p1a: Regigigas|153/322\n|\n|-heal|p2a: Palossand|229/296 tox|[from] item: Leftovers\n|-heal|p1a: Regigigas|173/322|[from] item: Leftovers\n|-damage|p2a: Palossand|175/296 tox|[from] psn\n|upkeep\n|turn|9\n|inactive|Gym Leader Hugs has 120 seconds left.\n|\n|t:|1782848741\n|switch|p2a: Leafeon|Leafeon, L88, F|258/258\n|move|p1a: Regigigas|Protect||[still]\n|-fail|p1a: Regigigas\n|\n|-heal|p1a: Regigigas|193/322|[from] item: Leftovers\n|upkeep\n|turn|10\n|\n|t:|1782848751\n|move|p2a: Leafeon|Leaf Blade|p1a: Regigigas\n|-damage|p1a: Regigigas|71/322\n|-damage|p2a: Leafeon|233/258|[from] item: Life Orb\n|move|p1a: Regigigas|Substitute|p1a: Regigigas\n|-fail|p1a: Regigigas|move: Substitute|[weak]\n|\n|-heal|p1a: Regigigas|91/322|[from] item: Leftovers\n|upkeep\n|turn|11\n|\n|t:|1782848761\n|move|p1a: Regigigas|Protect|p1a: Regigigas\n|-singleturn|p1a: Regigigas|Protect\n|move|p2a: Leafeon|Leaf Blade|p1a: Regigigas\n|-activate|p1a: Regigigas|move: Protect\n|\n|-heal|p1a: Regigigas|111/322|[from] item: Leftovers\n|upkeep\n|turn|12\n|\n|t:|1782848789\n|-terastallize|p1a: Regigigas|Poison\n|move|p2a: Leafeon|Leaf Blade|p1a: Regigigas\n|-resisted|p1a: Regigigas\n|-damage|p1a: Regigigas|45/322\n|-damage|p2a: Leafeon|208/258|[from] item: Life Orb\n|move|p1a: Regigigas|Body Slam|p2a: Leafeon\n|-damage|p2a: Leafeon|160/258\n|\n|-heal|p1a: Regigigas|65/322|[from] item: Leftovers\n|upkeep\n|turn|13\n|\n|t:|1782848800\n|move|p1a: Regigigas|Protect|p1a: Regigigas\n|-singleturn|p1a: Regigigas|Protect\n|move|p2a: Leafeon|Knock Off|p1a: Regigigas\n|-activate|p1a: Regigigas|move: Protect\n|\n|-heal|p1a: Regigigas|85/322|[from] item: Leftovers\n|-end|p1a: Regigigas|Slow Start\n|upkeep\n|turn|14\n|inactive|Caseyleturd2 has 120 seconds left.\n|\n|t:|1782848823\n|move|p2a: Leafeon|Knock Off|p1a: Regigigas\n|-damage|p1a: Regigigas|0 fnt\n|-enditem|p1a: Regigigas|Leftovers|[from] move: Knock Off|[of] p2a: Leafeon\n|faint|p1a: Regigigas\n|-end|p1a: Regigigas|Slow Start|[silent]\n|-damage|p2a: Leafeon|135/258|[from] item: Life Orb\n|\n|upkeep\n|-message|Caseyleturd2 forfeited.\n|\n|win|Gym Leader Hugs\n|raw|Caseyleturd2's rating: 1159 &rarr; <strong>1131</strong><br />(-28 for losing)\n|raw|Gym Leader Hugs's rating: 1122 &rarr; <strong>1150</strong><br />(+28 for winning)\n", "inputlog": ">version f8ac14003a5f27e1bdc8d8c59608a773c1cb96e5\n>start {\"formatid\":\"gen9randombattle\",\"seed\":\"sodium,ba9d86d39bfd78161776655a2b01fc32\",\"rated\":\"Rated battle\"}\n>player p1 {\"name\":\"Caseyleturd2\",\"avatar\":\"101\",\"rating\":1159,\"seed\":\"sodium,bf74554a89a77a30c13c33f2e4868f43\"}\n>player p2 {\"name\":\"Gym Leader Hugs\",\"avatar\":\"1\",\"rating\":1122,\"seed\":\"sodium,66a97588abe28a64774810566d5fd0a2\"}\n>p1 switch 6\n>p2 move stealthrock\n>p1 move tripleaxel\n>p2 switch 2\n>p1 move tripleaxel\n>p2 switch 5\n>p1 switch 5\n>p2 move aurasphere\n>p1 move earthquake\n>p2 switch 5\n>p1 move toxic\n>p2 move earthpower\n>p1 move protect\n>p2 move earthpower\n>p1 switch 2\n>p2 move earthpower\n>p1 move protect\n>p2 switch 6\n>p1 move substitute\n>p2 move leafblade\n>p1 move protect\n>p2 move leafblade\n>p1 move bodyslam terastallize\n>p2 move leafblade\n>p1 move protect\n>p2 move knockoff\n>p1 move knockoff\n>p2 move knockoff\n>forcelose p1", "uploadtime": 1782848829, "views": 8, "formatid": "gen9randombattle", "rating": 1131, "private": 0, "password": null, "player_dets": [{"name": "Caseyleturd2", "avatar": "101", "rating": 1159, "seed": "sodium,bf74554a89a77a30c13c33f2e4868f43"}, {"name": "Gym Leader Hugs", "avatar": "1", "rating": 1122, "seed": "sodium,66a97588abe28a64774810566d5fd0a2"}], "teams_full": [{"Raging Bolt": {"name": "Raging Bolt", "species": "Raging Bolt", "speciesId": "ragingbolt", "gender": "N", "shiny": false, "level": 78, "moves": ["dracometeor", "thunderbolt", "calmmind", "thunderclap"], "ability": "Protosynthesis", "evs": {"hp": 85, "atk": 0, "def": 85, "spa": 85, "spd": 85, "spe": 85}, "ivs": {"hp": 31, "atk": 0, "def": 31, "spa": 31, "spd": 31, "spe": 31}, "item": "Leftovers", "teraType": "Fairy", "role": "Bulky Setup", "bvs": {"hp": 125, "atk": 73, "def": 91, "spa": 137, "spd": 89, "spe": 75}, "stats": {"hp": 323, "atk": 118, "def": 187, "spa": 259, "spd": 184, "spe": 162}, "types": ["Electric", "Dragon"]}, "Regigigas": {"name": "Regigigas", "species": "Regigigas", "speciesId": "regigigas", "gender": "N", "shiny": false, "level": 84, "moves": ["knockoff", "bodyslam", "protect", "substitute"], "ability": "Slow Start", "evs": {"hp": 85, "atk": 85, "def": 85, "spa": 85, "spd": 85, "spe": 85}, "ivs": {"hp": 31, "atk": 31, "def": 31, "spa": 31, "spd": 31, "spe": 31}, "item": "Leftovers", "teraType": "Poison", "role": "Bulky Attacker", "bvs": {"hp": 110, "atk": 160, "def": 110, "spa": 80, "spd": 110, "spe": 100}, "stats": {"hp": 322, "atk": 317, "def": 233, "spa": 183, "spd": 233, "spe": 216}, "types": ["Normal"]}, "Azumarill": {"name": "Azumarill", "species": "Azumarill", "speciesId": "azumarill", "gender": "F", "shiny": false, "level": 82, "moves": ["superpower", "playrough", "liquidation", "aquajet"], "ability": "Huge Power", "evs": {"hp": 85, "atk": 85, "def": 85, "spa": 85, "spd": 85, "spe": 85}, "ivs": {"hp": 31, "atk": 31, "def": 31, "spa": 31, "spd": 31, "spe": 31}, "item": "Choice Band", "teraType": "Water", "role": "Bulky Attacker", "bvs": {"hp": 100, "atk": 50, "def": 80, "spa": 60, "spd": 80, "spe": 50}, "stats": {"hp": 298, "atk": 129, "def": 178, "spa": 146, "spd": 178, "spe": 129}, "types": ["Water", "Fairy"]}, "Flareon": {"name": "Flareon", "species": "Flareon", "speciesId": "flareon", "gender": "F", "shiny": false, "level": 90, "moves": ["trailblaze", "facade", "quickattack", "flareblitz"], "ability": "Guts", "evs": {"hp": 85, "atk": 85, "def": 85, "spa": 85, "spd": 85, "spe": 85}, "ivs": {"hp": 31, "atk": 31, "def": 31, "spa": 31, "spd": 31, "spe": 31}, "item": "Toxic Orb", "teraType": "Normal", "role": "Setup Sweeper", "bvs": {"hp": 65, "atk": 130, "def": 60, "spa": 95, "spd": 110, "spe": 65}, "stats": {"hp": 263, "atk": 285, "def": 159, "spa": 222, "spd": 249, "spe": 168}, "types": ["Fire"]}, "Swalot": {"name": "Swalot", "species": "Swalot", "speciesId": "swalot", "gender": "F", "shiny": false, "level": 90, "moves": ["protect", "earthquake", "toxic", "sludgebomb"], "ability": "Liquid Ooze", "evs": {"hp": 85, "atk": 85, "def": 85, "spa": 85, "spd": 85, "spe": 85}, "ivs": {"hp": 31, "atk": 31, "def": 31, "spa": 31, "spd": 31, "spe": 31}, "item": "Leftovers", "teraType": "Ground", "role": "Bulky Support", "bvs": {"hp": 100, "atk": 73, "def": 83, "spa": 73, "spd": 83, "spe": 55}, "stats": {"hp": 326, "atk": 183, "def": 201, "spa": 183, "spd": 201, "spe": 150}, "types": ["Poison"]}, "Ambipom": {"name": "Ambipom", "species": "Ambipom", "speciesId": "ambipom", "gender": "F", "shiny": false, "level": 84, "moves": ["tripleaxel", "doubleedge", "lowkick", "knockoff"], "ability": "Technician", "evs": {"hp": 85, "atk": 85, "def": 85, "spa": 85, "spd": 85, "spe": 85}, "ivs": {"hp": 31, "atk": 31, "def": 31, "spa": 31, "spd": 31, "spe": 31}, "item": "Choice Band", "teraType": "Ice", "role": "Fast Attacker", "bvs": {"hp": 75, "atk": 100, "def": 66, "spa": 60, "spd": 66, "spe": 115}, "stats": {"hp": 263, "atk": 216, "def": 159, "spa": 149, "spd": 159, "spe": 241}, "types": ["Normal"]}}, {"Donphan": {"name": "Donphan", "species": "Donphan", "speciesId": "donphan", "gender": "M", "shiny": false, "level": 84, "moves": ["stealthrock", "icespinner", "earthquake", "rapidspin"], "ability": "Sturdy", "evs": {"hp": 85, "atk": 85, "def": 85, "spa": 85, "spd": 85, "spe": 85}, "ivs": {"hp": 31, "atk": 31, "def": 31, "spa": 31, "spd": 31, "spe": 31}, "item": "Leftovers", "teraType": "Steel", "role": "Bulky Support", "bvs": {"hp": 90, "atk": 120, "def": 120, "spa": 60, "spd": 60, "spe": 50}, "stats": {"hp": 288, "atk": 250, "def": 250, "spa": 149, "spd": 149, "spe": 132}, "types": ["Ground"]}, "Palossand": {"name": "Palossand", "species": "Palossand", "speciesId": "palossand", "gender": "F", "shiny": false, "level": 89, "moves": ["sludgebomb", "earthpower", "shoreup", "shadowball"], "ability": "Water Compaction", "evs": {"hp": 85, "atk": 0, "def": 85, "spa": 85, "spd": 85, "spe": 85}, "ivs": {"hp": 31, "atk": 0, "def": 31, "spa": 31, "spd": 31, "spe": 31}, "item": "Leftovers", "teraType": "Poison", "role": "Bulky Support", "bvs": {"hp": 85, "atk": 75, "def": 110, "spa": 100, "spd": 75, "spe": 35}, "stats": {"hp": 296, "atk": 138, "def": 247, "spa": 229, "spd": 184, "spe": 113}, "types": ["Ghost", "Ground"]}, "Bellibolt": {"name": "Bellibolt", "species": "Bellibolt", "speciesId": "bellibolt", "gender": "M", "shiny": false, "level": 84, "moves": ["slackoff", "thunderbolt", "muddywater", "toxic"], "ability": "Electromorphosis", "evs": {"hp": 85, "atk": 0, "def": 85, "spa": 85, "spd": 85, "spe": 85}, "ivs": {"hp": 31, "atk": 0, "def": 31, "spa": 31, "spd": 31, "spe": 31}, "item": "Leftovers", "teraType": "Electric", "role": "Bulky Attacker", "bvs": {"hp": 109, "atk": 64, "def": 91, "spa": 103, "spd": 83, "spe": 45}, "stats": {"hp": 320, "atk": 112, "def": 201, "spa": 221, "spd": 188, "spe": 124}, "types": ["Electric"]}, "Skuntank": {"name": "Skuntank", "species": "Skuntank", "speciesId": "skuntank", "gender": "M", "shiny": false, "level": 84, "moves": ["knockoff", "gunkshot", "taunt", "fireblast"], "ability": "Aftermath", "evs": {"hp": 85, "atk": 85, "def": 85, "spa": 85, "spd": 85, "spe": 85}, "ivs": {"hp": 31, "atk": 31, "def": 31, "spa": 31, "spd": 31, "spe": 31}, "item": "Life Orb", "teraType": "Dark", "role": "Fast Support", "bvs": {"hp": 103, "atk": 93, "def": 67, "spa": 71, "spd": 61, "spe": 84}, "stats": {"hp": 310, "atk": 204, "def": 161, "spa": 167, "spd": 151, "spe": 189}, "types": ["Poison", "Dark"]}, "Magearna": {"name": "Magearna", "species": "Magearna-Original", "speciesId": "magearna", "gender": "N", "shiny": false, "level": 77, "moves": ["fleurcannon", "aurasphere", "flashcannon", "painsplit"], "ability": "Soul-Heart", "evs": {"hp": 85, "atk": 0, "def": 85, "spa": 85, "spd": 85, "spe": 85}, "ivs": {"hp": 31, "atk": 0, "def": 31, "spa": 31, "spd": 31, "spe": 31}, "item": "Leftovers", "teraType": "Water", "role": "Bulky Attacker", "bvs": {"hp": 80, "atk": 95, "def": 115, "spa": 130, "spd": 115, "spe": 65}, "stats": {"hp": 250, "atk": 151, "def": 222, "spa": 245, "spd": 222, "spe": 145}, "types": ["Steel", "Fairy"]}, "Leafeon": {"name": "Leafeon", "species": "Leafeon", "speciesId": "leafeon", "gender": "F", "shiny": false, "level": 88, "moves": ["doubleedge", "knockoff", "leafblade", "swordsdance"], "ability": "Chlorophyll", "evs": {"hp": 85, "atk": 85, "def": 85, "spa": 85, "spd": 85, "spe": 85}, "ivs": {"hp": 31, "atk": 31, "def": 31, "spa": 31, "spd": 31, "spe": 31}, "item": "Life Orb", "teraType": "Dark", "role": "Setup Sweeper", "bvs": {"hp": 65, "atk": 110, "def": 130, "spa": 60, "spd": 65, "spe": 95}, "stats": {"hp": 258, "atk": 244, "def": 279, "spa": 156, "spd": 165, "spe": 217}, "types": ["Grass"]}}]}