{"id": "gen9randombattle-2642178998", "format": "[Gen 9] Random Battle", "players": ["bonbonbo", "jnpr010334"], "log": "|j|\u2606bonbonbo\n|j|\u2606jnpr010334\n|t:|1782906274\n|gametype|singles\n|player|p1|bonbonbo|2|1768\n|player|p2|jnpr010334|265|1733\n|gen|9\n|tier|[Gen 9] Random Battle\n|rated|\n|rule|Species Clause: Limit one of each Pok\u00e9mon\n|rule|HP Percentage Mod: HP is shown in percentages\n|rule|Sleep Clause Mod: Limit one foe put to sleep\n|rule|Illusion Level Mod: Illusion disguises the Pok\u00e9mon's true level\n|\n|t:|1782906274\n|teamsize|p1|6\n|teamsize|p2|6\n|start\n|switch|p1a: Cloyster|Cloyster, L80, M|211/211\n|switch|p2a: Mesprit|Mesprit, L85|275/275\n|turn|1\n|inactive|Battle timer is ON: inactive players will automatically lose when time's up. (requested by jnpr010334)\n|\n|t:|1782906296\n|switch|p1a: Slowking|Slowking-Galar, L85, F|300/300\n|move|p2a: Mesprit|Thunderbolt|p1a: Slowking\n|-damage|p1a: Slowking|259/300\n|\n|upkeep\n|turn|2\n|\n|t:|1782906299\n|move|p2a: Mesprit|Knock Off|p1a: Slowking\n|-supereffective|p1a: Slowking\n|-damage|p1a: Slowking|101/300\n|-enditem|p1a: Slowking|Assault Vest|[from] move: Knock Off|[of] p2a: Mesprit\n|move|p1a: Slowking|Sludge Bomb|p2a: Mesprit\n|-damage|p2a: Mesprit|209/275\n|-status|p2a: Mesprit|psn\n|\n|-damage|p2a: Mesprit|175/275 psn|[from] psn\n|upkeep\n|turn|3\n|\n|t:|1782906303\n|switch|p1a: Kricketune|Kricketune, L99, F|312/312\n|move|p2a: Mesprit|Knock Off|p1a: Kricketune\n|-damage|p1a: Kricketune|215/312\n|-enditem|p1a: Kricketune|Heavy-Duty Boots|[from] move: Knock Off|[of] p2a: Mesprit\n|\n|-damage|p2a: Mesprit|141/275 psn|[from] psn\n|upkeep\n|turn|4\n|\n|t:|1782906306\n|move|p2a: Mesprit|Psychic Noise|p1a: Kricketune\n|-damage|p1a: Kricketune|104/312\n|-start|p1a: Kricketune|move: Heal Block\n|move|p1a: Kricketune|Sticky Web|p2a: Mesprit\n|-sidestart|p2: jnpr010334|move: Sticky Web\n|\n|-damage|p2a: Mesprit|107/275 psn|[from] psn\n|upkeep\n|turn|5\n|\n|t:|1782906311\n|switch|p1a: Slowking|Slowking-Galar, L85, F|201/300\n|move|p2a: Mesprit|Psychic Noise|p1a: Slowking\n|-damage|p1a: Slowking|126/300\n|-start|p1a: Slowking|move: Heal Block\n|\n|-damage|p2a: Mesprit|73/275 psn|[from] psn\n|upkeep\n|turn|6\n|\n|t:|1782906317\n|switch|p1a: Kricketune|Kricketune, L99, F|104/312\n|move|p2a: Mesprit|Knock Off|p1a: Kricketune\n|-damage|p1a: Kricketune|38/312\n|\n|-damage|p2a: Mesprit|39/275 psn|[from] psn\n|upkeep\n|turn|7\n|\n|t:|1782906322\n|move|p1a: Kricketune|Pounce|p2a: Mesprit\n|-supereffective|p2a: Mesprit\n|-damage|p2a: Mesprit|0 fnt\n|faint|p2a: Mesprit\n|\n|upkeep\n|\n|t:|1782906323\n|switch|p2a: Gouging Fire|Gouging Fire, L74|277/277\n|turn|8\n|\n|t:|1782906330\n|move|p1a: Kricketune|Taunt|p2a: Gouging Fire\n|-start|p2a: Gouging Fire|move: Taunt\n|cant|p2a: Gouging Fire|move: Taunt|Dragon Dance\n|\n|upkeep\n|turn|9\n|\n|t:|1782906334\n|move|p1a: Kricketune|Pounce|p2a: Gouging Fire\n|-resisted|p2a: Gouging Fire\n|-damage|p2a: Gouging Fire|236/277\n|-unboost|p2a: Gouging Fire|spe|1\n|move|p2a: Gouging Fire|Heat Crash|p1a: Kricketune\n|-supereffective|p1a: Kricketune\n|-damage|p1a: Kricketune|0 fnt\n|faint|p1a: Kricketune\n|\n|upkeep\n|inactive|bonbonbo has 120 seconds left.\n|\n|t:|1782906375\n|switch|p1a: Cloyster|Cloyster, L80, M|211/211\n|turn|10\n|\n|t:|1782906378\n|move|p1a: Cloyster|Shell Smash|p1a: Cloyster\n|-unboost|p1a: Cloyster|def|1\n|-unboost|p1a: Cloyster|spd|1\n|-boost|p1a: Cloyster|atk|2\n|-boost|p1a: Cloyster|spa|2\n|-boost|p1a: Cloyster|spe|2\n|-enditem|p1a: Cloyster|White Herb\n|-clearnegativeboost|p1a: Cloyster|[silent]\n|move|p2a: Gouging Fire|Heat Crash|p1a: Cloyster\n|-damage|p1a: Cloyster|157/211\n|\n|-end|p2a: Gouging Fire|move: Taunt\n|upkeep\n|turn|11\n|\n|t:|1782906386\n|move|p1a: Cloyster|Rock Blast|p2a: Gouging Fire\n|-supereffective|p2a: Gouging Fire\n|-damage|p2a: Gouging Fire|182/277\n|-supereffective|p2a: Gouging Fire\n|-damage|p2a: Gouging Fire|126/277\n|-supereffective|p2a: Gouging Fire\n|-damage|p2a: Gouging Fire|72/277\n|-supereffective|p2a: Gouging Fire\n|-damage|p2a: Gouging Fire|12/277\n|-supereffective|p2a: Gouging Fire\n|-damage|p2a: Gouging Fire|0 fnt\n|faint|p2a: Gouging Fire\n|-end|p2a: Gouging Fire|Protosynthesis|[silent]\n|-hitcount|p2: Gouging Fire|5\n|\n|upkeep\n|\n|t:|1782906387\n|switch|p2a: Metagross|Metagross, L79|256/256\n|-activate|p2a: Metagross|move: Sticky Web\n|-fail|p2a: Metagross|unboost|[from] ability: Clear Body|[of] p2a: Metagross\n|turn|12\n|\n|t:|1782906393\n|move|p1a: Cloyster|Icicle Spear|p2a: Metagross\n|-resisted|p2a: Metagross\n|-damage|p2a: Metagross|235/256\n|-resisted|p2a: Metagross\n|-damage|p2a: Metagross|217/256\n|-resisted|p2a: Metagross\n|-damage|p2a: Metagross|199/256\n|-resisted|p2a: Metagross\n|-damage|p2a: Metagross|180/256\n|-resisted|p2a: Metagross\n|-damage|p2a: Metagross|162/256\n|-hitcount|p2a: Metagross|5\n|move|p2a: Metagross|Heavy Slam|p1a: Cloyster\n|-damage|p1a: Cloyster|81/211\n|\n|upkeep\n|turn|13\n|\n|t:|1782906395\n|move|p1a: Cloyster|Drill Run|p2a: Metagross\n|-supereffective|p2a: Metagross\n|-damage|p2a: Metagross|0 fnt\n|faint|p2a: Metagross\n|\n|upkeep\n|\n|t:|1782906397\n|switch|p2a: Lokix|Lokix, L82, F|251/251\n|-activate|p2a: Lokix|move: Sticky Web\n|-unboost|p2a: Lokix|spe|1\n|turn|14\n|\n|t:|1782906399\n|move|p2a: Lokix|Sucker Punch|p1a: Cloyster\n|-damage|p1a: Cloyster|29/211\n|-damage|p2a: Lokix|226/251|[from] item: Life Orb\n|move|p1a: Cloyster|Icicle Spear|p2a: Lokix\n|-damage|p2a: Lokix|175/251\n|-damage|p2a: Lokix|121/251\n|-damage|p2a: Lokix|70/251\n|-damage|p2a: Lokix|10/251\n|-damage|p2a: Lokix|0 fnt\n|faint|p2a: Lokix\n|-hitcount|p2: Lokix|5\n|\n|upkeep\n|\n|t:|1782906401\n|switch|p2a: Luxray|Luxray, L88, F|283/283\n|-activate|p2a: Luxray|move: Sticky Web\n|-unboost|p2a: Luxray|spe|1\n|turn|15\n|\n|t:|1782906404\n|-terastallize|p2a: Luxray|Normal\n|move|p1a: Cloyster|Icicle Spear|p2a: Luxray\n|-damage|p2a: Luxray|231/283\n|-damage|p2a: Luxray|176/283\n|-damage|p2a: Luxray|128/283\n|-damage|p2a: Luxray|82/283\n|-damage|p2a: Luxray|30/283\n|-hitcount|p2a: Luxray|5\n|move|p2a: Luxray|Trailblaze|p1a: Cloyster\n|-supereffective|p1a: Cloyster\n|-damage|p1a: Cloyster|0 fnt\n|-boost|p2a: Luxray|spe|1\n|faint|p1a: Cloyster\n|\n|-status|p2a: Luxray|brn|[from] item: Flame Orb\n|upkeep\n|\n|t:|1782906412\n|switch|p1a: Arceus|Arceus-Psychic, L69|280/280\n|turn|16\n|\n|t:|1782906414\n|move|p1a: Arceus|Body Press|p2a: Luxray\n|-supereffective|p2a: Luxray\n|-damage|p2a: Luxray|0 fnt\n|faint|p2a: Luxray\n|\n|upkeep\n|\n|t:|1782906416\n|switch|p2a: Golurk|Golurk, L87|297/297\n|-activate|p2a: Golurk|move: Sticky Web\n|-unboost|p2a: Golurk|spe|1\n|turn|17\n|\n|t:|1782906420\n|switch|p1a: Toucannon|Toucannon, L88, M|284/284\n|move|p2a: Golurk|Dynamic Punch|p1a: Toucannon\n|-damage|p1a: Toucannon|149/284\n|-start|p1a: Toucannon|confusion\n|-damage|p2a: Golurk|268/297|[from] item: Life Orb\n|\n|upkeep\n|turn|18\n|\n|t:|1782906424\n|-singleturn|p1a: Toucannon|move: Beak Blast\n|move|p2a: Golurk|Dynamic Punch|p1a: Toucannon\n|-crit|p1a: Toucannon\n|-damage|p1a: Toucannon|0 fnt\n|-status|p2a: Golurk|brn\n|faint|p1a: Toucannon\n|-damage|p2a: Golurk|239/297 brn|[from] item: Life Orb\n|\n|-damage|p2a: Golurk|221/297 brn|[from] brn\n|upkeep\n|\n|t:|1782906428\n|switch|p1a: Slowking|Slowking-Galar, L85, F|226/300\n|turn|19\n|\n|t:|1782906430\n|move|p1a: Slowking|Surf|p2a: Golurk\n|-supereffective|p2a: Golurk\n|-damage|p2a: Golurk|65/297 brn\n|move|p2a: Golurk|Earthquake|p1a: Slowking\n|-supereffective|p1a: Slowking\n|-damage|p1a: Slowking|38/300\n|-damage|p2a: Golurk|36/297 brn|[from] item: Life Orb\n|\n|-damage|p2a: Golurk|18/297 brn|[from] brn\n|upkeep\n|turn|20\n|\n|t:|1782906432\n|move|p1a: Slowking|Surf|p2a: Golurk\n|-supereffective|p2a: Golurk\n|-damage|p2a: Golurk|0 fnt\n|faint|p2a: Golurk\n|\n|win|bonbonbo\n|raw|bonbonbo's rating: 1768 &rarr; <strong>1786</strong><br />(+18 for winning)\n|raw|jnpr010334's rating: 1732 &rarr; <strong>1714</strong><br />(-18 for losing)\n", "inputlog": ">version f8ac14003a5f27e1bdc8d8c59608a773c1cb96e5\n>start {\"formatid\":\"gen9randombattle\",\"seed\":\"sodium,4b45c2860f125ba84fd31f7ad8e81ce8\",\"rated\":\"Rated battle\"}\n>player p1 {\"name\":\"bonbonbo\",\"avatar\":\"2\",\"rating\":1768,\"seed\":\"sodium,8671a034969edcd8fff1d8d752472e45\"}\n>player p2 {\"name\":\"jnpr010334\",\"avatar\":\"265\",\"rating\":1733,\"seed\":\"sodium,30263065f0ef3f967813bee80df2a841\"}\n>p1 switch 4\n>p2 move thunderbolt\n>p1 move sludgebomb\n>p2 move knockoff\n>p1 switch 2\n>p2 move knockoff\n>p1 move stickyweb\n>p2 move psychicnoise\n>p1 switch 2\n>p2 move psychicnoise\n>p1 switch 2\n>p2 move knockoff\n>p1 move pounce\n>p2 move psychicnoise\n>p2 switch 3\n>p1 move taunt\n>p2 move dragondance\n>p1 move pounce\n>p2 move heatcrash\n>p1 switch 4\n>p1 move shellsmash\n>p2 move heatcrash\n>p1 move rockblast\n>p2 move outrage\n>p2 switch 5\n>p1 move iciclespear\n>p2 move heavyslam\n>p1 move drillrun\n>p2 move heavyslam\n>p2 switch 4\n>p1 move iciclespear\n>p2 move suckerpunch\n>p2 switch 6\n>p1 move iciclespear\n>p2 move trailblaze terastallize\n>p1 switch 3\n>p1 move bodypress\n>p2 move facade\n>p2 switch 2\n>p1 switch 5\n>p2 move dynamicpunch\n>p1 move beakblast\n>p2 move dynamicpunch\n>p1 switch 2\n>p1 move surf\n>p2 move earthquake\n>p1 move surf\n>p2 move earthquake", "uploadtime": 1782906433, "views": 3, "formatid": "gen9randombattle", "rating": 1714, "private": 0, "password": null, "player_dets": [{"name": "bonbonbo", "avatar": "2", "rating": 1768, "seed": "sodium,8671a034969edcd8fff1d8d752472e45"}, {"name": "jnpr010334", "avatar": "265", "rating": 1733, "seed": "sodium,30263065f0ef3f967813bee80df2a841"}], "teams_full": [{"Cloyster": {"name": "Cloyster", "species": "Cloyster", "speciesId": "cloyster", "gender": "M", "shiny": false, "level": 80, "moves": ["shellsmash", "rockblast", "drillrun", "iciclespear"], "ability": "Skill Link", "evs": {"hp": 85, "atk": 85, "def": 85, "spa": 85, "spd": 85, "spe": 85}, "ivs": {"hp": 31, "atk": 31, "def": 31, "spa": 31, "spd": 31, "spe": 31}, "item": "White Herb", "teraType": "Ground", "role": "Fast Attacker", "bvs": {"hp": 50, "atk": 95, "def": 180, "spa": 85, "spd": 45, "spe": 70}, "stats": {"hp": 211, "atk": 198, "def": 334, "spa": 182, "spd": 118, "spe": 158}, "types": ["Water", "Ice"]}, "Kricketune": {"name": "Kricketune", "species": "Kricketune", "speciesId": "kricketune", "gender": "F", "shiny": false, "level": 99, "moves": ["pounce", "taunt", "stickyweb", "knockoff"], "ability": "Technician", "evs": {"hp": 85, "atk": 85, "def": 85, "spa": 85, "spd": 85, "spe": 85}, "ivs": {"hp": 31, "atk": 31, "def": 31, "spa": 31, "spd": 31, "spe": 31}, "item": "Heavy-Duty Boots", "teraType": "Ghost", "role": "Fast Support", "bvs": {"hp": 77, "atk": 85, "def": 51, "spa": 55, "spd": 51, "spe": 65}, "stats": {"hp": 312, "atk": 224, "def": 157, "spa": 165, "spd": 157, "spe": 185}, "types": ["Bug"]}, "Arceus": {"name": "Arceus", "species": "Arceus-Psychic", "speciesId": "arceuspsychic", "gender": "N", "shiny": false, "level": 69, "moves": ["recover", "bodypress", "storedpower", "cosmicpower"], "ability": "Multitype", "evs": {"hp": 85, "atk": 0, "def": 85, "spa": 85, "spd": 85, "spe": 85}, "ivs": {"hp": 31, "atk": 0, "def": 31, "spa": 31, "spd": 31, "spe": 31}, "item": "Mind Plate", "teraType": "Steel", "role": "Bulky Setup", "bvs": {"hp": 120, "atk": 120, "def": 120, "spa": 120, "spd": 120, "spe": 120}, "stats": {"hp": 280, "atk": 170, "def": 206, "spa": 206, "spd": 206, "spe": 206}, "types": ["Psychic"]}, "Slowking": {"name": "Slowking", "species": "Slowking-Galar", "speciesId": "slowkinggalar", "gender": "F", "shiny": false, "level": 85, "moves": ["psychicnoise", "surf", "futuresight", "sludgebomb"], "ability": "Regenerator", "evs": {"hp": 85, "atk": 0, "def": 85, "spa": 85, "spd": 85, "spe": 85}, "ivs": {"hp": 31, "atk": 0, "def": 31, "spa": 31, "spd": 31, "spe": 31}, "item": "Assault Vest", "teraType": "Dark", "role": "AV Pivot", "bvs": {"hp": 95, "atk": 65, "def": 80, "spa": 110, "spd": 110, "spe": 30}, "stats": {"hp": 300, "atk": 115, "def": 185, "spa": 236, "spd": 236, "spe": 100}, "types": ["Poison", "Psychic"]}, "Toucannon": {"name": "Toucannon", "species": "Toucannon", "speciesId": "toucannon", "gender": "M", "shiny": false, "level": 88, "moves": ["roost", "uturn", "beakblast", "boomburst"], "ability": "Keen Eye", "evs": {"hp": 85, "atk": 85, "def": 85, "spa": 85, "spd": 85, "spe": 85}, "ivs": {"hp": 31, "atk": 31, "def": 31, "spa": 31, "spd": 31, "spe": 31}, "item": "Heavy-Duty Boots", "teraType": "Steel", "role": "Bulky Support", "bvs": {"hp": 80, "atk": 120, "def": 75, "spa": 75, "spd": 75, "spe": 60}, "stats": {"hp": 284, "atk": 261, "def": 182, "spa": 182, "spd": 182, "spe": 156}, "types": ["Normal", "Flying"]}, "Regirock": {"name": "Regirock", "species": "Regirock", "speciesId": "regirock", "gender": "N", "shiny": false, "level": 83, "moves": ["bodypress", "irondefense", "rest", "stoneedge"], "ability": "Clear Body", "evs": {"hp": 85, "atk": 85, "def": 85, "spa": 85, "spd": 85, "spe": 85}, "ivs": {"hp": 31, "atk": 31, "def": 31, "spa": 31, "spd": 31, "spe": 31}, "item": "Chesto Berry", "teraType": "Fighting", "role": "Bulky Setup", "bvs": {"hp": 80, "atk": 100, "def": 200, "spa": 50, "spd": 100, "spe": 50}, "stats": {"hp": 268, "atk": 214, "def": 380, "spa": 131, "spd": 214, "spe": 131}, "types": ["Rock"]}}, {"Mesprit": {"name": "Mesprit", "species": "Mesprit", "speciesId": "mesprit", "gender": "N", "shiny": false, "level": 85, "moves": ["thunderbolt", "drainpunch", "knockoff", "psychicnoise"], "ability": "Levitate", "evs": {"hp": 85, "atk": 85, "def": 85, "spa": 85, "spd": 85, "spe": 85}, "ivs": {"hp": 31, "atk": 31, "def": 31, "spa": 31, "spd": 31, "spe": 31}, "item": "Assault Vest", "teraType": "Dark", "role": "Bulky Attacker", "bvs": {"hp": 80, "atk": 105, "def": 105, "spa": 105, "spd": 105, "spe": 80}, "stats": {"hp": 275, "atk": 227, "def": 227, "spa": 227, "spd": 227, "spe": 185}, "types": ["Psychic"]}, "Golurk": {"name": "Golurk", "species": "Golurk", "speciesId": "golurk", "gender": "N", "shiny": false, "level": 87, "moves": ["earthquake", "dynamicpunch", "poltergeist", "stealthrock"], "ability": "No Guard", "evs": {"hp": 85, "atk": 85, "def": 85, "spa": 85, "spd": 85, "spe": 85}, "ivs": {"hp": 31, "atk": 31, "def": 31, "spa": 31, "spd": 31, "spe": 31}, "item": "Life Orb", "teraType": "Fighting", "role": "Wallbreaker", "bvs": {"hp": 89, "atk": 124, "def": 80, "spa": 55, "spd": 80, "spe": 55}, "stats": {"hp": 297, "atk": 266, "def": 189, "spa": 145, "spd": 189, "spe": 145}, "types": ["Ground", "Ghost"]}, "Gouging Fire": {"name": "Gouging Fire", "species": "Gouging Fire", "speciesId": "gougingfire", "gender": "N", "shiny": false, "level": 74, "moves": ["heatcrash", "outrage", "dragondance", "earthquake"], "ability": "Protosynthesis", "evs": {"hp": 85, "atk": 85, "def": 85, "spa": 85, "spd": 85, "spe": 85}, "ivs": {"hp": 31, "atk": 31, "def": 31, "spa": 31, "spd": 31, "spe": 31}, "item": "Heavy-Duty Boots", "teraType": "Ground", "role": "Setup Sweeper", "bvs": {"hp": 105, "atk": 115, "def": 121, "spa": 65, "spd": 93, "spe": 91}, "stats": {"hp": 277, "atk": 213, "def": 222, "spa": 139, "spd": 181, "spe": 178}, "types": ["Fire", "Dragon"]}, "Lokix": {"name": "Lokix", "species": "Lokix", "speciesId": "lokix", "gender": "F", "shiny": false, "level": 82, "moves": ["suckerpunch", "swordsdance", "leechlife", "knockoff"], "ability": "Tinted Lens", "evs": {"hp": 85, "atk": 85, "def": 85, "spa": 85, "spd": 85, "spe": 85}, "ivs": {"hp": 31, "atk": 31, "def": 31, "spa": 31, "spd": 31, "spe": 31}, "item": "Life Orb", "teraType": "Dark", "role": "Setup Sweeper", "bvs": {"hp": 71, "atk": 102, "def": 78, "spa": 52, "spd": 55, "spe": 92}, "stats": {"hp": 251, "atk": 214, "def": 175, "spa": 132, "spd": 137, "spe": 198}, "types": ["Bug", "Dark"]}, "Metagross": {"name": "Metagross", "species": "Metagross", "speciesId": "metagross", "gender": "N", "shiny": false, "level": 79, "moves": ["earthquake", "agility", "psychicfangs", "heavyslam"], "ability": "Clear Body", "evs": {"hp": 85, "atk": 85, "def": 85, "spa": 85, "spd": 85, "spe": 85}, "ivs": {"hp": 31, "atk": 31, "def": 31, "spa": 31, "spd": 31, "spe": 31}, "item": "Weakness Policy", "teraType": "Ground", "role": "Bulky Setup", "bvs": {"hp": 80, "atk": 135, "def": 130, "spa": 95, "spd": 90, "spe": 70}, "stats": {"hp": 256, "atk": 259, "def": 251, "spa": 196, "spd": 188, "spe": 156}, "types": ["Steel", "Psychic"]}, "Luxray": {"name": "Luxray", "species": "Luxray", "speciesId": "luxray", "gender": "F", "shiny": false, "level": 88, "moves": ["playrough", "trailblaze", "supercellslam", "facade"], "ability": "Guts", "evs": {"hp": 81, "atk": 85, "def": 85, "spa": 85, "spd": 85, "spe": 85}, "ivs": {"hp": 31, "atk": 31, "def": 31, "spa": 31, "spd": 31, "spe": 31}, "item": "Flame Orb", "teraType": "Normal", "role": "Setup Sweeper", "bvs": {"hp": 80, "atk": 120, "def": 79, "spa": 95, "spd": 79, "spe": 70}, "stats": {"hp": 283, "atk": 261, "def": 189, "spa": 217, "spd": 189, "spe": 173}, "types": ["Electric"]}}]}