{"id": "gen9randombattle-2642013749", "format": "[Gen 9] Random Battle", "players": ["SZSoo", "notmetbh102"], "log": "|j|\u2606SZSoo\n|j|\u2606notmetbh102\n|t:|1782873337\n|gametype|singles\n|player|p1|SZSoo|swimmer-gen4|2129\n|player|p2|notmetbh102|265|2338\n|gen|9\n|tier|[Gen 9] Random Battle\n|rated|\n|rule|Species Clause: Limit one of each Pok\u00e9mon\n|rule|HP Percentage Mod: HP is shown in percentages\n|rule|Sleep Clause Mod: Limit one foe put to sleep\n|rule|Illusion Level Mod: Illusion disguises the Pok\u00e9mon's true level\n|\n|t:|1782873337\n|teamsize|p1|6\n|teamsize|p2|6\n|start\n|switch|p1a: Minun|Minun, L95, M|268/268\n|switch|p2a: Bronzong|Bronzong, L88|235/235\n|turn|1\n|inactive|Battle timer is ON: inactive players will automatically lose when time's up. (requested by notmetbh102)\n|inactive|SZSoo also wants the timer to be on.\n|c|\u2606notmetbh102|hf\n|\n|t:|1782873353\n|switch|p1a: Malamar|Malamar, L82, F|275/275\n|switch|p2a: Houndstone|Houndstone, L86, F|264/264\n|\n|upkeep\n|turn|2\n|\n|t:|1782873356\n|move|p1a: Malamar|Knock Off|p2a: Houndstone\n|-supereffective|p2a: Houndstone\n|-damage|p2a: Houndstone|177/264\n|-enditem|p2a: Houndstone|Choice Band|[from] move: Knock Off|[of] p1a: Malamar\n|move|p2a: Houndstone|Poltergeist|p1a: Malamar\n|-activate|p1a: Malamar|move: Poltergeist|Leftovers\n|-damage|p1a: Malamar|146/275\n|\n|-heal|p1a: Malamar|163/275|[from] item: Leftovers\n|upkeep\n|turn|3\n|j| Jackbleier11\n|\n|t:|1782873376\n|move|p1a: Malamar|Rest|p1a: Malamar\n|-status|p1a: Malamar|slp|[from] move: Rest\n|-heal|p1a: Malamar|275/275 slp|[silent]\n|move|p2a: Houndstone|Poltergeist|p1a: Malamar\n|-activate|p1a: Malamar|move: Poltergeist|Leftovers\n|-damage|p1a: Malamar|139/275 slp\n|\n|-heal|p1a: Malamar|156/275 slp|[from] item: Leftovers\n|upkeep\n|turn|4\n|\n|t:|1782873380\n|switch|p1a: Clawitzer|Clawitzer, L87, M|265/265\n|move|p2a: Houndstone|Poltergeist|p1a: Clawitzer|[miss]\n|-miss|p2a: Houndstone|p1a: Clawitzer\n|\n|upkeep\n|turn|5\n|\n|t:|1782873383\n|move|p2a: Houndstone|Poltergeist|p1a: Clawitzer\n|-activate|p1a: Clawitzer|move: Poltergeist|Choice Specs\n|-damage|p1a: Clawitzer|145/265\n|move|p1a: Clawitzer|Dark Pulse|p2a: Houndstone\n|-supereffective|p2a: Houndstone\n|-damage|p2a: Houndstone|0 fnt\n|faint|p2a: Houndstone\n|\n|upkeep\n|\n|t:|1782873384\n|switch|p2a: Carbink|Carbink, L90|236/236\n|turn|6\n|\n|t:|1782873396\n|switch|p1a: Minun|Minun, L95, M|268/268\n|move|p2a: Carbink|Iron Defense|p2a: Carbink\n|-boost|p2a: Carbink|def|2\n|\n|upkeep\n|turn|7\n|\n|t:|1782873399\n|switch|p2a: Bronzong|Bronzong, L88|261/261\n|move|p1a: Minun|Encore||[still]\n|-fail|p1a: Minun\n|\n|upkeep\n|turn|8\n|\n|t:|1782873403\n|switch|p1a: Malamar|Malamar, L82, F|156/275 slp\n|move|p2a: Bronzong|Body Press|p1a: Malamar\n|-damage|p1a: Malamar|80/275 slp\n|\n|-heal|p1a: Malamar|97/275 slp|[from] item: Leftovers\n|upkeep\n|turn|9\n|\n|t:|1782873408\n|cant|p1a: Malamar|slp\n|move|p1a: Malamar|Sleep Talk|p1a: Malamar\n|move|p1a: Malamar|Knock Off|p2a: Bronzong|[from] move: Sleep Talk\n|-supereffective|p2a: Bronzong\n|-damage|p2a: Bronzong|127/261\n|-enditem|p2a: Bronzong|Chesto Berry|[from] move: Knock Off|[of] p1a: Malamar\n|move|p2a: Bronzong|Iron Defense|p2a: Bronzong\n|-boost|p2a: Bronzong|def|2\n|\n|-heal|p1a: Malamar|114/275 slp|[from] item: Leftovers\n|upkeep\n|turn|10\n|\n|t:|1782873428\n|switch|p1a: Minun|Minun, L95, M|268/268\n|move|p2a: Bronzong|Iron Head|p1a: Minun\n|-resisted|p1a: Minun\n|-damage|p1a: Minun|212/268\n|\n|upkeep\n|turn|11\n|\n|t:|1782873431\n|move|p1a: Minun|Encore|p2a: Bronzong\n|-start|p2a: Bronzong|Encore\n|move|p2a: Bronzong|Iron Head|p1a: Minun\n|-resisted|p1a: Minun\n|-damage|p1a: Minun|154/268\n|\n|upkeep\n|turn|12\n|\n|t:|1782873433\n|switch|p1a: Clawitzer|Clawitzer, L87, M|145/265\n|switch|p2a: Carbink|Carbink, L90|236/236\n|\n|upkeep\n|turn|13\n|\n|t:|1782873435\n|-terastallize|p2a: Carbink|Fighting\n|move|p1a: Clawitzer|Water Pulse|p2a: Carbink\n|-damage|p2a: Carbink|121/236\n|move|p2a: Carbink|Body Press|p1a: Clawitzer\n|-damage|p1a: Clawitzer|12/265\n|\n|upkeep\n|turn|14\n|\n|t:|1782873438\n|move|p1a: Clawitzer|Water Pulse|p2a: Carbink\n|-damage|p2a: Carbink|3/236\n|move|p2a: Carbink|Rest|p2a: Carbink\n|-status|p2a: Carbink|slp|[from] move: Rest\n|-heal|p2a: Carbink|236/236 slp|[silent]\n|-enditem|p2a: Carbink|Chesto Berry|[eat]\n|-curestatus|p2a: Carbink|slp|[msg]\n|\n|upkeep\n|turn|15\n|\n|t:|1782873440\n|move|p1a: Clawitzer|Water Pulse|p2a: Carbink\n|-damage|p2a: Carbink|134/236\n|move|p2a: Carbink|Body Press|p1a: Clawitzer\n|-damage|p1a: Clawitzer|0 fnt\n|faint|p1a: Clawitzer\n|\n|upkeep\n|\n|t:|1782873449\n|switch|p1a: Infernape|Infernape, L82, F|259/259\n|turn|16\n|\n|t:|1782873451\n|move|p1a: Infernape|Overheat|p2a: Carbink\n|-damage|p2a: Carbink|17/236\n|-unboost|p1a: Infernape|spa|2\n|-damage|p1a: Infernape|234/259|[from] item: Life Orb\n|move|p2a: Carbink|Body Press|p1a: Infernape\n|-crit|p1a: Infernape\n|-damage|p1a: Infernape|0 fnt\n|faint|p1a: Infernape\n|\n|upkeep\n|\n|t:|1782873463\n|switch|p1a: Minun|Minun, L95, M|154/268\n|turn|17\n|\n|t:|1782873465\n|move|p1a: Minun|Thunderbolt|p2a: Carbink\n|-damage|p2a: Carbink|0 fnt\n|faint|p2a: Carbink\n|-damage|p1a: Minun|128/268|[from] item: Life Orb\n|\n|upkeep\n|\n|t:|1782873465\n|switch|p2a: Bronzong|Bronzong, L88|235/235\n|turn|18\n|\n|t:|1782873468\n|move|p1a: Minun|Nasty Plot|p1a: Minun\n|-boost|p1a: Minun|spa|2\n|move|p2a: Bronzong|Dark Pulse|p1a: Minun\n|-damage|p1a: Minun|19/268\n|-damage|p2a: Bronzong|212/235|[from] item: Life Orb\n|\n|upkeep\n|turn|19\n|\n|t:|1782873470\n|switch|p2a: Bronzong|Bronzong, L88|127/261\n|move|p1a: Minun|Thunderbolt|p2a: Bronzong\n|-damage|p2a: Bronzong|0 fnt\n|faint|p2a: Bronzong\n|-damage|p1a: Minun|0 fnt|[from] item: Life Orb\n|faint|p1a: Minun\n|\n|upkeep\n|\n|t:|1782873477\n|switch|p1a: Gurdurr|Gurdurr, L85, F|283/283\n|switch|p2a: Braviary|Braviary, L85, M|309/309\n|turn|20\n|\n|t:|1782873486\n|move|p2a: Braviary|Close Combat|p1a: Gurdurr\n|-damage|p1a: Gurdurr|212/283\n|-unboost|p2a: Braviary|def|1\n|-unboost|p2a: Braviary|spd|1\n|move|p1a: Gurdurr|Bulk Up|p1a: Gurdurr\n|-boost|p1a: Gurdurr|atk|1\n|-boost|p1a: Gurdurr|def|1\n|\n|upkeep\n|turn|21\n|\n|t:|1782873492\n|move|p2a: Braviary|Bulk Up|p2a: Braviary\n|-boost|p2a: Braviary|atk|1\n|-boost|p2a: Braviary|def|1\n|move|p1a: Gurdurr|Drain Punch|p2a: Braviary\n|-damage|p2a: Braviary|173/309\n|-heal|p1a: Gurdurr|280/283|[from] drain|[of] p2a: Braviary\n|\n|upkeep\n|turn|22\n|\n|t:|1782873496\n|move|p2a: Braviary|Roost|p2a: Braviary\n|-heal|p2a: Braviary|309/309\n|-singleturn|p2a: Braviary|move: Roost\n|move|p1a: Gurdurr|Bulk Up|p1a: Gurdurr\n|-boost|p1a: Gurdurr|atk|1\n|-boost|p1a: Gurdurr|def|1\n|\n|upkeep\n|turn|23\n|\n|t:|1782873499\n|move|p2a: Braviary|Bulk Up|p2a: Braviary\n|-boost|p2a: Braviary|atk|1\n|-boost|p2a: Braviary|def|1\n|move|p1a: Gurdurr|Bulk Up|p1a: Gurdurr\n|-boost|p1a: Gurdurr|atk|1\n|-boost|p1a: Gurdurr|def|1\n|\n|upkeep\n|turn|24\n|\n|t:|1782873500\n|move|p2a: Braviary|Bulk Up|p2a: Braviary\n|-boost|p2a: Braviary|atk|1\n|-boost|p2a: Braviary|def|1\n|move|p1a: Gurdurr|Drain Punch|p2a: Braviary\n|-damage|p2a: Braviary|192/309\n|-heal|p1a: Gurdurr|283/283|[from] drain|[of] p2a: Braviary\n|\n|upkeep\n|turn|25\n|\n|t:|1782873502\n|move|p2a: Braviary|Roost|p2a: Braviary\n|-heal|p2a: Braviary|309/309\n|-singleturn|p2a: Braviary|move: Roost\n|move|p1a: Gurdurr|Drain Punch|p2a: Braviary\n|-supereffective|p2a: Braviary\n|-damage|p2a: Braviary|85/309\n|\n|upkeep\n|turn|26\n|\n|t:|1782873504\n|move|p2a: Braviary|Brave Bird|p1a: Gurdurr\n|-supereffective|p1a: Gurdurr\n|-damage|p1a: Gurdurr|53/283\n|-damage|p2a: Braviary|9/309|[from] Recoil\n|move|p1a: Gurdurr|Drain Punch|p2a: Braviary\n|-damage|p2a: Braviary|0 fnt\n|-heal|p1a: Gurdurr|58/283|[from] drain|[of] p2a: Braviary\n|faint|p2a: Braviary\n|\n|upkeep\n|\n|t:|1782873504\n|switch|p2a: Corviknight|Corviknight, L80, M|288/288\n|-ability|p2a: Corviknight|Pressure\n|turn|27\n|\n|t:|1782873506\n|move|p2a: Corviknight|Roost||[still]\n|-fail|p2a: Corviknight|heal\n|move|p1a: Gurdurr|Drain Punch|p2a: Corviknight\n|-damage|p2a: Corviknight|98/288\n|-heal|p1a: Gurdurr|153/283|[from] drain|[of] p2a: Corviknight\n|\n|-heal|p2a: Corviknight|116/288|[from] item: Leftovers\n|upkeep\n|turn|28\n|\n|t:|1782873515\n|move|p2a: Corviknight|Brave Bird|p1a: Gurdurr\n|-supereffective|p1a: Gurdurr\n|-damage|p1a: Gurdurr|91/283\n|-damage|p2a: Corviknight|96/288|[from] Recoil\n|move|p1a: Gurdurr|Drain Punch|p2a: Corviknight\n|-damage|p2a: Corviknight|0 fnt\n|-heal|p1a: Gurdurr|139/283|[from] drain|[of] p2a: Corviknight\n|faint|p2a: Corviknight\n|\n|upkeep\n|\n|t:|1782873516\n|switch|p2a: Zoroark|Zoroark, L83, M|212/235\n|turn|29\n|\n|t:|1782873530\n|move|p1a: Gurdurr|Mach Punch|p2a: Zoroark\n|-supereffective|p2a: Zoroark\n|-damage|p2a: Zoroark|0 fnt\n|faint|p2a: Zoroark\n|\n|win|SZSoo\n|raw|SZSoo's rating: 2129 &rarr; <strong>2160</strong><br />(+31 for winning)\n|raw|notmetbh102's rating: 2338 &rarr; <strong>2307</strong><br />(-31 for losing)\n|c|\u2606notmetbh102|gg\n", "inputlog": ">version f8ac14003a5f27e1bdc8d8c59608a773c1cb96e5\n>start {\"formatid\":\"gen9randombattle\",\"seed\":\"sodium,04806005fe0be82020a521bf30de0968\",\"rated\":\"Rated battle\"}\n>player p1 {\"name\":\"SZSoo\",\"avatar\":\"swimmer-gen4\",\"rating\":2129,\"seed\":\"sodium,feb60ae4d625805b3ec71a023545984f\"}\n>player p2 {\"name\":\"notmetbh102\",\"avatar\":\"265\",\"rating\":2338,\"seed\":\"sodium,6475e45333f806372ea7f896fafbd407\"}\n>chat \u2606notmetbh102|hf\n>p1 switch 3\n>p2 switch 3\n>p1 move knockoff\n>p2 move poltergeist\n>p1 move rest\n>p2 move poltergeist\n>p1 switch 2\n>p2 move poltergeist\n>p1 move darkpulse\n>p2 move poltergeist\n>p2 switch 5\n>p1 switch 3\n>p2 move irondefense\n>p1 move encore\n>p2 switch 6\n>p1 switch 2\n>p2 move bodypress\n>p1 move sleeptalk\n>p2 move irondefense\n>p1 switch 2\n>p2 move ironhead\n>p1 move encore\n>p2 move bodypress\n>p1 switch 3\n>p2 switch 6\n>p1 move waterpulse\n>p2 move bodypress terastallize\n>p1 move waterpulse\n>p2 move rest\n>p1 move waterpulse\n>p2 move bodypress\n>p1 switch 5\n>p1 move overheat\n>p2 move bodypress\n>p1 switch 3\n>p1 move thunderbolt\n>p2 move bodypress\n>p2 switch 3\n>p1 move nastyplot\n>p2 move darkpulse\n>p1 move thunderbolt\n>p2 switch 6\n>p1 switch 4\n>p2 switch 4\n>p1 move bulkup\n>p2 move closecombat\n>p1 move drainpunch\n>p2 move bulkup\n>p1 move bulkup\n>p2 move roost\n>p1 move bulkup\n>p2 move bulkup\n>p1 move drainpunch\n>p2 move bulkup\n>p1 move drainpunch\n>p2 move roost\n>p1 move drainpunch\n>p2 move bravebird\n>p2 switch 2\n>p1 move drainpunch\n>p2 move roost\n>p1 move drainpunch\n>p2 move bravebird\n>p2 switch 6\n>p1 move machpunch\n>p2 move sludgebomb", "uploadtime": 1782873531, "views": 6, "formatid": "gen9randombattle", "rating": 2160, "private": 0, "password": null, "player_dets": [{"name": "SZSoo", "avatar": "swimmer-gen4", "rating": 2129, "seed": "sodium,feb60ae4d625805b3ec71a023545984f"}, {"name": "notmetbh102", "avatar": "265", "rating": 2338, "seed": "sodium,6475e45333f806372ea7f896fafbd407"}], "teams_full": [{"Minun": {"name": "Minun", "species": "Minun", "speciesId": "minun", "gender": "M", "shiny": false, "level": 95, "moves": ["thunderbolt", "grassknot", "nastyplot", "encore"], "ability": "Volt Absorb", "evs": {"hp": 85, "atk": 0, "def": 85, "spa": 85, "spd": 85, "spe": 85}, "ivs": {"hp": 31, "atk": 0, "def": 31, "spa": 31, "spd": 31, "spe": 31}, "item": "Life Orb", "teraType": "Grass", "role": "Setup Sweeper", "bvs": {"hp": 60, "atk": 40, "def": 50, "spa": 75, "spd": 85, "spe": 95}, "stats": {"hp": 268, "atk": 81, "def": 149, "spa": 196, "spd": 215, "spe": 234}, "types": ["Electric"]}, "Clawitzer": {"name": "Clawitzer", "species": "Clawitzer", "speciesId": "clawitzer", "gender": "M", "shiny": false, "level": 87, "moves": ["uturn", "aurasphere", "waterpulse", "darkpulse"], "ability": "Mega Launcher", "evs": {"hp": 85, "atk": 85, "def": 85, "spa": 85, "spd": 85, "spe": 85}, "ivs": {"hp": 31, "atk": 31, "def": 31, "spa": 31, "spd": 31, "spe": 31}, "item": "Choice Specs", "teraType": "Dark", "role": "Wallbreaker", "bvs": {"hp": 71, "atk": 73, "def": 88, "spa": 120, "spd": 89, "spe": 59}, "stats": {"hp": 265, "atk": 177, "def": 203, "spa": 259, "spd": 205, "spe": 152}, "types": ["Water"]}, "Malamar": {"name": "Malamar", "species": "Malamar", "speciesId": "malamar", "gender": "F", "shiny": false, "level": 82, "moves": ["superpower", "knockoff", "sleeptalk", "rest"], "ability": "Contrary", "evs": {"hp": 85, "atk": 85, "def": 85, "spa": 85, "spd": 85, "spe": 85}, "ivs": {"hp": 31, "atk": 31, "def": 31, "spa": 31, "spd": 31, "spe": 31}, "item": "Leftovers", "teraType": "Steel", "role": "Bulky Setup", "bvs": {"hp": 86, "atk": 92, "def": 88, "spa": 68, "spd": 75, "spe": 73}, "stats": {"hp": 275, "atk": 198, "def": 191, "spa": 159, "spd": 170, "spe": 167}, "types": ["Dark", "Psychic"]}, "Gurdurr": {"name": "Gurdurr", "species": "Gurdurr", "speciesId": "gurdurr", "gender": "F", "shiny": false, "level": 85, "moves": ["bulkup", "machpunch", "drainpunch", "knockoff"], "ability": "Guts", "evs": {"hp": 85, "atk": 85, "def": 85, "spa": 85, "spd": 85, "spe": 85}, "ivs": {"hp": 31, "atk": 31, "def": 31, "spa": 31, "spd": 31, "spe": 31}, "item": "Eviolite", "teraType": "Steel", "role": "Bulky Attacker", "bvs": {"hp": 85, "atk": 105, "def": 85, "spa": 40, "spd": 50, "spe": 40}, "stats": {"hp": 283, "atk": 227, "def": 193, "spa": 117, "spd": 134, "spe": 117}, "types": ["Fighting"]}, "Infernape": {"name": "Infernape", "species": "Infernape", "speciesId": "infernape", "gender": "F", "shiny": false, "level": 82, "moves": ["closecombat", "knockoff", "overheat", "machpunch"], "ability": "Blaze", "evs": {"hp": 85, "atk": 85, "def": 85, "spa": 85, "spd": 85, "spe": 85}, "ivs": {"hp": 31, "atk": 31, "def": 31, "spa": 31, "spd": 31, "spe": 31}, "item": "Life Orb", "teraType": "Dark", "role": "Fast Attacker", "bvs": {"hp": 76, "atk": 104, "def": 71, "spa": 104, "spd": 71, "spe": 108}, "stats": {"hp": 259, "atk": 218, "def": 164, "spa": 218, "spd": 164, "spe": 224}, "types": ["Fire", "Fighting"]}, "Jolteon": {"name": "Jolteon", "species": "Jolteon", "speciesId": "jolteon", "gender": "M", "shiny": false, "level": 84, "moves": ["calmmind", "substitute", "thunderbolt", "terablast"], "ability": "Volt Absorb", "evs": {"hp": 85, "atk": 0, "def": 85, "spa": 85, "spd": 85, "spe": 85}, "ivs": {"hp": 31, "atk": 0, "def": 31, "spa": 31, "spd": 31, "spe": 31}, "item": "Leftovers", "teraType": "Ice", "role": "Tera Blast user", "bvs": {"hp": 65, "atk": 65, "def": 60, "spa": 110, "spd": 95, "spe": 130}, "stats": {"hp": 246, "atk": 114, "def": 149, "spa": 233, "spd": 208, "spe": 267}, "types": ["Electric"]}}, {"Zoroark": {"name": "Zoroark", "species": "Zoroark", "speciesId": "zoroark", "gender": "M", "shiny": false, "level": 83, "moves": ["sludgebomb", "focusblast", "darkpulse", "nastyplot"], "ability": "Illusion", "evs": {"hp": 85, "atk": 0, "def": 85, "spa": 85, "spd": 85, "spe": 85}, "ivs": {"hp": 31, "atk": 0, "def": 31, "spa": 31, "spd": 31, "spe": 31}, "item": "Life Orb", "teraType": "Poison", "role": "Setup Sweeper", "bvs": {"hp": 60, "atk": 105, "def": 60, "spa": 120, "spd": 60, "spe": 105}, "stats": {"hp": 235, "atk": 179, "def": 147, "spa": 247, "spd": 147, "spe": 222}, "types": ["Dark"]}, "Corviknight": {"name": "Corviknight", "species": "Corviknight", "speciesId": "corviknight", "gender": "M", "shiny": false, "level": 80, "moves": ["roost", "uturn", "bravebird", "defog"], "ability": "Pressure", "evs": {"hp": 85, "atk": 85, "def": 85, "spa": 85, "spd": 85, "spe": 85}, "ivs": {"hp": 31, "atk": 31, "def": 31, "spa": 31, "spd": 31, "spe": 31}, "item": "Leftovers", "teraType": "Dragon", "role": "Bulky Support", "bvs": {"hp": 98, "atk": 87, "def": 105, "spa": 53, "spd": 85, "spe": 67}, "stats": {"hp": 288, "atk": 185, "def": 214, "spa": 131, "spd": 182, "spe": 153}, "types": ["Flying", "Steel"]}, "Houndstone": {"name": "Houndstone", "species": "Houndstone", "speciesId": "houndstone", "gender": "F", "shiny": false, "level": 86, "moves": ["shadowsneak", "trick", "poltergeist", "bodypress"], "ability": "Fluffy", "evs": {"hp": 85, "atk": 85, "def": 85, "spa": 85, "spd": 85, "spe": 85}, "ivs": {"hp": 31, "atk": 31, "def": 31, "spa": 31, "spd": 31, "spe": 31}, "item": "Choice Band", "teraType": "Fighting", "role": "Bulky Attacker", "bvs": {"hp": 72, "atk": 101, "def": 100, "spa": 50, "spd": 97, "spe": 68}, "stats": {"hp": 264, "atk": 223, "def": 221, "spa": 135, "spd": 216, "spe": 166}, "types": ["Ghost"]}, "Braviary": {"name": "Braviary", "species": "Braviary", "speciesId": "braviary", "gender": "M", "shiny": false, "level": 85, "moves": ["bravebird", "roost", "bulkup", "closecombat"], "ability": "Defiant", "evs": {"hp": 85, "atk": 85, "def": 85, "spa": 85, "spd": 85, "spe": 85}, "ivs": {"hp": 31, "atk": 31, "def": 31, "spa": 31, "spd": 31, "spe": 31}, "item": "Heavy-Duty Boots", "teraType": "Fighting", "role": "Fast Bulky Setup", "bvs": {"hp": 100, "atk": 123, "def": 75, "spa": 57, "spd": 75, "spe": 80}, "stats": {"hp": 309, "atk": 258, "def": 176, "spa": 146, "spd": 176, "spe": 185}, "types": ["Normal", "Flying"]}, "Carbink": {"name": "Carbink", "species": "Carbink", "speciesId": "carbink", "gender": "N", "shiny": false, "level": 90, "moves": ["bodypress", "irondefense", "rest", "moonblast"], "ability": "Sturdy", "evs": {"hp": 85, "atk": 0, "def": 85, "spa": 85, "spd": 85, "spe": 85}, "ivs": {"hp": 31, "atk": 0, "def": 31, "spa": 31, "spd": 31, "spe": 31}, "item": "Chesto Berry", "teraType": "Fighting", "role": "Fast Bulky Setup", "bvs": {"hp": 50, "atk": 50, "def": 150, "spa": 50, "spd": 150, "spe": 50}, "stats": {"hp": 236, "atk": 95, "def": 321, "spa": 141, "spd": 321, "spe": 141}, "types": ["Rock", "Fairy"]}, "Bronzong": {"name": "Bronzong", "species": "Bronzong", "speciesId": "bronzong", "gender": "N", "shiny": false, "level": 88, "moves": ["irondefense", "rest", "bodypress", "ironhead"], "ability": "Levitate", "evs": {"hp": 85, "atk": 85, "def": 85, "spa": 85, "spd": 85, "spe": 85}, "ivs": {"hp": 31, "atk": 31, "def": 31, "spa": 31, "spd": 31, "spe": 31}, "item": "Chesto Berry", "teraType": "Fighting", "role": "Bulky Setup", "bvs": {"hp": 67, "atk": 89, "def": 116, "spa": 79, "spd": 116, "spe": 33}, "stats": {"hp": 261, "atk": 207, "def": 254, "spa": 189, "spd": 254, "spe": 108}, "types": ["Steel", "Psychic"]}}]}