{"id": "gen9randombattle-2642110492", "format": "[Gen 9] Random Battle", "players": ["Porygon Zzium Z", "forcemajor14"], "log": "|j|\u2606Porygon Zzium Z\n|j|\u2606forcemajor14\n|t:|1782892173\n|gametype|singles\n|player|p1|Porygon Zzium Z|170|2021\n|player|p2|forcemajor14|266|2058\n|gen|9\n|tier|[Gen 9] Random Battle\n|rated|\n|rule|Species Clause: Limit one of each Pok\u00e9mon\n|rule|HP Percentage Mod: HP is shown in percentages\n|rule|Sleep Clause Mod: Limit one foe put to sleep\n|rule|Illusion Level Mod: Illusion disguises the Pok\u00e9mon's true level\n|\n|t:|1782892173\n|teamsize|p1|6\n|teamsize|p2|6\n|start\n|switch|p1a: Scrafty|Scrafty, L83, M|244/244\n|switch|p2a: Dondozo|Dondozo, L78, M|362/362\n|-ability|p1a: Scrafty|Intimidate|boost\n|-unboost|p2a: Dondozo|atk|1\n|turn|1\n|inactive|Battle timer is ON: inactive players will automatically lose when time's up. (requested by Porygon Zzium Z)\n|inactive|forcemajor14 also wants the timer to be on.\n|\n|t:|1782892185\n|switch|p2a: Grafaiai|Grafaiai, L86, M|249/249\n|move|p1a: Scrafty|Knock Off|p2a: Grafaiai\n|-damage|p2a: Grafaiai|122/249\n|-enditem|p2a: Grafaiai|Life Orb|[from] move: Knock Off|[of] p1a: Scrafty\n|\n|upkeep\n|turn|2\n|\n|t:|1782892192\n|move|p2a: Grafaiai|Swords Dance|p2a: Grafaiai\n|-boost|p2a: Grafaiai|atk|2\n|move|p1a: Scrafty|Dragon Dance|p1a: Scrafty\n|-boost|p1a: Scrafty|atk|1\n|-boost|p1a: Scrafty|spe|1\n|\n|upkeep\n|turn|3\n|\n|t:|1782892195\n|move|p2a: Grafaiai|Gunk Shot|p1a: Scrafty\n|-damage|p1a: Scrafty|37/244\n|move|p1a: Scrafty|Dragon Dance|p1a: Scrafty\n|-boost|p1a: Scrafty|atk|1\n|-boost|p1a: Scrafty|spe|1\n|\n|-heal|p1a: Scrafty|52/244|[from] item: Leftovers\n|upkeep\n|turn|4\n|\n|t:|1782892200\n|switch|p2a: Dondozo|Dondozo, L78, M|362/362\n|move|p1a: Scrafty|Knock Off|p2a: Dondozo\n|-damage|p2a: Dondozo|284/362\n|-enditem|p2a: Dondozo|Leftovers|[from] move: Knock Off|[of] p1a: Scrafty\n|\n|-heal|p1a: Scrafty|67/244|[from] item: Leftovers\n|upkeep\n|turn|5\n|\n|t:|1782892202\n|move|p1a: Scrafty|Drain Punch|p2a: Dondozo\n|-damage|p2a: Dondozo|212/362\n|-heal|p1a: Scrafty|103/244|[from] drain|[of] p2a: Dondozo\n|move|p2a: Dondozo|Wave Crash|p1a: Scrafty\n|-damage|p1a: Scrafty|16/244\n|-damage|p2a: Dondozo|183/362|[from] Recoil\n|\n|-heal|p1a: Scrafty|31/244|[from] item: Leftovers\n|upkeep\n|turn|6\n|\n|t:|1782892207\n|move|p1a: Scrafty|Drain Punch|p2a: Dondozo\n|-damage|p2a: Dondozo|113/362\n|-heal|p1a: Scrafty|66/244|[from] drain|[of] p2a: Dondozo\n|move|p2a: Dondozo|Rest|p2a: Dondozo\n|-status|p2a: Dondozo|slp|[from] move: Rest\n|-heal|p2a: Dondozo|362/362 slp|[silent]\n|\n|-heal|p1a: Scrafty|81/244|[from] item: Leftovers\n|upkeep\n|turn|7\n|\n|t:|1782892211\n|move|p1a: Scrafty|Drain Punch|p2a: Dondozo\n|-damage|p2a: Dondozo|296/362 slp\n|-heal|p1a: Scrafty|114/244|[from] drain|[of] p2a: Dondozo\n|cant|p2a: Dondozo|slp\n|move|p2a: Dondozo|Sleep Talk|p2a: Dondozo\n|move|p2a: Dondozo|Curse|p2a: Dondozo|[from] move: Sleep Talk\n|-unboost|p2a: Dondozo|spe|1\n|-boost|p2a: Dondozo|atk|1\n|-boost|p2a: Dondozo|def|1\n|\n|-heal|p1a: Scrafty|129/244|[from] item: Leftovers\n|upkeep\n|turn|8\n|\n|t:|1782892214\n|switch|p1a: Deoxys|Deoxys-Defense, L84|221/221\n|-ability|p1a: Deoxys|Pressure\n|cant|p2a: Dondozo|slp\n|move|p2a: Dondozo|Sleep Talk|p2a: Dondozo\n|move|p2a: Dondozo|Curse|p2a: Dondozo|[from] move: Sleep Talk\n|-unboost|p2a: Dondozo|spe|1\n|-boost|p2a: Dondozo|atk|1\n|-boost|p2a: Dondozo|def|1\n|\n|upkeep\n|turn|9\n|\n|t:|1782892217\n|switch|p2a: Appletun|Appletun, L92, F|352/352\n|move|p1a: Deoxys|Psychic Noise|p2a: Appletun\n|-damage|p2a: Appletun|294/352\n|-start|p2a: Appletun|move: Heal Block\n|\n|upkeep\n|turn|10\n|\n|t:|1782892219\n|move|p1a: Deoxys|Spikes|p2a: Appletun\n|-sidestart|p2: forcemajor14|Spikes\n|move|p2a: Appletun|Dragon Pulse|p1a: Deoxys\n|-damage|p1a: Deoxys|152/221\n|\n|-heal|p1a: Deoxys|165/221|[from] item: Leftovers\n|-end|p2a: Appletun|move: Heal Block\n|upkeep\n|turn|11\n|\n|t:|1782892224\n|move|p1a: Deoxys|Spikes|p2a: Appletun\n|-sidestart|p2: forcemajor14|Spikes\n|move|p2a: Appletun|Apple Acid|p1a: Deoxys\n|-damage|p1a: Deoxys|98/221\n|-unboost|p1a: Deoxys|spd|1\n|\n|-heal|p1a: Deoxys|111/221|[from] item: Leftovers\n|-heal|p2a: Appletun|316/352|[from] item: Leftovers\n|upkeep\n|turn|12\n|\n|t:|1782892228\n|move|p1a: Deoxys|Spikes|p2a: Appletun\n|-sidestart|p2: forcemajor14|Spikes\n|move|p2a: Appletun|Apple Acid|p1a: Deoxys\n|-damage|p1a: Deoxys|17/221\n|-unboost|p1a: Deoxys|spd|1\n|\n|-heal|p1a: Deoxys|30/221|[from] item: Leftovers\n|-heal|p2a: Appletun|338/352|[from] item: Leftovers\n|upkeep\n|turn|13\n|\n|t:|1782892231\n|switch|p1a: Scrafty|Scrafty, L83, M|129/244\n|-ability|p1a: Scrafty|Intimidate|boost\n|-unboost|p2a: Appletun|atk|1\n|move|p2a: Appletun|Apple Acid|p1a: Scrafty\n|-damage|p1a: Scrafty|44/244\n|-unboost|p1a: Scrafty|spd|1\n|\n|-heal|p1a: Scrafty|59/244|[from] item: Leftovers\n|-heal|p2a: Appletun|352/352|[from] item: Leftovers\n|upkeep\n|turn|14\n|\n|t:|1782892235\n|move|p1a: Scrafty|Poison Jab|p2a: Appletun\n|-supereffective|p2a: Appletun\n|-damage|p2a: Appletun|256/352\n|-status|p2a: Appletun|psn\n|move|p2a: Appletun|Apple Acid|p1a: Scrafty\n|-damage|p1a: Scrafty|0 fnt\n|faint|p1a: Scrafty\n|\n|-heal|p2a: Appletun|278/352 psn|[from] item: Leftovers\n|-damage|p2a: Appletun|234/352 psn|[from] psn\n|upkeep\n|\n|t:|1782892238\n|switch|p1a: Deoxys|Deoxys-Defense, L84|30/221\n|-ability|p1a: Deoxys|Pressure\n|turn|15\n|\n|t:|1782892241\n|move|p1a: Deoxys|Recover|p1a: Deoxys\n|-heal|p1a: Deoxys|141/221\n|move|p2a: Appletun|Apple Acid|p1a: Deoxys\n|-damage|p1a: Deoxys|77/221\n|-unboost|p1a: Deoxys|spd|1\n|\n|-heal|p1a: Deoxys|90/221|[from] item: Leftovers\n|-heal|p2a: Appletun|256/352 psn|[from] item: Leftovers\n|-damage|p2a: Appletun|212/352 psn|[from] psn\n|upkeep\n|turn|16\n|\n|t:|1782892250\n|switch|p1a: Leavanny|Leavanny, L86, M|269/269\n|move|p2a: Appletun|Apple Acid|p1a: Leavanny\n|-resisted|p1a: Leavanny\n|-damage|p1a: Leavanny|241/269\n|-unboost|p1a: Leavanny|spd|1\n|\n|-heal|p2a: Appletun|234/352 psn|[from] item: Leftovers\n|-damage|p2a: Appletun|190/352 psn|[from] psn\n|upkeep\n|turn|17\n|\n|t:|1782892253\n|switch|p2a: Magcargo|Magcargo, L95, M|268/268\n|move|p1a: Leavanny|Sticky Web|p2a: Magcargo\n|-sidestart|p2: forcemajor14|move: Sticky Web\n|\n|upkeep\n|turn|18\n|\n|t:|1782892257\n|move|p1a: Leavanny|Bullet Seed|p2a: Magcargo\n|-damage|p2a: Magcargo|249/268\n|-ability|p2a: Magcargo|Weak Armor|boost\n|-unboost|p2a: Magcargo|def|1\n|-boost|p2a: Magcargo|spe|2\n|-damage|p2a: Magcargo|219/268\n|-ability|p2a: Magcargo|Weak Armor|boost\n|-unboost|p2a: Magcargo|def|1\n|-boost|p2a: Magcargo|spe|2\n|-damage|p2a: Magcargo|179/268\n|-ability|p2a: Magcargo|Weak Armor|boost\n|-unboost|p2a: Magcargo|def|1\n|-boost|p2a: Magcargo|spe|2\n|-damage|p2a: Magcargo|127/268\n|-ability|p2a: Magcargo|Weak Armor|boost\n|-unboost|p2a: Magcargo|def|1\n|-damage|p2a: Magcargo|70/268\n|-ability|p2a: Magcargo|Weak Armor|boost\n|-unboost|p2a: Magcargo|def|1\n|-hitcount|p2a: Magcargo|5\n|move|p2a: Magcargo|Shell Smash|p2a: Magcargo\n|-unboost|p2a: Magcargo|def|1\n|-unboost|p2a: Magcargo|spd|1\n|-boost|p2a: Magcargo|atk|2\n|-boost|p2a: Magcargo|spa|2\n|-boost|p2a: Magcargo|spe|0\n|\n|upkeep\n|turn|19\n|\n|t:|1782892276\n|switch|p1a: Deoxys|Deoxys-Defense, L84|90/221\n|-ability|p1a: Deoxys|Pressure\n|move|p2a: Magcargo|Power Gem|p1a: Deoxys\n|-damage|p1a: Deoxys|0 fnt\n|faint|p1a: Deoxys\n|\n|upkeep\n|\n|t:|1782892278\n|switch|p1a: Grimmsnarl|Grimmsnarl, L83, M|293/293\n|turn|20\n|\n|t:|1782892282\n|move|p1a: Grimmsnarl|Sucker Punch||[still]\n|-fail|p1a: Grimmsnarl\n|move|p2a: Magcargo|Shell Smash|p2a: Magcargo\n|-unboost|p2a: Magcargo|def|0\n|-unboost|p2a: Magcargo|spd|1\n|-boost|p2a: Magcargo|atk|2\n|-boost|p2a: Magcargo|spa|2\n|-boost|p2a: Magcargo|spe|0\n|\n|upkeep\n|turn|21\n|\n|t:|1782892285\n|switch|p2a: Seviper|Seviper, L93, F|287/287\n|-damage|p2a: Seviper|216/287|[from] Spikes\n|-activate|p2a: Seviper|move: Sticky Web\n|-unboost|p2a: Seviper|spe|1\n|move|p1a: Grimmsnarl|Sucker Punch||[still]\n|-fail|p1a: Grimmsnarl\n|\n|-heal|p2a: Seviper|233/287|[from] item: Leftovers\n|upkeep\n|turn|22\n|\n|t:|1782892287\n|move|p1a: Grimmsnarl|Parting Shot|p2a: Seviper\n|-unboost|p2a: Seviper|atk|1\n|-unboost|p2a: Seviper|spa|1\n|\n|t:|1782892289\n|switch|p1a: Leavanny|Leavanny, L86, M|241/269|[from] Parting Shot\n|move|p2a: Seviper|Gunk Shot|p1a: Leavanny\n|-supereffective|p1a: Leavanny\n|-damage|p1a: Leavanny|25/269\n|\n|-heal|p2a: Seviper|250/287|[from] item: Leftovers\n|upkeep\n|turn|23\n|\n|t:|1782892294\n|move|p1a: Leavanny|Knock Off|p2a: Seviper\n|-damage|p2a: Seviper|160/287\n|-enditem|p2a: Seviper|Leftovers|[from] move: Knock Off|[of] p1a: Leavanny\n|move|p2a: Seviper|Trailblaze|p1a: Leavanny\n|-resisted|p1a: Leavanny\n|-damage|p1a: Leavanny|18/269\n|-boost|p2a: Seviper|spe|1\n|\n|upkeep\n|turn|24\n|\n|t:|1782892298\n|move|p1a: Leavanny|Triple Axel|p2a: Seviper\n|-damage|p2a: Seviper|143/287\n|-damage|p2a: Seviper|103/287\n|-damage|p2a: Seviper|47/287\n|-hitcount|p2a: Seviper|3\n|move|p2a: Seviper|Trailblaze|p1a: Leavanny\n|-resisted|p1a: Leavanny\n|-damage|p1a: Leavanny|11/269\n|-boost|p2a: Seviper|spe|1\n|\n|upkeep\n|turn|25\n|\n|t:|1782892304\n|move|p2a: Seviper|Gunk Shot|p1a: Leavanny\n|-supereffective|p1a: Leavanny\n|-damage|p1a: Leavanny|0 fnt\n|faint|p1a: Leavanny\n|\n|upkeep\n|\n|t:|1782892307\n|switch|p1a: Azumarill|Azumarill, L82, F|298/298\n|turn|26\n|\n|t:|1782892309\n|move|p1a: Azumarill|Aqua Jet|p2a: Seviper\n|-damage|p2a: Seviper|0 fnt\n|faint|p2a: Seviper\n|\n|upkeep\n|\n|t:|1782892310\n|switch|p2a: Hitmontop|Hitmontop, L88, M|231/231\n|-damage|p2a: Hitmontop|174/231|[from] Spikes\n|-activate|p2a: Hitmontop|move: Sticky Web\n|-unboost|p2a: Hitmontop|spe|1\n|-ability|p2a: Hitmontop|Intimidate|boost\n|-unboost|p1a: Azumarill|atk|1\n|turn|27\n|\n|t:|1782892316\n|switch|p1a: Komala|Komala, L88, M|258/258\n|-ability|p1a: Komala|Comatose\n|move|p2a: Hitmontop|Rapid Spin|p1a: Komala\n|-crit|p1a: Komala\n|-damage|p1a: Komala|187/258\n|-boost|p2a: Hitmontop|spe|1\n|-sideend|p2: forcemajor14|Spikes|[from] move: Rapid Spin|[of] p2a: Hitmontop\n|-sideend|p2: forcemajor14|Sticky Web|[from] move: Rapid Spin|[of] p2a: Hitmontop\n|\n|upkeep\n|turn|28\n|\n|t:|1782892320\n|move|p2a: Hitmontop|Close Combat|p1a: Komala\n|-supereffective|p1a: Komala\n|-damage|p1a: Komala|0 fnt\n|-unboost|p2a: Hitmontop|def|1\n|-unboost|p2a: Hitmontop|spd|1\n|faint|p1a: Komala\n|\n|upkeep\n|\n|t:|1782892323\n|switch|p1a: Grimmsnarl|Grimmsnarl, L83, M|293/293\n|turn|29\n|\n|t:|1782892326\n|switch|p2a: Magcargo|Magcargo, L95, M|70/268\n|move|p1a: Grimmsnarl|Spirit Break|p2a: Magcargo\n|-resisted|p2a: Magcargo\n|-damage|p2a: Magcargo|40/268\n|-unboost|p2a: Magcargo|spa|1\n|-ability|p2a: Magcargo|Weak Armor|boost\n|-unboost|p2a: Magcargo|def|1\n|-boost|p2a: Magcargo|spe|2\n|\n|upkeep\n|turn|30\n|\n|t:|1782892330\n|move|p2a: Magcargo|Shell Smash|p2a: Magcargo\n|-unboost|p2a: Magcargo|def|1\n|-unboost|p2a: Magcargo|spd|1\n|-boost|p2a: Magcargo|atk|2\n|-boost|p2a: Magcargo|spa|2\n|-boost|p2a: Magcargo|spe|2\n|move|p1a: Grimmsnarl|Spirit Break|p2a: Magcargo\n|-resisted|p2a: Magcargo\n|-damage|p2a: Magcargo|0 fnt\n|faint|p2a: Magcargo\n|\n|upkeep\n|\n|t:|1782892332\n|switch|p2a: Grafaiai|Grafaiai, L86, M|122/249\n|turn|31\n|\n|t:|1782892338\n|-terastallize|p1a: Grimmsnarl|Steel\n|move|p2a: Grafaiai|Gunk Shot|p1a: Grimmsnarl\n|-immune|p1a: Grimmsnarl\n|move|p1a: Grimmsnarl|Spirit Break|p2a: Grafaiai\n|-resisted|p2a: Grafaiai\n|-damage|p2a: Grafaiai|62/249\n|-unboost|p2a: Grafaiai|spa|1\n|\n|upkeep\n|turn|32\n|\n|t:|1782892342\n|move|p1a: Grimmsnarl|Sucker Punch|p2a: Grafaiai\n|-damage|p2a: Grafaiai|0 fnt\n|faint|p2a: Grafaiai\n|\n|upkeep\n|\n|t:|1782892346\n|switch|p2a: Hitmontop|Hitmontop, L88, M|174/231\n|-ability|p2a: Hitmontop|Intimidate|boost\n|-unboost|p1a: Grimmsnarl|atk|1\n|turn|33\n|\n|t:|1782892352\n|move|p1a: Grimmsnarl|Thunder Wave|p2a: Hitmontop\n|-status|p2a: Hitmontop|par\n|move|p2a: Hitmontop|Close Combat|p1a: Grimmsnarl\n|-supereffective|p1a: Grimmsnarl\n|-damage|p1a: Grimmsnarl|0 fnt\n|-unboost|p2a: Hitmontop|def|1\n|-unboost|p2a: Hitmontop|spd|1\n|faint|p1a: Grimmsnarl\n|\n|upkeep\n|\n|t:|1782892354\n|switch|p1a: Azumarill|Azumarill, L82, F|298/298\n|turn|34\n|\n|t:|1782892356\n|move|p1a: Azumarill|Play Rough|p2a: Hitmontop|[miss]\n|-miss|p1a: Azumarill|p2a: Hitmontop\n|move|p2a: Hitmontop|Stone Edge|p1a: Azumarill\n|-damage|p1a: Azumarill|209/298\n|\n|upkeep\n|turn|35\n|\n|t:|1782892359\n|move|p1a: Azumarill|Play Rough|p2a: Hitmontop\n|-supereffective|p2a: Hitmontop\n|-damage|p2a: Hitmontop|0 fnt\n|faint|p2a: Hitmontop\n|\n|upkeep\n|\n|t:|1782892360\n|switch|p2a: Appletun|Appletun, L92, F|190/352 psn\n|turn|36\n|\n|t:|1782892364\n|-terastallize|p2a: Appletun|Steel\n|move|p1a: Azumarill|Play Rough|p2a: Appletun\n|-resisted|p2a: Appletun\n|-damage|p2a: Appletun|113/352 psn\n|move|p2a: Appletun|Apple Acid|p1a: Azumarill\n|-supereffective|p1a: Azumarill\n|-damage|p1a: Azumarill|0 fnt\n|faint|p1a: Azumarill\n|\n|win|forcemajor14\n|raw|Porygon Zzium Z's rating: 2021 &rarr; <strong>2006</strong><br />(-15 for losing)\n|raw|forcemajor14's rating: 2102 &rarr; <strong>2117</strong><br />(+15 for winning)\n", "inputlog": ">version f8ac14003a5f27e1bdc8d8c59608a773c1cb96e5\n>start {\"formatid\":\"gen9randombattle\",\"seed\":\"sodium,1465d0695d9a09fa6a6854adc329dd91\",\"rated\":\"Rated battle\"}\n>player p1 {\"name\":\"Porygon Zzium Z\",\"avatar\":\"170\",\"rating\":2021,\"seed\":\"sodium,e32e4d4d8f465398047c0443d879c93b\"}\n>player p2 {\"name\":\"forcemajor14\",\"avatar\":\"266\",\"rating\":2058,\"seed\":\"sodium,570df57c7ea8d19ca1b2fb65d5334701\"}\n>p1 move knockoff\n>p2 switch 3\n>p1 move dragondance\n>p2 move swordsdance\n>p1 move dragondance\n>p2 move gunkshot\n>p1 move knockoff\n>p2 switch 3\n>p1 move drainpunch\n>p2 move wavecrash\n>p1 move drainpunch\n>p2 move rest\n>p1 move drainpunch\n>p2 move sleeptalk\n>p1 switch 4\n>p2 move sleeptalk\n>p1 move psychicnoise\n>p2 switch 6\n>p1 move spikes\n>p2 move dragonpulse\n>p1 move spikes\n>p2 move appleacid\n>p1 move spikes\n>p2 move appleacid\n>p1 switch 4\n>p2 move appleacid\n>p1 move poisonjab\n>p2 move appleacid\n>p1 switch 4\n>p1 move recover\n>p2 move appleacid\n>p1 switch 6\n>p2 move appleacid\n>p1 move stickyweb\n>p2 switch 2\n>p1 move bulletseed\n>p2 move shellsmash\n>p1 switch 6\n>p2 move powergem\n>p1 switch 5\n>p1 move suckerpunch\n>p2 move shellsmash\n>p1 move suckerpunch\n>p2 switch 5\n>p1 move partingshot\n>p2 move gunkshot\n>p1 switch 6\n>p1 move knockoff\n>p2 move trailblaze\n>p1 move tripleaxel\n>p2 move trailblaze\n>p1 move tripleaxel\n>p2 move gunkshot\n>p1 switch 3\n>p1 move aquajet\n>p2 move gunkshot\n>p2 switch 4\n>p1 switch 2\n>p2 move rapidspin\n>p1 move bodyslam\n>p2 move closecombat\n>p1 switch 6\n>p1 move spiritbreak\n>p2 switch 5\n>p1 move spiritbreak\n>p2 move shellsmash\n>p2 switch 3\n>p1 move spiritbreak terastallize\n>p2 move gunkshot\n>p1 move suckerpunch\n>p2 move lowkick\n>p2 switch 5\n>p1 move thunderwave\n>p2 move closecombat\n>p1 switch 2\n>p1 move playrough\n>p2 move stoneedge\n>p1 move playrough\n>p2 move stoneedge\n>p2 switch 2\n>p1 move playrough\n>p2 move appleacid terastallize", "uploadtime": 1782892364, "views": 2, "formatid": "gen9randombattle", "rating": 2006, "private": 0, "password": null, "player_dets": [{"name": "Porygon Zzium Z", "avatar": "170", "rating": 2021, "seed": "sodium,e32e4d4d8f465398047c0443d879c93b"}, {"name": "forcemajor14", "avatar": "266", "rating": 2058, "seed": "sodium,570df57c7ea8d19ca1b2fb65d5334701"}], "teams_full": [{"Scrafty": {"name": "Scrafty", "species": "Scrafty", "speciesId": "scrafty", "gender": "M", "shiny": false, "level": 83, "moves": ["knockoff", "poisonjab", "drainpunch", "dragondance"], "ability": "Intimidate", "evs": {"hp": 85, "atk": 85, "def": 85, "spa": 85, "spd": 85, "spe": 85}, "ivs": {"hp": 31, "atk": 31, "def": 31, "spa": 31, "spd": 31, "spe": 31}, "item": "Leftovers", "teraType": "Poison", "role": "Bulky Attacker", "bvs": {"hp": 65, "atk": 90, "def": 115, "spa": 45, "spd": 115, "spe": 58}, "stats": {"hp": 244, "atk": 197, "def": 239, "spa": 122, "spd": 239, "spe": 144}, "types": ["Dark", "Fighting"]}, "Komala": {"name": "Komala", "species": "Komala", "speciesId": "komala", "gender": "M", "shiny": false, "level": 88, "moves": ["rapidspin", "uturn", "bodyslam", "knockoff"], "ability": "Comatose", "evs": {"hp": 85, "atk": 85, "def": 85, "spa": 85, "spd": 85, "spe": 85}, "ivs": {"hp": 31, "atk": 31, "def": 31, "spa": 31, "spd": 31, "spe": 31}, "item": "Assault Vest", "teraType": "Ghost", "role": "Bulky Support", "bvs": {"hp": 65, "atk": 115, "def": 65, "spa": 75, "spd": 95, "spe": 65}, "stats": {"hp": 258, "atk": 253, "def": 165, "spa": 182, "spd": 217, "spe": 165}, "types": ["Normal"]}, "Azumarill": {"name": "Azumarill", "species": "Azumarill", "speciesId": "azumarill", "gender": "F", "shiny": false, "level": 82, "moves": ["liquidation", "icespinner", "aquajet", "playrough"], "ability": "Huge Power", "evs": {"hp": 85, "atk": 85, "def": 85, "spa": 85, "spd": 85, "spe": 85}, "ivs": {"hp": 31, "atk": 31, "def": 31, "spa": 31, "spd": 31, "spe": 31}, "item": "Choice Band", "teraType": "Water", "role": "Bulky Attacker", "bvs": {"hp": 100, "atk": 50, "def": 80, "spa": 60, "spd": 80, "spe": 50}, "stats": {"hp": 298, "atk": 129, "def": 178, "spa": 146, "spd": 178, "spe": 129}, "types": ["Water", "Fairy"]}, "Deoxys": {"name": "Deoxys", "species": "Deoxys-Defense", "speciesId": "deoxysdefense", "gender": "N", "shiny": false, "level": 84, "moves": ["spikes", "recover", "teleport", "psychicnoise"], "ability": "Pressure", "evs": {"hp": 85, "atk": 0, "def": 85, "spa": 85, "spd": 85, "spe": 85}, "ivs": {"hp": 31, "atk": 0, "def": 31, "spa": 31, "spd": 31, "spe": 31}, "item": "Leftovers", "teraType": "Fairy", "role": "Bulky Support", "bvs": {"hp": 50, "atk": 70, "def": 160, "spa": 70, "spd": 160, "spe": 90}, "stats": {"hp": 221, "atk": 122, "def": 317, "spa": 166, "spd": 317, "spe": 199}, "types": ["Psychic"]}, "Grimmsnarl": {"name": "Grimmsnarl", "species": "Grimmsnarl", "speciesId": "grimmsnarl", "gender": "M", "shiny": false, "level": 83, "moves": ["suckerpunch", "thunderwave", "spiritbreak", "partingshot"], "ability": "Prankster", "evs": {"hp": 85, "atk": 85, "def": 85, "spa": 85, "spd": 85, "spe": 85}, "ivs": {"hp": 31, "atk": 31, "def": 31, "spa": 31, "spd": 31, "spe": 31}, "item": "Leftovers", "teraType": "Steel", "role": "Bulky Attacker", "bvs": {"hp": 95, "atk": 120, "def": 65, "spa": 95, "spd": 75, "spe": 60}, "stats": {"hp": 293, "atk": 247, "def": 156, "spa": 205, "spd": 172, "spe": 147}, "types": ["Dark", "Fairy"]}, "Leavanny": {"name": "Leavanny", "species": "Leavanny", "speciesId": "leavanny", "gender": "M", "shiny": false, "level": 86, "moves": ["stickyweb", "bulletseed", "knockoff", "tripleaxel"], "ability": "Chlorophyll", "evs": {"hp": 85, "atk": 85, "def": 85, "spa": 85, "spd": 85, "spe": 85}, "ivs": {"hp": 31, "atk": 31, "def": 31, "spa": 31, "spd": 31, "spe": 31}, "item": "Loaded Dice", "teraType": "Rock", "role": "Fast Attacker", "bvs": {"hp": 75, "atk": 103, "def": 80, "spa": 70, "spd": 80, "spe": 92}, "stats": {"hp": 269, "atk": 226, "def": 187, "spa": 170, "spd": 187, "spe": 207}, "types": ["Bug", "Grass"]}}, {"Dondozo": {"name": "Dondozo", "species": "Dondozo", "speciesId": "dondozo", "gender": "M", "shiny": false, "level": 78, "moves": ["rest", "curse", "sleeptalk", "wavecrash"], "ability": "Unaware", "evs": {"hp": 85, "atk": 85, "def": 85, "spa": 85, "spd": 85, "spe": 85}, "ivs": {"hp": 31, "atk": 31, "def": 31, "spa": 31, "spd": 31, "spe": 31}, "item": "Leftovers", "teraType": "Fairy", "role": "Bulky Setup", "bvs": {"hp": 150, "atk": 100, "def": 115, "spa": 65, "spd": 65, "spe": 35}, "stats": {"hp": 362, "atk": 201, "def": 224, "spa": 146, "spd": 146, "spe": 100}, "types": ["Water"]}, "Magcargo": {"name": "Magcargo", "species": "Magcargo", "speciesId": "magcargo", "gender": "M", "shiny": false, "level": 95, "moves": ["fireblast", "shellsmash", "powergem", "earthpower"], "ability": "Weak Armor", "evs": {"hp": 85, "atk": 0, "def": 85, "spa": 85, "spd": 85, "spe": 85}, "ivs": {"hp": 31, "atk": 0, "def": 31, "spa": 31, "spd": 31, "spe": 31}, "item": "Heavy-Duty Boots", "teraType": "Dragon", "role": "Setup Sweeper", "bvs": {"hp": 60, "atk": 50, "def": 120, "spa": 90, "spd": 80, "spe": 30}, "stats": {"hp": 268, "atk": 100, "def": 282, "spa": 225, "spd": 206, "spe": 111}, "types": ["Fire", "Rock"]}, "Grafaiai": {"name": "Grafaiai", "species": "Grafaiai", "speciesId": "grafaiai", "gender": "M", "shiny": false, "level": 86, "moves": ["knockoff", "gunkshot", "swordsdance", "lowkick"], "ability": "Poison Touch", "evs": {"hp": 85, "atk": 85, "def": 85, "spa": 85, "spd": 85, "spe": 85}, "ivs": {"hp": 31, "atk": 31, "def": 31, "spa": 31, "spd": 31, "spe": 31}, "item": "Life Orb", "teraType": "Dark", "role": "Setup Sweeper", "bvs": {"hp": 63, "atk": 95, "def": 65, "spa": 80, "spd": 72, "spe": 110}, "stats": {"hp": 249, "atk": 213, "def": 161, "spa": 187, "spd": 173, "spe": 238}, "types": ["Poison", "Normal"]}, "Hitmontop": {"name": "Hitmontop", "species": "Hitmontop", "speciesId": "hitmontop", "gender": "M", "shiny": false, "level": 88, "moves": ["rapidspin", "closecombat", "suckerpunch", "stoneedge"], "ability": "Intimidate", "evs": {"hp": 85, "atk": 85, "def": 85, "spa": 85, "spd": 85, "spe": 85}, "ivs": {"hp": 31, "atk": 31, "def": 31, "spa": 31, "spd": 31, "spe": 31}, "item": "Assault Vest", "teraType": "Steel", "role": "Bulky Support", "bvs": {"hp": 50, "atk": 95, "def": 95, "spa": 35, "spd": 110, "spe": 70}, "stats": {"hp": 231, "atk": 217, "def": 217, "spa": 112, "spd": 244, "spe": 173}, "types": ["Fighting"]}, "Seviper": {"name": "Seviper", "species": "Seviper", "speciesId": "seviper", "gender": "F", "shiny": false, "level": 93, "moves": ["trailblaze", "swordsdance", "gunkshot", "earthquake"], "ability": "Infiltrator", "evs": {"hp": 85, "atk": 85, "def": 85, "spa": 85, "spd": 85, "spe": 85}, "ivs": {"hp": 31, "atk": 31, "def": 31, "spa": 31, "spd": 31, "spe": 31}, "item": "Leftovers", "teraType": "Grass", "role": "Bulky Setup", "bvs": {"hp": 73, "atk": 100, "def": 60, "spa": 100, "spd": 60, "spe": 65}, "stats": {"hp": 287, "atk": 239, "def": 164, "spa": 239, "spd": 164, "spe": 174}, "types": ["Poison"]}, "Appletun": {"name": "Appletun", "species": "Appletun", "speciesId": "appletun", "gender": "F", "shiny": false, "level": 92, "moves": ["appleacid", "leechseed", "dragonpulse", "recover"], "ability": "Thick Fat", "evs": {"hp": 85, "atk": 0, "def": 85, "spa": 85, "spd": 85, "spe": 85}, "ivs": {"hp": 31, "atk": 0, "def": 31, "spa": 31, "spd": 31, "spe": 31}, "item": "Leftovers", "teraType": "Steel", "role": "Bulky Attacker", "bvs": {"hp": 110, "atk": 85, "def": 80, "spa": 100, "spd": 80, "spe": 30}, "stats": {"hp": 352, "atk": 161, "def": 200, "spa": 236, "spd": 200, "spe": 108}, "types": ["Grass", "Dragon"]}}]}