{"id": "gen9randombattle-2641967696", "format": "[Gen 9] Random Battle", "players": ["imbattibile", "Chakraisgae"], "log": "|badge|p2|silver|gen9randombattle|30-10\n|uhtml|medal-msg|<div class=\"broadcast-blue\">Curious what those medals under the avatar are? PS now has Ladder Seasons! For more information, check out the <a href=\"https://www.smogon.com/forums/threads/3740067/\">thread on Smogon.</a></div>\n|j|\u2606imbattibile\n|j|\u2606Chakraisgae\n|t:|1782866208\n|gametype|singles\n|player|p1|imbattibile|102|2055\n|player|p2|Chakraisgae|266|2336\n|gen|9\n|tier|[Gen 9] Random Battle\n|rated|\n|rule|Species Clause: Limit one of each Pok\u00e9mon\n|rule|HP Percentage Mod: HP is shown in percentages\n|rule|Sleep Clause Mod: Limit one foe put to sleep\n|rule|Illusion Level Mod: Illusion disguises the Pok\u00e9mon's true level\n|\n|t:|1782866208\n|teamsize|p1|6\n|teamsize|p2|6\n|start\n|switch|p1a: Staraptor|Staraptor, L79, F|263/263\n|switch|p2a: Heatran|Heatran, L79, F|273/273\n|-item|p2a: Heatran|Air Balloon\n|turn|1\n|inactive|Battle timer is ON: inactive players will automatically lose when time's up. (requested by imbattibile)\n|\n|t:|1782866218\n|switch|p2a: Scream Tail|Scream Tail, L84|330/330\n|move|p1a: Staraptor|Close Combat|p2a: Scream Tail\n|-resisted|p2a: Scream Tail\n|-damage|p2a: Scream Tail|300/330\n|-unboost|p1a: Staraptor|def|1\n|-unboost|p1a: Staraptor|spd|1\n|\n|-heal|p2a: Scream Tail|320/330|[from] item: Leftovers\n|upkeep\n|turn|2\n|\n|t:|1782866230\n|-end|p2a: Scream Tail|Protosynthesis|[silent]\n|switch|p2a: Heatran|Heatran, L79, F|273/273\n|-item|p2a: Heatran|Air Balloon\n|switch|p1a: Houndoom|Houndoom, L87, M|272/272\n|\n|upkeep\n|turn|3\n|\n|t:|1782866237\n|move|p1a: Houndoom|Nasty Plot|p1a: Houndoom\n|-boost|p1a: Houndoom|spa|2\n|move|p2a: Heatran|Earth Power|p1a: Houndoom\n|-supereffective|p1a: Houndoom\n|-damage|p1a: Houndoom|114/272\n|\n|upkeep\n|turn|4\n|inactive|imbattibile has 120 seconds left.\n|\n|t:|1782866272\n|move|p1a: Houndoom|Dark Pulse|p2a: Heatran\n|-damage|p2a: Heatran|105/273\n|-enditem|p2a: Heatran|Air Balloon\n|move|p2a: Heatran|Earth Power|p1a: Houndoom\n|-supereffective|p1a: Houndoom\n|-damage|p1a: Houndoom|0 fnt\n|faint|p1a: Houndoom\n|\n|upkeep\n|\n|t:|1782866282\n|switch|p1a: Mienshao|Mienshao, L83, M|243/243\n|turn|5\n|\n|t:|1782866290\n|move|p1a: Mienshao|High Jump Kick|p2a: Heatran\n|-supereffective|p2a: Heatran\n|-damage|p2a: Heatran|0 fnt\n|faint|p2a: Heatran\n|\n|upkeep\n|\n|t:|1782866296\n|switch|p2a: Scream Tail|Scream Tail, L84|320/330\n|turn|6\n|inactive|imbattibile has 120 seconds left.\n|\n|t:|1782866330\n|-end|p2a: Scream Tail|Protosynthesis|[silent]\n|switch|p2a: Klefki|Klefki, L84, M|233/233\n|switch|p1a: Staraptor|Staraptor, L79, F|263/263\n|\n|upkeep\n|turn|7\n|\n|t:|1782866339\n|switch|p1a: Raikou|Raikou, L81|278/278\n|-ability|p1a: Raikou|Pressure\n|move|p2a: Klefki|Thunder Wave|p1a: Raikou\n|-immune|p1a: Raikou\n|\n|upkeep\n|turn|8\n|inactive|imbattibile has 90 seconds left.\n|\n|t:|1782866378\n|move|p2a: Klefki|Spikes|p1a: Raikou\n|-sidestart|p1: imbattibile|Spikes\n|move|p1a: Raikou|Calm Mind|p1a: Raikou\n|-boost|p1a: Raikou|spa|1\n|-boost|p1a: Raikou|spd|1\n|\n|upkeep\n|turn|9\n|\n|t:|1782866382\n|switch|p2a: Scream Tail|Scream Tail, L84|320/330\n|move|p1a: Raikou|Calm Mind|p1a: Raikou\n|-boost|p1a: Raikou|spa|1\n|-boost|p1a: Raikou|spd|1\n|\n|-heal|p2a: Scream Tail|330/330|[from] item: Leftovers\n|upkeep\n|turn|10\n|inactive|imbattibile has 90 seconds left.\n|\n|t:|1782866402\n|move|p2a: Scream Tail|Encore|p1a: Raikou\n|-start|p1a: Raikou|Encore\n|move|p1a: Raikou|Calm Mind|p1a: Raikou\n|-boost|p1a: Raikou|spa|1\n|-boost|p1a: Raikou|spd|1\n|\n|upkeep\n|turn|11\n|\n|t:|1782866408\n|switch|p1a: Staraptor|Staraptor, L79, F|263/263\n|move|p2a: Scream Tail|Play Rough|p1a: Staraptor\n|-damage|p1a: Staraptor|175/263\n|\n|upkeep\n|turn|12\n|\n|t:|1782866416\n|-end|p2a: Scream Tail|Protosynthesis|[silent]\n|switch|p2a: Klefki|Klefki, L84, M|233/233\n|move|p1a: Staraptor|Brave Bird|p2a: Klefki\n|-resisted|p2a: Klefki\n|-damage|p2a: Klefki|120/233\n|-damage|p1a: Staraptor|138/263|[from] Recoil\n|\n|-heal|p2a: Klefki|134/233|[from] item: Leftovers\n|upkeep\n|turn|13\n|inactive|imbattibile has 90 seconds left.\n|\n|t:|1782866463\n|move|p2a: Klefki|Spikes|p1a: Staraptor\n|-sidestart|p1: imbattibile|Spikes\n|move|p1a: Staraptor|Brave Bird|p2a: Klefki\n|-resisted|p2a: Klefki\n|-damage|p2a: Klefki|20/233\n|-damage|p1a: Staraptor|100/263|[from] Recoil\n|\n|-heal|p2a: Klefki|34/233|[from] item: Leftovers\n|upkeep\n|turn|14\n|\n|t:|1782866470\n|move|p2a: Klefki|Thunder Wave|p1a: Staraptor\n|-status|p1a: Staraptor|par\n|move|p1a: Staraptor|Brave Bird|p2a: Klefki\n|-resisted|p2a: Klefki\n|-damage|p2a: Klefki|0 fnt\n|faint|p2a: Klefki\n|-damage|p1a: Staraptor|89/263 par|[from] Recoil\n|\n|upkeep\n|\n|t:|1782866479\n|switch|p2a: Braviary|Braviary, L85, M|309/309\n|turn|15\n|\n|t:|1782866483\n|move|p2a: Braviary|Brave Bird|p1a: Staraptor\n|-damage|p1a: Staraptor|0 fnt\n|faint|p1a: Staraptor\n|-damage|p2a: Braviary|280/309|[from] Recoil\n|\n|upkeep\n|\n|t:|1782866487\n|switch|p1a: Raikou|Raikou, L81|278/278\n|-damage|p1a: Raikou|232/278|[from] Spikes\n|-ability|p1a: Raikou|Pressure\n|turn|16\n|\n|t:|1782866490\n|switch|p2a: Iron Hands|Iron Hands, L79|373/373\n|move|p1a: Raikou|Substitute|p1a: Raikou\n|-start|p1a: Raikou|Substitute\n|-damage|p1a: Raikou|163/278\n|\n|-heal|p1a: Raikou|180/278|[from] item: Leftovers\n|upkeep\n|turn|17\n|\n|t:|1782866495\n|-end|p2a: Iron Hands|Quark Drive|[silent]\n|switch|p2a: Scream Tail|Scream Tail, L84|330/330\n|move|p1a: Raikou|Scald|p2a: Scream Tail\n|-damage|p2a: Scream Tail|278/330\n|\n|-heal|p2a: Scream Tail|298/330|[from] item: Leftovers\n|-heal|p1a: Raikou|197/278|[from] item: Leftovers\n|upkeep\n|turn|18\n|inactive|imbattibile has 120 seconds left.\n|\n|t:|1782866505\n|-end|p2a: Scream Tail|Protosynthesis|[silent]\n|switch|p2a: Iron Hands|Iron Hands, L79|373/373\n|move|p1a: Raikou|Thunderbolt|p2a: Iron Hands\n|-resisted|p2a: Iron Hands\n|-damage|p2a: Iron Hands|306/373\n|\n|-heal|p1a: Raikou|214/278|[from] item: Leftovers\n|-heal|p2a: Iron Hands|329/373|[from] item: Leftovers\n|upkeep\n|turn|19\n|\n|t:|1782866508\n|move|p1a: Raikou|Scald|p2a: Iron Hands\n|-damage|p2a: Iron Hands|253/373\n|move|p2a: Iron Hands|Swords Dance|p2a: Iron Hands\n|-boost|p2a: Iron Hands|atk|2\n|\n|-heal|p1a: Raikou|231/278|[from] item: Leftovers\n|-heal|p2a: Iron Hands|276/373|[from] item: Leftovers\n|upkeep\n|turn|20\n|\n|t:|1782866521\n|move|p1a: Raikou|Scald|p2a: Iron Hands\n|-damage|p2a: Iron Hands|203/373\n|-status|p2a: Iron Hands|brn\n|move|p2a: Iron Hands|Drain Punch|p1a: Raikou\n|-end|p1a: Raikou|Substitute\n|-heal|p2a: Iron Hands|238/373 brn|[from] drain|[of] p1a: Raikou\n|\n|-heal|p1a: Raikou|248/278|[from] item: Leftovers\n|-heal|p2a: Iron Hands|261/373 brn|[from] item: Leftovers\n|-damage|p2a: Iron Hands|238/373 brn|[from] brn\n|upkeep\n|turn|21\n|\n|t:|1782866530\n|switch|p1a: Dragonite|Dragonite, L74, F|257/257\n|move|p2a: Iron Hands|Drain Punch|p1a: Dragonite\n|-resisted|p1a: Dragonite\n|-damage|p1a: Dragonite|234/257\n|-heal|p2a: Iron Hands|250/373 brn|[from] drain|[of] p1a: Dragonite\n|\n|-heal|p2a: Iron Hands|273/373 brn|[from] item: Leftovers\n|-damage|p2a: Iron Hands|250/373 brn|[from] brn\n|upkeep\n|turn|22\n|\n|t:|1782866537\n|move|p1a: Dragonite|Dragon Dance|p1a: Dragonite\n|-boost|p1a: Dragonite|atk|1\n|-boost|p1a: Dragonite|spe|1\n|move|p2a: Iron Hands|Ice Punch|p1a: Dragonite\n|-supereffective|p1a: Dragonite\n|-damage|p1a: Dragonite|0 fnt\n|faint|p1a: Dragonite\n|\n|-heal|p2a: Iron Hands|273/373 brn|[from] item: Leftovers\n|-damage|p2a: Iron Hands|250/373 brn|[from] brn\n|upkeep\n|\n|t:|1782866540\n|switch|p1a: Mienshao|Mienshao, L83, M|243/243\n|-damage|p1a: Mienshao|203/243|[from] Spikes\n|turn|23\n|\n|t:|1782866545\n|-end|p2a: Iron Hands|Quark Drive|[silent]\n|switch|p2a: Scream Tail|Scream Tail, L84|298/330\n|move|p1a: Mienshao|High Jump Kick|p2a: Scream Tail\n|-resisted|p2a: Scream Tail\n|-damage|p2a: Scream Tail|232/330\n|\n|-heal|p2a: Scream Tail|252/330|[from] item: Leftovers\n|upkeep\n|turn|24\n|\n|t:|1782866550\n|switch|p1a: Raikou|Raikou, L81|248/278\n|-damage|p1a: Raikou|202/278|[from] Spikes\n|-ability|p1a: Raikou|Pressure\n|move|p2a: Scream Tail|Play Rough|p1a: Raikou\n|-damage|p1a: Raikou|117/278\n|\n|-heal|p2a: Scream Tail|272/330|[from] item: Leftovers\n|-heal|p1a: Raikou|134/278|[from] item: Leftovers\n|upkeep\n|turn|25\n|\n|t:|1782866553\n|move|p2a: Scream Tail|Play Rough|p1a: Raikou\n|-damage|p1a: Raikou|52/278\n|move|p1a: Raikou|Thunderbolt|p2a: Scream Tail\n|-damage|p2a: Scream Tail|193/330\n|\n|-heal|p2a: Scream Tail|213/330|[from] item: Leftovers\n|-heal|p1a: Raikou|69/278|[from] item: Leftovers\n|upkeep\n|turn|26\n|\n|t:|1782866556\n|move|p2a: Scream Tail|Play Rough|p1a: Raikou\n|-damage|p1a: Raikou|0 fnt\n|faint|p1a: Raikou\n|\n|-heal|p2a: Scream Tail|233/330|[from] item: Leftovers\n|upkeep\n|l|\u2606imbattibile\n|inactive|imbattibile disconnected and has a minute to reconnect!\n|player|p1|\n|inactive|imbattibile has 30 seconds to reconnect!\n|inactive|imbattibile has 20 seconds to reconnect!\n|inactive|imbattibile has 15 seconds to reconnect!\n|inactive|imbattibile has 10 seconds to reconnect!\n|inactive|imbattibile has 5 seconds to reconnect!\n|-message|imbattibile lost due to inactivity.\n|\n|win|Chakraisgae\n|raw|imbattibile's rating: 2013 &rarr; <strong>2008</strong><br />(-5 for losing)\n|raw|Chakraisgae's rating: 2336 &rarr; <strong>2341</strong><br />(+5 for winning)\n", "inputlog": ">version f8ac14003a5f27e1bdc8d8c59608a773c1cb96e5\n>start {\"formatid\":\"gen9randombattle\",\"seed\":\"sodium,2fccc2d4e8326112c4a94f0e81469646\",\"rated\":\"Rated battle\"}\n>player p1 {\"name\":\"imbattibile\",\"avatar\":\"102\",\"rating\":2055,\"seed\":\"sodium,7a61d62545f0944312832eef17c02d4b\"}\n>player p2 {\"name\":\"Chakraisgae\",\"avatar\":\"266\",\"rating\":2336,\"seed\":\"sodium,2214137519f0ca6ecf5d99ea2d3c4983\"}\n>p1 move closecombat\n>p2 switch 2\n>p1 switch 3\n>p2 switch 2\n>p1 move nastyplot\n>p2 move earthpower\n>p1 move darkpulse\n>p2 move earthpower\n>p1 switch 5\n>p1 move highjumpkick\n>p2 move stealthrock\n>p2 switch 2\n>p1 switch 3\n>p2 switch 3\n>p1 switch 6\n>p2 move thunderwave\n>p1 move calmmind\n>p2 move spikes\n>p1 move calmmind\n>p2 switch 3\n>p1 move thunderbolt\n>p2 move encore\n>p1 switch 6\n>p2 move playrough\n>p1 move bravebird\n>p2 switch 3\n>p1 move bravebird\n>p2 move spikes\n>p1 move bravebird\n>p2 move thunderwave\n>p2 switch 5\n>p1 move bravebird\n>p2 move bravebird\n>p1 switch 6\n>p1 move substitute\n>p2 switch 6\n>p1 move scald\n>p2 switch 3\n>p1 move thunderbolt\n>p2 switch 3\n>p1 move scald\n>p2 move swordsdance\n>p1 move scald\n>p2 move drainpunch\n>p1 switch 4\n>p2 move drainpunch\n>p1 move dragondance\n>p2 move icepunch\n>p1 switch 3\n>p1 move highjumpkick\n>p2 switch 3\n>p1 switch 4\n>p2 move playrough\n>p1 move thunderbolt\n>p2 move playrough\n>p1 move thunderbolt\n>p2 move playrough\n>forcelose p1", "uploadtime": 1782866616, "views": 7, "formatid": "gen9randombattle", "rating": 2008, "private": 0, "password": null, "player_dets": [{"name": "imbattibile", "avatar": "102", "rating": 2055, "seed": "sodium,7a61d62545f0944312832eef17c02d4b"}, {"name": "Chakraisgae", "avatar": "266", "rating": 2336, "seed": "sodium,2214137519f0ca6ecf5d99ea2d3c4983"}], "teams_full": [{"Staraptor": {"name": "Staraptor", "species": "Staraptor", "speciesId": "staraptor", "gender": "F", "shiny": false, "level": 79, "moves": ["doubleedge", "quickattack", "bravebird", "closecombat"], "ability": "Reckless", "evs": {"hp": 81, "atk": 85, "def": 85, "spa": 85, "spd": 85, "spe": 85}, "ivs": {"hp": 31, "atk": 31, "def": 31, "spa": 31, "spd": 31, "spe": 31}, "item": "Choice Band", "teraType": "Fighting", "role": "Fast Attacker", "bvs": {"hp": 85, "atk": 120, "def": 70, "spa": 50, "spd": 60, "spe": 100}, "stats": {"hp": 263, "atk": 235, "def": 156, "spa": 125, "spd": 140, "spe": 204}, "types": ["Normal", "Flying"]}, "Raging Bolt": {"name": "Raging Bolt", "species": "Raging Bolt", "speciesId": "ragingbolt", "gender": "N", "shiny": false, "level": 78, "moves": ["thunderclap", "voltswitch", "dracometeor", "thunderbolt"], "ability": "Protosynthesis", "evs": {"hp": 85, "atk": 0, "def": 85, "spa": 85, "spd": 85, "spe": 85}, "ivs": {"hp": 31, "atk": 0, "def": 31, "spa": 31, "spd": 31, "spe": 31}, "item": "Assault Vest", "teraType": "Electric", "role": "AV Pivot", "bvs": {"hp": 125, "atk": 73, "def": 91, "spa": 137, "spd": 89, "spe": 75}, "stats": {"hp": 323, "atk": 118, "def": 187, "spa": 259, "spd": 184, "spe": 162}, "types": ["Electric", "Dragon"]}, "Houndoom": {"name": "Houndoom", "species": "Houndoom", "speciesId": "houndoom", "gender": "M", "shiny": false, "level": 87, "moves": ["nastyplot", "darkpulse", "sludgebomb", "fireblast"], "ability": "Flash Fire", "evs": {"hp": 85, "atk": 0, "def": 85, "spa": 85, "spd": 85, "spe": 85}, "ivs": {"hp": 31, "atk": 0, "def": 31, "spa": 31, "spd": 31, "spe": 31}, "item": "Heavy-Duty Boots", "teraType": "Fire", "role": "Fast Attacker", "bvs": {"hp": 75, "atk": 90, "def": 50, "spa": 110, "spd": 80, "spe": 95}, "stats": {"hp": 272, "atk": 161, "def": 137, "spa": 241, "spd": 189, "spe": 215}, "types": ["Dark", "Fire"]}, "Dragonite": {"name": "Dragonite", "species": "Dragonite", "speciesId": "dragonite", "gender": "F", "shiny": false, "level": 74, "moves": ["dragondance", "outrage", "roost", "earthquake"], "ability": "Multiscale", "evs": {"hp": 85, "atk": 85, "def": 85, "spa": 85, "spd": 85, "spe": 85}, "ivs": {"hp": 31, "atk": 31, "def": 31, "spa": 31, "spd": 31, "spe": 31}, "item": "Heavy-Duty Boots", "teraType": "Steel", "role": "Bulky Setup", "bvs": {"hp": 91, "atk": 134, "def": 95, "spa": 100, "spd": 100, "spe": 80}, "stats": {"hp": 257, "atk": 241, "def": 184, "spa": 191, "spd": 191, "spe": 161}, "types": ["Dragon", "Flying"]}, "Mienshao": {"name": "Mienshao", "species": "Mienshao", "speciesId": "mienshao", "gender": "M", "shiny": false, "level": 83, "moves": ["highjumpkick", "stoneedge", "uturn", "knockoff"], "ability": "Reckless", "evs": {"hp": 81, "atk": 85, "def": 85, "spa": 85, "spd": 85, "spe": 85}, "ivs": {"hp": 31, "atk": 31, "def": 31, "spa": 31, "spd": 31, "spe": 31}, "item": "Choice Band", "teraType": "Fighting", "role": "Wallbreaker", "bvs": {"hp": 65, "atk": 125, "def": 60, "spa": 95, "spd": 60, "spe": 105}, "stats": {"hp": 243, "atk": 255, "def": 147, "spa": 205, "spd": 147, "spe": 222}, "types": ["Fighting"]}, "Raikou": {"name": "Raikou", "species": "Raikou", "speciesId": "raikou", "gender": "N", "shiny": false, "level": 81, "moves": ["calmmind", "substitute", "thunderbolt", "scald"], "ability": "Pressure", "evs": {"hp": 85, "atk": 0, "def": 85, "spa": 85, "spd": 85, "spe": 85}, "ivs": {"hp": 31, "atk": 0, "def": 31, "spa": 31, "spd": 31, "spe": 31}, "item": "Leftovers", "teraType": "Water", "role": "Bulky Setup", "bvs": {"hp": 90, "atk": 85, "def": 75, "spa": 115, "spd": 100, "spe": 115}, "stats": {"hp": 278, "atk": 142, "def": 168, "spa": 233, "spd": 209, "spe": 233}, "types": ["Electric"]}}, {"Heatran": {"name": "Heatran", "species": "Heatran", "speciesId": "heatran", "gender": "F", "shiny": false, "level": 79, "moves": ["lavaplume", "stealthrock", "earthpower", "heavyslam"], "ability": "Flash Fire", "evs": {"hp": 85, "atk": 85, "def": 85, "spa": 85, "spd": 85, "spe": 85}, "ivs": {"hp": 31, "atk": 31, "def": 31, "spa": 31, "spd": 31, "spe": 31}, "item": "Air Balloon", "teraType": "Flying", "role": "Bulky Support", "bvs": {"hp": 91, "atk": 90, "def": 106, "spa": 130, "spd": 106, "spe": 77}, "stats": {"hp": 273, "atk": 188, "def": 213, "spa": 251, "spd": 213, "spe": 167}, "types": ["Fire", "Steel"]}, "Scream Tail": {"name": "Scream Tail", "species": "Scream Tail", "speciesId": "screamtail", "gender": "N", "shiny": false, "level": 84, "moves": ["encore", "wish", "protect", "playrough"], "ability": "Protosynthesis", "evs": {"hp": 85, "atk": 85, "def": 85, "spa": 85, "spd": 85, "spe": 85}, "ivs": {"hp": 31, "atk": 31, "def": 31, "spa": 31, "spd": 31, "spe": 31}, "item": "Leftovers", "teraType": "Steel", "role": "Bulky Support", "bvs": {"hp": 115, "atk": 65, "def": 99, "spa": 65, "spd": 115, "spe": 111}, "stats": {"hp": 330, "atk": 157, "def": 215, "spa": 157, "spd": 241, "spe": 235}, "types": ["Fairy", "Psychic"]}, "Klefki": {"name": "Klefki", "species": "Klefki", "speciesId": "klefki", "gender": "M", "shiny": false, "level": 84, "moves": ["thunderwave", "playrough", "spikes", "magnetrise"], "ability": "Prankster", "evs": {"hp": 85, "atk": 85, "def": 85, "spa": 85, "spd": 85, "spe": 85}, "ivs": {"hp": 31, "atk": 31, "def": 31, "spa": 31, "spd": 31, "spe": 31}, "item": "Leftovers", "teraType": "Water", "role": "Bulky Support", "bvs": {"hp": 57, "atk": 80, "def": 91, "spa": 80, "spd": 87, "spe": 75}, "stats": {"hp": 233, "atk": 183, "def": 201, "spa": 183, "spd": 194, "spe": 174}, "types": ["Steel", "Fairy"]}, "Kingdra": {"name": "Kingdra", "species": "Kingdra", "speciesId": "kingdra", "gender": "M", "shiny": false, "level": 84, "moves": ["outrage", "dragondance", "ironhead", "wavecrash"], "ability": "Sniper", "evs": {"hp": 85, "atk": 85, "def": 85, "spa": 85, "spd": 85, "spe": 85}, "ivs": {"hp": 31, "atk": 31, "def": 31, "spa": 31, "spd": 31, "spe": 31}, "item": "Lum Berry", "teraType": "Steel", "role": "Fast Bulky Setup", "bvs": {"hp": 75, "atk": 95, "def": 95, "spa": 95, "spd": 95, "spe": 85}, "stats": {"hp": 263, "atk": 208, "def": 208, "spa": 208, "spd": 208, "spe": 191}, "types": ["Water", "Dragon"]}, "Braviary": {"name": "Braviary", "species": "Braviary", "speciesId": "braviary", "gender": "M", "shiny": false, "level": 85, "moves": ["roost", "bravebird", "bulkup", "closecombat"], "ability": "Defiant", "evs": {"hp": 85, "atk": 85, "def": 85, "spa": 85, "spd": 85, "spe": 85}, "ivs": {"hp": 31, "atk": 31, "def": 31, "spa": 31, "spd": 31, "spe": 31}, "item": "Heavy-Duty Boots", "teraType": "Steel", "role": "Fast Bulky Setup", "bvs": {"hp": 100, "atk": 123, "def": 75, "spa": 57, "spd": 75, "spe": 80}, "stats": {"hp": 309, "atk": 258, "def": 176, "spa": 146, "spd": 176, "spe": 185}, "types": ["Normal", "Flying"]}, "Iron Hands": {"name": "Iron Hands", "species": "Iron Hands", "speciesId": "ironhands", "gender": "N", "shiny": false, "level": 79, "moves": ["icepunch", "drainpunch", "swordsdance", "wildcharge"], "ability": "Quark Drive", "evs": {"hp": 85, "atk": 85, "def": 85, "spa": 85, "spd": 85, "spe": 85}, "ivs": {"hp": 31, "atk": 31, "def": 31, "spa": 31, "spd": 31, "spe": 31}, "item": "Leftovers", "teraType": "Fighting", "role": "Bulky Attacker", "bvs": {"hp": 154, "atk": 140, "def": 108, "spa": 50, "spd": 68, "spe": 50}, "stats": {"hp": 373, "atk": 267, "def": 216, "spa": 125, "spd": 153, "spe": 125}, "types": ["Fighting", "Electric"]}}]}