{"id": "gen9randombattle-2642041320", "format": "[Gen 9] Random Battle", "players": ["DUCUANYHEN", "ohmnanon"], "log": "|j|\u2606DUCUANYHEN\n|j|\u2606ohmnanon\n|t:|1782877902\n|gametype|singles\n|player|p1|DUCUANYHEN|red|1261\n|player|p2|ohmnanon|2|1211\n|gen|9\n|tier|[Gen 9] Random Battle\n|rated|\n|rule|Species Clause: Limit one of each Pok\u00e9mon\n|rule|HP Percentage Mod: HP is shown in percentages\n|rule|Sleep Clause Mod: Limit one foe put to sleep\n|rule|Illusion Level Mod: Illusion disguises the Pok\u00e9mon's true level\n|\n|t:|1782877902\n|teamsize|p1|6\n|teamsize|p2|6\n|start\n|switch|p1a: Bruxish|Bruxish, L85, M|254/254\n|switch|p2a: Flygon|Flygon, L82, F|265/265\n|turn|1\n|inactive|Battle timer is ON: inactive players will automatically lose when time's up. (requested by DUCUANYHEN)\n|inactive|DUCUANYHEN has 120 seconds left.\n|\n|t:|1782877934\n|switch|p2a: Bisharp|Bisharp, L79, F|232/232\n|move|p1a: Bruxish|Psychic Fangs|p2a: Bisharp\n|-immune|p2a: Bisharp\n|\n|upkeep\n|turn|2\n|inactive|ohmnanon has 120 seconds left.\n|\n|t:|1782877972\n|switch|p1a: Sneasler|Sneasler, L74, F|240/240\n|move|p2a: Bisharp|Stealth Rock|p1a: Sneasler\n|-sidestart|p1: DUCUANYHEN|move: Stealth Rock\n|\n|upkeep\n|turn|3\n|inactive|ohmnanon has 120 seconds left.\n|\n|t:|1782877994\n|switch|p2a: Medicham|Medicham, L86, M|243/243\n|move|p1a: Sneasler|Close Combat|p2a: Medicham\n|-resisted|p2a: Medicham\n|-damage|p2a: Medicham|177/243\n|-unboost|p1a: Sneasler|def|1\n|-unboost|p1a: Sneasler|spd|1\n|-enditem|p1a: Sneasler|White Herb\n|-clearnegativeboost|p1a: Sneasler|[silent]\n|\n|upkeep\n|turn|4\n|inactive|ohmnanon has 120 seconds left.\n|inactive|DUCUANYHEN has 120 seconds left.\n|\n|t:|1782878022\n|move|p1a: Sneasler|Acrobatics|p2a: Medicham\n|-supereffective|p2a: Medicham\n|-damage|p2a: Medicham|17/243\n|move|p2a: Medicham|Zen Headbutt|p1a: Sneasler\n|-supereffective|p1a: Sneasler\n|-damage|p1a: Sneasler|0 fnt\n|faint|p1a: Sneasler\n|\n|upkeep\n|inactive|DUCUANYHEN has 90 seconds left.\n|\n|t:|1782878049\n|switch|p1a: Banette|Banette, L93, F|270/270\n|-damage|p1a: Banette|237/270|[from] Stealth Rock\n|turn|5\n|inactive|ohmnanon has 120 seconds left.\n|inactive|ohmnanon has 90 seconds left.\n|inactive|ohmnanon has 60 seconds left.\n|inactive|ohmnanon has 30 seconds left.\n|inactive|ohmnanon has 20 seconds left.\n|inactive|ohmnanon has 15 seconds left.\n|inactive|ohmnanon has 10 seconds left.\n|inactive|ohmnanon has 5 seconds left.\n|-message|ohmnanon lost due to inactivity.\n|\n|win|DUCUANYHEN\n|raw|DUCUANYHEN's rating: 1261 &rarr; <strong>1282</strong><br />(+21 for winning)\n|raw|ohmnanon's rating: 1211 &rarr; <strong>1190</strong><br />(-21 for losing)\n", "inputlog": ">version f8ac14003a5f27e1bdc8d8c59608a773c1cb96e5\n>start {\"formatid\":\"gen9randombattle\",\"seed\":\"sodium,4ae442be3985838cadd7f313617110ad\",\"rated\":\"Rated battle\"}\n>player p1 {\"name\":\"DUCUANYHEN\",\"avatar\":\"red\",\"rating\":1261,\"seed\":\"sodium,815b3751252bc66f6847a48753becba8\"}\n>player p2 {\"name\":\"ohmnanon\",\"avatar\":\"2\",\"rating\":1211,\"seed\":\"sodium,4c1452da4bbfc6a8b709e3600a322cfc\"}\n>p1 move psychicfangs\n>p2 switch 3\n>p1 switch 4\n>p2 move stealthrock\n>p1 move closecombat\n>p2 switch 2\n>p1 move acrobatics\n>p2 move zenheadbutt\n>p1 switch 2\n>forcelose p2", "uploadtime": 1782878181, "views": 2, "formatid": "gen9randombattle", "rating": 1190, "private": 0, "password": null, "player_dets": [{"name": "DUCUANYHEN", "avatar": "red", "rating": 1261, "seed": "sodium,815b3751252bc66f6847a48753becba8"}, {"name": "ohmnanon", "avatar": "2", "rating": 1211, "seed": "sodium,4c1452da4bbfc6a8b709e3600a322cfc"}], "teams_full": [{"Bruxish": {"name": "Bruxish", "species": "Bruxish", "speciesId": "bruxish", "gender": "M", "shiny": false, "level": 85, "moves": ["flipturn", "crunch", "psychicfangs", "wavecrash"], "ability": "Strong Jaw", "evs": {"hp": 85, "atk": 85, "def": 85, "spa": 85, "spd": 85, "spe": 85}, "ivs": {"hp": 31, "atk": 31, "def": 31, "spa": 31, "spd": 31, "spe": 31}, "item": "Choice Band", "teraType": "Psychic", "role": "Fast Attacker", "bvs": {"hp": 68, "atk": 105, "def": 70, "spa": 70, "spd": 70, "spe": 92}, "stats": {"hp": 254, "atk": 227, "def": 168, "spa": 168, "spd": 168, "spe": 205}, "types": ["Water", "Psychic"]}, "Banette": {"name": "Banette", "species": "Banette", "speciesId": "banette", "gender": "F", "shiny": false, "level": 93, "moves": ["gunkshot", "thunderwave", "shadowsneak", "poltergeist"], "ability": "Insomnia", "evs": {"hp": 85, "atk": 85, "def": 85, "spa": 85, "spd": 85, "spe": 85}, "ivs": {"hp": 31, "atk": 31, "def": 31, "spa": 31, "spd": 31, "spe": 31}, "item": "Life Orb", "teraType": "Poison", "role": "Wallbreaker", "bvs": {"hp": 64, "atk": 115, "def": 65, "spa": 83, "spd": 63, "spe": 65}, "stats": {"hp": 270, "atk": 267, "def": 174, "spa": 207, "spd": 170, "spe": 174}, "types": ["Ghost"]}, "Maushold": {"name": "Maushold", "species": "Maushold", "speciesId": "maushold", "gender": "N", "shiny": false, "level": 76, "moves": ["populationbomb", "bite", "tidyup", "encore"], "ability": "Technician", "evs": {"hp": 85, "atk": 85, "def": 85, "spa": 85, "spd": 85, "spe": 85}, "ivs": {"hp": 31, "atk": 31, "def": 31, "spa": 31, "spd": 31, "spe": 31}, "item": "Wide Lens", "teraType": "Ghost", "role": "Setup Sweeper", "bvs": {"hp": 74, "atk": 75, "def": 70, "spa": 65, "spd": 75, "spe": 111}, "stats": {"hp": 238, "atk": 158, "def": 150, "spa": 143, "spd": 158, "spe": 213}, "types": ["Normal"]}, "Sneasler": {"name": "Sneasler", "species": "Sneasler", "speciesId": "sneasler", "gender": "F", "shiny": false, "level": 74, "moves": ["closecombat", "acrobatics", "direclaw", "swordsdance"], "ability": "Unburden", "evs": {"hp": 85, "atk": 85, "def": 85, "spa": 85, "spd": 85, "spe": 85}, "ivs": {"hp": 31, "atk": 31, "def": 31, "spa": 31, "spd": 31, "spe": 31}, "item": "White Herb", "teraType": "Flying", "role": "Setup Sweeper", "bvs": {"hp": 80, "atk": 130, "def": 60, "spa": 40, "spd": 80, "spe": 120}, "stats": {"hp": 240, "atk": 235, "def": 132, "spa": 102, "spd": 161, "spe": 221}, "types": ["Fighting", "Poison"]}, "Venusaur": {"name": "Venusaur", "species": "Venusaur", "speciesId": "venusaur", "gender": "M", "shiny": false, "level": 84, "moves": ["synthesis", "sludgebomb", "knockoff", "energyball"], "ability": "Overgrow", "evs": {"hp": 85, "atk": 85, "def": 85, "spa": 85, "spd": 85, "spe": 85}, "ivs": {"hp": 31, "atk": 31, "def": 31, "spa": 31, "spd": 31, "spe": 31}, "item": "Leftovers", "teraType": "Dark", "role": "Bulky Attacker", "bvs": {"hp": 80, "atk": 82, "def": 83, "spa": 100, "spd": 100, "spe": 80}, "stats": {"hp": 272, "atk": 186, "def": 188, "spa": 216, "spd": 216, "spe": 183}, "types": ["Grass", "Poison"]}, "Armarouge": {"name": "Armarouge", "species": "Armarouge", "speciesId": "armarouge", "gender": "M", "shiny": false, "level": 80, "moves": ["aurasphere", "energyball", "armorcannon", "psyshock"], "ability": "Weak Armor", "evs": {"hp": 85, "atk": 0, "def": 85, "spa": 85, "spd": 85, "spe": 85}, "ivs": {"hp": 31, "atk": 0, "def": 31, "spa": 31, "spd": 31, "spe": 31}, "item": "Choice Specs", "teraType": "Fire", "role": "Wallbreaker", "bvs": {"hp": 85, "atk": 60, "def": 100, "spa": 125, "spd": 80, "spe": 75}, "stats": {"hp": 267, "atk": 101, "def": 206, "spa": 246, "spd": 174, "spe": 166}, "types": ["Fire", "Psychic"]}}, {"Flygon": {"name": "Flygon", "species": "Flygon", "speciesId": "flygon", "gender": "F", "shiny": false, "level": 82, "moves": ["earthquake", "outrage", "stoneedge", "dragondance"], "ability": "Levitate", "evs": {"hp": 85, "atk": 85, "def": 85, "spa": 85, "spd": 85, "spe": 85}, "ivs": {"hp": 31, "atk": 31, "def": 31, "spa": 31, "spd": 31, "spe": 31}, "item": "Lum Berry", "teraType": "Rock", "role": "Fast Attacker", "bvs": {"hp": 80, "atk": 100, "def": 80, "spa": 80, "spd": 80, "spe": 100}, "stats": {"hp": 265, "atk": 211, "def": 178, "spa": 178, "spd": 178, "spe": 211}, "types": ["Ground", "Dragon"]}, "Medicham": {"name": "Medicham", "species": "Medicham", "speciesId": "medicham", "gender": "M", "shiny": false, "level": 86, "moves": ["poisonjab", "zenheadbutt", "closecombat", "bulletpunch"], "ability": "Pure Power", "evs": {"hp": 85, "atk": 85, "def": 85, "spa": 85, "spd": 85, "spe": 85}, "ivs": {"hp": 31, "atk": 31, "def": 31, "spa": 31, "spd": 31, "spe": 31}, "item": "Choice Band", "teraType": "Fighting", "role": "Fast Attacker", "bvs": {"hp": 60, "atk": 60, "def": 75, "spa": 60, "spd": 75, "spe": 80}, "stats": {"hp": 243, "atk": 152, "def": 178, "spa": 152, "spd": 178, "spe": 187}, "types": ["Fighting", "Psychic"]}, "Bisharp": {"name": "Bisharp", "species": "Bisharp", "speciesId": "bisharp", "gender": "F", "shiny": false, "level": 79, "moves": ["suckerpunch", "ironhead", "stealthrock", "throatchop"], "ability": "Defiant", "evs": {"hp": 85, "atk": 85, "def": 85, "spa": 85, "spd": 85, "spe": 85}, "ivs": {"hp": 31, "atk": 31, "def": 31, "spa": 31, "spd": 31, "spe": 31}, "item": "Eviolite", "teraType": "Flying", "role": "Bulky Attacker", "bvs": {"hp": 65, "atk": 125, "def": 100, "spa": 60, "spd": 70, "spe": 70}, "stats": {"hp": 232, "atk": 243, "def": 204, "spa": 140, "spd": 156, "spe": 156}, "types": ["Dark", "Steel"]}, "Mienshao": {"name": "Mienshao", "species": "Mienshao", "speciesId": "mienshao", "gender": "M", "shiny": false, "level": 83, "moves": ["swordsdance", "poisonjab", "knockoff", "closecombat"], "ability": "Regenerator", "evs": {"hp": 85, "atk": 85, "def": 85, "spa": 85, "spd": 85, "spe": 85}, "ivs": {"hp": 31, "atk": 31, "def": 31, "spa": 31, "spd": 31, "spe": 31}, "item": "Life Orb", "teraType": "Poison", "role": "Setup Sweeper", "bvs": {"hp": 65, "atk": 125, "def": 60, "spa": 95, "spd": 60, "spe": 105}, "stats": {"hp": 244, "atk": 255, "def": 147, "spa": 205, "spd": 147, "spe": 222}, "types": ["Fighting"]}, "Espeon": {"name": "Espeon", "species": "Espeon", "speciesId": "espeon", "gender": "F", "shiny": false, "level": 84, "moves": ["shadowball", "psychic", "morningsun", "alluringvoice"], "ability": "Magic Bounce", "evs": {"hp": 85, "atk": 0, "def": 85, "spa": 85, "spd": 85, "spe": 85}, "ivs": {"hp": 31, "atk": 0, "def": 31, "spa": 31, "spd": 31, "spe": 31}, "item": "Life Orb", "teraType": "Fairy", "role": "Fast Attacker", "bvs": {"hp": 65, "atk": 65, "def": 60, "spa": 130, "spd": 95, "spe": 110}, "stats": {"hp": 246, "atk": 114, "def": 149, "spa": 267, "spd": 208, "spe": 233}, "types": ["Psychic"]}, "Duraludon": {"name": "Duraludon", "species": "Duraludon", "speciesId": "duraludon", "gender": "M", "shiny": false, "level": 82, "moves": ["bodypress", "irondefense", "dracometeor", "flashcannon"], "ability": "Light Metal", "evs": {"hp": 85, "atk": 0, "def": 85, "spa": 85, "spd": 85, "spe": 85}, "ivs": {"hp": 31, "atk": 0, "def": 31, "spa": 31, "spd": 31, "spe": 31}, "item": "Eviolite", "teraType": "Fighting", "role": "Bulky Attacker", "bvs": {"hp": 70, "atk": 95, "def": 115, "spa": 120, "spd": 50, "spe": 85}, "stats": {"hp": 249, "atk": 160, "def": 236, "spa": 244, "spd": 129, "spe": 187}, "types": ["Steel", "Dragon"]}}]}