{"id": "gen9randombattle-2642123267", "format": "[Gen 9] Random Battle", "players": ["Gnaig3", "superswindler"], "log": "|j|\u2606Gnaig3\n|j|\u203dsuperswindler\n|t:|1782894963\n|gametype|singles\n|player|p1|Gnaig3|1|1461\n|player|p2|superswindler|emmet|1495\n|gen|9\n|tier|[Gen 9] Random Battle\n|rated|\n|rule|Species Clause: Limit one of each Pok\u00e9mon\n|rule|HP Percentage Mod: HP is shown in percentages\n|rule|Sleep Clause Mod: Limit one foe put to sleep\n|rule|Illusion Level Mod: Illusion disguises the Pok\u00e9mon's true level\n|\n|t:|1782894963\n|teamsize|p1|6\n|teamsize|p2|6\n|start\n|switch|p1a: Orthworm|Orthworm, L88, M|266/266\n|switch|p2a: Ogerpon|Ogerpon-Hearthflame, L74, F|239/239\n|-ability|p2a: Ogerpon|Mold Breaker\n|turn|1\n|inactive|Battle timer is ON: inactive players will automatically lose when time's up. (requested by superswindler)\n|\n|t:|1782894969\n|switch|p1a: Rotom|Rotom-Heat, L83|219/219\n|move|p2a: Ogerpon|Swords Dance|p2a: Ogerpon\n|-boost|p2a: Ogerpon|atk|2\n|\n|upkeep\n|turn|2\n|\n|t:|1782894977\n|move|p2a: Ogerpon|Power Whip|p1a: Rotom\n|-resisted|p1a: Rotom\n|-damage|p1a: Rotom|99/219\n|move|p1a: Rotom|Overheat|p2a: Ogerpon|[miss]\n|-miss|p1a: Rotom|p2a: Ogerpon\n|\n|upkeep\n|turn|3\n|\n|t:|1782894990\n|move|p2a: Ogerpon|Power Whip|p1a: Rotom\n|-resisted|p1a: Rotom\n|-damage|p1a: Rotom|0 fnt\n|faint|p1a: Rotom\n|\n|upkeep\n|\n|t:|1782894998\n|switch|p1a: Banette|Banette, L93, M|270/270\n|turn|4\n|\n|t:|1782895004\n|move|p2a: Ogerpon|Ivy Cudgel|p1a: Banette|[anim] Ivy Cudgel Fire\n|-damage|p1a: Banette|29/270\n|move|p1a: Banette|Gunk Shot|p2a: Ogerpon\n|-supereffective|p2a: Ogerpon\n|-damage|p2a: Ogerpon|0 fnt\n|faint|p2a: Ogerpon\n|-damage|p1a: Banette|2/270|[from] item: Life Orb\n|\n|upkeep\n|\n|t:|1782895010\n|switch|p2a: Slither Wing|Slither Wing, L81|270/270\n|turn|5\n|\n|t:|1782895026\n|switch|p1a: Alomomola|Alomomola, L87, M|429/429\n|move|p2a: Slither Wing|First Impression|p1a: Alomomola\n|-damage|p1a: Alomomola|277/429\n|-damage|p2a: Slither Wing|243/270|[from] item: Life Orb\n|\n|upkeep\n|turn|6\n|\n|t:|1782895031\n|move|p2a: Slither Wing|Wild Charge|p1a: Alomomola\n|-supereffective|p1a: Alomomola\n|-damage|p1a: Alomomola|66/429\n|-damage|p2a: Slither Wing|190/270|[from] Recoil\n|-damage|p2a: Slither Wing|163/270|[from] item: Life Orb\n|move|p1a: Alomomola|Scald|p2a: Slither Wing\n|-damage|p2a: Slither Wing|115/270\n|-status|p2a: Slither Wing|brn\n|\n|-damage|p2a: Slither Wing|99/270 brn|[from] brn\n|upkeep\n|turn|7\n|\n|t:|1782895042\n|move|p1a: Alomomola|Protect|p1a: Alomomola\n|-singleturn|p1a: Alomomola|Protect\n|move|p2a: Slither Wing|Close Combat|p1a: Alomomola\n|-activate|p1a: Alomomola|move: Protect\n|\n|-damage|p2a: Slither Wing|83/270 brn|[from] brn\n|upkeep\n|turn|8\n|\n|t:|1782895058\n|switch|p1a: Banette|Banette, L93, M|2/270\n|move|p2a: Slither Wing|Wild Charge|p1a: Banette\n|-damage|p1a: Banette|0 fnt\n|faint|p1a: Banette\n|-damage|p2a: Slither Wing|82/270 brn|[from] Recoil\n|-damage|p2a: Slither Wing|55/270 brn|[from] item: Life Orb\n|\n|-damage|p2a: Slither Wing|39/270 brn|[from] brn\n|upkeep\n|\n|t:|1782895065\n|switch|p1a: Alcremie|Alcremie-Rainbow-Swirl, L90, F|263/263\n|turn|9\n|\n|t:|1782895071\n|move|p2a: Slither Wing|Wild Charge|p1a: Alcremie\n|-damage|p1a: Alcremie|214/263\n|-damage|p2a: Slither Wing|27/270 brn|[from] Recoil\n|-damage|p2a: Slither Wing|0 fnt|[from] item: Life Orb\n|faint|p2a: Slither Wing\n|-end|p2a: Slither Wing|Protosynthesis|[silent]\n|move|p1a: Alcremie|Calm Mind|p1a: Alcremie\n|-boost|p1a: Alcremie|spa|1\n|-boost|p1a: Alcremie|spd|1\n|\n|-heal|p1a: Alcremie|230/263|[from] item: Leftovers\n|upkeep\n|\n|t:|1782895079\n|switch|p2a: Copperajah|Copperajah, L86, M|350/350\n|turn|10\n|\n|t:|1782895087\n|switch|p1a: Alomomola|Alomomola, L87, M|209/429\n|move|p2a: Copperajah|Heavy Slam|p1a: Alomomola\n|-resisted|p1a: Alomomola\n|-damage|p1a: Alomomola|83/429\n|\n|upkeep\n|turn|11\n|\n|t:|1782895093\n|move|p1a: Alomomola|Protect|p1a: Alomomola\n|-singleturn|p1a: Alomomola|Protect\n|move|p2a: Copperajah|Heavy Slam|p1a: Alomomola\n|-activate|p1a: Alomomola|move: Protect\n|\n|upkeep\n|turn|12\n|\n|t:|1782895110\n|move|p1a: Alomomola|Flip Turn|p2a: Copperajah\n|-damage|p2a: Copperajah|286/350\n|\n|t:|1782895112\n|switch|p1a: Orthworm|Orthworm, L88, M|266/266|[from] Flip Turn\n|move|p2a: Copperajah|Heavy Slam|p1a: Orthworm\n|-resisted|p1a: Orthworm\n|-damage|p1a: Orthworm|199/266\n|\n|upkeep\n|turn|13\n|\n|t:|1782895119\n|switch|p2a: Rotom|Rotom-Heat, L83|219/219\n|move|p1a: Orthworm|Coil|p1a: Orthworm\n|-boost|p1a: Orthworm|atk|1\n|-boost|p1a: Orthworm|def|1\n|-boost|p1a: Orthworm|accuracy|1\n|\n|upkeep\n|turn|14\n|inactive|Gnaig3 has 120 seconds left.\n|\n|t:|1782895150\n|switch|p1a: Alcremie|Alcremie-Rainbow-Swirl, L90, F|230/263\n|move|p2a: Rotom|Overheat|p1a: Alcremie|[miss]\n|-miss|p2a: Rotom|p1a: Alcremie\n|\n|-heal|p1a: Alcremie|246/263|[from] item: Leftovers\n|upkeep\n|turn|15\n|\n|t:|1782895159\n|move|p2a: Rotom|Nasty Plot|p2a: Rotom\n|-boost|p2a: Rotom|spa|2\n|move|p1a: Alcremie|Psyshock|p2a: Rotom\n|-damage|p2a: Rotom|150/219\n|\n|-heal|p1a: Alcremie|262/263|[from] item: Leftovers\n|upkeep\n|turn|16\n|\n|t:|1782895164\n|switch|p1a: Hatterene|Hatterene, L85, F|236/236\n|move|p2a: Rotom|Thunderbolt|p1a: Hatterene\n|-damage|p1a: Hatterene|124/236\n|-status|p1a: Hatterene|par\n|\n|upkeep\n|turn|17\n|\n|t:|1782895169\n|move|p2a: Rotom|Thunderbolt|p1a: Hatterene\n|-damage|p1a: Hatterene|6/236 par\n|cant|p1a: Hatterene|par\n|\n|upkeep\n|turn|18\n|-message|Gnaig3 forfeited.\n|\n|win|superswindler\n|raw|Gnaig3's rating: 1461 &rarr; <strong>1443</strong><br />(-18 for losing)\n|raw|superswindler's rating: 1495 &rarr; <strong>1513</strong><br />(+18 for winning)\n|l|\u2606Gnaig3\n|player|p1|\n", "inputlog": ">version f8ac14003a5f27e1bdc8d8c59608a773c1cb96e5\n>start {\"formatid\":\"gen9randombattle\",\"seed\":\"sodium,9fa539f67ee8ba84921c0c82431152b7\",\"rated\":\"Rated battle\"}\n>player p1 {\"name\":\"Gnaig3\",\"avatar\":\"1\",\"rating\":1461,\"seed\":\"sodium,1dbb42b8a315134b58bc87745ae9ede6\"}\n>player p2 {\"name\":\"superswindler\",\"avatar\":\"emmet\",\"rating\":1495,\"seed\":\"sodium,266c01cd864506aa61d43718264b95a4\"}\n>p1 switch 2\n>p2 move swordsdance\n>p1 move overheat\n>p2 move powerwhip\n>p1 move overheat\n>p2 move powerwhip\n>p1 switch 3\n>p1 move gunkshot\n>p2 move ivycudgel\n>p2 switch 2\n>p1 switch 4\n>p2 move firstimpression\n>p1 move scald\n>p2 move wildcharge\n>p1 move protect\n>p2 move closecombat\n>p1 switch 4\n>p2 move wildcharge\n>p1 switch 5\n>p1 move calmmind\n>p2 move wildcharge\n>p2 switch 6\n>p1 switch 4\n>p2 move heavyslam\n>p1 move protect\n>p2 move heavyslam\n>p1 move flipturn\n>p2 move heavyslam\n>p1 switch 2\n>p1 move coil\n>p2 switch 4\n>p1 switch 4\n>p2 move overheat\n>p1 move psyshock\n>p2 move nastyplot\n>p1 switch 6\n>p2 move thunderbolt\n>p1 move psychicnoise\n>p2 move thunderbolt\n>forcelose p1", "uploadtime": 1782895175, "views": 4, "formatid": "gen9randombattle", "rating": 1443, "private": 0, "password": null, "player_dets": [{"name": "Gnaig3", "avatar": "1", "rating": 1461, "seed": "sodium,1dbb42b8a315134b58bc87745ae9ede6"}, {"name": "superswindler", "avatar": "emmet", "rating": 1495, "seed": "sodium,266c01cd864506aa61d43718264b95a4"}], "teams_full": [{"Orthworm": {"name": "Orthworm", "species": "Orthworm", "speciesId": "orthworm", "gender": "M", "shiny": false, "level": 88, "moves": ["bodypress", "coil", "irontail", "rest"], "ability": "Earth Eater", "evs": {"hp": 85, "atk": 85, "def": 85, "spa": 85, "spd": 85, "spe": 85}, "ivs": {"hp": 31, "atk": 31, "def": 31, "spa": 31, "spd": 31, "spe": 31}, "item": "Chesto Berry", "teraType": "Fighting", "role": "Bulky Setup", "bvs": {"hp": 70, "atk": 85, "def": 145, "spa": 60, "spd": 55, "spe": 65}, "stats": {"hp": 266, "atk": 200, "def": 305, "spa": 156, "spd": 147, "spe": 165}, "types": ["Steel"]}, "Rotom": {"name": "Rotom", "species": "Rotom-Heat", "speciesId": "rotomheat", "gender": "N", "shiny": false, "level": 83, "moves": ["thunderbolt", "willowisp", "voltswitch", "overheat"], "ability": "Levitate", "evs": {"hp": 85, "atk": 0, "def": 85, "spa": 85, "spd": 85, "spe": 85}, "ivs": {"hp": 31, "atk": 0, "def": 31, "spa": 31, "spd": 31, "spe": 31}, "item": "Heavy-Duty Boots", "teraType": "Steel", "role": "Bulky Attacker", "bvs": {"hp": 50, "atk": 65, "def": 107, "spa": 105, "spd": 107, "spe": 86}, "stats": {"hp": 219, "atk": 112, "def": 225, "spa": 222, "spd": 225, "spe": 190}, "types": ["Electric", "Fire"]}, "Banette": {"name": "Banette", "species": "Banette", "speciesId": "banette", "gender": "M", "shiny": false, "level": 93, "moves": ["gunkshot", "thunderwave", "poltergeist", "shadowsneak"], "ability": "Cursed Body", "evs": {"hp": 85, "atk": 85, "def": 85, "spa": 85, "spd": 85, "spe": 85}, "ivs": {"hp": 31, "atk": 31, "def": 31, "spa": 31, "spd": 31, "spe": 31}, "item": "Life Orb", "teraType": "Poison", "role": "Wallbreaker", "bvs": {"hp": 64, "atk": 115, "def": 65, "spa": 83, "spd": 63, "spe": 65}, "stats": {"hp": 270, "atk": 267, "def": 174, "spa": 207, "spd": 170, "spe": 174}, "types": ["Ghost"]}, "Alomomola": {"name": "Alomomola", "species": "Alomomola", "speciesId": "alomomola", "gender": "M", "shiny": false, "level": 87, "moves": ["flipturn", "scald", "protect", "wish"], "ability": "Regenerator", "evs": {"hp": 85, "atk": 85, "def": 85, "spa": 85, "spd": 85, "spe": 85}, "ivs": {"hp": 31, "atk": 31, "def": 31, "spa": 31, "spd": 31, "spe": 31}, "item": "Heavy-Duty Boots", "teraType": "Poison", "role": "Fast Support", "bvs": {"hp": 165, "atk": 75, "def": 80, "spa": 40, "spd": 45, "spe": 65}, "stats": {"hp": 429, "atk": 180, "def": 189, "spa": 119, "spd": 128, "spe": 163}, "types": ["Water"]}, "Alcremie": {"name": "Alcremie", "species": "Alcremie-Rainbow-Swirl", "speciesId": "alcremie", "gender": "F", "shiny": false, "level": 90, "moves": ["alluringvoice", "calmmind", "recover", "psyshock"], "ability": "Aroma Veil", "evs": {"hp": 85, "atk": 0, "def": 85, "spa": 85, "spd": 85, "spe": 85}, "ivs": {"hp": 31, "atk": 0, "def": 31, "spa": 31, "spd": 31, "spe": 31}, "item": "Leftovers", "teraType": "Poison", "role": "Bulky Setup", "bvs": {"hp": 65, "atk": 60, "def": 75, "spa": 110, "spd": 121, "spe": 64}, "stats": {"hp": 263, "atk": 113, "def": 186, "spa": 249, "spd": 269, "spe": 167}, "types": ["Fairy"]}, "Hatterene": {"name": "Hatterene", "species": "Hatterene", "speciesId": "hatterene", "gender": "F", "shiny": false, "level": 85, "moves": ["drainingkiss", "psychicnoise", "mysticalfire", "nuzzle"], "ability": "Magic Bounce", "evs": {"hp": 85, "atk": 85, "def": 85, "spa": 85, "spd": 85, "spe": 85}, "ivs": {"hp": 31, "atk": 31, "def": 31, "spa": 31, "spd": 31, "spe": 31}, "item": "Assault Vest", "teraType": "Steel", "role": "AV Pivot", "bvs": {"hp": 57, "atk": 90, "def": 95, "spa": 136, "spd": 103, "spe": 29}, "stats": {"hp": 236, "atk": 202, "def": 210, "spa": 280, "spd": 224, "spe": 98}, "types": ["Psychic", "Fairy"]}}, {"Ogerpon": {"name": "Ogerpon", "species": "Ogerpon-Hearthflame", "speciesId": "ogerponhearthflame", "gender": "F", "shiny": false, "level": 74, "moves": ["powerwhip", "trailblaze", "ivycudgel", "swordsdance"], "ability": "Mold Breaker", "evs": {"hp": 77, "atk": 85, "def": 85, "spa": 85, "spd": 85, "spe": 85}, "ivs": {"hp": 31, "atk": 31, "def": 31, "spa": 31, "spd": 31, "spe": 31}, "item": "Hearthflame Mask", "teraType": "Fire", "role": "Setup Sweeper", "bvs": {"hp": 80, "atk": 120, "def": 84, "spa": 60, "spd": 96, "spe": 110}, "stats": {"hp": 239, "atk": 221, "def": 167, "spa": 132, "spd": 185, "spe": 206}, "types": ["Grass", "Fire"]}, "Slither Wing": {"name": "Slither Wing", "species": "Slither Wing", "speciesId": "slitherwing", "gender": "N", "shiny": false, "level": 81, "moves": ["wildcharge", "uturn", "closecombat", "firstimpression"], "ability": "Protosynthesis", "evs": {"hp": 85, "atk": 85, "def": 85, "spa": 85, "spd": 85, "spe": 85}, "ivs": {"hp": 31, "atk": 31, "def": 31, "spa": 31, "spd": 31, "spe": 31}, "item": "Life Orb", "teraType": "Bug", "role": "Fast Attacker", "bvs": {"hp": 85, "atk": 135, "def": 79, "spa": 85, "spd": 105, "spe": 81}, "stats": {"hp": 270, "atk": 265, "def": 175, "spa": 184, "spd": 217, "spe": 178}, "types": ["Bug", "Fighting"]}, "Miraidon": {"name": "Miraidon", "species": "Miraidon", "speciesId": "miraidon", "gender": "N", "shiny": false, "level": 65, "moves": ["electrodrift", "dracometeor", "dragonpulse", "calmmind"], "ability": "Hadron Engine", "evs": {"hp": 85, "atk": 0, "def": 85, "spa": 85, "spd": 85, "spe": 85}, "ivs": {"hp": 31, "atk": 0, "def": 31, "spa": 31, "spd": 31, "spe": 31}, "item": "Life Orb", "teraType": "Electric", "role": "Setup Sweeper", "bvs": {"hp": 100, "atk": 85, "def": 100, "spa": 135, "spd": 115, "spe": 135}, "stats": {"hp": 238, "atk": 115, "def": 168, "spa": 214, "spd": 188, "spe": 214}, "types": ["Electric", "Dragon"]}, "Rotom": {"name": "Rotom", "species": "Rotom-Heat", "speciesId": "rotomheat", "gender": "N", "shiny": false, "level": 83, "moves": ["overheat", "painsplit", "thunderbolt", "nastyplot"], "ability": "Levitate", "evs": {"hp": 85, "atk": 0, "def": 85, "spa": 85, "spd": 85, "spe": 85}, "ivs": {"hp": 31, "atk": 0, "def": 31, "spa": 31, "spd": 31, "spe": 31}, "item": "Heavy-Duty Boots", "teraType": "Steel", "role": "Bulky Attacker", "bvs": {"hp": 50, "atk": 65, "def": 107, "spa": 105, "spd": 107, "spe": 86}, "stats": {"hp": 219, "atk": 112, "def": 225, "spa": 222, "spd": 225, "spe": 190}, "types": ["Electric", "Fire"]}, "Walking Wake": {"name": "Walking Wake", "species": "Walking Wake", "speciesId": "walkingwake", "gender": "N", "shiny": false, "level": 79, "moves": ["flipturn", "hydropump", "flamethrower", "dracometeor"], "ability": "Protosynthesis", "evs": {"hp": 85, "atk": 85, "def": 85, "spa": 85, "spd": 85, "spe": 85}, "ivs": {"hp": 31, "atk": 31, "def": 31, "spa": 31, "spd": 31, "spe": 31}, "item": "Choice Specs", "teraType": "Fire", "role": "Wallbreaker", "bvs": {"hp": 99, "atk": 83, "def": 91, "spa": 125, "spd": 83, "spe": 109}, "stats": {"hp": 286, "atk": 177, "def": 189, "spa": 243, "spd": 177, "spe": 218}, "types": ["Water", "Dragon"]}, "Copperajah": {"name": "Copperajah", "species": "Copperajah", "speciesId": "copperajah", "gender": "M", "shiny": false, "level": 86, "moves": ["earthquake", "knockoff", "heatcrash", "heavyslam"], "ability": "Heavy Metal", "evs": {"hp": 85, "atk": 85, "def": 85, "spa": 85, "spd": 85, "spe": 85}, "ivs": {"hp": 31, "atk": 31, "def": 31, "spa": 31, "spd": 31, "spe": 31}, "item": "Choice Band", "teraType": "Fire", "role": "Bulky Attacker", "bvs": {"hp": 122, "atk": 130, "def": 69, "spa": 80, "spd": 69, "spe": 30}, "stats": {"hp": 350, "atk": 273, "def": 168, "spa": 187, "spd": 168, "spe": 101}, "types": ["Steel"]}}]}