{"id": "gen9randombattle-2642146981", "format": "[Gen 9] Random Battle", "players": ["bimiuchiratnhieu", "forcemajor14"], "log": "|j|\u2606bimiuchiratnhieu\n|j|\u2606forcemajor14\n|t:|1782899979\n|gametype|singles\n|player|p1|bimiuchiratnhieu|hilda|2212\n|player|p2|forcemajor14|266|2314\n|gen|9\n|tier|[Gen 9] Random Battle\n|rated|\n|rule|Species Clause: Limit one of each Pok\u00e9mon\n|rule|HP Percentage Mod: HP is shown in percentages\n|rule|Sleep Clause Mod: Limit one foe put to sleep\n|rule|Illusion Level Mod: Illusion disguises the Pok\u00e9mon's true level\n|\n|t:|1782899979\n|teamsize|p1|6\n|teamsize|p2|6\n|start\n|switch|p1a: Heatran|Heatran, L79, F|273/273\n|switch|p2a: Piloswine|Piloswine, L85, M|309/309\n|-item|p1a: Heatran|Air Balloon\n|turn|1\n|inactive|Battle timer is ON: inactive players will automatically lose when time's up. (requested by bimiuchiratnhieu)\n|inactive|forcemajor14 also wants the timer to be on.\n|\n|t:|1782899987\n|move|p1a: Heatran|Heavy Slam|p2a: Piloswine\n|-supereffective|p2a: Piloswine\n|-damage|p2a: Piloswine|157/309\n|move|p2a: Piloswine|Stealth Rock|p1a: Heatran\n|-sidestart|p1: bimiuchiratnhieu|move: Stealth Rock\n|\n|upkeep\n|turn|2\n|\n|t:|1782899991\n|switch|p2a: Basculegion|Basculegion-F, L83, F|335/335\n|move|p1a: Heatran|Heavy Slam|p2a: Basculegion\n|-resisted|p2a: Basculegion\n|-damage|p2a: Basculegion|290/335\n|\n|upkeep\n|turn|3\n|\n|t:|1782900001\n|switch|p1a: Pecharunt|Pecharunt, L77|262/262\n|-damage|p1a: Pecharunt|230/262|[from] Stealth Rock\n|move|p2a: Basculegion|Flip Turn|p1a: Pecharunt\n|-damage|p1a: Pecharunt|178/262\n|\n|t:|1782900005\n|switch|p2a: Mamoswine|Mamoswine, L81, M|311/311|[from] Flip Turn\n|\n|-heal|p1a: Pecharunt|194/262|[from] item: Leftovers\n|upkeep\n|turn|4\n|\n|t:|1782900018\n|move|p1a: Pecharunt|Parting Shot|p2a: Mamoswine\n|-unboost|p2a: Mamoswine|atk|1\n|-unboost|p2a: Mamoswine|spa|1\n|\n|t:|1782900020\n|switch|p1a: Heatran|Heatran, L79, F|273/273|[from] Parting Shot\n|-damage|p1a: Heatran|239/273|[from] Stealth Rock\n|-item|p1a: Heatran|Air Balloon\n|move|p2a: Mamoswine|Earthquake|p1a: Heatran\n|-immune|p1a: Heatran\n|\n|upkeep\n|turn|5\n|\n|t:|1782900025\n|switch|p2a: Basculegion|Basculegion-F, L83, F|290/335\n|move|p1a: Heatran|Stealth Rock|p2a: Basculegion\n|-sidestart|p2: forcemajor14|move: Stealth Rock\n|\n|upkeep\n|turn|6\n|\n|t:|1782900031\n|switch|p1a: Pecharunt|Pecharunt, L77|194/262\n|-damage|p1a: Pecharunt|162/262|[from] Stealth Rock\n|move|p2a: Basculegion|Shadow Ball|p1a: Pecharunt\n|-supereffective|p1a: Pecharunt\n|-damage|p1a: Pecharunt|0 fnt\n|faint|p1a: Pecharunt\n|\n|upkeep\n|\n|t:|1782900034\n|switch|p1a: Palafin|Palafin, L77, M|281/281\n|-damage|p1a: Palafin|246/281|[from] Stealth Rock\n|turn|7\n|\n|t:|1782900039\n|move|p1a: Palafin|Flip Turn|p2a: Basculegion\n|-resisted|p2a: Basculegion\n|-damage|p2a: Basculegion|251/335\n|\n|t:|1782900042\n|detailschange|p1a: Palafin|Palafin-Hero, L77, M\n|switch|p1a: Persian|Persian-Alola, L86, M|252/252|[from] Flip Turn\n|move|p2a: Basculegion|Shadow Ball|p1a: Persian\n|-resisted|p1a: Persian\n|-damage|p1a: Persian|178/252\n|\n|upkeep\n|turn|8\n|\n|t:|1782900046\n|move|p1a: Persian|Thunder Wave|p2a: Basculegion\n|-status|p2a: Basculegion|par\n|cant|p2a: Basculegion|par\n|\n|upkeep\n|turn|9\n|\n|t:|1782900049\n|move|p1a: Persian|Foul Play|p2a: Basculegion\n|-supereffective|p2a: Basculegion\n|-damage|p2a: Basculegion|9/335 par\n|move|p2a: Basculegion|Wave Crash|p1a: Persian\n|-damage|p1a: Persian|66/252\n|-damage|p2a: Basculegion|0 fnt|[from] Recoil\n|faint|p2a: Basculegion\n|\n|upkeep\n|\n|t:|1782900051\n|switch|p2a: Slither Wing|Slither Wing, L81|270/270\n|-damage|p2a: Slither Wing|237/270|[from] Stealth Rock\n|-enditem|p2a: Slither Wing|Booster Energy\n|-activate|p2a: Slither Wing|ability: Protosynthesis|[fromitem]\n|-start|p2a: Slither Wing|protosynthesisatk\n|turn|10\n|\n|t:|1782900056\n|move|p1a: Persian|Parting Shot|p2a: Slither Wing\n|-unboost|p2a: Slither Wing|atk|1\n|-unboost|p2a: Slither Wing|spa|1\n|\n|t:|1782900065\n|switch|p1a: Cryogonal|Cryogonal, L89|287/287|[from] Parting Shot\n|move|p2a: Slither Wing|Acrobatics|p1a: Cryogonal\n|-damage|p1a: Cryogonal|170/287\n|\n|upkeep\n|turn|11\n|\n|t:|1782900067\n|move|p1a: Cryogonal|Rapid Spin|p2a: Slither Wing\n|-damage|p2a: Slither Wing|210/270\n|-boost|p1a: Cryogonal|spe|1\n|-sideend|p1: bimiuchiratnhieu|Stealth Rock|[from] move: Rapid Spin|[of] p1a: Cryogonal\n|move|p2a: Slither Wing|Close Combat|p1a: Cryogonal\n|-supereffective|p1a: Cryogonal\n|-damage|p1a: Cryogonal|0 fnt\n|-unboost|p2a: Slither Wing|def|1\n|-unboost|p2a: Slither Wing|spd|1\n|faint|p1a: Cryogonal\n|\n|upkeep\n|\n|t:|1782900093\n|switch|p1a: Persian|Persian-Alola, L86, M|66/252\n|turn|12\n|\n|t:|1782900095\n|move|p1a: Persian|Thunder Wave|p2a: Slither Wing\n|-status|p2a: Slither Wing|par\n|move|p2a: Slither Wing|Close Combat|p1a: Persian\n|-supereffective|p1a: Persian\n|-damage|p1a: Persian|0 fnt\n|-unboost|p2a: Slither Wing|def|1\n|-unboost|p2a: Slither Wing|spd|1\n|faint|p1a: Persian\n|\n|upkeep\n|\n|t:|1782900099\n|switch|p1a: Magearna|Magearna, L77|250/250\n|turn|13\n|\n|t:|1782900102\n|move|p1a: Magearna|Shift Gear|p1a: Magearna\n|-boost|p1a: Magearna|spe|2\n|-boost|p1a: Magearna|atk|1\n|move|p2a: Slither Wing|Close Combat|p1a: Magearna\n|-damage|p1a: Magearna|123/250\n|-unboost|p2a: Slither Wing|def|1\n|-unboost|p2a: Slither Wing|spd|1\n|\n|-heal|p1a: Magearna|138/250|[from] item: Leftovers\n|upkeep\n|turn|14\n|\n|t:|1782900110\n|move|p1a: Magearna|Fleur Cannon|p2a: Slither Wing\n|-supereffective|p2a: Slither Wing\n|-damage|p2a: Slither Wing|0 fnt\n|-unboost|p1a: Magearna|spa|2\n|faint|p2a: Slither Wing\n|-ability|p1a: Magearna|Soul-Heart|boost\n|-boost|p1a: Magearna|spa|1\n|-end|p2a: Slither Wing|Protosynthesis|[silent]\n|\n|-heal|p1a: Magearna|153/250|[from] item: Leftovers\n|upkeep\n|\n|t:|1782900113\n|switch|p2a: Mamoswine|Mamoswine, L81, M|311/311\n|-damage|p2a: Mamoswine|273/311|[from] Stealth Rock\n|turn|15\n|inactive|bimiuchiratnhieu has 120 seconds left.\n|\n|t:|1782900147\n|-terastallize|p1a: Magearna|Flying\n|-terastallize|p2a: Mamoswine|Ice\n|move|p1a: Magearna|Calm Mind|p1a: Magearna\n|-boost|p1a: Magearna|spa|1\n|-boost|p1a: Magearna|spd|1\n|move|p2a: Mamoswine|Earthquake|p1a: Magearna\n|-immune|p1a: Magearna\n|\n|-heal|p1a: Magearna|168/250|[from] item: Leftovers\n|upkeep\n|turn|16\n|\n|t:|1782900151\n|switch|p2a: Piloswine|Piloswine, L85, M|157/309\n|-damage|p2a: Piloswine|119/309|[from] Stealth Rock\n|move|p1a: Magearna|Flash Cannon|p2a: Piloswine\n|-supereffective|p2a: Piloswine\n|-damage|p2a: Piloswine|0 fnt\n|faint|p2a: Piloswine\n|-ability|p1a: Magearna|Soul-Heart|boost\n|-boost|p1a: Magearna|spa|1\n|\n|-heal|p1a: Magearna|183/250|[from] item: Leftovers\n|upkeep\n|\n|t:|1782900153\n|switch|p2a: Dodrio|Dodrio, L85, M|241/241\n|turn|17\n|\n|t:|1782900157\n|move|p1a: Magearna|Flash Cannon|p2a: Dodrio\n|-damage|p2a: Dodrio|79/241\n|move|p2a: Dodrio|Double-Edge|p1a: Magearna\n|-damage|p1a: Magearna|51/250\n|-damage|p2a: Dodrio|35/241|[from] Recoil\n|\n|-heal|p1a: Magearna|66/250|[from] item: Leftovers\n|upkeep\n|turn|18\n|\n|t:|1782900159\n|move|p1a: Magearna|Flash Cannon|p2a: Dodrio\n|-damage|p2a: Dodrio|0 fnt\n|faint|p2a: Dodrio\n|-ability|p1a: Magearna|Soul-Heart|boost\n|-boost|p1a: Magearna|spa|1\n|\n|-heal|p1a: Magearna|81/250|[from] item: Leftovers\n|upkeep\n|\n|t:|1782900161\n|switch|p2a: Mamoswine|Mamoswine, L81, M, tera:Ice|273/311\n|-damage|p2a: Mamoswine|196/311|[from] Stealth Rock\n|turn|19\n|\n|t:|1782900169\n|move|p2a: Mamoswine|Ice Shard|p1a: Magearna\n|-supereffective|p1a: Magearna\n|-damage|p1a: Magearna|0 fnt\n|faint|p1a: Magearna\n|\n|upkeep\n|\n|t:|1782900173\n|switch|p1a: Heatran|Heatran, L79, F|239/273\n|-item|p1a: Heatran|Air Balloon\n|turn|20\n|\n|t:|1782900176\n|switch|p2a: Staraptor|Staraptor, L79, M|263/263\n|-damage|p2a: Staraptor|198/263|[from] Stealth Rock\n|move|p1a: Heatran|Lava Plume|p2a: Staraptor\n|-damage|p2a: Staraptor|62/263\n|-status|p2a: Staraptor|brn\n|\n|-damage|p2a: Staraptor|46/263 brn|[from] brn\n|upkeep\n|turn|21\n|\n|t:|1782900181\n|move|p2a: Staraptor|Close Combat|p1a: Heatran\n|-supereffective|p1a: Heatran\n|-damage|p1a: Heatran|109/273\n|-unboost|p2a: Staraptor|def|1\n|-unboost|p2a: Staraptor|spd|1\n|-enditem|p1a: Heatran|Air Balloon\n|move|p1a: Heatran|Lava Plume|p2a: Staraptor\n|-damage|p2a: Staraptor|0 fnt\n|faint|p2a: Staraptor\n|\n|upkeep\n|\n|t:|1782900182\n|switch|p2a: Mamoswine|Mamoswine, L81, M, tera:Ice|196/311\n|-damage|p2a: Mamoswine|119/311|[from] Stealth Rock\n|turn|22\n|\n|t:|1782900186\n|move|p2a: Mamoswine|Earthquake|p1a: Heatran\n|-supereffective|p1a: Heatran\n|-damage|p1a: Heatran|0 fnt\n|faint|p1a: Heatran\n|\n|upkeep\n|\n|t:|1782900189\n|switch|p1a: Palafin|Palafin-Hero, L77, M|246/281\n|-activate|p1a: Palafin|ability: Zero to Hero\n|turn|23\n|\n|t:|1782900194\n|move|p1a: Palafin|Jet Punch|p2a: Mamoswine\n|-damage|p2a: Mamoswine|0 fnt\n|faint|p2a: Mamoswine\n|\n|win|bimiuchiratnhieu\n|raw|bimiuchiratnhieu's rating: 2212 &rarr; <strong>2234</strong><br />(+22 for winning)\n|raw|forcemajor14's rating: 2253 &rarr; <strong>2231</strong><br />(-22 for losing)\n", "inputlog": ">version f8ac14003a5f27e1bdc8d8c59608a773c1cb96e5\n>start {\"formatid\":\"gen9randombattle\",\"seed\":\"sodium,7f272c55ed926b23412d22b123b53c6d\",\"rated\":\"Rated battle\"}\n>player p1 {\"name\":\"bimiuchiratnhieu\",\"avatar\":\"hilda\",\"rating\":2212,\"seed\":\"sodium,8b84e1ff720b3c320bddc401e6bca448\"}\n>player p2 {\"name\":\"forcemajor14\",\"avatar\":\"266\",\"rating\":2314,\"seed\":\"sodium,fbd08f75a598d0093f091586ea740f70\"}\n>p1 move heavyslam\n>p2 move stealthrock\n>p1 move heavyslam\n>p2 switch 6\n>p1 switch 3\n>p2 move flipturn\n>p2 switch 3\n>p1 move partingshot\n>p2 move earthquake\n>p1 switch 3\n>p1 move stealthrock\n>p2 switch 3\n>p1 switch 3\n>p2 move shadowball\n>p1 switch 2\n>p1 move flipturn\n>p2 move shadowball\n>p1 switch 6\n>p1 move thunderwave\n>p2 move wavecrash\n>p1 move foulplay\n>p2 move wavecrash\n>p2 switch 2\n>p1 move partingshot\n>p2 move acrobatics\n>p1 switch 5\n>p1 move rapidspin\n>p2 move closecombat\n>p1 switch 5\n>p1 move thunderwave\n>p2 move closecombat\n>p1 switch 4\n>p1 move shiftgear\n>p2 move closecombat\n>p1 move fleurcannon\n>p2 move closecombat\n>p2 switch 3\n>p1 move calmmind terastallize\n>p2 move earthquake terastallize\n>p1 move flashcannon\n>p2 switch 6\n>p2 switch 5\n>p1 move flashcannon\n>p2 move doubleedge\n>p1 move flashcannon\n>p2 move doubleedge\n>p2 switch 6\n>p1 move flashcannon\n>p2 move iceshard\n>p1 switch 3\n>p1 move lavaplume\n>p2 switch 4\n>p1 move lavaplume\n>p2 move closecombat\n>p2 switch 4\n>p1 move lavaplume\n>p2 move earthquake\n>p1 switch 6\n>p1 move jetpunch\n>p2 move earthquake", "uploadtime": 1782900194, "views": 3, "formatid": "gen9randombattle", "rating": 2231, "private": 0, "password": null, "player_dets": [{"name": "bimiuchiratnhieu", "avatar": "hilda", "rating": 2212, "seed": "sodium,8b84e1ff720b3c320bddc401e6bca448"}, {"name": "forcemajor14", "avatar": "266", "rating": 2314, "seed": "sodium,fbd08f75a598d0093f091586ea740f70"}], "teams_full": [{"Heatran": {"name": "Heatran", "species": "Heatran", "speciesId": "heatran", "gender": "F", "shiny": false, "level": 79, "moves": ["lavaplume", "stealthrock", "heavyslam", "earthpower"], "ability": "Flash Fire", "evs": {"hp": 85, "atk": 85, "def": 85, "spa": 85, "spd": 85, "spe": 85}, "ivs": {"hp": 31, "atk": 31, "def": 31, "spa": 31, "spd": 31, "spe": 31}, "item": "Air Balloon", "teraType": "Grass", "role": "Bulky Support", "bvs": {"hp": 91, "atk": 90, "def": 106, "spa": 130, "spd": 106, "spe": 77}, "stats": {"hp": 273, "atk": 188, "def": 213, "spa": 251, "spd": 213, "spe": 167}, "types": ["Fire", "Steel"]}, "Palafin": {"name": "Palafin", "species": "Palafin", "speciesId": "palafin", "gender": "M", "shiny": false, "level": 77, "moves": ["jetpunch", "flipturn", "closecombat", "wavecrash"], "ability": "Zero to Hero", "evs": {"hp": 85, "atk": 85, "def": 85, "spa": 85, "spd": 85, "spe": 85}, "ivs": {"hp": 31, "atk": 31, "def": 31, "spa": 31, "spd": 31, "spe": 31}, "item": "Choice Band", "teraType": "Water", "role": "Wallbreaker", "bvs": {"hp": 100, "atk": 70, "def": 72, "spa": 53, "spd": 62, "spe": 100}, "stats": {"hp": 281, "atk": 152, "def": 155, "spa": 126, "spd": 140, "spe": 199}, "types": ["Water"]}, "Pecharunt": {"name": "Pecharunt", "species": "Pecharunt", "speciesId": "pecharunt", "gender": "N", "shiny": false, "level": 77, "moves": ["shadowball", "malignantchain", "partingshot", "recover"], "ability": "Poison Puppeteer", "evs": {"hp": 85, "atk": 0, "def": 85, "spa": 85, "spd": 85, "spe": 85}, "ivs": {"hp": 31, "atk": 0, "def": 31, "spa": 31, "spd": 31, "spe": 31}, "item": "Leftovers", "teraType": "Dark", "role": "Bulky Attacker", "bvs": {"hp": 88, "atk": 88, "def": 160, "spa": 88, "spd": 88, "spe": 88}, "stats": {"hp": 262, "atk": 140, "def": 291, "spa": 180, "spd": 180, "spe": 180}, "types": ["Poison", "Ghost"]}, "Magearna": {"name": "Magearna", "species": "Magearna", "speciesId": "magearna", "gender": "N", "shiny": false, "level": 77, "moves": ["calmmind", "fleurcannon", "shiftgear", "flashcannon"], "ability": "Soul-Heart", "evs": {"hp": 85, "atk": 0, "def": 85, "spa": 85, "spd": 85, "spe": 85}, "ivs": {"hp": 31, "atk": 0, "def": 31, "spa": 31, "spd": 31, "spe": 31}, "item": "Leftovers", "teraType": "Flying", "role": "Bulky Setup", "bvs": {"hp": 80, "atk": 95, "def": 115, "spa": 130, "spd": 115, "spe": 65}, "stats": {"hp": 250, "atk": 151, "def": 222, "spa": 245, "spd": 222, "spe": 145}, "types": ["Steel", "Fairy"]}, "Cryogonal": {"name": "Cryogonal", "species": "Cryogonal", "speciesId": "cryogonal", "gender": "N", "shiny": false, "level": 89, "moves": ["icebeam", "recover", "rapidspin", "terablast"], "ability": "Levitate", "evs": {"hp": 85, "atk": 85, "def": 85, "spa": 85, "spd": 85, "spe": 85}, "ivs": {"hp": 31, "atk": 31, "def": 31, "spa": 31, "spd": 31, "spe": 31}, "item": "Heavy-Duty Boots", "teraType": "Electric", "role": "Tera Blast user", "bvs": {"hp": 80, "atk": 50, "def": 50, "spa": 95, "spd": 135, "spe": 105}, "stats": {"hp": 287, "atk": 140, "def": 140, "spa": 220, "spd": 291, "spe": 238}, "types": ["Ice"]}, "Persian": {"name": "Persian", "species": "Persian-Alola", "speciesId": "persianalola", "gender": "M", "shiny": false, "level": 86, "moves": ["foulplay", "taunt", "partingshot", "thunderwave"], "ability": "Fur Coat", "evs": {"hp": 85, "atk": 0, "def": 85, "spa": 85, "spd": 85, "spe": 85}, "ivs": {"hp": 31, "atk": 0, "def": 31, "spa": 31, "spd": 31, "spe": 31}, "item": "Heavy-Duty Boots", "teraType": "Fairy", "role": "Fast Support", "bvs": {"hp": 65, "atk": 60, "def": 60, "spa": 75, "spd": 65, "spe": 115}, "stats": {"hp": 252, "atk": 108, "def": 152, "spa": 178, "spd": 161, "spe": 247}, "types": ["Dark"]}}, {"Piloswine": {"name": "Piloswine", "species": "Piloswine", "speciesId": "piloswine", "gender": "M", "shiny": false, "level": 85, "moves": ["iciclecrash", "earthquake", "roar", "stealthrock"], "ability": "Thick Fat", "evs": {"hp": 85, "atk": 85, "def": 85, "spa": 85, "spd": 85, "spe": 85}, "ivs": {"hp": 31, "atk": 31, "def": 31, "spa": 31, "spd": 31, "spe": 31}, "item": "Eviolite", "teraType": "Dragon", "role": "Bulky Support", "bvs": {"hp": 100, "atk": 100, "def": 80, "spa": 60, "spd": 60, "spe": 50}, "stats": {"hp": 309, "atk": 219, "def": 185, "spa": 151, "spd": 151, "spe": 134}, "types": ["Ice", "Ground"]}, "Slither Wing": {"name": "Slither Wing", "species": "Slither Wing", "speciesId": "slitherwing", "gender": "N", "shiny": false, "level": 81, "moves": ["closecombat", "acrobatics", "bulkup", "wildcharge"], "ability": "Protosynthesis", "evs": {"hp": 85, "atk": 85, "def": 85, "spa": 85, "spd": 85, "spe": 85}, "ivs": {"hp": 31, "atk": 31, "def": 31, "spa": 31, "spd": 31, "spe": 31}, "item": "Booster Energy", "teraType": "Flying", "role": "Fast Bulky Setup", "bvs": {"hp": 85, "atk": 135, "def": 79, "spa": 85, "spd": 105, "spe": 81}, "stats": {"hp": 270, "atk": 265, "def": 175, "spa": 184, "spd": 217, "spe": 178}, "types": ["Bug", "Fighting"]}, "Mamoswine": {"name": "Mamoswine", "species": "Mamoswine", "speciesId": "mamoswine", "gender": "M", "shiny": false, "level": 81, "moves": ["knockoff", "earthquake", "iceshard", "iciclecrash"], "ability": "Thick Fat", "evs": {"hp": 85, "atk": 85, "def": 85, "spa": 85, "spd": 85, "spe": 85}, "ivs": {"hp": 31, "atk": 31, "def": 31, "spa": 31, "spd": 31, "spe": 31}, "item": "Choice Band", "teraType": "Ice", "role": "Wallbreaker", "bvs": {"hp": 110, "atk": 130, "def": 80, "spa": 70, "spd": 60, "spe": 80}, "stats": {"hp": 311, "atk": 257, "def": 176, "spa": 160, "spd": 144, "spe": 176}, "types": ["Ice", "Ground"]}, "Staraptor": {"name": "Staraptor", "species": "Staraptor", "speciesId": "staraptor", "gender": "M", "shiny": false, "level": 79, "moves": ["doubleedge", "bravebird", "uturn", "closecombat"], "ability": "Reckless", "evs": {"hp": 81, "atk": 85, "def": 85, "spa": 85, "spd": 85, "spe": 85}, "ivs": {"hp": 31, "atk": 31, "def": 31, "spa": 31, "spd": 31, "spe": 31}, "item": "Choice Band", "teraType": "Flying", "role": "Fast Attacker", "bvs": {"hp": 85, "atk": 120, "def": 70, "spa": 50, "spd": 60, "spe": 100}, "stats": {"hp": 263, "atk": 235, "def": 156, "spa": 125, "spd": 140, "spe": 204}, "types": ["Normal", "Flying"]}, "Dodrio": {"name": "Dodrio", "species": "Dodrio", "speciesId": "dodrio", "gender": "M", "shiny": false, "level": 85, "moves": ["bravebird", "doubleedge", "swordsdance", "knockoff"], "ability": "Early Bird", "evs": {"hp": 85, "atk": 85, "def": 85, "spa": 85, "spd": 85, "spe": 85}, "ivs": {"hp": 31, "atk": 31, "def": 31, "spa": 31, "spd": 31, "spe": 31}, "item": "Heavy-Duty Boots", "teraType": "Normal", "role": "Setup Sweeper", "bvs": {"hp": 60, "atk": 110, "def": 70, "spa": 60, "spd": 60, "spe": 110}, "stats": {"hp": 241, "atk": 236, "def": 168, "spa": 151, "spd": 151, "spe": 236}, "types": ["Normal", "Flying"]}, "Basculegion": {"name": "Basculegion", "species": "Basculegion-F", "speciesId": "basculegionf", "gender": "F", "shiny": false, "level": 83, "moves": ["wavecrash", "hydropump", "shadowball", "flipturn"], "ability": "Adaptability", "evs": {"hp": 85, "atk": 85, "def": 85, "spa": 85, "spd": 85, "spe": 85}, "ivs": {"hp": 31, "atk": 31, "def": 31, "spa": 31, "spd": 31, "spe": 31}, "item": "Assault Vest", "teraType": "Water", "role": "AV Pivot", "bvs": {"hp": 120, "atk": 92, "def": 65, "spa": 100, "spd": 75, "spe": 78}, "stats": {"hp": 335, "atk": 200, "def": 156, "spa": 214, "spd": 172, "spe": 177}, "types": ["Water", "Ghost"]}}]}