{"id": "gen9randombattle-2641936634", "format": "[Gen 9] Random Battle", "players": ["ChaserJD", "rinigan_minato"], "log": "|j|\u2606ChaserJD\n|j|\u2606rinigan_minato\n|t:|1782861520\n|gametype|singles\n|player|p1|ChaserJD|170|1751\n|player|p2|rinigan_minato|volkner|1765\n|gen|9\n|tier|[Gen 9] Random Battle\n|rated|\n|rule|Species Clause: Limit one of each Pok\u00e9mon\n|rule|HP Percentage Mod: HP is shown in percentages\n|rule|Sleep Clause Mod: Limit one foe put to sleep\n|rule|Illusion Level Mod: Illusion disguises the Pok\u00e9mon's true level\n|\n|t:|1782861520\n|teamsize|p1|6\n|teamsize|p2|6\n|start\n|switch|p1a: Swampert|Swampert, L83, F|302/302\n|switch|p2a: Politoed|Politoed, L88, F|302/302\n|-weather|RainDance|[from] ability: Drizzle|[of] p2a: Politoed\n|turn|1\n|\n|t:|1782861537\n|move|p2a: Politoed|Weather Ball|p1a: Swampert\n|-damage|p1a: Swampert|76/302\n|move|p1a: Swampert|Flip Turn|p2a: Politoed\n|-resisted|p2a: Politoed\n|-damage|p2a: Politoed|215/302\n|\n|t:|1782861543\n|switch|p1a: Plusle|Plusle, L95, F|268/268|[from] Flip Turn\n|\n|-weather|RainDance|[upkeep]\n|upkeep\n|turn|2\n|\n|t:|1782861561\n|move|p1a: Plusle|Nasty Plot|p1a: Plusle\n|-boost|p1a: Plusle|spa|2\n|move|p2a: Politoed|Weather Ball|p1a: Plusle\n|-damage|p1a: Plusle|28/268\n|\n|-weather|RainDance|[upkeep]\n|upkeep\n|turn|3\n|\n|t:|1782861569\n|switch|p2a: Kilowattrel|Kilowattrel, L83, M|252/252\n|move|p1a: Plusle|Thunderbolt|p2a: Kilowattrel\n|-immune|p2a: Kilowattrel|[from] ability: Volt Absorb\n|\n|-weather|RainDance|[upkeep]\n|upkeep\n|turn|4\n|\n|t:|1782861577\n|move|p2a: Kilowattrel|U-turn|p1a: Plusle\n|-damage|p1a: Plusle|0 fnt\n|faint|p1a: Plusle\n|\n|t:|1782861581\n|switch|p2a: Politoed|Politoed, L88, F|215/302|[from] U-turn\n|\n|-weather|RainDance|[upkeep]\n|upkeep\n|\n|t:|1782861588\n|switch|p1a: Slowking|Slowking-Galar, L85, M|300/300\n|turn|5\n|\n|t:|1782861596\n|move|p2a: Politoed|Hydro Pump|p1a: Slowking|[miss]\n|-miss|p2a: Politoed|p1a: Slowking\n|move|p1a: Slowking|Slack Off||[still]\n|-fail|p1a: Slowking|heal\n|\n|-weather|none\n|upkeep\n|turn|6\n|\n|t:|1782861606\n|switch|p2a: Magcargo|Magcargo, L95, M|268/268\n|move|p1a: Slowking|Toxic Spikes|p2a: Magcargo\n|-sidestart|p2: rinigan_minato|move: Toxic Spikes\n|\n|upkeep\n|turn|7\n|\n|t:|1782861614\n|move|p2a: Magcargo|Lava Plume|p1a: Slowking\n|-damage|p1a: Slowking|210/300\n|move|p1a: Slowking|Toxic Spikes|p2a: Magcargo\n|-sidestart|p2: rinigan_minato|move: Toxic Spikes\n|\n|-heal|p1a: Slowking|228/300|[from] item: Leftovers\n|upkeep\n|turn|8\n|\n|t:|1782861620\n|switch|p1a: Swampert|Swampert, L83, F|76/302\n|move|p2a: Magcargo|Lava Plume|p1a: Swampert\n|-resisted|p1a: Swampert\n|-damage|p1a: Swampert|24/302\n|\n|-heal|p1a: Swampert|42/302|[from] item: Leftovers\n|upkeep\n|turn|9\n|\n|t:|1782861628\n|move|p1a: Swampert|Earthquake|p2a: Magcargo\n|-supereffective|p2a: Magcargo\n|-damage|p2a: Magcargo|0 fnt\n|faint|p2a: Magcargo\n|\n|-heal|p1a: Swampert|60/302|[from] item: Leftovers\n|upkeep\n|\n|t:|1782861632\n|switch|p2a: Politoed|Politoed, L88, F|215/302\n|-status|p2a: Politoed|tox\n|-weather|RainDance|[from] ability: Drizzle|[of] p2a: Politoed\n|turn|10\n|\n|t:|1782861638\n|move|p2a: Politoed|Weather Ball|p1a: Swampert\n|-damage|p1a: Swampert|0 fnt\n|faint|p1a: Swampert\n|\n|-weather|RainDance|[upkeep]\n|-damage|p2a: Politoed|197/302 tox|[from] psn\n|upkeep\n|\n|t:|1782861644\n|switch|p1a: Slowking|Slowking-Galar, L85, M|300/300\n|turn|11\n|\n|t:|1782861648\n|move|p2a: Politoed|Weather Ball|p1a: Slowking\n|-damage|p1a: Slowking|93/300\n|move|p1a: Slowking|Slack Off|p1a: Slowking\n|-heal|p1a: Slowking|243/300\n|\n|-weather|RainDance|[upkeep]\n|-heal|p1a: Slowking|261/300|[from] item: Leftovers\n|-damage|p2a: Politoed|161/302 tox|[from] psn\n|upkeep\n|turn|12\n|\n|t:|1782861658\n|move|p2a: Politoed|Weather Ball|p1a: Slowking\n|-damage|p1a: Slowking|54/300\n|move|p1a: Slowking|Psyshock|p2a: Politoed\n|-damage|p2a: Politoed|55/302 tox\n|\n|-weather|RainDance|[upkeep]\n|-heal|p1a: Slowking|72/300|[from] item: Leftovers\n|-damage|p2a: Politoed|1/302 tox|[from] psn\n|upkeep\n|turn|13\n|\n|t:|1782861668\n|switch|p1a: Spiritomb|Spiritomb, L89, M|234/234\n|move|p2a: Politoed|Weather Ball|p1a: Spiritomb\n|-damage|p1a: Spiritomb|39/234\n|\n|-weather|RainDance|[upkeep]\n|-heal|p1a: Spiritomb|53/234|[from] item: Leftovers\n|-damage|p2a: Politoed|0 fnt|[from] psn\n|faint|p2a: Politoed\n|upkeep\n|\n|t:|1782861674\n|switch|p2a: Kilowattrel|Kilowattrel, L83, M|252/252\n|turn|14\n|\n|t:|1782861692\n|move|p1a: Spiritomb|Sucker Punch|p2a: Kilowattrel\n|-damage|p2a: Kilowattrel|144/252\n|move|p2a: Kilowattrel|Discharge|p1a: Spiritomb\n|-damage|p1a: Spiritomb|0 fnt\n|faint|p1a: Spiritomb\n|\n|-weather|none\n|upkeep\n|\n|t:|1782861699\n|switch|p1a: Slowking|Slowking-Galar, L85, M|172/300\n|turn|15\n|\n|t:|1782861704\n|move|p2a: Kilowattrel|Discharge|p1a: Slowking\n|-damage|p1a: Slowking|102/300\n|move|p1a: Slowking|Slack Off|p1a: Slowking\n|-heal|p1a: Slowking|252/300\n|\n|-heal|p1a: Slowking|270/300|[from] item: Leftovers\n|upkeep\n|turn|16\n|\n|t:|1782861713\n|move|p2a: Kilowattrel|Discharge|p1a: Slowking\n|-damage|p1a: Slowking|197/300\n|-status|p1a: Slowking|par\n|move|p1a: Slowking|Sludge Bomb|p2a: Kilowattrel\n|-damage|p2a: Kilowattrel|6/252\n|\n|-heal|p1a: Slowking|215/300 par|[from] item: Leftovers\n|upkeep\n|turn|17\n|\n|t:|1782861721\n|move|p2a: Kilowattrel|Hurricane|p1a: Slowking\n|-damage|p1a: Slowking|116/300 par\n|-start|p1a: Slowking|confusion\n|-activate|p1a: Slowking|confusion\n|move|p1a: Slowking|Sludge Bomb|p2a: Kilowattrel\n|-damage|p2a: Kilowattrel|0 fnt\n|faint|p2a: Kilowattrel\n|\n|-heal|p1a: Slowking|134/300 par|[from] item: Leftovers\n|upkeep\n|\n|t:|1782861728\n|switch|p2a: Minior|Minior-Green, L79|224/224\n|-formechange|p2a: Minior|Minior-Meteor||[from] ability: Shields Down\n|turn|18\n|\n|t:|1782861738\n|switch|p1a: Vigoroth|Vigoroth, L85, M|275/275\n|move|p2a: Minior|Shell Smash|p2a: Minior\n|-unboost|p2a: Minior|def|1\n|-unboost|p2a: Minior|spd|1\n|-boost|p2a: Minior|atk|2\n|-boost|p2a: Minior|spa|2\n|-boost|p2a: Minior|spe|2\n|-enditem|p2a: Minior|White Herb\n|-clearnegativeboost|p2a: Minior|[silent]\n|\n|upkeep\n|turn|19\n|\n|t:|1782861748\n|move|p2a: Minior|Shell Smash|p2a: Minior\n|-unboost|p2a: Minior|def|1\n|-unboost|p2a: Minior|spd|1\n|-boost|p2a: Minior|atk|2\n|-boost|p2a: Minior|spa|2\n|-boost|p2a: Minior|spe|2\n|move|p1a: Vigoroth|Bulk Up|p1a: Vigoroth\n|-boost|p1a: Vigoroth|atk|1\n|-boost|p1a: Vigoroth|def|1\n|\n|upkeep\n|turn|20\n|\n|t:|1782861763\n|-terastallize|p1a: Vigoroth|Ground\n|move|p2a: Minior|Power Gem|p1a: Vigoroth\n|-resisted|p1a: Vigoroth\n|-damage|p1a: Vigoroth|206/275\n|move|p1a: Vigoroth|Body Slam|p2a: Minior\n|-resisted|p2a: Minior\n|-damage|p2a: Minior|131/224\n|\n|upkeep\n|turn|21\n|\n|t:|1782861772\n|move|p2a: Minior|Acrobatics|p1a: Vigoroth\n|-damage|p1a: Vigoroth|103/275\n|move|p1a: Vigoroth|Bulk Up|p1a: Vigoroth\n|-boost|p1a: Vigoroth|atk|1\n|-boost|p1a: Vigoroth|def|1\n|\n|upkeep\n|turn|22\n|\n|t:|1782861789\n|move|p2a: Minior|Acrobatics|p1a: Vigoroth\n|-damage|p1a: Vigoroth|25/275\n|move|p1a: Vigoroth|Slack Off|p1a: Vigoroth\n|-heal|p1a: Vigoroth|163/275\n|\n|upkeep\n|turn|23\n|\n|t:|1782861802\n|move|p2a: Minior|Acrobatics|p1a: Vigoroth\n|-damage|p1a: Vigoroth|85/275\n|move|p1a: Vigoroth|Slack Off|p1a: Vigoroth\n|-heal|p1a: Vigoroth|223/275\n|\n|upkeep\n|turn|24\n|\n|t:|1782861808\n|move|p2a: Minior|Acrobatics|p1a: Vigoroth\n|-damage|p1a: Vigoroth|151/275\n|move|p1a: Vigoroth|Bulk Up|p1a: Vigoroth\n|-boost|p1a: Vigoroth|atk|1\n|-boost|p1a: Vigoroth|def|1\n|\n|upkeep\n|turn|25\n|\n|t:|1782861819\n|switch|p2a: Gardevoir|Gardevoir, L83, F|249/249\n|-status|p2a: Gardevoir|tox\n|-ability|p2a: Gardevoir|Vital Spirit|Trace|[from] ability: Trace|[of] p1a: Vigoroth\n|move|p1a: Vigoroth|Slack Off|p1a: Vigoroth\n|-heal|p1a: Vigoroth|275/275\n|\n|-damage|p2a: Gardevoir|234/249 tox|[from] psn\n|upkeep\n|turn|26\n|\n|t:|1782861830\n|move|p2a: Gardevoir|Trick|p1a: Vigoroth\n|-activate|p2a: Gardevoir|move: Trick|[of] p1a: Vigoroth\n|-item|p1a: Vigoroth|Choice Scarf|[from] move: Trick\n|-item|p2a: Gardevoir|Eviolite|[from] move: Trick\n|move|p1a: Vigoroth|Body Slam|p2a: Gardevoir\n|-damage|p2a: Gardevoir|0 fnt\n|faint|p2a: Gardevoir\n|\n|upkeep\n|\n|t:|1782861834\n|switch|p2a: Spectrier|Spectrier, L75|274/274\n|-status|p2a: Spectrier|tox\n|turn|27\n|\n|t:|1782861844\n|switch|p1a: Slowking|Slowking-Galar, L85, M|234/300 par\n|move|p2a: Spectrier|Nasty Plot|p2a: Spectrier\n|-boost|p2a: Spectrier|spa|2\n|\n|-heal|p1a: Slowking|252/300 par|[from] item: Leftovers\n|-damage|p2a: Spectrier|257/274 tox|[from] psn\n|upkeep\n|turn|28\n|\n|t:|1782861852\n|switch|p1a: Vigoroth|Vigoroth, L85, M, tera:Ground|275/275\n|move|p2a: Spectrier|Shadow Ball|p1a: Vigoroth\n|-damage|p1a: Vigoroth|0 fnt\n|faint|p1a: Vigoroth\n|-ability|p2a: Spectrier|Grim Neigh|boost\n|-boost|p2a: Spectrier|spa|1\n|-damage|p2a: Spectrier|230/274 tox|[from] item: Life Orb\n|\n|-damage|p2a: Spectrier|196/274 tox|[from] psn\n|upkeep\n|\n|t:|1782861861\n|switch|p1a: Charizard|Charizard, L85, F|271/271\n|turn|29\n|\n|t:|1782861865\n|move|p2a: Spectrier|Shadow Ball|p1a: Charizard\n|-damage|p1a: Charizard|0 fnt\n|faint|p1a: Charizard\n|-ability|p2a: Spectrier|Grim Neigh|boost\n|-boost|p2a: Spectrier|spa|1\n|-damage|p2a: Spectrier|169/274 tox|[from] item: Life Orb\n|\n|-damage|p2a: Spectrier|118/274 tox|[from] psn\n|upkeep\n|-message|ChaserJD forfeited.\n|\n|win|rinigan_minato\n|raw|ChaserJD's rating: 1751 &rarr; <strong>1732</strong><br />(-19 for losing)\n|raw|rinigan_minato's rating: 1765 &rarr; <strong>1784</strong><br />(+19 for winning)\n|l|\u2606ChaserJD\n|player|p1|\n", "inputlog": ">version f8ac14003a5f27e1bdc8d8c59608a773c1cb96e5\n>start {\"formatid\":\"gen9randombattle\",\"seed\":\"sodium,0cd6d8d6af56248046a08eb18060797a\",\"rated\":\"Rated battle\"}\n>player p1 {\"name\":\"ChaserJD\",\"avatar\":\"170\",\"rating\":1751,\"seed\":\"sodium,a85678dc9e3e4341598a12fd76377188\"}\n>player p2 {\"name\":\"rinigan_minato\",\"avatar\":\"volkner\",\"rating\":1765,\"seed\":\"sodium,c2f679fc85a6ca956cd046aa66ec43ff\"}\n>p1 move flipturn\n>p2 move weatherball\n>p1 switch 3\n>p1 move nastyplot\n>p2 move weatherball\n>p1 move thunderbolt\n>p2 switch 4\n>p1 move alluringvoice\n>p2 move uturn\n>p2 switch 4\n>p1 switch 5\n>p1 move slackoff\n>p2 move hydropump\n>p1 move toxicspikes\n>p2 switch 6\n>p1 move toxicspikes\n>p2 move lavaplume\n>p1 switch 3\n>p2 move lavaplume\n>p1 move earthquake\n>p2 move powergem\n>p2 switch 6\n>p1 move stealthrock\n>p2 move weatherball\n>p1 switch 3\n>p1 move slackoff\n>p2 move weatherball\n>p1 move psyshock\n>p2 move weatherball\n>p1 switch 2\n>p2 move weatherball\n>p2 switch 4\n>p1 move suckerpunch\n>p2 move discharge\n>p1 switch 2\n>p1 move slackoff\n>p2 move discharge\n>p1 move sludgebomb\n>p2 move discharge\n>p1 move sludgebomb\n>p2 move hurricane\n>p2 switch 3\n>p1 switch 4\n>p2 move shellsmash\n>p1 move bulkup\n>p2 move shellsmash\n>p1 move bodyslam terastallize\n>p2 move powergem\n>p1 move bulkup\n>p2 move acrobatics\n>p1 move slackoff\n>p2 move acrobatics\n>p1 move slackoff\n>p2 move acrobatics\n>p1 move bulkup\n>p2 move acrobatics\n>p1 move slackoff\n>p2 switch 5\n>p1 move bodyslam\n>p2 move trick\n>p2 switch 2\n>p1 switch 4\n>p2 move nastyplot\n>p1 switch 4\n>p2 move shadowball\n>p1 switch 6\n>p1 move flamethrower\n>p2 move shadowball\n>forcelose p1", "uploadtime": 1782861870, "views": 3, "formatid": "gen9randombattle", "rating": 1732, "private": 0, "password": null, "player_dets": [{"name": "ChaserJD", "avatar": "170", "rating": 1751, "seed": "sodium,a85678dc9e3e4341598a12fd76377188"}, {"name": "rinigan_minato", "avatar": "volkner", "rating": 1765, "seed": "sodium,c2f679fc85a6ca956cd046aa66ec43ff"}], "teams_full": [{"Swampert": {"name": "Swampert", "species": "Swampert", "speciesId": "swampert", "gender": "F", "shiny": false, "level": 83, "moves": ["yawn", "earthquake", "stealthrock", "flipturn"], "ability": "Torrent", "evs": {"hp": 85, "atk": 85, "def": 85, "spa": 85, "spd": 85, "spe": 85}, "ivs": {"hp": 31, "atk": 31, "def": 31, "spa": 31, "spd": 31, "spe": 31}, "item": "Leftovers", "teraType": "Steel", "role": "Bulky Support", "bvs": {"hp": 100, "atk": 110, "def": 90, "spa": 85, "spd": 90, "spe": 60}, "stats": {"hp": 302, "atk": 230, "def": 197, "spa": 189, "spd": 197, "spe": 147}, "types": ["Water", "Ground"]}, "Spiritomb": {"name": "Spiritomb", "species": "Spiritomb", "speciesId": "spiritomb", "gender": "M", "shiny": false, "level": 89, "moves": ["suckerpunch", "poltergeist", "painsplit", "foulplay"], "ability": "Infiltrator", "evs": {"hp": 85, "atk": 85, "def": 85, "spa": 85, "spd": 85, "spe": 85}, "ivs": {"hp": 31, "atk": 31, "def": 31, "spa": 31, "spd": 31, "spe": 31}, "item": "Leftovers", "teraType": "Ghost", "role": "Bulky Support", "bvs": {"hp": 50, "atk": 92, "def": 108, "spa": 92, "spd": 108, "spe": 35}, "stats": {"hp": 234, "atk": 215, "def": 243, "spa": 215, "spd": 243, "spe": 113}, "types": ["Ghost", "Dark"]}, "Plusle": {"name": "Plusle", "species": "Plusle", "speciesId": "plusle", "gender": "F", "shiny": false, "level": 95, "moves": ["alluringvoice", "thunderbolt", "nastyplot", "grassknot"], "ability": "Lightning Rod", "evs": {"hp": 85, "atk": 0, "def": 85, "spa": 85, "spd": 85, "spe": 85}, "ivs": {"hp": 31, "atk": 0, "def": 31, "spa": 31, "spd": 31, "spe": 31}, "item": "Life Orb", "teraType": "Electric", "role": "Setup Sweeper", "bvs": {"hp": 60, "atk": 50, "def": 40, "spa": 85, "spd": 75, "spe": 95}, "stats": {"hp": 268, "atk": 100, "def": 130, "spa": 215, "spd": 196, "spe": 234}, "types": ["Electric"]}, "Vigoroth": {"name": "Vigoroth", "species": "Vigoroth", "speciesId": "vigoroth", "gender": "M", "shiny": false, "level": 85, "moves": ["bulkup", "earthquake", "slackoff", "bodyslam"], "ability": "Vital Spirit", "evs": {"hp": 85, "atk": 85, "def": 85, "spa": 85, "spd": 85, "spe": 85}, "ivs": {"hp": 31, "atk": 31, "def": 31, "spa": 31, "spd": 31, "spe": 31}, "item": "Eviolite", "teraType": "Ground", "role": "Bulky Attacker", "bvs": {"hp": 80, "atk": 80, "def": 80, "spa": 55, "spd": 55, "spe": 90}, "stats": {"hp": 275, "atk": 185, "def": 185, "spa": 142, "spd": 142, "spe": 202}, "types": ["Normal"]}, "Slowking": {"name": "Slowking", "species": "Slowking-Galar", "speciesId": "slowkinggalar", "gender": "M", "shiny": false, "level": 85, "moves": ["slackoff", "toxicspikes", "sludgebomb", "psyshock"], "ability": "Regenerator", "evs": {"hp": 85, "atk": 0, "def": 85, "spa": 85, "spd": 85, "spe": 85}, "ivs": {"hp": 31, "atk": 0, "def": 31, "spa": 31, "spd": 31, "spe": 31}, "item": "Leftovers", "teraType": "Fairy", "role": "Bulky Attacker", "bvs": {"hp": 95, "atk": 65, "def": 80, "spa": 110, "spd": 110, "spe": 30}, "stats": {"hp": 300, "atk": 115, "def": 185, "spa": 236, "spd": 236, "spe": 100}, "types": ["Poison", "Psychic"]}, "Charizard": {"name": "Charizard", "species": "Charizard", "speciesId": "charizard", "gender": "F", "shiny": false, "level": 85, "moves": ["hurricane", "flamethrower", "focusblast", "earthquake"], "ability": "Blaze", "evs": {"hp": 85, "atk": 85, "def": 85, "spa": 85, "spd": 85, "spe": 85}, "ivs": {"hp": 31, "atk": 31, "def": 31, "spa": 31, "spd": 31, "spe": 31}, "item": "Heavy-Duty Boots", "teraType": "Fire", "role": "Fast Attacker", "bvs": {"hp": 78, "atk": 84, "def": 78, "spa": 109, "spd": 85, "spe": 100}, "stats": {"hp": 271, "atk": 192, "def": 181, "spa": 234, "spd": 193, "spe": 219}, "types": ["Fire", "Flying"]}}, {"Politoed": {"name": "Politoed", "species": "Politoed", "speciesId": "politoed", "gender": "F", "shiny": false, "level": 88, "moves": ["weatherball", "icebeam", "focusblast", "hydropump"], "ability": "Drizzle", "evs": {"hp": 85, "atk": 0, "def": 85, "spa": 85, "spd": 85, "spe": 85}, "ivs": {"hp": 31, "atk": 0, "def": 31, "spa": 31, "spd": 31, "spe": 31}, "item": "Choice Specs", "teraType": "Water", "role": "Fast Attacker", "bvs": {"hp": 90, "atk": 75, "def": 75, "spa": 90, "spd": 100, "spe": 70}, "stats": {"hp": 302, "atk": 137, "def": 182, "spa": 209, "spd": 226, "spe": 173}, "types": ["Water"]}, "Spectrier": {"name": "Spectrier", "species": "Spectrier", "speciesId": "spectrier", "gender": "N", "shiny": false, "level": 75, "moves": ["nastyplot", "darkpulse", "drainingkiss", "shadowball"], "ability": "Grim Neigh", "evs": {"hp": 85, "atk": 0, "def": 85, "spa": 85, "spd": 85, "spe": 85}, "ivs": {"hp": 31, "atk": 0, "def": 31, "spa": 31, "spd": 31, "spe": 31}, "item": "Life Orb", "teraType": "Fairy", "role": "Setup Sweeper", "bvs": {"hp": 100, "atk": 65, "def": 60, "spa": 145, "spd": 80, "spe": 130}, "stats": {"hp": 274, "atk": 102, "def": 134, "spa": 261, "spd": 164, "spe": 239}, "types": ["Ghost"]}, "Minior": {"name": "Minior", "species": "Minior-Green", "speciesId": "minior", "gender": "N", "shiny": false, "level": 79, "moves": ["acrobatics", "earthquake", "powergem", "shellsmash"], "ability": "Shields Down", "evs": {"hp": 85, "atk": 85, "def": 85, "spa": 85, "spd": 85, "spe": 85}, "ivs": {"hp": 31, "atk": 31, "def": 31, "spa": 31, "spd": 31, "spe": 31}, "item": "White Herb", "teraType": "Flying", "role": "Setup Sweeper", "bvs": {"hp": 60, "atk": 100, "def": 60, "spa": 100, "spd": 60, "spe": 120}, "stats": {"hp": 224, "atk": 204, "def": 140, "spa": 204, "spd": 140, "spe": 235}, "types": ["Rock", "Flying"]}, "Kilowattrel": {"name": "Kilowattrel", "species": "Kilowattrel", "speciesId": "kilowattrel", "gender": "M", "shiny": false, "level": 83, "moves": ["hurricane", "roost", "uturn", "discharge"], "ability": "Volt Absorb", "evs": {"hp": 85, "atk": 85, "def": 85, "spa": 85, "spd": 85, "spe": 85}, "ivs": {"hp": 31, "atk": 31, "def": 31, "spa": 31, "spd": 31, "spe": 31}, "item": "Heavy-Duty Boots", "teraType": "Water", "role": "Bulky Attacker", "bvs": {"hp": 70, "atk": 70, "def": 60, "spa": 105, "spd": 60, "spe": 125}, "stats": {"hp": 252, "atk": 164, "def": 147, "spa": 222, "spd": 147, "spe": 255}, "types": ["Electric", "Flying"]}, "Gardevoir": {"name": "Gardevoir", "species": "Gardevoir", "speciesId": "gardevoir", "gender": "F", "shiny": false, "level": 83, "moves": ["focusblast", "moonblast", "psychic", "trick"], "ability": "Trace", "evs": {"hp": 85, "atk": 0, "def": 85, "spa": 85, "spd": 85, "spe": 85}, "ivs": {"hp": 31, "atk": 0, "def": 31, "spa": 31, "spd": 31, "spe": 31}, "item": "Choice Scarf", "teraType": "Fighting", "role": "Fast Attacker", "bvs": {"hp": 68, "atk": 65, "def": 65, "spa": 125, "spd": 115, "spe": 80}, "stats": {"hp": 249, "atk": 112, "def": 156, "spa": 255, "spd": 239, "spe": 180}, "types": ["Psychic", "Fairy"]}, "Magcargo": {"name": "Magcargo", "species": "Magcargo", "speciesId": "magcargo", "gender": "M", "shiny": false, "level": 95, "moves": ["recover", "yawn", "lavaplume", "powergem"], "ability": "Flame Body", "evs": {"hp": 85, "atk": 0, "def": 85, "spa": 85, "spd": 85, "spe": 85}, "ivs": {"hp": 31, "atk": 0, "def": 31, "spa": 31, "spd": 31, "spe": 31}, "item": "Heavy-Duty Boots", "teraType": "Dragon", "role": "Bulky Support", "bvs": {"hp": 60, "atk": 50, "def": 120, "spa": 90, "spd": 80, "spe": 30}, "stats": {"hp": 268, "atk": 100, "def": 282, "spa": 225, "spd": 206, "spe": 111}, "types": ["Fire", "Rock"]}}]}