{"id": "gen9randombattle-2641438520", "format": "[Gen 9] Random Battle", "players": ["mazzasaurusrex", "kurama66666666"], "log": "|j|\u2606mazzasaurusrex\n|j|\u2606kurama66666666\n|t:|1782784841\n|gametype|singles\n|player|p1|mazzasaurusrex|265|1279\n|player|p2|kurama66666666|falkner|1215\n|gen|9\n|tier|[Gen 9] Random Battle\n|rated|\n|rule|Species Clause: Limit one of each Pok\u00e9mon\n|rule|HP Percentage Mod: HP is shown in percentages\n|rule|Sleep Clause Mod: Limit one foe put to sleep\n|rule|Illusion Level Mod: Illusion disguises the Pok\u00e9mon's true level\n|\n|t:|1782784841\n|teamsize|p1|6\n|teamsize|p2|6\n|start\n|switch|p1a: Chien-Pao|Chien-Pao, L72|234/234\n|switch|p2a: Deoxys|Deoxys-Defense, L84|221/221\n|-ability|p1a: Chien-Pao|Sword of Ruin\n|-ability|p2a: Deoxys|Pressure\n|turn|1\n|inactive|Battle timer is ON: inactive players will automatically lose when time's up. (requested by mazzasaurusrex)\n|inactive|kurama66666666 has 120 seconds left.\n|\n|t:|1782784882\n|move|p1a: Chien-Pao|Icicle Crash|p2a: Deoxys\n|-damage|p2a: Deoxys|124/221\n|cant|p2a: Deoxys|flinch\n|\n|-heal|p2a: Deoxys|137/221|[from] item: Leftovers\n|upkeep\n|turn|2\n|\n|t:|1782784897\n|switch|p2a: Hariyama|Hariyama, L87, F|392/392\n|move|p1a: Chien-Pao|Icicle Crash|p2a: Hariyama\n|-damage|p2a: Hariyama|298/392\n|\n|upkeep\n|turn|3\n|\n|t:|1782784909\n|switch|p1a: Sylveon|Sylveon, L85, M|300/300\n|move|p2a: Hariyama|Close Combat|p1a: Sylveon\n|-resisted|p1a: Sylveon\n|-damage|p1a: Sylveon|208/300\n|-unboost|p2a: Hariyama|def|1\n|-unboost|p2a: Hariyama|spd|1\n|\n|-heal|p1a: Sylveon|226/300|[from] item: Leftovers\n|upkeep\n|turn|4\n|\n|t:|1782784914\n|move|p1a: Sylveon|Calm Mind|p1a: Sylveon\n|-boost|p1a: Sylveon|spa|1\n|-boost|p1a: Sylveon|spd|1\n|move|p2a: Hariyama|Heavy Slam|p1a: Sylveon\n|-supereffective|p1a: Sylveon\n|-crit|p1a: Sylveon\n|-damage|p1a: Sylveon|0 fnt\n|faint|p1a: Sylveon\n|\n|upkeep\n|\n|t:|1782784928\n|switch|p1a: Camerupt|Camerupt, L91, M|275/275\n|turn|5\n|\n|t:|1782784943\n|move|p2a: Hariyama|Knock Off|p1a: Camerupt\n|-damage|p1a: Camerupt|174/275\n|-enditem|p1a: Camerupt|Leftovers|[from] move: Knock Off|[of] p2a: Hariyama\n|move|p1a: Camerupt|Earthquake|p2a: Hariyama\n|-crit|p2a: Hariyama\n|-damage|p2a: Hariyama|0 fnt\n|faint|p2a: Hariyama\n|\n|upkeep\n|\n|t:|1782784956\n|switch|p2a: Walking Wake|Walking Wake, L79|286/286\n|turn|6\n|\n|t:|1782784961\n|move|p2a: Walking Wake|Flip Turn|p1a: Camerupt\n|-supereffective|p1a: Camerupt\n|-crit|p1a: Camerupt\n|-damage|p1a: Camerupt|0 fnt\n|faint|p1a: Camerupt\n|\n|t:|1782784967\n|-end|p2a: Walking Wake|Protosynthesis|[silent]\n|switch|p2a: Deoxys|Deoxys-Defense, L84|137/221|[from] Flip Turn\n|-ability|p2a: Deoxys|Pressure\n|\n|-heal|p2a: Deoxys|150/221|[from] item: Leftovers\n|upkeep\n|\n|t:|1782784972\n|switch|p1a: Chien-Pao|Chien-Pao, L72|234/234\n|-ability|p1a: Chien-Pao|Sword of Ruin\n|turn|7\n|\n|t:|1782784988\n|switch|p2a: Probopass|Probopass, L91, M|257/257\n|move|p1a: Chien-Pao|Crunch|p2a: Probopass\n|-crit|p2a: Probopass\n|-damage|p2a: Probopass|124/257\n|\n|-heal|p2a: Probopass|140/257|[from] item: Leftovers\n|upkeep\n|turn|8\n|\n|t:|1782784993\n|move|p1a: Chien-Pao|Crunch|p2a: Probopass\n|-damage|p2a: Probopass|50/257\n|move|p2a: Probopass|Thunder Wave|p1a: Chien-Pao\n|-status|p1a: Chien-Pao|par\n|\n|-heal|p2a: Probopass|66/257|[from] item: Leftovers\n|upkeep\n|turn|9\n|\n|t:|1782785002\n|move|p2a: Probopass|Iron Defense|p2a: Probopass\n|-boost|p2a: Probopass|def|2\n|move|p1a: Chien-Pao|Crunch|p2a: Probopass\n|-damage|p2a: Probopass|20/257\n|-unboost|p2a: Probopass|def|1\n|\n|-heal|p2a: Probopass|36/257|[from] item: Leftovers\n|upkeep\n|turn|10\n|\n|t:|1782785017\n|-terastallize|p2a: Probopass|Fighting\n|move|p2a: Probopass|Iron Defense|p2a: Probopass\n|-boost|p2a: Probopass|def|2\n|move|p1a: Chien-Pao|Crunch|p2a: Probopass\n|-resisted|p2a: Probopass\n|-damage|p2a: Probopass|19/257\n|\n|-heal|p2a: Probopass|35/257|[from] item: Leftovers\n|upkeep\n|turn|11\n|\n|t:|1782785024\n|switch|p1a: Lucario|Lucario, L84, F|255/255\n|move|p2a: Probopass|Body Press|p1a: Lucario\n|-supereffective|p1a: Lucario\n|-damage|p1a: Lucario|0 fnt\n|faint|p1a: Lucario\n|\n|-heal|p2a: Probopass|51/257|[from] item: Leftovers\n|upkeep\n|\n|t:|1782785030\n|switch|p1a: Illumise|Illumise, L91, F|266/266\n|turn|12\n|\n|t:|1782785034\n|move|p1a: Illumise|Bug Buzz|p2a: Probopass\n|-resisted|p2a: Probopass\n|-damage|p2a: Probopass|26/257\n|move|p2a: Probopass|Power Gem|p1a: Illumise\n|-supereffective|p1a: Illumise\n|-damage|p1a: Illumise|108/266\n|\n|-heal|p2a: Probopass|42/257|[from] item: Leftovers\n|upkeep\n|turn|13\n|\n|t:|1782785037\n|move|p1a: Illumise|Bug Buzz|p2a: Probopass\n|-resisted|p2a: Probopass\n|-crit|p2a: Probopass\n|-damage|p2a: Probopass|2/257\n|move|p2a: Probopass|Power Gem|p1a: Illumise\n|-supereffective|p1a: Illumise\n|-damage|p1a: Illumise|0 fnt\n|faint|p1a: Illumise\n|\n|-heal|p2a: Probopass|18/257|[from] item: Leftovers\n|upkeep\n|\n|t:|1782785043\n|switch|p1a: Rampardos|Rampardos, L90, F|321/321\n|turn|14\n|\n|t:|1782785046\n|move|p1a: Rampardos|Fire Punch|p2a: Probopass\n|-crit|p2a: Probopass\n|-damage|p2a: Probopass|0 fnt\n|faint|p2a: Probopass\n|\n|upkeep\n|\n|t:|1782785051\n|switch|p2a: Walking Wake|Walking Wake, L79|286/286\n|turn|15\n|-message|mazzasaurusrex forfeited.\n|\n|win|kurama66666666\n|raw|mazzasaurusrex's rating: 1279 &rarr; <strong>1249</strong><br />(-30 for losing)\n|raw|kurama66666666's rating: 1215 &rarr; <strong>1245</strong><br />(+30 for winning)\n|l|\u2606mazzasaurusrex\n|player|p1|\n", "inputlog": ">version f8ac14003a5f27e1bdc8d8c59608a773c1cb96e5\n>start {\"formatid\":\"gen9randombattle\",\"seed\":\"sodium,943a27986b25f9badfa8da40a6f69777\",\"rated\":\"Rated battle\"}\n>player p1 {\"name\":\"mazzasaurusrex\",\"avatar\":\"265\",\"rating\":1279,\"seed\":\"sodium,8794e91640ba112023d7997a89cdf137\"}\n>player p2 {\"name\":\"kurama66666666\",\"avatar\":\"falkner\",\"rating\":1215,\"seed\":\"sodium,c70e02c3b2b04383473d8961c59f703e\"}\n>p1 move iciclecrash\n>p2 move teleport\n>p1 move iciclecrash\n>p2 switch 5\n>p1 switch 5\n>p2 move closecombat\n>p1 move calmmind\n>p2 move heavyslam\n>p1 switch 4\n>p1 move earthquake\n>p2 move knockoff\n>p2 switch 4\n>p1 move stealthrock\n>p2 move flipturn\n>p2 switch 5\n>p1 switch 5\n>p1 move crunch\n>p2 switch 2\n>p1 move crunch\n>p2 move thunderwave\n>p1 move crunch\n>p2 move irondefense\n>p1 move crunch\n>p2 move irondefense terastallize\n>p1 switch 3\n>p2 move bodypress\n>p1 switch 6\n>p1 move bugbuzz\n>p2 move powergem\n>p1 move bugbuzz\n>p2 move powergem\n>p1 switch 2\n>p1 move firepunch\n>p2 move bodypress\n>p2 switch 5\n>forcelose p1", "uploadtime": 1782785062, "views": 10, "formatid": "gen9randombattle", "rating": 1245, "private": 0, "password": null, "player_dets": [{"name": "mazzasaurusrex", "avatar": "265", "rating": 1279, "seed": "sodium,8794e91640ba112023d7997a89cdf137"}, {"name": "kurama66666666", "avatar": "falkner", "rating": 1215, "seed": "sodium,c70e02c3b2b04383473d8961c59f703e"}], "teams_full": [{"Chien-Pao": {"name": "Chien-Pao", "species": "Chien-Pao", "speciesId": "chienpao", "gender": "N", "shiny": false, "level": 72, "moves": ["crunch", "sacredsword", "iciclecrash", "iceshard"], "ability": "Sword of Ruin", "evs": {"hp": 85, "atk": 85, "def": 85, "spa": 85, "spd": 85, "spe": 85}, "ivs": {"hp": 31, "atk": 31, "def": 31, "spa": 31, "spd": 31, "spe": 31}, "item": "Choice Band", "teraType": "Dark", "role": "Wallbreaker", "bvs": {"hp": 80, "atk": 120, "def": 80, "spa": 90, "spd": 65, "spe": 135}, "stats": {"hp": 234, "atk": 215, "def": 157, "spa": 172, "spd": 136, "spe": 236}, "types": ["Dark", "Ice"]}, "Rampardos": {"name": "Rampardos", "species": "Rampardos", "speciesId": "rampardos", "gender": "F", "shiny": false, "level": 90, "moves": ["rockslide", "firepunch", "earthquake", "headsmash"], "ability": "Sheer Force", "evs": {"hp": 85, "atk": 85, "def": 85, "spa": 85, "spd": 85, "spe": 85}, "ivs": {"hp": 31, "atk": 31, "def": 31, "spa": 31, "spd": 31, "spe": 31}, "item": "Choice Scarf", "teraType": "Rock", "role": "Fast Attacker", "bvs": {"hp": 97, "atk": 165, "def": 60, "spa": 65, "spd": 50, "spe": 58}, "stats": {"hp": 321, "atk": 348, "def": 159, "spa": 168, "spd": 141, "spe": 156}, "types": ["Rock"]}, "Lucario": {"name": "Lucario", "species": "Lucario", "speciesId": "lucario", "gender": "F", "shiny": false, "level": 84, "moves": ["meteormash", "extremespeed", "stoneedge", "closecombat"], "ability": "Justified", "evs": {"hp": 85, "atk": 85, "def": 85, "spa": 85, "spd": 85, "spe": 85}, "ivs": {"hp": 31, "atk": 31, "def": 31, "spa": 31, "spd": 31, "spe": 31}, "item": "Choice Band", "teraType": "Normal", "role": "Fast Attacker", "bvs": {"hp": 70, "atk": 110, "def": 70, "spa": 115, "spd": 70, "spe": 90}, "stats": {"hp": 255, "atk": 233, "def": 166, "spa": 241, "spd": 166, "spe": 199}, "types": ["Fighting", "Steel"]}, "Camerupt": {"name": "Camerupt", "species": "Camerupt", "speciesId": "camerupt", "gender": "M", "shiny": false, "level": 91, "moves": ["stealthrock", "earthquake", "willowisp", "overheat"], "ability": "Solid Rock", "evs": {"hp": 85, "atk": 85, "def": 85, "spa": 85, "spd": 85, "spe": 85}, "ivs": {"hp": 31, "atk": 31, "def": 31, "spa": 31, "spd": 31, "spe": 31}, "item": "Leftovers", "teraType": "Grass", "role": "Bulky Support", "bvs": {"hp": 70, "atk": 100, "def": 70, "spa": 105, "spd": 75, "spe": 40}, "stats": {"hp": 275, "atk": 234, "def": 179, "spa": 243, "spd": 188, "spe": 125}, "types": ["Fire", "Ground"]}, "Sylveon": {"name": "Sylveon", "species": "Sylveon", "speciesId": "sylveon", "gender": "M", "shiny": false, "level": 85, "moves": ["calmmind", "wish", "hypervoice", "protect"], "ability": "Pixilate", "evs": {"hp": 85, "atk": 0, "def": 85, "spa": 85, "spd": 85, "spe": 85}, "ivs": {"hp": 31, "atk": 0, "def": 31, "spa": 31, "spd": 31, "spe": 31}, "item": "Leftovers", "teraType": "Steel", "role": "Bulky Setup", "bvs": {"hp": 95, "atk": 65, "def": 65, "spa": 110, "spd": 130, "spe": 60}, "stats": {"hp": 300, "atk": 115, "def": 159, "spa": 236, "spd": 270, "spe": 151}, "types": ["Fairy"]}, "Illumise": {"name": "Illumise", "species": "Illumise", "speciesId": "illumise", "gender": "F", "shiny": false, "level": 91, "moves": ["roost", "thunderwave", "bugbuzz", "encore"], "ability": "Prankster", "evs": {"hp": 85, "atk": 0, "def": 85, "spa": 85, "spd": 85, "spe": 85}, "ivs": {"hp": 31, "atk": 0, "def": 31, "spa": 31, "spd": 31, "spe": 31}, "item": "Heavy-Duty Boots", "teraType": "Water", "role": "Bulky Support", "bvs": {"hp": 65, "atk": 47, "def": 75, "spa": 73, "spd": 85, "spe": 85}, "stats": {"hp": 266, "atk": 90, "def": 188, "spa": 185, "spd": 207, "spe": 207}, "types": ["Bug"]}}, {"Deoxys": {"name": "Deoxys", "species": "Deoxys-Defense", "speciesId": "deoxysdefense", "gender": "N", "shiny": false, "level": 84, "moves": ["recover", "teleport", "knockoff", "psychicnoise"], "ability": "Pressure", "evs": {"hp": 85, "atk": 85, "def": 85, "spa": 85, "spd": 85, "spe": 85}, "ivs": {"hp": 31, "atk": 31, "def": 31, "spa": 31, "spd": 31, "spe": 31}, "item": "Leftovers", "teraType": "Dark", "role": "Bulky Support", "bvs": {"hp": 50, "atk": 70, "def": 160, "spa": 70, "spd": 160, "spe": 90}, "stats": {"hp": 221, "atk": 166, "def": 317, "spa": 166, "spd": 317, "spe": 199}, "types": ["Psychic"]}, "Probopass": {"name": "Probopass", "species": "Probopass", "speciesId": "probopass", "gender": "M", "shiny": false, "level": 91, "moves": ["powergem", "thunderwave", "irondefense", "bodypress"], "ability": "Magnet Pull", "evs": {"hp": 85, "atk": 0, "def": 85, "spa": 85, "spd": 85, "spe": 85}, "ivs": {"hp": 31, "atk": 0, "def": 31, "spa": 31, "spd": 31, "spe": 31}, "item": "Leftovers", "teraType": "Fighting", "role": "Bulky Setup", "bvs": {"hp": 60, "atk": 55, "def": 145, "spa": 75, "spd": 150, "spe": 40}, "stats": {"hp": 257, "atk": 105, "def": 316, "spa": 188, "spd": 325, "spe": 125}, "types": ["Rock", "Steel"]}, "Palkia": {"name": "Palkia", "species": "Palkia", "speciesId": "palkia", "gender": "N", "shiny": false, "level": 75, "moves": ["hydropump", "dracometeor", "spacialrend", "fireblast"], "ability": "Pressure", "evs": {"hp": 85, "atk": 0, "def": 85, "spa": 85, "spd": 85, "spe": 85}, "ivs": {"hp": 31, "atk": 0, "def": 31, "spa": 31, "spd": 31, "spe": 31}, "item": "Choice Specs", "teraType": "Fire", "role": "Fast Attacker", "bvs": {"hp": 90, "atk": 120, "def": 100, "spa": 150, "spd": 120, "spe": 100}, "stats": {"hp": 259, "atk": 185, "def": 194, "spa": 269, "spd": 224, "spe": 194}, "types": ["Water", "Dragon"]}, "Walking Wake": {"name": "Walking Wake", "species": "Walking Wake", "speciesId": "walkingwake", "gender": "N", "shiny": false, "level": 79, "moves": ["flamethrower", "dracometeor", "hydropump", "flipturn"], "ability": "Protosynthesis", "evs": {"hp": 85, "atk": 85, "def": 85, "spa": 85, "spd": 85, "spe": 85}, "ivs": {"hp": 31, "atk": 31, "def": 31, "spa": 31, "spd": 31, "spe": 31}, "item": "Choice Specs", "teraType": "Water", "role": "Wallbreaker", "bvs": {"hp": 99, "atk": 83, "def": 91, "spa": 125, "spd": 83, "spe": 109}, "stats": {"hp": 286, "atk": 177, "def": 189, "spa": 243, "spd": 177, "spe": 218}, "types": ["Water", "Dragon"]}, "Hariyama": {"name": "Hariyama", "species": "Hariyama", "speciesId": "hariyama", "gender": "F", "shiny": false, "level": 87, "moves": ["knockoff", "bulletpunch", "closecombat", "heavyslam"], "ability": "Thick Fat", "evs": {"hp": 85, "atk": 85, "def": 85, "spa": 85, "spd": 85, "spe": 85}, "ivs": {"hp": 31, "atk": 31, "def": 31, "spa": 31, "spd": 31, "spe": 31}, "item": "Assault Vest", "teraType": "Steel", "role": "AV Pivot", "bvs": {"hp": 144, "atk": 120, "def": 60, "spa": 40, "spd": 60, "spe": 50}, "stats": {"hp": 392, "atk": 259, "def": 154, "spa": 119, "spd": 154, "spe": 137}, "types": ["Fighting"]}, "Minior": {"name": "Minior", "species": "Minior-Yellow", "speciesId": "minior", "gender": "N", "shiny": false, "level": 79, "moves": ["shellsmash", "powergem", "acrobatics", "earthquake"], "ability": "Shields Down", "evs": {"hp": 85, "atk": 85, "def": 85, "spa": 85, "spd": 85, "spe": 85}, "ivs": {"hp": 31, "atk": 31, "def": 31, "spa": 31, "spd": 31, "spe": 31}, "item": "White Herb", "teraType": "Flying", "role": "Setup Sweeper", "bvs": {"hp": 60, "atk": 100, "def": 60, "spa": 100, "spd": 60, "spe": 120}, "stats": {"hp": 224, "atk": 204, "def": 140, "spa": 204, "spd": 140, "spe": 235}, "types": ["Rock", "Flying"]}}]}