{"id": "gen9randombattle-2642171647", "format": "[Gen 9] Random Battle", "players": ["Emolga>Rayquaza", "jnpr010334"], "log": "|j|\u2606Emolga>Rayquaza\n|j|\u2606jnpr010334\n|t:|1782904955\n|gametype|singles\n|player|p1|Emolga>Rayquaza|265|1802\n|player|p2|jnpr010334|265|1760\n|gen|9\n|tier|[Gen 9] Random Battle\n|rated|\n|rule|Species Clause: Limit one of each Pok\u00e9mon\n|rule|HP Percentage Mod: HP is shown in percentages\n|rule|Sleep Clause Mod: Limit one foe put to sleep\n|rule|Illusion Level Mod: Illusion disguises the Pok\u00e9mon's true level\n|\n|t:|1782904955\n|teamsize|p1|6\n|teamsize|p2|6\n|start\n|switch|p1a: Gliscor|Gliscor, L76, F|239/239\n|switch|p2a: Regice|Regice, L88|284/284\n|turn|1\n|inactive|Battle timer is ON: inactive players will automatically lose when time's up. (requested by jnpr010334)\n|\n|t:|1782904966\n|switch|p1a: Iron Hands|Iron Hands, L79|373/373\n|move|p2a: Regice|Ice Beam|p1a: Iron Hands\n|-damage|p1a: Iron Hands|229/373\n|\n|-heal|p1a: Iron Hands|252/373|[from] item: Leftovers\n|upkeep\n|turn|2\n|\n|t:|1782904969\n|switch|p2a: Wyrdeer|Wyrdeer, L87, M|321/321\n|-ability|p2a: Wyrdeer|Intimidate|boost\n|-unboost|p1a: Iron Hands|atk|1\n|move|p1a: Iron Hands|Drain Punch|p2a: Wyrdeer\n|-damage|p2a: Wyrdeer|246/321\n|-heal|p1a: Iron Hands|290/373|[from] drain|[of] p2a: Wyrdeer\n|\n|-heal|p2a: Wyrdeer|266/321|[from] item: Leftovers\n|-heal|p1a: Iron Hands|313/373|[from] item: Leftovers\n|upkeep\n|turn|3\n|\n|t:|1782904976\n|-end|p1a: Iron Hands|Quark Drive|[silent]\n|switch|p1a: Luvdisc|Luvdisc, M|247/247\n|move|p2a: Wyrdeer|Psychic Noise|p1a: Luvdisc\n|-damage|p1a: Luvdisc|156/247\n|-start|p1a: Luvdisc|move: Heal Block\n|\n|-heal|p2a: Wyrdeer|286/321|[from] item: Leftovers\n|upkeep\n|turn|4\n|\n|t:|1782904982\n|move|p1a: Luvdisc|Whirlpool|p2a: Wyrdeer\n|-damage|p2a: Wyrdeer|253/321\n|-activate|p2a: Wyrdeer|move: Whirlpool|[of] p1a: Luvdisc\n|move|p2a: Wyrdeer|Thunder Wave|p1a: Luvdisc\n|-status|p1a: Luvdisc|par\n|\n|-heal|p2a: Wyrdeer|273/321|[from] item: Leftovers\n|-damage|p2a: Wyrdeer|233/321|[from] move: Whirlpool|[partiallytrapped]\n|-end|p1a: Luvdisc|move: Heal Block\n|upkeep\n|turn|5\n|\n|t:|1782904987\n|move|p2a: Wyrdeer|Psychic Noise|p1a: Luvdisc\n|-damage|p1a: Luvdisc|56/247 par\n|-start|p1a: Luvdisc|move: Heal Block\n|cant|p1a: Luvdisc|par\n|\n|-heal|p2a: Wyrdeer|253/321|[from] item: Leftovers\n|-damage|p2a: Wyrdeer|213/321|[from] move: Whirlpool|[partiallytrapped]\n|upkeep\n|turn|6\n|\n|t:|1782904999\n|move|p2a: Wyrdeer|Psychic Noise|p1a: Luvdisc\n|-damage|p1a: Luvdisc|0 fnt\n|faint|p1a: Luvdisc\n|\n|-heal|p2a: Wyrdeer|233/321|[from] item: Leftovers\n|-end|p2a: Wyrdeer|Whirlpool|[partiallytrapped]|[silent]\n|upkeep\n|\n|t:|1782905005\n|switch|p1a: Masquerain|Masquerain, L87, M|264/264\n|-ability|p1a: Masquerain|Intimidate|boost\n|-unboost|p2a: Wyrdeer|atk|1\n|turn|7\n|\n|t:|1782905009\n|switch|p2a: Copperajah|Copperajah, L86, M|350/350\n|move|p1a: Masquerain|Bug Buzz|p2a: Copperajah\n|-resisted|p2a: Copperajah\n|-damage|p2a: Copperajah|286/350\n|\n|upkeep\n|turn|8\n|\n|t:|1782905023\n|move|p1a: Masquerain|Hydro Pump|p2a: Copperajah\n|-damage|p2a: Copperajah|186/350\n|move|p2a: Copperajah|Heavy Slam|p1a: Masquerain\n|-damage|p1a: Masquerain|0 fnt\n|faint|p1a: Masquerain\n|\n|upkeep\n|\n|t:|1782905031\n|switch|p1a: Iron Hands|Iron Hands, L79|313/373\n|turn|9\n|\n|t:|1782905035\n|-end|p1a: Iron Hands|Quark Drive|[silent]\n|switch|p1a: Zangoose|Zangoose, L85, M|263/263\n|switch|p2a: Wyrdeer|Wyrdeer, L87, M|233/321\n|-ability|p2a: Wyrdeer|Intimidate|boost\n|-unboost|p1a: Zangoose|atk|1\n|\n|-heal|p2a: Wyrdeer|253/321|[from] item: Leftovers\n|-status|p1a: Zangoose|tox|[from] item: Toxic Orb\n|upkeep\n|turn|10\n|\n|t:|1782905042\n|switch|p2a: Copperajah|Copperajah, L86, M|186/350\n|move|p1a: Zangoose|Knock Off|p2a: Copperajah\n|-damage|p2a: Copperajah|85/350\n|-enditem|p2a: Copperajah|Choice Band|[from] move: Knock Off|[of] p1a: Zangoose\n|\n|-damage|p1a: Zangoose|247/263 tox|[from] psn\n|upkeep\n|turn|11\n|\n|t:|1782905045\n|move|p1a: Zangoose|Facade|p2a: Copperajah\n|-resisted|p2a: Copperajah\n|-damage|p2a: Copperajah|0 fnt\n|faint|p2a: Copperajah\n|\n|-damage|p1a: Zangoose|215/263 tox|[from] psn\n|upkeep\n|\n|t:|1782905048\n|switch|p2a: Froslass|Froslass, L87, F|263/263\n|turn|12\n|\n|t:|1782905052\n|move|p2a: Froslass|Triple Axel|p1a: Zangoose\n|-damage|p1a: Zangoose|188/263 tox\n|-damage|p1a: Zangoose|139/263 tox\n|-damage|p1a: Zangoose|64/263 tox\n|-hitcount|p1a: Zangoose|3\n|move|p1a: Zangoose|Knock Off|p2a: Froslass\n|-supereffective|p2a: Froslass\n|-damage|p2a: Froslass|75/263\n|-enditem|p2a: Froslass|Wide Lens|[from] move: Knock Off|[of] p1a: Zangoose\n|\n|-damage|p1a: Zangoose|16/263 tox|[from] psn\n|upkeep\n|turn|13\n|\n|t:|1782905060\n|move|p2a: Froslass|Triple Axel|p1a: Zangoose\n|-damage|p1a: Zangoose|0 fnt\n|faint|p1a: Zangoose\n|-hitcount|p1: Zangoose|1\n|\n|upkeep\n|\n|t:|1782905062\n|switch|p1a: Clefable|Clefable, L83, M|293/293\n|turn|14\n|\n|t:|1782905065\n|move|p2a: Froslass|Triple Axel|p1a: Clefable\n|-damage|p1a: Clefable|269/293\n|-damage|p1a: Clefable|223/293\n|-damage|p1a: Clefable|156/293\n|-hitcount|p1a: Clefable|3\n|move|p1a: Clefable|Moonblast|p2a: Froslass\n|-damage|p2a: Froslass|0 fnt\n|faint|p2a: Froslass\n|\n|upkeep\n|\n|t:|1782905068\n|switch|p2a: Emboar|Emboar, L84, F|322/322\n|turn|15\n|\n|t:|1782905071\n|move|p2a: Emboar|Flare Blitz|p1a: Clefable\n|-damage|p1a: Clefable|0 fnt\n|faint|p1a: Clefable\n|-damage|p2a: Emboar|271/322|[from] Recoil\n|\n|-heal|p2a: Emboar|291/322|[from] item: Leftovers\n|upkeep\n|\n|t:|1782905075\n|switch|p1a: Gliscor|Gliscor, L76, F|239/239\n|turn|16\n|\n|t:|1782905077\n|switch|p2a: Wyrdeer|Wyrdeer, L87, M|253/321\n|-ability|p2a: Wyrdeer|Intimidate|boost\n|-unboost|p1a: Gliscor|atk|1\n|move|p1a: Gliscor|Earthquake|p2a: Wyrdeer\n|-damage|p2a: Wyrdeer|184/321\n|\n|-heal|p2a: Wyrdeer|204/321|[from] item: Leftovers\n|-status|p1a: Gliscor|tox|[from] item: Toxic Orb\n|upkeep\n|turn|17\n|\n|t:|1782905080\n|move|p1a: Gliscor|Toxic|p2a: Wyrdeer\n|-status|p2a: Wyrdeer|tox\n|move|p2a: Wyrdeer|Psychic Noise|p1a: Gliscor\n|-damage|p1a: Gliscor|128/239 tox\n|-start|p1a: Gliscor|move: Heal Block\n|\n|-heal|p2a: Wyrdeer|224/321 tox|[from] item: Leftovers\n|-damage|p2a: Wyrdeer|204/321 tox|[from] psn\n|upkeep\n|turn|18\n|\n|t:|1782905083\n|move|p1a: Gliscor|Protect|p1a: Gliscor\n|-singleturn|p1a: Gliscor|Protect\n|move|p2a: Wyrdeer|Psychic Noise|p1a: Gliscor\n|-activate|p1a: Gliscor|move: Protect\n|\n|-heal|p2a: Wyrdeer|224/321 tox|[from] item: Leftovers\n|-damage|p2a: Wyrdeer|184/321 tox|[from] psn\n|-end|p1a: Gliscor|move: Heal Block\n|upkeep\n|turn|19\n|\n|t:|1782905097\n|move|p1a: Gliscor|Earthquake|p2a: Wyrdeer\n|-damage|p2a: Wyrdeer|118/321 tox\n|move|p2a: Wyrdeer|Psychic Noise|p1a: Gliscor\n|-damage|p1a: Gliscor|10/239 tox\n|-start|p1a: Gliscor|move: Heal Block\n|\n|-heal|p2a: Wyrdeer|138/321 tox|[from] item: Leftovers\n|-damage|p2a: Wyrdeer|78/321 tox|[from] psn\n|upkeep\n|turn|20\n|\n|t:|1782905100\n|move|p1a: Gliscor|Protect|p1a: Gliscor\n|-singleturn|p1a: Gliscor|Protect\n|move|p2a: Wyrdeer|Psychic Noise|p1a: Gliscor\n|-activate|p1a: Gliscor|move: Protect\n|\n|-heal|p2a: Wyrdeer|98/321 tox|[from] item: Leftovers\n|-damage|p2a: Wyrdeer|18/321 tox|[from] psn\n|-end|p1a: Gliscor|move: Heal Block\n|upkeep\n|turn|21\n|\n|t:|1782905106\n|move|p1a: Gliscor|Earthquake|p2a: Wyrdeer\n|-damage|p2a: Wyrdeer|0 fnt\n|faint|p2a: Wyrdeer\n|\n|-heal|p1a: Gliscor|39/239 tox|[from] ability: Poison Heal\n|upkeep\n|\n|t:|1782905108\n|switch|p2a: Regice|Regice, L88|284/284\n|turn|22\n|\n|t:|1782905113\n|move|p1a: Gliscor|Protect|p1a: Gliscor\n|-singleturn|p1a: Gliscor|Protect\n|move|p2a: Regice|Ice Beam|p1a: Gliscor\n|-activate|p1a: Gliscor|move: Protect\n|\n|-heal|p1a: Gliscor|68/239 tox|[from] ability: Poison Heal\n|upkeep\n|turn|23\n|\n|t:|1782905119\n|switch|p1a: Iron Hands|Iron Hands, L79|313/373\n|move|p2a: Regice|Ice Beam|p1a: Iron Hands\n|-damage|p1a: Iron Hands|186/373\n|\n|-heal|p1a: Iron Hands|209/373|[from] item: Leftovers\n|upkeep\n|turn|24\n|\n|t:|1782905122\n|-terastallize|p2a: Regice|Electric\n|move|p2a: Regice|Ice Beam|p1a: Iron Hands\n|-damage|p1a: Iron Hands|71/373\n|move|p1a: Iron Hands|Drain Punch|p2a: Regice\n|-damage|p2a: Regice|200/284\n|-heal|p1a: Iron Hands|113/373|[from] drain|[of] p2a: Regice\n|\n|-heal|p1a: Iron Hands|136/373|[from] item: Leftovers\n|upkeep\n|turn|25\n|\n|t:|1782905134\n|move|p2a: Regice|Ice Beam|p1a: Iron Hands\n|-damage|p1a: Iron Hands|0 fnt\n|faint|p1a: Iron Hands\n|-end|p1a: Iron Hands|Quark Drive|[silent]\n|\n|upkeep\n|\n|t:|1782905136\n|switch|p1a: Gliscor|Gliscor, L76, F|68/239 tox\n|turn|26\n|\n|t:|1782905138\n|move|p1a: Gliscor|Protect|p1a: Gliscor\n|-singleturn|p1a: Gliscor|Protect\n|move|p2a: Regice|Ice Beam|p1a: Gliscor\n|-activate|p1a: Gliscor|move: Protect\n|\n|-heal|p1a: Gliscor|97/239 tox|[from] ability: Poison Heal\n|upkeep\n|turn|27\n|\n|t:|1782905144\n|-terastallize|p1a: Gliscor|Water\n|move|p1a: Gliscor|Earthquake|p2a: Regice\n|-supereffective|p2a: Regice\n|-damage|p2a: Regice|38/284\n|move|p2a: Regice|Ice Beam|p1a: Gliscor\n|-resisted|p1a: Gliscor\n|-damage|p1a: Gliscor|36/239 tox\n|\n|-heal|p1a: Gliscor|65/239 tox|[from] ability: Poison Heal\n|upkeep\n|turn|28\n|\n|t:|1782905148\n|move|p1a: Gliscor|Protect|p1a: Gliscor\n|-singleturn|p1a: Gliscor|Protect\n|move|p2a: Regice|Thunderbolt|p1a: Gliscor\n|-activate|p1a: Gliscor|move: Protect\n|\n|-heal|p1a: Gliscor|94/239 tox|[from] ability: Poison Heal\n|upkeep\n|turn|29\n|\n|t:|1782905151\n|move|p1a: Gliscor|Earthquake|p2a: Regice\n|-supereffective|p2a: Regice\n|-damage|p2a: Regice|0 fnt\n|faint|p2a: Regice\n|\n|-heal|p1a: Gliscor|123/239 tox|[from] ability: Poison Heal\n|upkeep\n|\n|t:|1782905153\n|switch|p2a: Salazzle|Salazzle, L83, F|249/249\n|turn|30\n|\n|t:|1782905155\n|move|p2a: Salazzle|Substitute|p2a: Salazzle\n|-start|p2a: Salazzle|Substitute\n|-damage|p2a: Salazzle|187/249\n|move|p1a: Gliscor|Earthquake|p2a: Salazzle\n|-supereffective|p2a: Salazzle\n|-end|p2a: Salazzle|Substitute\n|\n|-heal|p2a: Salazzle|202/249|[from] item: Leftovers\n|-heal|p1a: Gliscor|152/239 tox|[from] ability: Poison Heal\n|upkeep\n|turn|31\n|\n|t:|1782905158\n|move|p2a: Salazzle|Substitute|p2a: Salazzle\n|-start|p2a: Salazzle|Substitute\n|-damage|p2a: Salazzle|140/249\n|move|p1a: Gliscor|Earthquake|p2a: Salazzle\n|-supereffective|p2a: Salazzle\n|-end|p2a: Salazzle|Substitute\n|\n|-heal|p2a: Salazzle|155/249|[from] item: Leftovers\n|-heal|p1a: Gliscor|181/239 tox|[from] ability: Poison Heal\n|upkeep\n|turn|32\n|\n|t:|1782905161\n|move|p2a: Salazzle|Substitute|p2a: Salazzle\n|-start|p2a: Salazzle|Substitute\n|-damage|p2a: Salazzle|93/249\n|move|p1a: Gliscor|Earthquake|p2a: Salazzle\n|-supereffective|p2a: Salazzle\n|-end|p2a: Salazzle|Substitute\n|\n|-heal|p2a: Salazzle|108/249|[from] item: Leftovers\n|-heal|p1a: Gliscor|210/239 tox|[from] ability: Poison Heal\n|upkeep\n|turn|33\n|\n|t:|1782905163\n|move|p2a: Salazzle|Protect|p2a: Salazzle\n|-singleturn|p2a: Salazzle|Protect\n|move|p1a: Gliscor|Earthquake|p2a: Salazzle\n|-activate|p2a: Salazzle|move: Protect\n|\n|-heal|p2a: Salazzle|123/249|[from] item: Leftovers\n|-heal|p1a: Gliscor|239/239 tox|[from] ability: Poison Heal\n|upkeep\n|turn|34\n|\n|t:|1782905167\n|move|p2a: Salazzle|Substitute|p2a: Salazzle\n|-start|p2a: Salazzle|Substitute\n|-damage|p2a: Salazzle|61/249\n|move|p1a: Gliscor|Earthquake|p2a: Salazzle\n|-supereffective|p2a: Salazzle\n|-end|p2a: Salazzle|Substitute\n|\n|-heal|p2a: Salazzle|76/249|[from] item: Leftovers\n|upkeep\n|turn|35\n|\n|t:|1782905169\n|move|p2a: Salazzle|Protect|p2a: Salazzle\n|-singleturn|p2a: Salazzle|Protect\n|move|p1a: Gliscor|Substitute|p1a: Gliscor\n|-start|p1a: Gliscor|Substitute\n|-damage|p1a: Gliscor|180/239 tox\n|\n|-heal|p2a: Salazzle|91/249|[from] item: Leftovers\n|-heal|p1a: Gliscor|209/239 tox|[from] ability: Poison Heal\n|upkeep\n|turn|36\n|\n|t:|1782905174\n|move|p2a: Salazzle|Substitute|p2a: Salazzle\n|-start|p2a: Salazzle|Substitute\n|-damage|p2a: Salazzle|29/249\n|move|p1a: Gliscor|Earthquake|p2a: Salazzle\n|-supereffective|p2a: Salazzle\n|-end|p2a: Salazzle|Substitute\n|\n|-heal|p2a: Salazzle|44/249|[from] item: Leftovers\n|-heal|p1a: Gliscor|238/239 tox|[from] ability: Poison Heal\n|upkeep\n|turn|37\n|\n|t:|1782905180\n|move|p2a: Salazzle|Protect|p2a: Salazzle\n|-singleturn|p2a: Salazzle|Protect\n|move|p1a: Gliscor|Toxic|p2a: Salazzle\n|-activate|p2a: Salazzle|move: Protect\n|\n|-heal|p2a: Salazzle|59/249|[from] item: Leftovers\n|-heal|p1a: Gliscor|239/239 tox|[from] ability: Poison Heal\n|upkeep\n|turn|38\n|\n|t:|1782905181\n|move|p2a: Salazzle|Protect||[still]\n|-fail|p2a: Salazzle\n|move|p1a: Gliscor|Earthquake|p2a: Salazzle\n|-supereffective|p2a: Salazzle\n|-damage|p2a: Salazzle|0 fnt\n|faint|p2a: Salazzle\n|\n|upkeep\n|\n|t:|1782905184\n|switch|p2a: Emboar|Emboar, L84, F|291/322\n|turn|39\n|\n|t:|1782905187\n|move|p1a: Gliscor|Earthquake|p2a: Emboar\n|-supereffective|p2a: Emboar\n|-damage|p2a: Emboar|63/322\n|move|p2a: Emboar|Trailblaze|p1a: Gliscor\n|-supereffective|p1a: Gliscor\n|-end|p1a: Gliscor|Substitute\n|-boost|p2a: Emboar|spe|1\n|\n|-heal|p2a: Emboar|83/322|[from] item: Leftovers\n|upkeep\n|turn|40\n|\n|t:|1782905189\n|move|p2a: Emboar|Drain Punch|p1a: Gliscor\n|-damage|p1a: Gliscor|161/239 tox\n|-heal|p2a: Emboar|122/322|[from] drain|[of] p1a: Gliscor\n|move|p1a: Gliscor|Earthquake|p2a: Emboar\n|-supereffective|p2a: Emboar\n|-damage|p2a: Emboar|0 fnt\n|faint|p2a: Emboar\n|\n|win|Emolga>Rayquaza\n|raw|Emolga&gt;Rayquaza's rating: 1802 &rarr; <strong>1820</strong><br />(+18 for winning)\n|raw|jnpr010334's rating: 1768 &rarr; <strong>1750</strong><br />(-18 for losing)\n", "inputlog": ">version f8ac14003a5f27e1bdc8d8c59608a773c1cb96e5\n>start {\"formatid\":\"gen9randombattle\",\"seed\":\"sodium,09afe4f8102a9941c85024f2c7e87715\",\"rated\":\"Rated battle\"}\n>player p1 {\"name\":\"Emolga>Rayquaza\",\"avatar\":\"265\",\"rating\":1802,\"seed\":\"sodium,0da23884286635fb7c27bc125e013973\"}\n>player p2 {\"name\":\"jnpr010334\",\"avatar\":\"265\",\"rating\":1760,\"seed\":\"sodium,4eba5dd15af294a67914e2164376443d\"}\n>p1 switch 2\n>p2 move icebeam\n>p1 move drainpunch\n>p2 switch 3\n>p1 switch 3\n>p2 move psychicnoise\n>p1 move whirlpool\n>p2 move thunderwave\n>p1 move endeavor\n>p2 move psychicnoise\n>p1 move endeavor\n>p2 move psychicnoise\n>p1 switch 4\n>p1 move bugbuzz\n>p2 switch 6\n>p1 move hydropump\n>p2 move heavyslam\n>p1 switch 3\n>p1 switch 6\n>p2 switch 6\n>p1 move knockoff\n>p2 switch 6\n>p1 move facade\n>p2 move heavyslam\n>p2 switch 2\n>p1 move knockoff\n>p2 move tripleaxel\n>p1 move knockoff\n>p2 move tripleaxel\n>p1 switch 5\n>p1 move moonblast\n>p2 move tripleaxel\n>p2 switch 5\n>p1 move moonblast\n>p2 move flareblitz\n>p1 switch 2\n>p1 move earthquake\n>p2 switch 6\n>p1 move toxic\n>p2 move psychicnoise\n>p1 move protect\n>p2 move psychicnoise\n>p1 move earthquake\n>p2 move psychicnoise\n>p1 move protect\n>p2 move psychicnoise\n>p1 move earthquake\n>p2 move psychicnoise\n>p2 switch 3\n>p1 move protect\n>p2 move icebeam\n>p1 switch 6\n>p2 move icebeam\n>p1 move drainpunch\n>p2 move icebeam terastallize\n>p1 move drainpunch\n>p2 move icebeam\n>p1 switch 6\n>p1 move protect\n>p2 move icebeam\n>p1 move earthquake terastallize\n>p2 move icebeam\n>p1 move protect\n>p2 move thunderbolt\n>p1 move earthquake\n>p2 move thunderbolt\n>p2 switch 4\n>p1 move earthquake\n>p2 move substitute\n>p1 move earthquake\n>p2 move substitute\n>p1 move earthquake\n>p2 move substitute\n>p1 move earthquake\n>p2 move protect\n>p1 move earthquake\n>p2 move substitute\n>p1 move substitute\n>p2 move protect\n>p1 move earthquake\n>p2 move substitute\n>p1 move toxic\n>p2 move protect\n>p1 move earthquake\n>p2 move protect\n>p2 switch 6\n>p1 move earthquake\n>p2 move trailblaze\n>p1 move earthquake\n>p2 move drainpunch", "uploadtime": 1782905190, "views": 2, "formatid": "gen9randombattle", "rating": 1750, "private": 0, "password": null, "player_dets": [{"name": "Emolga>Rayquaza", "avatar": "265", "rating": 1802, "seed": "sodium,0da23884286635fb7c27bc125e013973"}, {"name": "jnpr010334", "avatar": "265", "rating": 1760, "seed": "sodium,4eba5dd15af294a67914e2164376443d"}], "teams_full": [{"Gliscor": {"name": "Gliscor", "species": "Gliscor", "speciesId": "gliscor", "gender": "F", "shiny": false, "level": 76, "moves": ["earthquake", "protect", "toxic", "substitute"], "ability": "Poison Heal", "evs": {"hp": 85, "atk": 85, "def": 85, "spa": 85, "spd": 85, "spe": 85}, "ivs": {"hp": 31, "atk": 31, "def": 31, "spa": 31, "spd": 31, "spe": 31}, "item": "Toxic Orb", "teraType": "Water", "role": "Fast Support", "bvs": {"hp": 75, "atk": 95, "def": 125, "spa": 45, "spd": 75, "spe": 95}, "stats": {"hp": 239, "atk": 188, "def": 234, "spa": 112, "spd": 158, "spe": 188}, "types": ["Ground", "Flying"]}, "Iron Hands": {"name": "Iron Hands", "species": "Iron Hands", "speciesId": "ironhands", "gender": "N", "shiny": false, "level": 79, "moves": ["icepunch", "swordsdance", "drainpunch", "wildcharge"], "ability": "Quark Drive", "evs": {"hp": 85, "atk": 85, "def": 85, "spa": 85, "spd": 85, "spe": 85}, "ivs": {"hp": 31, "atk": 31, "def": 31, "spa": 31, "spd": 31, "spe": 31}, "item": "Leftovers", "teraType": "Steel", "role": "Bulky Attacker", "bvs": {"hp": 154, "atk": 140, "def": 108, "spa": 50, "spd": 68, "spe": 50}, "stats": {"hp": 373, "atk": 267, "def": 216, "spa": 125, "spd": 153, "spe": 125}, "types": ["Fighting", "Electric"]}, "Luvdisc": {"name": "Luvdisc", "species": "Luvdisc", "speciesId": "luvdisc", "gender": "M", "shiny": false, "level": 100, "moves": ["surf", "substitute", "whirlpool", "endeavor"], "ability": "Swift Swim", "evs": {"hp": 81, "atk": 0, "def": 85, "spa": 85, "spd": 85, "spe": 85}, "ivs": {"hp": 31, "atk": 0, "def": 31, "spa": 31, "spd": 31, "spe": 31}, "item": "Heavy-Duty Boots", "teraType": "Ghost", "role": "Fast Support", "bvs": {"hp": 43, "atk": 30, "def": 55, "spa": 40, "spd": 65, "spe": 97}, "stats": {"hp": 247, "atk": 65, "def": 167, "spa": 137, "spd": 187, "spe": 251}, "types": ["Water"]}, "Masquerain": {"name": "Masquerain", "species": "Masquerain", "speciesId": "masquerain", "gender": "M", "shiny": false, "level": 87, "moves": ["bugbuzz", "quiverdance", "hydropump", "hurricane"], "ability": "Intimidate", "evs": {"hp": 85, "atk": 0, "def": 85, "spa": 85, "spd": 85, "spe": 85}, "ivs": {"hp": 31, "atk": 0, "def": 31, "spa": 31, "spd": 31, "spe": 31}, "item": "Heavy-Duty Boots", "teraType": "Water", "role": "Setup Sweeper", "bvs": {"hp": 70, "atk": 60, "def": 62, "spa": 100, "spd": 82, "spe": 80}, "stats": {"hp": 264, "atk": 109, "def": 158, "spa": 224, "spd": 192, "spe": 189}, "types": ["Bug", "Flying"]}, "Clefable": {"name": "Clefable", "species": "Clefable", "speciesId": "clefable", "gender": "M", "shiny": false, "level": 83, "moves": ["moonblast", "moonlight", "fireblast", "calmmind"], "ability": "Magic Guard", "evs": {"hp": 85, "atk": 0, "def": 85, "spa": 85, "spd": 85, "spe": 85}, "ivs": {"hp": 31, "atk": 0, "def": 31, "spa": 31, "spd": 31, "spe": 31}, "item": "Life Orb", "teraType": "Steel", "role": "Bulky Setup", "bvs": {"hp": 95, "atk": 70, "def": 73, "spa": 95, "spd": 90, "spe": 60}, "stats": {"hp": 293, "atk": 121, "def": 169, "spa": 205, "spd": 197, "spe": 147}, "types": ["Fairy"]}, "Zangoose": {"name": "Zangoose", "species": "Zangoose", "speciesId": "zangoose", "gender": "M", "shiny": false, "level": 85, "moves": ["swordsdance", "facade", "knockoff", "quickattack"], "ability": "Toxic Boost", "evs": {"hp": 85, "atk": 85, "def": 85, "spa": 85, "spd": 85, "spe": 85}, "ivs": {"hp": 31, "atk": 31, "def": 31, "spa": 31, "spd": 31, "spe": 31}, "item": "Toxic Orb", "teraType": "Normal", "role": "Fast Attacker", "bvs": {"hp": 73, "atk": 115, "def": 60, "spa": 60, "spd": 60, "spe": 90}, "stats": {"hp": 263, "atk": 244, "def": 151, "spa": 151, "spd": 151, "spe": 202}, "types": ["Normal"]}}, {"Regice": {"name": "Regice", "species": "Regice", "speciesId": "regice", "gender": "N", "shiny": false, "level": 88, "moves": ["thunderbolt", "icebeam", "sleeptalk", "rest"], "ability": "Clear Body", "evs": {"hp": 85, "atk": 0, "def": 85, "spa": 85, "spd": 85, "spe": 85}, "ivs": {"hp": 31, "atk": 0, "def": 31, "spa": 31, "spd": 31, "spe": 31}, "item": "Heavy-Duty Boots", "teraType": "Electric", "role": "Bulky Attacker", "bvs": {"hp": 80, "atk": 50, "def": 100, "spa": 100, "spd": 200, "spe": 50}, "stats": {"hp": 284, "atk": 93, "def": 226, "spa": 226, "spd": 402, "spe": 138}, "types": ["Ice"]}, "Froslass": {"name": "Froslass", "species": "Froslass", "speciesId": "froslass", "gender": "F", "shiny": false, "level": 87, "moves": ["poltergeist", "spikes", "destinybond", "tripleaxel"], "ability": "Cursed Body", "evs": {"hp": 81, "atk": 85, "def": 85, "spa": 85, "spd": 85, "spe": 85}, "ivs": {"hp": 31, "atk": 31, "def": 31, "spa": 31, "spd": 31, "spe": 31}, "item": "Wide Lens", "teraType": "Ice", "role": "Fast Support", "bvs": {"hp": 70, "atk": 80, "def": 70, "spa": 80, "spd": 70, "spe": 110}, "stats": {"hp": 263, "atk": 189, "def": 172, "spa": 189, "spd": 172, "spe": 241}, "types": ["Ice", "Ghost"]}, "Wyrdeer": {"name": "Wyrdeer", "species": "Wyrdeer", "speciesId": "wyrdeer", "gender": "M", "shiny": false, "level": 87, "moves": ["megahorn", "earthquake", "thunderwave", "psychicnoise"], "ability": "Intimidate", "evs": {"hp": 85, "atk": 85, "def": 85, "spa": 85, "spd": 85, "spe": 85}, "ivs": {"hp": 31, "atk": 31, "def": 31, "spa": 31, "spd": 31, "spe": 31}, "item": "Leftovers", "teraType": "Ground", "role": "Bulky Attacker", "bvs": {"hp": 103, "atk": 105, "def": 72, "spa": 105, "spd": 75, "spe": 65}, "stats": {"hp": 321, "atk": 232, "def": 175, "spa": 232, "spd": 180, "spe": 163}, "types": ["Normal", "Psychic"]}, "Salazzle": {"name": "Salazzle", "species": "Salazzle", "speciesId": "salazzle", "gender": "F", "shiny": false, "level": 83, "moves": ["flamethrower", "substitute", "toxic", "protect"], "ability": "Corrosion", "evs": {"hp": 85, "atk": 0, "def": 85, "spa": 85, "spd": 85, "spe": 85}, "ivs": {"hp": 31, "atk": 0, "def": 31, "spa": 31, "spd": 31, "spe": 31}, "item": "Leftovers", "teraType": "Grass", "role": "Fast Support", "bvs": {"hp": 68, "atk": 64, "def": 60, "spa": 111, "spd": 60, "spe": 117}, "stats": {"hp": 249, "atk": 111, "def": 147, "spa": 232, "spd": 147, "spe": 242}, "types": ["Poison", "Fire"]}, "Emboar": {"name": "Emboar", "species": "Emboar", "speciesId": "emboar", "gender": "F", "shiny": false, "level": 84, "moves": ["flareblitz", "bulkup", "trailblaze", "drainpunch"], "ability": "Reckless", "evs": {"hp": 85, "atk": 85, "def": 85, "spa": 85, "spd": 85, "spe": 85}, "ivs": {"hp": 31, "atk": 31, "def": 31, "spa": 31, "spd": 31, "spe": 31}, "item": "Leftovers", "teraType": "Fighting", "role": "Bulky Setup", "bvs": {"hp": 110, "atk": 123, "def": 65, "spa": 100, "spd": 65, "spe": 65}, "stats": {"hp": 322, "atk": 255, "def": 157, "spa": 216, "spd": 157, "spe": 157}, "types": ["Fire", "Fighting"]}, "Copperajah": {"name": "Copperajah", "species": "Copperajah", "speciesId": "copperajah", "gender": "M", "shiny": false, "level": 86, "moves": ["heavyslam", "earthquake", "heatcrash", "stoneedge"], "ability": "Heavy Metal", "evs": {"hp": 85, "atk": 85, "def": 85, "spa": 85, "spd": 85, "spe": 85}, "ivs": {"hp": 31, "atk": 31, "def": 31, "spa": 31, "spd": 31, "spe": 31}, "item": "Choice Band", "teraType": "Flying", "role": "Bulky Attacker", "bvs": {"hp": 122, "atk": 130, "def": 69, "spa": 80, "spd": 69, "spe": 30}, "stats": {"hp": 350, "atk": 273, "def": 168, "spa": 187, "spd": 168, "spe": 101}, "types": ["Steel"]}}]}