{"id": "gen9randombattle-2642179942", "format": "[Gen 9] Random Battle", "players": ["jarahkii", "jnpr010334"], "log": "|j|\u2606jarahkii\n|j|\u2606jnpr010334\n|t:|1782906438\n|gametype|singles\n|player|p1|jarahkii|2|1726\n|player|p2|jnpr010334|265|1714\n|gen|9\n|tier|[Gen 9] Random Battle\n|rated|\n|rule|Species Clause: Limit one of each Pok\u00e9mon\n|rule|HP Percentage Mod: HP is shown in percentages\n|rule|Sleep Clause Mod: Limit one foe put to sleep\n|rule|Illusion Level Mod: Illusion disguises the Pok\u00e9mon's true level\n|\n|t:|1782906438\n|teamsize|p1|6\n|teamsize|p2|6\n|start\n|switch|p1a: Snorlax|Snorlax, L82, F|397/397\n|switch|p2a: Porygon2|Porygon2, L81|270/270\n|-ability|p2a: Porygon2|Download|boost\n|-boost|p2a: Porygon2|atk|1\n|turn|1\n|inactive|Battle timer is ON: inactive players will automatically lose when time's up. (requested by jnpr010334)\n|\n|t:|1782906460\n|move|p2a: Porygon2|Thunder Wave|p1a: Snorlax\n|-status|p1a: Snorlax|par\n|move|p1a: Snorlax|Body Slam|p2a: Porygon2\n|-damage|p2a: Porygon2|212/270\n|\n|upkeep\n|turn|2\n|\n|t:|1782906466\n|switch|p2a: Slowbro|Slowbro, L85, M|300/300\n|move|p1a: Snorlax|Body Slam|p2a: Slowbro\n|-damage|p2a: Slowbro|221/300\n|-status|p2a: Slowbro|par\n|\n|-heal|p2a: Slowbro|239/300 par|[from] item: Leftovers\n|upkeep\n|turn|3\n|\n|t:|1782906476\n|cant|p2a: Slowbro|par\n|cant|p1a: Snorlax|par\n|\n|-heal|p2a: Slowbro|257/300 par|[from] item: Leftovers\n|upkeep\n|turn|4\n|\n|t:|1782906480\n|move|p2a: Slowbro|Scald|p1a: Snorlax\n|-damage|p1a: Snorlax|316/397 par\n|move|p1a: Snorlax|Curse|p1a: Snorlax\n|-unboost|p1a: Snorlax|spe|1\n|-boost|p1a: Snorlax|atk|1\n|-boost|p1a: Snorlax|def|1\n|\n|-heal|p2a: Slowbro|275/300 par|[from] item: Leftovers\n|upkeep\n|turn|5\n|\n|t:|1782906485\n|switch|p2a: Vespiquen|Vespiquen, L99, F|299/299\n|-ability|p2a: Vespiquen|Pressure\n|cant|p1a: Snorlax|par\n|\n|upkeep\n|turn|6\n|\n|t:|1782906488\n|move|p2a: Vespiquen|Toxic Spikes|p1a: Snorlax\n|-sidestart|p1: jarahkii|move: Toxic Spikes\n|move|p1a: Snorlax|Body Slam|p2a: Vespiquen\n|-damage|p2a: Vespiquen|187/299\n|\n|upkeep\n|turn|7\n|\n|t:|1782906493\n|move|p2a: Vespiquen|Toxic Spikes|p1a: Snorlax\n|-sidestart|p1: jarahkii|move: Toxic Spikes\n|cant|p1a: Snorlax|par\n|\n|upkeep\n|turn|8\n|\n|t:|1782906497\n|move|p2a: Vespiquen|Toxic Spikes||[still]\n|-fail|p2a: Vespiquen\n|move|p1a: Snorlax|Body Slam|p2a: Vespiquen\n|-damage|p2a: Vespiquen|82/299\n|\n|upkeep\n|turn|9\n|\n|t:|1782906508\n|move|p2a: Vespiquen|Roost|p2a: Vespiquen\n|-heal|p2a: Vespiquen|232/299\n|-singleturn|p2a: Vespiquen|move: Roost\n|move|p1a: Snorlax|Body Slam|p2a: Vespiquen\n|-damage|p2a: Vespiquen|117/299\n|\n|upkeep\n|turn|10\n|\n|t:|1782906514\n|move|p2a: Vespiquen|Roost|p2a: Vespiquen\n|-heal|p2a: Vespiquen|267/299\n|-singleturn|p2a: Vespiquen|move: Roost\n|move|p1a: Snorlax|Curse|p1a: Snorlax\n|-unboost|p1a: Snorlax|spe|1\n|-boost|p1a: Snorlax|atk|1\n|-boost|p1a: Snorlax|def|1\n|\n|upkeep\n|turn|11\n|\n|t:|1782906517\n|move|p2a: Vespiquen|Toxic Spikes||[still]\n|-fail|p2a: Vespiquen\n|cant|p1a: Snorlax|par\n|\n|upkeep\n|turn|12\n|\n|t:|1782906522\n|switch|p2a: Slowbro|Slowbro, L85, M|300/300 par\n|move|p1a: Snorlax|Body Slam|p2a: Slowbro\n|-damage|p2a: Slowbro|155/300 par\n|\n|-heal|p2a: Slowbro|173/300 par|[from] item: Leftovers\n|upkeep\n|turn|13\n|\n|t:|1782906533\n|move|p2a: Slowbro|Slack Off|p2a: Slowbro\n|-heal|p2a: Slowbro|300/300 par\n|move|p1a: Snorlax|Curse|p1a: Snorlax\n|-unboost|p1a: Snorlax|spe|1\n|-boost|p1a: Snorlax|atk|1\n|-boost|p1a: Snorlax|def|1\n|\n|upkeep\n|turn|14\n|\n|t:|1782906535\n|move|p2a: Slowbro|Scald|p1a: Snorlax\n|-damage|p1a: Snorlax|237/397 par\n|move|p1a: Snorlax|Curse|p1a: Snorlax\n|-unboost|p1a: Snorlax|spe|1\n|-boost|p1a: Snorlax|atk|1\n|-boost|p1a: Snorlax|def|1\n|\n|upkeep\n|turn|15\n|\n|t:|1782906550\n|move|p2a: Slowbro|Scald|p1a: Snorlax\n|-damage|p1a: Snorlax|164/397 par\n|move|p1a: Snorlax|Curse|p1a: Snorlax\n|-unboost|p1a: Snorlax|spe|1\n|-boost|p1a: Snorlax|atk|1\n|-boost|p1a: Snorlax|def|1\n|\n|upkeep\n|turn|16\n|\n|t:|1782906557\n|move|p2a: Slowbro|Scald|p1a: Snorlax\n|-damage|p1a: Snorlax|89/397 par\n|move|p1a: Snorlax|Rest|p1a: Snorlax\n|-status|p1a: Snorlax|slp|[from] move: Rest\n|-heal|p1a: Snorlax|397/397 slp|[silent]\n|-enditem|p1a: Snorlax|Chesto Berry|[eat]\n|-curestatus|p1a: Snorlax|slp|[msg]\n|\n|upkeep\n|turn|17\n|\n|t:|1782906565\n|move|p2a: Slowbro|Thunder Wave|p1a: Snorlax\n|-status|p1a: Snorlax|par\n|cant|p1a: Snorlax|par\n|\n|upkeep\n|turn|18\n|\n|t:|1782906569\n|move|p2a: Slowbro|Scald|p1a: Snorlax\n|-damage|p1a: Snorlax|316/397 par\n|move|p1a: Snorlax|Body Slam|p2a: Slowbro\n|-damage|p2a: Slowbro|26/300 par\n|\n|-heal|p2a: Slowbro|44/300 par|[from] item: Leftovers\n|upkeep\n|turn|19\n|\n|t:|1782906575\n|move|p2a: Slowbro|Slack Off|p2a: Slowbro\n|-heal|p2a: Slowbro|194/300 par\n|move|p1a: Snorlax|Body Slam|p2a: Slowbro\n|-damage|p2a: Slowbro|0 fnt\n|faint|p2a: Slowbro\n|\n|upkeep\n|\n|t:|1782906577\n|switch|p2a: Porygon2|Porygon2, L81|212/270\n|-ability|p2a: Porygon2|Download|boost\n|-boost|p2a: Porygon2|spa|1\n|turn|20\n|\n|t:|1782906581\n|move|p2a: Porygon2|Tera Blast|p1a: Snorlax\n|-damage|p1a: Snorlax|210/397 par\n|move|p1a: Snorlax|Body Slam|p2a: Porygon2\n|-damage|p2a: Porygon2|0 fnt\n|faint|p2a: Porygon2\n|\n|upkeep\n|\n|t:|1782906583\n|switch|p2a: Vespiquen|Vespiquen, L99, F|267/299\n|-ability|p2a: Vespiquen|Pressure\n|turn|21\n|\n|t:|1782906587\n|move|p2a: Vespiquen|Hurricane|p1a: Snorlax\n|-damage|p1a: Snorlax|81/397 par\n|move|p1a: Snorlax|Body Slam|p2a: Vespiquen\n|-damage|p2a: Vespiquen|14/299\n|\n|upkeep\n|turn|22\n|\n|t:|1782906595\n|move|p2a: Vespiquen|Hurricane|p1a: Snorlax\n|-damage|p1a: Snorlax|0 fnt\n|faint|p1a: Snorlax\n|\n|upkeep\n|\n|t:|1782906605\n|switch|p1a: Chandelure|Chandelure, L83, F|235/235\n|turn|23\n|\n|t:|1782906610\n|move|p1a: Chandelure|Shadow Ball|p2a: Vespiquen\n|-damage|p2a: Vespiquen|0 fnt\n|faint|p2a: Vespiquen\n|\n|upkeep\n|\n|t:|1782906614\n|switch|p2a: Arceus|Arceus-Electric, L70|284/284\n|turn|24\n|\n|t:|1782906633\n|move|p2a: Arceus|Calm Mind|p2a: Arceus\n|-boost|p2a: Arceus|spa|1\n|-boost|p2a: Arceus|spd|1\n|move|p1a: Chandelure|Will-O-Wisp|p2a: Arceus\n|-status|p2a: Arceus|brn\n|\n|-damage|p2a: Arceus|267/284 brn|[from] brn\n|upkeep\n|turn|25\n|\n|t:|1782906645\n|move|p2a: Arceus|Calm Mind|p2a: Arceus\n|-boost|p2a: Arceus|spa|1\n|-boost|p2a: Arceus|spd|1\n|move|p1a: Chandelure|Calm Mind|p1a: Chandelure\n|-boost|p1a: Chandelure|spa|1\n|-boost|p1a: Chandelure|spd|1\n|\n|-damage|p2a: Arceus|250/284 brn|[from] brn\n|upkeep\n|turn|26\n|\n|t:|1782906650\n|move|p2a: Arceus|Calm Mind|p2a: Arceus\n|-boost|p2a: Arceus|spa|1\n|-boost|p2a: Arceus|spd|1\n|move|p1a: Chandelure|Shadow Ball|p2a: Arceus\n|-damage|p2a: Arceus|189/284 brn\n|\n|-damage|p2a: Arceus|172/284 brn|[from] brn\n|upkeep\n|turn|27\n|\n|t:|1782906654\n|move|p2a: Arceus|Judgment|p1a: Chandelure\n|-damage|p1a: Chandelure|61/235\n|move|p1a: Chandelure|Calm Mind|p1a: Chandelure\n|-boost|p1a: Chandelure|spa|1\n|-boost|p1a: Chandelure|spd|1\n|\n|-damage|p2a: Arceus|155/284 brn|[from] brn\n|upkeep\n|turn|28\n|\n|t:|1782906660\n|move|p2a: Arceus|Judgment|p1a: Chandelure\n|-damage|p1a: Chandelure|0 fnt\n|faint|p1a: Chandelure\n|\n|-damage|p2a: Arceus|138/284 brn|[from] brn\n|upkeep\n|\n|t:|1782906669\n|switch|p1a: Medicham|Medicham, L86, F|243/243\n|-status|p1a: Medicham|tox\n|turn|29\n|\n|t:|1782906671\n|move|p1a: Medicham|Close Combat|p2a: Arceus\n|-damage|p2a: Arceus|0 fnt\n|-unboost|p1a: Medicham|def|1\n|-unboost|p1a: Medicham|spd|1\n|faint|p2a: Arceus\n|\n|-damage|p1a: Medicham|228/243 tox|[from] psn\n|upkeep\n|\n|t:|1782906674\n|switch|p2a: Polteageist|Polteageist-Antique, L78|222/222\n|turn|30\n|\n|t:|1782906683\n|switch|p1a: Persian|Persian-Alola, L86, F|252/252\n|-status|p1a: Persian|tox\n|move|p2a: Polteageist|Shell Smash|p2a: Polteageist\n|-unboost|p2a: Polteageist|def|1\n|-unboost|p2a: Polteageist|spd|1\n|-boost|p2a: Polteageist|atk|2\n|-boost|p2a: Polteageist|spa|2\n|-boost|p2a: Polteageist|spe|2\n|-enditem|p2a: Polteageist|White Herb\n|-clearnegativeboost|p2a: Polteageist|[silent]\n|\n|-damage|p1a: Persian|237/252 tox|[from] psn\n|upkeep\n|turn|31\n|\n|t:|1782906695\n|move|p2a: Polteageist|Stored Power|p1a: Persian\n|-immune|p1a: Persian\n|move|p1a: Persian|Dark Pulse|p2a: Polteageist\n|-supereffective|p2a: Polteageist\n|-damage|p2a: Polteageist|56/222\n|-damage|p1a: Persian|212/252 tox|[from] item: Life Orb\n|\n|-damage|p1a: Persian|182/252 tox|[from] psn\n|upkeep\n|turn|32\n|\n|t:|1782906701\n|move|p2a: Polteageist|Strength Sap|p1a: Persian\n|-unboost|p1a: Persian|atk|1\n|-heal|p2a: Polteageist|164/222\n|move|p1a: Persian|Dark Pulse|p2a: Polteageist\n|-supereffective|p2a: Polteageist\n|-damage|p2a: Polteageist|0 fnt\n|-start|p1a: Persian|Disable|Dark Pulse|[from] ability: Cursed Body|[of] p2a: Polteageist\n|faint|p2a: Polteageist\n|-damage|p1a: Persian|157/252 tox|[from] item: Life Orb\n|\n|-damage|p1a: Persian|112/252 tox|[from] psn\n|upkeep\n|\n|t:|1782906704\n|switch|p2a: Luxray|Luxray, L88, F|283/283\n|turn|33\n|\n|t:|1782906715\n|move|p1a: Persian|Burning Jealousy|p2a: Luxray\n|-damage|p2a: Luxray|226/283\n|-damage|p1a: Persian|87/252 tox|[from] item: Life Orb\n|move|p2a: Luxray|Trailblaze|p1a: Persian\n|-damage|p1a: Persian|59/252 tox\n|-boost|p2a: Luxray|spe|1\n|\n|-damage|p1a: Persian|0 fnt|[from] psn\n|faint|p1a: Persian\n|-status|p2a: Luxray|brn|[from] item: Flame Orb\n|upkeep\n|\n|t:|1782906735\n|switch|p1a: Medicham|Medicham, L86, F|228/243 tox\n|turn|34\n|\n|t:|1782906738\n|-terastallize|p2a: Luxray|Normal\n|move|p1a: Medicham|Close Combat|p2a: Luxray\n|-supereffective|p2a: Luxray\n|-damage|p2a: Luxray|0 fnt\n|-unboost|p1a: Medicham|def|1\n|-unboost|p1a: Medicham|spd|1\n|faint|p2a: Luxray\n|\n|win|jarahkii\n|raw|jarahkii's rating: 1726 &rarr; <strong>1747</strong><br />(+21 for winning)\n|raw|jnpr010334's rating: 1742 &rarr; <strong>1721</strong><br />(-21 for losing)\n", "inputlog": ">version f8ac14003a5f27e1bdc8d8c59608a773c1cb96e5\n>start {\"formatid\":\"gen9randombattle\",\"seed\":\"sodium,251cb1ef514cb15a6833c65658a13a60\",\"rated\":\"Rated battle\"}\n>player p1 {\"name\":\"jarahkii\",\"avatar\":\"2\",\"rating\":1726,\"seed\":\"sodium,5524cb2f8f7fbedcaa09200a790122f8\"}\n>player p2 {\"name\":\"jnpr010334\",\"avatar\":\"265\",\"rating\":1714,\"seed\":\"sodium,c8715b98ad9c4fdbead7210721a5ea93\"}\n>p1 move bodyslam\n>p2 move thunderwave\n>p1 move bodyslam\n>p2 switch 3\n>p1 move curse\n>p2 move scald\n>p1 move curse\n>p2 move scald\n>p1 move curse\n>p2 switch 2\n>p1 move bodyslam\n>p2 move toxicspikes\n>p1 move bodyslam\n>p2 move toxicspikes\n>p1 move bodyslam\n>p2 move toxicspikes\n>p1 move bodyslam\n>p2 move roost\n>p1 move curse\n>p2 move roost\n>p1 move bodyslam\n>p2 move toxicspikes\n>p1 move bodyslam\n>p2 switch 2\n>p1 move curse\n>p2 move slackoff\n>p1 move curse\n>p2 move scald\n>p1 move curse\n>p2 move scald\n>p1 move rest\n>p2 move scald\n>p1 move bodyslam\n>p2 move thunderwave\n>p1 move bodyslam\n>p2 move scald\n>p1 move bodyslam\n>p2 move slackoff\n>p2 switch 3\n>p1 move bodyslam\n>p2 move terablast\n>p2 switch 2\n>p1 move bodyslam\n>p2 move hurricane\n>p1 move bodyslam\n>p2 move hurricane\n>p1 switch 3\n>p1 move shadowball\n>p2 move hurricane\n>p2 switch 5\n>p1 move willowisp\n>p2 move calmmind\n>p1 move calmmind\n>p2 move calmmind\n>p1 move shadowball\n>p2 move calmmind\n>p1 move calmmind\n>p2 move judgment\n>p1 move shadowball\n>p2 move judgment\n>p1 switch 5\n>p1 move closecombat\n>p2 move judgment\n>p2 switch 4\n>p1 switch 4\n>p2 move shellsmash\n>p1 move darkpulse\n>p2 move storedpower\n>p1 move darkpulse\n>p2 move strengthsap\n>p2 switch 6\n>p1 move burningjealousy\n>p2 move trailblaze\n>p1 switch 4\n>p1 move closecombat\n>p2 move facade terastallize", "uploadtime": 1782906739, "views": 3, "formatid": "gen9randombattle", "rating": 1721, "private": 0, "password": null, "player_dets": [{"name": "jarahkii", "avatar": "2", "rating": 1726, "seed": "sodium,5524cb2f8f7fbedcaa09200a790122f8"}, {"name": "jnpr010334", "avatar": "265", "rating": 1714, "seed": "sodium,c8715b98ad9c4fdbead7210721a5ea93"}], "teams_full": [{"Snorlax": {"name": "Snorlax", "species": "Snorlax", "speciesId": "snorlax", "gender": "F", "shiny": false, "level": 82, "moves": ["earthquake", "rest", "curse", "bodyslam"], "ability": "Thick Fat", "evs": {"hp": 85, "atk": 85, "def": 85, "spa": 85, "spd": 85, "spe": 85}, "ivs": {"hp": 31, "atk": 31, "def": 31, "spa": 31, "spd": 31, "spe": 31}, "item": "Chesto Berry", "teraType": "Ground", "role": "Bulky Setup", "bvs": {"hp": 160, "atk": 110, "def": 65, "spa": 65, "spd": 110, "spe": 30}, "stats": {"hp": 397, "atk": 228, "def": 154, "spa": 154, "spd": 228, "spe": 96}, "types": ["Normal"]}, "Palkia": {"name": "Palkia", "species": "Palkia-Origin", "speciesId": "palkiaorigin", "gender": "N", "shiny": false, "level": 72, "moves": ["thunderwave", "spacialrend", "hydropump", "fireblast"], "ability": "Pressure", "evs": {"hp": 85, "atk": 0, "def": 85, "spa": 85, "spd": 85, "spe": 85}, "ivs": {"hp": 31, "atk": 0, "def": 31, "spa": 31, "spd": 31, "spe": 31}, "item": "Lustrous Globe", "teraType": "Water", "role": "Bulky Attacker", "bvs": {"hp": 90, "atk": 100, "def": 100, "spa": 150, "spd": 120, "spe": 120}, "stats": {"hp": 249, "atk": 149, "def": 186, "spa": 258, "spd": 215, "spe": 215}, "types": ["Water", "Dragon"]}, "Chandelure": {"name": "Chandelure", "species": "Chandelure", "speciesId": "chandelure", "gender": "F", "shiny": false, "level": 83, "moves": ["shadowball", "calmmind", "fireblast", "willowisp"], "ability": "Flash Fire", "evs": {"hp": 85, "atk": 0, "def": 85, "spa": 85, "spd": 85, "spe": 85}, "ivs": {"hp": 31, "atk": 0, "def": 31, "spa": 31, "spd": 31, "spe": 31}, "item": "Heavy-Duty Boots", "teraType": "Ghost", "role": "Fast Bulky Setup", "bvs": {"hp": 60, "atk": 55, "def": 90, "spa": 145, "spd": 90, "spe": 80}, "stats": {"hp": 235, "atk": 96, "def": 197, "spa": 288, "spd": 197, "spe": 180}, "types": ["Ghost", "Fire"]}, "Persian": {"name": "Persian", "species": "Persian-Alola", "speciesId": "persianalola", "gender": "F", "shiny": false, "level": 86, "moves": ["thunderbolt", "burningjealousy", "darkpulse", "nastyplot"], "ability": "Fur Coat", "evs": {"hp": 85, "atk": 0, "def": 85, "spa": 85, "spd": 85, "spe": 85}, "ivs": {"hp": 31, "atk": 0, "def": 31, "spa": 31, "spd": 31, "spe": 31}, "item": "Life Orb", "teraType": "Electric", "role": "Fast Bulky Setup", "bvs": {"hp": 65, "atk": 60, "def": 60, "spa": 75, "spd": 65, "spe": 115}, "stats": {"hp": 252, "atk": 108, "def": 152, "spa": 178, "spd": 161, "spe": 247}, "types": ["Dark"]}, "Medicham": {"name": "Medicham", "species": "Medicham", "speciesId": "medicham", "gender": "F", "shiny": false, "level": 86, "moves": ["poisonjab", "trick", "closecombat", "zenheadbutt"], "ability": "Pure Power", "evs": {"hp": 85, "atk": 85, "def": 85, "spa": 85, "spd": 85, "spe": 85}, "ivs": {"hp": 31, "atk": 31, "def": 31, "spa": 31, "spd": 31, "spe": 31}, "item": "Choice Scarf", "teraType": "Fighting", "role": "Fast Attacker", "bvs": {"hp": 60, "atk": 60, "def": 75, "spa": 60, "spd": 75, "spe": 80}, "stats": {"hp": 243, "atk": 152, "def": 178, "spa": 152, "spd": 178, "spe": 187}, "types": ["Fighting", "Psychic"]}, "Banette": {"name": "Banette", "species": "Banette", "speciesId": "banette", "gender": "M", "shiny": false, "level": 93, "moves": ["swordsdance", "shadowsneak", "poltergeist", "gunkshot"], "ability": "Insomnia", "evs": {"hp": 85, "atk": 85, "def": 85, "spa": 85, "spd": 85, "spe": 85}, "ivs": {"hp": 31, "atk": 31, "def": 31, "spa": 31, "spd": 31, "spe": 31}, "item": "Life Orb", "teraType": "Ghost", "role": "Wallbreaker", "bvs": {"hp": 64, "atk": 115, "def": 65, "spa": 83, "spd": 63, "spe": 65}, "stats": {"hp": 270, "atk": 267, "def": 174, "spa": 207, "spd": 170, "spe": 174}, "types": ["Ghost"]}}, {"Porygon2": {"name": "Porygon2", "species": "Porygon2", "speciesId": "porygon2", "gender": "N", "shiny": false, "level": 81, "moves": ["shadowball", "recover", "terablast", "thunderwave"], "ability": "Download", "evs": {"hp": 85, "atk": 85, "def": 85, "spa": 85, "spd": 85, "spe": 85}, "ivs": {"hp": 31, "atk": 31, "def": 31, "spa": 31, "spd": 31, "spe": 31}, "item": "Eviolite", "teraType": "Fighting", "role": "Tera Blast user", "bvs": {"hp": 85, "atk": 80, "def": 90, "spa": 105, "spd": 95, "spe": 60}, "stats": {"hp": 270, "atk": 176, "def": 192, "spa": 217, "spd": 201, "spe": 144}, "types": ["Normal"]}, "Vespiquen": {"name": "Vespiquen", "species": "Vespiquen", "speciesId": "vespiquen", "gender": "F", "shiny": false, "level": 99, "moves": ["spikes", "roost", "hurricane", "toxicspikes"], "ability": "Pressure", "evs": {"hp": 85, "atk": 0, "def": 85, "spa": 85, "spd": 85, "spe": 85}, "ivs": {"hp": 31, "atk": 0, "def": 31, "spa": 31, "spd": 31, "spe": 31}, "item": "Heavy-Duty Boots", "teraType": "Steel", "role": "Bulky Support", "bvs": {"hp": 70, "atk": 80, "def": 102, "spa": 80, "spd": 102, "spe": 40}, "stats": {"hp": 299, "atk": 163, "def": 258, "spa": 214, "spd": 258, "spe": 135}, "types": ["Bug", "Flying"]}, "Slowbro": {"name": "Slowbro", "species": "Slowbro", "speciesId": "slowbro", "gender": "M", "shiny": false, "level": 85, "moves": ["thunderwave", "psyshock", "slackoff", "scald"], "ability": "Regenerator", "evs": {"hp": 85, "atk": 0, "def": 85, "spa": 85, "spd": 85, "spe": 85}, "ivs": {"hp": 31, "atk": 0, "def": 31, "spa": 31, "spd": 31, "spe": 31}, "item": "Leftovers", "teraType": "Poison", "role": "Bulky Attacker", "bvs": {"hp": 95, "atk": 75, "def": 110, "spa": 100, "spd": 80, "spe": 30}, "stats": {"hp": 300, "atk": 132, "def": 236, "spa": 219, "spd": 185, "spe": 100}, "types": ["Water", "Psychic"]}, "Polteageist": {"name": "Polteageist", "species": "Polteageist-Antique", "speciesId": "polteageist", "gender": "N", "shiny": false, "level": 78, "moves": ["shadowball", "storedpower", "shellsmash", "strengthsap"], "ability": "Cursed Body", "evs": {"hp": 85, "atk": 0, "def": 85, "spa": 85, "spd": 85, "spe": 85}, "ivs": {"hp": 31, "atk": 0, "def": 31, "spa": 31, "spd": 31, "spe": 31}, "item": "White Herb", "teraType": "Dark", "role": "Setup Sweeper", "bvs": {"hp": 60, "atk": 65, "def": 65, "spa": 134, "spd": 114, "spe": 70}, "stats": {"hp": 222, "atk": 106, "def": 146, "spa": 254, "spd": 223, "spe": 154}, "types": ["Ghost"]}, "Arceus": {"name": "Arceus", "species": "Arceus-Electric", "speciesId": "arceuselectric", "gender": "N", "shiny": false, "level": 70, "moves": ["icebeam", "recover", "judgment", "calmmind"], "ability": "Multitype", "evs": {"hp": 85, "atk": 0, "def": 85, "spa": 85, "spd": 85, "spe": 85}, "ivs": {"hp": 31, "atk": 0, "def": 31, "spa": 31, "spd": 31, "spe": 31}, "item": "Zap Plate", "teraType": "Ice", "role": "Bulky Setup", "bvs": {"hp": 120, "atk": 120, "def": 120, "spa": 120, "spd": 120, "spe": 120}, "stats": {"hp": 284, "atk": 173, "def": 209, "spa": 209, "spd": 209, "spe": 209}, "types": ["Electric"]}, "Luxray": {"name": "Luxray", "species": "Luxray", "speciesId": "luxray", "gender": "F", "shiny": false, "level": 88, "moves": ["trailblaze", "throatchop", "supercellslam", "facade"], "ability": "Guts", "evs": {"hp": 81, "atk": 85, "def": 85, "spa": 85, "spd": 85, "spe": 85}, "ivs": {"hp": 31, "atk": 31, "def": 31, "spa": 31, "spd": 31, "spe": 31}, "item": "Flame Orb", "teraType": "Normal", "role": "Setup Sweeper", "bvs": {"hp": 80, "atk": 120, "def": 79, "spa": 95, "spd": 79, "spe": 70}, "stats": {"hp": 283, "atk": 261, "def": 189, "spa": 217, "spd": 189, "spe": 173}, "types": ["Electric"]}}]}