{"id": "gen9randombattle-2642049409", "format": "[Gen 9] Random Battle", "players": ["might b poopin", "jnpr010334"], "log": "|j|\u2606might b poopin\n|j|\u2606jnpr010334\n|t:|1782879408\n|gametype|singles\n|player|p1|might b poopin|unknown|1494\n|player|p2|jnpr010334|265|1485\n|gen|9\n|tier|[Gen 9] Random Battle\n|rated|\n|rule|Species Clause: Limit one of each Pok\u00e9mon\n|rule|HP Percentage Mod: HP is shown in percentages\n|rule|Sleep Clause Mod: Limit one foe put to sleep\n|rule|Illusion Level Mod: Illusion disguises the Pok\u00e9mon's true level\n|\n|t:|1782879408\n|teamsize|p1|6\n|teamsize|p2|6\n|start\n|switch|p1a: Ambipom|Ambipom, L84, F|263/263\n|switch|p2a: Tentacruel|Tentacruel, L84, M|272/272\n|turn|1\n|inactive|Battle timer is ON: inactive players will automatically lose when time's up. (requested by might b poopin)\n|\n|t:|1782879414\n|move|p1a: Ambipom|Knock Off|p2a: Tentacruel\n|-damage|p2a: Tentacruel|138/272\n|-enditem|p2a: Tentacruel|Assault Vest|[from] move: Knock Off|[of] p1a: Ambipom\n|move|p2a: Tentacruel|Sludge Bomb|p1a: Ambipom\n|-damage|p1a: Ambipom|164/263\n|\n|upkeep\n|turn|2\n|inactive|jnpr010334 also wants the timer to be on.\n|\n|t:|1782879420\n|switch|p1a: Sandslash|Sandslash-Alola, L88, F|275/275\n|move|p2a: Tentacruel|Sludge Bomb|p1a: Sandslash\n|-immune|p1a: Sandslash\n|\n|upkeep\n|turn|3\n|\n|t:|1782879421\n|move|p2a: Tentacruel|Surf|p1a: Sandslash\n|-damage|p1a: Sandslash|170/275\n|move|p1a: Sandslash|Earthquake|p2a: Tentacruel\n|-supereffective|p2a: Tentacruel\n|-damage|p2a: Tentacruel|0 fnt\n|faint|p2a: Tentacruel\n|-damage|p1a: Sandslash|143/275|[from] item: Life Orb\n|\n|upkeep\n|\n|t:|1782879423\n|switch|p2a: Greninja|Greninja, L80, M|246/246\n|turn|4\n|\n|t:|1782879431\n|switch|p1a: Pachirisu|Pachirisu, L96, F|271/271\n|move|p2a: Greninja|Hydro Pump|p1a: Pachirisu\n|-start|p2a: Greninja|typechange|Water|[from] ability: Protean\n|-damage|p1a: Pachirisu|185/271\n|-damage|p2a: Greninja|222/246|[from] item: Life Orb\n|\n|upkeep\n|turn|5\n|\n|t:|1782879435\n|switch|p2a: Toedscruel|Toedscruel, L87, M|281/281\n|move|p1a: Pachirisu|Nuzzle|p2a: Toedscruel\n|-immune|p2a: Toedscruel\n|\n|upkeep\n|turn|6\n|\n|t:|1782879439\n|move|p1a: Pachirisu|U-turn|p2a: Toedscruel\n|-supereffective|p2a: Toedscruel\n|-damage|p2a: Toedscruel|195/281\n|\n|t:|1782879441\n|switch|p1a: Ambipom|Ambipom, L84, F|164/263|[from] U-turn\n|move|p2a: Toedscruel|Spore|p1a: Ambipom\n|-status|p1a: Ambipom|slp|[from] move: Spore\n|\n|-heal|p2a: Toedscruel|212/281|[from] item: Leftovers\n|upkeep\n|turn|7\n|\n|t:|1782879444\n|switch|p1a: Sandslash|Sandslash-Alola, L88, F|143/275\n|move|p2a: Toedscruel|Giga Drain|p1a: Sandslash\n|-resisted|p1a: Sandslash\n|-damage|p1a: Sandslash|103/275\n|-heal|p2a: Toedscruel|232/281|[from] drain|[of] p1a: Sandslash\n|\n|-heal|p2a: Toedscruel|249/281|[from] item: Leftovers\n|upkeep\n|turn|8\n|\n|t:|1782879450\n|move|p2a: Toedscruel|Giga Drain|p1a: Sandslash\n|-resisted|p1a: Sandslash\n|-damage|p1a: Sandslash|60/275\n|-heal|p2a: Toedscruel|271/281|[from] drain|[of] p1a: Sandslash\n|move|p1a: Sandslash|Triple Axel|p2a: Toedscruel|[miss]\n|-miss|p1a: Sandslash|p2a: Toedscruel\n|\n|-heal|p2a: Toedscruel|281/281|[from] item: Leftovers\n|upkeep\n|turn|9\n|\n|t:|1782879456\n|move|p2a: Toedscruel|Earth Power|p1a: Sandslash\n|-supereffective|p1a: Sandslash\n|-damage|p1a: Sandslash|0 fnt\n|faint|p1a: Sandslash\n|\n|upkeep\n|\n|t:|1782879460\n|switch|p1a: Vespiquen|Vespiquen, L99, F|299/299\n|-ability|p1a: Vespiquen|Pressure\n|turn|10\n|\n|t:|1782879464\n|move|p1a: Vespiquen|Toxic|p2a: Toedscruel\n|-status|p2a: Toedscruel|tox\n|move|p2a: Toedscruel|Toxic|p1a: Vespiquen\n|-status|p1a: Vespiquen|tox\n|\n|-damage|p2a: Toedscruel|264/281 tox|[from] psn\n|-damage|p1a: Vespiquen|281/299 tox|[from] psn\n|upkeep\n|turn|11\n|\n|t:|1782879468\n|switch|p2a: Chimecho|Chimecho, L93, M|290/290\n|move|p1a: Vespiquen|Hurricane|p2a: Chimecho|[miss]\n|-miss|p1a: Vespiquen|p2a: Chimecho\n|\n|-damage|p1a: Vespiquen|245/299 tox|[from] psn\n|upkeep\n|turn|12\n|\n|t:|1782879472\n|move|p2a: Chimecho|Psychic Noise|p1a: Vespiquen\n|-damage|p1a: Vespiquen|172/299 tox\n|-start|p1a: Vespiquen|move: Heal Block\n|move|p1a: Vespiquen|Toxic|p2a: Chimecho\n|-status|p2a: Chimecho|tox\n|\n|-damage|p2a: Chimecho|272/290 tox|[from] psn\n|-damage|p1a: Vespiquen|118/299 tox|[from] psn\n|upkeep\n|turn|13\n|\n|t:|1782879479\n|move|p2a: Chimecho|Psychic Noise|p1a: Vespiquen\n|-damage|p1a: Vespiquen|43/299 tox\n|move|p1a: Vespiquen|Spikes|p2a: Chimecho\n|-sidestart|p2: jnpr010334|Spikes\n|\n|-heal|p2a: Chimecho|290/290 tox|[from] item: Leftovers\n|-damage|p2a: Chimecho|254/290 tox|[from] psn\n|-damage|p1a: Vespiquen|0 fnt|[from] psn\n|faint|p1a: Vespiquen\n|upkeep\n|\n|t:|1782879485\n|switch|p1a: Pachirisu|Pachirisu, L96, F|185/271\n|turn|14\n|\n|t:|1782879489\n|switch|p2a: Toedscruel|Toedscruel, L87, M|264/281 tox\n|-damage|p2a: Toedscruel|229/281 tox|[from] Spikes\n|move|p1a: Pachirisu|U-turn|p2a: Toedscruel\n|-supereffective|p2a: Toedscruel\n|-damage|p2a: Toedscruel|141/281 tox\n|\n|t:|1782879495\n|switch|p1a: Ambipom|Ambipom, L84, F|164/263 slp|[from] U-turn\n|\n|-heal|p2a: Toedscruel|158/281 tox|[from] item: Leftovers\n|-damage|p2a: Toedscruel|141/281 tox|[from] psn\n|upkeep\n|turn|15\n|\n|t:|1782879498\n|cant|p1a: Ambipom|slp\n|move|p2a: Toedscruel|Giga Drain|p1a: Ambipom\n|-damage|p1a: Ambipom|77/263 slp\n|-heal|p2a: Toedscruel|185/281 tox|[from] drain|[of] p1a: Ambipom\n|\n|-heal|p2a: Toedscruel|202/281 tox|[from] item: Leftovers\n|-damage|p2a: Toedscruel|168/281 tox|[from] psn\n|upkeep\n|turn|16\n|\n|t:|1782879502\n|cant|p1a: Ambipom|slp\n|move|p2a: Toedscruel|Giga Drain|p1a: Ambipom\n|-damage|p1a: Ambipom|0 fnt\n|-heal|p2a: Toedscruel|207/281 tox|[from] drain|[of] p1a: Ambipom\n|faint|p1a: Ambipom\n|\n|-heal|p2a: Toedscruel|224/281 tox|[from] item: Leftovers\n|-damage|p2a: Toedscruel|173/281 tox|[from] psn\n|upkeep\n|\n|t:|1782879508\n|switch|p1a: Pachirisu|Pachirisu, L96, F|185/271\n|turn|17\n|\n|t:|1782879512\n|move|p1a: Pachirisu|U-turn|p2a: Toedscruel\n|-supereffective|p2a: Toedscruel\n|-damage|p2a: Toedscruel|83/281 tox\n|\n|t:|1782879514\n|switch|p1a: Reuniclus|Reuniclus, L88, M|337/337|[from] U-turn\n|move|p2a: Toedscruel|Earth Power|p1a: Reuniclus\n|-damage|p1a: Reuniclus|250/337\n|\n|-heal|p2a: Toedscruel|100/281 tox|[from] item: Leftovers\n|-damage|p2a: Toedscruel|32/281 tox|[from] psn\n|upkeep\n|turn|18\n|\n|t:|1782879518\n|move|p1a: Reuniclus|Psyshock|p2a: Toedscruel\n|-damage|p2a: Toedscruel|0 fnt\n|faint|p2a: Toedscruel\n|\n|upkeep\n|\n|t:|1782879519\n|switch|p2a: Skuntank|Skuntank, L84, F|310/310\n|-damage|p2a: Skuntank|272/310|[from] Spikes\n|turn|19\n|\n|t:|1782879524\n|move|p2a: Skuntank|Knock Off|p1a: Reuniclus\n|-supereffective|p1a: Reuniclus\n|-damage|p1a: Reuniclus|0 fnt\n|-enditem|p1a: Reuniclus|Life Orb|[from] move: Knock Off|[of] p2a: Skuntank\n|faint|p1a: Reuniclus\n|-damage|p2a: Skuntank|241/310|[from] item: Life Orb\n|\n|upkeep\n|\n|t:|1782879527\n|switch|p1a: Koraidon|Koraidon, L64|235/235\n|-weather|SunnyDay|[from] ability: Orichalcum Pulse|[of] p1a: Koraidon\n|-activate|p1a: Koraidon|Orichalcum Pulse|[source]\n|turn|20\n|\n|t:|1782879529\n|-terastallize|p2a: Skuntank|Poison\n|move|p1a: Koraidon|Swords Dance|p1a: Koraidon\n|-boost|p1a: Koraidon|atk|2\n|move|p2a: Skuntank|Gunk Shot|p1a: Koraidon|[miss]\n|-miss|p2a: Skuntank|p1a: Koraidon\n|\n|-weather|SunnyDay|[upkeep]\n|upkeep\n|turn|21\n|\n|t:|1782879537\n|move|p1a: Koraidon|Flare Blitz|p2a: Skuntank\n|-damage|p2a: Skuntank|0 fnt\n|-damage|p1a: Koraidon|177/235|[from] ability: Aftermath|[of] p2a: Skuntank\n|faint|p2a: Skuntank\n|-damage|p1a: Koraidon|97/235|[from] Recoil\n|\n|-weather|SunnyDay|[upkeep]\n|upkeep\n|\n|t:|1782879541\n|switch|p2a: Cinccino|Cinccino, L83, M|260/260\n|-damage|p2a: Cinccino|228/260|[from] Spikes\n|turn|22\n|\n|t:|1782879545\n|move|p2a: Cinccino|Triple Axel|p1a: Koraidon\n|-supereffective|p1a: Koraidon\n|-damage|p1a: Koraidon|53/235\n|-supereffective|p1a: Koraidon\n|-damage|p1a: Koraidon|0 fnt\n|faint|p1a: Koraidon\n|-hitcount|p1: Koraidon|2\n|\n|-weather|SunnyDay|[upkeep]\n|upkeep\n|\n|t:|1782879548\n|switch|p1a: Pachirisu|Pachirisu, L96, F|185/271\n|turn|23\n|\n|t:|1782879550\n|move|p2a: Cinccino|Tail Slap|p1a: Pachirisu\n|-damage|p1a: Pachirisu|140/271\n|-damage|p1a: Pachirisu|100/271\n|-damage|p1a: Pachirisu|60/271\n|-damage|p1a: Pachirisu|21/271\n|-damage|p1a: Pachirisu|0 fnt\n|faint|p1a: Pachirisu\n|-hitcount|p1: Pachirisu|5\n|\n|win|jnpr010334\n|raw|might b poopin's rating: 1494 &rarr; <strong>1470</strong><br />(-24 for losing)\n|raw|jnpr010334's rating: 1426 &rarr; <strong>1450</strong><br />(+24 for winning)\n", "inputlog": ">version f8ac14003a5f27e1bdc8d8c59608a773c1cb96e5\n>start {\"formatid\":\"gen9randombattle\",\"seed\":\"sodium,8d64faf902e96592547437ef6fff7c67\",\"rated\":\"Rated battle\"}\n>player p1 {\"name\":\"might b poopin\",\"avatar\":\"unknown\",\"rating\":1494,\"seed\":\"sodium,43720ff5009008a422e37b3798d0d873\"}\n>player p2 {\"name\":\"jnpr010334\",\"avatar\":\"265\",\"rating\":1485,\"seed\":\"sodium,8b14e39f937de212f723374bd3366697\"}\n>p1 move knockoff\n>p2 move sludgebomb\n>p1 switch 2\n>p2 move sludgebomb\n>p1 move earthquake\n>p2 move surf\n>p2 switch 4\n>p1 switch 4\n>p2 move hydropump\n>p1 move nuzzle\n>p2 switch 6\n>p1 move uturn\n>p2 move spore\n>p1 switch 2\n>p1 switch 4\n>p2 move gigadrain\n>p1 move tripleaxel\n>p2 move gigadrain\n>p1 move tripleaxel\n>p2 move earthpower\n>p1 switch 3\n>p1 move toxic\n>p2 move toxic\n>p1 move hurricane\n>p2 switch 5\n>p1 move toxic\n>p2 move psychicnoise\n>p1 move spikes\n>p2 move psychicnoise\n>p1 switch 2\n>p1 move uturn\n>p2 switch 5\n>p1 switch 4\n>p1 move tripleaxel\n>p2 move gigadrain\n>p1 move tripleaxel\n>p2 move gigadrain\n>p1 switch 4\n>p1 move uturn\n>p2 move earthpower\n>p1 switch 5\n>p1 move psyshock\n>p2 move toxic\n>p2 switch 2\n>p1 move focusblast\n>p2 move knockoff\n>p1 switch 6\n>p1 move swordsdance\n>p2 move gunkshot terastallize\n>p1 move flareblitz\n>p2 move gunkshot\n>p2 switch 3\n>p1 move collisioncourse\n>p2 move tripleaxel\n>p1 switch 5\n>p1 move nuzzle\n>p2 move tailslap", "uploadtime": 1782879551, "views": 3, "formatid": "gen9randombattle", "rating": 1450, "private": 0, "password": null, "player_dets": [{"name": "might b poopin", "avatar": "unknown", "rating": 1494, "seed": "sodium,43720ff5009008a422e37b3798d0d873"}, {"name": "jnpr010334", "avatar": "265", "rating": 1485, "seed": "sodium,8b14e39f937de212f723374bd3366697"}], "teams_full": [{"Ambipom": {"name": "Ambipom", "species": "Ambipom", "speciesId": "ambipom", "gender": "F", "shiny": false, "level": 84, "moves": ["doubleedge", "tripleaxel", "lowkick", "knockoff"], "ability": "Technician", "evs": {"hp": 85, "atk": 85, "def": 85, "spa": 85, "spd": 85, "spe": 85}, "ivs": {"hp": 31, "atk": 31, "def": 31, "spa": 31, "spd": 31, "spe": 31}, "item": "Choice Band", "teraType": "Ice", "role": "Fast Attacker", "bvs": {"hp": 75, "atk": 100, "def": 66, "spa": 60, "spd": 66, "spe": 115}, "stats": {"hp": 263, "atk": 216, "def": 159, "spa": 149, "spd": 159, "spe": 241}, "types": ["Normal"]}, "Sandslash": {"name": "Sandslash", "species": "Sandslash-Alola", "speciesId": "sandslashalola", "gender": "F", "shiny": false, "level": 88, "moves": ["knockoff", "earthquake", "swordsdance", "tripleaxel"], "ability": "Slush Rush", "evs": {"hp": 85, "atk": 85, "def": 85, "spa": 85, "spd": 85, "spe": 85}, "ivs": {"hp": 31, "atk": 31, "def": 31, "spa": 31, "spd": 31, "spe": 31}, "item": "Life Orb", "teraType": "Ground", "role": "Setup Sweeper", "bvs": {"hp": 75, "atk": 100, "def": 120, "spa": 25, "spd": 65, "spe": 65}, "stats": {"hp": 275, "atk": 226, "def": 261, "spa": 94, "spd": 165, "spe": 165}, "types": ["Ice", "Steel"]}, "Vespiquen": {"name": "Vespiquen", "species": "Vespiquen", "speciesId": "vespiquen", "gender": "F", "shiny": false, "level": 99, "moves": ["hurricane", "roost", "toxic", "spikes"], "ability": "Pressure", "evs": {"hp": 85, "atk": 0, "def": 85, "spa": 85, "spd": 85, "spe": 85}, "ivs": {"hp": 31, "atk": 0, "def": 31, "spa": 31, "spd": 31, "spe": 31}, "item": "Heavy-Duty Boots", "teraType": "Steel", "role": "Bulky Support", "bvs": {"hp": 70, "atk": 80, "def": 102, "spa": 80, "spd": 102, "spe": 40}, "stats": {"hp": 299, "atk": 163, "def": 258, "spa": 214, "spd": 258, "spe": 135}, "types": ["Bug", "Flying"]}, "Pachirisu": {"name": "Pachirisu", "species": "Pachirisu", "speciesId": "pachirisu", "gender": "F", "shiny": false, "level": 96, "moves": ["thunderbolt", "uturn", "superfang", "nuzzle"], "ability": "Volt Absorb", "evs": {"hp": 85, "atk": 85, "def": 85, "spa": 85, "spd": 85, "spe": 85}, "ivs": {"hp": 31, "atk": 31, "def": 31, "spa": 31, "spd": 31, "spe": 31}, "item": "Assault Vest", "teraType": "Flying", "role": "AV Pivot", "bvs": {"hp": 60, "atk": 45, "def": 70, "spa": 45, "spd": 90, "spe": 95}, "stats": {"hp": 271, "atk": 141, "def": 189, "spa": 141, "spd": 227, "spe": 237}, "types": ["Electric"]}, "Reuniclus": {"name": "Reuniclus", "species": "Reuniclus", "speciesId": "reuniclus", "gender": "M", "shiny": false, "level": 88, "moves": ["calmmind", "psyshock", "focusblast", "recover"], "ability": "Magic Guard", "evs": {"hp": 85, "atk": 0, "def": 85, "spa": 85, "spd": 85, "spe": 85}, "ivs": {"hp": 31, "atk": 0, "def": 31, "spa": 31, "spd": 31, "spe": 31}, "item": "Life Orb", "teraType": "Steel", "role": "Bulky Setup", "bvs": {"hp": 110, "atk": 65, "def": 75, "spa": 125, "spd": 85, "spe": 30}, "stats": {"hp": 337, "atk": 119, "def": 182, "spa": 270, "spd": 200, "spe": 103}, "types": ["Psychic"]}, "Koraidon": {"name": "Koraidon", "species": "Koraidon", "speciesId": "koraidon", "gender": "N", "shiny": false, "level": 64, "moves": ["flareblitz", "collisioncourse", "scaleshot", "swordsdance"], "ability": "Orichalcum Pulse", "evs": {"hp": 85, "atk": 85, "def": 85, "spa": 85, "spd": 85, "spe": 85}, "ivs": {"hp": 31, "atk": 31, "def": 31, "spa": 31, "spd": 31, "spe": 31}, "item": "Loaded Dice", "teraType": "Fire", "role": "Setup Sweeper", "bvs": {"hp": 100, "atk": 135, "def": 115, "spa": 85, "spd": 100, "spe": 135}, "stats": {"hp": 235, "atk": 211, "def": 185, "spa": 147, "spd": 166, "spe": 211}, "types": ["Fighting", "Dragon"]}}, {"Tentacruel": {"name": "Tentacruel", "species": "Tentacruel", "speciesId": "tentacruel", "gender": "M", "shiny": false, "level": 84, "moves": ["rapidspin", "knockoff", "surf", "sludgebomb"], "ability": "Liquid Ooze", "evs": {"hp": 85, "atk": 85, "def": 85, "spa": 85, "spd": 85, "spe": 85}, "ivs": {"hp": 31, "atk": 31, "def": 31, "spa": 31, "spd": 31, "spe": 31}, "item": "Assault Vest", "teraType": "Flying", "role": "Bulky Support", "bvs": {"hp": 80, "atk": 70, "def": 65, "spa": 80, "spd": 120, "spe": 100}, "stats": {"hp": 272, "atk": 166, "def": 157, "spa": 183, "spd": 250, "spe": 216}, "types": ["Water", "Poison"]}, "Skuntank": {"name": "Skuntank", "species": "Skuntank", "speciesId": "skuntank", "gender": "F", "shiny": false, "level": 84, "moves": ["gunkshot", "taunt", "suckerpunch", "knockoff"], "ability": "Aftermath", "evs": {"hp": 85, "atk": 85, "def": 85, "spa": 85, "spd": 85, "spe": 85}, "ivs": {"hp": 31, "atk": 31, "def": 31, "spa": 31, "spd": 31, "spe": 31}, "item": "Life Orb", "teraType": "Poison", "role": "Fast Support", "bvs": {"hp": 103, "atk": 93, "def": 67, "spa": 71, "spd": 61, "spe": 84}, "stats": {"hp": 310, "atk": 204, "def": 161, "spa": 167, "spd": 151, "spe": 189}, "types": ["Poison", "Dark"]}, "Cinccino": {"name": "Cinccino", "species": "Cinccino", "speciesId": "cinccino", "gender": "M", "shiny": false, "level": 83, "moves": ["tripleaxel", "bulletseed", "tailslap", "tidyup"], "ability": "Technician", "evs": {"hp": 85, "atk": 85, "def": 85, "spa": 85, "spd": 85, "spe": 85}, "ivs": {"hp": 31, "atk": 31, "def": 31, "spa": 31, "spd": 31, "spe": 31}, "item": "Loaded Dice", "teraType": "Normal", "role": "Fast Attacker", "bvs": {"hp": 75, "atk": 95, "def": 60, "spa": 65, "spd": 60, "spe": 115}, "stats": {"hp": 260, "atk": 205, "def": 147, "spa": 156, "spd": 147, "spe": 239}, "types": ["Normal"]}, "Greninja": {"name": "Greninja", "species": "Greninja", "speciesId": "greninja", "gender": "M", "shiny": false, "level": 80, "moves": ["gunkshot", "darkpulse", "hydropump", "grassknot"], "ability": "Protean", "evs": {"hp": 85, "atk": 85, "def": 85, "spa": 85, "spd": 85, "spe": 85}, "ivs": {"hp": 31, "atk": 31, "def": 31, "spa": 31, "spd": 31, "spe": 31}, "item": "Life Orb", "teraType": "Poison", "role": "Fast Attacker", "bvs": {"hp": 72, "atk": 95, "def": 67, "spa": 103, "spd": 71, "spe": 122}, "stats": {"hp": 246, "atk": 198, "def": 153, "spa": 211, "spd": 160, "spe": 241}, "types": ["Water", "Dark"]}, "Chimecho": {"name": "Chimecho", "species": "Chimecho", "speciesId": "chimecho", "gender": "M", "shiny": false, "level": 93, "moves": ["encore", "recover", "psychicnoise", "healbell"], "ability": "Levitate", "evs": {"hp": 85, "atk": 0, "def": 85, "spa": 85, "spd": 85, "spe": 85}, "ivs": {"hp": 31, "atk": 0, "def": 31, "spa": 31, "spd": 31, "spe": 31}, "item": "Leftovers", "teraType": "Steel", "role": "Bulky Support", "bvs": {"hp": 75, "atk": 50, "def": 80, "spa": 95, "spd": 90, "spe": 65}, "stats": {"hp": 290, "atk": 98, "def": 202, "spa": 230, "spd": 220, "spe": 174}, "types": ["Psychic"]}, "Toedscruel": {"name": "Toedscruel", "species": "Toedscruel", "speciesId": "toedscruel", "gender": "M", "shiny": false, "level": 87, "moves": ["spore", "earthpower", "gigadrain", "toxic"], "ability": "Mycelium Might", "evs": {"hp": 85, "atk": 0, "def": 85, "spa": 85, "spd": 85, "spe": 85}, "ivs": {"hp": 31, "atk": 0, "def": 31, "spa": 31, "spd": 31, "spe": 31}, "item": "Leftovers", "teraType": "Water", "role": "Bulky Support", "bvs": {"hp": 80, "atk": 70, "def": 65, "spa": 80, "spd": 120, "spe": 100}, "stats": {"hp": 281, "atk": 126, "def": 163, "spa": 189, "spd": 259, "spe": 224}, "types": ["Ground", "Grass"]}}]}