{"id": "gen9randombattle-2642032223", "format": "[Gen 9] Random Battle", "players": ["arkofnoah1203", "songator"], "log": "|j|\u2606arkofnoah1203\n|j|\u2606songator\n|t:|1782876347\n|gametype|singles\n|player|p1|arkofnoah1203|n|1085\n|player|p2|songator|ghetsis|1124\n|gen|9\n|tier|[Gen 9] Random Battle\n|rated|\n|rule|Species Clause: Limit one of each Pok\u00e9mon\n|rule|HP Percentage Mod: HP is shown in percentages\n|rule|Sleep Clause Mod: Limit one foe put to sleep\n|rule|Illusion Level Mod: Illusion disguises the Pok\u00e9mon's true level\n|\n|t:|1782876347\n|teamsize|p1|6\n|teamsize|p2|6\n|start\n|switch|p1a: Ogerpon|Ogerpon-Hearthflame, L74, F|239/239\n|switch|p2a: Porygon2|Porygon2, L81|270/270\n|-ability|p1a: Ogerpon|Mold Breaker\n|-ability|p2a: Porygon2|Download|boost\n|-boost|p2a: Porygon2|atk|1\n|turn|1\n|inactive|Battle timer is ON: inactive players will automatically lose when time's up. (requested by arkofnoah1203)\n|\n|t:|1782876370\n|move|p1a: Ogerpon|Swords Dance|p1a: Ogerpon\n|-boost|p1a: Ogerpon|atk|2\n|move|p2a: Porygon2|Tri Attack|p1a: Ogerpon\n|-crit|p1a: Ogerpon\n|-damage|p1a: Ogerpon|113/239\n|-status|p1a: Ogerpon|par\n|\n|upkeep\n|turn|2\n|\n|t:|1782876377\n|move|p2a: Porygon2|Tri Attack|p1a: Ogerpon\n|-damage|p1a: Ogerpon|17/239 par\n|cant|p1a: Ogerpon|par\n|\n|upkeep\n|turn|3\n|\n|t:|1782876384\n|move|p2a: Porygon2|Ice Beam|p1a: Ogerpon\n|-damage|p1a: Ogerpon|0 fnt\n|faint|p1a: Ogerpon\n|\n|upkeep\n|\n|t:|1782876402\n|switch|p1a: Magnezone|Magnezone, L85|258/258\n|turn|4\n|inactive|songator has 120 seconds left.\n|\n|t:|1782876456\n|switch|p2a: Pawmot|Pawmot, L80, M|243/243\n|move|p1a: Magnezone|Body Press|p2a: Pawmot\n|-damage|p2a: Pawmot|154/243\n|\n|upkeep\n|turn|5\n|\n|t:|1782876475\n|switch|p2a: Passimian|Passimian, L83, F|302/302\n|move|p1a: Magnezone|Body Press|p2a: Passimian\n|-damage|p2a: Passimian|238/302\n|\n|upkeep\n|turn|6\n|\n|t:|1782876486\n|move|p2a: Passimian|Close Combat|p1a: Magnezone\n|-supereffective|p1a: Magnezone\n|-damage|p1a: Magnezone|0 fnt\n|-unboost|p2a: Passimian|def|1\n|-unboost|p2a: Passimian|spd|1\n|faint|p1a: Magnezone\n|\n|upkeep\n|\n|t:|1782876502\n|switch|p1a: Grumpig|Grumpig, L92, F|297/297\n|turn|7\n|\n|t:|1782876510\n|switch|p2a: Dedenne|Dedenne, L88, M|261/261\n|move|p1a: Grumpig|Psychic|p2a: Dedenne\n|-damage|p2a: Dedenne|128/261\n|-enditem|p2a: Dedenne|Sitrus Berry|[eat]\n|-heal|p2a: Dedenne|193/261|[from] item: Sitrus Berry\n|-heal|p2a: Dedenne|261/261|[from] ability: Cheek Pouch\n|\n|upkeep\n|turn|8\n|\n|t:|1782876523\n|move|p1a: Grumpig|Psychic|p2a: Dedenne\n|-damage|p2a: Dedenne|132/261\n|move|p2a: Dedenne|U-turn|p1a: Grumpig\n|-supereffective|p1a: Grumpig\n|-damage|p1a: Grumpig|207/297\n|\n|t:|1782876537\n|switch|p2a: Passimian|Passimian, L83, F|238/302|[from] U-turn\n|\n|upkeep\n|turn|9\n|\n|t:|1782876544\n|move|p1a: Grumpig|Psychic|p2a: Passimian\n|-supereffective|p2a: Passimian\n|-damage|p2a: Passimian|0 fnt\n|faint|p2a: Passimian\n|\n|upkeep\n|inactive|songator has 90 seconds left.\n|\n|t:|1782876580\n|switch|p2a: Suicune|Suicune, L82|298/298\n|-ability|p2a: Suicune|Pressure\n|turn|10\n|\n|t:|1782876590\n|move|p1a: Grumpig|Psychic|p2a: Suicune\n|-damage|p2a: Suicune|201/298\n|move|p2a: Suicune|Calm Mind|p2a: Suicune\n|-boost|p2a: Suicune|spa|1\n|-boost|p2a: Suicune|spd|1\n|\n|-heal|p2a: Suicune|219/298|[from] item: Leftovers\n|upkeep\n|turn|11\n|\n|t:|1782876594\n|move|p1a: Grumpig|Psychic|p2a: Suicune\n|-damage|p2a: Suicune|156/298\n|move|p2a: Suicune|Calm Mind|p2a: Suicune\n|-boost|p2a: Suicune|spa|1\n|-boost|p2a: Suicune|spd|1\n|\n|-heal|p2a: Suicune|174/298|[from] item: Leftovers\n|upkeep\n|turn|12\n|\n|t:|1782876597\n|move|p1a: Grumpig|Psychic|p2a: Suicune\n|-damage|p2a: Suicune|132/298\n|move|p2a: Suicune|Calm Mind|p2a: Suicune\n|-boost|p2a: Suicune|spa|1\n|-boost|p2a: Suicune|spd|1\n|\n|-heal|p2a: Suicune|150/298|[from] item: Leftovers\n|upkeep\n|turn|13\n|\n|t:|1782876600\n|move|p1a: Grumpig|Psychic|p2a: Suicune\n|-damage|p2a: Suicune|116/298\n|move|p2a: Suicune|Rest|p2a: Suicune\n|-status|p2a: Suicune|slp|[from] move: Rest\n|-heal|p2a: Suicune|298/298 slp|[silent]\n|\n|upkeep\n|turn|14\n|\n|t:|1782876607\n|switch|p1a: Wyrdeer|Wyrdeer, L87, M|321/321\n|-ability|p1a: Wyrdeer|Intimidate|boost\n|-unboost|p2a: Suicune|atk|1\n|cant|p2a: Suicune|slp\n|move|p2a: Suicune|Sleep Talk|p2a: Suicune\n|move|p2a: Suicune|Scald|p1a: Wyrdeer|[from] move: Sleep Talk\n|-damage|p1a: Wyrdeer|101/321\n|\n|-heal|p1a: Wyrdeer|121/321|[from] item: Leftovers\n|upkeep\n|turn|15\n|inactive|songator has 120 seconds left.\n|\n|t:|1782876617\n|-terastallize|p1a: Wyrdeer|Ground\n|cant|p2a: Suicune|slp\n|move|p2a: Suicune|Sleep Talk|p2a: Suicune\n|move|p2a: Suicune|Calm Mind|p2a: Suicune|[from] move: Sleep Talk\n|-boost|p2a: Suicune|spa|1\n|-boost|p2a: Suicune|spd|1\n|move|p1a: Wyrdeer|Earthquake|p2a: Suicune\n|-damage|p2a: Suicune|201/298 slp\n|\n|-heal|p2a: Suicune|219/298 slp|[from] item: Leftovers\n|-heal|p1a: Wyrdeer|141/321|[from] item: Leftovers\n|upkeep\n|turn|16\n|inactive|songator has 120 seconds left.\n|\n|t:|1782876628\n|-curestatus|p2a: Suicune|slp|[msg]\n|move|p2a: Suicune|Sleep Talk||[still]\n|-fail|p2a: Suicune\n|move|p1a: Wyrdeer|Earthquake|p2a: Suicune\n|-damage|p2a: Suicune|122/298\n|\n|-heal|p2a: Suicune|140/298|[from] item: Leftovers\n|-heal|p1a: Wyrdeer|161/321|[from] item: Leftovers\n|upkeep\n|turn|17\n|\n|t:|1782876636\n|move|p2a: Suicune|Scald|p1a: Wyrdeer\n|-supereffective|p1a: Wyrdeer\n|-damage|p1a: Wyrdeer|0 fnt\n|faint|p1a: Wyrdeer\n|\n|-heal|p2a: Suicune|158/298|[from] item: Leftovers\n|upkeep\n|\n|t:|1782876652\n|switch|p1a: Volcanion|Volcanion, L79|255/255\n|turn|18\n|\n|t:|1782876663\n|move|p2a: Suicune|Scald|p1a: Volcanion\n|-immune|p1a: Volcanion|[from] ability: Water Absorb\n|move|p1a: Volcanion|Sludge Bomb|p2a: Suicune\n|-damage|p2a: Suicune|138/298\n|\n|-heal|p2a: Suicune|156/298|[from] item: Leftovers\n|upkeep\n|turn|19\n|\n|t:|1782876681\n|move|p2a: Suicune|Calm Mind|p2a: Suicune\n|-boost|p2a: Suicune|spa|1\n|-boost|p2a: Suicune|spd|1\n|move|p1a: Volcanion|Sludge Bomb|p2a: Suicune\n|-damage|p2a: Suicune|137/298\n|\n|-heal|p2a: Suicune|155/298|[from] item: Leftovers\n|upkeep\n|turn|20\n|\n|t:|1782876692\n|move|p2a: Suicune|Calm Mind|p2a: Suicune\n|-boost|p2a: Suicune|spa|1\n|-boost|p2a: Suicune|spd|1\n|move|p1a: Volcanion|Sludge Bomb|p2a: Suicune\n|-damage|p2a: Suicune|138/298\n|-status|p2a: Suicune|psn\n|\n|-heal|p2a: Suicune|156/298 psn|[from] item: Leftovers\n|-damage|p2a: Suicune|119/298 psn|[from] psn\n|upkeep\n|turn|21\n|\n|t:|1782876701\n|move|p2a: Suicune|Rest|p2a: Suicune\n|-status|p2a: Suicune|slp|[from] move: Rest\n|-heal|p2a: Suicune|298/298 slp|[silent]\n|move|p1a: Volcanion|Flame Charge|p2a: Suicune\n|-resisted|p2a: Suicune\n|-damage|p2a: Suicune|277/298 slp\n|-boost|p1a: Volcanion|spe|1\n|\n|-heal|p2a: Suicune|295/298 slp|[from] item: Leftovers\n|upkeep\n|turn|22\n|\n|t:|1782876708\n|move|p1a: Volcanion|Flame Charge|p2a: Suicune\n|-resisted|p2a: Suicune\n|-damage|p2a: Suicune|274/298 slp\n|-boost|p1a: Volcanion|spe|1\n|cant|p2a: Suicune|slp\n|\n|-heal|p2a: Suicune|292/298 slp|[from] item: Leftovers\n|upkeep\n|turn|23\n|\n|t:|1782876710\n|move|p1a: Volcanion|Flame Charge|p2a: Suicune\n|-resisted|p2a: Suicune\n|-damage|p2a: Suicune|269/298 slp\n|-boost|p1a: Volcanion|spe|1\n|cant|p2a: Suicune|slp\n|\n|-heal|p2a: Suicune|287/298 slp|[from] item: Leftovers\n|upkeep\n|turn|24\n|\n|t:|1782876719\n|move|p1a: Volcanion|Flame Charge|p2a: Suicune\n|-resisted|p2a: Suicune\n|-damage|p2a: Suicune|266/298 slp\n|-boost|p1a: Volcanion|spe|1\n|-curestatus|p2a: Suicune|slp|[msg]\n|move|p2a: Suicune|Calm Mind|p2a: Suicune\n|-boost|p2a: Suicune|spa|0\n|-boost|p2a: Suicune|spd|0\n|\n|-heal|p2a: Suicune|284/298|[from] item: Leftovers\n|upkeep\n|turn|25\n|\n|t:|1782876728\n|move|p1a: Volcanion|Flame Charge|p2a: Suicune\n|-resisted|p2a: Suicune\n|-damage|p2a: Suicune|261/298\n|-boost|p1a: Volcanion|spe|1\n|move|p2a: Suicune|Calm Mind|p2a: Suicune\n|-boost|p2a: Suicune|spa|0\n|-boost|p2a: Suicune|spd|0\n|\n|-heal|p2a: Suicune|279/298|[from] item: Leftovers\n|upkeep\n|turn|26\n|c|\u2606songator|Pp stall time\n|\n|t:|1782876732\n|move|p1a: Volcanion|Flame Charge|p2a: Suicune\n|-resisted|p2a: Suicune\n|-damage|p2a: Suicune|258/298\n|-boost|p1a: Volcanion|spe|1\n|move|p2a: Suicune|Calm Mind|p2a: Suicune\n|-boost|p2a: Suicune|spa|0\n|-boost|p2a: Suicune|spd|0\n|\n|-heal|p2a: Suicune|276/298|[from] item: Leftovers\n|upkeep\n|turn|27\n|\n|t:|1782876741\n|move|p1a: Volcanion|Sludge Bomb|p2a: Suicune\n|-damage|p2a: Suicune|260/298\n|-status|p2a: Suicune|psn\n|move|p2a: Suicune|Calm Mind|p2a: Suicune\n|-boost|p2a: Suicune|spa|0\n|-boost|p2a: Suicune|spd|0\n|\n|-heal|p2a: Suicune|278/298 psn|[from] item: Leftovers\n|-damage|p2a: Suicune|241/298 psn|[from] psn\n|upkeep\n|turn|28\n|\n|t:|1782876744\n|move|p1a: Volcanion|Flamethrower|p2a: Suicune\n|-resisted|p2a: Suicune\n|-damage|p2a: Suicune|229/298 psn\n|move|p2a: Suicune|Rest|p2a: Suicune\n|-status|p2a: Suicune|slp|[from] move: Rest\n|-heal|p2a: Suicune|298/298 slp|[silent]\n|\n|upkeep\n|turn|29\n|\n|t:|1782876750\n|move|p1a: Volcanion|Flamethrower|p2a: Suicune\n|-resisted|p2a: Suicune\n|-damage|p2a: Suicune|286/298 slp\n|cant|p2a: Suicune|slp\n|\n|-heal|p2a: Suicune|298/298 slp|[from] item: Leftovers\n|upkeep\n|turn|30\n|\n|t:|1782876752\n|move|p1a: Volcanion|Flamethrower|p2a: Suicune\n|-resisted|p2a: Suicune\n|-damage|p2a: Suicune|288/298 slp\n|cant|p2a: Suicune|slp\n|\n|-heal|p2a: Suicune|298/298 slp|[from] item: Leftovers\n|upkeep\n|turn|31\n|\n|t:|1782876755\n|move|p1a: Volcanion|Flamethrower|p2a: Suicune\n|-resisted|p2a: Suicune\n|-damage|p2a: Suicune|286/298 slp\n|-curestatus|p2a: Suicune|slp|[msg]\n|move|p2a: Suicune|Calm Mind|p2a: Suicune\n|-boost|p2a: Suicune|spa|0\n|-boost|p2a: Suicune|spd|0\n|\n|-heal|p2a: Suicune|298/298|[from] item: Leftovers\n|upkeep\n|turn|32\n|\n|t:|1782876758\n|move|p1a: Volcanion|Sludge Bomb|p2a: Suicune\n|-damage|p2a: Suicune|283/298\n|move|p2a: Suicune|Calm Mind|p2a: Suicune\n|-boost|p2a: Suicune|spa|0\n|-boost|p2a: Suicune|spd|0\n|\n|-heal|p2a: Suicune|298/298|[from] item: Leftovers\n|upkeep\n|turn|33\n|\n|t:|1782876760\n|move|p1a: Volcanion|Flamethrower|p2a: Suicune\n|-resisted|p2a: Suicune\n|-damage|p2a: Suicune|287/298\n|move|p2a: Suicune|Calm Mind|p2a: Suicune\n|-boost|p2a: Suicune|spa|0\n|-boost|p2a: Suicune|spd|0\n|\n|-heal|p2a: Suicune|298/298|[from] item: Leftovers\n|upkeep\n|turn|34\n|\n|t:|1782876763\n|move|p1a: Volcanion|Flamethrower|p2a: Suicune\n|-resisted|p2a: Suicune\n|-damage|p2a: Suicune|288/298\n|move|p2a: Suicune|Calm Mind|p2a: Suicune\n|-boost|p2a: Suicune|spa|0\n|-boost|p2a: Suicune|spd|0\n|\n|-heal|p2a: Suicune|298/298|[from] item: Leftovers\n|upkeep\n|turn|35\n|\n|t:|1782876765\n|move|p1a: Volcanion|Flamethrower|p2a: Suicune\n|-resisted|p2a: Suicune\n|-damage|p2a: Suicune|286/298\n|move|p2a: Suicune|Calm Mind|p2a: Suicune\n|-boost|p2a: Suicune|spa|0\n|-boost|p2a: Suicune|spd|0\n|\n|-heal|p2a: Suicune|298/298|[from] item: Leftovers\n|upkeep\n|turn|36\n|\n|t:|1782876768\n|move|p1a: Volcanion|Flamethrower|p2a: Suicune\n|-resisted|p2a: Suicune\n|-damage|p2a: Suicune|286/298\n|move|p2a: Suicune|Calm Mind|p2a: Suicune\n|-boost|p2a: Suicune|spa|0\n|-boost|p2a: Suicune|spd|0\n|\n|-heal|p2a: Suicune|298/298|[from] item: Leftovers\n|upkeep\n|turn|37\n|\n|t:|1782876775\n|move|p1a: Volcanion|Flamethrower|p2a: Suicune\n|-resisted|p2a: Suicune\n|-damage|p2a: Suicune|288/298\n|move|p2a: Suicune|Calm Mind|p2a: Suicune\n|-boost|p2a: Suicune|spa|0\n|-boost|p2a: Suicune|spd|0\n|\n|-heal|p2a: Suicune|298/298|[from] item: Leftovers\n|upkeep\n|turn|38\n|\n|t:|1782876778\n|move|p1a: Volcanion|Flamethrower|p2a: Suicune\n|-resisted|p2a: Suicune\n|-damage|p2a: Suicune|288/298\n|move|p2a: Suicune|Calm Mind|p2a: Suicune\n|-boost|p2a: Suicune|spa|0\n|-boost|p2a: Suicune|spd|0\n|\n|-heal|p2a: Suicune|298/298|[from] item: Leftovers\n|upkeep\n|turn|39\n|\n|t:|1782876782\n|move|p1a: Volcanion|Sludge Bomb|p2a: Suicune\n|-damage|p2a: Suicune|282/298\n|move|p2a: Suicune|Calm Mind|p2a: Suicune\n|-boost|p2a: Suicune|spa|0\n|-boost|p2a: Suicune|spd|0\n|\n|-heal|p2a: Suicune|298/298|[from] item: Leftovers\n|upkeep\n|turn|40\n|\n|t:|1782876789\n|move|p1a: Volcanion|Sludge Bomb|p2a: Suicune\n|-damage|p2a: Suicune|283/298\n|-status|p2a: Suicune|psn\n|move|p2a: Suicune|Calm Mind|p2a: Suicune\n|-boost|p2a: Suicune|spa|0\n|-boost|p2a: Suicune|spd|0\n|\n|-heal|p2a: Suicune|298/298 psn|[from] item: Leftovers\n|-damage|p2a: Suicune|261/298 psn|[from] psn\n|upkeep\n|turn|41\n|\n|t:|1782876792\n|move|p1a: Volcanion|Flame Charge|p2a: Suicune\n|-resisted|p2a: Suicune\n|-damage|p2a: Suicune|240/298 psn\n|move|p2a: Suicune|Rest|p2a: Suicune\n|-status|p2a: Suicune|slp|[from] move: Rest\n|-heal|p2a: Suicune|298/298 slp|[silent]\n|\n|upkeep\n|turn|42\n|\n|t:|1782876795\n|move|p1a: Volcanion|Flame Charge|p2a: Suicune\n|-resisted|p2a: Suicune\n|-damage|p2a: Suicune|277/298 slp\n|cant|p2a: Suicune|slp\n|\n|-heal|p2a: Suicune|295/298 slp|[from] item: Leftovers\n|upkeep\n|turn|43\n|\n|t:|1782876797\n|move|p1a: Volcanion|Flame Charge|p2a: Suicune\n|-resisted|p2a: Suicune\n|-damage|p2a: Suicune|274/298 slp\n|cant|p2a: Suicune|slp\n|\n|-heal|p2a: Suicune|292/298 slp|[from] item: Leftovers\n|upkeep\n|turn|44\n|\n|t:|1782876802\n|move|p1a: Volcanion|Flame Charge|p2a: Suicune\n|-resisted|p2a: Suicune\n|-crit|p2a: Suicune\n|-damage|p2a: Suicune|257/298 slp\n|-curestatus|p2a: Suicune|slp|[msg]\n|move|p2a: Suicune|Calm Mind|p2a: Suicune\n|-boost|p2a: Suicune|spa|0\n|-boost|p2a: Suicune|spd|0\n|\n|-heal|p2a: Suicune|275/298|[from] item: Leftovers\n|upkeep\n|turn|45\n|\n|t:|1782876805\n|move|p1a: Volcanion|Flame Charge|p2a: Suicune\n|-resisted|p2a: Suicune\n|-damage|p2a: Suicune|255/298\n|move|p2a: Suicune|Calm Mind|p2a: Suicune\n|-boost|p2a: Suicune|spa|0\n|-boost|p2a: Suicune|spd|0\n|\n|-heal|p2a: Suicune|273/298|[from] item: Leftovers\n|upkeep\n|turn|46\n|-message|arkofnoah1203 forfeited.\n|\n|win|songator\n|raw|arkofnoah1203's rating: 1085 &rarr; <strong>1065</strong><br />(-20 for losing)\n|raw|songator's rating: 1124 &rarr; <strong>1146</strong><br />(+22 for winning)\n|l|\u2606arkofnoah1203\n|player|p1|\n", "inputlog": ">version f8ac14003a5f27e1bdc8d8c59608a773c1cb96e5\n>start {\"formatid\":\"gen9randombattle\",\"seed\":\"sodium,efcad9dcf51a14105f5a5d006cb55930\",\"rated\":\"Rated battle\"}\n>player p1 {\"name\":\"arkofnoah1203\",\"avatar\":\"n\",\"rating\":1085,\"seed\":\"sodium,b0ba9bb19a978cbe4ac59a2751468a5d\"}\n>player p2 {\"name\":\"songator\",\"avatar\":\"ghetsis\",\"rating\":1124,\"seed\":\"sodium,750bc8c5181b3a9370bae7a2cdeb4328\"}\n>p1 move swordsdance\n>p2 move triattack\n>p1 move hornleech\n>p2 move triattack\n>p1 move hornleech\n>p2 move icebeam\n>p1 switch 3\n>p1 move bodypress\n>p2 switch 2\n>p1 move bodypress\n>p2 switch 4\n>p1 move thunderbolt\n>p2 move closecombat\n>p1 switch 5\n>p1 move psychic\n>p2 switch 3\n>p1 move psychic\n>p2 move uturn\n>p2 switch 3\n>p1 move psychic\n>p2 move uturn\n>p2 switch 5\n>p1 move psychic\n>p2 move calmmind\n>p1 move psychic\n>p2 move calmmind\n>p1 move psychic\n>p2 move calmmind\n>p1 move psychic\n>p2 move rest\n>p1 switch 2\n>p2 move sleeptalk\n>p1 move earthquake terastallize\n>p2 move sleeptalk\n>p1 move earthquake\n>p2 move sleeptalk\n>p1 move thunderwave\n>p2 move scald\n>p1 switch 6\n>p1 move sludgebomb\n>p2 move scald\n>p1 move sludgebomb\n>p2 move calmmind\n>p1 move sludgebomb\n>p2 move calmmind\n>p1 move flamecharge\n>p2 move rest\n>p1 move flamecharge\n>p2 move calmmind\n>p1 move flamecharge\n>p2 move calmmind\n>p1 move flamecharge\n>p2 move calmmind\n>p1 move flamecharge\n>p2 move calmmind\n>chat \u2606songator|Pp stall time\n>p1 move flamecharge\n>p2 move calmmind\n>p1 move sludgebomb\n>p2 move calmmind\n>p1 move flamethrower\n>p2 move rest\n>p1 move flamethrower\n>p2 move calmmind\n>p1 move flamethrower\n>p2 move calmmind\n>p1 move flamethrower\n>p2 move calmmind\n>p1 move sludgebomb\n>p2 move calmmind\n>p1 move flamethrower\n>p2 move calmmind\n>p1 move flamethrower\n>p2 move calmmind\n>p1 move flamethrower\n>p2 move calmmind\n>p1 move flamethrower\n>p2 move calmmind\n>p1 move flamethrower\n>p2 move calmmind\n>p1 move flamethrower\n>p2 move calmmind\n>p1 move sludgebomb\n>p2 move calmmind\n>p1 move sludgebomb\n>p2 move calmmind\n>p1 move flamecharge\n>p2 move rest\n>p1 move flamecharge\n>p2 move calmmind\n>p1 move flamecharge\n>p2 move calmmind\n>p1 move flamecharge\n>p2 move calmmind\n>p1 move flamecharge\n>p2 move calmmind\n>forcelose p1", "uploadtime": 1782876825, "views": 9, "formatid": "gen9randombattle", "rating": 1065, "private": 0, "password": null, "player_dets": [{"name": "arkofnoah1203", "avatar": "n", "rating": 1085, "seed": "sodium,b0ba9bb19a978cbe4ac59a2751468a5d"}, {"name": "songator", "avatar": "ghetsis", "rating": 1124, "seed": "sodium,750bc8c5181b3a9370bae7a2cdeb4328"}], "teams_full": [{"Ogerpon": {"name": "Ogerpon", "species": "Ogerpon-Hearthflame", "speciesId": "ogerponhearthflame", "gender": "F", "shiny": false, "level": 74, "moves": ["swordsdance", "trailblaze", "hornleech", "ivycudgel"], "ability": "Mold Breaker", "evs": {"hp": 77, "atk": 85, "def": 85, "spa": 85, "spd": 85, "spe": 85}, "ivs": {"hp": 31, "atk": 31, "def": 31, "spa": 31, "spd": 31, "spe": 31}, "item": "Hearthflame Mask", "teraType": "Fire", "role": "Setup Sweeper", "bvs": {"hp": 80, "atk": 120, "def": 84, "spa": 60, "spd": 96, "spe": 110}, "stats": {"hp": 239, "atk": 221, "def": 167, "spa": 132, "spd": 185, "spe": 206}, "types": ["Grass", "Fire"]}, "Wyrdeer": {"name": "Wyrdeer", "species": "Wyrdeer", "speciesId": "wyrdeer", "gender": "M", "shiny": false, "level": 87, "moves": ["earthquake", "thunderwave", "psychicnoise", "megahorn"], "ability": "Intimidate", "evs": {"hp": 85, "atk": 85, "def": 85, "spa": 85, "spd": 85, "spe": 85}, "ivs": {"hp": 31, "atk": 31, "def": 31, "spa": 31, "spd": 31, "spe": 31}, "item": "Leftovers", "teraType": "Ground", "role": "Bulky Attacker", "bvs": {"hp": 103, "atk": 105, "def": 72, "spa": 105, "spd": 75, "spe": 65}, "stats": {"hp": 321, "atk": 232, "def": 175, "spa": 232, "spd": 180, "spe": 163}, "types": ["Normal", "Psychic"]}, "Magnezone": {"name": "Magnezone", "species": "Magnezone", "speciesId": "magnezone", "gender": "N", "shiny": false, "level": 85, "moves": ["thunderbolt", "flashcannon", "voltswitch", "bodypress"], "ability": "Magnet Pull", "evs": {"hp": 85, "atk": 0, "def": 85, "spa": 85, "spd": 85, "spe": 85}, "ivs": {"hp": 31, "atk": 0, "def": 31, "spa": 31, "spd": 31, "spe": 31}, "item": "Assault Vest", "teraType": "Flying", "role": "AV Pivot", "bvs": {"hp": 70, "atk": 70, "def": 115, "spa": 130, "spd": 90, "spe": 60}, "stats": {"hp": 258, "atk": 124, "def": 244, "spa": 270, "spd": 202, "spe": 151}, "types": ["Electric", "Steel"]}, "Eternatus": {"name": "Eternatus", "species": "Eternatus", "speciesId": "eternatus", "gender": "N", "shiny": false, "level": 69, "moves": ["fireblast", "dynamaxcannon", "sludgebomb", "recover"], "ability": "Pressure", "evs": {"hp": 85, "atk": 0, "def": 85, "spa": 85, "spd": 85, "spe": 85}, "ivs": {"hp": 31, "atk": 0, "def": 31, "spa": 31, "spd": 31, "spe": 31}, "item": "Rocky Helmet", "teraType": "Fire", "role": "Bulky Attacker", "bvs": {"hp": 140, "atk": 85, "def": 95, "spa": 145, "spd": 95, "spe": 130}, "stats": {"hp": 308, "atk": 122, "def": 171, "spa": 240, "spd": 171, "spe": 220}, "types": ["Poison", "Dragon"]}, "Grumpig": {"name": "Grumpig", "species": "Grumpig", "speciesId": "grumpig", "gender": "F", "shiny": false, "level": 92, "moves": ["shadowball", "psychic", "trick", "earthpower"], "ability": "Thick Fat", "evs": {"hp": 85, "atk": 0, "def": 85, "spa": 85, "spd": 85, "spe": 85}, "ivs": {"hp": 31, "atk": 0, "def": 31, "spa": 31, "spd": 31, "spe": 31}, "item": "Choice Scarf", "teraType": "Ground", "role": "Bulky Attacker", "bvs": {"hp": 80, "atk": 45, "def": 65, "spa": 90, "spd": 110, "spe": 80}, "stats": {"hp": 297, "atk": 87, "def": 172, "spa": 218, "spd": 255, "spe": 200}, "types": ["Psychic"]}, "Volcanion": {"name": "Volcanion", "species": "Volcanion", "speciesId": "volcanion", "gender": "N", "shiny": false, "level": 79, "moves": ["flamethrower", "flamecharge", "sludgebomb", "steameruption"], "ability": "Water Absorb", "evs": {"hp": 81, "atk": 85, "def": 85, "spa": 85, "spd": 85, "spe": 85}, "ivs": {"hp": 31, "atk": 31, "def": 31, "spa": 31, "spd": 31, "spe": 31}, "item": "Assault Vest", "teraType": "Fire", "role": "Bulky Attacker", "bvs": {"hp": 80, "atk": 110, "def": 120, "spa": 130, "spd": 90, "spe": 70}, "stats": {"hp": 255, "atk": 219, "def": 235, "spa": 251, "spd": 188, "spe": 156}, "types": ["Fire", "Water"]}}, {"Porygon2": {"name": "Porygon2", "species": "Porygon2", "speciesId": "porygon2", "gender": "N", "shiny": false, "level": 81, "moves": ["icebeam", "discharge", "triattack", "recover"], "ability": "Download", "evs": {"hp": 85, "atk": 0, "def": 85, "spa": 85, "spd": 85, "spe": 85}, "ivs": {"hp": 31, "atk": 0, "def": 31, "spa": 31, "spd": 31, "spe": 31}, "item": "Eviolite", "teraType": "Poison", "role": "Bulky Support", "bvs": {"hp": 85, "atk": 80, "def": 90, "spa": 105, "spd": 95, "spe": 60}, "stats": {"hp": 270, "atk": 134, "def": 192, "spa": 217, "spd": 201, "spe": 144}, "types": ["Normal"]}, "Pawmot": {"name": "Pawmot", "species": "Pawmot", "speciesId": "pawmot", "gender": "M", "shiny": false, "level": 80, "moves": ["icepunch", "revivalblessing", "closecombat", "doubleshock"], "ability": "Iron Fist", "evs": {"hp": 85, "atk": 85, "def": 85, "spa": 85, "spd": 85, "spe": 85}, "ivs": {"hp": 31, "atk": 31, "def": 31, "spa": 31, "spd": 31, "spe": 31}, "item": "Life Orb", "teraType": "Electric", "role": "Wallbreaker", "bvs": {"hp": 70, "atk": 115, "def": 70, "spa": 70, "spd": 60, "spe": 105}, "stats": {"hp": 243, "atk": 230, "def": 158, "spa": 158, "spd": 142, "spe": 214}, "types": ["Electric", "Fighting"]}, "Dedenne": {"name": "Dedenne", "species": "Dedenne", "speciesId": "dedenne", "gender": "M", "shiny": false, "level": 88, "moves": ["uturn", "dazzlinggleam", "superfang", "thunderbolt"], "ability": "Cheek Pouch", "evs": {"hp": 85, "atk": 85, "def": 85, "spa": 85, "spd": 85, "spe": 85}, "ivs": {"hp": 31, "atk": 31, "def": 31, "spa": 31, "spd": 31, "spe": 31}, "item": "Sitrus Berry", "teraType": "Flying", "role": "Fast Support", "bvs": {"hp": 67, "atk": 58, "def": 57, "spa": 81, "spd": 67, "spe": 101}, "stats": {"hp": 261, "atk": 152, "def": 151, "spa": 193, "spd": 168, "spe": 228}, "types": ["Electric", "Fairy"]}, "Passimian": {"name": "Passimian", "species": "Passimian", "speciesId": "passimian", "gender": "F", "shiny": false, "level": 83, "moves": ["uturn", "knockoff", "closecombat", "gunkshot"], "ability": "Defiant", "evs": {"hp": 85, "atk": 85, "def": 85, "spa": 85, "spd": 85, "spe": 85}, "ivs": {"hp": 31, "atk": 31, "def": 31, "spa": 31, "spd": 31, "spe": 31}, "item": "Choice Scarf", "teraType": "Fighting", "role": "Fast Attacker", "bvs": {"hp": 100, "atk": 120, "def": 90, "spa": 40, "spd": 60, "spe": 80}, "stats": {"hp": 302, "atk": 247, "def": 197, "spa": 114, "spd": 147, "spe": 180}, "types": ["Fighting"]}, "Suicune": {"name": "Suicune", "species": "Suicune", "speciesId": "suicune", "gender": "N", "shiny": false, "level": 82, "moves": ["rest", "sleeptalk", "calmmind", "scald"], "ability": "Pressure", "evs": {"hp": 85, "atk": 0, "def": 85, "spa": 85, "spd": 85, "spe": 85}, "ivs": {"hp": 31, "atk": 0, "def": 31, "spa": 31, "spd": 31, "spe": 31}, "item": "Leftovers", "teraType": "Dragon", "role": "Bulky Attacker", "bvs": {"hp": 100, "atk": 75, "def": 115, "spa": 90, "spd": 115, "spe": 85}, "stats": {"hp": 298, "atk": 127, "def": 236, "spa": 195, "spd": 236, "spe": 187}, "types": ["Water"]}, "Eiscue": {"name": "Eiscue", "species": "Eiscue", "speciesId": "eiscue", "gender": "F", "shiny": false, "level": 88, "moves": ["bellydrum", "icespinner", "liquidation", "zenheadbutt"], "ability": "Ice Face", "evs": {"hp": 81, "atk": 85, "def": 85, "spa": 85, "spd": 85, "spe": 85}, "ivs": {"hp": 31, "atk": 31, "def": 31, "spa": 31, "spd": 31, "spe": 31}, "item": "Sitrus Berry", "teraType": "Water", "role": "Setup Sweeper", "bvs": {"hp": 75, "atk": 80, "def": 110, "spa": 65, "spd": 90, "spe": 50}, "stats": {"hp": 274, "atk": 191, "def": 244, "spa": 165, "spd": 209, "spe": 138}, "types": ["Ice"]}}]}