{"id": "gen9randombattle-2641928215", "format": "[Gen 9] Random Battle", "players": ["homiespirit", "claydolconnoisseur"], "log": "|j|\u2606homiespirit\n|j|\u2606claydolconnoisseur\n|t:|1782860218\n|gametype|singles\n|player|p1|homiespirit|veteran|1272\n|player|p2|claydolconnoisseur|burglar-gen1|1274\n|gen|9\n|tier|[Gen 9] Random Battle\n|rated|\n|rule|Species Clause: Limit one of each Pok\u00e9mon\n|rule|HP Percentage Mod: HP is shown in percentages\n|rule|Sleep Clause Mod: Limit one foe put to sleep\n|rule|Illusion Level Mod: Illusion disguises the Pok\u00e9mon's true level\n|\n|t:|1782860218\n|teamsize|p1|6\n|teamsize|p2|6\n|start\n|switch|p1a: Palkia|Palkia-Origin, L72|249/249\n|switch|p2a: Dudunsparce|Dudunsparce-Three-Segment, L83, F|343/343\n|-ability|p1a: Palkia|Pressure\n|turn|1\n|inactive|Battle timer is ON: inactive players will automatically lose when time's up. (requested by claydolconnoisseur)\n|\n|t:|1782860232\n|move|p1a: Palkia|Thunder Wave|p2a: Dudunsparce\n|-status|p2a: Dudunsparce|par\n|move|p2a: Dudunsparce|Toxic|p1a: Palkia\n|-status|p1a: Palkia|tox\n|\n|-damage|p1a: Palkia|234/249 tox|[from] psn\n|upkeep\n|turn|2\n|\n|t:|1782860244\n|move|p1a: Palkia|Spacial Rend|p2a: Dudunsparce\n|-damage|p2a: Dudunsparce|183/343 par\n|move|p2a: Dudunsparce|Boomburst|p1a: Palkia\n|-damage|p1a: Palkia|107/249 tox\n|\n|-heal|p2a: Dudunsparce|204/343 par|[from] item: Leftovers\n|-damage|p1a: Palkia|77/249 tox|[from] psn\n|upkeep\n|turn|3\n|\n|t:|1782860268\n|move|p1a: Palkia|Hydro Pump|p2a: Dudunsparce\n|-damage|p2a: Dudunsparce|39/343 par\n|move|p2a: Dudunsparce|Boomburst|p1a: Palkia\n|-damage|p1a: Palkia|0 fnt\n|faint|p1a: Palkia\n|\n|-heal|p2a: Dudunsparce|60/343 par|[from] item: Leftovers\n|upkeep\n|\n|t:|1782860280\n|switch|p1a: Morpeko|Morpeko, L88, M|245/245\n|turn|4\n|\n|t:|1782860286\n|move|p1a: Morpeko|Aura Wheel|p2a: Dudunsparce\n|-damage|p2a: Dudunsparce|0 fnt\n|-boost|p1a: Morpeko|spe|1\n|faint|p2a: Dudunsparce\n|\n|-formechange|p1a: Morpeko|Morpeko-Hangry||[from] ability: Hunger Switch\n|upkeep\n|\n|t:|1782860303\n|switch|p2a: Sandslash|Sandslash, L89, F|278/278\n|turn|5\n|\n|t:|1782860327\n|switch|p1a: Conkeldurr|Conkeldurr, L80, F|299/299\n|move|p2a: Sandslash|Earthquake|p1a: Conkeldurr\n|-damage|p1a: Conkeldurr|170/299\n|\n|-status|p1a: Conkeldurr|brn|[from] item: Flame Orb\n|upkeep\n|turn|6\n|\n|t:|1782860345\n|move|p2a: Sandslash|Swords Dance|p2a: Sandslash\n|-boost|p2a: Sandslash|atk|2\n|move|p1a: Conkeldurr|Facade|p2a: Sandslash\n|-damage|p2a: Sandslash|122/278\n|\n|-heal|p2a: Sandslash|139/278|[from] item: Leftovers\n|-damage|p1a: Conkeldurr|152/299 brn|[from] brn\n|upkeep\n|turn|7\n|\n|t:|1782860353\n|move|p2a: Sandslash|Earthquake|p1a: Conkeldurr\n|-crit|p1a: Conkeldurr\n|-damage|p1a: Conkeldurr|0 fnt\n|faint|p1a: Conkeldurr\n|\n|-heal|p2a: Sandslash|156/278|[from] item: Leftovers\n|upkeep\n|\n|t:|1782860364\n|switch|p1a: Sandaconda|Sandaconda, L84, F|258/258\n|turn|8\n|\n|t:|1782860370\n|move|p1a: Sandaconda|Earthquake|p2a: Sandslash\n|-damage|p2a: Sandslash|62/278\n|move|p2a: Sandslash|Knock Off|p1a: Sandaconda\n|-damage|p1a: Sandaconda|145/258\n|-enditem|p1a: Sandaconda|Leftovers|[from] move: Knock Off|[of] p2a: Sandslash\n|\n|-heal|p2a: Sandslash|79/278|[from] item: Leftovers\n|upkeep\n|turn|9\n|\n|t:|1782860384\n|move|p1a: Sandaconda|Earthquake|p2a: Sandslash\n|-damage|p2a: Sandslash|0 fnt\n|faint|p2a: Sandslash\n|\n|upkeep\n|\n|t:|1782860391\n|switch|p2a: Rotom|Rotom-Mow, L87|229/229\n|turn|10\n|\n|t:|1782860410\n|move|p2a: Rotom|Leaf Storm|p1a: Sandaconda\n|-supereffective|p1a: Sandaconda\n|-damage|p1a: Sandaconda|0 fnt\n|-unboost|p2a: Rotom|spa|2\n|faint|p1a: Sandaconda\n|\n|upkeep\n|\n|t:|1782860420\n|switch|p1a: Scizor|Scizor, L79, F|240/240\n|turn|11\n|\n|t:|1782860431\n|switch|p2a: Magcargo|Magcargo, L95, F|268/268\n|move|p1a: Scizor|U-turn|p2a: Magcargo\n|-resisted|p2a: Magcargo\n|-damage|p2a: Magcargo|226/268\n|-ability|p2a: Magcargo|Weak Armor|boost\n|-unboost|p2a: Magcargo|def|1\n|-boost|p2a: Magcargo|spe|2\n|\n|t:|1782860443\n|switch|p1a: Sudowoodo|Sudowoodo, L94, F|284/284|[from] U-turn\n|\n|upkeep\n|turn|12\n|\n|t:|1782860457\n|switch|p2a: Avalugg|Avalugg-Hisui, L90, F|317/317\n|move|p1a: Sudowoodo|Head Smash|p2a: Avalugg\n|-supereffective|p2a: Avalugg\n|-ability|p2a: Avalugg|Sturdy\n|-damage|p2a: Avalugg|1/317\n|\n|upkeep\n|turn|13\n|\n|t:|1782860471\n|move|p2a: Avalugg|Body Press|p1a: Sudowoodo\n|-supereffective|p1a: Sudowoodo\n|-damage|p1a: Sudowoodo|120/284\n|move|p1a: Sudowoodo|Head Smash|p2a: Avalugg\n|-supereffective|p2a: Avalugg\n|-damage|p2a: Avalugg|0 fnt\n|faint|p2a: Avalugg\n|\n|upkeep\n|inactive|claydolconnoisseur has 120 seconds left.\n|\n|t:|1782860503\n|switch|p2a: Rotom|Rotom-Mow, L87|229/229\n|turn|14\n|\n|t:|1782860506\n|move|p2a: Rotom|Leaf Storm|p1a: Sudowoodo\n|-supereffective|p1a: Sudowoodo\n|-damage|p1a: Sudowoodo|0 fnt\n|-unboost|p2a: Rotom|spa|2\n|faint|p1a: Sudowoodo\n|\n|upkeep\n|\n|t:|1782860512\n|switch|p1a: Morpeko|Morpeko, L88, M|245/245\n|turn|15\n|\n|t:|1782860540\n|switch|p2a: Magcargo|Magcargo, L95, F|226/268\n|move|p1a: Morpeko|Knock Off|p2a: Magcargo\n|-damage|p2a: Magcargo|150/268\n|-ability|p2a: Magcargo|Weak Armor|boost\n|-unboost|p2a: Magcargo|def|1\n|-boost|p2a: Magcargo|spe|2\n|-enditem|p2a: Magcargo|Heavy-Duty Boots|[from] move: Knock Off|[of] p1a: Morpeko\n|\n|-formechange|p1a: Morpeko|Morpeko-Hangry||[from] ability: Hunger Switch\n|upkeep\n|turn|16\n|\n|t:|1782860551\n|move|p2a: Magcargo|Shell Smash|p2a: Magcargo\n|-unboost|p2a: Magcargo|def|1\n|-unboost|p2a: Magcargo|spd|1\n|-boost|p2a: Magcargo|atk|2\n|-boost|p2a: Magcargo|spa|2\n|-boost|p2a: Magcargo|spe|2\n|move|p1a: Morpeko|Aura Wheel|p2a: Magcargo\n|-damage|p2a: Magcargo|0 fnt\n|-boost|p1a: Morpeko|spe|1\n|faint|p2a: Magcargo\n|\n|-formechange|p1a: Morpeko|Morpeko||[from] ability: Hunger Switch\n|upkeep\n|\n|t:|1782860558\n|switch|p2a: Mimikyu|Mimikyu, L79, F|216/216\n|turn|17\n|\n|t:|1782860565\n|move|p1a: Morpeko|Knock Off|p2a: Mimikyu\n|-activate|p2a: Mimikyu|ability: Disguise\n|-damage|p2a: Mimikyu|216/216\n|-enditem|p2a: Mimikyu|Life Orb|[from] move: Knock Off|[of] p1a: Morpeko\n|detailschange|p2a: Mimikyu|Mimikyu-Busted, L79, F\n|-damage|p2a: Mimikyu|189/216|[from] pokemon: Mimikyu-Busted\n|move|p2a: Mimikyu|Play Rough|p1a: Morpeko\n|-supereffective|p1a: Morpeko\n|-crit|p1a: Morpeko\n|-damage|p1a: Morpeko|0 fnt\n|faint|p1a: Morpeko\n|\n|upkeep\n|\n|t:|1782860576\n|switch|p1a: Scizor|Scizor, L79, F|240/240\n|turn|18\n|\n|t:|1782860591\n|move|p1a: Scizor|Bullet Punch|p2a: Mimikyu\n|-supereffective|p2a: Mimikyu\n|-damage|p2a: Mimikyu|0 fnt\n|faint|p2a: Mimikyu\n|\n|upkeep\n|\n|t:|1782860595\n|switch|p2a: Rotom|Rotom-Mow, L87|229/229\n|turn|19\n|\n|t:|1782860599\n|-terastallize|p1a: Scizor|Steel\n|move|p1a: Scizor|Bullet Punch|p2a: Rotom\n|-resisted|p2a: Rotom\n|-damage|p2a: Rotom|168/229\n|move|p2a: Rotom|Thunderbolt|p1a: Scizor\n|-damage|p1a: Scizor|120/240\n|\n|upkeep\n|turn|20\n|\n|t:|1782860606\n|move|p1a: Scizor|Bullet Punch|p2a: Rotom\n|-resisted|p2a: Rotom\n|-damage|p2a: Rotom|103/229\n|move|p2a: Rotom|Thunderbolt|p1a: Scizor\n|-damage|p1a: Scizor|0 fnt\n|faint|p1a: Scizor\n|\n|win|claydolconnoisseur\n|raw|homiespirit's rating: 1272 &rarr; <strong>1247</strong><br />(-25 for losing)\n|raw|claydolconnoisseur's rating: 1274 &rarr; <strong>1299</strong><br />(+25 for winning)\n|c|\u2606homiespirit|gg\n|c|\u2606claydolconnoisseur|gg\n|l|\u2606homiespirit\n|player|p1|\n", "inputlog": ">version f8ac14003a5f27e1bdc8d8c59608a773c1cb96e5\n>start {\"formatid\":\"gen9randombattle\",\"seed\":\"sodium,9cbec3a2c0e76852d0c4e8a4a3940185\",\"rated\":\"Rated battle\"}\n>player p1 {\"name\":\"homiespirit\",\"avatar\":\"veteran\",\"rating\":1272,\"seed\":\"sodium,de6bf8fb100845665ab8020450d4c4d9\"}\n>player p2 {\"name\":\"claydolconnoisseur\",\"avatar\":\"burglar-gen1\",\"rating\":1274,\"seed\":\"sodium,dce9471b1f9714da7f17bf09e24c5700\"}\n>p1 move thunderwave\n>p2 move toxic\n>p1 move spacialrend\n>p2 move boomburst\n>p1 move hydropump\n>p2 move boomburst\n>p1 switch 4\n>p1 move aurawheel\n>p2 move toxic\n>p2 switch 3\n>p1 switch 5\n>p2 move earthquake\n>p1 move facade\n>p2 move swordsdance\n>p1 move facade\n>p2 move earthquake\n>p1 switch 2\n>p1 move earthquake\n>p2 move knockoff\n>p1 move earthquake\n>p2 move earthquake\n>p2 switch 2\n>p1 move rest\n>p2 move leafstorm\n>p1 switch 6\n>p1 move uturn\n>p2 switch 6\n>p1 switch 3\n>p1 move headsmash\n>p2 switch 4\n>p1 move headsmash\n>p2 move bodypress\n>p2 switch 6\n>p1 move headsmash\n>p2 move leafstorm\n>p1 switch 5\n>p1 move knockoff\n>p2 switch 4\n>p1 move aurawheel\n>p2 move shellsmash\n>p2 switch 5\n>p1 move knockoff\n>p2 move playrough\n>p1 switch 3\n>p1 move bulletpunch\n>p2 move swordsdance\n>p2 switch 4\n>p1 move bulletpunch terastallize\n>p2 move thunderbolt\n>p1 move bulletpunch\n>p2 move thunderbolt", "uploadtime": 1782860619, "views": 7, "formatid": "gen9randombattle", "rating": 1247, "private": 0, "password": null, "player_dets": [{"name": "homiespirit", "avatar": "veteran", "rating": 1272, "seed": "sodium,de6bf8fb100845665ab8020450d4c4d9"}, {"name": "claydolconnoisseur", "avatar": "burglar-gen1", "rating": 1274, "seed": "sodium,dce9471b1f9714da7f17bf09e24c5700"}], "teams_full": [{"Palkia": {"name": "Palkia", "species": "Palkia-Origin", "speciesId": "palkiaorigin", "gender": "N", "shiny": false, "level": 72, "moves": ["spacialrend", "hydropump", "fireblast", "thunderwave"], "ability": "Pressure", "evs": {"hp": 85, "atk": 0, "def": 85, "spa": 85, "spd": 85, "spe": 85}, "ivs": {"hp": 31, "atk": 0, "def": 31, "spa": 31, "spd": 31, "spe": 31}, "item": "Lustrous Globe", "teraType": "Fire", "role": "Bulky Attacker", "bvs": {"hp": 90, "atk": 100, "def": 100, "spa": 150, "spd": 120, "spe": 120}, "stats": {"hp": 249, "atk": 149, "def": 186, "spa": 258, "spd": 215, "spe": 215}, "types": ["Water", "Dragon"]}, "Sandaconda": {"name": "Sandaconda", "species": "Sandaconda", "speciesId": "sandaconda", "gender": "F", "shiny": false, "level": 84, "moves": ["stealthrock", "stoneedge", "earthquake", "rest"], "ability": "Shed Skin", "evs": {"hp": 85, "atk": 85, "def": 85, "spa": 85, "spd": 85, "spe": 85}, "ivs": {"hp": 31, "atk": 31, "def": 31, "spa": 31, "spd": 31, "spe": 31}, "item": "Leftovers", "teraType": "Dragon", "role": "Bulky Attacker", "bvs": {"hp": 72, "atk": 107, "def": 125, "spa": 65, "spd": 70, "spe": 71}, "stats": {"hp": 258, "atk": 228, "def": 258, "spa": 157, "spd": 166, "spe": 167}, "types": ["Ground"]}, "Sudowoodo": {"name": "Sudowoodo", "species": "Sudowoodo", "speciesId": "sudowoodo", "gender": "F", "shiny": false, "level": 94, "moves": ["headsmash", "suckerpunch", "earthquake", "woodhammer"], "ability": "Rock Head", "evs": {"hp": 85, "atk": 85, "def": 85, "spa": 85, "spd": 85, "spe": 85}, "ivs": {"hp": 31, "atk": 31, "def": 31, "spa": 31, "spd": 31, "spe": 31}, "item": "Choice Band", "teraType": "Rock", "role": "Bulky Attacker", "bvs": {"hp": 70, "atk": 100, "def": 115, "spa": 30, "spd": 65, "spe": 30}, "stats": {"hp": 284, "atk": 241, "def": 270, "spa": 110, "spd": 176, "spe": 110}, "types": ["Rock"]}, "Morpeko": {"name": "Morpeko", "species": "Morpeko", "speciesId": "morpeko", "gender": "M", "shiny": false, "level": 88, "moves": ["rapidspin", "knockoff", "protect", "aurawheel"], "ability": "Hunger Switch", "evs": {"hp": 85, "atk": 85, "def": 85, "spa": 85, "spd": 85, "spe": 85}, "ivs": {"hp": 31, "atk": 31, "def": 31, "spa": 31, "spd": 31, "spe": 31}, "item": "Leftovers", "teraType": "Electric", "role": "Bulky Attacker", "bvs": {"hp": 58, "atk": 95, "def": 58, "spa": 70, "spd": 58, "spe": 97}, "stats": {"hp": 245, "atk": 217, "def": 152, "spa": 173, "spd": 152, "spe": 221}, "types": ["Electric", "Dark"]}, "Conkeldurr": {"name": "Conkeldurr", "species": "Conkeldurr", "speciesId": "conkeldurr", "gender": "F", "shiny": false, "level": 80, "moves": ["machpunch", "knockoff", "facade", "closecombat"], "ability": "Guts", "evs": {"hp": 85, "atk": 85, "def": 85, "spa": 85, "spd": 85, "spe": 85}, "ivs": {"hp": 31, "atk": 31, "def": 31, "spa": 31, "spd": 31, "spe": 31}, "item": "Flame Orb", "teraType": "Normal", "role": "Wallbreaker", "bvs": {"hp": 105, "atk": 140, "def": 95, "spa": 55, "spd": 65, "spe": 45}, "stats": {"hp": 299, "atk": 270, "def": 198, "spa": 134, "spd": 150, "spe": 118}, "types": ["Fighting"]}, "Scizor": {"name": "Scizor", "species": "Scizor", "speciesId": "scizor", "gender": "F", "shiny": false, "level": 79, "moves": ["uturn", "knockoff", "bulletpunch", "closecombat"], "ability": "Technician", "evs": {"hp": 85, "atk": 85, "def": 85, "spa": 85, "spd": 85, "spe": 85}, "ivs": {"hp": 31, "atk": 31, "def": 31, "spa": 31, "spd": 31, "spe": 31}, "item": "Choice Band", "teraType": "Steel", "role": "Wallbreaker", "bvs": {"hp": 70, "atk": 130, "def": 100, "spa": 55, "spd": 80, "spe": 65}, "stats": {"hp": 240, "atk": 251, "def": 204, "spa": 132, "spd": 172, "spe": 148}, "types": ["Bug", "Steel"]}}, {"Dudunsparce": {"name": "Dudunsparce", "species": "Dudunsparce-Three-Segment", "speciesId": "dudunsparce", "gender": "F", "shiny": false, "level": 83, "moves": ["toxic", "roost", "boomburst", "earthquake"], "ability": "Rattled", "evs": {"hp": 85, "atk": 85, "def": 85, "spa": 85, "spd": 85, "spe": 85}, "ivs": {"hp": 31, "atk": 31, "def": 31, "spa": 31, "spd": 31, "spe": 31}, "item": "Leftovers", "teraType": "Ghost", "role": "Bulky Attacker", "bvs": {"hp": 125, "atk": 100, "def": 80, "spa": 85, "spd": 75, "spe": 55}, "stats": {"hp": 343, "atk": 214, "def": 180, "spa": 189, "spd": 172, "spe": 139}, "types": ["Normal"]}, "Rotom": {"name": "Rotom", "species": "Rotom-Mow", "speciesId": "rotommow", "gender": "N", "shiny": false, "level": 87, "moves": ["voltswitch", "trick", "thunderbolt", "leafstorm"], "ability": "Levitate", "evs": {"hp": 85, "atk": 0, "def": 85, "spa": 85, "spd": 85, "spe": 85}, "ivs": {"hp": 31, "atk": 0, "def": 31, "spa": 31, "spd": 31, "spe": 31}, "item": "Choice Scarf", "teraType": "Grass", "role": "Bulky Attacker", "bvs": {"hp": 50, "atk": 65, "def": 107, "spa": 105, "spd": 107, "spe": 86}, "stats": {"hp": 229, "atk": 118, "def": 236, "spa": 232, "spd": 236, "spe": 199}, "types": ["Electric", "Grass"]}, "Sandslash": {"name": "Sandslash", "species": "Sandslash", "speciesId": "sandslash", "gender": "F", "shiny": false, "level": 89, "moves": ["swordsdance", "rapidspin", "knockoff", "earthquake"], "ability": "Sand Rush", "evs": {"hp": 85, "atk": 85, "def": 85, "spa": 85, "spd": 85, "spe": 85}, "ivs": {"hp": 31, "atk": 31, "def": 31, "spa": 31, "spd": 31, "spe": 31}, "item": "Leftovers", "teraType": "Water", "role": "Bulky Support", "bvs": {"hp": 75, "atk": 100, "def": 110, "spa": 45, "spd": 55, "spe": 65}, "stats": {"hp": 278, "atk": 229, "def": 247, "spa": 131, "spd": 149, "spe": 166}, "types": ["Ground"]}, "Avalugg": {"name": "Avalugg", "species": "Avalugg-Hisui", "speciesId": "avalugghisui", "gender": "F", "shiny": false, "level": 90, "moves": ["avalanche", "recover", "stoneedge", "bodypress"], "ability": "Sturdy", "evs": {"hp": 85, "atk": 85, "def": 85, "spa": 85, "spd": 85, "spe": 85}, "ivs": {"hp": 31, "atk": 31, "def": 31, "spa": 31, "spd": 31, "spe": 31}, "item": "Heavy-Duty Boots", "teraType": "Poison", "role": "Bulky Attacker", "bvs": {"hp": 95, "atk": 127, "def": 184, "spa": 34, "spd": 36, "spe": 38}, "stats": {"hp": 317, "atk": 280, "def": 383, "spa": 113, "spd": 116, "spe": 120}, "types": ["Ice", "Rock"]}, "Mimikyu": {"name": "Mimikyu", "species": "Mimikyu", "speciesId": "mimikyu", "gender": "F", "shiny": false, "level": 79, "moves": ["drainpunch", "playrough", "swordsdance", "shadowsneak"], "ability": "Disguise", "evs": {"hp": 85, "atk": 85, "def": 85, "spa": 85, "spd": 85, "spe": 85}, "ivs": {"hp": 31, "atk": 31, "def": 31, "spa": 31, "spd": 31, "spe": 31}, "item": "Life Orb", "teraType": "Fighting", "role": "Setup Sweeper", "bvs": {"hp": 55, "atk": 90, "def": 80, "spa": 50, "spd": 105, "spe": 96}, "stats": {"hp": 216, "atk": 188, "def": 172, "spa": 125, "spd": 211, "spe": 197}, "types": ["Ghost", "Fairy"]}, "Magcargo": {"name": "Magcargo", "species": "Magcargo", "speciesId": "magcargo", "gender": "F", "shiny": false, "level": 95, "moves": ["fireblast", "earthpower", "shellsmash", "powergem"], "ability": "Weak Armor", "evs": {"hp": 85, "atk": 0, "def": 85, "spa": 85, "spd": 85, "spe": 85}, "ivs": {"hp": 31, "atk": 0, "def": 31, "spa": 31, "spd": 31, "spe": 31}, "item": "Heavy-Duty Boots", "teraType": "Grass", "role": "Setup Sweeper", "bvs": {"hp": 60, "atk": 50, "def": 120, "spa": 90, "spd": 80, "spe": 30}, "stats": {"hp": 268, "atk": 100, "def": 282, "spa": 225, "spd": 206, "spe": 111}, "types": ["Fire", "Rock"]}}]}