{"id": "gen9randombattle-2642128964", "format": "[Gen 9] Random Battle", "players": ["JadeBlade03", "Poulet1000"], "log": "|j|\u2606JadeBlade03\n|j|\u2606Poulet1000\n|t:|1782896173\n|gametype|singles\n|player|p1|JadeBlade03|102|1432\n|player|p2|Poulet1000|2|1482\n|gen|9\n|tier|[Gen 9] Random Battle\n|rated|\n|rule|Species Clause: Limit one of each Pok\u00e9mon\n|rule|HP Percentage Mod: HP is shown in percentages\n|rule|Sleep Clause Mod: Limit one foe put to sleep\n|rule|Illusion Level Mod: Illusion disguises the Pok\u00e9mon's true level\n|\n|t:|1782896173\n|teamsize|p1|6\n|teamsize|p2|6\n|start\n|switch|p1a: Meloetta|Meloetta, L82|298/298\n|switch|p2a: Enamorus|Enamorus-Therian, L83, F|259/259\n|turn|1\n|inactive|Battle timer is ON: inactive players will automatically lose when time's up. (requested by JadeBlade03)\n|\n|t:|1782896185\n|move|p1a: Meloetta|Relic Song|p2a: Enamorus\n|-damage|p2a: Enamorus|141/259\n|-status|p2a: Enamorus|slp|[from] move: Relic Song\n|-formechange|p1a: Meloetta|Meloetta-Pirouette|[msg]\n|-damage|p1a: Meloetta|269/298|[from] item: Life Orb\n|cant|p2a: Enamorus|slp\n|\n|upkeep\n|turn|2\n|\n|t:|1782896194\n|switch|p2a: Archaludon|Archaludon, L78, F|268/268\n|move|p1a: Meloetta|Triple Axel|p2a: Archaludon\n|-damage|p2a: Archaludon|250/268\n|-ability|p2a: Archaludon|Stamina|boost\n|-boost|p2a: Archaludon|def|1\n|-damage|p2a: Archaludon|227/268\n|-ability|p2a: Archaludon|Stamina|boost\n|-boost|p2a: Archaludon|def|1\n|-damage|p2a: Archaludon|201/268\n|-ability|p2a: Archaludon|Stamina|boost\n|-boost|p2a: Archaludon|def|1\n|-hitcount|p2a: Archaludon|3\n|-damage|p1a: Meloetta|240/298|[from] item: Life Orb\n|\n|-heal|p2a: Archaludon|217/268|[from] item: Leftovers\n|upkeep\n|turn|3\n|\n|t:|1782896205\n|switch|p1a: Gengar|Gengar, L81, M|230/230\n|move|p2a: Archaludon|Body Press|p1a: Gengar\n|-immune|p1a: Gengar\n|\n|-heal|p2a: Archaludon|233/268|[from] item: Leftovers\n|upkeep\n|turn|4\n|\n|t:|1782896217\n|switch|p2a: Okidogi|Okidogi, L77, M|262/262\n|move|p1a: Gengar|Shadow Ball|p2a: Okidogi\n|-damage|p2a: Okidogi|175/262\n|-damage|p1a: Gengar|207/230|[from] item: Life Orb\n|\n|upkeep\n|turn|5\n|\n|t:|1782896234\n|switch|p1a: Hydreigon|Hydreigon, L79, M|275/275\n|move|p2a: Okidogi|Knock Off|p1a: Hydreigon\n|-resisted|p1a: Hydreigon\n|-damage|p1a: Hydreigon|240/275\n|-enditem|p1a: Hydreigon|Choice Specs|[from] move: Knock Off|[of] p2a: Okidogi\n|\n|upkeep\n|turn|6\n|\n|t:|1782896244\n|move|p1a: Hydreigon|Draco Meteor|p2a: Okidogi\n|-crit|p2a: Okidogi\n|-damage|p2a: Okidogi|0 fnt\n|-unboost|p1a: Hydreigon|spa|2\n|faint|p2a: Okidogi\n|\n|upkeep\n|\n|t:|1782896257\n|switch|p2a: Furret|Furret, L94, F|312/312\n|turn|7\n|\n|t:|1782896266\n|move|p2a: Furret|Tidy Up|p2a: Furret\n|-boost|p2a: Furret|atk|1\n|-boost|p2a: Furret|spe|1\n|move|p1a: Hydreigon|Dark Pulse|p2a: Furret\n|-damage|p2a: Furret|251/312\n|\n|upkeep\n|turn|8\n|\n|t:|1782896274\n|switch|p1a: Infernape|Infernape, L82, F|259/259\n|move|p2a: Furret|Tidy Up|p2a: Furret\n|-boost|p2a: Furret|atk|1\n|-boost|p2a: Furret|spe|1\n|\n|upkeep\n|turn|9\n|\n|t:|1782896278\n|move|p1a: Infernape|Mach Punch|p2a: Furret\n|-supereffective|p2a: Furret\n|-damage|p2a: Furret|89/312\n|move|p2a: Furret|Double-Edge|p1a: Infernape\n|-damage|p1a: Infernape|0 fnt\n|faint|p1a: Infernape\n|-damage|p2a: Furret|4/312|[from] Recoil\n|-damage|p2a: Furret|0 fnt|[from] item: Life Orb\n|faint|p2a: Furret\n|\n|upkeep\n|\n|t:|1782896290\n|switch|p1a: Gengar|Gengar, L81, M|207/230\n|switch|p2a: Cramorant|Cramorant, L86, M|261/261\n|turn|10\n|\n|t:|1782896295\n|switch|p1a: Hydreigon|Hydreigon, L79, M|240/275\n|move|p2a: Cramorant|Brave Bird|p1a: Hydreigon\n|-damage|p1a: Hydreigon|111/275\n|-damage|p2a: Cramorant|218/261|[from] Recoil\n|\n|upkeep\n|turn|11\n|\n|t:|1782896300\n|move|p1a: Hydreigon|Draco Meteor|p2a: Cramorant\n|-damage|p2a: Cramorant|83/261\n|-unboost|p1a: Hydreigon|spa|2\n|move|p2a: Cramorant|Roost|p2a: Cramorant\n|-heal|p2a: Cramorant|214/261\n|-singleturn|p2a: Cramorant|move: Roost\n|\n|upkeep\n|turn|12\n|\n|t:|1782896308\n|move|p1a: Hydreigon|Dark Pulse|p2a: Cramorant\n|-damage|p2a: Cramorant|169/261\n|move|p2a: Cramorant|Brave Bird|p1a: Hydreigon\n|-damage|p1a: Hydreigon|0 fnt\n|faint|p1a: Hydreigon\n|-damage|p2a: Cramorant|132/261|[from] Recoil\n|\n|upkeep\n|\n|t:|1782896329\n|switch|p1a: Dragonite|Dragonite, L74, F|257/257\n|turn|13\n|\n|t:|1782896339\n|move|p2a: Cramorant|Surf|p1a: Dragonite\n|-formechange|p2a: Cramorant|Cramorant-Gulping|\n|-resisted|p1a: Dragonite\n|-damage|p1a: Dragonite|233/257\n|move|p1a: Dragonite|Dragon Dance|p1a: Dragonite\n|-boost|p1a: Dragonite|atk|1\n|-boost|p1a: Dragonite|spe|1\n|\n|upkeep\n|turn|14\n|\n|t:|1782896346\n|move|p1a: Dragonite|Dragon Dance|p1a: Dragonite\n|-boost|p1a: Dragonite|atk|1\n|-boost|p1a: Dragonite|spe|1\n|move|p2a: Cramorant|Brave Bird|p1a: Dragonite\n|-damage|p1a: Dragonite|103/257\n|-damage|p2a: Cramorant|89/261|[from] Recoil\n|\n|upkeep\n|turn|15\n|\n|t:|1782896357\n|move|p1a: Dragonite|Outrage|p2a: Cramorant\n|-damage|p2a: Cramorant|0 fnt\n|-damage|p1a: Dragonite|39/257|[from] ability: Gulp Missile|[of] p2a: Cramorant\n|-unboost|p1a: Dragonite|def|1\n|-formechange|p2a: Cramorant|Cramorant|\n|faint|p2a: Cramorant\n|\n|upkeep\n|\n|t:|1782896360\n|switch|p2a: Enamorus|Enamorus-Therian, L83, F|141/259 slp\n|turn|16\n|\n|t:|1782896365\n|move|p1a: Dragonite|Outrage|p2a: Enamorus|[from] lockedmove\n|-immune|p2a: Enamorus\n|cant|p2a: Enamorus|slp\n|\n|upkeep\n|turn|17\n|\n|t:|1782896370\n|-terastallize|p1a: Dragonite|Flying\n|move|p1a: Dragonite|Tera Blast|p2a: Enamorus|[anim] Tera Blast Flying\n|-damage|p2a: Enamorus|0 fnt\n|faint|p2a: Enamorus\n|\n|upkeep\n|\n|t:|1782896386\n|switch|p2a: Lucario|Lucario, L84, F|255/255\n|turn|18\n|\n|t:|1782896390\n|-terastallize|p2a: Lucario|Fighting\n|move|p2a: Lucario|Vacuum Wave|p1a: Dragonite\n|-resisted|p1a: Dragonite\n|-damage|p1a: Dragonite|0 fnt\n|faint|p1a: Dragonite\n|-damage|p2a: Lucario|230/255|[from] item: Life Orb\n|\n|upkeep\n|\n|t:|1782896397\n|switch|p1a: Gengar|Gengar, L81, M|207/230\n|turn|19\n|\n|t:|1782896402\n|move|p1a: Gengar|Encore|p2a: Lucario\n|-start|p2a: Lucario|Encore\n|move|p2a: Lucario|Vacuum Wave|p1a: Gengar\n|-immune|p1a: Gengar\n|\n|upkeep\n|turn|20\n|\n|t:|1782896406\n|switch|p2a: Archaludon|Archaludon, L78, F|233/268\n|move|p1a: Gengar|Shadow Ball|p2a: Archaludon\n|-damage|p2a: Archaludon|50/268\n|-ability|p2a: Archaludon|Stamina|boost\n|-boost|p2a: Archaludon|def|1\n|-damage|p1a: Gengar|184/230|[from] item: Life Orb\n|\n|-heal|p2a: Archaludon|66/268|[from] item: Leftovers\n|upkeep\n|turn|21\n|\n|t:|1782896413\n|move|p1a: Gengar|Shadow Ball|p2a: Archaludon\n|-damage|p2a: Archaludon|0 fnt\n|faint|p2a: Archaludon\n|-damage|p1a: Gengar|161/230|[from] item: Life Orb\n|\n|upkeep\n|-message|Poulet1000 forfeited.\n|\n|win|JadeBlade03\n|raw|JadeBlade03's rating: 1432 &rarr; <strong>1455</strong><br />(+23 for winning)\n|raw|Poulet1000's rating: 1482 &rarr; <strong>1459</strong><br />(-23 for losing)\n|l|\u2606Poulet1000\n|player|p2|\n|l|\u2606JadeBlade03\n|player|p1|\n|j|\u2606JadeBlade03\n|player|p1|JadeBlade03|102|\n", "inputlog": ">version f8ac14003a5f27e1bdc8d8c59608a773c1cb96e5\n>start {\"formatid\":\"gen9randombattle\",\"seed\":\"sodium,c4281345ac474d4bdd9c648c5a61021f\",\"rated\":\"Rated battle\"}\n>player p1 {\"name\":\"JadeBlade03\",\"avatar\":\"102\",\"rating\":1432,\"seed\":\"sodium,5a6ecec1ab4395713d901d1d6ae5c4cb\"}\n>player p2 {\"name\":\"Poulet1000\",\"avatar\":\"2\",\"rating\":1482,\"seed\":\"sodium,c8490de416489967fdc54bb89776e6e7\"}\n>p1 move relicsong\n>p2 move moonblast\n>p1 move tripleaxel\n>p2 switch 4\n>p1 switch 2\n>p2 move bodypress\n>p1 move shadowball\n>p2 switch 3\n>p1 switch 5\n>p2 move knockoff\n>p1 move dracometeor\n>p2 move drainpunch\n>p2 switch 6\n>p1 move darkpulse\n>p2 move tidyup\n>p1 switch 6\n>p2 move tidyup\n>p1 move machpunch\n>p2 move doubleedge\n>p1 switch 5\n>p2 switch 2\n>p1 switch 6\n>p2 move bravebird\n>p1 move dracometeor\n>p2 move roost\n>p1 move darkpulse\n>p2 move bravebird\n>p1 switch 3\n>p1 move dragondance\n>p2 move surf\n>p1 move dragondance\n>p2 move bravebird\n>p1 move outrage\n>p2 move bravebird\n>p2 switch 4\n>p1 move outrage\n>p2 move moonblast\n>p1 move terablast terastallize\n>p2 move moonblast\n>p2 switch 5\n>p1 move earthquake\n>p2 move vacuumwave terastallize\n>p1 switch 6\n>p1 move encore\n>p2 move flashcannon\n>p1 move shadowball\n>p2 switch 3\n>p1 move shadowball\n>p2 move flashcannon\n>forcelose p2", "uploadtime": 1782896743, "views": 6, "formatid": "gen9randombattle", "rating": 1455, "private": 0, "password": null, "player_dets": [{"name": "JadeBlade03", "avatar": "102", "rating": 1432, "seed": "sodium,5a6ecec1ab4395713d901d1d6ae5c4cb"}, {"name": "Poulet1000", "avatar": "2", "rating": 1482, "seed": "sodium,c8490de416489967fdc54bb89776e6e7"}], "teams_full": [{"Meloetta": {"name": "Meloetta", "species": "Meloetta", "speciesId": "meloetta", "gender": "N", "shiny": false, "level": 82, "moves": ["relicsong", "tripleaxel", "closecombat", "knockoff"], "ability": "Serene Grace", "evs": {"hp": 85, "atk": 85, "def": 85, "spa": 85, "spd": 85, "spe": 85}, "ivs": {"hp": 31, "atk": 31, "def": 31, "spa": 31, "spd": 31, "spe": 31}, "item": "Life Orb", "teraType": "Fighting", "role": "Wallbreaker", "bvs": {"hp": 100, "atk": 77, "def": 77, "spa": 128, "spd": 128, "spe": 90}, "stats": {"hp": 298, "atk": 173, "def": 173, "spa": 257, "spd": 257, "spe": 195}, "types": ["Normal", "Psychic"]}, "Gengar": {"name": "Gengar", "species": "Gengar", "speciesId": "gengar", "gender": "M", "shiny": false, "level": 81, "moves": ["toxicspikes", "sludgewave", "encore", "shadowball"], "ability": "Cursed Body", "evs": {"hp": 85, "atk": 0, "def": 85, "spa": 85, "spd": 85, "spe": 85}, "ivs": {"hp": 31, "atk": 0, "def": 31, "spa": 31, "spd": 31, "spe": 31}, "item": "Life Orb", "teraType": "Dark", "role": "Fast Attacker", "bvs": {"hp": 60, "atk": 65, "def": 60, "spa": 130, "spd": 75, "spe": 110}, "stats": {"hp": 230, "atk": 110, "def": 144, "spa": 257, "spd": 168, "spe": 225}, "types": ["Ghost", "Poison"]}, "Dragonite": {"name": "Dragonite", "species": "Dragonite", "speciesId": "dragonite", "gender": "F", "shiny": false, "level": 74, "moves": ["earthquake", "dragondance", "outrage", "terablast"], "ability": "Multiscale", "evs": {"hp": 85, "atk": 85, "def": 85, "spa": 85, "spd": 85, "spe": 85}, "ivs": {"hp": 31, "atk": 31, "def": 31, "spa": 31, "spd": 31, "spe": 31}, "item": "Heavy-Duty Boots", "teraType": "Flying", "role": "Tera Blast user", "bvs": {"hp": 91, "atk": 134, "def": 95, "spa": 100, "spd": 100, "spe": 80}, "stats": {"hp": 257, "atk": 241, "def": 184, "spa": 191, "spd": 191, "spe": 161}, "types": ["Dragon", "Flying"]}, "Leavanny": {"name": "Leavanny", "species": "Leavanny", "speciesId": "leavanny", "gender": "F", "shiny": false, "level": 86, "moves": ["stickyweb", "knockoff", "lunge", "leafblade"], "ability": "Swarm", "evs": {"hp": 85, "atk": 85, "def": 85, "spa": 85, "spd": 85, "spe": 85}, "ivs": {"hp": 31, "atk": 31, "def": 31, "spa": 31, "spd": 31, "spe": 31}, "item": "Heavy-Duty Boots", "teraType": "Rock", "role": "Fast Support", "bvs": {"hp": 75, "atk": 103, "def": 80, "spa": 70, "spd": 80, "spe": 92}, "stats": {"hp": 269, "atk": 226, "def": 187, "spa": 170, "spd": 187, "spe": 207}, "types": ["Bug", "Grass"]}, "Hydreigon": {"name": "Hydreigon", "species": "Hydreigon", "speciesId": "hydreigon", "gender": "M", "shiny": false, "level": 79, "moves": ["flashcannon", "fireblast", "dracometeor", "darkpulse"], "ability": "Levitate", "evs": {"hp": 85, "atk": 0, "def": 85, "spa": 85, "spd": 85, "spe": 85}, "ivs": {"hp": 31, "atk": 0, "def": 31, "spa": 31, "spd": 31, "spe": 31}, "item": "Choice Specs", "teraType": "Fire", "role": "Fast Attacker", "bvs": {"hp": 92, "atk": 105, "def": 90, "spa": 125, "spd": 90, "spe": 98}, "stats": {"hp": 275, "atk": 170, "def": 188, "spa": 243, "spd": 188, "spe": 200}, "types": ["Dark", "Dragon"]}, "Infernape": {"name": "Infernape", "species": "Infernape", "speciesId": "infernape", "gender": "F", "shiny": false, "level": 82, "moves": ["closecombat", "machpunch", "gunkshot", "flareblitz"], "ability": "Iron Fist", "evs": {"hp": 85, "atk": 85, "def": 85, "spa": 85, "spd": 85, "spe": 85}, "ivs": {"hp": 31, "atk": 31, "def": 31, "spa": 31, "spd": 31, "spe": 31}, "item": "Choice Band", "teraType": "Fire", "role": "Fast Support", "bvs": {"hp": 76, "atk": 104, "def": 71, "spa": 104, "spd": 71, "spe": 108}, "stats": {"hp": 259, "atk": 218, "def": 164, "spa": 218, "spd": 164, "spe": 224}, "types": ["Fire", "Fighting"]}}, {"Enamorus": {"name": "Enamorus", "species": "Enamorus-Therian", "speciesId": "enamorustherian", "gender": "F", "shiny": false, "level": 83, "moves": ["moonblast", "psychic", "earthpower", "mysticalfire"], "ability": "Overcoat", "evs": {"hp": 85, "atk": 0, "def": 85, "spa": 85, "spd": 85, "spe": 85}, "ivs": {"hp": 31, "atk": 0, "def": 31, "spa": 31, "spd": 31, "spe": 31}, "item": "Choice Specs", "teraType": "Fairy", "role": "Bulky Attacker", "bvs": {"hp": 74, "atk": 115, "def": 110, "spa": 135, "spd": 100, "spe": 46}, "stats": {"hp": 259, "atk": 195, "def": 230, "spa": 272, "spd": 214, "spe": 124}, "types": ["Fairy", "Flying"]}, "Cramorant": {"name": "Cramorant", "species": "Cramorant", "speciesId": "cramorant", "gender": "M", "shiny": false, "level": 86, "moves": ["surf", "roost", "bravebird", "defog"], "ability": "Gulp Missile", "evs": {"hp": 85, "atk": 85, "def": 85, "spa": 85, "spd": 85, "spe": 85}, "ivs": {"hp": 31, "atk": 31, "def": 31, "spa": 31, "spd": 31, "spe": 31}, "item": "Heavy-Duty Boots", "teraType": "Ground", "role": "Bulky Support", "bvs": {"hp": 70, "atk": 85, "def": 55, "spa": 85, "spd": 95, "spe": 85}, "stats": {"hp": 261, "atk": 195, "def": 144, "spa": 195, "spd": 213, "spe": 195}, "types": ["Flying", "Water"]}, "Okidogi": {"name": "Okidogi", "species": "Okidogi", "speciesId": "okidogi", "gender": "M", "shiny": false, "level": 77, "moves": ["drainpunch", "knockoff", "highhorsepower", "gunkshot"], "ability": "Toxic Chain", "evs": {"hp": 85, "atk": 85, "def": 85, "spa": 85, "spd": 85, "spe": 85}, "ivs": {"hp": 31, "atk": 31, "def": 31, "spa": 31, "spd": 31, "spe": 31}, "item": "Assault Vest", "teraType": "Dark", "role": "AV Pivot", "bvs": {"hp": 88, "atk": 128, "def": 115, "spa": 58, "spd": 86, "spe": 80}, "stats": {"hp": 262, "atk": 242, "def": 222, "spa": 134, "spd": 177, "spe": 168}, "types": ["Poison", "Fighting"]}, "Archaludon": {"name": "Archaludon", "species": "Archaludon", "speciesId": "archaludon", "gender": "F", "shiny": false, "level": 78, "moves": ["dracometeor", "thunderwave", "flashcannon", "bodypress"], "ability": "Stamina", "evs": {"hp": 85, "atk": 0, "def": 85, "spa": 85, "spd": 85, "spe": 85}, "ivs": {"hp": 31, "atk": 0, "def": 31, "spa": 31, "spd": 31, "spe": 31}, "item": "Leftovers", "teraType": "Fighting", "role": "Bulky Attacker", "bvs": {"hp": 90, "atk": 105, "def": 130, "spa": 125, "spd": 65, "spe": 85}, "stats": {"hp": 268, "atk": 168, "def": 248, "spa": 240, "spd": 146, "spe": 178}, "types": ["Steel", "Dragon"]}, "Lucario": {"name": "Lucario", "species": "Lucario", "speciesId": "lucario", "gender": "F", "shiny": false, "level": 84, "moves": ["vacuumwave", "nastyplot", "focusblast", "flashcannon"], "ability": "Inner Focus", "evs": {"hp": 85, "atk": 0, "def": 85, "spa": 85, "spd": 85, "spe": 85}, "ivs": {"hp": 31, "atk": 0, "def": 31, "spa": 31, "spd": 31, "spe": 31}, "item": "Life Orb", "teraType": "Fighting", "role": "Setup Sweeper", "bvs": {"hp": 70, "atk": 110, "def": 70, "spa": 115, "spd": 70, "spe": 90}, "stats": {"hp": 255, "atk": 189, "def": 166, "spa": 241, "spd": 166, "spe": 199}, "types": ["Fighting", "Steel"]}, "Furret": {"name": "Furret", "species": "Furret", "speciesId": "furret", "gender": "F", "shiny": false, "level": 94, "moves": ["brickbreak", "tidyup", "knockoff", "doubleedge"], "ability": "Frisk", "evs": {"hp": 85, "atk": 85, "def": 85, "spa": 85, "spd": 85, "spe": 85}, "ivs": {"hp": 31, "atk": 31, "def": 31, "spa": 31, "spd": 31, "spe": 31}, "item": "Life Orb", "teraType": "Normal", "role": "Setup Sweeper", "bvs": {"hp": 85, "atk": 76, "def": 64, "spa": 45, "spd": 55, "spe": 90}, "stats": {"hp": 312, "atk": 196, "def": 174, "spa": 138, "spd": 157, "spe": 223}, "types": ["Normal"]}}]}