{"id": "gen9randombattle-2642017000", "format": "[Gen 9] Random Battle", "players": ["Porygon Zzium Z", "mimikyu11111"], "log": "|j|\u2606Porygon Zzium Z\n|j|\u203dmimikyu11111\n|t:|1782873876\n|gametype|singles\n|player|p1|Porygon Zzium Z|2|2011\n|player|p2|mimikyu11111|rocketgrunt|2101\n|gen|9\n|tier|[Gen 9] Random Battle\n|rated|\n|rule|Species Clause: Limit one of each Pok\u00e9mon\n|rule|HP Percentage Mod: HP is shown in percentages\n|rule|Sleep Clause Mod: Limit one foe put to sleep\n|rule|Illusion Level Mod: Illusion disguises the Pok\u00e9mon's true level\n|\n|t:|1782873876\n|teamsize|p1|6\n|teamsize|p2|6\n|start\n|switch|p1a: Tornadus|Tornadus-Therian, L79, M|254/254\n|switch|p2a: Incineroar|Incineroar, L82, F|290/290\n|-ability|p2a: Incineroar|Intimidate|boost\n|-unboost|p1a: Tornadus|atk|1\n|turn|1\n|inactive|Battle timer is ON: inactive players will automatically lose when time's up. (requested by Porygon Zzium Z)\n|\n|t:|1782873890\n|switch|p2a: Pincurchin|Pincurchin, F|258/258\n|-fieldstart|move: Electric Terrain|[from] ability: Electric Surge|[of] p2a: Pincurchin\n|move|p1a: Tornadus|U-turn|p2a: Pincurchin\n|-damage|p2a: Pincurchin|233/258\n|\n|t:|1782873894\n|switch|p1a: Shiftry|Shiftry, L89, M|305/305|[from] U-turn\n|\n|-heal|p2a: Pincurchin|249/258|[from] item: Leftovers\n|upkeep\n|turn|2\n|\n|t:|1782873900\n|move|p1a: Shiftry|Tailwind|p1a: Shiftry\n|-sidestart|p1: Porygon Zzium Z|move: Tailwind\n|-ability|p1a: Shiftry|Wind Rider|boost\n|-boost|p1a: Shiftry|atk|1\n|move|p2a: Pincurchin|Curse|p2a: Pincurchin\n|-unboost|p2a: Pincurchin|spe|1\n|-boost|p2a: Pincurchin|atk|1\n|-boost|p2a: Pincurchin|def|1\n|\n|-heal|p2a: Pincurchin|258/258|[from] item: Leftovers\n|upkeep\n|turn|3\n|\n|t:|1782873906\n|move|p1a: Shiftry|Knock Off|p2a: Pincurchin\n|-crit|p2a: Pincurchin\n|-damage|p2a: Pincurchin|0 fnt\n|-enditem|p2a: Pincurchin|Leftovers|[from] move: Knock Off|[of] p1a: Shiftry\n|faint|p2a: Pincurchin\n|-damage|p1a: Shiftry|275/305|[from] item: Life Orb\n|\n|upkeep\n|\n|t:|1782873909\n|switch|p2a: Incineroar|Incineroar, L82, F|290/290\n|-ability|p2a: Incineroar|Intimidate|boost\n|-unboost|p1a: Shiftry|atk|1\n|turn|4\n|\n|t:|1782873912\n|move|p1a: Shiftry|Low Kick|p2a: Incineroar\n|-supereffective|p2a: Incineroar\n|-damage|p2a: Incineroar|118/290\n|-damage|p1a: Shiftry|245/305|[from] item: Life Orb\n|move|p2a: Incineroar|Flare Blitz|p1a: Shiftry\n|-supereffective|p1a: Shiftry\n|-damage|p1a: Shiftry|0 fnt\n|faint|p1a: Shiftry\n|-damage|p2a: Incineroar|37/290|[from] Recoil\n|\n|upkeep\n|\n|t:|1782873915\n|switch|p1a: Tornadus|Tornadus-Therian, L79, M|254/254\n|turn|5\n|\n|t:|1782873921\n|move|p1a: Tornadus|Bleakwind Storm|p2a: Incineroar\n|-damage|p2a: Incineroar|0 fnt\n|faint|p2a: Incineroar\n|\n|-sideend|p1: Porygon Zzium Z|move: Tailwind\n|-fieldend|move: Electric Terrain\n|upkeep\n|\n|t:|1782873923\n|switch|p2a: Mamoswine|Mamoswine, L81, M|311/311\n|turn|6\n|\n|t:|1782873928\n|move|p1a: Tornadus|U-turn|p2a: Mamoswine\n|-damage|p2a: Mamoswine|264/311\n|\n|t:|1782873931\n|switch|p1a: Samurott|Samurott, L88, M|310/310|[from] U-turn\n|move|p2a: Mamoswine|Knock Off|p1a: Samurott\n|-damage|p1a: Samurott|182/310\n|-enditem|p1a: Samurott|Assault Vest|[from] move: Knock Off|[of] p2a: Mamoswine\n|\n|upkeep\n|turn|7\n|\n|t:|1782873936\n|switch|p2a: Kingdra|Kingdra, L84, F|263/263\n|move|p1a: Samurott|Grass Knot|p2a: Kingdra\n|-damage|p2a: Kingdra|176/263\n|\n|upkeep\n|turn|8\n|\n|t:|1782873940\n|move|p2a: Kingdra|Dragon Dance|p2a: Kingdra\n|-boost|p2a: Kingdra|atk|1\n|-boost|p2a: Kingdra|spe|1\n|move|p1a: Samurott|Ice Beam|p2a: Kingdra\n|-damage|p2a: Kingdra|109/263\n|\n|upkeep\n|turn|9\n|\n|t:|1782873944\n|move|p2a: Kingdra|Outrage|p1a: Samurott\n|-damage|p1a: Samurott|0 fnt\n|faint|p1a: Samurott\n|\n|upkeep\n|\n|t:|1782873948\n|switch|p1a: Bastiodon|Bastiodon, L89, M|252/252\n|turn|10\n|\n|t:|1782873950\n|move|p2a: Kingdra|Outrage|p1a: Bastiodon|[from] lockedmove\n|-resisted|p1a: Bastiodon\n|-damage|p1a: Bastiodon|196/252\n|move|p1a: Bastiodon|Iron Defense|p1a: Bastiodon\n|-boost|p1a: Bastiodon|def|2\n|\n|upkeep\n|turn|11\n|\n|t:|1782873957\n|move|p2a: Kingdra|Outrage|p1a: Bastiodon|[from] lockedmove\n|-resisted|p1a: Bastiodon\n|-damage|p1a: Bastiodon|169/252\n|-start|p2a: Kingdra|confusion|[fatigue]\n|-enditem|p2a: Kingdra|Lum Berry|[eat]\n|-end|p2a: Kingdra|confusion\n|move|p1a: Bastiodon|Iron Defense|p1a: Bastiodon\n|-boost|p1a: Bastiodon|def|2\n|\n|upkeep\n|turn|12\n|\n|t:|1782873961\n|move|p2a: Kingdra|Wave Crash|p1a: Bastiodon\n|-supereffective|p1a: Bastiodon\n|-damage|p1a: Bastiodon|101/252\n|-damage|p2a: Kingdra|87/263|[from] Recoil\n|move|p1a: Bastiodon|Body Press|p2a: Kingdra\n|-damage|p2a: Kingdra|0 fnt\n|faint|p2a: Kingdra\n|\n|upkeep\n|\n|t:|1782873964\n|switch|p2a: Polteageist|Polteageist-Antique, L78|222/222\n|turn|13\n|\n|t:|1782873972\n|move|p2a: Polteageist|Shell Smash|p2a: Polteageist\n|-unboost|p2a: Polteageist|def|1\n|-unboost|p2a: Polteageist|spd|1\n|-boost|p2a: Polteageist|atk|2\n|-boost|p2a: Polteageist|spa|2\n|-boost|p2a: Polteageist|spe|2\n|-enditem|p2a: Polteageist|White Herb\n|-clearnegativeboost|p2a: Polteageist|[silent]\n|move|p1a: Bastiodon|Rest|p1a: Bastiodon\n|-status|p1a: Bastiodon|slp|[from] move: Rest\n|-heal|p1a: Bastiodon|252/252 slp|[silent]\n|-enditem|p1a: Bastiodon|Chesto Berry|[eat]\n|-curestatus|p1a: Bastiodon|slp|[msg]\n|\n|upkeep\n|turn|14\n|\n|t:|1782873987\n|-terastallize|p1a: Bastiodon|Fighting\n|move|p2a: Polteageist|Shadow Ball|p1a: Bastiodon\n|-damage|p1a: Bastiodon|120/252\n|move|p1a: Bastiodon|Foul Play|p2a: Polteageist\n|-supereffective|p2a: Polteageist\n|-damage|p2a: Polteageist|28/222\n|\n|upkeep\n|turn|15\n|\n|t:|1782873994\n|move|p2a: Polteageist|Stored Power|p1a: Bastiodon\n|-supereffective|p1a: Bastiodon\n|-damage|p1a: Bastiodon|0 fnt\n|faint|p1a: Bastiodon\n|\n|upkeep\n|\n|t:|1782873997\n|switch|p1a: Mandibuzz|Mandibuzz, L85, F|326/326\n|turn|16\n|\n|t:|1782874005\n|move|p2a: Polteageist|Tera Blast|p1a: Mandibuzz\n|-damage|p1a: Mandibuzz|197/326\n|move|p1a: Mandibuzz|Foul Play|p2a: Polteageist\n|-supereffective|p2a: Polteageist\n|-damage|p2a: Polteageist|0 fnt\n|-start|p1a: Mandibuzz|Disable|Foul Play|[from] ability: Cursed Body|[of] p2a: Polteageist\n|faint|p2a: Polteageist\n|\n|upkeep\n|\n|t:|1782874007\n|switch|p2a: Mamoswine|Mamoswine, L81, M|264/311\n|turn|17\n|\n|t:|1782874012\n|move|p1a: Mandibuzz|Roost|p1a: Mandibuzz\n|-heal|p1a: Mandibuzz|326/326\n|-singleturn|p1a: Mandibuzz|move: Roost\n|move|p2a: Mamoswine|Icicle Crash|p1a: Mandibuzz\n|-damage|p1a: Mandibuzz|194/326\n|\n|upkeep\n|turn|18\n|\n|t:|1782874019\n|move|p1a: Mandibuzz|Roost|p1a: Mandibuzz\n|-heal|p1a: Mandibuzz|326/326\n|-singleturn|p1a: Mandibuzz|move: Roost\n|move|p2a: Mamoswine|Icicle Crash|p1a: Mandibuzz\n|-damage|p1a: Mandibuzz|187/326\n|\n|upkeep\n|turn|19\n|\n|t:|1782874026\n|move|p1a: Mandibuzz|Roost|p1a: Mandibuzz\n|-heal|p1a: Mandibuzz|326/326\n|-singleturn|p1a: Mandibuzz|move: Roost\n|move|p2a: Mamoswine|Icicle Crash|p1a: Mandibuzz\n|-damage|p1a: Mandibuzz|179/326\n|\n|-end|p1a: Mandibuzz|Disable\n|upkeep\n|turn|20\n|\n|t:|1782874032\n|move|p1a: Mandibuzz|Foul Play|p2a: Mamoswine\n|-damage|p2a: Mamoswine|132/311\n|move|p2a: Mamoswine|Icicle Crash|p1a: Mandibuzz\n|-supereffective|p1a: Mandibuzz\n|-damage|p1a: Mandibuzz|0 fnt\n|faint|p1a: Mandibuzz\n|\n|upkeep\n|\n|t:|1782874035\n|switch|p1a: Mienshao|Mienshao, L83, F|244/244\n|turn|21\n|\n|t:|1782874041\n|move|p1a: Mienshao|Close Combat|p2a: Mamoswine\n|-supereffective|p2a: Mamoswine\n|-damage|p2a: Mamoswine|0 fnt\n|-unboost|p1a: Mienshao|def|1\n|-unboost|p1a: Mienshao|spd|1\n|faint|p2a: Mamoswine\n|-damage|p1a: Mienshao|220/244|[from] item: Life Orb\n|\n|upkeep\n|\n|t:|1782874043\n|switch|p2a: Urshifu|Urshifu, L74, M|270/270\n|turn|22\n|\n|t:|1782874053\n|-terastallize|p2a: Urshifu|Poison\n|move|p1a: Mienshao|Close Combat|p2a: Urshifu\n|-resisted|p2a: Urshifu\n|-damage|p2a: Urshifu|173/270\n|-unboost|p1a: Mienshao|def|1\n|-unboost|p1a: Mienshao|spd|1\n|-damage|p1a: Mienshao|196/244|[from] item: Life Orb\n|move|p2a: Urshifu|Poison Jab|p1a: Mienshao\n|-damage|p1a: Mienshao|0 fnt\n|faint|p1a: Mienshao\n|-damage|p2a: Urshifu|146/270|[from] item: Life Orb\n|\n|upkeep\n|\n|t:|1782874055\n|switch|p1a: Tornadus|Tornadus-Therian, L79, M|254/254\n|turn|23\n|\n|t:|1782874060\n|move|p1a: Tornadus|Bleakwind Storm|p2a: Urshifu\n|-damage|p2a: Urshifu|0 fnt\n|faint|p2a: Urshifu\n|\n|win|Porygon Zzium Z\n|raw|Porygon Zzium Z's rating: 2011 &rarr; <strong>2036</strong><br />(+25 for winning)\n|raw|mimikyu11111's rating: 2101 &rarr; <strong>2076</strong><br />(-25 for losing)\n", "inputlog": ">version f8ac14003a5f27e1bdc8d8c59608a773c1cb96e5\n>start {\"formatid\":\"gen9randombattle\",\"seed\":\"sodium,139c4541dee65bf21a7c432448c08514\",\"rated\":\"Rated battle\"}\n>player p1 {\"name\":\"Porygon Zzium Z\",\"avatar\":\"2\",\"rating\":2011,\"seed\":\"sodium,fb0a52dcd4714a39cc868494dabb6c8c\"}\n>player p2 {\"name\":\"mimikyu11111\",\"avatar\":\"rocketgrunt\",\"rating\":2101,\"seed\":\"sodium,5fca99b386d857b4650b9c1d75618cd2\"}\n>p1 move uturn\n>p2 switch 3\n>p1 switch 3\n>p1 move tailwind\n>p2 move curse\n>p1 move knockoff\n>p2 move zingzap\n>p2 switch 3\n>p1 move lowkick\n>p2 move flareblitz\n>p1 switch 3\n>p1 move bleakwindstorm\n>p2 move flareblitz\n>p2 switch 5\n>p1 move uturn\n>p2 move knockoff\n>p1 switch 6\n>p1 move grassknot\n>p2 switch 2\n>p1 move icebeam\n>p2 move dragondance\n>p1 move icebeam\n>p2 move outrage\n>p1 switch 5\n>p1 move irondefense\n>p2 move outrage\n>p1 move irondefense\n>p2 move outrage\n>p1 move bodypress\n>p2 move wavecrash\n>p2 switch 6\n>p1 move rest\n>p2 move shellsmash\n>p1 move foulplay terastallize\n>p2 move shadowball\n>p1 move foulplay\n>p2 move storedpower\n>p1 switch 4\n>p1 move foulplay\n>p2 move terablast\n>p2 switch 2\n>p1 move roost\n>p2 move iciclecrash\n>p1 move roost\n>p2 move iciclecrash\n>p1 move roost\n>p2 move iciclecrash\n>p1 move foulplay\n>p2 move iciclecrash\n>p1 switch 2\n>p1 move closecombat\n>p2 move iciclecrash\n>p2 switch 4\n>p1 move closecombat\n>p2 move poisonjab terastallize\n>p1 switch 6\n>p1 move bleakwindstorm\n>p2 move wickedblow", "uploadtime": 1782874061, "views": 5, "formatid": "gen9randombattle", "rating": 2036, "private": 0, "password": null, "player_dets": [{"name": "Porygon Zzium Z", "avatar": "2", "rating": 2011, "seed": "sodium,fb0a52dcd4714a39cc868494dabb6c8c"}, {"name": "mimikyu11111", "avatar": "rocketgrunt", "rating": 2101, "seed": "sodium,5fca99b386d857b4650b9c1d75618cd2"}], "teams_full": [{"Tornadus": {"name": "Tornadus", "species": "Tornadus-Therian", "speciesId": "tornadustherian", "gender": "M", "shiny": false, "level": 79, "moves": ["knockoff", "heatwave", "uturn", "bleakwindstorm"], "ability": "Regenerator", "evs": {"hp": 85, "atk": 85, "def": 85, "spa": 85, "spd": 85, "spe": 85}, "ivs": {"hp": 31, "atk": 31, "def": 31, "spa": 31, "spd": 31, "spe": 31}, "item": "Assault Vest", "teraType": "Dark", "role": "AV Pivot", "bvs": {"hp": 79, "atk": 100, "def": 80, "spa": 110, "spd": 90, "spe": 121}, "stats": {"hp": 254, "atk": 204, "def": 172, "spa": 219, "spd": 188, "spe": 237}, "types": ["Flying"]}, "Mienshao": {"name": "Mienshao", "species": "Mienshao", "speciesId": "mienshao", "gender": "F", "shiny": false, "level": 83, "moves": ["closecombat", "knockoff", "swordsdance", "tripleaxel"], "ability": "Regenerator", "evs": {"hp": 85, "atk": 85, "def": 85, "spa": 85, "spd": 85, "spe": 85}, "ivs": {"hp": 31, "atk": 31, "def": 31, "spa": 31, "spd": 31, "spe": 31}, "item": "Life Orb", "teraType": "Dark", "role": "Setup Sweeper", "bvs": {"hp": 65, "atk": 125, "def": 60, "spa": 95, "spd": 60, "spe": 105}, "stats": {"hp": 244, "atk": 255, "def": 147, "spa": 205, "spd": 147, "spe": 222}, "types": ["Fighting"]}, "Shiftry": {"name": "Shiftry", "species": "Shiftry", "speciesId": "shiftry", "gender": "M", "shiny": false, "level": 89, "moves": ["leafblade", "lowkick", "knockoff", "tailwind"], "ability": "Wind Rider", "evs": {"hp": 85, "atk": 85, "def": 85, "spa": 85, "spd": 85, "spe": 85}, "ivs": {"hp": 31, "atk": 31, "def": 31, "spa": 31, "spd": 31, "spe": 31}, "item": "Life Orb", "teraType": "Dark", "role": "Setup Sweeper", "bvs": {"hp": 90, "atk": 100, "def": 60, "spa": 90, "spd": 60, "spe": 80}, "stats": {"hp": 305, "atk": 229, "def": 158, "spa": 211, "spd": 158, "spe": 193}, "types": ["Grass", "Dark"]}, "Mandibuzz": {"name": "Mandibuzz", "species": "Mandibuzz", "speciesId": "mandibuzz", "gender": "F", "shiny": false, "level": 85, "moves": ["foulplay", "uturn", "defog", "roost"], "ability": "Overcoat", "evs": {"hp": 85, "atk": 85, "def": 85, "spa": 85, "spd": 85, "spe": 85}, "ivs": {"hp": 31, "atk": 31, "def": 31, "spa": 31, "spd": 31, "spe": 31}, "item": "Heavy-Duty Boots", "teraType": "Steel", "role": "Bulky Support", "bvs": {"hp": 110, "atk": 65, "def": 105, "spa": 55, "spd": 95, "spe": 80}, "stats": {"hp": 326, "atk": 159, "def": 227, "spa": 142, "spd": 210, "spe": 185}, "types": ["Dark", "Flying"]}, "Bastiodon": {"name": "Bastiodon", "species": "Bastiodon", "speciesId": "bastiodon", "gender": "M", "shiny": false, "level": 89, "moves": ["foulplay", "irondefense", "rest", "bodypress"], "ability": "Soundproof", "evs": {"hp": 85, "atk": 0, "def": 85, "spa": 85, "spd": 85, "spe": 85}, "ivs": {"hp": 31, "atk": 0, "def": 31, "spa": 31, "spd": 31, "spe": 31}, "item": "Chesto Berry", "teraType": "Fighting", "role": "Bulky Setup", "bvs": {"hp": 60, "atk": 52, "def": 168, "spa": 47, "spd": 138, "spe": 30}, "stats": {"hp": 252, "atk": 97, "def": 350, "spa": 134, "spd": 296, "spe": 104}, "types": ["Rock", "Steel"]}, "Samurott": {"name": "Samurott", "species": "Samurott", "speciesId": "samurott", "gender": "M", "shiny": false, "level": 88, "moves": ["aquajet", "grassknot", "icebeam", "hydropump"], "ability": "Torrent", "evs": {"hp": 85, "atk": 85, "def": 85, "spa": 85, "spd": 85, "spe": 85}, "ivs": {"hp": 31, "atk": 31, "def": 31, "spa": 31, "spd": 31, "spe": 31}, "item": "Assault Vest", "teraType": "Grass", "role": "AV Pivot", "bvs": {"hp": 95, "atk": 100, "def": 85, "spa": 108, "spd": 70, "spe": 70}, "stats": {"hp": 310, "atk": 226, "def": 200, "spa": 240, "spd": 173, "spe": 173}, "types": ["Water"]}}, {"Incineroar": {"name": "Incineroar", "species": "Incineroar", "speciesId": "incineroar", "gender": "F", "shiny": false, "level": 82, "moves": ["knockoff", "flareblitz", "willowisp", "closecombat"], "ability": "Intimidate", "evs": {"hp": 85, "atk": 85, "def": 85, "spa": 85, "spd": 85, "spe": 85}, "ivs": {"hp": 31, "atk": 31, "def": 31, "spa": 31, "spd": 31, "spe": 31}, "item": "Heavy-Duty Boots", "teraType": "Water", "role": "Fast Attacker", "bvs": {"hp": 95, "atk": 115, "def": 90, "spa": 80, "spd": 90, "spe": 60}, "stats": {"hp": 290, "atk": 236, "def": 195, "spa": 178, "spd": 195, "spe": 146}, "types": ["Fire", "Dark"]}, "Kingdra": {"name": "Kingdra", "species": "Kingdra", "speciesId": "kingdra", "gender": "F", "shiny": false, "level": 84, "moves": ["dragondance", "outrage", "wavecrash", "ironhead"], "ability": "Sniper", "evs": {"hp": 85, "atk": 85, "def": 85, "spa": 85, "spd": 85, "spe": 85}, "ivs": {"hp": 31, "atk": 31, "def": 31, "spa": 31, "spd": 31, "spe": 31}, "item": "Lum Berry", "teraType": "Steel", "role": "Fast Bulky Setup", "bvs": {"hp": 75, "atk": 95, "def": 95, "spa": 95, "spd": 95, "spe": 85}, "stats": {"hp": 263, "atk": 208, "def": 208, "spa": 208, "spd": 208, "spe": 191}, "types": ["Water", "Dragon"]}, "Pincurchin": {"name": "Pincurchin", "species": "Pincurchin", "speciesId": "pincurchin", "gender": "F", "shiny": false, "level": 100, "moves": ["curse", "recover", "zingzap", "liquidation"], "ability": "Electric Surge", "evs": {"hp": 85, "atk": 85, "def": 85, "spa": 85, "spd": 85, "spe": 85}, "ivs": {"hp": 31, "atk": 31, "def": 31, "spa": 31, "spd": 31, "spe": 31}, "item": "Leftovers", "teraType": "Water", "role": "Bulky Setup", "bvs": {"hp": 48, "atk": 101, "def": 95, "spa": 91, "spd": 85, "spe": 15}, "stats": {"hp": 258, "atk": 259, "def": 247, "spa": 239, "spd": 227, "spe": 87}, "types": ["Electric"]}, "Urshifu": {"name": "Urshifu", "species": "Urshifu", "speciesId": "urshifu", "gender": "M", "shiny": false, "level": 74, "moves": ["wickedblow", "poisonjab", "swordsdance", "closecombat"], "ability": "Unseen Fist", "evs": {"hp": 85, "atk": 85, "def": 85, "spa": 85, "spd": 85, "spe": 85}, "ivs": {"hp": 31, "atk": 31, "def": 31, "spa": 31, "spd": 31, "spe": 31}, "item": "Life Orb", "teraType": "Poison", "role": "Fast Attacker", "bvs": {"hp": 100, "atk": 130, "def": 100, "spa": 63, "spd": 60, "spe": 97}, "stats": {"hp": 270, "atk": 235, "def": 191, "spa": 136, "spd": 132, "spe": 187}, "types": ["Fighting", "Dark"]}, "Mamoswine": {"name": "Mamoswine", "species": "Mamoswine", "speciesId": "mamoswine", "gender": "M", "shiny": false, "level": 81, "moves": ["knockoff", "iciclecrash", "iceshard", "earthquake"], "ability": "Thick Fat", "evs": {"hp": 85, "atk": 85, "def": 85, "spa": 85, "spd": 85, "spe": 85}, "ivs": {"hp": 31, "atk": 31, "def": 31, "spa": 31, "spd": 31, "spe": 31}, "item": "Choice Band", "teraType": "Ground", "role": "Wallbreaker", "bvs": {"hp": 110, "atk": 130, "def": 80, "spa": 70, "spd": 60, "spe": 80}, "stats": {"hp": 311, "atk": 257, "def": 176, "spa": 160, "spd": 144, "spe": 176}, "types": ["Ice", "Ground"]}, "Polteageist": {"name": "Polteageist", "species": "Polteageist-Antique", "speciesId": "polteageist", "gender": "N", "shiny": false, "level": 78, "moves": ["storedpower", "terablast", "shadowball", "shellsmash"], "ability": "Cursed Body", "evs": {"hp": 85, "atk": 0, "def": 85, "spa": 85, "spd": 85, "spe": 85}, "ivs": {"hp": 31, "atk": 0, "def": 31, "spa": 31, "spd": 31, "spe": 31}, "item": "White Herb", "teraType": "Fighting", "role": "Tera Blast user", "bvs": {"hp": 60, "atk": 65, "def": 65, "spa": 134, "spd": 114, "spe": 70}, "stats": {"hp": 222, "atk": 106, "def": 146, "spa": 254, "spd": 223, "spe": 154}, "types": ["Ghost"]}}]}