{"id": "gen9randombattle-2642087114", "format": "[Gen 9] Random Battle", "players": ["xxzfn", "notmetbh102"], "log": "|j|\u2606xxzfn\n|j|\u2606notmetbh102\n|t:|1782887054\n|gametype|singles\n|player|p1|xxzfn|101|2106\n|player|p2|notmetbh102|265|2228\n|gen|9\n|tier|[Gen 9] Random Battle\n|rated|\n|rule|Species Clause: Limit one of each Pok\u00e9mon\n|rule|HP Percentage Mod: HP is shown in percentages\n|rule|Sleep Clause Mod: Limit one foe put to sleep\n|rule|Illusion Level Mod: Illusion disguises the Pok\u00e9mon's true level\n|\n|t:|1782887054\n|teamsize|p1|6\n|teamsize|p2|6\n|start\n|switch|p1a: Palkia|Palkia-Origin, L72|249/249\n|switch|p2a: Bronzong|Bronzong, L88|261/261\n|-ability|p1a: Palkia|Pressure\n|turn|1\n|inactive|Battle timer is ON: inactive players will automatically lose when time's up. (requested by notmetbh102)\n|inactive|xxzfn also wants the timer to be on.\n|c|\u2606notmetbh102|hf\n|\n|t:|1782887064\n|switch|p1a: Registeel|Registeel, L81|262/262\n|move|p2a: Bronzong|Stealth Rock|p1a: Registeel\n|-sidestart|p1: xxzfn|move: Stealth Rock\n|\n|upkeep\n|turn|2\n|\n|t:|1782887070\n|move|p1a: Registeel|Iron Defense|p1a: Registeel\n|-boost|p1a: Registeel|def|2\n|move|p2a: Bronzong|Earthquake|p1a: Registeel\n|-supereffective|p1a: Registeel\n|-damage|p1a: Registeel|212/262\n|\n|-heal|p1a: Registeel|228/262|[from] item: Leftovers\n|upkeep\n|turn|3\n|\n|t:|1782887074\n|move|p1a: Registeel|Body Press|p2a: Bronzong\n|-damage|p2a: Bronzong|151/261\n|move|p2a: Bronzong|Hypnosis|p1a: Registeel|[miss]\n|-miss|p2a: Bronzong|p1a: Registeel\n|\n|-heal|p1a: Registeel|244/262|[from] item: Leftovers\n|-heal|p2a: Bronzong|167/261|[from] item: Leftovers\n|upkeep\n|turn|4\n|\n|t:|1782887078\n|move|p1a: Registeel|Body Press|p2a: Bronzong\n|-damage|p2a: Bronzong|48/261\n|move|p2a: Bronzong|Hypnosis|p1a: Registeel|[miss]\n|-miss|p2a: Bronzong|p1a: Registeel\n|\n|-heal|p1a: Registeel|260/262|[from] item: Leftovers\n|-heal|p2a: Bronzong|64/261|[from] item: Leftovers\n|upkeep\n|turn|5\n|\n|t:|1782887080\n|switch|p2a: Sylveon|Sylveon, L85, F|300/300\n|move|p1a: Registeel|Body Press|p2a: Sylveon\n|-resisted|p2a: Sylveon\n|-damage|p2a: Sylveon|204/300\n|\n|-heal|p2a: Sylveon|222/300|[from] item: Leftovers\n|-heal|p1a: Registeel|262/262|[from] item: Leftovers\n|upkeep\n|turn|6\n|\n|t:|1782887083\n|move|p2a: Sylveon|Protect|p2a: Sylveon\n|-singleturn|p2a: Sylveon|Protect\n|move|p1a: Registeel|Thunder Wave|p2a: Sylveon\n|-activate|p2a: Sylveon|move: Protect\n|\n|-heal|p2a: Sylveon|240/300|[from] item: Leftovers\n|upkeep\n|turn|7\n|\n|t:|1782887085\n|move|p2a: Sylveon|Wish|p2a: Sylveon\n|move|p1a: Registeel|Thunder Wave|p2a: Sylveon\n|-status|p2a: Sylveon|par\n|\n|-heal|p2a: Sylveon|258/300 par|[from] item: Leftovers\n|upkeep\n|turn|8\n|\n|t:|1782887087\n|move|p1a: Registeel|Iron Defense|p1a: Registeel\n|-boost|p1a: Registeel|def|2\n|cant|p2a: Sylveon|par\n|\n|-heal|p2a: Sylveon|300/300 par|[from] move: Wish|[wisher] Sylveon\n|upkeep\n|turn|9\n|\n|t:|1782887090\n|move|p2a: Sylveon|Protect|p2a: Sylveon\n|-singleturn|p2a: Sylveon|Protect\n|move|p1a: Registeel|Iron Head|p2a: Sylveon\n|-activate|p2a: Sylveon|move: Protect\n|\n|upkeep\n|turn|10\n|\n|t:|1782887091\n|move|p1a: Registeel|Iron Defense|p1a: Registeel\n|-boost|p1a: Registeel|def|2\n|move|p2a: Sylveon|Wish|p2a: Sylveon\n|\n|upkeep\n|turn|11\n|\n|t:|1782887093\n|move|p1a: Registeel|Iron Head|p2a: Sylveon\n|-supereffective|p2a: Sylveon\n|-damage|p2a: Sylveon|138/300 par\n|move|p2a: Sylveon|Calm Mind|p2a: Sylveon\n|-boost|p2a: Sylveon|spa|1\n|-boost|p2a: Sylveon|spd|1\n|\n|-heal|p2a: Sylveon|288/300 par|[from] move: Wish|[wisher] Sylveon\n|-heal|p2a: Sylveon|300/300 par|[from] item: Leftovers\n|upkeep\n|turn|12\n|\n|t:|1782887096\n|move|p2a: Sylveon|Protect|p2a: Sylveon\n|-singleturn|p2a: Sylveon|Protect\n|move|p1a: Registeel|Iron Head|p2a: Sylveon\n|-activate|p2a: Sylveon|move: Protect\n|\n|upkeep\n|turn|13\n|\n|t:|1782887097\n|move|p1a: Registeel|Iron Head|p2a: Sylveon\n|-supereffective|p2a: Sylveon\n|-damage|p2a: Sylveon|138/300 par\n|move|p2a: Sylveon|Wish|p2a: Sylveon\n|\n|-heal|p2a: Sylveon|156/300 par|[from] item: Leftovers\n|upkeep\n|turn|14\n|\n|t:|1782887100\n|move|p2a: Sylveon|Protect|p2a: Sylveon\n|-singleturn|p2a: Sylveon|Protect\n|move|p1a: Registeel|Iron Head|p2a: Sylveon\n|-activate|p2a: Sylveon|move: Protect\n|\n|-heal|p2a: Sylveon|300/300 par|[from] move: Wish|[wisher] Sylveon\n|upkeep\n|turn|15\n|\n|t:|1782887101\n|move|p1a: Registeel|Iron Head|p2a: Sylveon\n|-supereffective|p2a: Sylveon\n|-damage|p2a: Sylveon|132/300 par\n|cant|p2a: Sylveon|flinch\n|\n|-heal|p2a: Sylveon|150/300 par|[from] item: Leftovers\n|upkeep\n|turn|16\n|\n|t:|1782887104\n|move|p2a: Sylveon|Protect|p2a: Sylveon\n|-singleturn|p2a: Sylveon|Protect\n|move|p1a: Registeel|Iron Head|p2a: Sylveon\n|-activate|p2a: Sylveon|move: Protect\n|\n|-heal|p2a: Sylveon|168/300 par|[from] item: Leftovers\n|upkeep\n|turn|17\n|\n|t:|1782887105\n|cant|p2a: Sylveon|par\n|move|p1a: Registeel|Iron Head|p2a: Sylveon\n|-supereffective|p2a: Sylveon\n|-damage|p2a: Sylveon|0 fnt\n|faint|p2a: Sylveon\n|\n|upkeep\n|\n|t:|1782887106\n|switch|p2a: Skuntank|Skuntank, L84, M|310/310\n|turn|18\n|\n|t:|1782887108\n|-terastallize|p2a: Skuntank|Poison\n|move|p2a: Skuntank|Toxic Spikes|p1a: Registeel\n|-sidestart|p1: xxzfn|move: Toxic Spikes\n|move|p1a: Registeel|Body Press|p2a: Skuntank\n|-resisted|p2a: Skuntank\n|-damage|p2a: Skuntank|142/310\n|\n|upkeep\n|turn|19\n|\n|t:|1782887112\n|move|p2a: Skuntank|Knock Off|p1a: Registeel\n|-damage|p1a: Registeel|239/262\n|-enditem|p1a: Registeel|Leftovers|[from] move: Knock Off|[of] p2a: Skuntank\n|-damage|p2a: Skuntank|111/310|[from] item: Life Orb\n|move|p1a: Registeel|Thunder Wave|p2a: Skuntank\n|-status|p2a: Skuntank|par\n|\n|upkeep\n|turn|20\n|\n|t:|1782887114\n|cant|p2a: Skuntank|par\n|move|p1a: Registeel|Body Press|p2a: Skuntank\n|-resisted|p2a: Skuntank\n|-damage|p2a: Skuntank|0 fnt\n|-damage|p1a: Registeel|174/262|[from] ability: Aftermath|[of] p2a: Skuntank\n|faint|p2a: Skuntank\n|\n|upkeep\n|\n|t:|1782887115\n|switch|p2a: Bronzong|Bronzong, L88|64/261\n|turn|21\n|\n|t:|1782887117\n|switch|p2a: Tsareena|Tsareena, L87, F|267/267\n|move|p1a: Registeel|Body Press|p2a: Tsareena\n|-damage|p2a: Tsareena|3/267\n|\n|upkeep\n|turn|22\n|\n|t:|1782887120\n|move|p2a: Tsareena|High Jump Kick|p1a: Registeel\n|-supereffective|p1a: Registeel\n|-damage|p1a: Registeel|114/262\n|move|p1a: Registeel|Body Press|p2a: Tsareena\n|-damage|p2a: Tsareena|0 fnt\n|faint|p2a: Tsareena\n|\n|upkeep\n|\n|t:|1782887120\n|switch|p2a: Sudowoodo|Sudowoodo, L94, M|284/284\n|turn|23\n|\n|t:|1782887123\n|move|p2a: Sudowoodo|Sucker Punch|p1a: Registeel\n|-damage|p1a: Registeel|98/262\n|move|p1a: Registeel|Body Press|p2a: Sudowoodo\n|-supereffective|p2a: Sudowoodo\n|-damage|p2a: Sudowoodo|0 fnt\n|faint|p2a: Sudowoodo\n|\n|upkeep\n|\n|t:|1782887124\n|switch|p2a: Lokix|Lokix, L82, F|251/251\n|turn|24\n|\n|t:|1782887127\n|move|p2a: Lokix|Leech Life|p1a: Registeel\n|-resisted|p1a: Registeel\n|-damage|p1a: Registeel|80/262\n|-damage|p2a: Lokix|226/251|[from] item: Life Orb\n|move|p1a: Registeel|Body Press|p2a: Lokix\n|-damage|p2a: Lokix|0 fnt\n|faint|p2a: Lokix\n|\n|upkeep\n|\n|t:|1782887128\n|switch|p2a: Bronzong|Bronzong, L88|64/261\n|turn|25\n|\n|t:|1782887130\n|move|p1a: Registeel|Body Press|p2a: Bronzong\n|-damage|p2a: Bronzong|0 fnt\n|faint|p2a: Bronzong\n|\n|win|xxzfn\n|raw|xxzfn's rating: 2106 &rarr; <strong>2133</strong><br />(+27 for winning)\n|raw|notmetbh102's rating: 2228 &rarr; <strong>2201</strong><br />(-27 for losing)\n|c|\u2606notmetbh102|gg\n", "inputlog": ">version f8ac14003a5f27e1bdc8d8c59608a773c1cb96e5\n>start {\"formatid\":\"gen9randombattle\",\"seed\":\"sodium,3c7069dc8c06fc4616d713322f99999e\",\"rated\":\"Rated battle\"}\n>player p1 {\"name\":\"xxzfn\",\"avatar\":\"101\",\"rating\":2106,\"seed\":\"sodium,763b49d56303fc33e39e9a4f4b074b7a\"}\n>player p2 {\"name\":\"notmetbh102\",\"avatar\":\"265\",\"rating\":2228,\"seed\":\"sodium,ff04c73dd8e52c3fae21795da529ef3a\"}\n>chat \u2606notmetbh102|hf\n>p1 switch 3\n>p2 move stealthrock\n>p1 move irondefense\n>p2 move earthquake\n>p1 move bodypress\n>p2 move hypnosis\n>p1 move bodypress\n>p2 move hypnosis\n>p1 move bodypress\n>p2 switch 5\n>p1 move thunderwave\n>p2 move protect\n>p1 move thunderwave\n>p2 move wish\n>p1 move irondefense\n>p2 move calmmind\n>p1 move ironhead\n>p2 move protect\n>p1 move irondefense\n>p2 move wish\n>p1 move ironhead\n>p2 move calmmind\n>p1 move ironhead\n>p2 move protect\n>p1 move ironhead\n>p2 move wish\n>p1 move ironhead\n>p2 move protect\n>p1 move ironhead\n>p2 move wish\n>p1 move ironhead\n>p2 move protect\n>p1 move ironhead\n>p2 move protect\n>p2 switch 4\n>p1 move bodypress\n>p2 move toxicspikes terastallize\n>p1 move thunderwave\n>p2 move knockoff\n>p1 move bodypress\n>p2 move suckerpunch\n>p2 switch 5\n>p1 move bodypress\n>p2 switch 6\n>p1 move bodypress\n>p2 move highjumpkick\n>p2 switch 2\n>p1 move bodypress\n>p2 move suckerpunch\n>p2 switch 3\n>p1 move bodypress\n>p2 move leechlife\n>p2 switch 6\n>p1 move bodypress\n>p2 move earthquake", "uploadtime": 1782887130, "views": 3, "formatid": "gen9randombattle", "rating": 2133, "private": 0, "password": null, "player_dets": [{"name": "xxzfn", "avatar": "101", "rating": 2106, "seed": "sodium,763b49d56303fc33e39e9a4f4b074b7a"}, {"name": "notmetbh102", "avatar": "265", "rating": 2228, "seed": "sodium,ff04c73dd8e52c3fae21795da529ef3a"}], "teams_full": [{"Palkia": {"name": "Palkia", "species": "Palkia-Origin", "speciesId": "palkiaorigin", "gender": "N", "shiny": false, "level": 72, "moves": ["thunderwave", "dracometeor", "hydropump", "fireblast"], "ability": "Pressure", "evs": {"hp": 85, "atk": 0, "def": 85, "spa": 85, "spd": 85, "spe": 85}, "ivs": {"hp": 31, "atk": 0, "def": 31, "spa": 31, "spd": 31, "spe": 31}, "item": "Lustrous Globe", "teraType": "Dragon", "role": "Bulky Attacker", "bvs": {"hp": 90, "atk": 100, "def": 100, "spa": 150, "spd": 120, "spe": 120}, "stats": {"hp": 249, "atk": 149, "def": 186, "spa": 258, "spd": 215, "spe": 215}, "types": ["Water", "Dragon"]}, "Honchkrow": {"name": "Honchkrow", "species": "Honchkrow", "speciesId": "honchkrow", "gender": "M", "shiny": false, "level": 86, "moves": ["lashout", "thunderwave", "suckerpunch", "bravebird"], "ability": "Moxie", "evs": {"hp": 85, "atk": 85, "def": 85, "spa": 85, "spd": 85, "spe": 85}, "ivs": {"hp": 31, "atk": 31, "def": 31, "spa": 31, "spd": 31, "spe": 31}, "item": "Heavy-Duty Boots", "teraType": "Dark", "role": "Wallbreaker", "bvs": {"hp": 100, "atk": 125, "def": 52, "spa": 105, "spd": 52, "spe": 71}, "stats": {"hp": 312, "atk": 264, "def": 139, "spa": 230, "spd": 139, "spe": 171}, "types": ["Dark", "Flying"]}, "Registeel": {"name": "Registeel", "species": "Registeel", "speciesId": "registeel", "gender": "N", "shiny": false, "level": 81, "moves": ["ironhead", "irondefense", "thunderwave", "bodypress"], "ability": "Clear Body", "evs": {"hp": 85, "atk": 85, "def": 85, "spa": 85, "spd": 85, "spe": 85}, "ivs": {"hp": 31, "atk": 31, "def": 31, "spa": 31, "spd": 31, "spe": 31}, "item": "Leftovers", "teraType": "Fighting", "role": "Bulky Support", "bvs": {"hp": 80, "atk": 75, "def": 150, "spa": 75, "spd": 150, "spe": 50}, "stats": {"hp": 262, "atk": 168, "def": 290, "spa": 168, "spd": 290, "spe": 128}, "types": ["Steel"]}, "Grimmsnarl": {"name": "Grimmsnarl", "species": "Grimmsnarl", "speciesId": "grimmsnarl", "gender": "M", "shiny": false, "level": 83, "moves": ["lightscreen", "reflect", "thunderwave", "spiritbreak"], "ability": "Prankster", "evs": {"hp": 85, "atk": 85, "def": 85, "spa": 85, "spd": 85, "spe": 85}, "ivs": {"hp": 31, "atk": 31, "def": 31, "spa": 31, "spd": 31, "spe": 31}, "item": "Light Clay", "teraType": "Poison", "role": "Bulky Support", "bvs": {"hp": 95, "atk": 120, "def": 65, "spa": 95, "spd": 75, "spe": 60}, "stats": {"hp": 293, "atk": 247, "def": 156, "spa": 205, "spd": 172, "spe": 147}, "types": ["Dark", "Fairy"]}, "Regieleki": {"name": "Regieleki", "species": "Regieleki", "speciesId": "regieleki", "gender": "N", "shiny": false, "level": 79, "moves": ["voltswitch", "thunderbolt", "terablast", "rapidspin"], "ability": "Transistor", "evs": {"hp": 85, "atk": 85, "def": 85, "spa": 85, "spd": 85, "spe": 85}, "ivs": {"hp": 31, "atk": 31, "def": 31, "spa": 31, "spd": 31, "spe": 31}, "item": "Magnet", "teraType": "Ice", "role": "Tera Blast user", "bvs": {"hp": 80, "atk": 100, "def": 50, "spa": 100, "spd": 50, "spe": 200}, "stats": {"hp": 256, "atk": 204, "def": 125, "spa": 204, "spd": 125, "spe": 362}, "types": ["Electric"]}, "Zamazenta": {"name": "Zamazenta", "species": "Zamazenta", "speciesId": "zamazentacrowned", "gender": "N", "shiny": false, "level": 68, "moves": ["irondefense", "bodypress", "stoneedge", "heavyslam"], "ability": "Dauntless Shield", "evs": {"hp": 85, "atk": 85, "def": 85, "spa": 85, "spd": 85, "spe": 85}, "ivs": {"hp": 31, "atk": 31, "def": 31, "spa": 31, "spd": 31, "spe": 31}, "item": "Rusted Shield", "teraType": "Fighting", "role": "Bulky Setup", "bvs": {"hp": 92, "atk": 120, "def": 140, "spa": 80, "spd": 140, "spe": 128}, "stats": {"hp": 238, "atk": 203, "def": 230, "spa": 149, "spd": 230, "spe": 214}, "types": ["Fighting", "Steel"]}}, {"Bronzong": {"name": "Bronzong", "species": "Bronzong", "speciesId": "bronzong", "gender": "N", "shiny": false, "level": 88, "moves": ["stealthrock", "ironhead", "hypnosis", "earthquake"], "ability": "Levitate", "evs": {"hp": 85, "atk": 85, "def": 85, "spa": 85, "spd": 85, "spe": 85}, "ivs": {"hp": 31, "atk": 31, "def": 31, "spa": 31, "spd": 31, "spe": 31}, "item": "Leftovers", "teraType": "Electric", "role": "Bulky Support", "bvs": {"hp": 67, "atk": 89, "def": 116, "spa": 79, "spd": 116, "spe": 33}, "stats": {"hp": 261, "atk": 207, "def": 254, "spa": 189, "spd": 254, "spe": 108}, "types": ["Steel", "Psychic"]}, "Sudowoodo": {"name": "Sudowoodo", "species": "Sudowoodo", "speciesId": "sudowoodo", "gender": "M", "shiny": false, "level": 94, "moves": ["headsmash", "earthquake", "woodhammer", "suckerpunch"], "ability": "Rock Head", "evs": {"hp": 85, "atk": 85, "def": 85, "spa": 85, "spd": 85, "spe": 85}, "ivs": {"hp": 31, "atk": 31, "def": 31, "spa": 31, "spd": 31, "spe": 31}, "item": "Choice Band", "teraType": "Rock", "role": "Bulky Attacker", "bvs": {"hp": 70, "atk": 100, "def": 115, "spa": 30, "spd": 65, "spe": 30}, "stats": {"hp": 284, "atk": 241, "def": 270, "spa": 110, "spd": 176, "spe": 110}, "types": ["Rock"]}, "Lokix": {"name": "Lokix", "species": "Lokix", "speciesId": "lokix", "gender": "F", "shiny": false, "level": 82, "moves": ["leechlife", "knockoff", "swordsdance", "suckerpunch"], "ability": "Tinted Lens", "evs": {"hp": 85, "atk": 85, "def": 85, "spa": 85, "spd": 85, "spe": 85}, "ivs": {"hp": 31, "atk": 31, "def": 31, "spa": 31, "spd": 31, "spe": 31}, "item": "Life Orb", "teraType": "Dark", "role": "Setup Sweeper", "bvs": {"hp": 71, "atk": 102, "def": 78, "spa": 52, "spd": 55, "spe": 92}, "stats": {"hp": 251, "atk": 214, "def": 175, "spa": 132, "spd": 137, "spe": 198}, "types": ["Bug", "Dark"]}, "Skuntank": {"name": "Skuntank", "species": "Skuntank", "speciesId": "skuntank", "gender": "M", "shiny": false, "level": 84, "moves": ["suckerpunch", "gunkshot", "knockoff", "toxicspikes"], "ability": "Aftermath", "evs": {"hp": 85, "atk": 85, "def": 85, "spa": 85, "spd": 85, "spe": 85}, "ivs": {"hp": 31, "atk": 31, "def": 31, "spa": 31, "spd": 31, "spe": 31}, "item": "Life Orb", "teraType": "Poison", "role": "Fast Support", "bvs": {"hp": 103, "atk": 93, "def": 67, "spa": 71, "spd": 61, "spe": 84}, "stats": {"hp": 310, "atk": 204, "def": 161, "spa": 167, "spd": 151, "spe": 189}, "types": ["Poison", "Dark"]}, "Sylveon": {"name": "Sylveon", "species": "Sylveon", "speciesId": "sylveon", "gender": "F", "shiny": false, "level": 85, "moves": ["wish", "calmmind", "hypervoice", "protect"], "ability": "Pixilate", "evs": {"hp": 85, "atk": 0, "def": 85, "spa": 85, "spd": 85, "spe": 85}, "ivs": {"hp": 31, "atk": 0, "def": 31, "spa": 31, "spd": 31, "spe": 31}, "item": "Leftovers", "teraType": "Steel", "role": "Bulky Setup", "bvs": {"hp": 95, "atk": 65, "def": 65, "spa": 110, "spd": 130, "spe": 60}, "stats": {"hp": 300, "atk": 115, "def": 159, "spa": 236, "spd": 270, "spe": 151}, "types": ["Fairy"]}, "Tsareena": {"name": "Tsareena", "species": "Tsareena", "speciesId": "tsareena", "gender": "F", "shiny": false, "level": 87, "moves": ["tripleaxel", "powerwhip", "highjumpkick", "knockoff"], "ability": "Queenly Majesty", "evs": {"hp": 85, "atk": 85, "def": 85, "spa": 85, "spd": 85, "spe": 85}, "ivs": {"hp": 31, "atk": 31, "def": 31, "spa": 31, "spd": 31, "spe": 31}, "item": "Choice Band", "teraType": "Steel", "role": "Fast Support", "bvs": {"hp": 72, "atk": 120, "def": 98, "spa": 50, "spd": 98, "spe": 72}, "stats": {"hp": 267, "atk": 259, "def": 220, "spa": 137, "spd": 220, "spe": 175}, "types": ["Grass"]}}]}