{"id": "gen9randombattle-2642090309", "format": "[Gen 9] Random Battle", "players": ["dmsa", "jnpr010334"], "log": "|j|\u2606dmsa\n|j|\u2606jnpr010334\n|t:|1782887744\n|gametype|singles\n|player|p1|dmsa|birdkeeper|1841\n|player|p2|jnpr010334|265|1895\n|gen|9\n|tier|[Gen 9] Random Battle\n|rated|\n|rule|Species Clause: Limit one of each Pok\u00e9mon\n|rule|HP Percentage Mod: HP is shown in percentages\n|rule|Sleep Clause Mod: Limit one foe put to sleep\n|rule|Illusion Level Mod: Illusion disguises the Pok\u00e9mon's true level\n|\n|t:|1782887744\n|teamsize|p1|6\n|teamsize|p2|6\n|start\n|switch|p1a: Meowscarada|Meowscarada, L78, F|247/247\n|switch|p2a: Tatsugiri|Tatsugiri, L87, M|260/260\n|turn|1\n|inactive|Battle timer is ON: inactive players will automatically lose when time's up. (requested by jnpr010334)\n|\n|t:|1782887767\n|switch|p2a: Toxicroak|Toxicroak, L84, M|277/277\n|move|p1a: Meowscarada|Flower Trick|p2a: Toxicroak\n|-start|p1a: Meowscarada|typechange|Grass|[from] ability: Protean\n|-resisted|p2a: Toxicroak\n|-crit|p2a: Toxicroak\n|-damage|p2a: Toxicroak|205/277\n|\n|upkeep\n|turn|2\n|\n|t:|1782887775\n|switch|p1a: Skarmory|Skarmory, L80, F|235/235\n|move|p2a: Toxicroak|Knock Off|p1a: Skarmory\n|-damage|p1a: Skarmory|149/235\n|-damage|p2a: Toxicroak|159/277|[from] item: Rocky Helmet|[of] p1a: Skarmory\n|-enditem|p1a: Skarmory|Rocky Helmet|[from] move: Knock Off|[of] p2a: Toxicroak\n|\n|upkeep\n|turn|3\n|\n|t:|1782887778\n|switch|p2a: Electivire|Electivire, L84, F|263/263\n|move|p1a: Skarmory|Spikes|p2a: Electivire\n|-sidestart|p2: jnpr010334|Spikes\n|\n|upkeep\n|turn|4\n|\n|t:|1782887785\n|switch|p1a: Garchomp|Garchomp, L74, M|282/282\n|move|p2a: Electivire|Flamethrower|p1a: Garchomp\n|-resisted|p1a: Garchomp\n|-damage|p1a: Garchomp|237/282\n|-damage|p2a: Electivire|237/263|[from] item: Life Orb\n|\n|upkeep\n|turn|5\n|\n|t:|1782887790\n|switch|p1a: Armarouge|Armarouge, L80, F|267/267\n|-terastallize|p2a: Electivire|Ground\n|move|p2a: Electivire|Earthquake|p1a: Armarouge\n|-supereffective|p1a: Armarouge\n|-damage|p1a: Armarouge|0 fnt\n|faint|p1a: Armarouge\n|-damage|p2a: Electivire|211/263|[from] item: Life Orb\n|\n|upkeep\n|\n|t:|1782887796\n|switch|p1a: Luvdisc|Luvdisc, M|247/247\n|turn|6\n|\n|t:|1782887799\n|switch|p2a: Tatsugiri|Tatsugiri, L87, M|260/260\n|move|p1a: Luvdisc|Substitute|p1a: Luvdisc\n|-start|p1a: Luvdisc|Substitute\n|-damage|p1a: Luvdisc|186/247\n|\n|upkeep\n|turn|7\n|\n|t:|1782887809\n|switch|p1a: Meowscarada|Meowscarada, L78, F|247/247\n|move|p2a: Tatsugiri|Rapid Spin|p1a: Meowscarada\n|-damage|p1a: Meowscarada|215/247\n|-boost|p2a: Tatsugiri|spe|1\n|-sideend|p2: jnpr010334|Spikes|[from] move: Rapid Spin|[of] p2a: Tatsugiri\n|\n|upkeep\n|turn|8\n|\n|t:|1782887814\n|move|p2a: Tatsugiri|Draco Meteor|p1a: Meowscarada\n|-damage|p1a: Meowscarada|4/247\n|-unboost|p2a: Tatsugiri|spa|2\n|move|p1a: Meowscarada|Flower Trick|p2a: Tatsugiri\n|-start|p1a: Meowscarada|typechange|Grass|[from] ability: Protean\n|-crit|p2a: Tatsugiri\n|-damage|p2a: Tatsugiri|130/260\n|\n|upkeep\n|turn|9\n|\n|t:|1782887818\n|move|p2a: Tatsugiri|Draco Meteor|p1a: Meowscarada\n|-damage|p1a: Meowscarada|0 fnt\n|-unboost|p2a: Tatsugiri|spa|2\n|faint|p1a: Meowscarada\n|\n|upkeep\n|-message|dmsa forfeited.\n|\n|win|jnpr010334\n|raw|dmsa's rating: 1841 &rarr; <strong>1826</strong><br />(-15 for losing)\n|raw|jnpr010334's rating: 1929 &rarr; <strong>1944</strong><br />(+15 for winning)\n", "inputlog": ">version f8ac14003a5f27e1bdc8d8c59608a773c1cb96e5\n>start {\"formatid\":\"gen9randombattle\",\"seed\":\"sodium,3067aa28a61d0274906e89362acbfc69\",\"rated\":\"Rated battle\"}\n>player p1 {\"name\":\"dmsa\",\"avatar\":\"birdkeeper\",\"rating\":1841,\"seed\":\"sodium,31f6720f316d55a92e0c17c6d79d1aeb\"}\n>player p2 {\"name\":\"jnpr010334\",\"avatar\":\"265\",\"rating\":1895,\"seed\":\"sodium,a4344fd9a557206fce010fc8f86c9fca\"}\n>p1 move flowertrick\n>p2 switch 2\n>p1 switch 4\n>p2 move knockoff\n>p1 move spikes\n>p2 switch 4\n>p1 switch 3\n>p2 move flamethrower\n>p1 switch 5\n>p2 move earthquake terastallize\n>p1 switch 6\n>p1 move substitute\n>p2 switch 2\n>p1 switch 4\n>p2 move rapidspin\n>p1 move flowertrick\n>p2 move dracometeor\n>p1 move flowertrick\n>p2 move dracometeor\n>forcelose p1", "uploadtime": 1782887832, "views": 6, "formatid": "gen9randombattle", "rating": 1826, "private": 0, "password": null, "player_dets": [{"name": "dmsa", "avatar": "birdkeeper", "rating": 1841, "seed": "sodium,31f6720f316d55a92e0c17c6d79d1aeb"}, {"name": "jnpr010334", "avatar": "265", "rating": 1895, "seed": "sodium,a4344fd9a557206fce010fc8f86c9fca"}], "teams_full": [{"Meowscarada": {"name": "Meowscarada", "species": "Meowscarada", "speciesId": "meowscarada", "gender": "F", "shiny": false, "level": 78, "moves": ["tripleaxel", "flowertrick", "knockoff", "toxicspikes"], "ability": "Protean", "evs": {"hp": 85, "atk": 85, "def": 85, "spa": 85, "spd": 85, "spe": 85}, "ivs": {"hp": 31, "atk": 31, "def": 31, "spa": 31, "spd": 31, "spe": 31}, "item": "Focus Sash", "teraType": "Dark", "role": "Fast Support", "bvs": {"hp": 76, "atk": 110, "def": 70, "spa": 81, "spd": 70, "spe": 123}, "stats": {"hp": 247, "atk": 217, "def": 154, "spa": 171, "spd": 154, "spe": 237}, "types": ["Grass", "Dark"]}, "Bombirdier": {"name": "Bombirdier", "species": "Bombirdier", "speciesId": "bombirdier", "gender": "M", "shiny": false, "level": 85, "moves": ["stoneedge", "knockoff", "bravebird", "uturn"], "ability": "Rocky Payload", "evs": {"hp": 85, "atk": 85, "def": 85, "spa": 85, "spd": 85, "spe": 85}, "ivs": {"hp": 31, "atk": 31, "def": 31, "spa": 31, "spd": 31, "spe": 31}, "item": "Choice Band", "teraType": "Rock", "role": "Fast Attacker", "bvs": {"hp": 70, "atk": 103, "def": 85, "spa": 60, "spd": 85, "spe": 82}, "stats": {"hp": 258, "atk": 224, "def": 193, "spa": 151, "spd": 193, "spe": 188}, "types": ["Flying", "Dark"]}, "Garchomp": {"name": "Garchomp", "species": "Garchomp", "speciesId": "garchomp", "gender": "M", "shiny": false, "level": 74, "moves": ["scaleshot", "swordsdance", "firefang", "earthquake"], "ability": "Rough Skin", "evs": {"hp": 85, "atk": 85, "def": 85, "spa": 85, "spd": 85, "spe": 85}, "ivs": {"hp": 31, "atk": 31, "def": 31, "spa": 31, "spd": 31, "spe": 31}, "item": "Loaded Dice", "teraType": "Fire", "role": "Setup Sweeper", "bvs": {"hp": 108, "atk": 130, "def": 95, "spa": 80, "spd": 85, "spe": 102}, "stats": {"hp": 282, "atk": 235, "def": 184, "spa": 161, "spd": 169, "spe": 194}, "types": ["Dragon", "Ground"]}, "Skarmory": {"name": "Skarmory", "species": "Skarmory", "speciesId": "skarmory", "gender": "F", "shiny": false, "level": 80, "moves": ["whirlwind", "bravebird", "roost", "spikes"], "ability": "Sturdy", "evs": {"hp": 85, "atk": 85, "def": 85, "spa": 85, "spd": 85, "spe": 85}, "ivs": {"hp": 31, "atk": 31, "def": 31, "spa": 31, "spd": 31, "spe": 31}, "item": "Rocky Helmet", "teraType": "Dragon", "role": "Bulky Support", "bvs": {"hp": 65, "atk": 80, "def": 140, "spa": 40, "spd": 70, "spe": 70}, "stats": {"hp": 235, "atk": 174, "def": 270, "spa": 110, "spd": 158, "spe": 158}, "types": ["Steel", "Flying"]}, "Armarouge": {"name": "Armarouge", "species": "Armarouge", "speciesId": "armarouge", "gender": "F", "shiny": false, "level": 80, "moves": ["aurasphere", "psyshock", "energyball", "armorcannon"], "ability": "Weak Armor", "evs": {"hp": 85, "atk": 0, "def": 85, "spa": 85, "spd": 85, "spe": 85}, "ivs": {"hp": 31, "atk": 0, "def": 31, "spa": 31, "spd": 31, "spe": 31}, "item": "Choice Specs", "teraType": "Fighting", "role": "Wallbreaker", "bvs": {"hp": 85, "atk": 60, "def": 100, "spa": 125, "spd": 80, "spe": 75}, "stats": {"hp": 267, "atk": 101, "def": 206, "spa": 246, "spd": 174, "spe": 166}, "types": ["Fire", "Psychic"]}, "Luvdisc": {"name": "Luvdisc", "species": "Luvdisc", "speciesId": "luvdisc", "gender": "M", "shiny": false, "level": 100, "moves": ["whirlpool", "substitute", "endeavor", "surf"], "ability": "Swift Swim", "evs": {"hp": 81, "atk": 0, "def": 85, "spa": 85, "spd": 85, "spe": 85}, "ivs": {"hp": 31, "atk": 0, "def": 31, "spa": 31, "spd": 31, "spe": 31}, "item": "Heavy-Duty Boots", "teraType": "Ground", "role": "Fast Support", "bvs": {"hp": 43, "atk": 30, "def": 55, "spa": 40, "spd": 65, "spe": 97}, "stats": {"hp": 247, "atk": 65, "def": 167, "spa": 137, "spd": 187, "spe": 251}, "types": ["Water"]}}, {"Tatsugiri": {"name": "Tatsugiri", "species": "Tatsugiri", "speciesId": "tatsugiri", "gender": "M", "shiny": false, "level": 87, "moves": ["rapidspin", "hydropump", "dracometeor", "nastyplot"], "ability": "Storm Drain", "evs": {"hp": 85, "atk": 85, "def": 85, "spa": 85, "spd": 85, "spe": 85}, "ivs": {"hp": 31, "atk": 31, "def": 31, "spa": 31, "spd": 31, "spe": 31}, "item": "Heavy-Duty Boots", "teraType": "Water", "role": "Fast Support", "bvs": {"hp": 68, "atk": 50, "def": 60, "spa": 120, "spd": 95, "spe": 82}, "stats": {"hp": 260, "atk": 137, "def": 154, "spa": 259, "spd": 215, "spe": 192}, "types": ["Dragon", "Water"]}, "Toxicroak": {"name": "Toxicroak", "species": "Toxicroak", "speciesId": "toxicroak", "gender": "M", "shiny": false, "level": 84, "moves": ["suckerpunch", "gunkshot", "knockoff", "closecombat"], "ability": "Dry Skin", "evs": {"hp": 85, "atk": 85, "def": 85, "spa": 85, "spd": 85, "spe": 85}, "ivs": {"hp": 31, "atk": 31, "def": 31, "spa": 31, "spd": 31, "spe": 31}, "item": "Choice Band", "teraType": "Dark", "role": "Fast Attacker", "bvs": {"hp": 83, "atk": 106, "def": 65, "spa": 86, "spd": 65, "spe": 85}, "stats": {"hp": 277, "atk": 226, "def": 157, "spa": 193, "spd": 157, "spe": 191}, "types": ["Poison", "Fighting"]}, "Giratina": {"name": "Giratina", "species": "Giratina-Origin", "speciesId": "giratinaorigin", "gender": "N", "shiny": false, "level": 72, "moves": ["shadowsneak", "dragontail", "dracometeor", "poltergeist"], "ability": "Levitate", "evs": {"hp": 85, "atk": 85, "def": 85, "spa": 85, "spd": 85, "spe": 85}, "ivs": {"hp": 31, "atk": 31, "def": 31, "spa": 31, "spd": 31, "spe": 31}, "item": "Griseous Core", "teraType": "Dragon", "role": "Fast Attacker", "bvs": {"hp": 150, "atk": 120, "def": 100, "spa": 120, "spd": 100, "spe": 90}, "stats": {"hp": 335, "atk": 215, "def": 186, "spa": 215, "spd": 186, "spe": 172}, "types": ["Ghost", "Dragon"]}, "Electivire": {"name": "Electivire", "species": "Electivire", "speciesId": "electivire", "gender": "F", "shiny": false, "level": 84, "moves": ["earthquake", "flamethrower", "supercellslam", "knockoff"], "ability": "Motor Drive", "evs": {"hp": 85, "atk": 85, "def": 85, "spa": 85, "spd": 85, "spe": 85}, "ivs": {"hp": 31, "atk": 31, "def": 31, "spa": 31, "spd": 31, "spe": 31}, "item": "Life Orb", "teraType": "Ground", "role": "Fast Attacker", "bvs": {"hp": 75, "atk": 123, "def": 67, "spa": 95, "spd": 85, "spe": 95}, "stats": {"hp": 263, "atk": 255, "def": 161, "spa": 208, "spd": 191, "spe": 208}, "types": ["Electric"]}, "Tentacruel": {"name": "Tentacruel", "species": "Tentacruel", "speciesId": "tentacruel", "gender": "F", "shiny": false, "level": 84, "moves": ["sludgebomb", "surf", "toxic", "knockoff"], "ability": "Liquid Ooze", "evs": {"hp": 85, "atk": 85, "def": 85, "spa": 85, "spd": 85, "spe": 85}, "ivs": {"hp": 31, "atk": 31, "def": 31, "spa": 31, "spd": 31, "spe": 31}, "item": "Leftovers", "teraType": "Grass", "role": "Bulky Support", "bvs": {"hp": 80, "atk": 70, "def": 65, "spa": 80, "spd": 120, "spe": 100}, "stats": {"hp": 272, "atk": 166, "def": 157, "spa": 183, "spd": 250, "spe": 216}, "types": ["Water", "Poison"]}, "Lurantis": {"name": "Lurantis", "species": "Lurantis", "speciesId": "lurantis", "gender": "M", "shiny": false, "level": 87, "moves": ["leechlife", "superpower", "leafstorm", "knockoff"], "ability": "Contrary", "evs": {"hp": 85, "atk": 85, "def": 85, "spa": 85, "spd": 85, "spe": 85}, "ivs": {"hp": 31, "atk": 31, "def": 31, "spa": 31, "spd": 31, "spe": 31}, "item": "Assault Vest", "teraType": "Water", "role": "AV Pivot", "bvs": {"hp": 70, "atk": 105, "def": 90, "spa": 80, "spd": 90, "spe": 45}, "stats": {"hp": 264, "atk": 232, "def": 206, "spa": 189, "spd": 206, "spe": 128}, "types": ["Grass"]}}]}