{"id": "gen9randombattle-2641799649", "format": "[Gen 9] Random Battle", "players": ["kaimyo", "TC2003"], "log": "|j|\u2606kaimyo\n|j|\u2606TC2003\n|t:|1782843332\n|gametype|singles\n|player|p1|kaimyo|cynthia|2012\n|player|p2|TC2003|ethan|2018\n|gen|9\n|tier|[Gen 9] Random Battle\n|rated|\n|rule|Species Clause: Limit one of each Pok\u00e9mon\n|rule|HP Percentage Mod: HP is shown in percentages\n|rule|Sleep Clause Mod: Limit one foe put to sleep\n|rule|Illusion Level Mod: Illusion disguises the Pok\u00e9mon's true level\n|\n|t:|1782843332\n|teamsize|p1|6\n|teamsize|p2|6\n|start\n|switch|p1a: Rillaboom|Rillaboom, L79, F|288/288\n|switch|p2a: Trevenant|Trevenant, L89, M|296/296\n|-fieldstart|move: Grassy Terrain|[from] ability: Grassy Surge|[of] p1a: Rillaboom\n|turn|1\n|inactive|Battle timer is ON: inactive players will automatically lose when time's up. (requested by kaimyo)\n|\n|t:|1782843359\n|move|p1a: Rillaboom|Knock Off|p2a: Trevenant\n|-supereffective|p2a: Trevenant\n|-damage|p2a: Trevenant|46/296\n|-enditem|p2a: Trevenant|Sitrus Berry|[from] move: Knock Off|[of] p1a: Rillaboom\n|move|p2a: Trevenant|Toxic|p1a: Rillaboom\n|-status|p1a: Rillaboom|tox\n|\n|-heal|p2a: Trevenant|64/296|[from] Grassy Terrain\n|-damage|p1a: Rillaboom|270/288 tox|[from] psn\n|upkeep\n|turn|2\n|\n|t:|1782843364\n|move|p2a: Trevenant|Protect|p2a: Trevenant\n|-singleturn|p2a: Trevenant|Protect\n|move|p1a: Rillaboom|Knock Off|p2a: Trevenant\n|-activate|p2a: Trevenant|move: Protect\n|\n|-heal|p1a: Rillaboom|288/288 tox|[from] Grassy Terrain\n|-heal|p2a: Trevenant|82/296|[from] Grassy Terrain\n|-damage|p1a: Rillaboom|252/288 tox|[from] psn\n|upkeep\n|turn|3\n|\n|t:|1782843375\n|move|p2a: Trevenant|Protect|p2a: Trevenant\n|-singleturn|p2a: Trevenant|Protect\n|move|p1a: Rillaboom|Knock Off|p2a: Trevenant\n|-activate|p2a: Trevenant|move: Protect\n|\n|-heal|p1a: Rillaboom|270/288 tox|[from] Grassy Terrain\n|-heal|p2a: Trevenant|100/296|[from] Grassy Terrain\n|-damage|p1a: Rillaboom|216/288 tox|[from] psn\n|upkeep\n|turn|4\n|\n|t:|1782843386\n|move|p1a: Rillaboom|Knock Off|p2a: Trevenant\n|-supereffective|p2a: Trevenant\n|-damage|p2a: Trevenant|0 fnt\n|faint|p2a: Trevenant\n|\n|-heal|p1a: Rillaboom|234/288 tox|[from] Grassy Terrain\n|-damage|p1a: Rillaboom|162/288 tox|[from] psn\n|upkeep\n|\n|t:|1782843389\n|switch|p2a: Kleavor|Kleavor, L78, M|237/237\n|turn|5\n|\n|t:|1782843396\n|switch|p1a: Krookodile|Krookodile, L79, F|280/280\n|-ability|p1a: Krookodile|Intimidate|boost\n|-unboost|p2a: Kleavor|atk|1\n|move|p2a: Kleavor|Stone Axe|p1a: Krookodile\n|-resisted|p1a: Krookodile\n|-damage|p1a: Krookodile|233/280\n|-sidestart|p1: kaimyo|move: Stealth Rock\n|\n|-heal|p1a: Krookodile|250/280|[from] Grassy Terrain\n|-heal|p1a: Krookodile|267/280|[from] item: Leftovers\n|-fieldend|move: Grassy Terrain\n|upkeep\n|turn|6\n|\n|t:|1782843421\n|switch|p2a: Hitmonchan|Hitmonchan, L87, M|229/229\n|-terastallize|p1a: Krookodile|Poison\n|move|p1a: Krookodile|Bulk Up|p1a: Krookodile\n|-boost|p1a: Krookodile|atk|1\n|-boost|p1a: Krookodile|def|1\n|\n|-heal|p1a: Krookodile|280/280|[from] item: Leftovers\n|upkeep\n|turn|7\n|\n|t:|1782843436\n|move|p1a: Krookodile|Bulk Up|p1a: Krookodile\n|-boost|p1a: Krookodile|atk|1\n|-boost|p1a: Krookodile|def|1\n|move|p2a: Hitmonchan|Knock Off|p1a: Krookodile\n|-damage|p1a: Krookodile|224/280\n|-enditem|p1a: Krookodile|Leftovers|[from] move: Knock Off|[of] p2a: Hitmonchan\n|-damage|p2a: Hitmonchan|207/229|[from] item: Life Orb\n|\n|upkeep\n|turn|8\n|\n|t:|1782843447\n|switch|p2a: Kleavor|Kleavor, L78, M|237/237\n|move|p1a: Krookodile|Earthquake|p2a: Kleavor\n|-damage|p2a: Kleavor|35/237\n|\n|upkeep\n|turn|9\n|\n|t:|1782843454\n|move|p1a: Krookodile|Earthquake|p2a: Kleavor\n|-damage|p2a: Kleavor|0 fnt\n|faint|p2a: Kleavor\n|\n|upkeep\n|\n|t:|1782843457\n|switch|p2a: Magmortar|Magmortar, L88, F|275/275\n|turn|10\n|\n|t:|1782843467\n|-terastallize|p2a: Magmortar|Water\n|move|p2a: Magmortar|Scorching Sands|p1a: Krookodile\n|-supereffective|p1a: Krookodile\n|-damage|p1a: Krookodile|68/280\n|move|p1a: Krookodile|Gunk Shot|p2a: Magmortar\n|-damage|p2a: Magmortar|0 fnt\n|faint|p2a: Magmortar\n|\n|upkeep\n|\n|t:|1782843473\n|switch|p2a: Dudunsparce|Dudunsparce, L83, M|343/343\n|turn|11\n|\n|t:|1782843479\n|move|p1a: Krookodile|Gunk Shot|p2a: Dudunsparce|[miss]\n|-miss|p1a: Krookodile|p2a: Dudunsparce\n|move|p2a: Dudunsparce|Boomburst|p1a: Krookodile\n|-damage|p1a: Krookodile|0 fnt\n|faint|p1a: Krookodile\n|\n|upkeep\n|\n|t:|1782843489\n|switch|p1a: Skarmory|Skarmory, L80, M|235/235\n|-damage|p1a: Skarmory|206/235|[from] Stealth Rock\n|turn|12\n|\n|t:|1782843497\n|move|p1a: Skarmory|Body Press|p2a: Dudunsparce\n|-supereffective|p2a: Dudunsparce\n|-damage|p2a: Dudunsparce|177/343\n|move|p2a: Dudunsparce|Boomburst|p1a: Skarmory\n|-resisted|p1a: Skarmory\n|-damage|p1a: Skarmory|125/235\n|\n|-heal|p2a: Dudunsparce|198/343|[from] item: Leftovers\n|upkeep\n|turn|13\n|\n|t:|1782843506\n|move|p1a: Skarmory|Roost|p1a: Skarmory\n|-heal|p1a: Skarmory|235/235\n|-singleturn|p1a: Skarmory|move: Roost\n|move|p2a: Dudunsparce|Roost|p2a: Dudunsparce\n|-heal|p2a: Dudunsparce|343/343\n|-singleturn|p2a: Dudunsparce|move: Roost\n|\n|upkeep\n|turn|14\n|\n|t:|1782843512\n|move|p1a: Skarmory|Spikes|p2a: Dudunsparce\n|-sidestart|p2: TC2003|Spikes\n|move|p2a: Dudunsparce|Boomburst|p1a: Skarmory\n|-resisted|p1a: Skarmory\n|-damage|p1a: Skarmory|152/235\n|\n|upkeep\n|turn|15\n|\n|t:|1782843516\n|move|p1a: Skarmory|Spikes|p2a: Dudunsparce\n|-sidestart|p2: TC2003|Spikes\n|move|p2a: Dudunsparce|Boomburst|p1a: Skarmory\n|-resisted|p1a: Skarmory\n|-damage|p1a: Skarmory|76/235\n|\n|upkeep\n|turn|16\n|\n|t:|1782843519\n|move|p1a: Skarmory|Roost|p1a: Skarmory\n|-heal|p1a: Skarmory|194/235\n|-singleturn|p1a: Skarmory|move: Roost\n|move|p2a: Dudunsparce|Earthquake|p1a: Skarmory\n|-supereffective|p1a: Skarmory\n|-damage|p1a: Skarmory|86/235\n|\n|upkeep\n|turn|17\n|\n|t:|1782843528\n|move|p1a: Skarmory|Roost|p1a: Skarmory\n|-heal|p1a: Skarmory|204/235\n|-singleturn|p1a: Skarmory|move: Roost\n|move|p2a: Dudunsparce|Boomburst|p1a: Skarmory\n|-resisted|p1a: Skarmory\n|-damage|p1a: Skarmory|118/235\n|\n|upkeep\n|turn|18\n|\n|t:|1782843534\n|switch|p2a: Hitmonchan|Hitmonchan, L87, M|207/229\n|-damage|p2a: Hitmonchan|169/229|[from] Spikes\n|move|p1a: Skarmory|Body Press|p2a: Hitmonchan\n|-damage|p2a: Hitmonchan|91/229\n|\n|upkeep\n|turn|19\n|\n|t:|1782843538\n|move|p2a: Hitmonchan|Drain Punch|p1a: Skarmory\n|-damage|p1a: Skarmory|17/235\n|-heal|p2a: Hitmonchan|142/229|[from] drain|[of] p1a: Skarmory\n|-damage|p2a: Hitmonchan|104/229|[from] item: Rocky Helmet|[of] p1a: Skarmory\n|-damage|p2a: Hitmonchan|82/229|[from] item: Life Orb\n|move|p1a: Skarmory|Brave Bird|p2a: Hitmonchan\n|-supereffective|p2a: Hitmonchan\n|-damage|p2a: Hitmonchan|0 fnt\n|faint|p2a: Hitmonchan\n|-damage|p1a: Skarmory|0 fnt|[from] Recoil\n|faint|p1a: Skarmory\n|\n|upkeep\n|\n|t:|1782843565\n|switch|p2a: Dudunsparce|Dudunsparce, L83, M|343/343\n|switch|p1a: Rillaboom|Rillaboom, L79, F|162/288 tox\n|-damage|p1a: Rillaboom|126/288 tox|[from] Stealth Rock\n|-fieldstart|move: Grassy Terrain|[from] ability: Grassy Surge|[of] p1a: Rillaboom\n|-damage|p2a: Dudunsparce|286/343|[from] Spikes\n|turn|20\n|\n|t:|1782843570\n|move|p1a: Rillaboom|Wood Hammer|p2a: Dudunsparce\n|-damage|p2a: Dudunsparce|0 fnt\n|faint|p2a: Dudunsparce\n|-damage|p1a: Rillaboom|32/288 tox|[from] Recoil\n|\n|-heal|p1a: Rillaboom|50/288 tox|[from] Grassy Terrain\n|-damage|p1a: Rillaboom|32/288 tox|[from] psn\n|upkeep\n|-message|TC2003 forfeited.\n|\n|win|kaimyo\n|raw|kaimyo's rating: 2012 &rarr; <strong>2032</strong><br />(+20 for winning)\n|raw|TC2003's rating: 2018 &rarr; <strong>1998</strong><br />(-20 for losing)\n", "inputlog": ">version f8ac14003a5f27e1bdc8d8c59608a773c1cb96e5\n>start {\"formatid\":\"gen9randombattle\",\"seed\":\"sodium,c2b2427052e6379cbb5e2a3914d6ea64\",\"rated\":\"Rated battle\"}\n>player p1 {\"name\":\"kaimyo\",\"avatar\":\"cynthia\",\"rating\":2012,\"seed\":\"sodium,0962a4e05d4a6baaac7130b076863685\"}\n>player p2 {\"name\":\"TC2003\",\"avatar\":\"ethan\",\"rating\":2018,\"seed\":\"sodium,fa4444543dea6ec1394d22bbe5cc97ac\"}\n>p1 move knockoff\n>p2 move toxic\n>p1 move knockoff\n>p2 move protect\n>p1 move knockoff\n>p2 move protect\n>p1 move knockoff\n>p2 move drainpunch\n>p2 switch 6\n>p1 switch 5\n>p2 move stoneaxe\n>p1 move bulkup terastallize\n>p2 switch 2\n>p1 move bulkup\n>p2 move knockoff\n>p1 move earthquake\n>p2 switch 2\n>p1 move earthquake\n>p2 move stoneaxe\n>p2 switch 3\n>p1 move gunkshot\n>p2 move scorchingsands terastallize\n>p2 switch 5\n>p1 move gunkshot\n>p2 move boomburst\n>p1 switch 4\n>p1 move bodypress\n>p2 move boomburst\n>p1 move roost\n>p2 move roost\n>p1 move spikes\n>p2 move boomburst\n>p1 move spikes\n>p2 move boomburst\n>p1 move roost\n>p2 move earthquake\n>p1 move roost\n>p2 move boomburst\n>p1 move bodypress\n>p2 switch 2\n>p1 move bravebird\n>p2 move drainpunch\n>p1 switch 5\n>p2 switch 2\n>p1 move woodhammer\n>p2 move roost\n>forcelose p2", "uploadtime": 1782843575, "views": 6, "formatid": "gen9randombattle", "rating": 1998, "private": 0, "password": null, "player_dets": [{"name": "kaimyo", "avatar": "cynthia", "rating": 2012, "seed": "sodium,0962a4e05d4a6baaac7130b076863685"}, {"name": "TC2003", "avatar": "ethan", "rating": 2018, "seed": "sodium,fa4444543dea6ec1394d22bbe5cc97ac"}], "teams_full": [{"Rillaboom": {"name": "Rillaboom", "species": "Rillaboom", "speciesId": "rillaboom", "gender": "F", "shiny": false, "level": 79, "moves": ["uturn", "knockoff", "grassyglide", "woodhammer"], "ability": "Grassy Surge", "evs": {"hp": 85, "atk": 85, "def": 85, "spa": 85, "spd": 85, "spe": 85}, "ivs": {"hp": 31, "atk": 31, "def": 31, "spa": 31, "spd": 31, "spe": 31}, "item": "Choice Band", "teraType": "Grass", "role": "Wallbreaker", "bvs": {"hp": 100, "atk": 125, "def": 90, "spa": 60, "spd": 70, "spe": 85}, "stats": {"hp": 288, "atk": 243, "def": 188, "spa": 140, "spd": 156, "spe": 180}, "types": ["Grass"]}, "Regidrago": {"name": "Regidrago", "species": "Regidrago", "speciesId": "regidrago", "gender": "N", "shiny": false, "level": 77, "moves": ["outrage", "dracometeor", "dragonenergy", "earthquake"], "ability": "Dragon's Maw", "evs": {"hp": 85, "atk": 85, "def": 85, "spa": 85, "spd": 85, "spe": 85}, "ivs": {"hp": 31, "atk": 31, "def": 31, "spa": 31, "spd": 31, "spe": 31}, "item": "Choice Scarf", "teraType": "Dragon", "role": "Fast Attacker", "bvs": {"hp": 200, "atk": 100, "def": 50, "spa": 100, "spd": 50, "spe": 80}, "stats": {"hp": 435, "atk": 199, "def": 122, "spa": 199, "spd": 122, "spe": 168}, "types": ["Dragon"]}, "Glalie": {"name": "Glalie", "species": "Glalie", "speciesId": "glalie", "gender": "F", "shiny": false, "level": 96, "moves": ["taunt", "earthquake", "freezedry", "spikes"], "ability": "Inner Focus", "evs": {"hp": 85, "atk": 85, "def": 85, "spa": 85, "spd": 85, "spe": 85}, "ivs": {"hp": 31, "atk": 31, "def": 31, "spa": 31, "spd": 31, "spe": 31}, "item": "Heavy-Duty Boots", "teraType": "Water", "role": "Fast Support", "bvs": {"hp": 80, "atk": 80, "def": 80, "spa": 80, "spd": 80, "spe": 80}, "stats": {"hp": 309, "atk": 208, "def": 208, "spa": 208, "spd": 208, "spe": 208}, "types": ["Ice"]}, "Skarmory": {"name": "Skarmory", "species": "Skarmory", "speciesId": "skarmory", "gender": "M", "shiny": false, "level": 80, "moves": ["bodypress", "bravebird", "spikes", "roost"], "ability": "Sturdy", "evs": {"hp": 85, "atk": 85, "def": 85, "spa": 85, "spd": 85, "spe": 85}, "ivs": {"hp": 31, "atk": 31, "def": 31, "spa": 31, "spd": 31, "spe": 31}, "item": "Rocky Helmet", "teraType": "Fighting", "role": "Bulky Attacker", "bvs": {"hp": 65, "atk": 80, "def": 140, "spa": 40, "spd": 70, "spe": 70}, "stats": {"hp": 235, "atk": 174, "def": 270, "spa": 110, "spd": 158, "spe": 158}, "types": ["Steel", "Flying"]}, "Krookodile": {"name": "Krookodile", "species": "Krookodile", "speciesId": "krookodile", "gender": "F", "shiny": false, "level": 79, "moves": ["bulkup", "gunkshot", "knockoff", "earthquake"], "ability": "Intimidate", "evs": {"hp": 85, "atk": 85, "def": 85, "spa": 85, "spd": 85, "spe": 85}, "ivs": {"hp": 31, "atk": 31, "def": 31, "spa": 31, "spd": 31, "spe": 31}, "item": "Leftovers", "teraType": "Poison", "role": "Bulky Setup", "bvs": {"hp": 95, "atk": 117, "def": 80, "spa": 65, "spd": 70, "spe": 92}, "stats": {"hp": 280, "atk": 230, "def": 172, "spa": 148, "spd": 156, "spe": 191}, "types": ["Ground", "Dark"]}, "Gouging Fire": {"name": "Gouging Fire", "species": "Gouging Fire", "speciesId": "gougingfire", "gender": "N", "shiny": false, "level": 74, "moves": ["morningsun", "heatcrash", "dragondance", "outrage"], "ability": "Protosynthesis", "evs": {"hp": 85, "atk": 85, "def": 85, "spa": 85, "spd": 85, "spe": 85}, "ivs": {"hp": 31, "atk": 31, "def": 31, "spa": 31, "spd": 31, "spe": 31}, "item": "Heavy-Duty Boots", "teraType": "Fairy", "role": "Bulky Setup", "bvs": {"hp": 105, "atk": 115, "def": 121, "spa": 65, "spd": 93, "spe": 91}, "stats": {"hp": 277, "atk": 213, "def": 222, "spa": 139, "spd": 181, "spe": 178}, "types": ["Fire", "Dragon"]}}, {"Trevenant": {"name": "Trevenant", "species": "Trevenant", "speciesId": "trevenant", "gender": "M", "shiny": false, "level": 89, "moves": ["drainpunch", "toxic", "poltergeist", "protect"], "ability": "Harvest", "evs": {"hp": 85, "atk": 85, "def": 85, "spa": 85, "spd": 85, "spe": 85}, "ivs": {"hp": 31, "atk": 31, "def": 31, "spa": 31, "spd": 31, "spe": 31}, "item": "Sitrus Berry", "teraType": "Dark", "role": "Bulky Support", "bvs": {"hp": 85, "atk": 110, "def": 76, "spa": 65, "spd": 82, "spe": 56}, "stats": {"hp": 296, "atk": 247, "def": 186, "spa": 166, "spd": 197, "spe": 150}, "types": ["Ghost", "Grass"]}, "Hitmonchan": {"name": "Hitmonchan", "species": "Hitmonchan", "speciesId": "hitmonchan", "gender": "M", "shiny": false, "level": 87, "moves": ["drainpunch", "knockoff", "swordsdance", "machpunch"], "ability": "Iron Fist", "evs": {"hp": 85, "atk": 85, "def": 85, "spa": 85, "spd": 85, "spe": 85}, "ivs": {"hp": 31, "atk": 31, "def": 31, "spa": 31, "spd": 31, "spe": 31}, "item": "Life Orb", "teraType": "Dark", "role": "Setup Sweeper", "bvs": {"hp": 50, "atk": 105, "def": 79, "spa": 35, "spd": 110, "spe": 76}, "stats": {"hp": 229, "atk": 232, "def": 187, "spa": 111, "spd": 241, "spe": 182}, "types": ["Fighting"]}, "Magmortar": {"name": "Magmortar", "species": "Magmortar", "speciesId": "magmortar", "gender": "F", "shiny": false, "level": 88, "moves": ["knockoff", "fireblast", "focusblast", "scorchingsands"], "ability": "Flame Body", "evs": {"hp": 85, "atk": 85, "def": 85, "spa": 85, "spd": 85, "spe": 85}, "ivs": {"hp": 31, "atk": 31, "def": 31, "spa": 31, "spd": 31, "spe": 31}, "item": "Heavy-Duty Boots", "teraType": "Water", "role": "Wallbreaker", "bvs": {"hp": 75, "atk": 95, "def": 67, "spa": 125, "spd": 95, "spe": 83}, "stats": {"hp": 275, "atk": 217, "def": 168, "spa": 270, "spd": 217, "spe": 196}, "types": ["Fire"]}, "Snorlax": {"name": "Snorlax", "species": "Snorlax", "speciesId": "snorlax", "gender": "F", "shiny": false, "level": 82, "moves": ["curse", "rest", "sleeptalk", "bodyslam"], "ability": "Thick Fat", "evs": {"hp": 85, "atk": 85, "def": 85, "spa": 85, "spd": 85, "spe": 85}, "ivs": {"hp": 31, "atk": 31, "def": 31, "spa": 31, "spd": 31, "spe": 31}, "item": "Leftovers", "teraType": "Poison", "role": "Bulky Attacker", "bvs": {"hp": 160, "atk": 110, "def": 65, "spa": 65, "spd": 110, "spe": 30}, "stats": {"hp": 397, "atk": 228, "def": 154, "spa": 154, "spd": 228, "spe": 96}, "types": ["Normal"]}, "Dudunsparce": {"name": "Dudunsparce", "species": "Dudunsparce", "speciesId": "dudunsparce", "gender": "M", "shiny": false, "level": 83, "moves": ["earthquake", "roost", "boomburst", "toxic"], "ability": "Rattled", "evs": {"hp": 85, "atk": 85, "def": 85, "spa": 85, "spd": 85, "spe": 85}, "ivs": {"hp": 31, "atk": 31, "def": 31, "spa": 31, "spd": 31, "spe": 31}, "item": "Leftovers", "teraType": "Ground", "role": "Bulky Attacker", "bvs": {"hp": 125, "atk": 100, "def": 80, "spa": 85, "spd": 75, "spe": 55}, "stats": {"hp": 343, "atk": 214, "def": 180, "spa": 189, "spd": 172, "spe": 139}, "types": ["Normal"]}, "Kleavor": {"name": "Kleavor", "species": "Kleavor", "speciesId": "kleavor", "gender": "M", "shiny": false, "level": 78, "moves": ["xscissor", "swordsdance", "closecombat", "stoneaxe"], "ability": "Sharpness", "evs": {"hp": 85, "atk": 85, "def": 85, "spa": 85, "spd": 85, "spe": 85}, "ivs": {"hp": 31, "atk": 31, "def": 31, "spa": 31, "spd": 31, "spe": 31}, "item": "Heavy-Duty Boots", "teraType": "Rock", "role": "Bulky Attacker", "bvs": {"hp": 70, "atk": 135, "def": 95, "spa": 45, "spd": 70, "spe": 85}, "stats": {"hp": 237, "atk": 256, "def": 193, "spa": 115, "spd": 154, "spe": 178}, "types": ["Bug", "Rock"]}}]}