{"id": "gen9randombattle-2642113471", "format": "[Gen 9] Random Battle", "players": ["Hammerhead94.0", "testbotcif"], "log": "|j|\u2606Hammerhead94.0\n|j|\u2606testbotcif\n|t:|1782892831\n|gametype|singles\n|player|p1|Hammerhead94.0|2|1335\n|player|p2|testbotcif|1|1318\n|gen|9\n|tier|[Gen 9] Random Battle\n|rated|\n|rule|Species Clause: Limit one of each Pok\u00e9mon\n|rule|HP Percentage Mod: HP is shown in percentages\n|rule|Sleep Clause Mod: Limit one foe put to sleep\n|rule|Illusion Level Mod: Illusion disguises the Pok\u00e9mon's true level\n|\n|t:|1782892831\n|teamsize|p1|6\n|teamsize|p2|6\n|start\n|switch|p1a: Volcarona|Volcarona, L77, F|257/257\n|switch|p2a: Coalossal|Coalossal, L89, F|341/341\n|turn|1\n|c|\u2606testbotcif|rlhf\n|inactive|Battle timer is ON: inactive players will automatically lose when time's up. (requested by testbotcif)\n|\n|t:|1782892847\n|switch|p1a: Toxicroak|Toxicroak, L84, M|277/277\n|move|p2a: Coalossal|Stone Edge|p1a: Toxicroak\n|-resisted|p1a: Toxicroak\n|-damage|p1a: Toxicroak|211/277\n|\n|upkeep\n|turn|2\n|\n|t:|1782892863\n|move|p1a: Toxicroak|Swords Dance|p1a: Toxicroak\n|-boost|p1a: Toxicroak|atk|2\n|move|p2a: Coalossal|Flamethrower|p1a: Toxicroak\n|-damage|p1a: Toxicroak|61/277\n|\n|upkeep\n|turn|3\n|\n|t:|1782892866\n|move|p1a: Toxicroak|Earthquake|p2a: Coalossal\n|-supereffective|p2a: Coalossal\n|-damage|p2a: Coalossal|0 fnt\n|faint|p2a: Coalossal\n|-damage|p1a: Toxicroak|34/277|[from] item: Life Orb\n|\n|upkeep\n|\n|t:|1782892866\n|switch|p2a: Cacturne|Cacturne, L92, F|278/278\n|turn|4\n|\n|t:|1782892873\n|move|p2a: Cacturne|Sucker Punch||[still]\n|-fail|p2a: Cacturne\n|move|p1a: Toxicroak|Swords Dance|p1a: Toxicroak\n|-boost|p1a: Toxicroak|atk|2\n|\n|upkeep\n|turn|5\n|\n|t:|1782892880\n|move|p2a: Cacturne|Sucker Punch|p1a: Toxicroak\n|-resisted|p1a: Toxicroak\n|-damage|p1a: Toxicroak|0 fnt\n|faint|p1a: Toxicroak\n|-damage|p2a: Cacturne|251/278|[from] item: Life Orb\n|\n|upkeep\n|\n|t:|1782892891\n|switch|p1a: Volcarona|Volcarona, L77, F|257/257\n|turn|6\n|\n|t:|1782892917\n|-terastallize|p2a: Cacturne|Poison\n|move|p1a: Volcarona|Bug Buzz|p2a: Cacturne\n|-resisted|p2a: Cacturne\n|-damage|p2a: Cacturne|185/278\n|move|p2a: Cacturne|Swords Dance|p2a: Cacturne\n|-boost|p2a: Cacturne|atk|2\n|\n|upkeep\n|turn|7\n|\n|t:|1782892931\n|move|p2a: Cacturne|Sucker Punch|p1a: Volcarona\n|-damage|p1a: Volcarona|0 fnt\n|faint|p1a: Volcarona\n|-damage|p2a: Cacturne|158/278|[from] item: Life Orb\n|\n|upkeep\n|\n|t:|1782892936\n|switch|p1a: Gliscor|Gliscor, L76, M|239/239\n|turn|8\n|\n|t:|1782892940\n|move|p1a: Gliscor|Earthquake|p2a: Cacturne\n|-supereffective|p2a: Cacturne\n|-damage|p2a: Cacturne|0 fnt\n|faint|p2a: Cacturne\n|\n|-status|p1a: Gliscor|tox|[from] item: Toxic Orb\n|upkeep\n|\n|t:|1782892940\n|switch|p2a: Granbull|Granbull, L88, F|302/302\n|-ability|p2a: Granbull|Intimidate|boost\n|-unboost|p1a: Gliscor|atk|1\n|turn|9\n|\n|t:|1782892949\n|move|p1a: Gliscor|Toxic Spikes|p2a: Granbull\n|-sidestart|p2: testbotcif|move: Toxic Spikes\n|move|p2a: Granbull|Play Rough|p1a: Gliscor\n|-damage|p1a: Gliscor|136/239 tox\n|\n|-heal|p1a: Gliscor|165/239 tox|[from] ability: Poison Heal\n|upkeep\n|turn|10\n|\n|t:|1782892952\n|move|p1a: Gliscor|Toxic Spikes|p2a: Granbull\n|-sidestart|p2: testbotcif|move: Toxic Spikes\n|move|p2a: Granbull|Play Rough|p1a: Gliscor\n|-damage|p1a: Gliscor|56/239 tox\n|\n|-heal|p1a: Gliscor|85/239 tox|[from] ability: Poison Heal\n|upkeep\n|turn|11\n|\n|t:|1782892955\n|move|p1a: Gliscor|Earthquake|p2a: Granbull\n|-damage|p2a: Granbull|238/302\n|move|p2a: Granbull|Play Rough|p1a: Gliscor|[miss]\n|-miss|p2a: Granbull|p1a: Gliscor\n|\n|-heal|p2a: Granbull|256/302|[from] item: Leftovers\n|-heal|p1a: Gliscor|114/239 tox|[from] ability: Poison Heal\n|upkeep\n|turn|12\n|\n|t:|1782892959\n|move|p1a: Gliscor|Knock Off|p2a: Granbull\n|-resisted|p2a: Granbull\n|-damage|p2a: Granbull|238/302\n|-enditem|p2a: Granbull|Leftovers|[from] move: Knock Off|[of] p1a: Gliscor\n|move|p2a: Granbull|Play Rough|p1a: Gliscor\n|-damage|p1a: Gliscor|14/239 tox\n|\n|-heal|p1a: Gliscor|43/239 tox|[from] ability: Poison Heal\n|upkeep\n|turn|13\n|\n|t:|1782892963\n|move|p1a: Gliscor|Earthquake|p2a: Granbull\n|-damage|p2a: Granbull|177/302\n|move|p2a: Granbull|Play Rough|p1a: Gliscor\n|-damage|p1a: Gliscor|0 fnt\n|faint|p1a: Gliscor\n|\n|upkeep\n|\n|t:|1782892970\n|switch|p1a: Hariyama|Hariyama, L87, F|392/392\n|turn|14\n|\n|t:|1782892973\n|-terastallize|p1a: Hariyama|Steel\n|move|p1a: Hariyama|Heavy Slam|p2a: Granbull\n|-supereffective|p2a: Granbull\n|-damage|p2a: Granbull|0 fnt\n|faint|p2a: Granbull\n|\n|upkeep\n|\n|t:|1782892973\n|switch|p2a: Venomoth|Venomoth, L84, F|255/255\n|-sideend|p2: testbotcif|move: Toxic Spikes|[of] p2a: Venomoth\n|turn|15\n|\n|t:|1782892985\n|move|p2a: Venomoth|Quiver Dance|p2a: Venomoth\n|-boost|p2a: Venomoth|spa|1\n|-boost|p2a: Venomoth|spd|1\n|-boost|p2a: Venomoth|spe|1\n|move|p1a: Hariyama|Stone Edge|p2a: Venomoth|[miss]\n|-miss|p1a: Hariyama|p2a: Venomoth\n|\n|upkeep\n|turn|16\n|\n|t:|1782892988\n|move|p2a: Venomoth|Sludge Wave|p1a: Hariyama\n|-immune|p1a: Hariyama\n|move|p1a: Hariyama|Stone Edge|p2a: Venomoth\n|-supereffective|p2a: Venomoth\n|-damage|p2a: Venomoth|1/255\n|\n|upkeep\n|turn|17\n|\n|t:|1782892994\n|move|p2a: Venomoth|Bug Buzz|p1a: Hariyama\n|-resisted|p1a: Hariyama\n|-damage|p1a: Hariyama|282/392\n|move|p1a: Hariyama|Stone Edge|p2a: Venomoth\n|-supereffective|p2a: Venomoth\n|-damage|p2a: Venomoth|0 fnt\n|faint|p2a: Venomoth\n|\n|upkeep\n|\n|t:|1782892995\n|switch|p2a: Pachirisu|Pachirisu, L96, F|271/271\n|turn|18\n|\n|t:|1782892999\n|move|p2a: Pachirisu|Thunderbolt|p1a: Hariyama\n|-damage|p1a: Hariyama|224/392\n|move|p1a: Hariyama|Stone Edge|p2a: Pachirisu\n|-damage|p2a: Pachirisu|183/271\n|\n|upkeep\n|turn|19\n|\n|t:|1782893002\n|move|p2a: Pachirisu|Thunderbolt|p1a: Hariyama\n|-damage|p1a: Hariyama|157/392\n|move|p1a: Hariyama|Stone Edge|p2a: Pachirisu\n|-crit|p2a: Pachirisu\n|-damage|p2a: Pachirisu|39/271\n|\n|upkeep\n|turn|20\n|\n|t:|1782893017\n|move|p2a: Pachirisu|Thunderbolt|p1a: Hariyama\n|-damage|p1a: Hariyama|91/392\n|move|p1a: Hariyama|Stone Edge|p2a: Pachirisu\n|-crit|p2a: Pachirisu\n|-damage|p2a: Pachirisu|0 fnt\n|faint|p2a: Pachirisu\n|\n|upkeep\n|\n|t:|1782893017\n|switch|p2a: Garganacl|Garganacl, L80, F|291/291\n|turn|21\n|\n|t:|1782893026\n|move|p1a: Hariyama|Heavy Slam|p2a: Garganacl\n|-supereffective|p2a: Garganacl\n|-damage|p2a: Garganacl|213/291\n|move|p2a: Garganacl|Salt Cure|p1a: Hariyama\n|-resisted|p1a: Hariyama\n|-damage|p1a: Hariyama|66/392\n|-start|p1a: Hariyama|Salt Cure\n|\n|-heal|p2a: Garganacl|231/291|[from] item: Leftovers\n|-damage|p1a: Hariyama|0 fnt|[from] Salt Cure\n|faint|p1a: Hariyama\n|upkeep\n|\n|t:|1782893035\n|switch|p1a: Farigiraf|Farigiraf, L90, F|362/362\n|turn|22\n|\n|t:|1782893039\n|move|p1a: Farigiraf|Psychic Noise|p2a: Garganacl\n|-damage|p2a: Garganacl|132/291\n|-start|p2a: Garganacl|move: Heal Block\n|cant|p2a: Garganacl|move: Heal Block|Recover\n|\n|upkeep\n|turn|23\n|\n|t:|1782893051\n|move|p1a: Farigiraf|Psychic Noise|p2a: Garganacl\n|-crit|p2a: Garganacl\n|-damage|p2a: Garganacl|0 fnt\n|faint|p2a: Garganacl\n|\n|win|Hammerhead94.0\n|raw|Hammerhead94.0's rating: 1335 &rarr; <strong>1354</strong><br />(+19 for winning)\n|raw|testbotcif's rating: 1318 &rarr; <strong>1299</strong><br />(-19 for losing)\n", "inputlog": ">version f8ac14003a5f27e1bdc8d8c59608a773c1cb96e5\n>start {\"formatid\":\"gen9randombattle\",\"seed\":\"sodium,b78b1479c39faca6f2bf279911ecb21d\",\"rated\":\"Rated battle\"}\n>player p1 {\"name\":\"Hammerhead94.0\",\"avatar\":\"2\",\"rating\":1335,\"seed\":\"sodium,e24460aee48224630fe8dd3e01e8eaf4\"}\n>player p2 {\"name\":\"testbotcif\",\"avatar\":\"1\",\"rating\":1318,\"seed\":\"sodium,924070c785663370d527ba79c74775cd\"}\n>chat \u2606testbotcif|rlhf\n>p1 switch 5\n>p2 move stoneedge\n>p1 move swordsdance\n>p2 move flamethrower\n>p1 move earthquake\n>p2 move flamethrower\n>p2 switch 4\n>p1 move swordsdance\n>p2 move suckerpunch\n>p1 move gunkshot\n>p2 move suckerpunch\n>p1 switch 5\n>p1 move bugbuzz\n>p2 move swordsdance terastallize\n>p1 move fierydance\n>p2 move suckerpunch\n>p1 switch 2\n>p1 move earthquake\n>p2 move seedbomb\n>p2 switch 2\n>p1 move toxicspikes\n>p2 move playrough\n>p1 move toxicspikes\n>p2 move playrough\n>p1 move earthquake\n>p2 move playrough\n>p1 move knockoff\n>p2 move playrough\n>p1 move earthquake\n>p2 move playrough\n>p1 switch 4\n>p1 move heavyslam terastallize\n>p2 move playrough\n>p2 switch 3\n>p1 move stoneedge\n>p2 move quiverdance\n>p1 move stoneedge\n>p2 move sludgewave\n>p1 move stoneedge\n>p2 move bugbuzz\n>p2 switch 5\n>p1 move stoneedge\n>p2 move thunderbolt\n>p1 move stoneedge\n>p2 move thunderbolt\n>p1 move stoneedge\n>p2 move thunderbolt\n>p2 switch 6\n>p1 move heavyslam\n>p2 move saltcure\n>p1 switch 6\n>p1 move psychicnoise\n>p2 move recover\n>p1 move psychicnoise\n>p2 move saltcure", "uploadtime": 1782893051, "views": 7, "formatid": "gen9randombattle", "rating": 1299, "private": 0, "password": null, "player_dets": [{"name": "Hammerhead94.0", "avatar": "2", "rating": 1335, "seed": "sodium,e24460aee48224630fe8dd3e01e8eaf4"}, {"name": "testbotcif", "avatar": "1", "rating": 1318, "seed": "sodium,924070c785663370d527ba79c74775cd"}], "teams_full": [{"Volcarona": {"name": "Volcarona", "species": "Volcarona", "speciesId": "volcarona", "gender": "F", "shiny": false, "level": 77, "moves": ["quiverdance", "fierydance", "gigadrain", "bugbuzz"], "ability": "Flame Body", "evs": {"hp": 85, "atk": 0, "def": 85, "spa": 85, "spd": 85, "spe": 85}, "ivs": {"hp": 31, "atk": 0, "def": 31, "spa": 31, "spd": 31, "spe": 31}, "item": "Heavy-Duty Boots", "teraType": "Steel", "role": "Fast Bulky Setup", "bvs": {"hp": 85, "atk": 60, "def": 65, "spa": 135, "spd": 105, "spe": 100}, "stats": {"hp": 257, "atk": 97, "def": 145, "spa": 252, "spd": 206, "spe": 199}, "types": ["Bug", "Fire"]}, "Gliscor": {"name": "Gliscor", "species": "Gliscor", "speciesId": "gliscor", "gender": "M", "shiny": false, "level": 76, "moves": ["earthquake", "toxicspikes", "knockoff", "protect"], "ability": "Poison Heal", "evs": {"hp": 85, "atk": 85, "def": 85, "spa": 85, "spd": 85, "spe": 85}, "ivs": {"hp": 31, "atk": 31, "def": 31, "spa": 31, "spd": 31, "spe": 31}, "item": "Toxic Orb", "teraType": "Water", "role": "Bulky Support", "bvs": {"hp": 75, "atk": 95, "def": 125, "spa": 45, "spd": 75, "spe": 95}, "stats": {"hp": 239, "atk": 188, "def": 234, "spa": 112, "spd": 158, "spe": 188}, "types": ["Ground", "Flying"]}, "Armarouge": {"name": "Armarouge", "species": "Armarouge", "speciesId": "armarouge", "gender": "M", "shiny": false, "level": 80, "moves": ["energyball", "psyshock", "armorcannon", "aurasphere"], "ability": "Weak Armor", "evs": {"hp": 85, "atk": 0, "def": 85, "spa": 85, "spd": 85, "spe": 85}, "ivs": {"hp": 31, "atk": 0, "def": 31, "spa": 31, "spd": 31, "spe": 31}, "item": "Choice Specs", "teraType": "Fighting", "role": "Wallbreaker", "bvs": {"hp": 85, "atk": 60, "def": 100, "spa": 125, "spd": 80, "spe": 75}, "stats": {"hp": 267, "atk": 101, "def": 206, "spa": 246, "spd": 174, "spe": 166}, "types": ["Fire", "Psychic"]}, "Hariyama": {"name": "Hariyama", "species": "Hariyama", "speciesId": "hariyama", "gender": "F", "shiny": false, "level": 87, "moves": ["heavyslam", "stoneedge", "knockoff", "closecombat"], "ability": "Thick Fat", "evs": {"hp": 85, "atk": 85, "def": 85, "spa": 85, "spd": 85, "spe": 85}, "ivs": {"hp": 31, "atk": 31, "def": 31, "spa": 31, "spd": 31, "spe": 31}, "item": "Assault Vest", "teraType": "Steel", "role": "AV Pivot", "bvs": {"hp": 144, "atk": 120, "def": 60, "spa": 40, "spd": 60, "spe": 50}, "stats": {"hp": 392, "atk": 259, "def": 154, "spa": 119, "spd": 154, "spe": 137}, "types": ["Fighting"]}, "Toxicroak": {"name": "Toxicroak", "species": "Toxicroak", "speciesId": "toxicroak", "gender": "M", "shiny": false, "level": 84, "moves": ["gunkshot", "closecombat", "swordsdance", "earthquake"], "ability": "Dry Skin", "evs": {"hp": 85, "atk": 85, "def": 85, "spa": 85, "spd": 85, "spe": 85}, "ivs": {"hp": 31, "atk": 31, "def": 31, "spa": 31, "spd": 31, "spe": 31}, "item": "Life Orb", "teraType": "Dark", "role": "Setup Sweeper", "bvs": {"hp": 83, "atk": 106, "def": 65, "spa": 86, "spd": 65, "spe": 85}, "stats": {"hp": 277, "atk": 226, "def": 157, "spa": 193, "spd": 157, "spe": 191}, "types": ["Poison", "Fighting"]}, "Farigiraf": {"name": "Farigiraf", "species": "Farigiraf", "speciesId": "farigiraf", "gender": "F", "shiny": false, "level": 90, "moves": ["bodyslam", "wish", "protect", "psychicnoise"], "ability": "Sap Sipper", "evs": {"hp": 85, "atk": 85, "def": 85, "spa": 85, "spd": 85, "spe": 85}, "ivs": {"hp": 31, "atk": 31, "def": 31, "spa": 31, "spd": 31, "spe": 31}, "item": "Leftovers", "teraType": "Water", "role": "Bulky Support", "bvs": {"hp": 120, "atk": 90, "def": 70, "spa": 110, "spd": 70, "spe": 60}, "stats": {"hp": 362, "atk": 213, "def": 177, "spa": 249, "spd": 177, "spe": 159}, "types": ["Normal", "Psychic"]}}, {"Coalossal": {"name": "Coalossal", "species": "Coalossal", "speciesId": "coalossal", "gender": "F", "shiny": false, "level": 89, "moves": ["spikes", "stoneedge", "rapidspin", "flamethrower"], "ability": "Flame Body", "evs": {"hp": 85, "atk": 85, "def": 85, "spa": 85, "spd": 85, "spe": 85}, "ivs": {"hp": 31, "atk": 31, "def": 31, "spa": 31, "spd": 31, "spe": 31}, "item": "Heavy-Duty Boots", "teraType": "Ghost", "role": "Bulky Support", "bvs": {"hp": 110, "atk": 80, "def": 120, "spa": 80, "spd": 90, "spe": 30}, "stats": {"hp": 341, "atk": 193, "def": 264, "spa": 193, "spd": 211, "spe": 104}, "types": ["Rock", "Fire"]}, "Granbull": {"name": "Granbull", "species": "Granbull", "speciesId": "granbull", "gender": "F", "shiny": false, "level": 88, "moves": ["playrough", "earthquake", "thunderwave", "roar"], "ability": "Intimidate", "evs": {"hp": 85, "atk": 85, "def": 85, "spa": 85, "spd": 85, "spe": 85}, "ivs": {"hp": 31, "atk": 31, "def": 31, "spa": 31, "spd": 31, "spe": 31}, "item": "Leftovers", "teraType": "Ground", "role": "Bulky Support", "bvs": {"hp": 90, "atk": 120, "def": 75, "spa": 60, "spd": 60, "spe": 45}, "stats": {"hp": 302, "atk": 261, "def": 182, "spa": 156, "spd": 156, "spe": 129}, "types": ["Fairy"]}, "Venomoth": {"name": "Venomoth", "species": "Venomoth", "speciesId": "venomoth", "gender": "F", "shiny": false, "level": 84, "moves": ["sleeppowder", "sludgewave", "quiverdance", "bugbuzz"], "ability": "Tinted Lens", "evs": {"hp": 85, "atk": 0, "def": 85, "spa": 85, "spd": 85, "spe": 85}, "ivs": {"hp": 31, "atk": 0, "def": 31, "spa": 31, "spd": 31, "spe": 31}, "item": "Heavy-Duty Boots", "teraType": "Water", "role": "Setup Sweeper", "bvs": {"hp": 70, "atk": 65, "def": 60, "spa": 90, "spd": 75, "spe": 90}, "stats": {"hp": 255, "atk": 114, "def": 149, "spa": 199, "spd": 174, "spe": 199}, "types": ["Bug", "Poison"]}, "Cacturne": {"name": "Cacturne", "species": "Cacturne", "speciesId": "cacturne", "gender": "F", "shiny": false, "level": 92, "moves": ["suckerpunch", "seedbomb", "swordsdance", "knockoff"], "ability": "Water Absorb", "evs": {"hp": 85, "atk": 85, "def": 85, "spa": 85, "spd": 85, "spe": 85}, "ivs": {"hp": 31, "atk": 31, "def": 31, "spa": 31, "spd": 31, "spe": 31}, "item": "Life Orb", "teraType": "Poison", "role": "Setup Sweeper", "bvs": {"hp": 70, "atk": 115, "def": 60, "spa": 115, "spd": 60, "spe": 55}, "stats": {"hp": 278, "atk": 264, "def": 163, "spa": 264, "spd": 163, "spe": 154}, "types": ["Grass", "Dark"]}, "Pachirisu": {"name": "Pachirisu", "species": "Pachirisu", "speciesId": "pachirisu", "gender": "F", "shiny": false, "level": 96, "moves": ["nuzzle", "superfang", "uturn", "thunderbolt"], "ability": "Volt Absorb", "evs": {"hp": 85, "atk": 85, "def": 85, "spa": 85, "spd": 85, "spe": 85}, "ivs": {"hp": 31, "atk": 31, "def": 31, "spa": 31, "spd": 31, "spe": 31}, "item": "Assault Vest", "teraType": "Flying", "role": "AV Pivot", "bvs": {"hp": 60, "atk": 45, "def": 70, "spa": 45, "spd": 90, "spe": 95}, "stats": {"hp": 271, "atk": 141, "def": 189, "spa": 141, "spd": 227, "spe": 237}, "types": ["Electric"]}, "Garganacl": {"name": "Garganacl", "species": "Garganacl", "speciesId": "garganacl", "gender": "F", "shiny": false, "level": 80, "moves": ["stealthrock", "saltcure", "recover", "earthquake"], "ability": "Purifying Salt", "evs": {"hp": 85, "atk": 85, "def": 85, "spa": 85, "spd": 85, "spe": 85}, "ivs": {"hp": 31, "atk": 31, "def": 31, "spa": 31, "spd": 31, "spe": 31}, "item": "Leftovers", "teraType": "Ghost", "role": "Bulky Attacker", "bvs": {"hp": 100, "atk": 100, "def": 130, "spa": 45, "spd": 90, "spe": 35}, "stats": {"hp": 291, "atk": 206, "def": 254, "spa": 118, "spd": 190, "spe": 102}, "types": ["Rock"]}}]}