{"id": "gen9randombattle-2642191923", "format": "[Gen 9] Random Battle", "players": ["Gravi2y", "Elegy03"], "log": "|j|\u2606Gravi2y\n|j|\u2606Elegy03\n|t:|1782908468\n|gametype|singles\n|player|p1|Gravi2y|drayden|\n|player|p2|Elegy03|sabrina|\n|gen|9\n|tier|[Gen 9] Random Battle\n|rule|Species Clause: Limit one of each Pok\u00e9mon\n|rule|HP Percentage Mod: HP is shown in percentages\n|rule|Sleep Clause Mod: Limit one foe put to sleep\n|rule|Illusion Level Mod: Illusion disguises the Pok\u00e9mon's true level\n|\n|t:|1782908468\n|teamsize|p1|6\n|teamsize|p2|6\n|start\n|switch|p1a: Luvdisc|Luvdisc, F|247/247\n|switch|p2a: Giratina|Giratina-Origin, L72|335/335\n|turn|1\n|\n|t:|1782908496\n|switch|p2a: Electrode|Electrode, L92|260/260\n|move|p1a: Luvdisc|Substitute|p1a: Luvdisc\n|-start|p1a: Luvdisc|Substitute\n|-damage|p1a: Luvdisc|186/247\n|\n|upkeep\n|turn|2\n|\n|t:|1782908518\n|move|p2a: Electrode|Taunt|p1a: Luvdisc\n|-start|p1a: Luvdisc|move: Taunt\n|move|p1a: Luvdisc|Flip Turn|p2a: Electrode\n|-crit|p2a: Electrode\n|-damage|p2a: Electrode|187/260\n|\n|t:|1782908538\n|switch|p1a: Leafeon|Leafeon, L88, M|258/258|[from] Flip Turn\n|\n|upkeep\n|turn|3\n|\n|t:|1782908557\n|switch|p2a: Fezandipiti|Fezandipiti, L82, M|278/278\n|move|p1a: Leafeon|Swords Dance|p1a: Leafeon\n|-boost|p1a: Leafeon|atk|2\n|\n|upkeep\n|turn|4\n|\n|t:|1782908576\n|move|p1a: Leafeon|Double-Edge|p2a: Fezandipiti\n|-damage|p2a: Fezandipiti|0 fnt\n|faint|p2a: Fezandipiti\n|-damage|p1a: Leafeon|166/258|[from] Recoil\n|-damage|p1a: Leafeon|141/258|[from] item: Life Orb\n|\n|upkeep\n|\n|t:|1782908608\n|switch|p2a: Electrode|Electrode, L92|187/260\n|turn|5\n|\n|t:|1782908620\n|move|p2a: Electrode|Foul Play|p1a: Leafeon\n|-damage|p1a: Leafeon|0 fnt\n|faint|p1a: Leafeon\n|-damage|p2a: Electrode|161/260|[from] item: Life Orb\n|\n|upkeep\n|\n|t:|1782908635\n|switch|p1a: Jolteon|Jolteon, L84, F|246/246\n|turn|6\n|\n|t:|1782908647\n|move|p2a: Electrode|Taunt|p1a: Jolteon\n|-start|p1a: Jolteon|move: Taunt\n|move|p1a: Jolteon|Shadow Ball|p2a: Electrode\n|-damage|p2a: Electrode|67/260\n|\n|upkeep\n|turn|7\n|\n|t:|1782908672\n|switch|p2a: Giratina|Giratina-Origin, L72|335/335\n|move|p1a: Jolteon|Shadow Ball|p2a: Giratina\n|-supereffective|p2a: Giratina\n|-damage|p2a: Giratina|125/335\n|\n|upkeep\n|turn|8\n|\n|t:|1782908694\n|move|p2a: Giratina|Shadow Sneak|p1a: Jolteon\n|-damage|p1a: Jolteon|188/246\n|move|p1a: Jolteon|Shadow Ball|p2a: Giratina\n|-supereffective|p2a: Giratina\n|-damage|p2a: Giratina|0 fnt\n|faint|p2a: Giratina\n|\n|-end|p1a: Jolteon|move: Taunt\n|upkeep\n|\n|t:|1782908701\n|switch|p2a: Electrode|Electrode, L92|67/260\n|turn|9\n|\n|t:|1782908723\n|move|p2a: Electrode|Explosion|p1a: Jolteon\n|-damage|p1a: Jolteon|0 fnt\n|faint|p2a: Electrode\n|faint|p1a: Jolteon\n|\n|upkeep\n|\n|t:|1782908738\n|switch|p2a: Primarina|Primarina, L83, M|268/268\n|switch|p1a: Gothitelle|Gothitelle, L90, F|272/272\n|turn|10\n|\n|t:|1782908761\n|move|p1a: Gothitelle|Calm Mind|p1a: Gothitelle\n|-boost|p1a: Gothitelle|spa|1\n|-boost|p1a: Gothitelle|spd|1\n|move|p2a: Primarina|Calm Mind|p2a: Primarina\n|-boost|p2a: Primarina|spa|1\n|-boost|p2a: Primarina|spd|1\n|\n|upkeep\n|turn|11\n|\n|t:|1782908770\n|move|p1a: Gothitelle|Calm Mind|p1a: Gothitelle\n|-boost|p1a: Gothitelle|spa|1\n|-boost|p1a: Gothitelle|spd|1\n|move|p2a: Primarina|Calm Mind|p2a: Primarina\n|-boost|p2a: Primarina|spa|1\n|-boost|p2a: Primarina|spd|1\n|\n|upkeep\n|turn|12\n|\n|t:|1782908776\n|move|p1a: Gothitelle|Thunderbolt|p2a: Primarina\n|-supereffective|p2a: Primarina\n|-damage|p2a: Primarina|158/268\n|-status|p2a: Primarina|par\n|move|p2a: Primarina|Calm Mind|p2a: Primarina\n|-boost|p2a: Primarina|spa|1\n|-boost|p2a: Primarina|spd|1\n|\n|-heal|p2a: Primarina|174/268 par|[from] item: Leftovers\n|upkeep\n|turn|13\n|\n|t:|1782908789\n|move|p1a: Gothitelle|Thunderbolt|p2a: Primarina\n|-supereffective|p2a: Primarina\n|-crit|p2a: Primarina\n|-damage|p2a: Primarina|0 fnt\n|faint|p2a: Primarina\n|\n|upkeep\n|\n|t:|1782908796\n|switch|p2a: Slither Wing|Slither Wing, L81|270/270\n|-enditem|p2a: Slither Wing|Booster Energy\n|-activate|p2a: Slither Wing|ability: Protosynthesis|[fromitem]\n|-start|p2a: Slither Wing|protosynthesisatk\n|turn|14\n|\n|t:|1782908808\n|move|p2a: Slither Wing|Leech Life|p1a: Gothitelle\n|-supereffective|p1a: Gothitelle\n|-crit|p1a: Gothitelle\n|-damage|p1a: Gothitelle|0 fnt\n|faint|p1a: Gothitelle\n|\n|upkeep\n|\n|t:|1782908819\n|switch|p1a: Toucannon|Toucannon, L88, F|284/284\n|turn|15\n|\n|t:|1782908827\n|-singleturn|p1a: Toucannon|move: Beak Blast\n|move|p2a: Slither Wing|Wild Charge|p1a: Toucannon\n|-supereffective|p1a: Toucannon\n|-damage|p1a: Toucannon|56/284\n|-status|p2a: Slither Wing|brn\n|-damage|p2a: Slither Wing|213/270 brn|[from] Recoil\n|move|p1a: Toucannon|Beak Blast|p2a: Slither Wing\n|-supereffective|p2a: Slither Wing\n|-damage|p2a: Slither Wing|0 fnt\n|faint|p2a: Slither Wing\n|-end|p2a: Slither Wing|Protosynthesis|[silent]\n|\n|upkeep\n|\n|t:|1782908839\n|switch|p2a: Rayquaza|Rayquaza, L72|270/270\n|-ability|p2a: Rayquaza|Air Lock\n|turn|16\n|\n|t:|1782908858\n|-terastallize|p2a: Rayquaza|Steel\n|-singleturn|p1a: Toucannon|move: Beak Blast\n|move|p2a: Rayquaza|Dragon Dance|p2a: Rayquaza\n|-boost|p2a: Rayquaza|atk|1\n|-boost|p2a: Rayquaza|spe|1\n|move|p1a: Toucannon|Beak Blast|p2a: Rayquaza\n|-resisted|p2a: Rayquaza\n|-damage|p2a: Rayquaza|197/270\n|\n|upkeep\n|turn|17\n|\n|t:|1782908873\n|-singleturn|p1a: Toucannon|move: Beak Blast\n|move|p2a: Rayquaza|Dragon Dance|p2a: Rayquaza\n|-boost|p2a: Rayquaza|atk|1\n|-boost|p2a: Rayquaza|spe|1\n|move|p1a: Toucannon|Beak Blast|p2a: Rayquaza\n|-resisted|p2a: Rayquaza\n|-damage|p2a: Rayquaza|112/270\n|\n|upkeep\n|turn|18\n|\n|t:|1782908884\n|-singleturn|p1a: Toucannon|move: Beak Blast\n|move|p2a: Rayquaza|Dragon Dance|p2a: Rayquaza\n|-boost|p2a: Rayquaza|atk|1\n|-boost|p2a: Rayquaza|spe|1\n|move|p1a: Toucannon|Beak Blast|p2a: Rayquaza\n|-resisted|p2a: Rayquaza\n|-damage|p2a: Rayquaza|38/270\n|\n|upkeep\n|turn|19\n|\n|t:|1782908893\n|-singleturn|p1a: Toucannon|move: Beak Blast\n|move|p2a: Rayquaza|Outrage|p1a: Toucannon\n|-damage|p1a: Toucannon|0 fnt\n|-status|p2a: Rayquaza|brn\n|faint|p1a: Toucannon\n|\n|-damage|p2a: Rayquaza|22/270 brn|[from] brn\n|upkeep\n|\n|t:|1782908905\n|switch|p1a: Luvdisc|Luvdisc, F|186/247\n|turn|20\n|\n|t:|1782908910\n|move|p2a: Rayquaza|Outrage|p1a: Luvdisc|[from] lockedmove\n|-damage|p1a: Luvdisc|6/247\n|-start|p2a: Rayquaza|confusion|[fatigue]\n|move|p1a: Luvdisc|Flip Turn|p2a: Rayquaza\n|-damage|p2a: Rayquaza|0 fnt\n|faint|p2a: Rayquaza\n|\n|win|Gravi2y\n|j| HazyEyedPanda\n|l|\u2606Elegy03\n|player|p2|\n|l| HazyEyedPanda\n|j|\u2606Elegy03\n|player|p2|Elegy03|sabrina|\n", "inputlog": ">version f8ac14003a5f27e1bdc8d8c59608a773c1cb96e5\n>start {\"formatid\":\"gen9randombattle\",\"seed\":\"sodium,e01a65b33114fda1f758136bc702673c\"}\n>player p1 {\"name\":\"Gravi2y\",\"avatar\":\"drayden\",\"rating\":0,\"seed\":\"sodium,317419027e3e5dbf5514734331cc9602\"}\n>player p2 {\"name\":\"Elegy03\",\"avatar\":\"sabrina\",\"rating\":0,\"seed\":\"sodium,04e8ff261e1e4fd92720a442ed35eca2\"}\n>p1 move substitute\n>p2 switch 5\n>p1 move flipturn\n>p2 move taunt\n>p1 switch 5\n>p1 move swordsdance\n>p2 switch 2\n>p1 move doubleedge\n>p2 move gunkshot\n>p2 switch 2\n>p1 move synthesis\n>p2 move foulplay\n>p1 switch 6\n>p1 move shadowball\n>p2 move taunt\n>p1 move shadowball\n>p2 switch 5\n>p1 move shadowball\n>p2 move shadowsneak\n>p2 switch 5\n>p1 move shadowball\n>p2 move explosion\n>p1 switch 3\n>p2 switch 6\n>p1 move calmmind\n>p2 move calmmind\n>p1 move calmmind\n>p2 move calmmind\n>p1 move thunderbolt\n>p2 move calmmind\n>p1 move thunderbolt\n>p2 move drainingkiss\n>p2 switch 4\n>p1 move psychicnoise\n>p2 move leechlife\n>p1 switch 4\n>p1 move beakblast\n>p2 move wildcharge\n>p2 switch 3\n>p1 move beakblast\n>p2 move dragondance terastallize\n>p1 move beakblast\n>p2 move dragondance\n>p1 move beakblast\n>p2 move dragondance\n>p1 move beakblast\n>p2 move outrage\n>p1 switch 5\n>p1 move flipturn\n>p2 move outrage", "uploadtime": 1782909015, "views": 2, "formatid": "gen9randombattle", "rating": null, "private": 0, "password": null, "player_dets": [{"name": "Gravi2y", "avatar": "drayden", "rating": 0, "seed": "sodium,317419027e3e5dbf5514734331cc9602"}, {"name": "Elegy03", "avatar": "sabrina", "rating": 0, "seed": "sodium,04e8ff261e1e4fd92720a442ed35eca2"}], "teams_full": [{"Luvdisc": {"name": "Luvdisc", "species": "Luvdisc", "speciesId": "luvdisc", "gender": "F", "shiny": false, "level": 100, "moves": ["surf", "endeavor", "flipturn", "substitute"], "ability": "Swift Swim", "evs": {"hp": 81, "atk": 85, "def": 85, "spa": 85, "spd": 85, "spe": 85}, "ivs": {"hp": 31, "atk": 31, "def": 31, "spa": 31, "spd": 31, "spe": 31}, "item": "Heavy-Duty Boots", "teraType": "Ghost", "role": "Fast Support", "bvs": {"hp": 43, "atk": 30, "def": 55, "spa": 40, "spd": 65, "spe": 97}, "stats": {"hp": 247, "atk": 117, "def": 167, "spa": 137, "spd": 187, "spe": 251}, "types": ["Water"]}, "Solgaleo": {"name": "Solgaleo", "species": "Solgaleo", "speciesId": "solgaleo", "gender": "N", "shiny": false, "level": 74, "moves": ["sunsteelstrike", "psychicfangs", "knockoff", "morningsun"], "ability": "Full Metal Body", "evs": {"hp": 85, "atk": 85, "def": 85, "spa": 85, "spd": 85, "spe": 85}, "ivs": {"hp": 31, "atk": 31, "def": 31, "spa": 31, "spd": 31, "spe": 31}, "item": "Rocky Helmet", "teraType": "Water", "role": "Bulky Attacker", "bvs": {"hp": 137, "atk": 137, "def": 107, "spa": 113, "spd": 89, "spe": 97}, "stats": {"hp": 325, "atk": 246, "def": 201, "spa": 210, "spd": 175, "spe": 187}, "types": ["Psychic", "Steel"]}, "Gothitelle": {"name": "Gothitelle", "species": "Gothitelle", "speciesId": "gothitelle", "gender": "F", "shiny": false, "level": 90, "moves": ["calmmind", "psychicnoise", "darkpulse", "thunderbolt"], "ability": "Shadow Tag", "evs": {"hp": 85, "atk": 0, "def": 85, "spa": 85, "spd": 85, "spe": 85}, "ivs": {"hp": 31, "atk": 0, "def": 31, "spa": 31, "spd": 31, "spe": 31}, "item": "Leftovers", "teraType": "Ground", "role": "Bulky Setup", "bvs": {"hp": 70, "atk": 55, "def": 95, "spa": 95, "spd": 110, "spe": 65}, "stats": {"hp": 272, "atk": 104, "def": 222, "spa": 222, "spd": 249, "spe": 168}, "types": ["Psychic"]}, "Toucannon": {"name": "Toucannon", "species": "Toucannon", "speciesId": "toucannon", "gender": "F", "shiny": false, "level": 88, "moves": ["roost", "bulletseed", "boomburst", "beakblast"], "ability": "Skill Link", "evs": {"hp": 85, "atk": 85, "def": 85, "spa": 85, "spd": 85, "spe": 85}, "ivs": {"hp": 31, "atk": 31, "def": 31, "spa": 31, "spd": 31, "spe": 31}, "item": "Heavy-Duty Boots", "teraType": "Steel", "role": "Bulky Support", "bvs": {"hp": 80, "atk": 120, "def": 75, "spa": 75, "spd": 75, "spe": 60}, "stats": {"hp": 284, "atk": 261, "def": 182, "spa": 182, "spd": 182, "spe": 156}, "types": ["Normal", "Flying"]}, "Leafeon": {"name": "Leafeon", "species": "Leafeon", "speciesId": "leafeon", "gender": "M", "shiny": false, "level": 88, "moves": ["doubleedge", "leafblade", "synthesis", "swordsdance"], "ability": "Chlorophyll", "evs": {"hp": 85, "atk": 85, "def": 85, "spa": 85, "spd": 85, "spe": 85}, "ivs": {"hp": 31, "atk": 31, "def": 31, "spa": 31, "spd": 31, "spe": 31}, "item": "Life Orb", "teraType": "Normal", "role": "Setup Sweeper", "bvs": {"hp": 65, "atk": 110, "def": 130, "spa": 60, "spd": 65, "spe": 95}, "stats": {"hp": 258, "atk": 244, "def": 279, "spa": 156, "spd": 165, "spe": 217}, "types": ["Grass"]}, "Jolteon": {"name": "Jolteon", "species": "Jolteon", "speciesId": "jolteon", "gender": "F", "shiny": false, "level": 84, "moves": ["alluringvoice", "shadowball", "voltswitch", "thunderbolt"], "ability": "Volt Absorb", "evs": {"hp": 85, "atk": 0, "def": 85, "spa": 85, "spd": 85, "spe": 85}, "ivs": {"hp": 31, "atk": 0, "def": 31, "spa": 31, "spd": 31, "spe": 31}, "item": "Choice Specs", "teraType": "Fairy", "role": "Fast Attacker", "bvs": {"hp": 65, "atk": 65, "def": 60, "spa": 110, "spd": 95, "spe": 130}, "stats": {"hp": 246, "atk": 114, "def": 149, "spa": 233, "spd": 208, "spe": 267}, "types": ["Electric"]}}, {"Giratina": {"name": "Giratina", "species": "Giratina-Origin", "speciesId": "giratinaorigin", "gender": "N", "shiny": false, "level": 72, "moves": ["willowisp", "dracometeor", "shadowsneak", "poltergeist"], "ability": "Levitate", "evs": {"hp": 85, "atk": 85, "def": 85, "spa": 85, "spd": 85, "spe": 85}, "ivs": {"hp": 31, "atk": 31, "def": 31, "spa": 31, "spd": 31, "spe": 31}, "item": "Griseous Core", "teraType": "Ghost", "role": "Fast Attacker", "bvs": {"hp": 150, "atk": 120, "def": 100, "spa": 120, "spd": 100, "spe": 90}, "stats": {"hp": 335, "atk": 215, "def": 186, "spa": 215, "spd": 186, "spe": 172}, "types": ["Ghost", "Dragon"]}, "Fezandipiti": {"name": "Fezandipiti", "species": "Fezandipiti", "speciesId": "fezandipiti", "gender": "M", "shiny": false, "level": 82, "moves": ["roost", "beatup", "moonblast", "gunkshot"], "ability": "Toxic Chain", "evs": {"hp": 85, "atk": 85, "def": 85, "spa": 85, "spd": 85, "spe": 85}, "ivs": {"hp": 31, "atk": 31, "def": 31, "spa": 31, "spd": 31, "spe": 31}, "item": "Leftovers", "teraType": "Dark", "role": "Bulky Attacker", "bvs": {"hp": 88, "atk": 91, "def": 82, "spa": 70, "spd": 125, "spe": 99}, "stats": {"hp": 278, "atk": 196, "def": 182, "spa": 162, "spd": 252, "spe": 210}, "types": ["Poison", "Fairy"]}, "Rayquaza": {"name": "Rayquaza", "species": "Rayquaza", "speciesId": "rayquaza", "gender": "N", "shiny": false, "level": 72, "moves": ["outrage", "dragondance", "dragonascent", "earthquake"], "ability": "Air Lock", "evs": {"hp": 85, "atk": 85, "def": 85, "spa": 85, "spd": 85, "spe": 85}, "ivs": {"hp": 31, "atk": 31, "def": 31, "spa": 31, "spd": 31, "spe": 31}, "item": "Heavy-Duty Boots", "teraType": "Steel", "role": "Setup Sweeper", "bvs": {"hp": 105, "atk": 150, "def": 90, "spa": 150, "spd": 90, "spe": 95}, "stats": {"hp": 270, "atk": 258, "def": 172, "spa": 258, "spd": 172, "spe": 179}, "types": ["Dragon", "Flying"]}, "Slither Wing": {"name": "Slither Wing", "species": "Slither Wing", "speciesId": "slitherwing", "gender": "N", "shiny": false, "level": 81, "moves": ["bulkup", "closecombat", "wildcharge", "leechlife"], "ability": "Protosynthesis", "evs": {"hp": 85, "atk": 85, "def": 85, "spa": 85, "spd": 85, "spe": 85}, "ivs": {"hp": 31, "atk": 31, "def": 31, "spa": 31, "spd": 31, "spe": 31}, "item": "Booster Energy", "teraType": "Electric", "role": "Fast Bulky Setup", "bvs": {"hp": 85, "atk": 135, "def": 79, "spa": 85, "spd": 105, "spe": 81}, "stats": {"hp": 270, "atk": 265, "def": 175, "spa": 184, "spd": 217, "spe": 178}, "types": ["Bug", "Fighting"]}, "Electrode": {"name": "Electrode", "species": "Electrode", "speciesId": "electrode", "gender": "N", "shiny": false, "level": 92, "moves": ["taunt", "thunderbolt", "explosion", "foulplay"], "ability": "Aftermath", "evs": {"hp": 85, "atk": 85, "def": 85, "spa": 85, "spd": 85, "spe": 85}, "ivs": {"hp": 31, "atk": 31, "def": 31, "spa": 31, "spd": 31, "spe": 31}, "item": "Life Orb", "teraType": "Dark", "role": "Fast Support", "bvs": {"hp": 60, "atk": 50, "def": 70, "spa": 80, "spd": 80, "spe": 150}, "stats": {"hp": 260, "atk": 144, "def": 181, "spa": 200, "spd": 200, "spe": 328}, "types": ["Electric"]}, "Primarina": {"name": "Primarina", "species": "Primarina", "speciesId": "primarina", "gender": "M", "shiny": false, "level": 83, "moves": ["calmmind", "drainingkiss", "psychic", "sparklingaria"], "ability": "Torrent", "evs": {"hp": 85, "atk": 0, "def": 85, "spa": 85, "spd": 85, "spe": 85}, "ivs": {"hp": 31, "atk": 0, "def": 31, "spa": 31, "spd": 31, "spe": 31}, "item": "Leftovers", "teraType": "Fairy", "role": "Bulky Attacker", "bvs": {"hp": 80, "atk": 74, "def": 74, "spa": 126, "spd": 116, "spe": 60}, "stats": {"hp": 268, "atk": 127, "def": 171, "spa": 257, "spd": 240, "spe": 147}, "types": ["Water", "Fairy"]}}]}