{"id": "gen9randombattle-2642140031", "format": "[Gen 9] Random Battle", "players": ["IceColdAcer", "forcemajor14"], "log": "|j|\u2606IceColdAcer\n|j|\u2606forcemajor14\n|t:|1782898544\n|gametype|singles\n|player|p1|IceColdAcer|acetrainer|2136\n|player|p2|forcemajor14|266|2210\n|gen|9\n|tier|[Gen 9] Random Battle\n|rated|\n|rule|Species Clause: Limit one of each Pok\u00e9mon\n|rule|HP Percentage Mod: HP is shown in percentages\n|rule|Sleep Clause Mod: Limit one foe put to sleep\n|rule|Illusion Level Mod: Illusion disguises the Pok\u00e9mon's true level\n|\n|t:|1782898544\n|teamsize|p1|6\n|teamsize|p2|6\n|start\n|switch|p1a: Kyogre|Kyogre, L71|259/259\n|switch|p2a: Terapagos|Terapagos, L77, M|265/265\n|-activate|p2a: Terapagos|ability: Tera Shift\n|detailschange|p2a: Terapagos|Terapagos-Terastal, L77, M\n|-heal|p2a: Terapagos|273/273|[silent]\n|-weather|RainDance|[from] ability: Drizzle|[of] p1a: Kyogre\n|turn|1\n|inactive|Battle timer is ON: inactive players will automatically lose when time's up. (requested by forcemajor14)\n|\n|t:|1782898555\n|switch|p1a: Iron Hands|Iron Hands, L79|373/373\n|move|p2a: Terapagos|Calm Mind|p2a: Terapagos\n|-boost|p2a: Terapagos|spa|1\n|-boost|p2a: Terapagos|spd|1\n|\n|-weather|RainDance|[upkeep]\n|upkeep\n|turn|2\n|\n|t:|1782898561\n|move|p1a: Iron Hands|Fake Out|p2a: Terapagos\n|-activate|p2a: Terapagos|ability: Tera Shell\n|-resisted|p2a: Terapagos\n|-damage|p2a: Terapagos|258/273\n|cant|p2a: Terapagos|flinch\n|\n|-weather|RainDance|[upkeep]\n|upkeep\n|turn|3\n|\n|t:|1782898564\n|move|p2a: Terapagos|Tera Starstorm|p1a: Iron Hands\n|-damage|p1a: Iron Hands|226/373\n|move|p1a: Iron Hands|Close Combat|p2a: Terapagos\n|-supereffective|p2a: Terapagos\n|-damage|p2a: Terapagos|0 fnt\n|-unboost|p1a: Iron Hands|def|1\n|-unboost|p1a: Iron Hands|spd|1\n|faint|p2a: Terapagos\n|\n|-weather|RainDance|[upkeep]\n|upkeep\n|\n|t:|1782898565\n|switch|p2a: Rabsca|Rabsca, L91, M|284/284\n|turn|4\n|\n|t:|1782898573\n|move|p1a: Iron Hands|Wild Charge|p2a: Rabsca\n|-damage|p2a: Rabsca|172/284\n|-damage|p1a: Iron Hands|198/373|[from] Recoil\n|move|p2a: Rabsca|Revival Blessing|p2a: Rabsca\n|\n|t:|1782898575\n|-heal|p2: Terapagos|136/273|[from] move: Revival Blessing\n|\n|-weather|RainDance|[upkeep]\n|upkeep\n|turn|5\n|\n|t:|1782898579\n|move|p1a: Iron Hands|Volt Switch|p2a: Rabsca\n|-damage|p2a: Rabsca|139/284\n|\n|t:|1782898582\n|-end|p1a: Iron Hands|Quark Drive|[silent]\n|switch|p1a: Malamar|Malamar, L82, M|275/275|[from] Volt Switch\n|move|p2a: Rabsca|Psychic|p1a: Malamar\n|-immune|p1a: Malamar\n|\n|-weather|none\n|upkeep\n|turn|6\n|\n|t:|1782898585\n|switch|p2a: Toxapex|Toxapex, L82, F|216/216\n|move|p1a: Malamar|Knock Off|p2a: Toxapex\n|-damage|p2a: Toxapex|156/216\n|-damage|p1a: Malamar|230/275|[from] item: Rocky Helmet|[of] p2a: Toxapex\n|-enditem|p2a: Toxapex|Rocky Helmet|[from] move: Knock Off|[of] p1a: Malamar\n|\n|upkeep\n|turn|7\n|\n|t:|1782898593\n|move|p1a: Malamar|Superpower|p2a: Toxapex\n|-resisted|p2a: Toxapex\n|-damage|p2a: Toxapex|130/216\n|-boost|p1a: Malamar|atk|1\n|-boost|p1a: Malamar|def|1\n|move|p2a: Toxapex|Toxic Spikes|p1a: Malamar\n|-sidestart|p1: IceColdAcer|move: Toxic Spikes\n|\n|upkeep\n|turn|8\n|\n|t:|1782898599\n|move|p1a: Malamar|Psycho Cut|p2a: Toxapex\n|-supereffective|p2a: Toxapex\n|-damage|p2a: Toxapex|4/216\n|move|p2a: Toxapex|Recover|p2a: Toxapex\n|-heal|p2a: Toxapex|112/216\n|\n|upkeep\n|turn|9\n|\n|t:|1782898603\n|move|p1a: Malamar|Superpower|p2a: Toxapex\n|-resisted|p2a: Toxapex\n|-damage|p2a: Toxapex|72/216\n|-boost|p1a: Malamar|atk|1\n|-boost|p1a: Malamar|def|1\n|move|p2a: Toxapex|Recover|p2a: Toxapex\n|-heal|p2a: Toxapex|180/216\n|\n|upkeep\n|turn|10\n|\n|t:|1782898606\n|move|p1a: Malamar|Psycho Cut|p2a: Toxapex\n|-supereffective|p2a: Toxapex\n|-damage|p2a: Toxapex|0 fnt\n|faint|p2a: Toxapex\n|\n|upkeep\n|\n|t:|1782898609\n|switch|p2a: Terapagos|Terapagos-Terastal, L77, M|136/273\n|turn|11\n|\n|t:|1782898611\n|move|p2a: Terapagos|Tera Starstorm|p1a: Malamar\n|-damage|p1a: Malamar|109/275\n|move|p1a: Malamar|Superpower|p2a: Terapagos\n|-supereffective|p2a: Terapagos\n|-damage|p2a: Terapagos|0 fnt\n|-boost|p1a: Malamar|atk|1\n|-boost|p1a: Malamar|def|1\n|faint|p2a: Terapagos\n|\n|upkeep\n|\n|t:|1782898614\n|switch|p2a: Rabsca|Rabsca, L91, M|139/284\n|turn|12\n|\n|t:|1782898617\n|-terastallize|p2a: Rabsca|Steel\n|move|p1a: Malamar|Knock Off|p2a: Rabsca\n|-damage|p2a: Rabsca|0 fnt\n|-enditem|p2a: Rabsca|Heavy-Duty Boots|[from] move: Knock Off|[of] p1a: Malamar\n|faint|p2a: Rabsca\n|\n|upkeep\n|\n|t:|1782898619\n|switch|p2a: Breloom|Breloom, L83, M|235/235\n|turn|13\n|\n|t:|1782898623\n|-terastallize|p1a: Malamar|Poison\n|move|p1a: Malamar|Rest|p1a: Malamar\n|-status|p1a: Malamar|slp|[from] move: Rest\n|-heal|p1a: Malamar|275/275 slp|[silent]\n|-enditem|p1a: Malamar|Chesto Berry|[eat]\n|-curestatus|p1a: Malamar|slp|[msg]\n|move|p2a: Breloom|Bullet Seed|p1a: Malamar\n|-resisted|p1a: Malamar\n|-damage|p1a: Malamar|261/275\n|-resisted|p1a: Malamar\n|-damage|p1a: Malamar|247/275\n|-resisted|p1a: Malamar\n|-damage|p1a: Malamar|234/275\n|-hitcount|p1a: Malamar|3\n|-damage|p2a: Breloom|212/235|[from] item: Life Orb\n|\n|upkeep\n|turn|14\n|\n|t:|1782898629\n|move|p1a: Malamar|Psycho Cut|p2a: Breloom\n|-supereffective|p2a: Breloom\n|-damage|p2a: Breloom|0 fnt\n|faint|p2a: Breloom\n|\n|upkeep\n|\n|t:|1782898631\n|switch|p2a: Reuniclus|Reuniclus, L88, M|337/337\n|turn|15\n|\n|t:|1782898633\n|move|p1a: Malamar|Knock Off|p2a: Reuniclus\n|-supereffective|p2a: Reuniclus\n|-crit|p2a: Reuniclus\n|-damage|p2a: Reuniclus|0 fnt\n|-enditem|p2a: Reuniclus|Life Orb|[from] move: Knock Off|[of] p1a: Malamar\n|faint|p2a: Reuniclus\n|\n|upkeep\n|\n|t:|1782898636\n|switch|p2a: Tyranitar|Tyranitar, L78, F|284/284\n|-weather|Sandstorm|[from] ability: Sand Stream|[of] p2a: Tyranitar\n|turn|16\n|\n|t:|1782898638\n|move|p1a: Malamar|Superpower|p2a: Tyranitar\n|-supereffective|p2a: Tyranitar\n|-damage|p2a: Tyranitar|0 fnt\n|-boost|p1a: Malamar|atk|1\n|-boost|p1a: Malamar|def|1\n|faint|p2a: Tyranitar\n|\n|win|IceColdAcer\n|raw|IceColdAcer's rating: 2136 &rarr; <strong>2159</strong><br />(+23 for winning)\n|raw|forcemajor14's rating: 2194 &rarr; <strong>2171</strong><br />(-23 for losing)\n", "inputlog": ">version f8ac14003a5f27e1bdc8d8c59608a773c1cb96e5\n>start {\"formatid\":\"gen9randombattle\",\"seed\":\"sodium,5a30986acb5ff8a09a45c18eac0baa1d\",\"rated\":\"Rated battle\"}\n>player p1 {\"name\":\"IceColdAcer\",\"avatar\":\"acetrainer\",\"rating\":2136,\"seed\":\"sodium,1f37e168c15905ffcc4a89f19d283940\"}\n>player p2 {\"name\":\"forcemajor14\",\"avatar\":\"266\",\"rating\":2210,\"seed\":\"sodium,41cdc4118de8567bed03ca599d46ed6b\"}\n>p1 switch 4\n>p2 move calmmind\n>p1 move fakeout\n>p2 move terastarstorm\n>p1 move closecombat\n>p2 move terastarstorm\n>p2 switch 3\n>p1 move wildcharge\n>p2 move revivalblessing\n>p2 switch 3\n>p1 move voltswitch\n>p2 move psychic\n>p1 switch 5\n>p1 move knockoff\n>p2 switch 4\n>p1 move superpower\n>p2 move toxicspikes\n>p1 move psychocut\n>p2 move recover\n>p1 move superpower\n>p2 move recover\n>p1 move psychocut\n>p2 move haze\n>p2 switch 3\n>p1 move superpower\n>p2 move terastarstorm\n>p2 switch 4\n>p1 move knockoff\n>p2 move bugbuzz terastallize\n>p2 switch 2\n>p1 move rest terastallize\n>p2 move bulletseed\n>p1 move psychocut\n>p2 move swordsdance\n>p2 switch 6\n>p1 move knockoff\n>p2 move psychic\n>p2 switch 5\n>p1 move superpower\n>p2 move dragondance", "uploadtime": 1782898638, "views": 3, "formatid": "gen9randombattle", "rating": 2159, "private": 0, "password": null, "player_dets": [{"name": "IceColdAcer", "avatar": "acetrainer", "rating": 2136, "seed": "sodium,1f37e168c15905ffcc4a89f19d283940"}, {"name": "forcemajor14", "avatar": "266", "rating": 2210, "seed": "sodium,41cdc4118de8567bed03ca599d46ed6b"}], "teams_full": [{"Kyogre": {"name": "Kyogre", "species": "Kyogre", "speciesId": "kyogre", "gender": "N", "shiny": false, "level": 71, "moves": ["waterspout", "icebeam", "originpulse", "thunder"], "ability": "Drizzle", "evs": {"hp": 85, "atk": 0, "def": 85, "spa": 85, "spd": 85, "spe": 85}, "ivs": {"hp": 31, "atk": 0, "def": 31, "spa": 31, "spd": 31, "spe": 31}, "item": "Choice Scarf", "teraType": "Water", "role": "Fast Attacker", "bvs": {"hp": 100, "atk": 100, "def": 90, "spa": 150, "spd": 140, "spe": 90}, "stats": {"hp": 259, "atk": 147, "def": 169, "spa": 254, "spd": 240, "spe": 169}, "types": ["Water"]}, "Gholdengo": {"name": "Gholdengo", "species": "Gholdengo", "speciesId": "gholdengo", "gender": "N", "shiny": false, "level": 77, "moves": ["shadowball", "makeitrain", "nastyplot", "focusblast"], "ability": "Good as Gold", "evs": {"hp": 85, "atk": 0, "def": 85, "spa": 85, "spd": 85, "spe": 85}, "ivs": {"hp": 31, "atk": 0, "def": 31, "spa": 31, "spd": 31, "spe": 31}, "item": "Leftovers", "teraType": "Fighting", "role": "Bulky Attacker", "bvs": {"hp": 87, "atk": 60, "def": 95, "spa": 133, "spd": 91, "spe": 84}, "stats": {"hp": 261, "atk": 97, "def": 191, "spa": 249, "spd": 185, "spe": 174}, "types": ["Steel", "Ghost"]}, "Bellossom": {"name": "Bellossom", "species": "Bellossom", "speciesId": "bellossom", "gender": "M", "shiny": false, "level": 84, "moves": ["gigadrain", "quiverdance", "strengthsap", "terablast"], "ability": "Chlorophyll", "evs": {"hp": 85, "atk": 0, "def": 85, "spa": 85, "spd": 85, "spe": 85}, "ivs": {"hp": 31, "atk": 0, "def": 31, "spa": 31, "spd": 31, "spe": 31}, "item": "Leftovers", "teraType": "Rock", "role": "Tera Blast user", "bvs": {"hp": 75, "atk": 80, "def": 95, "spa": 90, "spd": 100, "spe": 50}, "stats": {"hp": 263, "atk": 139, "def": 208, "spa": 199, "spd": 216, "spe": 132}, "types": ["Grass"]}, "Iron Hands": {"name": "Iron Hands", "species": "Iron Hands", "speciesId": "ironhands", "gender": "N", "shiny": false, "level": 79, "moves": ["wildcharge", "fakeout", "voltswitch", "closecombat"], "ability": "Quark Drive", "evs": {"hp": 85, "atk": 85, "def": 85, "spa": 85, "spd": 85, "spe": 85}, "ivs": {"hp": 31, "atk": 31, "def": 31, "spa": 31, "spd": 31, "spe": 31}, "item": "Assault Vest", "teraType": "Fighting", "role": "AV Pivot", "bvs": {"hp": 154, "atk": 140, "def": 108, "spa": 50, "spd": 68, "spe": 50}, "stats": {"hp": 373, "atk": 267, "def": 216, "spa": 125, "spd": 153, "spe": 125}, "types": ["Fighting", "Electric"]}, "Malamar": {"name": "Malamar", "species": "Malamar", "speciesId": "malamar", "gender": "M", "shiny": false, "level": 82, "moves": ["rest", "knockoff", "psychocut", "superpower"], "ability": "Contrary", "evs": {"hp": 85, "atk": 85, "def": 85, "spa": 85, "spd": 85, "spe": 85}, "ivs": {"hp": 31, "atk": 31, "def": 31, "spa": 31, "spd": 31, "spe": 31}, "item": "Chesto Berry", "teraType": "Poison", "role": "Fast Bulky Setup", "bvs": {"hp": 86, "atk": 92, "def": 88, "spa": 68, "spd": 75, "spe": 73}, "stats": {"hp": 275, "atk": 198, "def": 191, "spa": 159, "spd": 170, "spe": 167}, "types": ["Dark", "Psychic"]}, "Bastiodon": {"name": "Bastiodon", "species": "Bastiodon", "speciesId": "bastiodon", "gender": "M", "shiny": false, "level": 89, "moves": ["irondefense", "rest", "bodypress", "foulplay"], "ability": "Soundproof", "evs": {"hp": 85, "atk": 0, "def": 85, "spa": 85, "spd": 85, "spe": 85}, "ivs": {"hp": 31, "atk": 0, "def": 31, "spa": 31, "spd": 31, "spe": 31}, "item": "Chesto Berry", "teraType": "Fighting", "role": "Bulky Setup", "bvs": {"hp": 60, "atk": 52, "def": 168, "spa": 47, "spd": 138, "spe": 30}, "stats": {"hp": 252, "atk": 97, "def": 350, "spa": 134, "spd": 296, "spe": 104}, "types": ["Rock", "Steel"]}}, {"Terapagos": {"name": "Terapagos", "species": "Terapagos", "speciesId": "terapagos", "gender": "M", "shiny": false, "level": 77, "moves": ["calmmind", "earthpower", "terastarstorm", "rapidspin"], "ability": "Tera Shift", "evs": {"hp": 85, "atk": 85, "def": 85, "spa": 85, "spd": 85, "spe": 85}, "ivs": {"hp": 31, "atk": 31, "def": 31, "spa": 31, "spd": 31, "spe": 31}, "item": "Heavy-Duty Boots", "teraType": "Stellar", "role": "Fast Bulky Setup", "bvs": {"hp": 90, "atk": 65, "def": 85, "spa": 65, "spd": 85, "spe": 60}, "stats": {"hp": 265, "atk": 145, "def": 175, "spa": 145, "spd": 175, "spe": 137}, "types": ["Normal"]}, "Breloom": {"name": "Breloom", "species": "Breloom", "speciesId": "breloom", "gender": "M", "shiny": false, "level": 83, "moves": ["swordsdance", "bulletseed", "rocktomb", "machpunch"], "ability": "Technician", "evs": {"hp": 85, "atk": 85, "def": 85, "spa": 85, "spd": 85, "spe": 85}, "ivs": {"hp": 31, "atk": 31, "def": 31, "spa": 31, "spd": 31, "spe": 31}, "item": "Life Orb", "teraType": "Rock", "role": "Fast Attacker", "bvs": {"hp": 60, "atk": 130, "def": 80, "spa": 60, "spd": 60, "spe": 70}, "stats": {"hp": 235, "atk": 263, "def": 180, "spa": 147, "spd": 147, "spe": 164}, "types": ["Grass", "Fighting"]}, "Rabsca": {"name": "Rabsca", "species": "Rabsca", "speciesId": "rabsca", "gender": "M", "shiny": false, "level": 91, "moves": ["trickroom", "revivalblessing", "psychic", "bugbuzz"], "ability": "Synchronize", "evs": {"hp": 85, "atk": 0, "def": 85, "spa": 85, "spd": 85, "spe": 0}, "ivs": {"hp": 31, "atk": 0, "def": 31, "spa": 31, "spd": 31, "spe": 0}, "item": "Heavy-Duty Boots", "teraType": "Steel", "role": "Wallbreaker", "bvs": {"hp": 75, "atk": 50, "def": 85, "spa": 115, "spd": 100, "spe": 45}, "stats": {"hp": 284, "atk": 96, "def": 207, "spa": 261, "spd": 234, "spe": 86}, "types": ["Bug", "Psychic"]}, "Toxapex": {"name": "Toxapex", "species": "Toxapex", "speciesId": "toxapex", "gender": "F", "shiny": false, "level": 82, "moves": ["toxicspikes", "haze", "recover", "liquidation"], "ability": "Regenerator", "evs": {"hp": 85, "atk": 85, "def": 85, "spa": 85, "spd": 85, "spe": 85}, "ivs": {"hp": 31, "atk": 31, "def": 31, "spa": 31, "spd": 31, "spe": 31}, "item": "Rocky Helmet", "teraType": "Flying", "role": "Bulky Support", "bvs": {"hp": 50, "atk": 63, "def": 152, "spa": 53, "spd": 142, "spe": 35}, "stats": {"hp": 216, "atk": 150, "def": 296, "spa": 134, "spd": 280, "spe": 105}, "types": ["Poison", "Water"]}, "Tyranitar": {"name": "Tyranitar", "species": "Tyranitar", "speciesId": "tyranitar", "gender": "F", "shiny": false, "level": 78, "moves": ["dragondance", "knockoff", "stoneedge", "icepunch"], "ability": "Sand Stream", "evs": {"hp": 85, "atk": 85, "def": 85, "spa": 85, "spd": 85, "spe": 85}, "ivs": {"hp": 31, "atk": 31, "def": 31, "spa": 31, "spd": 31, "spe": 31}, "item": "Weakness Policy", "teraType": "Rock", "role": "Bulky Setup", "bvs": {"hp": 100, "atk": 134, "def": 110, "spa": 95, "spd": 100, "spe": 61}, "stats": {"hp": 284, "atk": 254, "def": 217, "spa": 193, "spd": 201, "spe": 140}, "types": ["Rock", "Dark"]}, "Reuniclus": {"name": "Reuniclus", "species": "Reuniclus", "speciesId": "reuniclus", "gender": "M", "shiny": false, "level": 88, "moves": ["focusblast", "psychic", "recover", "calmmind"], "ability": "Magic Guard", "evs": {"hp": 85, "atk": 0, "def": 85, "spa": 85, "spd": 85, "spe": 85}, "ivs": {"hp": 31, "atk": 0, "def": 31, "spa": 31, "spd": 31, "spe": 31}, "item": "Life Orb", "teraType": "Fighting", "role": "Bulky Setup", "bvs": {"hp": 110, "atk": 65, "def": 75, "spa": 125, "spd": 85, "spe": 30}, "stats": {"hp": 337, "atk": 119, "def": 182, "spa": 270, "spd": 200, "spe": 103}, "types": ["Psychic"]}}]}