{"id": "gen9randombattle-2642049456", "format": "[Gen 9] Random Battle", "players": ["mayqueen nyannyan", "giogiovannio"], "log": "|j|\u2606mayqueen nyannyan\n|j|\u2606giogiovannio\n|t:|1782879418\n|gametype|singles\n|player|p1|mayqueen nyannyan|101|2078\n|player|p2|giogiovannio|170|2079\n|gen|9\n|tier|[Gen 9] Random Battle\n|rated|\n|rule|Species Clause: Limit one of each Pok\u00e9mon\n|rule|HP Percentage Mod: HP is shown in percentages\n|rule|Sleep Clause Mod: Limit one foe put to sleep\n|rule|Illusion Level Mod: Illusion disguises the Pok\u00e9mon's true level\n|\n|t:|1782879418\n|teamsize|p1|6\n|teamsize|p2|6\n|start\n|switch|p1a: Tsareena|Tsareena, L87, F|267/267\n|switch|p2a: Swanna|Swanna, L89, F|278/278\n|turn|1\n|\n|t:|1782879437\n|move|p2a: Swanna|Brave Bird|p1a: Tsareena\n|-supereffective|p1a: Tsareena\n|-damage|p1a: Tsareena|49/267\n|-damage|p2a: Swanna|206/278|[from] Recoil\n|move|p1a: Tsareena|Power Whip|p2a: Swanna\n|-damage|p2a: Swanna|0 fnt\n|faint|p2a: Swanna\n|\n|upkeep\n|inactive|Battle timer is ON: inactive players will automatically lose when time's up. (requested by mayqueen nyannyan)\n|l|\u2606giogiovannio\n|inactive|giogiovannio disconnected and has a minute to reconnect!\n|player|p2|\n|j|\u2606giogiovannio\n|inactive|giogiovannio reconnected and has 105 seconds left.\n|player|p2|giogiovannio|170|\n|\n|t:|1782879512\n|switch|p2a: Iron Treads|Iron Treads, L77|265/265\n|turn|2\n|inactive|mayqueen nyannyan has 120 seconds left.\n|\n|t:|1782879543\n|switch|p1a: Deoxys|Deoxys-Speed, L82|216/216\n|-ability|p1a: Deoxys|Pressure\n|move|p2a: Iron Treads|Knock Off|p1a: Deoxys\n|-supereffective|p1a: Deoxys\n|-damage|p1a: Deoxys|96/216\n|-enditem|p1a: Deoxys|Life Orb|[from] move: Knock Off|[of] p2a: Iron Treads\n|\n|upkeep\n|turn|3\n|\n|t:|1782879566\n|-end|p2a: Iron Treads|Quark Drive|[silent]\n|switch|p2a: Giratina|Giratina, L75|349/349\n|-ability|p2a: Giratina|Pressure\n|move|p1a: Deoxys|Focus Blast|p2a: Giratina\n|-immune|p2a: Giratina\n|\n|upkeep\n|turn|4\n|\n|t:|1782879579\n|move|p1a: Deoxys|Dark Pulse|p2a: Giratina\n|-supereffective|p2a: Giratina\n|-damage|p2a: Giratina|259/349\n|move|p2a: Giratina|Shadow Ball|p1a: Deoxys\n|-supereffective|p1a: Deoxys\n|-damage|p1a: Deoxys|0 fnt\n|faint|p1a: Deoxys\n|\n|-heal|p2a: Giratina|280/349|[from] item: Leftovers\n|upkeep\n|inactive|mayqueen nyannyan has 120 seconds left.\n|\n|t:|1782879599\n|switch|p1a: Articuno|Articuno, L86|295/295\n|-ability|p1a: Articuno|Pressure\n|turn|5\n|\n|t:|1782879615\n|switch|p2a: Iron Treads|Iron Treads, L77|265/265\n|move|p1a: Articuno|Freeze-Dry|p2a: Iron Treads\n|-crit|p2a: Iron Treads\n|-damage|p2a: Iron Treads|169/265\n|\n|upkeep\n|turn|6\n|inactive|mayqueen nyannyan has 120 seconds left.\n|\n|t:|1782879648\n|move|p2a: Iron Treads|Volt Switch|p1a: Articuno\n|-supereffective|p1a: Articuno\n|-damage|p1a: Articuno|243/295\n|inactive|giogiovannio has 120 seconds left.\n|\n|t:|1782879677\n|-end|p2a: Iron Treads|Quark Drive|[silent]\n|switch|p2a: Camerupt|Camerupt, L91, M|275/275|[from] Volt Switch\n|move|p1a: Articuno|Freeze-Dry|p2a: Camerupt\n|-damage|p2a: Camerupt|194/275\n|\n|-heal|p2a: Camerupt|211/275|[from] item: Leftovers\n|upkeep\n|turn|7\n|inactive|mayqueen nyannyan has 120 seconds left.\n|\n|t:|1782879689\n|move|p1a: Articuno|Brave Bird|p2a: Camerupt\n|-damage|p2a: Camerupt|84/275\n|-damage|p1a: Articuno|201/295|[from] Recoil\n|move|p2a: Camerupt|Stealth Rock|p1a: Articuno\n|-sidestart|p1: mayqueen nyannyan|move: Stealth Rock\n|\n|-heal|p2a: Camerupt|101/275|[from] item: Leftovers\n|upkeep\n|turn|8\n|\n|t:|1782879695\n|switch|p2a: Iron Treads|Iron Treads, L77|169/265\n|move|p1a: Articuno|Brave Bird|p2a: Iron Treads\n|-resisted|p2a: Iron Treads\n|-damage|p2a: Iron Treads|121/265\n|-damage|p1a: Articuno|185/295|[from] Recoil\n|\n|upkeep\n|turn|9\n|inactive|giogiovannio has 120 seconds left.\n|\n|t:|1782879702\n|move|p2a: Iron Treads|Knock Off|p1a: Articuno\n|-damage|p1a: Articuno|123/295\n|-enditem|p1a: Articuno|Heavy-Duty Boots|[from] move: Knock Off|[of] p2a: Iron Treads\n|move|p1a: Articuno|Roost|p1a: Articuno\n|-heal|p1a: Articuno|271/295\n|-singleturn|p1a: Articuno|move: Roost\n|\n|upkeep\n|turn|10\n|\n|t:|1782879713\n|move|p2a: Iron Treads|Iron Head|p1a: Articuno\n|-supereffective|p1a: Articuno\n|-crit|p1a: Articuno\n|-damage|p1a: Articuno|61/295\n|move|p1a: Articuno|Freeze-Dry|p2a: Iron Treads\n|-damage|p2a: Iron Treads|51/265\n|\n|upkeep\n|turn|11\n|l|\u2606giogiovannio\n|inactive|giogiovannio disconnected and has a minute to reconnect!\n|player|p2|\n|inactive|mayqueen nyannyan has 120 seconds left.\n|\n|t:|1782879760\n|move|p2a: Iron Treads|Iron Head|p1a: Articuno\n|-supereffective|p1a: Articuno\n|-damage|p1a: Articuno|0 fnt\n|faint|p1a: Articuno\n|\n|upkeep\n|inactive|mayqueen nyannyan has 90 seconds left.\n|\n|t:|1782879775\n|switch|p1a: Garganacl|Garganacl, L80, M|291/291\n|-damage|p1a: Garganacl|255/291|[from] Stealth Rock\n|turn|12\n|j|\u2606giogiovannio\n|inactive|giogiovannio reconnected and has 145 seconds left.\n|player|p2|giogiovannio|170|\n|inactive|giogiovannio has 120 seconds left.\n|\n|t:|1782879801\n|move|p2a: Iron Treads|Earthquake|p1a: Garganacl\n|-supereffective|p1a: Garganacl\n|-damage|p1a: Garganacl|93/291\n|move|p1a: Garganacl|Earthquake|p2a: Iron Treads\n|-supereffective|p2a: Iron Treads\n|-damage|p2a: Iron Treads|0 fnt\n|faint|p2a: Iron Treads\n|-end|p2a: Iron Treads|Quark Drive|[silent]\n|\n|-heal|p1a: Garganacl|111/291|[from] item: Leftovers\n|upkeep\n|inactive|giogiovannio has 120 seconds left.\n|\n|t:|1782879813\n|switch|p2a: Okidogi|Okidogi, L77, M|262/262\n|turn|13\n|inactive|giogiovannio has 120 seconds left.\n|\n|t:|1782879826\n|move|p2a: Okidogi|Drain Punch|p1a: Garganacl\n|-supereffective|p1a: Garganacl\n|-damage|p1a: Garganacl|0 fnt\n|faint|p1a: Garganacl\n|\n|upkeep\n|\n|t:|1782879830\n|switch|p1a: Toxtricity|Toxtricity, L82, M|257/257\n|-damage|p1a: Toxtricity|225/257|[from] Stealth Rock\n|turn|14\n|l|\u2606giogiovannio\n|inactive|giogiovannio disconnected and has a minute to reconnect!\n|player|p2|\n|inactive|giogiovannio has 30 seconds to reconnect!\n|inactive|giogiovannio has 20 seconds to reconnect!\n|inactive|giogiovannio has 15 seconds to reconnect!\n|inactive|giogiovannio has 10 seconds to reconnect!\n|j|\u2606giogiovannio\n|inactive|giogiovannio reconnected and has 75 seconds left.\n|player|p2|giogiovannio|170|\n|inactive|giogiovannio has 60 seconds left.\n|\n|t:|1782879900\n|move|p1a: Toxtricity|Overdrive|p2a: Okidogi\n|-damage|p2a: Okidogi|166/262\n|-enditem|p1a: Toxtricity|Throat Spray\n|-boost|p1a: Toxtricity|spa|1|[from] item: Throat Spray\n|move|p2a: Okidogi|Psychic Fangs|p1a: Toxtricity\n|-supereffective|p1a: Toxtricity\n|-damage|p1a: Toxtricity|79/257\n|\n|upkeep\n|turn|15\n|inactive|giogiovannio has 60 seconds left.\n|l|\u2606giogiovannio\n|inactive|giogiovannio disconnected and has a minute to reconnect!\n|player|p2|\n|inactive|giogiovannio has 30 seconds to reconnect!\n|inactive|giogiovannio has 20 seconds to reconnect!\n|inactive|giogiovannio has 15 seconds to reconnect!\n|inactive|giogiovannio has 10 seconds to reconnect!\n|inactive|giogiovannio has 5 seconds to reconnect!\n|-message|giogiovannio lost due to inactivity.\n|\n|win|mayqueen nyannyan\n|raw|mayqueen nyannyan's rating: 2061 &rarr; <strong>2082</strong><br />(+21 for winning)\n|raw|giogiovannio's rating: 2079 &rarr; <strong>2058</strong><br />(-21 for losing)\n", "inputlog": ">version f8ac14003a5f27e1bdc8d8c59608a773c1cb96e5\n>start {\"formatid\":\"gen9randombattle\",\"seed\":\"sodium,a48135e324458b08dd8dd01c096b5bff\",\"rated\":\"Rated battle\"}\n>player p1 {\"name\":\"mayqueen nyannyan\",\"avatar\":\"101\",\"rating\":2078,\"seed\":\"sodium,48e7ea5b1e7227cb3a2254eb03e1a1ff\"}\n>player p2 {\"name\":\"giogiovannio\",\"avatar\":\"170\",\"rating\":2079,\"seed\":\"sodium,757dcdd06b0778012ae3bcc89207cabb\"}\n>p1 move powerwhip\n>p2 move bravebird\n>p2 switch 6\n>p1 switch 4\n>p2 move knockoff\n>p1 move focusblast\n>p2 switch 2\n>p1 move darkpulse\n>p2 move shadowball\n>p1 switch 5\n>p1 move freezedry\n>p2 switch 2\n>p1 move freezedry\n>p2 move voltswitch\n>p2 switch 4\n>p1 move bravebird\n>p2 move stealthrock\n>p1 move bravebird\n>p2 switch 4\n>p1 move roost\n>p2 move knockoff\n>p1 move freezedry\n>p2 move ironhead\n>p1 move freezedry\n>p2 move ironhead\n>p1 switch 2\n>p1 move earthquake\n>p2 move earthquake\n>p2 switch 5\n>p1 move saltcure\n>p2 move drainpunch\n>p1 switch 3\n>p1 move overdrive\n>p2 move psychicfangs\n>forcelose p2", "uploadtime": 1782879970, "views": 3, "formatid": "gen9randombattle", "rating": 2058, "private": 0, "password": null, "player_dets": [{"name": "mayqueen nyannyan", "avatar": "101", "rating": 2078, "seed": "sodium,48e7ea5b1e7227cb3a2254eb03e1a1ff"}, {"name": "giogiovannio", "avatar": "170", "rating": 2079, "seed": "sodium,757dcdd06b0778012ae3bcc89207cabb"}], "teams_full": [{"Tsareena": {"name": "Tsareena", "species": "Tsareena", "speciesId": "tsareena", "gender": "F", "shiny": false, "level": 87, "moves": ["tripleaxel", "powerwhip", "knockoff", "highjumpkick"], "ability": "Queenly Majesty", "evs": {"hp": 85, "atk": 85, "def": 85, "spa": 85, "spd": 85, "spe": 85}, "ivs": {"hp": 31, "atk": 31, "def": 31, "spa": 31, "spd": 31, "spe": 31}, "item": "Choice Band", "teraType": "Fighting", "role": "Fast Support", "bvs": {"hp": 72, "atk": 120, "def": 98, "spa": 50, "spd": 98, "spe": 72}, "stats": {"hp": 267, "atk": 259, "def": 220, "spa": 137, "spd": 220, "spe": 175}, "types": ["Grass"]}, "Garganacl": {"name": "Garganacl", "species": "Garganacl", "speciesId": "garganacl", "gender": "M", "shiny": false, "level": 80, "moves": ["saltcure", "stealthrock", "recover", "earthquake"], "ability": "Purifying Salt", "evs": {"hp": 85, "atk": 85, "def": 85, "spa": 85, "spd": 85, "spe": 85}, "ivs": {"hp": 31, "atk": 31, "def": 31, "spa": 31, "spd": 31, "spe": 31}, "item": "Leftovers", "teraType": "Dragon", "role": "Bulky Attacker", "bvs": {"hp": 100, "atk": 100, "def": 130, "spa": 45, "spd": 90, "spe": 35}, "stats": {"hp": 291, "atk": 206, "def": 254, "spa": 118, "spd": 190, "spe": 102}, "types": ["Rock"]}, "Toxtricity": {"name": "Toxtricity", "species": "Toxtricity", "speciesId": "toxtricity", "gender": "M", "shiny": false, "level": 82, "moves": ["overdrive", "boomburst", "gunkshot", "shiftgear"], "ability": "Punk Rock", "evs": {"hp": 85, "atk": 85, "def": 85, "spa": 85, "spd": 85, "spe": 85}, "ivs": {"hp": 31, "atk": 31, "def": 31, "spa": 31, "spd": 31, "spe": 31}, "item": "Throat Spray", "teraType": "Normal", "role": "Setup Sweeper", "bvs": {"hp": 75, "atk": 98, "def": 70, "spa": 114, "spd": 70, "spe": 75}, "stats": {"hp": 257, "atk": 208, "def": 162, "spa": 234, "spd": 162, "spe": 170}, "types": ["Electric", "Poison"]}, "Deoxys": {"name": "Deoxys", "species": "Deoxys-Speed", "speciesId": "deoxysspeed", "gender": "N", "shiny": false, "level": 82, "moves": ["nastyplot", "psychoboost", "darkpulse", "focusblast"], "ability": "Pressure", "evs": {"hp": 85, "atk": 0, "def": 85, "spa": 85, "spd": 85, "spe": 85}, "ivs": {"hp": 31, "atk": 0, "def": 31, "spa": 31, "spd": 31, "spe": 31}, "item": "Life Orb", "teraType": "Dark", "role": "Setup Sweeper", "bvs": {"hp": 50, "atk": 95, "def": 90, "spa": 95, "spd": 90, "spe": 180}, "stats": {"hp": 216, "atk": 160, "def": 195, "spa": 203, "spd": 195, "spe": 342}, "types": ["Psychic"]}, "Articuno": {"name": "Articuno", "species": "Articuno", "speciesId": "articuno", "gender": "N", "shiny": false, "level": 86, "moves": ["roost", "freezedry", "bravebird", "haze"], "ability": "Pressure", "evs": {"hp": 85, "atk": 85, "def": 85, "spa": 85, "spd": 85, "spe": 85}, "ivs": {"hp": 31, "atk": 31, "def": 31, "spa": 31, "spd": 31, "spe": 31}, "item": "Heavy-Duty Boots", "teraType": "Ground", "role": "Bulky Support", "bvs": {"hp": 90, "atk": 85, "def": 100, "spa": 95, "spd": 125, "spe": 85}, "stats": {"hp": 295, "atk": 195, "def": 221, "spa": 213, "spd": 264, "spe": 195}, "types": ["Ice", "Flying"]}, "Flareon": {"name": "Flareon", "species": "Flareon", "speciesId": "flareon", "gender": "F", "shiny": false, "level": 90, "moves": ["quickattack", "flareblitz", "trailblaze", "facade"], "ability": "Guts", "evs": {"hp": 85, "atk": 85, "def": 85, "spa": 85, "spd": 85, "spe": 85}, "ivs": {"hp": 31, "atk": 31, "def": 31, "spa": 31, "spd": 31, "spe": 31}, "item": "Toxic Orb", "teraType": "Normal", "role": "Setup Sweeper", "bvs": {"hp": 65, "atk": 130, "def": 60, "spa": 95, "spd": 110, "spe": 65}, "stats": {"hp": 263, "atk": 285, "def": 159, "spa": 222, "spd": 249, "spe": 168}, "types": ["Fire"]}}, {"Swanna": {"name": "Swanna", "species": "Swanna", "speciesId": "swanna", "gender": "F", "shiny": false, "level": 89, "moves": ["defog", "roost", "hydropump", "bravebird"], "ability": "Hydration", "evs": {"hp": 85, "atk": 85, "def": 85, "spa": 85, "spd": 85, "spe": 85}, "ivs": {"hp": 31, "atk": 31, "def": 31, "spa": 31, "spd": 31, "spe": 31}, "item": "Heavy-Duty Boots", "teraType": "Ground", "role": "Bulky Support", "bvs": {"hp": 75, "atk": 87, "def": 63, "spa": 87, "spd": 63, "spe": 98}, "stats": {"hp": 278, "atk": 206, "def": 163, "spa": 206, "spd": 163, "spe": 225}, "types": ["Water", "Flying"]}, "Giratina": {"name": "Giratina", "species": "Giratina", "speciesId": "giratina", "gender": "N", "shiny": false, "level": 75, "moves": ["sleeptalk", "shadowball", "rest", "dragontail"], "ability": "Pressure", "evs": {"hp": 85, "atk": 85, "def": 85, "spa": 85, "spd": 85, "spe": 85}, "ivs": {"hp": 31, "atk": 31, "def": 31, "spa": 31, "spd": 31, "spe": 31}, "item": "Leftovers", "teraType": "Fairy", "role": "Bulky Attacker", "bvs": {"hp": 150, "atk": 100, "def": 120, "spa": 100, "spd": 120, "spe": 90}, "stats": {"hp": 349, "atk": 194, "def": 224, "spa": 194, "spd": 224, "spe": 179}, "types": ["Ghost", "Dragon"]}, "Flapple": {"name": "Flapple", "species": "Flapple", "speciesId": "flapple", "gender": "F", "shiny": false, "level": 88, "moves": ["suckerpunch", "dragondance", "outrage", "gravapple"], "ability": "Hustle", "evs": {"hp": 85, "atk": 85, "def": 85, "spa": 85, "spd": 85, "spe": 85}, "ivs": {"hp": 31, "atk": 31, "def": 31, "spa": 31, "spd": 31, "spe": 31}, "item": "Lum Berry", "teraType": "Dragon", "role": "Fast Attacker", "bvs": {"hp": 70, "atk": 110, "def": 80, "spa": 95, "spd": 60, "spe": 70}, "stats": {"hp": 266, "atk": 244, "def": 191, "spa": 217, "spd": 156, "spe": 173}, "types": ["Grass", "Dragon"]}, "Camerupt": {"name": "Camerupt", "species": "Camerupt", "speciesId": "camerupt", "gender": "M", "shiny": false, "level": 91, "moves": ["willowisp", "stealthrock", "overheat", "earthquake"], "ability": "Solid Rock", "evs": {"hp": 85, "atk": 85, "def": 85, "spa": 85, "spd": 85, "spe": 85}, "ivs": {"hp": 31, "atk": 31, "def": 31, "spa": 31, "spd": 31, "spe": 31}, "item": "Leftovers", "teraType": "Water", "role": "Bulky Support", "bvs": {"hp": 70, "atk": 100, "def": 70, "spa": 105, "spd": 75, "spe": 40}, "stats": {"hp": 275, "atk": 234, "def": 179, "spa": 243, "spd": 188, "spe": 125}, "types": ["Fire", "Ground"]}, "Okidogi": {"name": "Okidogi", "species": "Okidogi", "speciesId": "okidogi", "gender": "M", "shiny": false, "level": 77, "moves": ["drainpunch", "gunkshot", "knockoff", "psychicfangs"], "ability": "Toxic Chain", "evs": {"hp": 85, "atk": 85, "def": 85, "spa": 85, "spd": 85, "spe": 85}, "ivs": {"hp": 31, "atk": 31, "def": 31, "spa": 31, "spd": 31, "spe": 31}, "item": "Assault Vest", "teraType": "Dark", "role": "AV Pivot", "bvs": {"hp": 88, "atk": 128, "def": 115, "spa": 58, "spd": 86, "spe": 80}, "stats": {"hp": 262, "atk": 242, "def": 222, "spa": 134, "spd": 177, "spe": 168}, "types": ["Poison", "Fighting"]}, "Iron Treads": {"name": "Iron Treads", "species": "Iron Treads", "speciesId": "irontreads", "gender": "N", "shiny": false, "level": 77, "moves": ["knockoff", "ironhead", "voltswitch", "earthquake"], "ability": "Quark Drive", "evs": {"hp": 85, "atk": 85, "def": 85, "spa": 85, "spd": 85, "spe": 85}, "ivs": {"hp": 31, "atk": 31, "def": 31, "spa": 31, "spd": 31, "spe": 31}, "item": "Assault Vest", "teraType": "Dragon", "role": "Bulky Support", "bvs": {"hp": 90, "atk": 112, "def": 120, "spa": 72, "spd": 70, "spe": 106}, "stats": {"hp": 265, "atk": 217, "def": 229, "spa": 155, "spd": 152, "spe": 208}, "types": ["Ground", "Steel"]}}]}