{"id": "gen9randombattle-2641755812", "format": "[Gen 9] Random Battle", "players": ["CrushDragonGandora", "parmaje"], "log": "|j|\u2606CrushDragonGandora\n|j|\u2606parmaje\n|t:|1782838111\n|gametype|singles\n|player|p1|CrushDragonGandora|lance|1903\n|player|p2|parmaje|101|1956\n|gen|9\n|tier|[Gen 9] Random Battle\n|rated|\n|rule|Species Clause: Limit one of each Pok\u00e9mon\n|rule|HP Percentage Mod: HP is shown in percentages\n|rule|Sleep Clause Mod: Limit one foe put to sleep\n|rule|Illusion Level Mod: Illusion disguises the Pok\u00e9mon's true level\n|\n|t:|1782838112\n|teamsize|p1|6\n|teamsize|p2|6\n|start\n|switch|p1a: Iron Thorns|Iron Thorns, L83|302/302\n|switch|p2a: Forretress|Forretress, L84, F|263/263\n|turn|1\n|inactive|Battle timer is ON: inactive players will automatically lose when time's up. (requested by CrushDragonGandora)\n|\n|t:|1782838132\n|-end|p1a: Iron Thorns|Quark Drive|[silent]\n|switch|p1a: Torkoal|Torkoal, L88, F|266/266\n|-weather|SunnyDay|[from] ability: Drought|[of] p1a: Torkoal\n|move|p2a: Forretress|Toxic Spikes|p1a: Torkoal\n|-sidestart|p1: CrushDragonGandora|move: Toxic Spikes\n|\n|-weather|SunnyDay|[upkeep]\n|upkeep\n|turn|2\n|\n|t:|1782838140\n|switch|p2a: Sableye|Sableye, L88, M|231/231\n|move|p1a: Torkoal|Rapid Spin|p2a: Sableye\n|-immune|p2a: Sableye\n|\n|-weather|SunnyDay|[upkeep]\n|upkeep\n|turn|3\n|\n|t:|1782838162\n|switch|p1a: Braviary|Braviary, L85, M|309/309\n|move|p2a: Sableye|Encore||[still]\n|-fail|p2a: Sableye\n|\n|-weather|SunnyDay|[upkeep]\n|upkeep\n|turn|4\n|\n|t:|1782838173\n|move|p2a: Sableye|Thunder Wave|p1a: Braviary\n|-status|p1a: Braviary|par\n|move|p1a: Braviary|Brave Bird|p2a: Sableye\n|-damage|p2a: Sableye|65/231\n|-damage|p1a: Braviary|254/309 par|[from] Recoil\n|\n|-weather|SunnyDay|[upkeep]\n|-heal|p2a: Sableye|79/231|[from] item: Leftovers\n|upkeep\n|turn|5\n|inactive|CrushDragonGandora has 120 seconds left.\n|\n|t:|1782838198\n|switch|p2a: Rotom|Rotom-Fan, L86|226/226\n|move|p1a: Braviary|Brave Bird|p2a: Rotom\n|-resisted|p2a: Rotom\n|-damage|p2a: Rotom|155/226\n|-damage|p1a: Braviary|231/309 par|[from] Recoil\n|\n|-weather|none\n|upkeep\n|turn|6\n|inactive|CrushDragonGandora has 120 seconds left.\n|\n|t:|1782838216\n|switch|p1a: Iron Thorns|Iron Thorns, L83|302/302\n|-status|p1a: Iron Thorns|psn\n|move|p2a: Rotom|Thunderbolt|p1a: Iron Thorns\n|-resisted|p1a: Iron Thorns\n|-damage|p1a: Iron Thorns|251/302 psn\n|\n|-damage|p1a: Iron Thorns|214/302 psn|[from] psn\n|upkeep\n|turn|7\n|\n|t:|1782838229\n|switch|p2a: Sableye|Sableye, L88, M|79/231\n|move|p1a: Iron Thorns|Stone Edge|p2a: Sableye\n|-damage|p2a: Sableye|0 fnt\n|faint|p2a: Sableye\n|\n|-damage|p1a: Iron Thorns|177/302 psn|[from] psn\n|upkeep\n|\n|t:|1782838236\n|switch|p2a: Ogerpon|Ogerpon-Wellspring, L76, F|247/247\n|turn|8\n|\n|t:|1782838248\n|-end|p1a: Iron Thorns|Quark Drive|[silent]\n|switch|p1a: Latias|Latias, L79, F|256/256\n|move|p2a: Ogerpon|Ivy Cudgel|p1a: Latias|[anim] Ivy Cudgel Water\n|-resisted|p1a: Latias\n|-damage|p1a: Latias|193/256\n|\n|upkeep\n|turn|9\n|\n|t:|1782838254\n|move|p1a: Latias|Recover|p1a: Latias\n|-heal|p1a: Latias|256/256\n|move|p2a: Ogerpon|Knock Off|p1a: Latias\n|-supereffective|p1a: Latias\n|-damage|p1a: Latias|80/256\n|-enditem|p1a: Latias|Soul Dew|[from] move: Knock Off|[of] p2a: Ogerpon\n|\n|upkeep\n|turn|10\n|\n|t:|1782838269\n|move|p1a: Latias|Recover|p1a: Latias\n|-heal|p1a: Latias|208/256\n|move|p2a: Ogerpon|Swords Dance|p2a: Ogerpon\n|-boost|p2a: Ogerpon|atk|2\n|\n|upkeep\n|turn|11\n|inactive|CrushDragonGandora has 120 seconds left.\n|inactive|CrushDragonGandora has 90 seconds left.\n|\n|t:|1782838332\n|-terastallize|p2a: Ogerpon|Water\n|detailschange|p2a: Ogerpon|Ogerpon-Wellspring-Tera, L76, F, tera:Water\n|-ability|p2a: Ogerpon|Embody Aspect (Wellspring)|boost\n|-boost|p2a: Ogerpon|spd|1\n|move|p1a: Latias|Draco Meteor|p2a: Ogerpon\n|-damage|p2a: Ogerpon|157/247\n|-unboost|p1a: Latias|spa|2\n|move|p2a: Ogerpon|Knock Off|p1a: Latias\n|-supereffective|p1a: Latias\n|-damage|p1a: Latias|0 fnt\n|faint|p1a: Latias\n|\n|upkeep\n|inactive|CrushDragonGandora has 60 seconds left.\n|\n|t:|1782838363\n|switch|p1a: Iron Thorns|Iron Thorns, L83|177/302 psn\n|turn|12\n|inactive|parmaje has 120 seconds left.\n|\n|t:|1782838414\n|move|p1a: Iron Thorns|Wild Charge|p2a: Ogerpon\n|-supereffective|p2a: Ogerpon\n|-damage|p2a: Ogerpon|0 fnt\n|faint|p2a: Ogerpon\n|detailschange|p2: Ogerpon|Ogerpon-Wellspring, L76, F|[silent]\n|-damage|p1a: Iron Thorns|138/302 psn|[from] Recoil\n|\n|-damage|p1a: Iron Thorns|101/302 psn|[from] psn\n|upkeep\n|inactive|parmaje has 90 seconds left.\n|\n|t:|1782838430\n|switch|p2a: Vigoroth|Vigoroth, L85, M|275/275\n|turn|13\n|\n|t:|1782838439\n|move|p1a: Iron Thorns|Wild Charge|p2a: Vigoroth\n|-damage|p2a: Vigoroth|191/275\n|-damage|p1a: Iron Thorns|80/302 psn|[from] Recoil\n|move|p2a: Vigoroth|Bulk Up|p2a: Vigoroth\n|-boost|p2a: Vigoroth|atk|1\n|-boost|p2a: Vigoroth|def|1\n|\n|-damage|p1a: Iron Thorns|43/302 psn|[from] psn\n|upkeep\n|turn|14\n|\n|t:|1782838452\n|move|p1a: Iron Thorns|Wild Charge|p2a: Vigoroth\n|-damage|p2a: Vigoroth|139/275\n|-damage|p1a: Iron Thorns|30/302 psn|[from] Recoil\n|move|p2a: Vigoroth|Slack Off|p2a: Vigoroth\n|-heal|p2a: Vigoroth|275/275\n|\n|-damage|p1a: Iron Thorns|0 fnt|[from] psn\n|faint|p1a: Iron Thorns\n|-end|p1a: Iron Thorns|Quark Drive|[silent]\n|upkeep\n|inactive|CrushDragonGandora has 60 seconds left.\n|inactive|CrushDragonGandora has 30 seconds left.\n|\n|t:|1782838510\n|switch|p1a: Hypno|Hypno, L95, F|315/315\n|-status|p1a: Hypno|psn\n|turn|15\n|inactive|CrushDragonGandora has 30 seconds left.\n|\n|t:|1782838521\n|-terastallize|p1a: Hypno|Dark\n|move|p2a: Vigoroth|Body Slam|p1a: Hypno\n|-damage|p1a: Hypno|191/315 psn\n|move|p1a: Hypno|Thunder Wave|p2a: Vigoroth\n|-status|p2a: Vigoroth|par\n|\n|-heal|p1a: Hypno|210/315 psn|[from] item: Leftovers\n|-damage|p1a: Hypno|171/315 psn|[from] psn\n|upkeep\n|turn|16\n|inactive|parmaje has 120 seconds left.\n|\n|t:|1782838529\n|move|p1a: Hypno|Knock Off|p2a: Vigoroth\n|-damage|p2a: Vigoroth|226/275 par\n|-enditem|p2a: Vigoroth|Eviolite|[from] move: Knock Off|[of] p1a: Hypno\n|move|p2a: Vigoroth|Body Slam|p1a: Hypno\n|-damage|p1a: Hypno|51/315 psn\n|\n|-heal|p1a: Hypno|70/315 psn|[from] item: Leftovers\n|-damage|p1a: Hypno|31/315 psn|[from] psn\n|upkeep\n|turn|17\n|\n|t:|1782838538\n|move|p1a: Hypno|Psychic Noise|p2a: Vigoroth\n|-damage|p2a: Vigoroth|114/275 par\n|-start|p2a: Vigoroth|move: Heal Block\n|cant|p2a: Vigoroth|par\n|\n|-heal|p1a: Hypno|50/315 psn|[from] item: Leftovers\n|-damage|p1a: Hypno|11/315 psn|[from] psn\n|upkeep\n|turn|18\n|\n|t:|1782838546\n|move|p1a: Hypno|Psychic Noise|p2a: Vigoroth\n|-damage|p2a: Vigoroth|5/275 par\n|move|p2a: Vigoroth|Bulk Up|p2a: Vigoroth\n|-boost|p2a: Vigoroth|atk|1\n|-boost|p2a: Vigoroth|def|1\n|\n|-heal|p1a: Hypno|30/315 psn|[from] item: Leftovers\n|-damage|p1a: Hypno|0 fnt|[from] psn\n|faint|p1a: Hypno\n|-end|p2a: Vigoroth|move: Heal Block\n|upkeep\n|\n|t:|1782838555\n|switch|p1a: Mudsdale|Mudsdale, L83, F|302/302\n|-status|p1a: Mudsdale|psn\n|turn|19\n|\n|t:|1782838561\n|move|p1a: Mudsdale|Heavy Slam|p2a: Vigoroth\n|-damage|p2a: Vigoroth|0 fnt\n|faint|p2a: Vigoroth\n|\n|-damage|p1a: Mudsdale|265/302 psn|[from] psn\n|upkeep\n|\n|t:|1782838566\n|switch|p2a: Rotom|Rotom-Fan, L86|155/226\n|turn|20\n|\n|t:|1782838573\n|move|p2a: Rotom|Air Slash|p1a: Mudsdale\n|-damage|p1a: Mudsdale|172/302 psn\n|-ability|p1a: Mudsdale|Stamina|boost\n|-boost|p1a: Mudsdale|def|1\n|move|p1a: Mudsdale|Stone Edge|p2a: Rotom\n|-supereffective|p2a: Rotom\n|-damage|p2a: Rotom|9/226\n|\n|-heal|p1a: Mudsdale|190/302 psn|[from] item: Leftovers\n|-damage|p1a: Mudsdale|153/302 psn|[from] psn\n|upkeep\n|turn|21\n|\n|t:|1782838579\n|move|p2a: Rotom|Air Slash|p1a: Mudsdale\n|-damage|p1a: Mudsdale|66/302 psn\n|-ability|p1a: Mudsdale|Stamina|boost\n|-boost|p1a: Mudsdale|def|1\n|cant|p1a: Mudsdale|flinch\n|\n|-heal|p1a: Mudsdale|84/302 psn|[from] item: Leftovers\n|-damage|p1a: Mudsdale|47/302 psn|[from] psn\n|upkeep\n|turn|22\n|\n|t:|1782838585\n|move|p2a: Rotom|Air Slash|p1a: Mudsdale\n|-damage|p1a: Mudsdale|0 fnt\n|faint|p1a: Mudsdale\n|\n|upkeep\n|\n|t:|1782838592\n|switch|p1a: Torkoal|Torkoal, L88, F|266/266\n|-weather|SunnyDay|[from] ability: Drought|[of] p1a: Torkoal\n|turn|23\n|\n|t:|1782838601\n|switch|p2a: Forretress|Forretress, L84, F|263/263\n|move|p1a: Torkoal|Rapid Spin|p2a: Forretress\n|-resisted|p2a: Forretress\n|-damage|p2a: Forretress|251/263\n|-boost|p1a: Torkoal|spe|1\n|-sideend|p1: CrushDragonGandora|Toxic Spikes|[from] move: Rapid Spin|[of] p1a: Torkoal\n|\n|-weather|SunnyDay|[upkeep]\n|-heal|p2a: Forretress|263/263|[from] item: Leftovers\n|upkeep\n|turn|24\n|\n|t:|1782838607\n|move|p1a: Torkoal|Fire Blast|p2a: Forretress|[miss]\n|-miss|p1a: Torkoal|p2a: Forretress\n|move|p2a: Forretress|Iron Head|p1a: Torkoal\n|-resisted|p1a: Torkoal\n|-damage|p1a: Torkoal|239/266\n|\n|-weather|SunnyDay|[upkeep]\n|upkeep\n|turn|25\n|\n|t:|1782838610\n|move|p1a: Torkoal|Fire Blast|p2a: Forretress\n|-supereffective|p2a: Forretress\n|-ability|p2a: Forretress|Sturdy\n|-damage|p2a: Forretress|1/263\n|move|p2a: Forretress|Iron Head|p1a: Torkoal\n|-resisted|p1a: Torkoal\n|-damage|p1a: Torkoal|213/266\n|\n|-weather|SunnyDay|[upkeep]\n|-heal|p2a: Forretress|17/263|[from] item: Leftovers\n|upkeep\n|turn|26\n|\n|t:|1782838620\n|move|p1a: Torkoal|Earthquake|p2a: Forretress\n|-damage|p2a: Forretress|0 fnt\n|faint|p2a: Forretress\n|\n|-weather|SunnyDay|[upkeep]\n|upkeep\n|\n|t:|1782838630\n|switch|p2a: Grafaiai|Grafaiai, L86, M|249/249\n|turn|27\n|\n|t:|1782838639\n|switch|p1a: Braviary|Braviary, L85, M|231/309 par\n|move|p2a: Grafaiai|Gunk Shot|p1a: Braviary\n|-damage|p1a: Braviary|75/309 par\n|\n|-weather|none\n|upkeep\n|turn|28\n|\n|t:|1782838647\n|move|p2a: Grafaiai|Knock Off|p1a: Braviary\n|-damage|p1a: Braviary|2/309 par\n|-enditem|p1a: Braviary|Heavy-Duty Boots|[from] move: Knock Off|[of] p2a: Grafaiai\n|move|p1a: Braviary|Brave Bird|p2a: Grafaiai\n|-damage|p2a: Grafaiai|63/249\n|-damage|p1a: Braviary|0 fnt|[from] Recoil\n|faint|p1a: Braviary\n|\n|upkeep\n|\n|t:|1782838651\n|switch|p1a: Torkoal|Torkoal, L88, F|213/266\n|-weather|SunnyDay|[from] ability: Drought|[of] p1a: Torkoal\n|turn|29\n|\n|t:|1782838659\n|move|p2a: Grafaiai|Gunk Shot|p1a: Torkoal|[miss]\n|-miss|p2a: Grafaiai|p1a: Torkoal\n|move|p1a: Torkoal|Solar Beam||[still]\n|-prepare|p1a: Torkoal|Solar Beam\n|-anim|p1a: Torkoal|Solar Beam|p2a: Grafaiai\n|-resisted|p2a: Grafaiai\n|-damage|p2a: Grafaiai|18/249\n|\n|-weather|SunnyDay|[upkeep]\n|upkeep\n|turn|30\n|\n|t:|1782838666\n|move|p2a: Grafaiai|Gunk Shot|p1a: Torkoal\n|-damage|p1a: Torkoal|122/266\n|move|p1a: Torkoal|Earthquake|p2a: Grafaiai\n|-supereffective|p2a: Grafaiai\n|-damage|p2a: Grafaiai|0 fnt\n|faint|p2a: Grafaiai\n|\n|-weather|SunnyDay|[upkeep]\n|upkeep\n|\n|t:|1782838670\n|switch|p2a: Rotom|Rotom-Fan, L86|9/226\n|turn|31\n|\n|t:|1782838674\n|move|p2a: Rotom|Thunderbolt|p1a: Torkoal\n|-damage|p1a: Torkoal|0 fnt\n|faint|p1a: Torkoal\n|\n|win|parmaje\n|raw|CrushDragonGandora's rating: 1903 &rarr; <strong>1886</strong><br />(-17 for losing)\n|raw|parmaje's rating: 1956 &rarr; <strong>1973</strong><br />(+17 for winning)\n", "inputlog": ">version f8ac14003a5f27e1bdc8d8c59608a773c1cb96e5\n>start {\"formatid\":\"gen9randombattle\",\"seed\":\"sodium,dbb2f62ffe33f05343088ddd1addb2d2\",\"rated\":\"Rated battle\"}\n>player p1 {\"name\":\"CrushDragonGandora\",\"avatar\":\"lance\",\"rating\":1903,\"seed\":\"sodium,652f1176bfc5de3bc7a3db760740b20b\"}\n>player p2 {\"name\":\"parmaje\",\"avatar\":\"101\",\"rating\":1956,\"seed\":\"sodium,cfa40e131c3d6f4250663b1a558ff3a5\"}\n>p1 switch 2\n>p2 move toxicspikes\n>p1 move rapidspin\n>p2 switch 6\n>p1 switch 3\n>p2 move encore\n>p1 move bravebird\n>p2 move thunderwave\n>p1 move bravebird\n>p2 switch 3\n>p1 switch 2\n>p2 move thunderbolt\n>p1 move stoneedge\n>p2 switch 3\n>p2 switch 2\n>p1 switch 6\n>p2 move ivycudgel\n>p1 move recover\n>p2 move knockoff\n>p1 move recover\n>p2 move swordsdance\n>p1 move dracometeor\n>p2 move knockoff terastallize\n>p1 switch 6\n>p1 move wildcharge\n>p2 move powerwhip\n>p2 switch 4\n>p1 move wildcharge\n>p2 move bulkup\n>p1 move wildcharge\n>p2 move slackoff\n>p1 switch 5\n>p1 move thunderwave terastallize\n>p2 move bodyslam\n>p1 move knockoff\n>p2 move bodyslam\n>p1 move psychicnoise\n>p2 move bodyslam\n>p1 move psychicnoise\n>p2 move bulkup\n>p1 switch 4\n>p1 move heavyslam\n>p2 move bodyslam\n>p2 switch 3\n>p1 move stoneedge\n>p2 move airslash\n>p1 move heavyslam\n>p2 move airslash\n>p1 move heavyslam\n>p2 move airslash\n>p1 switch 3\n>p1 move rapidspin\n>p2 switch 6\n>p1 move fireblast\n>p2 move ironhead\n>p1 move fireblast\n>p2 move ironhead\n>p1 move earthquake\n>p2 move rapidspin\n>p2 switch 5\n>p1 switch 2\n>p2 move gunkshot\n>p1 move bravebird\n>p2 move knockoff\n>p1 switch 2\n>p1 move solarbeam\n>p2 move gunkshot\n>p1 move earthquake\n>p2 move gunkshot\n>p2 switch 6\n>p1 move solarbeam\n>p2 move thunderbolt", "uploadtime": 1782838674, "views": 6, "formatid": "gen9randombattle", "rating": 1886, "private": 0, "password": null, "player_dets": [{"name": "CrushDragonGandora", "avatar": "lance", "rating": 1903, "seed": "sodium,652f1176bfc5de3bc7a3db760740b20b"}, {"name": "parmaje", "avatar": "101", "rating": 1956, "seed": "sodium,cfa40e131c3d6f4250663b1a558ff3a5"}], "teams_full": [{"Iron Thorns": {"name": "Iron Thorns", "species": "Iron Thorns", "speciesId": "ironthorns", "gender": "N", "shiny": false, "level": 83, "moves": ["wildcharge", "stoneedge", "earthquake", "icepunch"], "ability": "Quark Drive", "evs": {"hp": 85, "atk": 85, "def": 85, "spa": 85, "spd": 85, "spe": 85}, "ivs": {"hp": 31, "atk": 31, "def": 31, "spa": 31, "spd": 31, "spe": 31}, "item": "Choice Scarf", "teraType": "Water", "role": "Fast Support", "bvs": {"hp": 100, "atk": 134, "def": 110, "spa": 70, "spd": 84, "spe": 72}, "stats": {"hp": 302, "atk": 270, "def": 230, "spa": 164, "spd": 187, "spe": 167}, "types": ["Rock", "Electric"]}, "Torkoal": {"name": "Torkoal", "species": "Torkoal", "speciesId": "torkoal", "gender": "F", "shiny": false, "level": 88, "moves": ["earthquake", "fireblast", "solarbeam", "rapidspin"], "ability": "Drought", "evs": {"hp": 85, "atk": 85, "def": 85, "spa": 85, "spd": 85, "spe": 85}, "ivs": {"hp": 31, "atk": 31, "def": 31, "spa": 31, "spd": 31, "spe": 31}, "item": "Heavy-Duty Boots", "teraType": "Grass", "role": "Wallbreaker", "bvs": {"hp": 70, "atk": 85, "def": 140, "spa": 85, "spd": 70, "spe": 20}, "stats": {"hp": 266, "atk": 200, "def": 297, "spa": 200, "spd": 173, "spe": 85}, "types": ["Fire"]}, "Braviary": {"name": "Braviary", "species": "Braviary", "speciesId": "braviary", "gender": "M", "shiny": false, "level": 85, "moves": ["closecombat", "roost", "bulkup", "bravebird"], "ability": "Defiant", "evs": {"hp": 85, "atk": 85, "def": 85, "spa": 85, "spd": 85, "spe": 85}, "ivs": {"hp": 31, "atk": 31, "def": 31, "spa": 31, "spd": 31, "spe": 31}, "item": "Heavy-Duty Boots", "teraType": "Fighting", "role": "Fast Bulky Setup", "bvs": {"hp": 100, "atk": 123, "def": 75, "spa": 57, "spd": 75, "spe": 80}, "stats": {"hp": 309, "atk": 258, "def": 176, "spa": 146, "spd": 176, "spe": 185}, "types": ["Normal", "Flying"]}, "Mudsdale": {"name": "Mudsdale", "species": "Mudsdale", "speciesId": "mudsdale", "gender": "F", "shiny": false, "level": 83, "moves": ["stealthrock", "heavyslam", "earthquake", "stoneedge"], "ability": "Stamina", "evs": {"hp": 85, "atk": 85, "def": 85, "spa": 85, "spd": 85, "spe": 85}, "ivs": {"hp": 31, "atk": 31, "def": 31, "spa": 31, "spd": 31, "spe": 31}, "item": "Leftovers", "teraType": "Steel", "role": "Bulky Attacker", "bvs": {"hp": 100, "atk": 125, "def": 100, "spa": 55, "spd": 85, "spe": 35}, "stats": {"hp": 302, "atk": 255, "def": 214, "spa": 139, "spd": 189, "spe": 106}, "types": ["Ground"]}, "Hypno": {"name": "Hypno", "species": "Hypno", "speciesId": "hypno", "gender": "F", "shiny": false, "level": 95, "moves": ["psychicnoise", "thunderwave", "knockoff", "encore"], "ability": "Insomnia", "evs": {"hp": 85, "atk": 85, "def": 85, "spa": 85, "spd": 85, "spe": 85}, "ivs": {"hp": 31, "atk": 31, "def": 31, "spa": 31, "spd": 31, "spe": 31}, "item": "Leftovers", "teraType": "Dark", "role": "Bulky Support", "bvs": {"hp": 85, "atk": 73, "def": 70, "spa": 73, "spd": 115, "spe": 67}, "stats": {"hp": 315, "atk": 193, "def": 187, "spa": 193, "spd": 272, "spe": 181}, "types": ["Psychic"]}, "Latias": {"name": "Latias", "species": "Latias", "speciesId": "latias", "gender": "F", "shiny": false, "level": 79, "moves": ["recover", "psyshock", "dracometeor", "calmmind"], "ability": "Levitate", "evs": {"hp": 85, "atk": 0, "def": 85, "spa": 85, "spd": 85, "spe": 85}, "ivs": {"hp": 31, "atk": 0, "def": 31, "spa": 31, "spd": 31, "spe": 31}, "item": "Soul Dew", "teraType": "Steel", "role": "Fast Bulky Setup", "bvs": {"hp": 80, "atk": 80, "def": 90, "spa": 110, "spd": 130, "spe": 110}, "stats": {"hp": 256, "atk": 131, "def": 188, "spa": 219, "spd": 251, "spe": 219}, "types": ["Dragon", "Psychic"]}}, {"Forretress": {"name": "Forretress", "species": "Forretress", "speciesId": "forretress", "gender": "F", "shiny": false, "level": 84, "moves": ["stealthrock", "toxicspikes", "rapidspin", "ironhead"], "ability": "Sturdy", "evs": {"hp": 85, "atk": 85, "def": 85, "spa": 85, "spd": 85, "spe": 85}, "ivs": {"hp": 31, "atk": 31, "def": 31, "spa": 31, "spd": 31, "spe": 31}, "item": "Leftovers", "teraType": "Water", "role": "Bulky Support", "bvs": {"hp": 75, "atk": 90, "def": 140, "spa": 60, "spd": 60, "spe": 40}, "stats": {"hp": 263, "atk": 199, "def": 283, "spa": 149, "spd": 149, "spe": 115}, "types": ["Bug", "Steel"]}, "Ogerpon": {"name": "Ogerpon", "species": "Ogerpon-Wellspring", "speciesId": "ogerponwellspring", "gender": "F", "shiny": false, "level": 76, "moves": ["ivycudgel", "knockoff", "swordsdance", "powerwhip"], "ability": "Water Absorb", "evs": {"hp": 85, "atk": 85, "def": 85, "spa": 85, "spd": 85, "spe": 85}, "ivs": {"hp": 31, "atk": 31, "def": 31, "spa": 31, "spd": 31, "spe": 31}, "item": "Wellspring Mask", "teraType": "Water", "role": "Setup Sweeper", "bvs": {"hp": 80, "atk": 120, "def": 84, "spa": 60, "spd": 96, "spe": 110}, "stats": {"hp": 247, "atk": 226, "def": 172, "spa": 135, "spd": 190, "spe": 211}, "types": ["Grass", "Water"]}, "Rotom": {"name": "Rotom", "species": "Rotom-Fan", "speciesId": "rotomfan", "gender": "N", "shiny": false, "level": 86, "moves": ["thunderbolt", "thunderwave", "airslash", "nastyplot"], "ability": "Levitate", "evs": {"hp": 85, "atk": 0, "def": 85, "spa": 85, "spd": 85, "spe": 85}, "ivs": {"hp": 31, "atk": 0, "def": 31, "spa": 31, "spd": 31, "spe": 31}, "item": "Heavy-Duty Boots", "teraType": "Steel", "role": "Bulky Attacker", "bvs": {"hp": 50, "atk": 65, "def": 107, "spa": 105, "spd": 107, "spe": 86}, "stats": {"hp": 226, "atk": 116, "def": 233, "spa": 230, "spd": 233, "spe": 197}, "types": ["Electric", "Flying"]}, "Vigoroth": {"name": "Vigoroth", "species": "Vigoroth", "speciesId": "vigoroth", "gender": "M", "shiny": false, "level": 85, "moves": ["bodyslam", "earthquake", "slackoff", "bulkup"], "ability": "Vital Spirit", "evs": {"hp": 85, "atk": 85, "def": 85, "spa": 85, "spd": 85, "spe": 85}, "ivs": {"hp": 31, "atk": 31, "def": 31, "spa": 31, "spd": 31, "spe": 31}, "item": "Eviolite", "teraType": "Ground", "role": "Bulky Attacker", "bvs": {"hp": 80, "atk": 80, "def": 80, "spa": 55, "spd": 55, "spe": 90}, "stats": {"hp": 275, "atk": 185, "def": 185, "spa": 142, "spd": 142, "spe": 202}, "types": ["Normal"]}, "Grafaiai": {"name": "Grafaiai", "species": "Grafaiai", "speciesId": "grafaiai", "gender": "M", "shiny": false, "level": 86, "moves": ["gunkshot", "encore", "knockoff", "partingshot"], "ability": "Prankster", "evs": {"hp": 85, "atk": 85, "def": 85, "spa": 85, "spd": 85, "spe": 85}, "ivs": {"hp": 31, "atk": 31, "def": 31, "spa": 31, "spd": 31, "spe": 31}, "item": "Heavy-Duty Boots", "teraType": "Dark", "role": "Fast Support", "bvs": {"hp": 63, "atk": 95, "def": 65, "spa": 80, "spd": 72, "spe": 110}, "stats": {"hp": 249, "atk": 213, "def": 161, "spa": 187, "spd": 173, "spe": 238}, "types": ["Poison", "Normal"]}, "Sableye": {"name": "Sableye", "species": "Sableye", "speciesId": "sableye", "gender": "M", "shiny": false, "level": 88, "moves": ["thunderwave", "encore", "recover", "knockoff"], "ability": "Prankster", "evs": {"hp": 85, "atk": 85, "def": 85, "spa": 85, "spd": 85, "spe": 85}, "ivs": {"hp": 31, "atk": 31, "def": 31, "spa": 31, "spd": 31, "spe": 31}, "item": "Leftovers", "teraType": "Poison", "role": "Bulky Support", "bvs": {"hp": 50, "atk": 75, "def": 75, "spa": 65, "spd": 65, "spe": 50}, "stats": {"hp": 231, "atk": 182, "def": 182, "spa": 165, "spd": 165, "spe": 138}, "types": ["Dark", "Ghost"]}}]}