{"id": "gen9randombattle-2642059771", "format": "[Gen 9] Random Battle", "players": ["jnpr010334", "zingym"], "log": "|j|\u2606jnpr010334\n|j|\u2606zingym\n|t:|1782881346\n|gametype|singles\n|player|p1|jnpr010334|265|1658\n|player|p2|zingym|lucas|1664\n|gen|9\n|tier|[Gen 9] Random Battle\n|rated|\n|rule|Species Clause: Limit one of each Pok\u00e9mon\n|rule|HP Percentage Mod: HP is shown in percentages\n|rule|Sleep Clause Mod: Limit one foe put to sleep\n|rule|Illusion Level Mod: Illusion disguises the Pok\u00e9mon's true level\n|\n|t:|1782881346\n|teamsize|p1|6\n|teamsize|p2|6\n|start\n|switch|p1a: Zapdos|Zapdos-Galar, L77|265/265\n|switch|p2a: Sylveon|Sylveon, L85, F|300/300\n|turn|1\n|inactive|Battle timer is ON: inactive players will automatically lose when time's up. (requested by zingym)\n|inactive|jnpr010334 also wants the timer to be on.\n|\n|t:|1782881368\n|move|p1a: Zapdos|Bulk Up|p1a: Zapdos\n|-boost|p1a: Zapdos|atk|1\n|-boost|p1a: Zapdos|def|1\n|move|p2a: Sylveon|Wish|p2a: Sylveon\n|\n|upkeep\n|turn|2\n|\n|t:|1782881371\n|move|p1a: Zapdos|Bulk Up|p1a: Zapdos\n|-boost|p1a: Zapdos|atk|1\n|-boost|p1a: Zapdos|def|1\n|move|p2a: Sylveon|Hyper Voice|p1a: Zapdos\n|-supereffective|p1a: Zapdos\n|-damage|p1a: Zapdos|0 fnt\n|faint|p1a: Zapdos\n|\n|upkeep\n|\n|t:|1782881373\n|switch|p1a: Sunflora|Sunflora, F|312/312\n|turn|3\n|\n|t:|1782881381\n|move|p2a: Sylveon|Calm Mind|p2a: Sylveon\n|-boost|p2a: Sylveon|spa|1\n|-boost|p2a: Sylveon|spd|1\n|move|p1a: Sunflora|Sunny Day|p1a: Sunflora\n|-weather|SunnyDay\n|\n|-weather|SunnyDay|[upkeep]\n|upkeep\n|turn|4\n|\n|t:|1782881387\n|-terastallize|p1a: Sunflora|Fire\n|move|p2a: Sylveon|Protect|p2a: Sylveon\n|-singleturn|p2a: Sylveon|Protect\n|move|p1a: Sunflora|Weather Ball|p2a: Sylveon\n|-activate|p2a: Sylveon|move: Protect\n|\n|-weather|SunnyDay|[upkeep]\n|upkeep\n|turn|5\n|\n|t:|1782881401\n|switch|p2a: Rotom|Rotom-Heat, L83|219/219\n|move|p1a: Sunflora|Weather Ball|p2a: Rotom\n|-resisted|p2a: Rotom\n|-damage|p2a: Rotom|83/219\n|-damage|p1a: Sunflora|281/312|[from] item: Life Orb\n|\n|-weather|SunnyDay|[upkeep]\n|upkeep\n|turn|6\n|\n|t:|1782881406\n|move|p1a: Sunflora|Weather Ball|p2a: Rotom\n|-resisted|p2a: Rotom\n|-damage|p2a: Rotom|0 fnt\n|faint|p2a: Rotom\n|-damage|p1a: Sunflora|250/312|[from] item: Life Orb\n|\n|-weather|SunnyDay|[upkeep]\n|upkeep\n|\n|t:|1782881408\n|switch|p2a: Sylveon|Sylveon, L85, F|300/300\n|turn|7\n|\n|t:|1782881411\n|move|p2a: Sylveon|Protect|p2a: Sylveon\n|-singleturn|p2a: Sylveon|Protect\n|move|p1a: Sunflora|Weather Ball|p2a: Sylveon\n|-activate|p2a: Sylveon|move: Protect\n|\n|-weather|none\n|upkeep\n|turn|8\n|\n|t:|1782881415\n|move|p2a: Sylveon|Calm Mind|p2a: Sylveon\n|-boost|p2a: Sylveon|spa|1\n|-boost|p2a: Sylveon|spd|1\n|move|p1a: Sunflora|Sunny Day|p1a: Sunflora\n|-weather|SunnyDay\n|\n|-weather|SunnyDay|[upkeep]\n|upkeep\n|turn|9\n|\n|t:|1782881418\n|move|p2a: Sylveon|Protect|p2a: Sylveon\n|-singleturn|p2a: Sylveon|Protect\n|move|p1a: Sunflora|Weather Ball|p2a: Sylveon\n|-activate|p2a: Sylveon|move: Protect\n|\n|-weather|SunnyDay|[upkeep]\n|upkeep\n|turn|10\n|\n|t:|1782881421\n|move|p1a: Sunflora|Weather Ball|p2a: Sylveon\n|-damage|p2a: Sylveon|144/300\n|-damage|p1a: Sunflora|219/312|[from] item: Life Orb\n|move|p2a: Sylveon|Wish|p2a: Sylveon\n|\n|-weather|SunnyDay|[upkeep]\n|-heal|p2a: Sylveon|162/300|[from] item: Leftovers\n|upkeep\n|turn|11\n|\n|t:|1782881425\n|move|p2a: Sylveon|Protect|p2a: Sylveon\n|-singleturn|p2a: Sylveon|Protect\n|move|p1a: Sunflora|Weather Ball|p2a: Sylveon\n|-activate|p2a: Sylveon|move: Protect\n|\n|-weather|SunnyDay|[upkeep]\n|-heal|p2a: Sylveon|300/300|[from] move: Wish|[wisher] Sylveon\n|upkeep\n|turn|12\n|\n|t:|1782881430\n|move|p1a: Sunflora|Weather Ball|p2a: Sylveon\n|-damage|p2a: Sylveon|147/300\n|-damage|p1a: Sunflora|188/312|[from] item: Life Orb\n|move|p2a: Sylveon|Calm Mind|p2a: Sylveon\n|-boost|p2a: Sylveon|spa|1\n|-boost|p2a: Sylveon|spd|1\n|\n|-weather|none\n|-heal|p2a: Sylveon|165/300|[from] item: Leftovers\n|upkeep\n|turn|13\n|\n|t:|1782881434\n|move|p2a: Sylveon|Wish|p2a: Sylveon\n|move|p1a: Sunflora|Solar Beam||[still]\n|-prepare|p1a: Sunflora|Solar Beam\n|\n|-heal|p2a: Sylveon|183/300|[from] item: Leftovers\n|upkeep\n|turn|14\n|\n|t:|1782881438\n|move|p2a: Sylveon|Protect|p2a: Sylveon\n|-singleturn|p2a: Sylveon|Protect\n|move|p1a: Sunflora|Solar Beam|p2a: Sylveon|[from] lockedmove\n|-activate|p2a: Sylveon|move: Protect\n|\n|-heal|p2a: Sylveon|300/300|[from] move: Wish|[wisher] Sylveon\n|upkeep\n|turn|15\n|\n|t:|1782881441\n|switch|p1a: Spiritomb|Spiritomb, L89, M|234/234\n|move|p2a: Sylveon|Calm Mind|p2a: Sylveon\n|-boost|p2a: Sylveon|spa|1\n|-boost|p2a: Sylveon|spd|1\n|\n|upkeep\n|turn|16\n|\n|t:|1782881444\n|move|p2a: Sylveon|Hyper Voice|p1a: Spiritomb\n|-supereffective|p1a: Spiritomb\n|-damage|p1a: Spiritomb|0 fnt\n|faint|p1a: Spiritomb\n|\n|upkeep\n|\n|t:|1782881448\n|switch|p1a: Regirock|Regirock, L83|268/268\n|turn|17\n|\n|t:|1782881453\n|move|p2a: Sylveon|Hyper Voice|p1a: Regirock\n|-damage|p1a: Regirock|0 fnt\n|faint|p1a: Regirock\n|\n|upkeep\n|\n|t:|1782881455\n|switch|p1a: Serperior|Serperior, L79, F|248/248\n|turn|18\n|\n|t:|1782881458\n|move|p1a: Serperior|Glare|p2a: Sylveon\n|-status|p2a: Sylveon|par\n|move|p2a: Sylveon|Hyper Voice|p1a: Serperior\n|-damage|p1a: Serperior|0 fnt\n|faint|p1a: Serperior\n|\n|upkeep\n|\n|t:|1782881459\n|switch|p1a: Sunflora|Sunflora, F, tera:Fire|188/312\n|turn|19\n|\n|t:|1782881462\n|move|p1a: Sunflora|Solar Beam||[still]\n|-prepare|p1a: Sunflora|Solar Beam\n|cant|p2a: Sylveon|par\n|\n|upkeep\n|turn|20\n|\n|t:|1782881466\n|cant|p2a: Sylveon|par\n|move|p1a: Sunflora|Solar Beam|p2a: Sylveon|[from] lockedmove\n|-damage|p2a: Sylveon|226/300 par\n|-damage|p1a: Sunflora|157/312|[from] item: Life Orb\n|\n|-heal|p2a: Sylveon|244/300 par|[from] item: Leftovers\n|upkeep\n|turn|21\n|\n|t:|1782881468\n|move|p1a: Sunflora|Solar Beam||[still]\n|-prepare|p1a: Sunflora|Solar Beam\n|move|p2a: Sylveon|Hyper Voice|p1a: Sunflora\n|-resisted|p1a: Sunflora\n|-damage|p1a: Sunflora|10/312\n|\n|-heal|p2a: Sylveon|262/300 par|[from] item: Leftovers\n|upkeep\n|turn|22\n|\n|t:|1782881471\n|cant|p2a: Sylveon|par\n|move|p1a: Sunflora|Solar Beam|p2a: Sylveon|[from] lockedmove\n|-damage|p2a: Sylveon|188/300 par\n|-damage|p1a: Sunflora|0 fnt|[from] item: Life Orb\n|faint|p1a: Sunflora\n|\n|-heal|p2a: Sylveon|206/300 par|[from] item: Leftovers\n|upkeep\n|\n|t:|1782881474\n|switch|p1a: Cloyster|Cloyster, L80, M|211/211\n|turn|23\n|c|\u2606zingym|gg\n|\n|t:|1782881477\n|move|p1a: Cloyster|Icicle Spear|p2a: Sylveon\n|-damage|p2a: Sylveon|176/300 par\n|-damage|p2a: Sylveon|148/300 par\n|-damage|p2a: Sylveon|118/300 par\n|-damage|p2a: Sylveon|84/300 par\n|-damage|p2a: Sylveon|54/300 par\n|-hitcount|p2a: Sylveon|5\n|move|p2a: Sylveon|Hyper Voice|p1a: Cloyster\n|-damage|p1a: Cloyster|0 fnt\n|faint|p1a: Cloyster\n|\n|win|zingym\n|raw|jnpr010334's rating: 1671 &rarr; <strong>1651</strong><br />(-20 for losing)\n|raw|zingym's rating: 1664 &rarr; <strong>1684</strong><br />(+20 for winning)\n", "inputlog": ">version f8ac14003a5f27e1bdc8d8c59608a773c1cb96e5\n>start {\"formatid\":\"gen9randombattle\",\"seed\":\"sodium,07beaf12f97e277fc1612b0888264d86\",\"rated\":\"Rated battle\"}\n>player p1 {\"name\":\"jnpr010334\",\"avatar\":\"265\",\"rating\":1658,\"seed\":\"sodium,5a9048504073ad5abc1bee12d6c1277d\"}\n>player p2 {\"name\":\"zingym\",\"avatar\":\"lucas\",\"rating\":1664,\"seed\":\"sodium,2d98ec6b2dfd35523dd2a9c9026eff3d\"}\n>p1 move bulkup\n>p2 move wish\n>p1 move bulkup\n>p2 move hypervoice\n>p1 switch 2\n>p1 move sunnyday\n>p2 move calmmind\n>p1 move weatherball terastallize\n>p2 move protect\n>p1 move weatherball\n>p2 switch 2\n>p1 move weatherball\n>p2 move painsplit\n>p2 switch 2\n>p1 move weatherball\n>p2 move protect\n>p1 move sunnyday\n>p2 move calmmind\n>p1 move weatherball\n>p2 move protect\n>p1 move weatherball\n>p2 move wish\n>p1 move weatherball\n>p2 move protect\n>p1 move weatherball\n>p2 move calmmind\n>p1 move solarbeam\n>p2 move wish\n>p1 move solarbeam\n>p2 move protect\n>p1 switch 3\n>p2 move calmmind\n>p1 move toxic\n>p2 move hypervoice\n>p1 switch 6\n>p1 move stoneedge\n>p2 move hypervoice\n>p1 switch 4\n>p1 move glare\n>p2 move hypervoice\n>p1 switch 3\n>p1 move solarbeam\n>p2 move hypervoice\n>p1 move solarbeam\n>p2 move protect\n>p1 move solarbeam\n>p2 move hypervoice\n>p1 move solarbeam\n>p2 move protect\n>p1 switch 5\n>chat \u2606zingym|gg\n>p1 move iciclespear\n>p2 move hypervoice", "uploadtime": 1782881477, "views": 2, "formatid": "gen9randombattle", "rating": 1651, "private": 0, "password": null, "player_dets": [{"name": "jnpr010334", "avatar": "265", "rating": 1658, "seed": "sodium,5a9048504073ad5abc1bee12d6c1277d"}, {"name": "zingym", "avatar": "lucas", "rating": 1664, "seed": "sodium,2d98ec6b2dfd35523dd2a9c9026eff3d"}], "teams_full": [{"Zapdos": {"name": "Zapdos", "species": "Zapdos-Galar", "speciesId": "zapdosgalar", "gender": "N", "shiny": false, "level": 77, "moves": ["closecombat", "knockoff", "bravebird", "bulkup"], "ability": "Defiant", "evs": {"hp": 85, "atk": 85, "def": 85, "spa": 85, "spd": 85, "spe": 85}, "ivs": {"hp": 31, "atk": 31, "def": 31, "spa": 31, "spd": 31, "spe": 31}, "item": "Life Orb", "teraType": "Dark", "role": "Fast Attacker", "bvs": {"hp": 90, "atk": 125, "def": 90, "spa": 85, "spd": 90, "spe": 100}, "stats": {"hp": 265, "atk": 237, "def": 183, "spa": 175, "spd": 183, "spe": 199}, "types": ["Fighting", "Flying"]}, "Sunflora": {"name": "Sunflora", "species": "Sunflora", "speciesId": "sunflora", "gender": "F", "shiny": false, "level": 100, "moves": ["solarbeam", "weatherball", "earthpower", "sunnyday"], "ability": "Chlorophyll", "evs": {"hp": 85, "atk": 0, "def": 85, "spa": 85, "spd": 85, "spe": 85}, "ivs": {"hp": 31, "atk": 0, "def": 31, "spa": 31, "spd": 31, "spe": 31}, "item": "Life Orb", "teraType": "Fire", "role": "Setup Sweeper", "bvs": {"hp": 75, "atk": 75, "def": 55, "spa": 105, "spd": 85, "spe": 30}, "stats": {"hp": 312, "atk": 155, "def": 167, "spa": 267, "spd": 227, "spe": 117}, "types": ["Grass"]}, "Spiritomb": {"name": "Spiritomb", "species": "Spiritomb", "speciesId": "spiritomb", "gender": "M", "shiny": false, "level": 89, "moves": ["foulplay", "suckerpunch", "poltergeist", "toxic"], "ability": "Infiltrator", "evs": {"hp": 85, "atk": 85, "def": 85, "spa": 85, "spd": 85, "spe": 85}, "ivs": {"hp": 31, "atk": 31, "def": 31, "spa": 31, "spd": 31, "spe": 31}, "item": "Leftovers", "teraType": "Steel", "role": "Bulky Support", "bvs": {"hp": 50, "atk": 92, "def": 108, "spa": 92, "spd": 108, "spe": 35}, "stats": {"hp": 234, "atk": 215, "def": 243, "spa": 215, "spd": 243, "spe": 113}, "types": ["Ghost", "Dark"]}, "Serperior": {"name": "Serperior", "species": "Serperior", "speciesId": "serperior", "gender": "F", "shiny": false, "level": 79, "moves": ["terablast", "glare", "synthesis", "leafstorm"], "ability": "Contrary", "evs": {"hp": 85, "atk": 85, "def": 85, "spa": 85, "spd": 85, "spe": 85}, "ivs": {"hp": 31, "atk": 31, "def": 31, "spa": 31, "spd": 31, "spe": 31}, "item": "Life Orb", "teraType": "Fire", "role": "Tera Blast user", "bvs": {"hp": 75, "atk": 75, "def": 95, "spa": 75, "spd": 95, "spe": 113}, "stats": {"hp": 248, "atk": 164, "def": 196, "spa": 164, "spd": 196, "spe": 224}, "types": ["Grass"]}, "Cloyster": {"name": "Cloyster", "species": "Cloyster", "speciesId": "cloyster", "gender": "M", "shiny": false, "level": 80, "moves": ["iciclespear", "shellsmash", "rockblast", "drillrun"], "ability": "Skill Link", "evs": {"hp": 85, "atk": 85, "def": 85, "spa": 85, "spd": 85, "spe": 85}, "ivs": {"hp": 31, "atk": 31, "def": 31, "spa": 31, "spd": 31, "spe": 31}, "item": "White Herb", "teraType": "Ground", "role": "Fast Attacker", "bvs": {"hp": 50, "atk": 95, "def": 180, "spa": 85, "spd": 45, "spe": 70}, "stats": {"hp": 211, "atk": 198, "def": 334, "spa": 182, "spd": 118, "spe": 158}, "types": ["Water", "Ice"]}, "Regirock": {"name": "Regirock", "species": "Regirock", "speciesId": "regirock", "gender": "N", "shiny": false, "level": 83, "moves": ["irondefense", "bodypress", "rest", "stoneedge"], "ability": "Clear Body", "evs": {"hp": 85, "atk": 85, "def": 85, "spa": 85, "spd": 85, "spe": 85}, "ivs": {"hp": 31, "atk": 31, "def": 31, "spa": 31, "spd": 31, "spe": 31}, "item": "Chesto Berry", "teraType": "Fighting", "role": "Bulky Setup", "bvs": {"hp": 80, "atk": 100, "def": 200, "spa": 50, "spd": 100, "spe": 50}, "stats": {"hp": 268, "atk": 214, "def": 380, "spa": 131, "spd": 214, "spe": 131}, "types": ["Rock"]}}, {"Sylveon": {"name": "Sylveon", "species": "Sylveon", "speciesId": "sylveon", "gender": "F", "shiny": false, "level": 85, "moves": ["wish", "calmmind", "protect", "hypervoice"], "ability": "Pixilate", "evs": {"hp": 85, "atk": 0, "def": 85, "spa": 85, "spd": 85, "spe": 85}, "ivs": {"hp": 31, "atk": 0, "def": 31, "spa": 31, "spd": 31, "spe": 31}, "item": "Leftovers", "teraType": "Steel", "role": "Bulky Setup", "bvs": {"hp": 95, "atk": 65, "def": 65, "spa": 110, "spd": 130, "spe": 60}, "stats": {"hp": 300, "atk": 115, "def": 159, "spa": 236, "spd": 270, "spe": 151}, "types": ["Fairy"]}, "Rotom": {"name": "Rotom", "species": "Rotom-Heat", "speciesId": "rotomheat", "gender": "N", "shiny": false, "level": 83, "moves": ["nastyplot", "thunderbolt", "overheat", "painsplit"], "ability": "Levitate", "evs": {"hp": 85, "atk": 0, "def": 85, "spa": 85, "spd": 85, "spe": 85}, "ivs": {"hp": 31, "atk": 0, "def": 31, "spa": 31, "spd": 31, "spe": 31}, "item": "Heavy-Duty Boots", "teraType": "Fire", "role": "Bulky Attacker", "bvs": {"hp": 50, "atk": 65, "def": 107, "spa": 105, "spd": 107, "spe": 86}, "stats": {"hp": 219, "atk": 112, "def": 225, "spa": 222, "spd": 225, "spe": 190}, "types": ["Electric", "Fire"]}, "Trevenant": {"name": "Trevenant", "species": "Trevenant", "speciesId": "trevenant", "gender": "F", "shiny": false, "level": 89, "moves": ["poltergeist", "toxic", "drainpunch", "protect"], "ability": "Harvest", "evs": {"hp": 85, "atk": 85, "def": 85, "spa": 85, "spd": 85, "spe": 85}, "ivs": {"hp": 31, "atk": 31, "def": 31, "spa": 31, "spd": 31, "spe": 31}, "item": "Sitrus Berry", "teraType": "Fighting", "role": "Bulky Support", "bvs": {"hp": 85, "atk": 110, "def": 76, "spa": 65, "spd": 82, "spe": 56}, "stats": {"hp": 296, "atk": 247, "def": 186, "spa": 166, "spd": 197, "spe": 150}, "types": ["Ghost", "Grass"]}, "Mewtwo": {"name": "Mewtwo", "species": "Mewtwo", "speciesId": "mewtwo", "gender": "N", "shiny": false, "level": 72, "moves": ["fireblast", "psystrike", "nastyplot", "aurasphere"], "ability": "Pressure", "evs": {"hp": 85, "atk": 0, "def": 85, "spa": 85, "spd": 85, "spe": 85}, "ivs": {"hp": 31, "atk": 0, "def": 31, "spa": 31, "spd": 31, "spe": 31}, "item": "Life Orb", "teraType": "Psychic", "role": "Setup Sweeper", "bvs": {"hp": 106, "atk": 110, "def": 90, "spa": 154, "spd": 90, "spe": 130}, "stats": {"hp": 272, "atk": 163, "def": 172, "spa": 264, "spd": 172, "spe": 229}, "types": ["Psychic"]}, "Dudunsparce": {"name": "Dudunsparce", "species": "Dudunsparce-Three-Segment", "speciesId": "dudunsparce", "gender": "M", "shiny": false, "level": 83, "moves": ["toxic", "boomburst", "earthquake", "roost"], "ability": "Rattled", "evs": {"hp": 85, "atk": 85, "def": 85, "spa": 85, "spd": 85, "spe": 85}, "ivs": {"hp": 31, "atk": 31, "def": 31, "spa": 31, "spd": 31, "spe": 31}, "item": "Leftovers", "teraType": "Ghost", "role": "Bulky Attacker", "bvs": {"hp": 125, "atk": 100, "def": 80, "spa": 85, "spd": 75, "spe": 55}, "stats": {"hp": 343, "atk": 214, "def": 180, "spa": 189, "spd": 172, "spe": 139}, "types": ["Normal"]}, "Regieleki": {"name": "Regieleki", "species": "Regieleki", "speciesId": "regieleki", "gender": "N", "shiny": false, "level": 79, "moves": ["terablast", "thunderbolt", "rapidspin", "voltswitch"], "ability": "Transistor", "evs": {"hp": 85, "atk": 85, "def": 85, "spa": 85, "spd": 85, "spe": 85}, "ivs": {"hp": 31, "atk": 31, "def": 31, "spa": 31, "spd": 31, "spe": 31}, "item": "Magnet", "teraType": "Ice", "role": "Tera Blast user", "bvs": {"hp": 80, "atk": 100, "def": 50, "spa": 100, "spd": 50, "spe": 200}, "stats": {"hp": 256, "atk": 204, "def": 125, "spa": 204, "spd": 125, "spe": 362}, "types": ["Electric"]}}]}