{"id": "gen9randombattle-2641887358", "format": "[Gen 9] Random Battle", "players": ["AxolotlMaster", "Enria Griffin"], "log": "|j|\u203dAxolotlMaster\n|j|\u2606Enria Griffin\n|t:|1782853989\n|gametype|singles\n|player|p1|AxolotlMaster|wattson|1314\n|player|p2|Enria Griffin|iris-gen5bw2|1334\n|gen|9\n|tier|[Gen 9] Random Battle\n|rated|\n|rule|Species Clause: Limit one of each Pok\u00e9mon\n|rule|HP Percentage Mod: HP is shown in percentages\n|rule|Sleep Clause Mod: Limit one foe put to sleep\n|rule|Illusion Level Mod: Illusion disguises the Pok\u00e9mon's true level\n|\n|t:|1782853989\n|teamsize|p1|6\n|teamsize|p2|6\n|start\n|switch|p1a: Toxicroak|Toxicroak, L84, F|277/277\n|switch|p2a: Dondozo|Dondozo, L78, F|362/362\n|turn|1\n|inactive|Battle timer is ON: inactive players will automatically lose when time's up. (requested by AxolotlMaster)\n|\n|t:|1782854006\n|move|p1a: Toxicroak|Swords Dance|p1a: Toxicroak\n|-boost|p1a: Toxicroak|atk|2\n|move|p2a: Dondozo|Curse|p2a: Dondozo\n|-unboost|p2a: Dondozo|spe|1\n|-boost|p2a: Dondozo|atk|1\n|-boost|p2a: Dondozo|def|1\n|\n|upkeep\n|turn|2\n|\n|t:|1782854013\n|move|p1a: Toxicroak|Swords Dance|p1a: Toxicroak\n|-boost|p1a: Toxicroak|atk|2\n|move|p2a: Dondozo|Curse|p2a: Dondozo\n|-unboost|p2a: Dondozo|spe|1\n|-boost|p2a: Dondozo|atk|1\n|-boost|p2a: Dondozo|def|1\n|\n|upkeep\n|turn|3\n|\n|t:|1782854018\n|move|p1a: Toxicroak|Swords Dance|p1a: Toxicroak\n|-boost|p1a: Toxicroak|atk|2\n|move|p2a: Dondozo|Curse|p2a: Dondozo\n|-unboost|p2a: Dondozo|spe|1\n|-boost|p2a: Dondozo|atk|1\n|-boost|p2a: Dondozo|def|1\n|\n|upkeep\n|turn|4\n|\n|t:|1782854028\n|move|p1a: Toxicroak|Gunk Shot|p2a: Dondozo\n|-damage|p2a: Dondozo|304/362\n|-damage|p1a: Toxicroak|250/277|[from] item: Life Orb\n|move|p2a: Dondozo|Curse|p2a: Dondozo\n|-unboost|p2a: Dondozo|spe|1\n|-boost|p2a: Dondozo|atk|1\n|-boost|p2a: Dondozo|def|1\n|\n|-heal|p2a: Dondozo|326/362|[from] item: Leftovers\n|upkeep\n|turn|5\n|\n|t:|1782854033\n|move|p1a: Toxicroak|Gunk Shot|p2a: Dondozo\n|-damage|p2a: Dondozo|274/362\n|-damage|p1a: Toxicroak|223/277|[from] item: Life Orb\n|move|p2a: Dondozo|Curse|p2a: Dondozo\n|-unboost|p2a: Dondozo|spe|1\n|-boost|p2a: Dondozo|atk|1\n|-boost|p2a: Dondozo|def|1\n|\n|-heal|p2a: Dondozo|296/362|[from] item: Leftovers\n|upkeep\n|turn|6\n|\n|t:|1782854038\n|move|p1a: Toxicroak|Gunk Shot|p2a: Dondozo\n|-crit|p2a: Dondozo\n|-damage|p2a: Dondozo|57/362\n|-damage|p1a: Toxicroak|196/277|[from] item: Life Orb\n|move|p2a: Dondozo|Curse|p2a: Dondozo\n|-unboost|p2a: Dondozo|spe|1\n|-boost|p2a: Dondozo|atk|1\n|-boost|p2a: Dondozo|def|1\n|\n|-heal|p2a: Dondozo|79/362|[from] item: Leftovers\n|upkeep\n|turn|7\n|\n|t:|1782854044\n|move|p1a: Toxicroak|Gunk Shot|p2a: Dondozo\n|-damage|p2a: Dondozo|40/362\n|-status|p2a: Dondozo|psn\n|-damage|p1a: Toxicroak|169/277|[from] item: Life Orb\n|move|p2a: Dondozo|Rest|p2a: Dondozo\n|-status|p2a: Dondozo|slp|[from] move: Rest\n|-heal|p2a: Dondozo|362/362 slp|[silent]\n|\n|upkeep\n|turn|8\n|\n|t:|1782854062\n|move|p1a: Toxicroak|Earthquake|p2a: Dondozo\n|-damage|p2a: Dondozo|341/362 slp\n|-damage|p1a: Toxicroak|142/277|[from] item: Life Orb\n|cant|p2a: Dondozo|slp\n|\n|-heal|p2a: Dondozo|362/362 slp|[from] item: Leftovers\n|upkeep\n|turn|9\n|\n|t:|1782854071\n|move|p1a: Toxicroak|Swords Dance|p1a: Toxicroak\n|-boost|p1a: Toxicroak|atk|0\n|cant|p2a: Dondozo|slp\n|\n|upkeep\n|turn|10\n|\n|t:|1782854084\n|move|p1a: Toxicroak|Swords Dance|p1a: Toxicroak\n|-boost|p1a: Toxicroak|atk|0\n|-curestatus|p2a: Dondozo|slp|[msg]\n|move|p2a: Dondozo|Curse|p2a: Dondozo\n|\n|upkeep\n|turn|11\n|\n|t:|1782854092\n|move|p1a: Toxicroak|Swords Dance|p1a: Toxicroak\n|-boost|p1a: Toxicroak|atk|0\n|move|p2a: Dondozo|Rest|p2a: Dondozo\n|-fail|p2a: Dondozo|heal\n|\n|upkeep\n|turn|12\n|\n|t:|1782854103\n|move|p1a: Toxicroak|Swords Dance|p1a: Toxicroak\n|-boost|p1a: Toxicroak|atk|0\n|move|p2a: Dondozo|Rest|p2a: Dondozo\n|-fail|p2a: Dondozo|heal\n|\n|upkeep\n|turn|13\n|\n|t:|1782854109\n|move|p1a: Toxicroak|Swords Dance|p1a: Toxicroak\n|-boost|p1a: Toxicroak|atk|0\n|move|p2a: Dondozo|Sleep Talk||[still]\n|-fail|p2a: Dondozo\n|\n|upkeep\n|turn|14\n|\n|t:|1782854121\n|move|p1a: Toxicroak|Earthquake|p2a: Dondozo\n|-damage|p2a: Dondozo|341/362\n|-damage|p1a: Toxicroak|115/277|[from] item: Life Orb\n|move|p2a: Dondozo|Sleep Talk||[still]\n|-fail|p2a: Dondozo\n|\n|-heal|p2a: Dondozo|362/362|[from] item: Leftovers\n|upkeep\n|turn|15\n|\n|t:|1782854126\n|move|p1a: Toxicroak|Swords Dance|p1a: Toxicroak\n|-boost|p1a: Toxicroak|atk|0\n|move|p2a: Dondozo|Sleep Talk||[still]\n|-fail|p2a: Dondozo\n|\n|upkeep\n|turn|16\n|\n|t:|1782854134\n|move|p1a: Toxicroak|Swords Dance|p1a: Toxicroak\n|-boost|p1a: Toxicroak|atk|0\n|move|p2a: Dondozo|Sleep Talk||[still]\n|-fail|p2a: Dondozo\n|\n|upkeep\n|turn|17\n|\n|t:|1782854158\n|move|p1a: Toxicroak|Swords Dance|p1a: Toxicroak\n|-boost|p1a: Toxicroak|atk|0\n|move|p2a: Dondozo|Curse|p2a: Dondozo\n|\n|upkeep\n|turn|18\n|\n|t:|1782854164\n|move|p1a: Toxicroak|Swords Dance|p1a: Toxicroak\n|-boost|p1a: Toxicroak|atk|0\n|move|p2a: Dondozo|Curse|p2a: Dondozo\n|\n|upkeep\n|turn|19\n|inactive|AxolotlMaster has 120 seconds left.\n|\n|t:|1782854196\n|move|p1a: Toxicroak|Swords Dance|p1a: Toxicroak\n|-boost|p1a: Toxicroak|atk|0\n|move|p2a: Dondozo|Curse|p2a: Dondozo\n|\n|upkeep\n|turn|20\n|inactive|AxolotlMaster has 120 seconds left.\n|\n|t:|1782854212\n|move|p1a: Toxicroak|Swords Dance|p1a: Toxicroak\n|-boost|p1a: Toxicroak|atk|0\n|move|p2a: Dondozo|Sleep Talk||[still]\n|-fail|p2a: Dondozo\n|\n|upkeep\n|turn|21\n|inactive|AxolotlMaster has 120 seconds left.\n|\n|t:|1782854223\n|move|p1a: Toxicroak|Swords Dance|p1a: Toxicroak\n|-boost|p1a: Toxicroak|atk|0\n|move|p2a: Dondozo|Curse|p2a: Dondozo\n|\n|upkeep\n|turn|22\n|inactive|AxolotlMaster has 120 seconds left.\n|\n|t:|1782854242\n|move|p1a: Toxicroak|Swords Dance|p1a: Toxicroak\n|-boost|p1a: Toxicroak|atk|0\n|move|p2a: Dondozo|Curse|p2a: Dondozo\n|\n|upkeep\n|turn|23\n|n|\u2606AxolotlMaster|axolotlmaster\n|c|\u2606AxolotlMaster|pls bro why  u doing this to me\n|\n|t:|1782854257\n|move|p1a: Toxicroak|Swords Dance|p1a: Toxicroak\n|-boost|p1a: Toxicroak|atk|0\n|move|p2a: Dondozo|Curse|p2a: Dondozo\n|\n|upkeep\n|turn|24\n|\n|t:|1782854266\n|move|p1a: Toxicroak|Swords Dance|p1a: Toxicroak\n|-boost|p1a: Toxicroak|atk|0\n|move|p2a: Dondozo|Curse|p2a: Dondozo\n|\n|upkeep\n|turn|25\n|inactive|AxolotlMaster has 120 seconds left.\n|\n|t:|1782854274\n|move|p1a: Toxicroak|Gunk Shot|p2a: Dondozo|[miss]\n|-miss|p1a: Toxicroak|p2a: Dondozo\n|move|p2a: Dondozo|Curse|p2a: Dondozo\n|\n|upkeep\n|turn|26\n|\n|t:|1782854279\n|move|p1a: Toxicroak|Gunk Shot|p2a: Dondozo\n|-crit|p2a: Dondozo\n|-damage|p2a: Dondozo|127/362\n|-damage|p1a: Toxicroak|88/277|[from] item: Life Orb\n|move|p2a: Dondozo|Curse|p2a: Dondozo\n|\n|-heal|p2a: Dondozo|149/362|[from] item: Leftovers\n|upkeep\n|turn|27\n|\n|t:|1782854285\n|move|p1a: Toxicroak|Gunk Shot|p2a: Dondozo|[miss]\n|-miss|p1a: Toxicroak|p2a: Dondozo\n|move|p2a: Dondozo|Rest|p2a: Dondozo\n|-status|p2a: Dondozo|slp|[from] move: Rest\n|-heal|p2a: Dondozo|362/362 slp|[silent]\n|\n|upkeep\n|turn|28\n|\n|t:|1782854294\n|move|p1a: Toxicroak|Swords Dance|p1a: Toxicroak\n|-boost|p1a: Toxicroak|atk|0\n|cant|p2a: Dondozo|slp\n|\n|upkeep\n|turn|29\n|\n|t:|1782854299\n|move|p1a: Toxicroak|Swords Dance|p1a: Toxicroak\n|-boost|p1a: Toxicroak|atk|0\n|cant|p2a: Dondozo|slp\n|\n|upkeep\n|turn|30\n|\n|t:|1782854310\n|move|p1a: Toxicroak|Swords Dance|p1a: Toxicroak\n|-boost|p1a: Toxicroak|atk|0\n|-curestatus|p2a: Dondozo|slp|[msg]\n|move|p2a: Dondozo|Rest|p2a: Dondozo\n|-fail|p2a: Dondozo|heal\n|\n|upkeep\n|turn|31\n|\n|t:|1782854317\n|move|p1a: Toxicroak|Gunk Shot|p2a: Dondozo\n|-damage|p2a: Dondozo|322/362\n|-damage|p1a: Toxicroak|61/277|[from] item: Life Orb\n|move|p2a: Dondozo|Sleep Talk||[still]\n|-fail|p2a: Dondozo\n|\n|-heal|p2a: Dondozo|344/362|[from] item: Leftovers\n|upkeep\n|turn|32\n|\n|t:|1782854322\n|move|p1a: Toxicroak|Swords Dance|p1a: Toxicroak\n|-boost|p1a: Toxicroak|atk|0\n|move|p2a: Dondozo|Sleep Talk||[still]\n|-fail|p2a: Dondozo\n|\n|-heal|p2a: Dondozo|362/362|[from] item: Leftovers\n|upkeep\n|turn|33\n|\n|t:|1782854328\n|move|p1a: Toxicroak|Swords Dance|p1a: Toxicroak\n|-boost|p1a: Toxicroak|atk|0\n|move|p2a: Dondozo|Sleep Talk||[still]\n|-fail|p2a: Dondozo\n|\n|upkeep\n|turn|34\n|\n|t:|1782854336\n|move|p1a: Toxicroak|Swords Dance|p1a: Toxicroak\n|-boost|p1a: Toxicroak|atk|0\n|move|p2a: Dondozo|Sleep Talk||[still]\n|-fail|p2a: Dondozo\n|\n|upkeep\n|turn|35\n|\n|t:|1782854342\n|move|p1a: Toxicroak|Swords Dance|p1a: Toxicroak\n|-boost|p1a: Toxicroak|atk|0\n|move|p2a: Dondozo|Sleep Talk||[still]\n|-fail|p2a: Dondozo\n|\n|upkeep\n|turn|36\n|inactive|AxolotlMaster has 120 seconds left.\n|\n|t:|1782854381\n|move|p1a: Toxicroak|Swords Dance|p1a: Toxicroak\n|-boost|p1a: Toxicroak|atk|0\n|move|p2a: Dondozo|Sleep Talk||[still]\n|-fail|p2a: Dondozo\n|\n|upkeep\n|turn|37\n|inactive|AxolotlMaster has 120 seconds left.\n|\n|t:|1782854395\n|move|p1a: Toxicroak|Earthquake|p2a: Dondozo\n|-damage|p2a: Dondozo|337/362\n|-damage|p1a: Toxicroak|34/277|[from] item: Life Orb\n|move|p2a: Dondozo|Sleep Talk||[still]\n|-fail|p2a: Dondozo\n|\n|-heal|p2a: Dondozo|359/362|[from] item: Leftovers\n|upkeep\n|turn|38\n|inactive|AxolotlMaster has 120 seconds left.\n|\n|t:|1782854401\n|switch|p1a: Golduck|Golduck, L90, F|290/290\n|-ability|p1a: Golduck|Cloud Nine\n|move|p2a: Dondozo|Rest|p2a: Dondozo\n|-status|p2a: Dondozo|slp|[from] move: Rest\n|-heal|p2a: Dondozo|362/362 slp|[silent]\n|\n|upkeep\n|turn|39\n|\n|t:|1782854407\n|move|p1a: Golduck|Encore|p2a: Dondozo\n|-start|p2a: Dondozo|Encore\n|cant|p2a: Dondozo|slp\n|\n|upkeep\n|turn|40\n|\n|t:|1782854414\n|move|p1a: Golduck|Nasty Plot|p1a: Golduck\n|-boost|p1a: Golduck|spa|2\n|cant|p2a: Dondozo|slp\n|\n|upkeep\n|turn|41\n|\n|t:|1782854417\n|move|p1a: Golduck|Nasty Plot|p1a: Golduck\n|-boost|p1a: Golduck|spa|2\n|-curestatus|p2a: Dondozo|slp|[msg]\n|move|p2a: Dondozo|Rest|p2a: Dondozo\n|-fail|p2a: Dondozo|heal\n|\n|-end|p2a: Dondozo|Encore\n|upkeep\n|turn|42\n|\n|t:|1782854422\n|move|p1a: Golduck|Encore|p2a: Dondozo\n|-start|p2a: Dondozo|Encore\n|move|p2a: Dondozo|Rest|p2a: Dondozo\n|-fail|p2a: Dondozo|heal\n|\n|-end|p2a: Dondozo|Encore\n|upkeep\n|turn|43\n|\n|t:|1782854434\n|switch|p1a: Toxicroak|Toxicroak, L84, F|34/277\n|move|p2a: Dondozo|Wave Crash|p1a: Toxicroak\n|-heal|p1a: Toxicroak|103/277|[from] ability: Dry Skin|[of] p2a: Dondozo\n|\n|upkeep\n|turn|44\n|l|\u2606Enria Griffin\n|inactive|Enria Griffin disconnected and has a minute to reconnect!\n|player|p2|\n|inactive|Enria Griffin has 30 seconds to reconnect!\n|inactive|Enria Griffin has 20 seconds to reconnect!\n|inactive|Enria Griffin has 15 seconds to reconnect!\n|inactive|Enria Griffin has 10 seconds to reconnect!\n|inactive|Enria Griffin has 5 seconds to reconnect!\n|-message|Enria Griffin lost due to inactivity.\n|\n|win|AxolotlMaster\n|raw|AxolotlMaster's rating: 1314 &rarr; <strong>1335</strong><br />(+21 for winning)\n|raw|Enria Griffin's rating: 1334 &rarr; <strong>1313</strong><br />(-21 for losing)\n", "inputlog": ">version f8ac14003a5f27e1bdc8d8c59608a773c1cb96e5\n>start {\"formatid\":\"gen9randombattle\",\"seed\":\"sodium,d3169d289895c02e8d4d30e34ae3abbd\",\"rated\":\"Rated battle\"}\n>player p1 {\"name\":\"AxolotlMaster\",\"avatar\":\"wattson\",\"rating\":1314,\"seed\":\"sodium,1ce631e32902c7daa73162d0e17660b5\"}\n>player p2 {\"name\":\"Enria Griffin\",\"avatar\":\"iris-gen5bw2\",\"rating\":1334,\"seed\":\"sodium,9d9f10f8b527a03f43c29ff4b45da904\"}\n>p1 move swordsdance\n>p2 move curse\n>p1 move swordsdance\n>p2 move curse\n>p1 move swordsdance\n>p2 move curse\n>p1 move gunkshot\n>p2 move curse\n>p1 move gunkshot\n>p2 move curse\n>p1 move gunkshot\n>p2 move curse\n>p1 move gunkshot\n>p2 move rest\n>p1 move earthquake\n>p2 move rest\n>p1 move swordsdance\n>p2 move rest\n>p1 move swordsdance\n>p2 move curse\n>p1 move swordsdance\n>p2 move rest\n>p1 move swordsdance\n>p2 move rest\n>p1 move swordsdance\n>p2 move sleeptalk\n>p1 move earthquake\n>p2 move sleeptalk\n>p1 move swordsdance\n>p2 move sleeptalk\n>p1 move swordsdance\n>p2 move sleeptalk\n>p1 move swordsdance\n>p2 move curse\n>p1 move swordsdance\n>p2 move curse\n>p1 move swordsdance\n>p2 move curse\n>p1 move swordsdance\n>p2 move sleeptalk\n>p1 move swordsdance\n>p2 move curse\n>p1 move swordsdance\n>p2 move curse\n>chat \u2606AxolotlMaster|pls bro why  u doing this to me\n>p1 move swordsdance\n>p2 move curse\n>p1 move swordsdance\n>p2 move curse\n>p1 move gunkshot\n>p2 move curse\n>p1 move gunkshot\n>p2 move curse\n>p1 move gunkshot\n>p2 move rest\n>p1 move swordsdance\n>p2 move rest\n>p1 move swordsdance\n>p2 move rest\n>p1 move swordsdance\n>p2 move rest\n>p1 move gunkshot\n>p2 move sleeptalk\n>p1 move swordsdance\n>p2 move sleeptalk\n>p1 move swordsdance\n>p2 move sleeptalk\n>p1 move swordsdance\n>p2 move sleeptalk\n>p1 move swordsdance\n>p2 move sleeptalk\n>p1 move swordsdance\n>p2 move sleeptalk\n>p1 move earthquake\n>p2 move sleeptalk\n>p1 switch 6\n>p2 move rest\n>p1 move encore\n>p2 move sleeptalk\n>p1 move nastyplot\n>p2 move rest\n>p1 move nastyplot\n>p2 move rest\n>p1 move encore\n>p2 move wavecrash\n>p1 switch 6\n>p2 move wavecrash\n>forcelose p2", "uploadtime": 1782854501, "views": 15, "formatid": "gen9randombattle", "rating": 1313, "private": 0, "password": null, "player_dets": [{"name": "AxolotlMaster", "avatar": "wattson", "rating": 1314, "seed": "sodium,1ce631e32902c7daa73162d0e17660b5"}, {"name": "Enria Griffin", "avatar": "iris-gen5bw2", "rating": 1334, "seed": "sodium,9d9f10f8b527a03f43c29ff4b45da904"}], "teams_full": [{"Toxicroak": {"name": "Toxicroak", "species": "Toxicroak", "speciesId": "toxicroak", "gender": "F", "shiny": false, "level": 84, "moves": ["gunkshot", "swordsdance", "earthquake", "closecombat"], "ability": "Dry Skin", "evs": {"hp": 85, "atk": 85, "def": 85, "spa": 85, "spd": 85, "spe": 85}, "ivs": {"hp": 31, "atk": 31, "def": 31, "spa": 31, "spd": 31, "spe": 31}, "item": "Life Orb", "teraType": "Dark", "role": "Setup Sweeper", "bvs": {"hp": 83, "atk": 106, "def": 65, "spa": 86, "spd": 65, "spe": 85}, "stats": {"hp": 277, "atk": 226, "def": 157, "spa": 193, "spd": 157, "spe": 191}, "types": ["Poison", "Fighting"]}, "Dondozo": {"name": "Dondozo", "species": "Dondozo", "speciesId": "dondozo", "gender": "M", "shiny": false, "level": 78, "moves": ["rest", "wavecrash", "sleeptalk", "curse"], "ability": "Unaware", "evs": {"hp": 85, "atk": 85, "def": 85, "spa": 85, "spd": 85, "spe": 85}, "ivs": {"hp": 31, "atk": 31, "def": 31, "spa": 31, "spd": 31, "spe": 31}, "item": "Leftovers", "teraType": "Fairy", "role": "Bulky Setup", "bvs": {"hp": 150, "atk": 100, "def": 115, "spa": 65, "spd": 65, "spe": 35}, "stats": {"hp": 362, "atk": 201, "def": 224, "spa": 146, "spd": 146, "spe": 100}, "types": ["Water"]}, "Electrode": {"name": "Electrode", "species": "Electrode", "speciesId": "electrode", "gender": "N", "shiny": false, "level": 92, "moves": ["taunt", "thunderbolt", "voltswitch", "foulplay"], "ability": "Soundproof", "evs": {"hp": 85, "atk": 0, "def": 85, "spa": 85, "spd": 85, "spe": 85}, "ivs": {"hp": 31, "atk": 0, "def": 31, "spa": 31, "spd": 31, "spe": 31}, "item": "Heavy-Duty Boots", "teraType": "Dark", "role": "Fast Support", "bvs": {"hp": 60, "atk": 50, "def": 70, "spa": 80, "spd": 80, "spe": 150}, "stats": {"hp": 260, "atk": 97, "def": 181, "spa": 200, "spd": 200, "spe": 328}, "types": ["Electric"]}, "Dudunsparce": {"name": "Dudunsparce", "species": "Dudunsparce", "speciesId": "dudunsparce", "gender": "F", "shiny": false, "level": 83, "moves": ["glare", "roost", "headbutt", "earthquake"], "ability": "Serene Grace", "evs": {"hp": 85, "atk": 85, "def": 85, "spa": 85, "spd": 85, "spe": 85}, "ivs": {"hp": 31, "atk": 31, "def": 31, "spa": 31, "spd": 31, "spe": 31}, "item": "Leftovers", "teraType": "Ghost", "role": "Bulky Support", "bvs": {"hp": 125, "atk": 100, "def": 80, "spa": 85, "spd": 75, "spe": 55}, "stats": {"hp": 343, "atk": 214, "def": 180, "spa": 189, "spd": 172, "spe": 139}, "types": ["Normal"]}, "Dragalge": {"name": "Dragalge", "species": "Dragalge", "speciesId": "dragalge", "gender": "M", "shiny": false, "level": 88, "moves": ["sludgewave", "toxicspikes", "dracometeor", "focusblast"], "ability": "Adaptability", "evs": {"hp": 85, "atk": 0, "def": 85, "spa": 85, "spd": 85, "spe": 85}, "ivs": {"hp": 31, "atk": 0, "def": 31, "spa": 31, "spd": 31, "spe": 31}, "item": "Leftovers", "teraType": "Fighting", "role": "Bulky Attacker", "bvs": {"hp": 65, "atk": 75, "def": 90, "spa": 97, "spd": 123, "spe": 44}, "stats": {"hp": 258, "atk": 137, "def": 209, "spa": 221, "spd": 267, "spe": 128}, "types": ["Poison", "Dragon"]}, "Golduck": {"name": "Golduck", "species": "Golduck", "speciesId": "golduck", "gender": "F", "shiny": false, "level": 90, "moves": ["encore", "hydropump", "nastyplot", "icebeam"], "ability": "Cloud Nine", "evs": {"hp": 85, "atk": 0, "def": 85, "spa": 85, "spd": 85, "spe": 85}, "ivs": {"hp": 31, "atk": 0, "def": 31, "spa": 31, "spd": 31, "spe": 31}, "item": "Leftovers", "teraType": "Water", "role": "Bulky Setup", "bvs": {"hp": 80, "atk": 82, "def": 78, "spa": 95, "spd": 80, "spe": 85}, "stats": {"hp": 290, "atk": 152, "def": 192, "spa": 222, "spd": 195, "spe": 204}, "types": ["Water"]}}, {"Dondozo": {"name": "Dondozo", "species": "Dondozo", "speciesId": "dondozo", "gender": "F", "shiny": false, "level": 78, "moves": ["curse", "sleeptalk", "rest", "wavecrash"], "ability": "Unaware", "evs": {"hp": 85, "atk": 85, "def": 85, "spa": 85, "spd": 85, "spe": 85}, "ivs": {"hp": 31, "atk": 31, "def": 31, "spa": 31, "spd": 31, "spe": 31}, "item": "Leftovers", "teraType": "Fairy", "role": "Bulky Setup", "bvs": {"hp": 150, "atk": 100, "def": 115, "spa": 65, "spd": 65, "spe": 35}, "stats": {"hp": 362, "atk": 201, "def": 224, "spa": 146, "spd": 146, "spe": 100}, "types": ["Water"]}, "Venomoth": {"name": "Venomoth", "species": "Venomoth", "speciesId": "venomoth", "gender": "F", "shiny": false, "level": 84, "moves": ["sleeppowder", "quiverdance", "bugbuzz", "sludgewave"], "ability": "Tinted Lens", "evs": {"hp": 85, "atk": 0, "def": 85, "spa": 85, "spd": 85, "spe": 85}, "ivs": {"hp": 31, "atk": 0, "def": 31, "spa": 31, "spd": 31, "spe": 31}, "item": "Heavy-Duty Boots", "teraType": "Bug", "role": "Setup Sweeper", "bvs": {"hp": 70, "atk": 65, "def": 60, "spa": 90, "spd": 75, "spe": 90}, "stats": {"hp": 255, "atk": 114, "def": 149, "spa": 199, "spd": 174, "spe": 199}, "types": ["Bug", "Poison"]}, "Delphox": {"name": "Delphox", "species": "Delphox", "speciesId": "delphox", "gender": "M", "shiny": false, "level": 84, "moves": ["grassknot", "nastyplot", "psyshock", "fireblast"], "ability": "Blaze", "evs": {"hp": 85, "atk": 0, "def": 85, "spa": 85, "spd": 85, "spe": 85}, "ivs": {"hp": 31, "atk": 0, "def": 31, "spa": 31, "spd": 31, "spe": 31}, "item": "Heavy-Duty Boots", "teraType": "Grass", "role": "Fast Attacker", "bvs": {"hp": 75, "atk": 69, "def": 72, "spa": 114, "spd": 100, "spe": 104}, "stats": {"hp": 263, "atk": 120, "def": 169, "spa": 240, "spd": 216, "spe": 223}, "types": ["Fire", "Psychic"]}, "Rampardos": {"name": "Rampardos", "species": "Rampardos", "speciesId": "rampardos", "gender": "M", "shiny": false, "level": 90, "moves": ["headsmash", "rockslide", "earthquake", "firepunch"], "ability": "Sheer Force", "evs": {"hp": 85, "atk": 85, "def": 85, "spa": 85, "spd": 85, "spe": 85}, "ivs": {"hp": 31, "atk": 31, "def": 31, "spa": 31, "spd": 31, "spe": 31}, "item": "Choice Scarf", "teraType": "Ground", "role": "Fast Attacker", "bvs": {"hp": 97, "atk": 165, "def": 60, "spa": 65, "spd": 50, "spe": 58}, "stats": {"hp": 321, "atk": 348, "def": 159, "spa": 168, "spd": 141, "spe": 156}, "types": ["Rock"]}, "Landorus": {"name": "Landorus", "species": "Landorus", "speciesId": "landorus", "gender": "M", "shiny": false, "level": 75, "moves": ["earthpower", "rockslide", "psychic", "sludgewave"], "ability": "Sheer Force", "evs": {"hp": 85, "atk": 85, "def": 85, "spa": 85, "spd": 85, "spe": 85}, "ivs": {"hp": 31, "atk": 31, "def": 31, "spa": 31, "spd": 31, "spe": 31}, "item": "Life Orb", "teraType": "Ground", "role": "Fast Attacker", "bvs": {"hp": 89, "atk": 125, "def": 90, "spa": 115, "spd": 80, "spe": 101}, "stats": {"hp": 257, "atk": 231, "def": 179, "spa": 216, "spd": 164, "spe": 195}, "types": ["Ground", "Flying"]}, "Sawsbuck": {"name": "Sawsbuck", "species": "Sawsbuck-Summer", "speciesId": "sawsbuck", "gender": "M", "shiny": false, "level": 88, "moves": ["swordsdance", "hornleech", "doubleedge", "highhorsepower"], "ability": "Sap Sipper", "evs": {"hp": 85, "atk": 85, "def": 85, "spa": 85, "spd": 85, "spe": 85}, "ivs": {"hp": 31, "atk": 31, "def": 31, "spa": 31, "spd": 31, "spe": 31}, "item": "Life Orb", "teraType": "Ground", "role": "Setup Sweeper", "bvs": {"hp": 80, "atk": 100, "def": 70, "spa": 60, "spd": 70, "spe": 95}, "stats": {"hp": 284, "atk": 226, "def": 173, "spa": 156, "spd": 173, "spe": 217}, "types": ["Normal", "Grass"]}}]}