{"id": "gen9randombattle-2641746189", "format": "[Gen 9] Random Battle", "players": ["mbappexcr7", "bradleyjoejoseph"], "log": "|j|\u2606mbappexcr7\n|j|\u2606bradleyjoejoseph\n|t:|1782836991\n|gametype|singles\n|player|p1|mbappexcr7|1|1022\n|player|p2|bradleyjoejoseph|266|1000\n|gen|9\n|tier|[Gen 9] Random Battle\n|rated|\n|rule|Species Clause: Limit one of each Pok\u00e9mon\n|rule|HP Percentage Mod: HP is shown in percentages\n|rule|Sleep Clause Mod: Limit one foe put to sleep\n|rule|Illusion Level Mod: Illusion disguises the Pok\u00e9mon's true level\n|\n|t:|1782836991\n|teamsize|p1|6\n|teamsize|p2|6\n|start\n|switch|p1a: Gumshoos|Gumshoos, L95, M|321/321\n|switch|p2a: Carbink|Carbink, L90|236/236\n|turn|1\n|\n|t:|1782837009\n|move|p2a: Carbink|Body Press|p1a: Gumshoos\n|-supereffective|p1a: Gumshoos\n|-damage|p1a: Gumshoos|97/321\n|move|p1a: Gumshoos|U-turn|p2a: Carbink\n|-resisted|p2a: Carbink\n|-crit|p2a: Carbink\n|-damage|p2a: Carbink|189/236\n|\n|t:|1782837020\n|switch|p1a: Arbok|Arbok, L87, M|246/246|[from] U-turn\n|-ability|p1a: Arbok|Intimidate|boost\n|-fail|p2a: Carbink|unboost|[from] ability: Clear Body|[of] p2a: Carbink\n|\n|-heal|p2a: Carbink|203/236|[from] item: Leftovers\n|upkeep\n|turn|2\n|\n|t:|1782837038\n|move|p1a: Arbok|Gunk Shot|p2a: Carbink\n|-damage|p2a: Carbink|125/236\n|move|p2a: Carbink|Iron Defense|p2a: Carbink\n|-boost|p2a: Carbink|def|2\n|\n|-heal|p2a: Carbink|139/236|[from] item: Leftovers\n|upkeep\n|turn|3\n|inactive|Battle timer is ON: inactive players will automatically lose when time's up. (requested by mbappexcr7)\n|\n|t:|1782837070\n|switch|p2a: Scrafty|Scrafty, L83, M|244/244\n|-ability|p2a: Scrafty|Intimidate|boost\n|-unboost|p1a: Arbok|atk|1\n|move|p1a: Arbok|Toxic Spikes|p2a: Scrafty\n|-sidestart|p2: bradleyjoejoseph|move: Toxic Spikes\n|\n|upkeep\n|turn|4\n|\n|t:|1782837085\n|move|p1a: Arbok|Knock Off|p2a: Scrafty\n|-resisted|p2a: Scrafty\n|-damage|p2a: Scrafty|234/244\n|-enditem|p2a: Scrafty|Leftovers|[from] move: Knock Off|[of] p1a: Arbok\n|move|p2a: Scrafty|Knock Off|p1a: Arbok\n|-damage|p1a: Arbok|140/246\n|-enditem|p1a: Arbok|Leftovers|[from] move: Knock Off|[of] p2a: Scrafty\n|\n|upkeep\n|turn|5\n|\n|t:|1782837107\n|switch|p1a: Gumshoos|Gumshoos, L95, M|97/321\n|move|p2a: Scrafty|Dragon Dance|p2a: Scrafty\n|-boost|p2a: Scrafty|atk|1\n|-boost|p2a: Scrafty|spe|1\n|\n|upkeep\n|turn|6\n|\n|t:|1782837116\n|move|p2a: Scrafty|Drain Punch|p1a: Gumshoos\n|-supereffective|p1a: Gumshoos\n|-damage|p1a: Gumshoos|0 fnt\n|-heal|p2a: Scrafty|244/244|[from] drain|[of] p1a: Gumshoos\n|faint|p1a: Gumshoos\n|\n|upkeep\n|\n|t:|1782837124\n|switch|p1a: Dragapult|Dragapult, L77, F|262/262\n|turn|7\n|\n|t:|1782837139\n|move|p1a: Dragapult|Shadow Ball|p2a: Scrafty\n|-resisted|p2a: Scrafty\n|-damage|p2a: Scrafty|197/244\n|move|p2a: Scrafty|Knock Off|p1a: Dragapult\n|-supereffective|p1a: Dragapult\n|-damage|p1a: Dragapult|0 fnt\n|-enditem|p1a: Dragapult|Choice Specs|[from] move: Knock Off|[of] p2a: Scrafty\n|faint|p1a: Dragapult\n|\n|upkeep\n|\n|t:|1782837154\n|switch|p1a: Pecharunt|Pecharunt, L77|262/262\n|turn|8\n|\n|t:|1782837163\n|move|p2a: Scrafty|Knock Off|p1a: Pecharunt\n|-supereffective|p1a: Pecharunt\n|-damage|p1a: Pecharunt|68/262\n|-enditem|p1a: Pecharunt|Leftovers|[from] move: Knock Off|[of] p2a: Scrafty\n|move|p1a: Pecharunt|Malignant Chain|p2a: Scrafty\n|-damage|p2a: Scrafty|127/244\n|\n|upkeep\n|turn|9\n|\n|t:|1782837179\n|move|p2a: Scrafty|Knock Off|p1a: Pecharunt\n|-supereffective|p1a: Pecharunt\n|-damage|p1a: Pecharunt|0 fnt\n|faint|p1a: Pecharunt\n|\n|upkeep\n|\n|t:|1782837182\n|switch|p1a: Diancie|Diancie, L82|216/216\n|turn|10\n|\n|t:|1782837204\n|switch|p2a: Carbink|Carbink, L90|139/236\n|-status|p2a: Carbink|psn\n|move|p1a: Diancie|Earth Power|p2a: Carbink\n|-supereffective|p2a: Carbink\n|-damage|p2a: Carbink|67/236 psn\n|\n|-heal|p2a: Carbink|81/236 psn|[from] item: Leftovers\n|-damage|p2a: Carbink|52/236 psn|[from] psn\n|upkeep\n|turn|11\n|\n|t:|1782837225\n|move|p2a: Carbink|Moonblast|p1a: Diancie\n|-crit|p1a: Diancie\n|-damage|p1a: Diancie|138/216\n|move|p1a: Diancie|Diamond Storm|p2a: Carbink\n|-damage|p2a: Carbink|0 fnt\n|-boost|p1a: Diancie|def|2\n|faint|p2a: Carbink\n|\n|-heal|p1a: Diancie|151/216|[from] item: Leftovers\n|upkeep\n|inactive|bradleyjoejoseph has 120 seconds left.\n|\n|t:|1782837246\n|switch|p2a: Poliwrath|Poliwrath, L88, M|302/302\n|-status|p2a: Poliwrath|psn\n|turn|12\n|\n|t:|1782837253\n|move|p2a: Poliwrath|Liquidation|p1a: Diancie\n|-supereffective|p1a: Diancie\n|-damage|p1a: Diancie|89/216\n|move|p1a: Diancie|Earth Power|p2a: Poliwrath\n|-damage|p2a: Poliwrath|246/302 psn\n|\n|-heal|p2a: Poliwrath|264/302 psn|[from] item: Leftovers\n|-heal|p1a: Diancie|102/216|[from] item: Leftovers\n|-damage|p2a: Poliwrath|227/302 psn|[from] psn\n|upkeep\n|turn|13\n|\n|t:|1782837264\n|switch|p1a: Maushold|Maushold-Four, L76|238/238\n|move|p2a: Poliwrath|Liquidation|p1a: Maushold\n|-damage|p1a: Maushold|118/238\n|\n|-heal|p2a: Poliwrath|245/302 psn|[from] item: Leftovers\n|-damage|p2a: Poliwrath|208/302 psn|[from] psn\n|upkeep\n|turn|14\n|\n|t:|1782837276\n|move|p1a: Maushold|Bite|p2a: Poliwrath\n|-resisted|p2a: Poliwrath\n|-damage|p2a: Poliwrath|188/302 psn\n|move|p2a: Poliwrath|Drain Punch|p1a: Maushold\n|-supereffective|p1a: Maushold\n|-damage|p1a: Maushold|0 fnt\n|-heal|p2a: Poliwrath|247/302 psn|[from] drain|[of] p1a: Maushold\n|faint|p1a: Maushold\n|\n|-heal|p2a: Poliwrath|265/302 psn|[from] item: Leftovers\n|-damage|p2a: Poliwrath|228/302 psn|[from] psn\n|upkeep\n|\n|t:|1782837279\n|switch|p1a: Arbok|Arbok, L87, M|140/246\n|-ability|p1a: Arbok|Intimidate|boost\n|-unboost|p2a: Poliwrath|atk|1\n|turn|15\n|\n|t:|1782837288\n|move|p1a: Arbok|Gunk Shot|p2a: Poliwrath\n|-damage|p2a: Poliwrath|108/302 psn\n|move|p2a: Poliwrath|Bulk Up|p2a: Poliwrath\n|-boost|p2a: Poliwrath|atk|1\n|-boost|p2a: Poliwrath|def|1\n|\n|-heal|p2a: Poliwrath|126/302 psn|[from] item: Leftovers\n|-damage|p2a: Poliwrath|89/302 psn|[from] psn\n|upkeep\n|turn|16\n|\n|t:|1782837308\n|switch|p2a: Dragalge|Dragalge, L88, F|258/258\n|-sideend|p2: bradleyjoejoseph|move: Toxic Spikes|[of] p2a: Dragalge\n|move|p1a: Arbok|Gunk Shot|p2a: Dragalge\n|-resisted|p2a: Dragalge\n|-damage|p2a: Dragalge|191/258\n|\n|upkeep\n|turn|17\n|\n|t:|1782837322\n|move|p1a: Arbok|Knock Off|p2a: Dragalge\n|-damage|p2a: Dragalge|119/258\n|-enditem|p2a: Dragalge|Choice Specs|[from] move: Knock Off|[of] p1a: Arbok\n|move|p2a: Dragalge|Flip Turn|p1a: Arbok\n|-damage|p1a: Arbok|93/246\n|\n|t:|1782837328\n|switch|p2a: Braviary|Braviary, L85, M|309/309|[from] Flip Turn\n|\n|upkeep\n|turn|18\n|\n|t:|1782837337\n|move|p1a: Arbok|Gunk Shot|p2a: Braviary|[miss]\n|-miss|p1a: Arbok|p2a: Braviary\n|move|p2a: Braviary|Brave Bird|p1a: Arbok\n|-damage|p1a: Arbok|0 fnt\n|faint|p1a: Arbok\n|-damage|p2a: Braviary|278/309|[from] Recoil\n|\n|upkeep\n|\n|t:|1782837344\n|switch|p1a: Diancie|Diancie, L82|102/216\n|turn|19\n|\n|t:|1782837365\n|move|p2a: Braviary|Close Combat|p1a: Diancie\n|-damage|p1a: Diancie|24/216\n|-unboost|p2a: Braviary|def|1\n|-unboost|p2a: Braviary|spd|1\n|move|p1a: Diancie|Diamond Storm|p2a: Braviary\n|-supereffective|p2a: Braviary\n|-damage|p2a: Braviary|0 fnt\n|faint|p2a: Braviary\n|\n|-heal|p1a: Diancie|37/216|[from] item: Leftovers\n|upkeep\n|\n|t:|1782837371\n|switch|p2a: Poliwrath|Poliwrath, L88, M|89/302 psn\n|turn|20\n|\n|t:|1782837382\n|move|p2a: Poliwrath|Liquidation|p1a: Diancie\n|-supereffective|p1a: Diancie\n|-damage|p1a: Diancie|0 fnt\n|faint|p1a: Diancie\n|\n|win|bradleyjoejoseph\n|raw|mbappexcr7's rating: 1022 &rarr; <strong>1008</strong><br />(-14 for losing)\n|raw|bradleyjoejoseph's rating: 1000 &rarr; <strong>1043</strong><br />(+43 for winning)\n|l|\u2606mbappexcr7\n|player|p1|\n", "inputlog": ">version f8ac14003a5f27e1bdc8d8c59608a773c1cb96e5\n>start {\"formatid\":\"gen9randombattle\",\"seed\":\"sodium,8d16a4f97aa57fedbaff237922d5209b\",\"rated\":\"Rated battle\"}\n>player p1 {\"name\":\"mbappexcr7\",\"avatar\":\"1\",\"rating\":1022,\"seed\":\"sodium,cbd80ddf055156e9e30b9cf45fd10b00\"}\n>player p2 {\"name\":\"bradleyjoejoseph\",\"avatar\":\"266\",\"rating\":1000,\"seed\":\"sodium,98f365daef2a07ac1d5c79ec611057dc\"}\n>p1 move uturn\n>p2 move bodypress\n>p1 switch 3\n>p1 move gunkshot\n>p2 move irondefense\n>p1 move toxicspikes\n>p2 switch 4\n>p1 move knockoff\n>p2 move knockoff\n>p1 switch 3\n>p2 move dragondance\n>p1 move uturn\n>p2 move drainpunch\n>p1 switch 5\n>p1 move shadowball\n>p2 move knockoff\n>p1 switch 4\n>p1 move malignantchain\n>p2 move knockoff\n>p1 move shadowball\n>p2 move knockoff\n>p1 switch 2\n>p1 move earthpower\n>p2 switch 4\n>p1 move diamondstorm\n>p2 move moonblast\n>p2 switch 3\n>p1 move earthpower\n>p2 move liquidation\n>p1 switch 6\n>p2 move liquidation\n>p1 move bite\n>p2 move drainpunch\n>p1 switch 3\n>p1 move gunkshot\n>p2 move bulkup\n>p1 move gunkshot\n>p2 switch 6\n>p1 move knockoff\n>p2 move flipturn\n>p2 switch 2\n>p1 move gunkshot\n>p2 move bravebird\n>p1 switch 6\n>p1 move diamondstorm\n>p2 move closecombat\n>p2 switch 6\n>p1 move earthpower\n>p2 move liquidation", "uploadtime": 1782837441, "views": 7, "formatid": "gen9randombattle", "rating": 1008, "private": 0, "password": null, "player_dets": [{"name": "mbappexcr7", "avatar": "1", "rating": 1022, "seed": "sodium,cbd80ddf055156e9e30b9cf45fd10b00"}, {"name": "bradleyjoejoseph", "avatar": "266", "rating": 1000, "seed": "sodium,98f365daef2a07ac1d5c79ec611057dc"}], "teams_full": [{"Gumshoos": {"name": "Gumshoos", "species": "Gumshoos", "speciesId": "gumshoos", "gender": "M", "shiny": false, "level": 95, "moves": ["uturn", "doubleedge", "earthquake", "knockoff"], "ability": "Adaptability", "evs": {"hp": 85, "atk": 85, "def": 85, "spa": 85, "spd": 85, "spe": 85}, "ivs": {"hp": 31, "atk": 31, "def": 31, "spa": 31, "spd": 31, "spe": 31}, "item": "Choice Band", "teraType": "Ground", "role": "Fast Attacker", "bvs": {"hp": 88, "atk": 110, "def": 60, "spa": 55, "spd": 60, "spe": 45}, "stats": {"hp": 321, "atk": 263, "def": 168, "spa": 158, "spd": 168, "spe": 139}, "types": ["Normal"]}, "Diancie": {"name": "Diancie", "species": "Diancie", "speciesId": "diancie", "gender": "N", "shiny": false, "level": 82, "moves": ["diamondstorm", "drainingkiss", "earthpower", "calmmind"], "ability": "Clear Body", "evs": {"hp": 85, "atk": 85, "def": 85, "spa": 85, "spd": 85, "spe": 85}, "ivs": {"hp": 31, "atk": 31, "def": 31, "spa": 31, "spd": 31, "spe": 31}, "item": "Leftovers", "teraType": "Water", "role": "Bulky Setup", "bvs": {"hp": 50, "atk": 100, "def": 150, "spa": 100, "spd": 150, "spe": 50}, "stats": {"hp": 216, "atk": 211, "def": 293, "spa": 211, "spd": 293, "spe": 129}, "types": ["Rock", "Fairy"]}, "Arbok": {"name": "Arbok", "species": "Arbok", "speciesId": "arbok", "gender": "M", "shiny": false, "level": 87, "moves": ["knockoff", "toxicspikes", "glare", "gunkshot"], "ability": "Intimidate", "evs": {"hp": 85, "atk": 85, "def": 85, "spa": 85, "spd": 85, "spe": 85}, "ivs": {"hp": 31, "atk": 31, "def": 31, "spa": 31, "spd": 31, "spe": 31}, "item": "Leftovers", "teraType": "Dark", "role": "Fast Support", "bvs": {"hp": 60, "atk": 95, "def": 69, "spa": 65, "spd": 79, "spe": 80}, "stats": {"hp": 246, "atk": 215, "def": 170, "spa": 163, "spd": 187, "spe": 189}, "types": ["Poison"]}, "Pecharunt": {"name": "Pecharunt", "species": "Pecharunt", "speciesId": "pecharunt", "gender": "N", "shiny": false, "level": 77, "moves": ["shadowball", "recover", "partingshot", "malignantchain"], "ability": "Poison Puppeteer", "evs": {"hp": 85, "atk": 0, "def": 85, "spa": 85, "spd": 85, "spe": 85}, "ivs": {"hp": 31, "atk": 0, "def": 31, "spa": 31, "spd": 31, "spe": 31}, "item": "Leftovers", "teraType": "Dark", "role": "Bulky Attacker", "bvs": {"hp": 88, "atk": 88, "def": 160, "spa": 88, "spd": 88, "spe": 88}, "stats": {"hp": 262, "atk": 140, "def": 291, "spa": 180, "spd": 180, "spe": 180}, "types": ["Poison", "Ghost"]}, "Dragapult": {"name": "Dragapult", "species": "Dragapult", "speciesId": "dragapult", "gender": "F", "shiny": false, "level": 77, "moves": ["uturn", "dracometeor", "fireblast", "shadowball"], "ability": "Infiltrator", "evs": {"hp": 85, "atk": 85, "def": 85, "spa": 85, "spd": 85, "spe": 85}, "ivs": {"hp": 31, "atk": 31, "def": 31, "spa": 31, "spd": 31, "spe": 31}, "item": "Choice Specs", "teraType": "Dragon", "role": "Fast Attacker", "bvs": {"hp": 88, "atk": 120, "def": 75, "spa": 100, "spd": 75, "spe": 142}, "stats": {"hp": 262, "atk": 229, "def": 160, "spa": 199, "spd": 160, "spe": 263}, "types": ["Dragon", "Ghost"]}, "Maushold": {"name": "Maushold", "species": "Maushold-Four", "speciesId": "maushold", "gender": "N", "shiny": false, "level": 76, "moves": ["tidyup", "bite", "encore", "populationbomb"], "ability": "Technician", "evs": {"hp": 85, "atk": 85, "def": 85, "spa": 85, "spd": 85, "spe": 85}, "ivs": {"hp": 31, "atk": 31, "def": 31, "spa": 31, "spd": 31, "spe": 31}, "item": "Wide Lens", "teraType": "Normal", "role": "Setup Sweeper", "bvs": {"hp": 74, "atk": 75, "def": 70, "spa": 65, "spd": 75, "spe": 111}, "stats": {"hp": 238, "atk": 158, "def": 150, "spa": 143, "spd": 158, "spe": 213}, "types": ["Normal"]}}, {"Carbink": {"name": "Carbink", "species": "Carbink", "speciesId": "carbink", "gender": "N", "shiny": false, "level": 90, "moves": ["rockpolish", "bodypress", "irondefense", "moonblast"], "ability": "Clear Body", "evs": {"hp": 85, "atk": 0, "def": 85, "spa": 85, "spd": 85, "spe": 85}, "ivs": {"hp": 31, "atk": 0, "def": 31, "spa": 31, "spd": 31, "spe": 31}, "item": "Leftovers", "teraType": "Fighting", "role": "Fast Bulky Setup", "bvs": {"hp": 50, "atk": 50, "def": 150, "spa": 50, "spd": 150, "spe": 50}, "stats": {"hp": 236, "atk": 95, "def": 321, "spa": 141, "spd": 321, "spe": 141}, "types": ["Rock", "Fairy"]}, "Braviary": {"name": "Braviary", "species": "Braviary", "speciesId": "braviary", "gender": "M", "shiny": false, "level": 85, "moves": ["bravebird", "bulkup", "closecombat", "roost"], "ability": "Defiant", "evs": {"hp": 85, "atk": 85, "def": 85, "spa": 85, "spd": 85, "spe": 85}, "ivs": {"hp": 31, "atk": 31, "def": 31, "spa": 31, "spd": 31, "spe": 31}, "item": "Heavy-Duty Boots", "teraType": "Fighting", "role": "Fast Bulky Setup", "bvs": {"hp": 100, "atk": 123, "def": 75, "spa": 57, "spd": 75, "spe": 80}, "stats": {"hp": 309, "atk": 258, "def": 176, "spa": 146, "spd": 176, "spe": 185}, "types": ["Normal", "Flying"]}, "Poliwrath": {"name": "Poliwrath", "species": "Poliwrath", "speciesId": "poliwrath", "gender": "M", "shiny": false, "level": 88, "moves": ["liquidation", "icepunch", "drainpunch", "bulkup"], "ability": "Water Absorb", "evs": {"hp": 85, "atk": 85, "def": 85, "spa": 85, "spd": 85, "spe": 85}, "ivs": {"hp": 31, "atk": 31, "def": 31, "spa": 31, "spd": 31, "spe": 31}, "item": "Leftovers", "teraType": "Steel", "role": "Bulky Setup", "bvs": {"hp": 90, "atk": 95, "def": 95, "spa": 70, "spd": 90, "spe": 70}, "stats": {"hp": 302, "atk": 217, "def": 217, "spa": 173, "spd": 209, "spe": 173}, "types": ["Water", "Fighting"]}, "Scrafty": {"name": "Scrafty", "species": "Scrafty", "speciesId": "scrafty", "gender": "M", "shiny": false, "level": 83, "moves": ["dragondance", "poisonjab", "knockoff", "drainpunch"], "ability": "Intimidate", "evs": {"hp": 85, "atk": 85, "def": 85, "spa": 85, "spd": 85, "spe": 85}, "ivs": {"hp": 31, "atk": 31, "def": 31, "spa": 31, "spd": 31, "spe": 31}, "item": "Leftovers", "teraType": "Poison", "role": "Bulky Attacker", "bvs": {"hp": 65, "atk": 90, "def": 115, "spa": 45, "spd": 115, "spe": 58}, "stats": {"hp": 244, "atk": 197, "def": 239, "spa": 122, "spd": 239, "spe": 144}, "types": ["Dark", "Fighting"]}, "Hydrapple": {"name": "Hydrapple", "species": "Hydrapple", "speciesId": "hydrapple", "gender": "F", "shiny": false, "level": 83, "moves": ["gigadrain", "nastyplot", "recover", "ficklebeam"], "ability": "Regenerator", "evs": {"hp": 85, "atk": 0, "def": 85, "spa": 85, "spd": 85, "spe": 85}, "ivs": {"hp": 31, "atk": 0, "def": 31, "spa": 31, "spd": 31, "spe": 31}, "item": "Leftovers", "teraType": "Steel", "role": "Fast Bulky Setup", "bvs": {"hp": 106, "atk": 80, "def": 110, "spa": 120, "spd": 80, "spe": 44}, "stats": {"hp": 312, "atk": 137, "def": 230, "spa": 247, "spd": 180, "spe": 121}, "types": ["Grass", "Dragon"]}, "Dragalge": {"name": "Dragalge", "species": "Dragalge", "speciesId": "dragalge", "gender": "F", "shiny": false, "level": 88, "moves": ["sludgewave", "focusblast", "flipturn", "dracometeor"], "ability": "Adaptability", "evs": {"hp": 85, "atk": 85, "def": 85, "spa": 85, "spd": 85, "spe": 85}, "ivs": {"hp": 31, "atk": 31, "def": 31, "spa": 31, "spd": 31, "spe": 31}, "item": "Choice Specs", "teraType": "Fighting", "role": "Bulky Attacker", "bvs": {"hp": 65, "atk": 75, "def": 90, "spa": 97, "spd": 123, "spe": 44}, "stats": {"hp": 258, "atk": 182, "def": 209, "spa": 221, "spd": 267, "spe": 128}, "types": ["Poison", "Dragon"]}}]}