{"id": "gen9randombattle-2641900724", "format": "[Gen 9] Random Battle", "players": ["ImmaJuicebox", "MoondropSoulHeart"], "log": "|j|\u203dImmaJuicebox\n|j|\u2606MoondropSoulHeart\n|t:|1782855782\n|gametype|singles\n|player|p1|ImmaJuicebox|265|1335\n|player|p2|MoondropSoulHeart|giovanni|1349\n|gen|9\n|tier|[Gen 9] Random Battle\n|rated|\n|rule|Species Clause: Limit one of each Pok\u00e9mon\n|rule|HP Percentage Mod: HP is shown in percentages\n|rule|Sleep Clause Mod: Limit one foe put to sleep\n|rule|Illusion Level Mod: Illusion disguises the Pok\u00e9mon's true level\n|\n|t:|1782855782\n|teamsize|p1|6\n|teamsize|p2|6\n|start\n|switch|p1a: Toxapex|Toxapex, L82, M|216/216\n|switch|p2a: Incineroar|Incineroar, L82, F|290/290\n|-ability|p2a: Incineroar|Intimidate|boost\n|-unboost|p1a: Toxapex|atk|1\n|turn|1\n|inactive|Battle timer is ON: inactive players will automatically lose when time's up. (requested by ImmaJuicebox)\n|\n|t:|1782855794\n|move|p2a: Incineroar|Fake Out|p1a: Toxapex\n|-damage|p1a: Toxapex|194/216\n|-damage|p2a: Incineroar|242/290|[from] item: Rocky Helmet|[of] p1a: Toxapex\n|cant|p1a: Toxapex|flinch\n|\n|upkeep\n|turn|2\n|\n|t:|1782855799\n|move|p2a: Incineroar|U-turn|p1a: Toxapex\n|-resisted|p1a: Toxapex\n|-damage|p1a: Toxapex|177/216\n|-damage|p2a: Incineroar|194/290|[from] item: Rocky Helmet|[of] p1a: Toxapex\n|\n|t:|1782855807\n|switch|p2a: Tauros|Tauros-Paldea-Combat, L82, M|257/257|[from] U-turn\n|-ability|p2a: Tauros|Intimidate|boost\n|-unboost|p1a: Toxapex|atk|1\n|move|p1a: Toxapex|Toxic|p2a: Tauros\n|-status|p2a: Tauros|tox\n|\n|-damage|p2a: Tauros|241/257 tox|[from] psn\n|upkeep\n|turn|3\n|inactive|MoondropSoulHeart has 120 seconds left.\n|\n|t:|1782855854\n|move|p2a: Tauros|Earthquake|p1a: Toxapex\n|-supereffective|p1a: Toxapex\n|-damage|p1a: Toxapex|60/216\n|-damage|p2a: Tauros|216/257 tox|[from] item: Life Orb\n|move|p1a: Toxapex|Haze|p1a: Toxapex\n|-clearallboost\n|\n|-damage|p2a: Tauros|184/257 tox|[from] psn\n|upkeep\n|turn|4\n|\n|t:|1782855860\n|switch|p1a: Golduck|Golduck, L90, M|290/290\n|-ability|p1a: Golduck|Cloud Nine\n|move|p2a: Tauros|Earthquake|p1a: Golduck\n|-damage|p1a: Golduck|199/290\n|-damage|p2a: Tauros|159/257 tox|[from] item: Life Orb\n|\n|-heal|p1a: Golduck|217/290|[from] item: Leftovers\n|-damage|p2a: Tauros|111/257 tox|[from] psn\n|upkeep\n|turn|5\n|inactive|MoondropSoulHeart has 120 seconds left.\n|inactive|MoondropSoulHeart has 90 seconds left.\n|\n|t:|1782855905\n|move|p2a: Tauros|Throat Chop|p1a: Golduck\n|-damage|p1a: Golduck|143/290\n|-start|p1a: Golduck|Throat Chop|[silent]\n|-damage|p2a: Tauros|86/257 tox|[from] item: Life Orb\n|move|p1a: Golduck|Hydro Pump|p2a: Tauros\n|-damage|p2a: Tauros|0 fnt\n|faint|p2a: Tauros\n|\n|-heal|p1a: Golduck|161/290|[from] item: Leftovers\n|upkeep\n|\n|t:|1782855910\n|switch|p2a: Brute Bonnet|Brute Bonnet, L80|309/309\n|turn|6\n|\n|t:|1782855917\n|switch|p1a: Rabsca|Rabsca, L91, F|284/284\n|move|p2a: Brute Bonnet|Seed Bomb|p1a: Rabsca\n|-resisted|p1a: Rabsca\n|-damage|p1a: Rabsca|235/284\n|\n|upkeep\n|turn|7\n|inactive|MoondropSoulHeart has 90 seconds left.\n|inactive|MoondropSoulHeart has 60 seconds left.\n|\n|t:|1782855970\n|move|p2a: Brute Bonnet|Crunch|p1a: Rabsca\n|-supereffective|p1a: Rabsca\n|-crit|p1a: Rabsca\n|-damage|p1a: Rabsca|0 fnt\n|faint|p1a: Rabsca\n|\n|upkeep\n|\n|t:|1782855989\n|switch|p1a: Ursaring|Ursaring, L84, F|288/288\n|turn|8\n|inactive|MoondropSoulHeart has 60 seconds left.\n|\n|t:|1782856006\n|move|p1a: Ursaring|Body Slam|p2a: Brute Bonnet\n|-damage|p2a: Brute Bonnet|207/309\n|move|p2a: Brute Bonnet|Spore|p1a: Ursaring\n|-status|p1a: Ursaring|slp|[from] move: Spore\n|\n|-heal|p2a: Brute Bonnet|226/309|[from] item: Leftovers\n|upkeep\n|turn|9\n|inactive|MoondropSoulHeart has 60 seconds left.\n|\n|t:|1782856013\n|-end|p2a: Brute Bonnet|Protosynthesis|[silent]\n|switch|p2a: Incineroar|Incineroar, L82, F|194/290\n|-ability|p2a: Incineroar|Intimidate|boost\n|-unboost|p1a: Ursaring|atk|1\n|cant|p1a: Ursaring|slp\n|move|p1a: Ursaring|Sleep Talk|p1a: Ursaring\n|move|p1a: Ursaring|Earthquake|p2a: Incineroar|[from] move: Sleep Talk\n|-supereffective|p2a: Incineroar\n|-damage|p2a: Incineroar|2/290\n|\n|upkeep\n|turn|10\n|\n|t:|1782856025\n|move|p2a: Incineroar|Knock Off|p1a: Ursaring\n|-damage|p1a: Ursaring|210/288 slp\n|-enditem|p1a: Ursaring|Eviolite|[from] move: Knock Off|[of] p2a: Incineroar\n|cant|p1a: Ursaring|slp\n|move|p1a: Ursaring|Sleep Talk|p1a: Ursaring\n|move|p1a: Ursaring|Rest||[from] move: Sleep Talk|[still]\n|-fail|p1a: Ursaring\n|\n|upkeep\n|turn|11\n|\n|t:|1782856033\n|move|p2a: Incineroar|U-turn|p1a: Ursaring\n|-damage|p1a: Ursaring|154/288 slp\n|\n|t:|1782856040\n|switch|p2a: Indeedee|Indeedee-F, L90, F|272/272|[from] U-turn\n|-fieldstart|move: Psychic Terrain|[from] ability: Psychic Surge|[of] p2a: Indeedee\n|cant|p1a: Ursaring|slp\n|\n|upkeep\n|turn|12\n|\n|t:|1782856052\n|move|p2a: Indeedee|Hyper Voice|p1a: Ursaring\n|-damage|p1a: Ursaring|40/288 slp\n|-curestatus|p1a: Ursaring|slp|[msg]\n|move|p1a: Ursaring|Rest|p1a: Ursaring\n|-status|p1a: Ursaring|slp|[from] move: Rest\n|-heal|p1a: Ursaring|288/288 slp|[silent]\n|\n|upkeep\n|turn|13\n|\n|t:|1782856064\n|switch|p1a: Golduck|Golduck, L90, M|161/290\n|-ability|p1a: Golduck|Cloud Nine\n|move|p2a: Indeedee|Hyper Voice|p1a: Golduck\n|-damage|p1a: Golduck|50/290\n|\n|-heal|p1a: Golduck|68/290|[from] item: Leftovers\n|upkeep\n|turn|14\n|\n|t:|1782856067\n|move|p2a: Indeedee|Hyper Voice|p1a: Golduck\n|-damage|p1a: Golduck|0 fnt\n|faint|p1a: Golduck\n|\n|upkeep\n|\n|t:|1782856069\n|switch|p1a: Ursaring|Ursaring, L84, F|288/288 slp\n|turn|15\n|\n|t:|1782856073\n|-terastallize|p1a: Ursaring|Ghost\n|move|p2a: Indeedee|Hyper Voice|p1a: Ursaring\n|-immune|p1a: Ursaring\n|cant|p1a: Ursaring|slp\n|move|p1a: Ursaring|Sleep Talk|p1a: Ursaring\n|move|p1a: Ursaring|Body Slam|p2a: Indeedee|[from] move: Sleep Talk\n|-damage|p2a: Indeedee|85/272\n|\n|-fieldend|move: Psychic Terrain\n|upkeep\n|turn|16\n|\n|t:|1782856084\n|switch|p2a: Incineroar|Incineroar, L82, F|2/290\n|-ability|p2a: Incineroar|Intimidate|boost\n|-unboost|p1a: Ursaring|atk|1\n|cant|p1a: Ursaring|slp\n|move|p1a: Ursaring|Sleep Talk|p1a: Ursaring\n|move|p1a: Ursaring|Rest||[from] move: Sleep Talk|[still]\n|-fail|p1a: Ursaring\n|\n|upkeep\n|turn|17\n|\n|t:|1782856092\n|move|p2a: Incineroar|Knock Off|p1a: Ursaring\n|-supereffective|p1a: Ursaring\n|-damage|p1a: Ursaring|126/288 slp\n|-curestatus|p1a: Ursaring|slp|[msg]\n|move|p1a: Ursaring|Sleep Talk||[still]\n|-fail|p1a: Ursaring\n|\n|upkeep\n|turn|18\n|\n|t:|1782856099\n|move|p2a: Incineroar|Knock Off|p1a: Ursaring\n|-supereffective|p1a: Ursaring\n|-damage|p1a: Ursaring|0 fnt\n|faint|p1a: Ursaring\n|\n|upkeep\n|\n|t:|1782856103\n|switch|p1a: Sandaconda|Sandaconda, L84, M|258/258\n|turn|19\n|inactive|MoondropSoulHeart has 120 seconds left.\n|\n|t:|1782856136\n|move|p1a: Sandaconda|Coil|p1a: Sandaconda\n|-boost|p1a: Sandaconda|atk|1\n|-boost|p1a: Sandaconda|def|1\n|-boost|p1a: Sandaconda|accuracy|1\n|move|p2a: Incineroar|Overheat|p1a: Sandaconda\n|-damage|p1a: Sandaconda|135/258\n|-unboost|p2a: Incineroar|spa|2\n|\n|-heal|p1a: Sandaconda|151/258|[from] item: Leftovers\n|upkeep\n|turn|20\n|\n|t:|1782856148\n|move|p1a: Sandaconda|Rest|p1a: Sandaconda\n|-status|p1a: Sandaconda|slp|[from] move: Rest\n|-heal|p1a: Sandaconda|258/258 slp|[silent]\n|move|p2a: Incineroar|U-turn|p1a: Sandaconda\n|-damage|p1a: Sandaconda|231/258 slp\n|\n|t:|1782856157\n|switch|p2a: Brute Bonnet|Brute Bonnet, L80|226/309|[from] U-turn\n|\n|-heal|p1a: Sandaconda|247/258 slp|[from] item: Leftovers\n|-heal|p2a: Brute Bonnet|245/309|[from] item: Leftovers\n|upkeep\n|turn|21\n|\n|t:|1782856160\n|cant|p1a: Sandaconda|slp\n|move|p2a: Brute Bonnet|Seed Bomb|p1a: Sandaconda\n|-supereffective|p1a: Sandaconda\n|-damage|p1a: Sandaconda|151/258 slp\n|\n|-heal|p1a: Sandaconda|167/258 slp|[from] item: Leftovers\n|-heal|p2a: Brute Bonnet|264/309|[from] item: Leftovers\n|upkeep\n|turn|22\n|inactive|MoondropSoulHeart has 120 seconds left.\n|\n|t:|1782856167\n|cant|p1a: Sandaconda|slp\n|move|p2a: Brute Bonnet|Seed Bomb|p1a: Sandaconda\n|-supereffective|p1a: Sandaconda\n|-crit|p1a: Sandaconda\n|-damage|p1a: Sandaconda|0 fnt\n|faint|p1a: Sandaconda\n|\n|-heal|p2a: Brute Bonnet|283/309|[from] item: Leftovers\n|upkeep\n|\n|t:|1782856169\n|switch|p1a: Giratina|Giratina-Origin, L72|335/335\n|turn|23\n|\n|t:|1782856178\n|move|p1a: Giratina|Will-O-Wisp|p2a: Brute Bonnet\n|-status|p2a: Brute Bonnet|brn\n|move|p2a: Brute Bonnet|Crunch|p1a: Giratina\n|-supereffective|p1a: Giratina\n|-damage|p1a: Giratina|235/335\n|\n|-heal|p2a: Brute Bonnet|302/309 brn|[from] item: Leftovers\n|-damage|p2a: Brute Bonnet|283/309 brn|[from] brn\n|upkeep\n|turn|24\n|\n|t:|1782856183\n|move|p1a: Giratina|Draco Meteor|p2a: Brute Bonnet\n|-damage|p2a: Brute Bonnet|156/309 brn\n|-unboost|p1a: Giratina|spa|2\n|move|p2a: Brute Bonnet|Crunch|p1a: Giratina\n|-supereffective|p1a: Giratina\n|-damage|p1a: Giratina|127/335\n|-unboost|p1a: Giratina|def|1\n|\n|-heal|p2a: Brute Bonnet|175/309 brn|[from] item: Leftovers\n|-damage|p2a: Brute Bonnet|156/309 brn|[from] brn\n|upkeep\n|turn|25\n|\n|t:|1782856186\n|move|p1a: Giratina|Draco Meteor|p2a: Brute Bonnet\n|-damage|p2a: Brute Bonnet|86/309 brn\n|-unboost|p1a: Giratina|spa|2\n|move|p2a: Brute Bonnet|Crunch|p1a: Giratina\n|-supereffective|p1a: Giratina\n|-damage|p1a: Giratina|0 fnt\n|faint|p1a: Giratina\n|\n|-heal|p2a: Brute Bonnet|105/309 brn|[from] item: Leftovers\n|-damage|p2a: Brute Bonnet|86/309 brn|[from] brn\n|upkeep\n|\n|t:|1782856189\n|switch|p1a: Toxapex|Toxapex, L82, M|132/216\n|turn|26\n|\n|t:|1782856194\n|move|p2a: Brute Bonnet|Crunch|p1a: Toxapex\n|-damage|p1a: Toxapex|99/216\n|-damage|p2a: Brute Bonnet|35/309 brn|[from] item: Rocky Helmet|[of] p1a: Toxapex\n|move|p1a: Toxapex|Recover|p1a: Toxapex\n|-heal|p1a: Toxapex|207/216\n|\n|-heal|p2a: Brute Bonnet|54/309 brn|[from] item: Leftovers\n|-damage|p2a: Brute Bonnet|35/309 brn|[from] brn\n|upkeep\n|turn|27\n|\n|t:|1782856209\n|move|p2a: Brute Bonnet|Spore|p1a: Toxapex\n|-status|p1a: Toxapex|slp|[from] move: Spore\n|cant|p1a: Toxapex|slp\n|\n|-heal|p2a: Brute Bonnet|54/309 brn|[from] item: Leftovers\n|-damage|p2a: Brute Bonnet|35/309 brn|[from] brn\n|upkeep\n|turn|28\n|\n|t:|1782856212\n|-end|p2a: Brute Bonnet|Protosynthesis|[silent]\n|switch|p2a: Indeedee|Indeedee-F, L90, F|85/272\n|-fieldstart|move: Psychic Terrain|[from] ability: Psychic Surge|[of] p2a: Indeedee\n|cant|p1a: Toxapex|slp\n|\n|upkeep\n|turn|29\n|\n|t:|1782856216\n|move|p2a: Indeedee|Psyshock|p1a: Toxapex\n|-supereffective|p1a: Toxapex\n|-damage|p1a: Toxapex|31/216 slp\n|cant|p1a: Toxapex|slp\n|\n|upkeep\n|turn|30\n|\n|t:|1782856221\n|move|p2a: Indeedee|Psyshock|p1a: Toxapex\n|-supereffective|p1a: Toxapex\n|-damage|p1a: Toxapex|0 fnt\n|faint|p1a: Toxapex\n|\n|win|MoondropSoulHeart\n|raw|ImmaJuicebox's rating: 1335 &rarr; <strong>1316</strong><br />(-19 for losing)\n|raw|MoondropSoulHeart's rating: 1349 &rarr; <strong>1368</strong><br />(+19 for winning)\n", "inputlog": ">version f8ac14003a5f27e1bdc8d8c59608a773c1cb96e5\n>start {\"formatid\":\"gen9randombattle\",\"seed\":\"sodium,c3748cb51177cac5acffb3be909778b5\",\"rated\":\"Rated battle\"}\n>player p1 {\"name\":\"ImmaJuicebox\",\"avatar\":\"265\",\"rating\":1335,\"seed\":\"sodium,04043d9085c9aed411001d1287eefee5\"}\n>player p2 {\"name\":\"MoondropSoulHeart\",\"avatar\":\"giovanni\",\"rating\":1349,\"seed\":\"sodium,c4c301987ac40f6984aed6efa2dec757\"}\n>p1 move toxic\n>p2 move fakeout\n>p1 move toxic\n>p2 move uturn\n>p2 switch 3\n>p1 move haze\n>p2 move earthquake\n>p1 switch 3\n>p2 move earthquake\n>p1 move hydropump\n>p2 move throatchop\n>p2 switch 4\n>p1 switch 5\n>p2 move seedbomb\n>p1 move bugbuzz\n>p2 move crunch\n>p1 switch 2\n>p1 move bodyslam\n>p2 move spore\n>p1 move sleeptalk\n>p2 switch 3\n>p1 move sleeptalk\n>p2 move knockoff\n>p1 move earthquake\n>p2 move uturn\n>p2 switch 6\n>p1 move rest\n>p2 move hypervoice\n>p1 switch 5\n>p2 move hypervoice\n>p1 move hydropump\n>p2 move hypervoice\n>p1 switch 5\n>p1 move sleeptalk terastallize\n>p2 move hypervoice\n>p1 move sleeptalk\n>p2 switch 6\n>p1 move sleeptalk\n>p2 move knockoff\n>p1 move rest\n>p2 move knockoff\n>p1 switch 4\n>p1 move coil\n>p2 move overheat\n>p1 move rest\n>p2 move uturn\n>p2 switch 3\n>p1 move coil\n>p2 move seedbomb\n>p1 move coil\n>p2 move seedbomb\n>p1 switch 6\n>p1 move willowisp\n>p2 move crunch\n>p1 move dracometeor\n>p2 move crunch\n>p1 move dracometeor\n>p2 move crunch\n>p1 switch 3\n>p1 move recover\n>p2 move crunch\n>p1 move liquidation\n>p2 move spore\n>p1 move liquidation\n>p2 switch 6\n>p1 move liquidation\n>p2 move psyshock\n>p1 move recover\n>p2 move psyshock", "uploadtime": 1782856224, "views": 24, "formatid": "gen9randombattle", "rating": 1316, "private": 0, "password": null, "player_dets": [{"name": "ImmaJuicebox", "avatar": "265", "rating": 1335, "seed": "sodium,04043d9085c9aed411001d1287eefee5"}, {"name": "MoondropSoulHeart", "avatar": "giovanni", "rating": 1349, "seed": "sodium,c4c301987ac40f6984aed6efa2dec757"}], "teams_full": [{"Toxapex": {"name": "Toxapex", "species": "Toxapex", "speciesId": "toxapex", "gender": "M", "shiny": false, "level": 82, "moves": ["liquidation", "toxic", "recover", "haze"], "ability": "Regenerator", "evs": {"hp": 85, "atk": 85, "def": 85, "spa": 85, "spd": 85, "spe": 85}, "ivs": {"hp": 31, "atk": 31, "def": 31, "spa": 31, "spd": 31, "spe": 31}, "item": "Rocky Helmet", "teraType": "Steel", "role": "Bulky Support", "bvs": {"hp": 50, "atk": 63, "def": 152, "spa": 53, "spd": 142, "spe": 35}, "stats": {"hp": 216, "atk": 150, "def": 296, "spa": 134, "spd": 280, "spe": 105}, "types": ["Poison", "Water"]}, "Ursaring": {"name": "Ursaring", "species": "Ursaring", "speciesId": "ursaring", "gender": "F", "shiny": false, "level": 84, "moves": ["rest", "bodyslam", "earthquake", "sleeptalk"], "ability": "Guts", "evs": {"hp": 85, "atk": 85, "def": 85, "spa": 85, "spd": 85, "spe": 85}, "ivs": {"hp": 31, "atk": 31, "def": 31, "spa": 31, "spd": 31, "spe": 31}, "item": "Eviolite", "teraType": "Ghost", "role": "Bulky Attacker", "bvs": {"hp": 90, "atk": 130, "def": 75, "spa": 75, "spd": 75, "spe": 55}, "stats": {"hp": 288, "atk": 267, "def": 174, "spa": 174, "spd": 174, "spe": 141}, "types": ["Normal"]}, "Golduck": {"name": "Golduck", "species": "Golduck", "speciesId": "golduck", "gender": "M", "shiny": false, "level": 90, "moves": ["grassknot", "hydropump", "encore", "nastyplot"], "ability": "Cloud Nine", "evs": {"hp": 85, "atk": 0, "def": 85, "spa": 85, "spd": 85, "spe": 85}, "ivs": {"hp": 31, "atk": 0, "def": 31, "spa": 31, "spd": 31, "spe": 31}, "item": "Leftovers", "teraType": "Water", "role": "Bulky Setup", "bvs": {"hp": 80, "atk": 82, "def": 78, "spa": 95, "spd": 80, "spe": 85}, "stats": {"hp": 290, "atk": 152, "def": 192, "spa": 222, "spd": 195, "spe": 204}, "types": ["Water"]}, "Sandaconda": {"name": "Sandaconda", "species": "Sandaconda", "speciesId": "sandaconda", "gender": "M", "shiny": false, "level": 84, "moves": ["stoneedge", "coil", "rest", "earthquake"], "ability": "Shed Skin", "evs": {"hp": 85, "atk": 85, "def": 85, "spa": 85, "spd": 85, "spe": 85}, "ivs": {"hp": 31, "atk": 31, "def": 31, "spa": 31, "spd": 31, "spe": 31}, "item": "Leftovers", "teraType": "Steel", "role": "Bulky Setup", "bvs": {"hp": 72, "atk": 107, "def": 125, "spa": 65, "spd": 70, "spe": 71}, "stats": {"hp": 258, "atk": 228, "def": 258, "spa": 157, "spd": 166, "spe": 167}, "types": ["Ground"]}, "Rabsca": {"name": "Rabsca", "species": "Rabsca", "speciesId": "rabsca", "gender": "F", "shiny": false, "level": 91, "moves": ["psychic", "bugbuzz", "recover", "revivalblessing"], "ability": "Synchronize", "evs": {"hp": 85, "atk": 0, "def": 85, "spa": 85, "spd": 85, "spe": 85}, "ivs": {"hp": 31, "atk": 0, "def": 31, "spa": 31, "spd": 31, "spe": 31}, "item": "Heavy-Duty Boots", "teraType": "Steel", "role": "Wallbreaker", "bvs": {"hp": 75, "atk": 50, "def": 85, "spa": 115, "spd": 100, "spe": 45}, "stats": {"hp": 284, "atk": 96, "def": 207, "spa": 261, "spd": 234, "spe": 134}, "types": ["Bug", "Psychic"]}, "Giratina": {"name": "Giratina", "species": "Giratina-Origin", "speciesId": "giratinaorigin", "gender": "N", "shiny": false, "level": 72, "moves": ["defog", "willowisp", "poltergeist", "dracometeor"], "ability": "Levitate", "evs": {"hp": 85, "atk": 85, "def": 85, "spa": 85, "spd": 85, "spe": 85}, "ivs": {"hp": 31, "atk": 31, "def": 31, "spa": 31, "spd": 31, "spe": 31}, "item": "Griseous Core", "teraType": "Steel", "role": "Fast Attacker", "bvs": {"hp": 150, "atk": 120, "def": 100, "spa": 120, "spd": 100, "spe": 90}, "stats": {"hp": 335, "atk": 215, "def": 186, "spa": 215, "spd": 186, "spe": 172}, "types": ["Ghost", "Dragon"]}}, {"Incineroar": {"name": "Incineroar", "species": "Incineroar", "speciesId": "incineroar", "gender": "F", "shiny": false, "level": 82, "moves": ["overheat", "knockoff", "uturn", "fakeout"], "ability": "Intimidate", "evs": {"hp": 85, "atk": 85, "def": 85, "spa": 85, "spd": 85, "spe": 85}, "ivs": {"hp": 31, "atk": 31, "def": 31, "spa": 31, "spd": 31, "spe": 31}, "item": "Assault Vest", "teraType": "Water", "role": "AV Pivot", "bvs": {"hp": 95, "atk": 115, "def": 90, "spa": 80, "spd": 90, "spe": 60}, "stats": {"hp": 290, "atk": 236, "def": 195, "spa": 178, "spd": 195, "spe": 146}, "types": ["Fire", "Dark"]}, "Houndstone": {"name": "Houndstone", "species": "Houndstone", "speciesId": "houndstone", "gender": "M", "shiny": false, "level": 86, "moves": ["playrough", "shadowsneak", "bodypress", "poltergeist"], "ability": "Fluffy", "evs": {"hp": 85, "atk": 85, "def": 85, "spa": 85, "spd": 85, "spe": 85}, "ivs": {"hp": 31, "atk": 31, "def": 31, "spa": 31, "spd": 31, "spe": 31}, "item": "Choice Band", "teraType": "Fighting", "role": "Bulky Attacker", "bvs": {"hp": 72, "atk": 101, "def": 100, "spa": 50, "spd": 97, "spe": 68}, "stats": {"hp": 264, "atk": 223, "def": 221, "spa": 135, "spd": 216, "spe": 166}, "types": ["Ghost"]}, "Tauros": {"name": "Tauros", "species": "Tauros-Paldea-Combat", "speciesId": "taurospaldeacombat", "gender": "M", "shiny": false, "level": 82, "moves": ["earthquake", "throatchop", "closecombat", "bulkup"], "ability": "Intimidate", "evs": {"hp": 85, "atk": 85, "def": 85, "spa": 85, "spd": 85, "spe": 85}, "ivs": {"hp": 31, "atk": 31, "def": 31, "spa": 31, "spd": 31, "spe": 31}, "item": "Life Orb", "teraType": "Dark", "role": "Wallbreaker", "bvs": {"hp": 75, "atk": 110, "def": 105, "spa": 30, "spd": 70, "spe": 100}, "stats": {"hp": 257, "atk": 228, "def": 219, "spa": 96, "spd": 162, "spe": 211}, "types": ["Fighting"]}, "Brute Bonnet": {"name": "Brute Bonnet", "species": "Brute Bonnet", "speciesId": "brutebonnet", "gender": "N", "shiny": false, "level": 80, "moves": ["crunch", "suckerpunch", "spore", "seedbomb"], "ability": "Protosynthesis", "evs": {"hp": 85, "atk": 85, "def": 85, "spa": 85, "spd": 85, "spe": 85}, "ivs": {"hp": 31, "atk": 31, "def": 31, "spa": 31, "spd": 31, "spe": 31}, "item": "Leftovers", "teraType": "Dark", "role": "Bulky Support", "bvs": {"hp": 111, "atk": 127, "def": 99, "spa": 79, "spd": 99, "spe": 55}, "stats": {"hp": 309, "atk": 249, "def": 205, "spa": 173, "spd": 205, "spe": 134}, "types": ["Grass", "Dark"]}, "Chansey": {"name": "Chansey", "species": "Chansey", "speciesId": "chansey", "gender": "F", "shiny": false, "level": 85, "moves": ["softboiled", "thunderwave", "stealthrock", "seismictoss"], "ability": "Natural Cure", "evs": {"hp": 85, "atk": 0, "def": 85, "spa": 85, "spd": 85, "spe": 85}, "ivs": {"hp": 31, "atk": 0, "def": 31, "spa": 31, "spd": 31, "spe": 31}, "item": "Eviolite", "teraType": "Ghost", "role": "Bulky Support", "bvs": {"hp": 250, "atk": 5, "def": 5, "spa": 35, "spd": 105, "spe": 50}, "stats": {"hp": 564, "atk": 13, "def": 57, "spa": 108, "spd": 227, "spe": 134}, "types": ["Normal"]}, "Indeedee": {"name": "Indeedee", "species": "Indeedee-F", "speciesId": "indeedeef", "gender": "F", "shiny": false, "level": 90, "moves": ["healingwish", "dazzlinggleam", "hypervoice", "psyshock"], "ability": "Psychic Surge", "evs": {"hp": 85, "atk": 0, "def": 85, "spa": 85, "spd": 85, "spe": 85}, "ivs": {"hp": 31, "atk": 0, "def": 31, "spa": 31, "spd": 31, "spe": 31}, "item": "Choice Scarf", "teraType": "Psychic", "role": "Fast Attacker", "bvs": {"hp": 70, "atk": 55, "def": 65, "spa": 95, "spd": 105, "spe": 85}, "stats": {"hp": 272, "atk": 104, "def": 168, "spa": 222, "spd": 240, "spe": 204}, "types": ["Psychic", "Normal"]}}]}