{"id": "gen9randombattle-2642156484", "format": "[Gen 9] Random Battle", "players": ["wild death", "testbotcif"], "log": "|j|\u2606wild death\n|j|\u2606testbotcif\n|t:|1782901967\n|gametype|singles\n|player|p1|wild death|cynthia-gen4|1337\n|player|p2|testbotcif|1|1316\n|gen|9\n|tier|[Gen 9] Random Battle\n|rated|\n|rule|Species Clause: Limit one of each Pok\u00e9mon\n|rule|HP Percentage Mod: HP is shown in percentages\n|rule|Sleep Clause Mod: Limit one foe put to sleep\n|rule|Illusion Level Mod: Illusion disguises the Pok\u00e9mon's true level\n|\n|t:|1782901967\n|teamsize|p1|6\n|teamsize|p2|6\n|start\n|switch|p1a: Rotom|Rotom-Heat, L83|219/219\n|switch|p2a: Lokix|Lokix, L82, M|251/251\n|turn|1\n|c|\u2606testbotcif|rlhf\n|inactive|Battle timer is ON: inactive players will automatically lose when time's up. (requested by wild death)\n|inactive|testbotcif also wants the timer to be on.\n|\n|t:|1782901971\n|move|p2a: Lokix|Knock Off|p1a: Rotom\n|-damage|p1a: Rotom|102/219\n|-enditem|p1a: Rotom|Heavy-Duty Boots|[from] move: Knock Off|[of] p2a: Lokix\n|-damage|p2a: Lokix|226/251|[from] item: Life Orb\n|move|p1a: Rotom|Overheat|p2a: Lokix\n|-supereffective|p2a: Lokix\n|-damage|p2a: Lokix|0 fnt\n|-unboost|p1a: Rotom|spa|2\n|faint|p2a: Lokix\n|\n|upkeep\n|\n|t:|1782901971\n|switch|p2a: Greninja|Greninja, L80, M|246/246\n|turn|2\n|\n|t:|1782901979\n|move|p2a: Greninja|Toxic Spikes|p1a: Rotom\n|-start|p2a: Greninja|typechange|Poison|[from] ability: Protean\n|-sidestart|p1: wild death|move: Toxic Spikes\n|move|p1a: Rotom|Volt Switch|p2a: Greninja\n|-damage|p2a: Greninja|195/246\n|\n|t:|1782901983\n|switch|p1a: Venusaur|Venusaur, L84, F|272/272|[from] Volt Switch\n|-sideend|p1: wild death|move: Toxic Spikes|[of] p1a: Venusaur\n|\n|upkeep\n|turn|3\n|\n|t:|1782901985\n|move|p2a: Greninja|Dark Pulse|p1a: Venusaur\n|-damage|p1a: Venusaur|210/272\n|-damage|p2a: Greninja|171/246|[from] item: Life Orb\n|move|p1a: Venusaur|Sleep Powder|p2a: Greninja\n|-status|p2a: Greninja|slp|[from] move: Sleep Powder\n|\n|-heal|p1a: Venusaur|227/272|[from] item: Leftovers\n|upkeep\n|turn|4\n|\n|t:|1782901990\n|switch|p1a: Articuno|Articuno-Galar, L84|288/288\n|cant|p2a: Greninja|slp\n|\n|upkeep\n|turn|5\n|\n|t:|1782901992\n|-curestatus|p2a: Greninja|slp|[msg]\n|move|p2a: Greninja|Dark Pulse|p1a: Articuno\n|-supereffective|p1a: Articuno\n|-damage|p1a: Articuno|163/288\n|-damage|p2a: Greninja|147/246|[from] item: Life Orb\n|move|p1a: Articuno|Freezing Glare|p2a: Greninja\n|-supereffective|p2a: Greninja\n|-damage|p2a: Greninja|0 fnt\n|faint|p2a: Greninja\n|\n|upkeep\n|\n|t:|1782901992\n|switch|p2a: Maushold|Maushold, L76|238/238\n|turn|6\n|\n|t:|1782901999\n|move|p2a: Maushold|Population Bomb|p1a: Articuno\n|-damage|p1a: Articuno|141/288\n|-damage|p1a: Articuno|117/288\n|-damage|p1a: Articuno|93/288\n|-damage|p1a: Articuno|69/288\n|-damage|p1a: Articuno|45/288\n|-damage|p1a: Articuno|24/288\n|-damage|p1a: Articuno|0 fnt\n|faint|p1a: Articuno\n|-hitcount|p1: Articuno|7\n|\n|upkeep\n|\n|t:|1782902009\n|switch|p1a: Overqwil|Overqwil, L82, F|274/274\n|-ability|p1a: Overqwil|Intimidate|boost\n|-unboost|p2a: Maushold|atk|1\n|turn|7\n|\n|t:|1782902010\n|move|p2a: Maushold|Population Bomb|p1a: Overqwil\n|-damage|p1a: Overqwil|261/274\n|-damage|p1a: Overqwil|248/274\n|-damage|p1a: Overqwil|233/274\n|-damage|p1a: Overqwil|218/274\n|-damage|p1a: Overqwil|203/274\n|-damage|p1a: Overqwil|188/274\n|-damage|p1a: Overqwil|175/274\n|-damage|p1a: Overqwil|162/274\n|-damage|p1a: Overqwil|147/274\n|-damage|p1a: Overqwil|134/274\n|-hitcount|p1a: Overqwil|10\n|move|p1a: Overqwil|Scale Shot|p2a: Maushold\n|-damage|p2a: Maushold|212/238\n|-damage|p2a: Maushold|187/238\n|-crit|p2a: Maushold\n|-damage|p2a: Maushold|151/238\n|-damage|p2a: Maushold|127/238\n|-hitcount|p2a: Maushold|4\n|-unboost|p1a: Overqwil|def|1\n|-boost|p1a: Overqwil|spe|1\n|\n|upkeep\n|turn|8\n|\n|t:|1782902014\n|move|p1a: Overqwil|Crunch|p2a: Maushold\n|-damage|p2a: Maushold|7/238\n|move|p2a: Maushold|Population Bomb|p1a: Overqwil\n|-damage|p1a: Overqwil|112/274\n|-damage|p1a: Overqwil|93/274\n|-crit|p1a: Overqwil\n|-damage|p1a: Overqwil|42/274\n|-damage|p1a: Overqwil|20/274\n|-damage|p1a: Overqwil|0 fnt\n|faint|p1a: Overqwil\n|-hitcount|p1: Overqwil|5\n|\n|upkeep\n|\n|t:|1782902020\n|switch|p1a: Espathra|Espathra, L80, F|283/283\n|turn|9\n|\n|t:|1782902023\n|move|p1a: Espathra|Protect|p1a: Espathra\n|-singleturn|p1a: Espathra|Protect\n|move|p2a: Maushold|Population Bomb|p1a: Espathra\n|-activate|p1a: Espathra|move: Protect\n|\n|-ability|p1a: Espathra|Speed Boost|boost\n|-boost|p1a: Espathra|spe|1\n|upkeep\n|turn|10\n|\n|t:|1782902026\n|move|p1a: Espathra|Dazzling Gleam|p2a: Maushold\n|-damage|p2a: Maushold|0 fnt\n|faint|p2a: Maushold\n|\n|-ability|p1a: Espathra|Speed Boost|boost\n|-boost|p1a: Espathra|spe|1\n|upkeep\n|\n|t:|1782902026\n|switch|p2a: Volbeat|Volbeat, L90, M|263/263\n|turn|11\n|\n|t:|1782902030\n|switch|p1a: Rotom|Rotom-Heat, L83|102/219\n|move|p2a: Volbeat|Lunge|p1a: Rotom\n|-resisted|p1a: Rotom\n|-damage|p1a: Rotom|70/219\n|-unboost|p1a: Rotom|atk|1\n|\n|upkeep\n|turn|12\n|\n|t:|1782902033\n|move|p2a: Volbeat|Lunge|p1a: Rotom\n|-resisted|p1a: Rotom\n|-damage|p1a: Rotom|35/219\n|-unboost|p1a: Rotom|atk|1\n|move|p1a: Rotom|Overheat|p2a: Volbeat\n|-supereffective|p2a: Volbeat\n|-damage|p2a: Volbeat|0 fnt\n|-unboost|p1a: Rotom|spa|2\n|faint|p2a: Volbeat\n|\n|upkeep\n|\n|t:|1782902033\n|switch|p2a: Rotom|Rotom-Fan, L86|226/226\n|turn|13\n|\n|t:|1782902038\n|move|p2a: Rotom|Air Slash|p1a: Rotom\n|-resisted|p1a: Rotom\n|-damage|p1a: Rotom|0 fnt\n|faint|p1a: Rotom\n|\n|upkeep\n|\n|t:|1782902042\n|switch|p1a: Espathra|Espathra, L80, F|283/283\n|turn|14\n|\n|t:|1782902045\n|move|p1a: Espathra|Calm Mind|p1a: Espathra\n|-boost|p1a: Espathra|spa|1\n|-boost|p1a: Espathra|spd|1\n|move|p2a: Rotom|Thunderbolt|p1a: Espathra\n|-damage|p1a: Espathra|192/283\n|\n|-heal|p1a: Espathra|209/283|[from] item: Leftovers\n|-ability|p1a: Espathra|Speed Boost|boost\n|-boost|p1a: Espathra|spe|1\n|upkeep\n|turn|15\n|\n|t:|1782902048\n|move|p1a: Espathra|Calm Mind|p1a: Espathra\n|-boost|p1a: Espathra|spa|1\n|-boost|p1a: Espathra|spd|1\n|move|p2a: Rotom|Thunderbolt|p1a: Espathra\n|-damage|p1a: Espathra|142/283\n|-status|p1a: Espathra|par\n|\n|-heal|p1a: Espathra|159/283 par|[from] item: Leftovers\n|-ability|p1a: Espathra|Speed Boost|boost\n|-boost|p1a: Espathra|spe|1\n|upkeep\n|turn|16\n|\n|t:|1782902050\n|move|p1a: Espathra|Calm Mind|p1a: Espathra\n|-boost|p1a: Espathra|spa|1\n|-boost|p1a: Espathra|spd|1\n|move|p2a: Rotom|Thunderbolt|p1a: Espathra\n|-damage|p1a: Espathra|105/283 par\n|\n|-heal|p1a: Espathra|122/283 par|[from] item: Leftovers\n|-ability|p1a: Espathra|Speed Boost|boost\n|-boost|p1a: Espathra|spe|1\n|upkeep\n|turn|17\n|\n|t:|1782902053\n|cant|p1a: Espathra|par\n|move|p2a: Rotom|Thunderbolt|p1a: Espathra\n|-damage|p1a: Espathra|68/283 par\n|\n|-heal|p1a: Espathra|85/283 par|[from] item: Leftovers\n|-ability|p1a: Espathra|Speed Boost|boost\n|-boost|p1a: Espathra|spe|1\n|upkeep\n|turn|18\n|\n|t:|1782902055\n|move|p1a: Espathra|Stored Power|p2a: Rotom\n|-damage|p2a: Rotom|0 fnt\n|faint|p2a: Rotom\n|\n|-heal|p1a: Espathra|102/283 par|[from] item: Leftovers\n|-ability|p1a: Espathra|Speed Boost|boost\n|-boost|p1a: Espathra|spe|1\n|upkeep\n|\n|t:|1782902055\n|switch|p2a: Hawlucha|Hawlucha, L80, F|256/256\n|turn|19\n|\n|t:|1782902058\n|-terastallize|p2a: Hawlucha|Flying\n|move|p1a: Espathra|Stored Power|p2a: Hawlucha\n|-crit|p2a: Hawlucha\n|-damage|p2a: Hawlucha|0 fnt\n|faint|p2a: Hawlucha\n|\n|win|wild death\n|raw|wild death's rating: 1337 &rarr; <strong>1356</strong><br />(+19 for winning)\n|raw|testbotcif's rating: 1316 &rarr; <strong>1297</strong><br />(-19 for losing)\n", "inputlog": ">version f8ac14003a5f27e1bdc8d8c59608a773c1cb96e5\n>start {\"formatid\":\"gen9randombattle\",\"seed\":\"sodium,10a2a73e7d1dc2de13ea464ae0a7a9dd\",\"rated\":\"Rated battle\"}\n>player p1 {\"name\":\"wild death\",\"avatar\":\"cynthia-gen4\",\"rating\":1337,\"seed\":\"sodium,a0925a1a9cc2f3092c8855b93f8d3e87\"}\n>player p2 {\"name\":\"testbotcif\",\"avatar\":\"1\",\"rating\":1316,\"seed\":\"sodium,ef8126a181d3a1abb42e1e8da8d3660b\"}\n>chat \u2606testbotcif|rlhf\n>p1 move overheat\n>p2 move knockoff\n>p2 switch 2\n>p1 move voltswitch\n>p2 move toxicspikes\n>p1 switch 2\n>p1 move sleeppowder\n>p2 move darkpulse\n>p1 switch 5\n>p2 move darkpulse\n>p1 move freezingglare\n>p2 move darkpulse\n>p2 switch 6\n>p1 move freezingglare\n>p2 move populationbomb\n>p1 switch 3\n>p1 move scaleshot\n>p2 move populationbomb\n>p1 move crunch\n>p2 move populationbomb\n>p1 switch 6\n>p1 move protect\n>p2 move populationbomb\n>p1 move dazzlinggleam\n>p2 move populationbomb\n>p2 switch 3\n>p1 switch 2\n>p2 move lunge\n>p1 move overheat\n>p2 move lunge\n>p2 switch 5\n>p1 move thunderbolt\n>p2 move airslash\n>p1 switch 2\n>p1 move calmmind\n>p2 move thunderbolt\n>p1 move calmmind\n>p2 move thunderbolt\n>p1 move calmmind\n>p2 move thunderbolt\n>p1 move storedpower\n>p2 move thunderbolt\n>p1 move storedpower\n>p2 move thunderbolt\n>p2 switch 4\n>p1 move storedpower\n>p2 move acrobatics terastallize", "uploadtime": 1782902058, "views": 6, "formatid": "gen9randombattle", "rating": 1297, "private": 0, "password": null, "player_dets": [{"name": "wild death", "avatar": "cynthia-gen4", "rating": 1337, "seed": "sodium,a0925a1a9cc2f3092c8855b93f8d3e87"}, {"name": "testbotcif", "avatar": "1", "rating": 1316, "seed": "sodium,ef8126a181d3a1abb42e1e8da8d3660b"}], "teams_full": [{"Rotom": {"name": "Rotom", "species": "Rotom-Heat", "speciesId": "rotomheat", "gender": "N", "shiny": false, "level": 83, "moves": ["voltswitch", "painsplit", "thunderbolt", "overheat"], "ability": "Levitate", "evs": {"hp": 85, "atk": 0, "def": 85, "spa": 85, "spd": 85, "spe": 85}, "ivs": {"hp": 31, "atk": 0, "def": 31, "spa": 31, "spd": 31, "spe": 31}, "item": "Heavy-Duty Boots", "teraType": "Fire", "role": "Bulky Attacker", "bvs": {"hp": 50, "atk": 65, "def": 107, "spa": 105, "spd": 107, "spe": 86}, "stats": {"hp": 219, "atk": 112, "def": 225, "spa": 222, "spd": 225, "spe": 190}, "types": ["Electric", "Fire"]}, "Venusaur": {"name": "Venusaur", "species": "Venusaur", "speciesId": "venusaur", "gender": "F", "shiny": false, "level": 84, "moves": ["knockoff", "sludgebomb", "sleeppowder", "synthesis"], "ability": "Chlorophyll", "evs": {"hp": 85, "atk": 85, "def": 85, "spa": 85, "spd": 85, "spe": 85}, "ivs": {"hp": 31, "atk": 31, "def": 31, "spa": 31, "spd": 31, "spe": 31}, "item": "Leftovers", "teraType": "Water", "role": "Bulky Attacker", "bvs": {"hp": 80, "atk": 82, "def": 83, "spa": 100, "spd": 100, "spe": 80}, "stats": {"hp": 272, "atk": 186, "def": 188, "spa": 216, "spd": 216, "spe": 183}, "types": ["Grass", "Poison"]}, "Overqwil": {"name": "Overqwil", "species": "Overqwil", "speciesId": "overqwil", "gender": "F", "shiny": false, "level": 82, "moves": ["crunch", "scaleshot", "swordsdance", "gunkshot"], "ability": "Intimidate", "evs": {"hp": 85, "atk": 85, "def": 85, "spa": 85, "spd": 85, "spe": 85}, "ivs": {"hp": 31, "atk": 31, "def": 31, "spa": 31, "spd": 31, "spe": 31}, "item": "Loaded Dice", "teraType": "Dragon", "role": "Setup Sweeper", "bvs": {"hp": 85, "atk": 115, "def": 95, "spa": 65, "spd": 65, "spe": 85}, "stats": {"hp": 274, "atk": 236, "def": 203, "spa": 154, "spd": 154, "spe": 187}, "types": ["Dark", "Poison"]}, "Tauros": {"name": "Tauros", "species": "Tauros-Paldea-Aqua", "speciesId": "taurospaldeaaqua", "gender": "M", "shiny": false, "level": 81, "moves": ["wavecrash", "closecombat", "stoneedge", "aquajet"], "ability": "Intimidate", "evs": {"hp": 85, "atk": 85, "def": 85, "spa": 85, "spd": 85, "spe": 85}, "ivs": {"hp": 31, "atk": 31, "def": 31, "spa": 31, "spd": 31, "spe": 31}, "item": "Choice Band", "teraType": "Water", "role": "Wallbreaker", "bvs": {"hp": 75, "atk": 110, "def": 105, "spa": 30, "spd": 70, "spe": 100}, "stats": {"hp": 254, "atk": 225, "def": 217, "spa": 95, "spd": 160, "spe": 209}, "types": ["Fighting", "Water"]}, "Articuno": {"name": "Articuno", "species": "Articuno-Galar", "speciesId": "articunogalar", "gender": "N", "shiny": false, "level": 84, "moves": ["freezingglare", "hurricane", "calmmind", "recover"], "ability": "Competitive", "evs": {"hp": 85, "atk": 0, "def": 85, "spa": 85, "spd": 85, "spe": 85}, "ivs": {"hp": 31, "atk": 0, "def": 31, "spa": 31, "spd": 31, "spe": 31}, "item": "Heavy-Duty Boots", "teraType": "Steel", "role": "Fast Bulky Setup", "bvs": {"hp": 90, "atk": 85, "def": 85, "spa": 125, "spd": 100, "spe": 95}, "stats": {"hp": 288, "atk": 147, "def": 191, "spa": 258, "spd": 216, "spe": 208}, "types": ["Psychic", "Flying"]}, "Espathra": {"name": "Espathra", "species": "Espathra", "speciesId": "espathra", "gender": "F", "shiny": false, "level": 80, "moves": ["calmmind", "storedpower", "dazzlinggleam", "protect"], "ability": "Speed Boost", "evs": {"hp": 85, "atk": 0, "def": 85, "spa": 85, "spd": 85, "spe": 85}, "ivs": {"hp": 31, "atk": 0, "def": 31, "spa": 31, "spd": 31, "spe": 31}, "item": "Leftovers", "teraType": "Fairy", "role": "Fast Bulky Setup", "bvs": {"hp": 95, "atk": 60, "def": 60, "spa": 101, "spd": 60, "spe": 105}, "stats": {"hp": 283, "atk": 101, "def": 142, "spa": 208, "spd": 142, "spe": 214}, "types": ["Psychic"]}}, {"Lokix": {"name": "Lokix", "species": "Lokix", "speciesId": "lokix", "gender": "M", "shiny": false, "level": 82, "moves": ["suckerpunch", "knockoff", "firstimpression", "leechlife"], "ability": "Tinted Lens", "evs": {"hp": 85, "atk": 85, "def": 85, "spa": 85, "spd": 85, "spe": 85}, "ivs": {"hp": 31, "atk": 31, "def": 31, "spa": 31, "spd": 31, "spe": 31}, "item": "Life Orb", "teraType": "Bug", "role": "Wallbreaker", "bvs": {"hp": 71, "atk": 102, "def": 78, "spa": 52, "spd": 55, "spe": 92}, "stats": {"hp": 251, "atk": 214, "def": 175, "spa": 132, "spd": 137, "spe": 198}, "types": ["Bug", "Dark"]}, "Greninja": {"name": "Greninja", "species": "Greninja", "speciesId": "greninja", "gender": "M", "shiny": false, "level": 80, "moves": ["grassknot", "hydropump", "darkpulse", "toxicspikes"], "ability": "Protean", "evs": {"hp": 85, "atk": 0, "def": 85, "spa": 85, "spd": 85, "spe": 85}, "ivs": {"hp": 31, "atk": 0, "def": 31, "spa": 31, "spd": 31, "spe": 31}, "item": "Life Orb", "teraType": "Water", "role": "Fast Attacker", "bvs": {"hp": 72, "atk": 95, "def": 67, "spa": 103, "spd": 71, "spe": 122}, "stats": {"hp": 246, "atk": 157, "def": 153, "spa": 211, "spd": 160, "spe": 241}, "types": ["Water", "Dark"]}, "Volbeat": {"name": "Volbeat", "species": "Volbeat", "speciesId": "volbeat", "gender": "M", "shiny": false, "level": 90, "moves": ["lunge", "roost", "thunderwave", "encore"], "ability": "Prankster", "evs": {"hp": 85, "atk": 85, "def": 85, "spa": 85, "spd": 85, "spe": 85}, "ivs": {"hp": 31, "atk": 31, "def": 31, "spa": 31, "spd": 31, "spe": 31}, "item": "Heavy-Duty Boots", "teraType": "Water", "role": "Bulky Attacker", "bvs": {"hp": 65, "atk": 73, "def": 75, "spa": 47, "spd": 85, "spe": 85}, "stats": {"hp": 263, "atk": 183, "def": 186, "spa": 136, "spd": 204, "spe": 204}, "types": ["Bug"]}, "Hawlucha": {"name": "Hawlucha", "species": "Hawlucha", "speciesId": "hawlucha", "gender": "F", "shiny": false, "level": 80, "moves": ["swordsdance", "acrobatics", "encore", "closecombat"], "ability": "Unburden", "evs": {"hp": 85, "atk": 85, "def": 85, "spa": 85, "spd": 85, "spe": 85}, "ivs": {"hp": 31, "atk": 31, "def": 31, "spa": 31, "spd": 31, "spe": 31}, "item": "White Herb", "teraType": "Flying", "role": "Setup Sweeper", "bvs": {"hp": 78, "atk": 92, "def": 75, "spa": 74, "spd": 63, "spe": 118}, "stats": {"hp": 256, "atk": 193, "def": 166, "spa": 165, "spd": 147, "spe": 235}, "types": ["Fighting", "Flying"]}, "Rotom": {"name": "Rotom", "species": "Rotom-Fan", "speciesId": "rotomfan", "gender": "N", "shiny": false, "level": 86, "moves": ["willowisp", "voltswitch", "thunderbolt", "airslash"], "ability": "Levitate", "evs": {"hp": 85, "atk": 0, "def": 85, "spa": 85, "spd": 85, "spe": 85}, "ivs": {"hp": 31, "atk": 0, "def": 31, "spa": 31, "spd": 31, "spe": 31}, "item": "Heavy-Duty Boots", "teraType": "Electric", "role": "Bulky Attacker", "bvs": {"hp": 50, "atk": 65, "def": 107, "spa": 105, "spd": 107, "spe": 86}, "stats": {"hp": 226, "atk": 116, "def": 233, "spa": 230, "spd": 233, "spe": 197}, "types": ["Electric", "Flying"]}, "Maushold": {"name": "Maushold", "species": "Maushold", "speciesId": "maushold", "gender": "N", "shiny": false, "level": 76, "moves": ["bite", "populationbomb", "encore", "tidyup"], "ability": "Technician", "evs": {"hp": 85, "atk": 85, "def": 85, "spa": 85, "spd": 85, "spe": 85}, "ivs": {"hp": 31, "atk": 31, "def": 31, "spa": 31, "spd": 31, "spe": 31}, "item": "Wide Lens", "teraType": "Ghost", "role": "Setup Sweeper", "bvs": {"hp": 74, "atk": 75, "def": 70, "spa": 65, "spd": 75, "spe": 111}, "stats": {"hp": 238, "atk": 158, "def": 150, "spa": 143, "spd": 158, "spe": 213}, "types": ["Normal"]}}]}