{"id": "gen9randombattle-2642150323", "format": "[Gen 9] Random Battle", "players": ["leavemynameblank", "olek99"], "log": "|j|\u2606leavemynameblank\n|j|\u2606olek99\n|t:|1782900700\n|gametype|singles\n|player|p1|leavemynameblank|102|1177\n|player|p2|olek99|102|1184\n|gen|9\n|tier|[Gen 9] Random Battle\n|rated|\n|rule|Species Clause: Limit one of each Pok\u00e9mon\n|rule|HP Percentage Mod: HP is shown in percentages\n|rule|Sleep Clause Mod: Limit one foe put to sleep\n|rule|Illusion Level Mod: Illusion disguises the Pok\u00e9mon's true level\n|\n|t:|1782900700\n|teamsize|p1|6\n|teamsize|p2|6\n|start\n|switch|p1a: Feraligatr|Feraligatr, L79, M|264/264\n|switch|p2a: Iron Moth|Iron Moth, L78|253/253\n|turn|1\n|\n|t:|1782900719\n|-terastallize|p2a: Iron Moth|Grass\n|move|p2a: Iron Moth|Energy Ball|p1a: Feraligatr\n|-supereffective|p1a: Feraligatr\n|-damage|p1a: Feraligatr|0 fnt\n|faint|p1a: Feraligatr\n|\n|upkeep\n|\n|t:|1782900731\n|switch|p1a: Clodsire|Clodsire, L81, M|343/343\n|turn|2\n|\n|t:|1782900738\n|move|p2a: Iron Moth|Energy Ball|p1a: Clodsire\n|-damage|p1a: Clodsire|177/343\n|move|p1a: Clodsire|Toxic Spikes|p2a: Iron Moth\n|-sidestart|p2: olek99|move: Toxic Spikes\n|\n|-heal|p1a: Clodsire|198/343|[from] item: Leftovers\n|upkeep\n|turn|3\n|\n|t:|1782900746\n|move|p2a: Iron Moth|Energy Ball|p1a: Clodsire\n|-damage|p1a: Clodsire|50/343\n|move|p1a: Clodsire|Toxic Spikes|p2a: Iron Moth\n|-sidestart|p2: olek99|move: Toxic Spikes\n|\n|-heal|p1a: Clodsire|71/343|[from] item: Leftovers\n|upkeep\n|turn|4\n|\n|t:|1782900755\n|switch|p1a: Masquerain|Masquerain, L87, M|264/264\n|-ability|p1a: Masquerain|Intimidate|boost\n|-unboost|p2a: Iron Moth|atk|1\n|move|p2a: Iron Moth|Energy Ball|p1a: Masquerain\n|-resisted|p1a: Masquerain\n|-damage|p1a: Masquerain|224/264\n|\n|upkeep\n|turn|5\n|\n|t:|1782900776\n|-end|p2a: Iron Moth|Quark Drive|[silent]\n|switch|p2a: Vespiquen|Vespiquen, L99, F|299/299\n|-ability|p2a: Vespiquen|Pressure\n|move|p1a: Masquerain|Bug Buzz|p2a: Vespiquen\n|-resisted|p2a: Vespiquen\n|-damage|p2a: Vespiquen|261/299\n|\n|upkeep\n|turn|6\n|\n|t:|1782900788\n|move|p1a: Masquerain|Hurricane|p2a: Vespiquen|[miss]\n|-miss|p1a: Masquerain|p2a: Vespiquen\n|move|p2a: Vespiquen|Toxic|p1a: Masquerain\n|-status|p1a: Masquerain|tox\n|\n|-damage|p1a: Masquerain|208/264 tox|[from] psn\n|upkeep\n|turn|7\n|\n|t:|1782900797\n|move|p1a: Masquerain|Hurricane|p2a: Vespiquen|[miss]\n|-miss|p1a: Masquerain|p2a: Vespiquen\n|move|p2a: Vespiquen|Air Slash|p1a: Masquerain\n|-supereffective|p1a: Masquerain\n|-damage|p1a: Masquerain|4/264 tox\n|\n|-damage|p1a: Masquerain|0 fnt|[from] psn\n|faint|p1a: Masquerain\n|upkeep\n|\n|t:|1782900815\n|switch|p1a: Annihilape|Annihilape, L76, F|292/292\n|turn|8\n|\n|t:|1782900820\n|move|p1a: Annihilape|Bulk Up|p1a: Annihilape\n|-boost|p1a: Annihilape|atk|1\n|-boost|p1a: Annihilape|def|1\n|move|p2a: Vespiquen|Toxic|p1a: Annihilape\n|-status|p1a: Annihilape|tox\n|\n|-damage|p1a: Annihilape|274/292 tox|[from] psn\n|upkeep\n|turn|9\n|\n|t:|1782900835\n|move|p1a: Annihilape|Gunk Shot|p2a: Vespiquen|[miss]\n|-miss|p1a: Annihilape|p2a: Vespiquen\n|move|p2a: Vespiquen|Air Slash|p1a: Annihilape\n|-supereffective|p1a: Annihilape\n|-damage|p1a: Annihilape|58/292 tox\n|\n|-heal|p1a: Annihilape|76/292 tox|[from] item: Leftovers\n|-damage|p1a: Annihilape|40/292 tox|[from] psn\n|upkeep\n|turn|10\n|\n|t:|1782900844\n|move|p1a: Annihilape|Rage Fist|p2a: Vespiquen\n|-damage|p2a: Vespiquen|144/299\n|move|p2a: Vespiquen|Air Slash|p1a: Annihilape\n|-supereffective|p1a: Annihilape\n|-damage|p1a: Annihilape|0 fnt\n|faint|p1a: Annihilape\n|\n|upkeep\n|\n|t:|1782900857\n|switch|p1a: Clodsire|Clodsire, L81, M|71/343\n|turn|11\n|\n|t:|1782900864\n|move|p2a: Vespiquen|Air Slash|p1a: Clodsire|[miss]\n|-miss|p2a: Vespiquen|p1a: Clodsire\n|move|p1a: Clodsire|Poison Jab|p2a: Vespiquen\n|-damage|p2a: Vespiquen|96/299\n|\n|-heal|p1a: Clodsire|92/343|[from] item: Leftovers\n|upkeep\n|turn|12\n|\n|t:|1782900873\n|move|p2a: Vespiquen|Air Slash|p1a: Clodsire\n|-damage|p1a: Clodsire|11/343\n|move|p1a: Clodsire|Recover|p1a: Clodsire\n|-heal|p1a: Clodsire|183/343\n|\n|-heal|p1a: Clodsire|204/343|[from] item: Leftovers\n|upkeep\n|turn|13\n|\n|t:|1782900915\n|move|p2a: Vespiquen|Roost|p2a: Vespiquen\n|-heal|p2a: Vespiquen|246/299\n|-singleturn|p2a: Vespiquen|move: Roost\n|move|p1a: Clodsire|Poison Jab|p2a: Vespiquen\n|-damage|p2a: Vespiquen|195/299\n|\n|-heal|p1a: Clodsire|225/343|[from] item: Leftovers\n|upkeep\n|turn|14\n|\n|t:|1782900929\n|move|p2a: Vespiquen|Air Slash|p1a: Clodsire\n|-damage|p1a: Clodsire|144/343\n|move|p1a: Clodsire|Recover|p1a: Clodsire\n|-heal|p1a: Clodsire|316/343\n|\n|-heal|p1a: Clodsire|337/343|[from] item: Leftovers\n|upkeep\n|turn|15\n|\n|t:|1782900937\n|move|p2a: Vespiquen|Air Slash|p1a: Clodsire\n|-damage|p1a: Clodsire|246/343\n|move|p1a: Clodsire|Poison Jab|p2a: Vespiquen\n|-damage|p2a: Vespiquen|140/299\n|-status|p2a: Vespiquen|psn\n|\n|-heal|p1a: Clodsire|267/343|[from] item: Leftovers\n|-damage|p2a: Vespiquen|103/299 psn|[from] psn\n|upkeep\n|turn|16\n|\n|t:|1782900948\n|move|p2a: Vespiquen|Air Slash|p1a: Clodsire\n|-damage|p1a: Clodsire|171/343\n|move|p1a: Clodsire|Poison Jab|p2a: Vespiquen\n|-damage|p2a: Vespiquen|55/299 psn\n|\n|-heal|p1a: Clodsire|192/343|[from] item: Leftovers\n|-damage|p2a: Vespiquen|18/299 psn|[from] psn\n|upkeep\n|turn|17\n|\n|t:|1782900958\n|move|p2a: Vespiquen|Spikes|p1a: Clodsire\n|-sidestart|p1: leavemynameblank|Spikes\n|move|p1a: Clodsire|Recover|p1a: Clodsire\n|-heal|p1a: Clodsire|343/343\n|\n|-damage|p2a: Vespiquen|0 fnt|[from] psn\n|faint|p2a: Vespiquen\n|upkeep\n|\n|t:|1782900976\n|switch|p2a: Milotic|Milotic, L83, F|293/293\n|-status|p2a: Milotic|tox\n|turn|18\n|\n|t:|1782900989\n|move|p2a: Milotic|Ice Beam|p1a: Clodsire\n|-supereffective|p1a: Clodsire\n|-damage|p1a: Clodsire|219/343\n|-status|p1a: Clodsire|frz\n|cant|p1a: Clodsire|frz\n|\n|-heal|p1a: Clodsire|240/343 frz|[from] item: Leftovers\n|-damage|p2a: Milotic|275/293 tox|[from] psn\n|upkeep\n|turn|19\n|\n|t:|1782901002\n|move|p2a: Milotic|Ice Beam|p1a: Clodsire\n|-supereffective|p1a: Clodsire\n|-damage|p1a: Clodsire|124/343 frz\n|cant|p1a: Clodsire|frz\n|\n|-heal|p2a: Milotic|293/293 tox|[from] item: Leftovers\n|-heal|p1a: Clodsire|145/343 frz|[from] item: Leftovers\n|-damage|p2a: Milotic|257/293 tox|[from] psn\n|upkeep\n|turn|20\n|\n|t:|1782901017\n|switch|p1a: Solgaleo|Solgaleo, L74|325/325\n|-damage|p1a: Solgaleo|285/325|[from] Spikes\n|move|p2a: Milotic|Ice Beam|p1a: Solgaleo\n|-resisted|p1a: Solgaleo\n|-damage|p1a: Solgaleo|250/325\n|\n|-heal|p2a: Milotic|275/293 tox|[from] item: Leftovers\n|-damage|p2a: Milotic|221/293 tox|[from] psn\n|upkeep\n|turn|21\n|\n|t:|1782901034\n|move|p1a: Solgaleo|Earthquake|p2a: Milotic\n|-damage|p2a: Milotic|145/293 tox\n|move|p2a: Milotic|Scald|p1a: Solgaleo\n|-damage|p1a: Solgaleo|150/325\n|\n|-heal|p2a: Milotic|163/293 tox|[from] item: Leftovers\n|-damage|p2a: Milotic|91/293 tox|[from] psn\n|upkeep\n|turn|22\n|\n|t:|1782901044\n|move|p1a: Solgaleo|Morning Sun|p1a: Solgaleo\n|-heal|p1a: Solgaleo|312/325\n|move|p2a: Milotic|Scald|p1a: Solgaleo\n|-damage|p1a: Solgaleo|222/325\n|-status|p1a: Solgaleo|brn\n|\n|-heal|p2a: Milotic|109/293 tox|[from] item: Leftovers\n|-damage|p2a: Milotic|19/293 tox|[from] psn\n|-damage|p1a: Solgaleo|202/325 brn|[from] brn\n|upkeep\n|turn|23\n|\n|t:|1782901056\n|move|p1a: Solgaleo|Morning Sun|p1a: Solgaleo\n|-heal|p1a: Solgaleo|325/325 brn\n|move|p2a: Milotic|Scald|p1a: Solgaleo\n|-damage|p1a: Solgaleo|223/325 brn\n|\n|-heal|p2a: Milotic|37/293 tox|[from] item: Leftovers\n|-damage|p2a: Milotic|0 fnt|[from] psn\n|faint|p2a: Milotic\n|-damage|p1a: Solgaleo|203/325 brn|[from] brn\n|upkeep\n|\n|t:|1782901068\n|switch|p2a: Iron Moth|Iron Moth, L78, tera:Grass|253/253\n|-status|p2a: Iron Moth|tox\n|turn|24\n|\n|t:|1782901079\n|move|p2a: Iron Moth|Fire Blast|p1a: Solgaleo\n|-supereffective|p1a: Solgaleo\n|-crit|p1a: Solgaleo\n|-damage|p1a: Solgaleo|0 fnt\n|faint|p1a: Solgaleo\n|\n|-damage|p2a: Iron Moth|238/253 tox|[from] psn\n|upkeep\n|\n|t:|1782901087\n|switch|p1a: Flutter Mane|Flutter Mane, L74|203/203\n|-damage|p1a: Flutter Mane|178/203|[from] Spikes\n|turn|25\n|\n|t:|1782901095\n|move|p1a: Flutter Mane|Mystical Fire|p2a: Iron Moth\n|-supereffective|p2a: Iron Moth\n|-damage|p2a: Iron Moth|94/253 tox\n|-unboost|p2a: Iron Moth|spa|1\n|move|p2a: Iron Moth|Fire Blast|p1a: Flutter Mane\n|-damage|p1a: Flutter Mane|76/203\n|\n|-damage|p2a: Iron Moth|64/253 tox|[from] psn\n|upkeep\n|turn|26\n|\n|t:|1782901107\n|move|p1a: Flutter Mane|Mystical Fire|p2a: Iron Moth\n|-supereffective|p2a: Iron Moth\n|-damage|p2a: Iron Moth|0 fnt\n|faint|p2a: Iron Moth\n|-end|p2a: Iron Moth|Quark Drive|[silent]\n|\n|upkeep\n|\n|t:|1782901118\n|switch|p2a: Porygon2|Porygon2, L81|270/270\n|-status|p2a: Porygon2|tox\n|-ability|p2a: Porygon2|Download|boost\n|-boost|p2a: Porygon2|atk|1\n|turn|27\n|\n|t:|1782901128\n|-end|p1a: Flutter Mane|Protosynthesis|[silent]\n|switch|p1a: Clodsire|Clodsire, L81, M|145/343 frz\n|-damage|p1a: Clodsire|103/343 frz|[from] Spikes\n|move|p2a: Porygon2|Ice Beam|p1a: Clodsire\n|-supereffective|p1a: Clodsire\n|-damage|p1a: Clodsire|0 fnt\n|faint|p1a: Clodsire\n|\n|-damage|p2a: Porygon2|254/270 tox|[from] psn\n|upkeep\n|\n|t:|1782901139\n|switch|p1a: Flutter Mane|Flutter Mane, L74|76/203\n|-damage|p1a: Flutter Mane|51/203|[from] Spikes\n|turn|28\n|\n|t:|1782901147\n|-terastallize|p1a: Flutter Mane|Fairy\n|move|p1a: Flutter Mane|Moonblast|p2a: Porygon2\n|-damage|p2a: Porygon2|126/270 tox\n|-unboost|p2a: Porygon2|spa|1\n|move|p2a: Porygon2|Ice Beam|p1a: Flutter Mane\n|-damage|p1a: Flutter Mane|15/203\n|\n|-damage|p2a: Porygon2|94/270 tox|[from] psn\n|upkeep\n|turn|29\n|\n|t:|1782901159\n|move|p1a: Flutter Mane|Moonblast|p2a: Porygon2\n|-damage|p2a: Porygon2|0 fnt\n|faint|p2a: Porygon2\n|\n|upkeep\n|\n|t:|1782901164\n|switch|p2a: Lunala|Lunala, L70|308/308\n|-status|p2a: Lunala|tox\n|turn|30\n|\n|t:|1782901169\n|move|p1a: Flutter Mane|Moonblast|p2a: Lunala\n|-damage|p2a: Lunala|204/308 tox\n|move|p2a: Lunala|Moongeist Beam|p1a: Flutter Mane\n|-damage|p1a: Flutter Mane|0 fnt\n|faint|p1a: Flutter Mane\n|-end|p1a: Flutter Mane|Protosynthesis|[silent]\n|\n|win|olek99\n|raw|leavemynameblank's rating: 1177 &rarr; <strong>1153</strong><br />(-24 for losing)\n|raw|olek99's rating: 1184 &rarr; <strong>1208</strong><br />(+24 for winning)\n", "inputlog": ">version f8ac14003a5f27e1bdc8d8c59608a773c1cb96e5\n>start {\"formatid\":\"gen9randombattle\",\"seed\":\"sodium,bd54a5d3c2dc0bc5e8e6f269424c6507\",\"rated\":\"Rated battle\"}\n>player p1 {\"name\":\"leavemynameblank\",\"avatar\":\"102\",\"rating\":1177,\"seed\":\"sodium,61d9958a7e9334609092625939907426\"}\n>player p2 {\"name\":\"olek99\",\"avatar\":\"102\",\"rating\":1184,\"seed\":\"sodium,df84530e5ed23c90ba716006f02eb36b\"}\n>p1 move dragondance\n>p2 move energyball terastallize\n>p1 switch 2\n>p1 move toxicspikes\n>p2 move energyball\n>p1 move toxicspikes\n>p2 move energyball\n>p1 switch 3\n>p2 move energyball\n>p1 move bugbuzz\n>p2 switch 2\n>p1 move hurricane\n>p2 move toxic\n>p1 move hurricane\n>p2 move airslash\n>p1 switch 5\n>p1 move bulkup\n>p2 move toxic\n>p1 move gunkshot\n>p2 move airslash\n>p1 move ragefist\n>p2 move airslash\n>p1 switch 3\n>p1 move poisonjab\n>p2 move airslash\n>p1 move recover\n>p2 move airslash\n>p1 move poisonjab\n>p2 move roost\n>p1 move recover\n>p2 move airslash\n>p1 move poisonjab\n>p2 move airslash\n>p1 move poisonjab\n>p2 move airslash\n>p1 move recover\n>p2 move spikes\n>p2 switch 3\n>p1 move poisonjab\n>p2 move icebeam\n>p1 move recover\n>p2 move icebeam\n>p1 switch 4\n>p2 move icebeam\n>p1 move earthquake\n>p2 move scald\n>p1 move morningsun\n>p2 move scald\n>p1 move morningsun\n>p2 move scald\n>p2 switch 2\n>p1 move teleport\n>p2 move fireblast\n>p1 switch 6\n>p1 move mysticalfire\n>p2 move fireblast\n>p1 move mysticalfire\n>p2 move fireblast\n>p2 switch 6\n>p1 switch 4\n>p2 move icebeam\n>p1 switch 4\n>p1 move moonblast terastallize\n>p2 move icebeam\n>p1 move moonblast\n>p2 move icebeam\n>p2 switch 5\n>p1 move moonblast\n>p2 move moongeistbeam", "uploadtime": 1782901180, "views": 3, "formatid": "gen9randombattle", "rating": 1153, "private": 0, "password": null, "player_dets": [{"name": "leavemynameblank", "avatar": "102", "rating": 1177, "seed": "sodium,61d9958a7e9334609092625939907426"}, {"name": "olek99", "avatar": "102", "rating": 1184, "seed": "sodium,df84530e5ed23c90ba716006f02eb36b"}], "teams_full": [{"Feraligatr": {"name": "Feraligatr", "species": "Feraligatr", "speciesId": "feraligatr", "gender": "M", "shiny": false, "level": 79, "moves": ["dragondance", "liquidation", "trailblaze", "icepunch"], "ability": "Sheer Force", "evs": {"hp": 85, "atk": 85, "def": 85, "spa": 85, "spd": 85, "spe": 85}, "ivs": {"hp": 31, "atk": 31, "def": 31, "spa": 31, "spd": 31, "spe": 31}, "item": "Life Orb", "teraType": "Water", "role": "Setup Sweeper", "bvs": {"hp": 85, "atk": 105, "def": 100, "spa": 79, "spd": 83, "spe": 78}, "stats": {"hp": 264, "atk": 211, "def": 204, "spa": 170, "spd": 177, "spe": 169}, "types": ["Water"]}, "Clodsire": {"name": "Clodsire", "species": "Clodsire", "speciesId": "clodsire", "gender": "M", "shiny": false, "level": 81, "moves": ["earthquake", "poisonjab", "recover", "toxicspikes"], "ability": "Unaware", "evs": {"hp": 85, "atk": 85, "def": 85, "spa": 85, "spd": 85, "spe": 85}, "ivs": {"hp": 31, "atk": 31, "def": 31, "spa": 31, "spd": 31, "spe": 31}, "item": "Leftovers", "teraType": "Flying", "role": "Bulky Attacker", "bvs": {"hp": 130, "atk": 75, "def": 60, "spa": 45, "spd": 100, "spe": 20}, "stats": {"hp": 343, "atk": 168, "def": 144, "spa": 120, "spd": 209, "spe": 79}, "types": ["Poison", "Ground"]}, "Masquerain": {"name": "Masquerain", "species": "Masquerain", "speciesId": "masquerain", "gender": "M", "shiny": false, "level": 87, "moves": ["hydropump", "quiverdance", "hurricane", "bugbuzz"], "ability": "Intimidate", "evs": {"hp": 85, "atk": 0, "def": 85, "spa": 85, "spd": 85, "spe": 85}, "ivs": {"hp": 31, "atk": 0, "def": 31, "spa": 31, "spd": 31, "spe": 31}, "item": "Heavy-Duty Boots", "teraType": "Water", "role": "Setup Sweeper", "bvs": {"hp": 70, "atk": 60, "def": 62, "spa": 100, "spd": 82, "spe": 80}, "stats": {"hp": 264, "atk": 109, "def": 158, "spa": 224, "spd": 192, "spe": 189}, "types": ["Bug", "Flying"]}, "Solgaleo": {"name": "Solgaleo", "species": "Solgaleo", "speciesId": "solgaleo", "gender": "N", "shiny": false, "level": 74, "moves": ["teleport", "earthquake", "sunsteelstrike", "morningsun"], "ability": "Full Metal Body", "evs": {"hp": 85, "atk": 85, "def": 85, "spa": 85, "spd": 85, "spe": 85}, "ivs": {"hp": 31, "atk": 31, "def": 31, "spa": 31, "spd": 31, "spe": 31}, "item": "Rocky Helmet", "teraType": "Water", "role": "Bulky Attacker", "bvs": {"hp": 137, "atk": 137, "def": 107, "spa": 113, "spd": 89, "spe": 97}, "stats": {"hp": 325, "atk": 246, "def": 201, "spa": 210, "spd": 175, "spe": 187}, "types": ["Psychic", "Steel"]}, "Annihilape": {"name": "Annihilape", "species": "Annihilape", "speciesId": "annihilape", "gender": "F", "shiny": false, "level": 76, "moves": ["ragefist", "drainpunch", "gunkshot", "bulkup"], "ability": "Defiant", "evs": {"hp": 85, "atk": 85, "def": 85, "spa": 85, "spd": 85, "spe": 85}, "ivs": {"hp": 31, "atk": 31, "def": 31, "spa": 31, "spd": 31, "spe": 31}, "item": "Leftovers", "teraType": "Water", "role": "Bulky Setup", "bvs": {"hp": 110, "atk": 115, "def": 80, "spa": 50, "spd": 90, "spe": 90}, "stats": {"hp": 292, "atk": 219, "def": 166, "spa": 120, "spd": 181, "spe": 181}, "types": ["Fighting", "Ghost"]}, "Flutter Mane": {"name": "Flutter Mane", "species": "Flutter Mane", "speciesId": "fluttermane", "gender": "N", "shiny": false, "level": 74, "moves": ["moonblast", "mysticalfire", "shadowball", "psyshock"], "ability": "Protosynthesis", "evs": {"hp": 85, "atk": 0, "def": 85, "spa": 85, "spd": 85, "spe": 85}, "ivs": {"hp": 31, "atk": 0, "def": 31, "spa": 31, "spd": 31, "spe": 31}, "item": "Choice Specs", "teraType": "Fairy", "role": "Wallbreaker", "bvs": {"hp": 55, "atk": 55, "def": 55, "spa": 135, "spd": 135, "spe": 135}, "stats": {"hp": 203, "atk": 86, "def": 124, "spa": 243, "spd": 243, "spe": 243}, "types": ["Ghost", "Fairy"]}}, {"Iron Moth": {"name": "Iron Moth", "species": "Iron Moth", "speciesId": "ironmoth", "gender": "N", "shiny": false, "level": 78, "moves": ["sludgewave", "fireblast", "uturn", "energyball"], "ability": "Quark Drive", "evs": {"hp": 85, "atk": 85, "def": 85, "spa": 85, "spd": 85, "spe": 85}, "ivs": {"hp": 31, "atk": 31, "def": 31, "spa": 31, "spd": 31, "spe": 31}, "item": "Choice Specs", "teraType": "Grass", "role": "Fast Attacker", "bvs": {"hp": 80, "atk": 70, "def": 60, "spa": 140, "spd": 110, "spe": 110}, "stats": {"hp": 253, "atk": 154, "def": 139, "spa": 263, "spd": 217, "spe": 217}, "types": ["Fire", "Poison"]}, "Vespiquen": {"name": "Vespiquen", "species": "Vespiquen", "speciesId": "vespiquen", "gender": "F", "shiny": false, "level": 99, "moves": ["roost", "spikes", "toxic", "airslash"], "ability": "Pressure", "evs": {"hp": 85, "atk": 0, "def": 85, "spa": 85, "spd": 85, "spe": 85}, "ivs": {"hp": 31, "atk": 0, "def": 31, "spa": 31, "spd": 31, "spe": 31}, "item": "Heavy-Duty Boots", "teraType": "Steel", "role": "Bulky Support", "bvs": {"hp": 70, "atk": 80, "def": 102, "spa": 80, "spd": 102, "spe": 40}, "stats": {"hp": 299, "atk": 163, "def": 258, "spa": 214, "spd": 258, "spe": 135}, "types": ["Bug", "Flying"]}, "Milotic": {"name": "Milotic", "species": "Milotic", "speciesId": "milotic", "gender": "F", "shiny": false, "level": 83, "moves": ["recover", "icebeam", "scald", "dragontail"], "ability": "Competitive", "evs": {"hp": 85, "atk": 85, "def": 85, "spa": 85, "spd": 85, "spe": 85}, "ivs": {"hp": 31, "atk": 31, "def": 31, "spa": 31, "spd": 31, "spe": 31}, "item": "Leftovers", "teraType": "Steel", "role": "Bulky Attacker", "bvs": {"hp": 95, "atk": 60, "def": 79, "spa": 100, "spd": 125, "spe": 81}, "stats": {"hp": 293, "atk": 147, "def": 179, "spa": 214, "spd": 255, "spe": 182}, "types": ["Water"]}, "Blastoise": {"name": "Blastoise", "species": "Blastoise", "speciesId": "blastoise", "gender": "F", "shiny": false, "level": 80, "moves": ["icebeam", "hydropump", "terablast", "shellsmash"], "ability": "Torrent", "evs": {"hp": 85, "atk": 0, "def": 85, "spa": 85, "spd": 85, "spe": 85}, "ivs": {"hp": 31, "atk": 0, "def": 31, "spa": 31, "spd": 31, "spe": 31}, "item": "White Herb", "teraType": "Grass", "role": "Tera Blast user", "bvs": {"hp": 79, "atk": 83, "def": 100, "spa": 85, "spd": 105, "spe": 78}, "stats": {"hp": 258, "atk": 137, "def": 206, "spa": 182, "spd": 214, "spe": 171}, "types": ["Water"]}, "Lunala": {"name": "Lunala", "species": "Lunala", "speciesId": "lunala", "gender": "N", "shiny": false, "level": 70, "moves": ["calmmind", "moongeistbeam", "focusblast", "moonlight"], "ability": "Shadow Shield", "evs": {"hp": 85, "atk": 0, "def": 85, "spa": 85, "spd": 85, "spe": 85}, "ivs": {"hp": 31, "atk": 0, "def": 31, "spa": 31, "spd": 31, "spe": 31}, "item": "Leftovers", "teraType": "Fighting", "role": "Bulky Setup", "bvs": {"hp": 137, "atk": 113, "def": 89, "spa": 137, "spd": 107, "spe": 97}, "stats": {"hp": 308, "atk": 163, "def": 166, "spa": 233, "spd": 191, "spe": 177}, "types": ["Psychic", "Ghost"]}, "Porygon2": {"name": "Porygon2", "species": "Porygon2", "speciesId": "porygon2", "gender": "N", "shiny": false, "level": 81, "moves": ["recover", "discharge", "triattack", "icebeam"], "ability": "Download", "evs": {"hp": 85, "atk": 0, "def": 85, "spa": 85, "spd": 85, "spe": 85}, "ivs": {"hp": 31, "atk": 0, "def": 31, "spa": 31, "spd": 31, "spe": 31}, "item": "Eviolite", "teraType": "Ghost", "role": "Bulky Support", "bvs": {"hp": 85, "atk": 80, "def": 90, "spa": 105, "spd": 95, "spe": 60}, "stats": {"hp": 270, "atk": 134, "def": 192, "spa": 217, "spd": 201, "spe": 144}, "types": ["Normal"]}}]}