{"id": "gen9randombattle-2642019850", "format": "[Gen 9] Random Battle", "players": ["WKHOETK", "wubbybubbyjr"], "log": "|j|\u2606WKHOETK\n|j|\u2606wubbybubbyjr\n|t:|1782874340\n|gametype|singles\n|player|p1|WKHOETK|1|1858\n|player|p2|wubbybubbyjr|preschooler|1911\n|gen|9\n|tier|[Gen 9] Random Battle\n|rated|\n|rule|Species Clause: Limit one of each Pok\u00e9mon\n|rule|HP Percentage Mod: HP is shown in percentages\n|rule|Sleep Clause Mod: Limit one foe put to sleep\n|rule|Illusion Level Mod: Illusion disguises the Pok\u00e9mon's true level\n|\n|t:|1782874340\n|teamsize|p1|6\n|teamsize|p2|6\n|start\n|switch|p1a: Walking Wake|Walking Wake, L79|286/286\n|switch|p2a: Gardevoir|Gardevoir, L83, M|249/249\n|turn|1\n|inactive|Battle timer is ON: inactive players will automatically lose when time's up. (requested by wubbybubbyjr)\n|\n|t:|1782874349\n|-end|p1a: Walking Wake|Protosynthesis|[silent]\n|switch|p1a: Magmortar|Magmortar, L88, F|275/275\n|-ability|p2a: Gardevoir|Flame Body|Trace|[from] ability: Trace|[of] p1a: Magmortar\n|move|p2a: Gardevoir|Moonblast|p1a: Magmortar\n|-resisted|p1a: Magmortar\n|-damage|p1a: Magmortar|205/275\n|-damage|p2a: Gardevoir|225/249|[from] item: Life Orb\n|\n|upkeep\n|turn|2\n|\n|t:|1782874361\n|switch|p2a: Piloswine|Piloswine, L85, M|309/309\n|move|p1a: Magmortar|Fire Blast|p2a: Piloswine\n|-supereffective|p2a: Piloswine\n|-damage|p2a: Piloswine|163/309\n|\n|upkeep\n|turn|3\n|\n|t:|1782874376\n|move|p1a: Magmortar|Fire Blast|p2a: Piloswine\n|-supereffective|p2a: Piloswine\n|-damage|p2a: Piloswine|31/309\n|move|p2a: Piloswine|Stealth Rock|p1a: Magmortar\n|-sidestart|p1: WKHOETK|move: Stealth Rock\n|\n|upkeep\n|turn|4\n|\n|t:|1782874380\n|move|p2a: Piloswine|Ice Shard|p1a: Magmortar\n|-resisted|p1a: Magmortar\n|-damage|p1a: Magmortar|181/275\n|move|p1a: Magmortar|Knock Off|p2a: Piloswine\n|-damage|p2a: Piloswine|0 fnt\n|-enditem|p2a: Piloswine|Eviolite|[from] move: Knock Off|[of] p1a: Magmortar\n|faint|p2a: Piloswine\n|\n|upkeep\n|\n|t:|1782874395\n|switch|p2a: Maushold|Maushold, L76|238/238\n|turn|5\n|\n|t:|1782874398\n|move|p2a: Maushold|Population Bomb|p1a: Magmortar\n|-damage|p1a: Magmortar|154/275\n|-damage|p1a: Magmortar|126/275\n|-damage|p1a: Magmortar|101/275\n|-damage|p1a: Magmortar|74/275\n|-damage|p1a: Magmortar|49/275\n|-damage|p1a: Magmortar|22/275\n|-damage|p1a: Magmortar|0 fnt\n|-status|p2a: Maushold|brn|[from] ability: Flame Body|[of] p1a: Magmortar\n|faint|p1a: Magmortar\n|-hitcount|p1: Magmortar|7\n|\n|-damage|p2a: Maushold|224/238 brn|[from] brn\n|upkeep\n|\n|t:|1782874405\n|switch|p1a: Trevenant|Trevenant, L89, F|296/296\n|-damage|p1a: Trevenant|259/296|[from] Stealth Rock\n|turn|6\n|\n|t:|1782874420\n|move|p2a: Maushold|Bite|p1a: Trevenant\n|-supereffective|p1a: Trevenant\n|-damage|p1a: Trevenant|211/296\n|move|p1a: Trevenant|Poltergeist|p2a: Maushold\n|-immune|p2a: Maushold\n|\n|-damage|p2a: Maushold|210/238 brn|[from] brn\n|upkeep\n|turn|7\n|\n|t:|1782874423\n|move|p2a: Maushold|Encore|p1a: Trevenant\n|-start|p1a: Trevenant|Encore\n|move|p1a: Trevenant|Poltergeist|p2a: Maushold\n|-immune|p2a: Maushold\n|\n|-damage|p2a: Maushold|196/238 brn|[from] brn\n|upkeep\n|turn|8\n|\n|t:|1782874429\n|switch|p2a: Girafarig|Girafarig, L89, M|269/269\n|switch|p1a: Greedent|Greedent, L86, M|347/347\n|-damage|p1a: Greedent|304/347|[from] Stealth Rock\n|\n|upkeep\n|turn|9\n|\n|t:|1782874439\n|move|p2a: Girafarig|Nasty Plot|p2a: Girafarig\n|-boost|p2a: Girafarig|spa|2\n|move|p1a: Greedent|Swords Dance|p1a: Greedent\n|-boost|p1a: Greedent|atk|2\n|\n|upkeep\n|turn|10\n|\n|t:|1782874451\n|move|p2a: Girafarig|Psyshock|p1a: Greedent\n|-damage|p1a: Greedent|133/347\n|-enditem|p1a: Greedent|Sitrus Berry|[eat]\n|-heal|p1a: Greedent|219/347|[from] item: Sitrus Berry\n|-heal|p1a: Greedent|334/347|[from] ability: Cheek Pouch\n|move|p1a: Greedent|Body Slam|p2a: Girafarig\n|-damage|p2a: Girafarig|124/269\n|\n|upkeep\n|turn|11\n|\n|t:|1782874458\n|move|p2a: Girafarig|Psyshock|p1a: Greedent\n|-damage|p1a: Greedent|160/347\n|move|p1a: Greedent|Knock Off|p2a: Girafarig\n|-supereffective|p2a: Girafarig\n|-damage|p2a: Girafarig|0 fnt\n|-enditem|p2a: Girafarig|Eviolite|[from] move: Knock Off|[of] p1a: Greedent\n|faint|p2a: Girafarig\n|\n|upkeep\n|\n|t:|1782874470\n|switch|p2a: Maushold|Maushold, L76|196/238 brn\n|turn|12\n|inactive|WKHOETK has 120 seconds left.\n|\n|t:|1782874500\n|move|p2a: Maushold|Population Bomb|p1a: Greedent\n|-damage|p1a: Greedent|150/347\n|-damage|p1a: Greedent|141/347\n|-damage|p1a: Greedent|131/347\n|-crit|p1a: Greedent\n|-damage|p1a: Greedent|113/347\n|-damage|p1a: Greedent|102/347\n|-damage|p1a: Greedent|92/347\n|-damage|p1a: Greedent|81/347\n|-damage|p1a: Greedent|72/347\n|-damage|p1a: Greedent|63/347\n|-damage|p1a: Greedent|53/347\n|-hitcount|p1a: Greedent|10\n|move|p1a: Greedent|Body Slam|p2a: Maushold\n|-damage|p2a: Maushold|0 fnt\n|faint|p2a: Maushold\n|\n|upkeep\n|\n|t:|1782874505\n|switch|p2a: Gardevoir|Gardevoir, L83, M|225/249\n|-ability|p2a: Gardevoir|Cheek Pouch|Trace|[from] ability: Trace|[of] p1a: Greedent\n|turn|13\n|\n|t:|1782874509\n|move|p2a: Gardevoir|Moonblast|p1a: Greedent\n|-damage|p1a: Greedent|0 fnt\n|faint|p1a: Greedent\n|-damage|p2a: Gardevoir|201/249|[from] item: Life Orb\n|\n|upkeep\n|\n|t:|1782874515\n|switch|p1a: Trevenant|Trevenant, L89, F|211/296\n|-damage|p1a: Trevenant|174/296|[from] Stealth Rock\n|turn|14\n|\n|t:|1782874521\n|switch|p2a: Coalossal|Coalossal, L89, F|341/341\n|move|p1a: Trevenant|Poltergeist|p2a: Coalossal\n|-activate|p2a: Coalossal|move: Poltergeist|Heavy-Duty Boots\n|-damage|p2a: Coalossal|235/341\n|\n|upkeep\n|turn|15\n|\n|t:|1782874531\n|move|p1a: Trevenant|Protect|p1a: Trevenant\n|-singleturn|p1a: Trevenant|Protect\n|move|p2a: Coalossal|Will-O-Wisp|p1a: Trevenant\n|-activate|p1a: Trevenant|move: Protect\n|\n|upkeep\n|turn|16\n|\n|t:|1782874537\n|move|p1a: Trevenant|Toxic|p2a: Coalossal\n|-status|p2a: Coalossal|tox\n|move|p2a: Coalossal|Will-O-Wisp|p1a: Trevenant\n|-status|p1a: Trevenant|brn\n|\n|-damage|p2a: Coalossal|214/341 tox|[from] psn\n|-damage|p1a: Trevenant|156/296 brn|[from] brn\n|upkeep\n|turn|17\n|\n|t:|1782874546\n|move|p1a: Trevenant|Protect|p1a: Trevenant\n|-singleturn|p1a: Trevenant|Protect\n|move|p2a: Coalossal|Flamethrower|p1a: Trevenant\n|-activate|p1a: Trevenant|move: Protect\n|\n|-damage|p2a: Coalossal|172/341 tox|[from] psn\n|-damage|p1a: Trevenant|138/296 brn|[from] brn\n|upkeep\n|-enditem|p1a: Trevenant|Sitrus Berry|[eat]\n|-heal|p1a: Trevenant|212/296 brn|[from] item: Sitrus Berry\n|turn|18\n|\n|t:|1782874550\n|move|p1a: Trevenant|Drain Punch|p2a: Coalossal\n|-supereffective|p2a: Coalossal\n|-damage|p2a: Coalossal|119/341 tox\n|-heal|p1a: Trevenant|239/296 brn|[from] drain|[of] p2a: Coalossal\n|move|p2a: Coalossal|Flamethrower|p1a: Trevenant\n|-supereffective|p1a: Trevenant\n|-damage|p1a: Trevenant|71/296 brn\n|\n|-damage|p2a: Coalossal|56/341 tox|[from] psn\n|-damage|p1a: Trevenant|53/296 brn|[from] brn\n|upkeep\n|turn|19\n|\n|t:|1782874562\n|move|p1a: Trevenant|Protect|p1a: Trevenant\n|-singleturn|p1a: Trevenant|Protect\n|move|p2a: Coalossal|Flamethrower|p1a: Trevenant\n|-activate|p1a: Trevenant|move: Protect\n|\n|-damage|p2a: Coalossal|0 fnt|[from] psn\n|faint|p2a: Coalossal\n|-damage|p1a: Trevenant|35/296 brn|[from] brn\n|upkeep\n|\n|t:|1782874566\n|switch|p2a: Gardevoir|Gardevoir, L83, M|201/249\n|-ability|p2a: Gardevoir|Harvest|Trace|[from] ability: Trace|[of] p1a: Trevenant\n|turn|20\n|\n|t:|1782874570\n|move|p2a: Gardevoir|Moonblast|p1a: Trevenant\n|-crit|p1a: Trevenant\n|-damage|p1a: Trevenant|0 fnt\n|faint|p1a: Trevenant\n|-damage|p2a: Gardevoir|177/249|[from] item: Life Orb\n|\n|upkeep\n|\n|t:|1782874598\n|switch|p1a: Cacturne|Cacturne, L92, M|278/278\n|-damage|p1a: Cacturne|244/278|[from] Stealth Rock\n|turn|21\n|\n|t:|1782874617\n|move|p1a: Cacturne|Sucker Punch|p2a: Gardevoir\n|-damage|p2a: Gardevoir|13/249\n|-damage|p1a: Cacturne|217/278|[from] item: Life Orb\n|move|p2a: Gardevoir|Psyshock|p1a: Cacturne\n|-immune|p1a: Cacturne\n|\n|upkeep\n|turn|22\n|\n|t:|1782874626\n|move|p1a: Cacturne|Sucker Punch|p2a: Gardevoir\n|-damage|p2a: Gardevoir|0 fnt\n|faint|p2a: Gardevoir\n|-damage|p1a: Cacturne|190/278|[from] item: Life Orb\n|\n|upkeep\n|-message|wubbybubbyjr forfeited.\n|\n|win|WKHOETK\n|raw|WKHOETK's rating: 1858 &rarr; <strong>1881</strong><br />(+23 for winning)\n|raw|wubbybubbyjr's rating: 1911 &rarr; <strong>1888</strong><br />(-23 for losing)\n", "inputlog": ">version f8ac14003a5f27e1bdc8d8c59608a773c1cb96e5\n>start {\"formatid\":\"gen9randombattle\",\"seed\":\"sodium,5e3e1a42b6ba91ce5df7e861b9611cbe\",\"rated\":\"Rated battle\"}\n>player p1 {\"name\":\"WKHOETK\",\"avatar\":\"1\",\"rating\":1858,\"seed\":\"sodium,f1867baf01d68365ea5d57bb82fe2ac4\"}\n>player p2 {\"name\":\"wubbybubbyjr\",\"avatar\":\"preschooler\",\"rating\":1911,\"seed\":\"sodium,70fbd18cbc6fb85e70be6038e389f1f7\"}\n>p1 switch 6\n>p2 move moonblast\n>p1 move fireblast\n>p2 switch 3\n>p1 move fireblast\n>p2 move stealthrock\n>p1 move knockoff\n>p2 move iceshard\n>p2 switch 5\n>p1 move focusblast\n>p2 move populationbomb\n>p1 switch 5\n>p1 move poltergeist\n>p2 move bite\n>p1 move drainpunch\n>p2 move encore\n>p1 switch 3\n>p2 switch 6\n>p1 move swordsdance\n>p2 move nastyplot\n>p1 move bodyslam\n>p2 move psyshock\n>p1 move knockoff\n>p2 move psyshock\n>p2 switch 6\n>p1 move bodyslam\n>p2 move populationbomb\n>p2 switch 3\n>p1 move bodyslam\n>p2 move moonblast\n>p1 switch 3\n>p1 move poltergeist\n>p2 switch 4\n>p1 move protect\n>p2 move willowisp\n>p1 move toxic\n>p2 move willowisp\n>p1 move protect\n>p2 move flamethrower\n>p1 move drainpunch\n>p2 move flamethrower\n>p1 move protect\n>p2 move flamethrower\n>p2 switch 4\n>p1 move poltergeist\n>p2 move moonblast\n>p1 switch 4\n>p1 move suckerpunch\n>p2 move psyshock\n>p1 move suckerpunch\n>p2 move moonblast\n>forcelose p2", "uploadtime": 1782874629, "views": 2, "formatid": "gen9randombattle", "rating": 1881, "private": 0, "password": null, "player_dets": [{"name": "WKHOETK", "avatar": "1", "rating": 1858, "seed": "sodium,f1867baf01d68365ea5d57bb82fe2ac4"}, {"name": "wubbybubbyjr", "avatar": "preschooler", "rating": 1911, "seed": "sodium,70fbd18cbc6fb85e70be6038e389f1f7"}], "teams_full": [{"Walking Wake": {"name": "Walking Wake", "species": "Walking Wake", "speciesId": "walkingwake", "gender": "N", "shiny": false, "level": 79, "moves": ["flamethrower", "hydrosteam", "dracometeor", "sunnyday"], "ability": "Protosynthesis", "evs": {"hp": 85, "atk": 0, "def": 85, "spa": 85, "spd": 85, "spe": 85}, "ivs": {"hp": 31, "atk": 0, "def": 31, "spa": 31, "spd": 31, "spe": 31}, "item": "Life Orb", "teraType": "Fire", "role": "Fast Attacker", "bvs": {"hp": 99, "atk": 83, "def": 91, "spa": 125, "spd": 83, "spe": 109}, "stats": {"hp": 286, "atk": 136, "def": 189, "spa": 243, "spd": 177, "spe": 218}, "types": ["Water", "Dragon"]}, "Dragonite": {"name": "Dragonite", "species": "Dragonite", "speciesId": "dragonite", "gender": "F", "shiny": false, "level": 74, "moves": ["earthquake", "outrage", "terablast", "dragondance"], "ability": "Multiscale", "evs": {"hp": 85, "atk": 85, "def": 85, "spa": 85, "spd": 85, "spe": 85}, "ivs": {"hp": 31, "atk": 31, "def": 31, "spa": 31, "spd": 31, "spe": 31}, "item": "Heavy-Duty Boots", "teraType": "Flying", "role": "Tera Blast user", "bvs": {"hp": 91, "atk": 134, "def": 95, "spa": 100, "spd": 100, "spe": 80}, "stats": {"hp": 257, "atk": 241, "def": 184, "spa": 191, "spd": 191, "spe": 161}, "types": ["Dragon", "Flying"]}, "Greedent": {"name": "Greedent", "species": "Greedent", "speciesId": "greedent", "gender": "M", "shiny": false, "level": 86, "moves": ["swordsdance", "knockoff", "bodyslam", "earthquake"], "ability": "Cheek Pouch", "evs": {"hp": 85, "atk": 85, "def": 85, "spa": 85, "spd": 85, "spe": 85}, "ivs": {"hp": 31, "atk": 31, "def": 31, "spa": 31, "spd": 31, "spe": 31}, "item": "Sitrus Berry", "teraType": "Ghost", "role": "Bulky Setup", "bvs": {"hp": 120, "atk": 95, "def": 95, "spa": 55, "spd": 75, "spe": 20}, "stats": {"hp": 347, "atk": 213, "def": 213, "spa": 144, "spd": 178, "spe": 84}, "types": ["Normal"]}, "Cacturne": {"name": "Cacturne", "species": "Cacturne", "speciesId": "cacturne", "gender": "M", "shiny": false, "level": 92, "moves": ["suckerpunch", "leafstorm", "knockoff", "spikes"], "ability": "Water Absorb", "evs": {"hp": 85, "atk": 85, "def": 85, "spa": 85, "spd": 85, "spe": 85}, "ivs": {"hp": 31, "atk": 31, "def": 31, "spa": 31, "spd": 31, "spe": 31}, "item": "Life Orb", "teraType": "Dark", "role": "Wallbreaker", "bvs": {"hp": 70, "atk": 115, "def": 60, "spa": 115, "spd": 60, "spe": 55}, "stats": {"hp": 278, "atk": 264, "def": 163, "spa": 264, "spd": 163, "spe": 154}, "types": ["Grass", "Dark"]}, "Trevenant": {"name": "Trevenant", "species": "Trevenant", "speciesId": "trevenant", "gender": "F", "shiny": false, "level": 89, "moves": ["poltergeist", "drainpunch", "protect", "toxic"], "ability": "Harvest", "evs": {"hp": 85, "atk": 85, "def": 85, "spa": 85, "spd": 85, "spe": 85}, "ivs": {"hp": 31, "atk": 31, "def": 31, "spa": 31, "spd": 31, "spe": 31}, "item": "Sitrus Berry", "teraType": "Fairy", "role": "Bulky Support", "bvs": {"hp": 85, "atk": 110, "def": 76, "spa": 65, "spd": 82, "spe": 56}, "stats": {"hp": 296, "atk": 247, "def": 186, "spa": 166, "spd": 197, "spe": 150}, "types": ["Ghost", "Grass"]}, "Magmortar": {"name": "Magmortar", "species": "Magmortar", "speciesId": "magmortar", "gender": "F", "shiny": false, "level": 88, "moves": ["focusblast", "knockoff", "fireblast", "earthquake"], "ability": "Flame Body", "evs": {"hp": 85, "atk": 85, "def": 85, "spa": 85, "spd": 85, "spe": 85}, "ivs": {"hp": 31, "atk": 31, "def": 31, "spa": 31, "spd": 31, "spe": 31}, "item": "Heavy-Duty Boots", "teraType": "Water", "role": "Fast Attacker", "bvs": {"hp": 75, "atk": 95, "def": 67, "spa": 125, "spd": 95, "spe": 83}, "stats": {"hp": 275, "atk": 217, "def": 168, "spa": 270, "spd": 217, "spe": 196}, "types": ["Fire"]}}, {"Gardevoir": {"name": "Gardevoir", "species": "Gardevoir", "speciesId": "gardevoir", "gender": "M", "shiny": false, "level": 83, "moves": ["mysticalfire", "moonblast", "psyshock", "calmmind"], "ability": "Trace", "evs": {"hp": 85, "atk": 0, "def": 85, "spa": 85, "spd": 85, "spe": 85}, "ivs": {"hp": 31, "atk": 0, "def": 31, "spa": 31, "spd": 31, "spe": 31}, "item": "Life Orb", "teraType": "Fire", "role": "Fast Attacker", "bvs": {"hp": 68, "atk": 65, "def": 65, "spa": 125, "spd": 115, "spe": 80}, "stats": {"hp": 249, "atk": 112, "def": 156, "spa": 255, "spd": 239, "spe": 180}, "types": ["Psychic", "Fairy"]}, "Quagsire": {"name": "Quagsire", "species": "Quagsire", "speciesId": "quagsire", "gender": "M", "shiny": false, "level": 84, "moves": ["earthquake", "toxic", "recover", "icebeam"], "ability": "Unaware", "evs": {"hp": 85, "atk": 85, "def": 85, "spa": 85, "spd": 85, "spe": 85}, "ivs": {"hp": 31, "atk": 31, "def": 31, "spa": 31, "spd": 31, "spe": 31}, "item": "Leftovers", "teraType": "Fairy", "role": "Bulky Support", "bvs": {"hp": 95, "atk": 85, "def": 85, "spa": 65, "spd": 65, "spe": 35}, "stats": {"hp": 297, "atk": 191, "def": 191, "spa": 157, "spd": 157, "spe": 107}, "types": ["Water", "Ground"]}, "Piloswine": {"name": "Piloswine", "species": "Piloswine", "speciesId": "piloswine", "gender": "M", "shiny": false, "level": 85, "moves": ["iciclecrash", "stealthrock", "earthquake", "iceshard"], "ability": "Thick Fat", "evs": {"hp": 85, "atk": 85, "def": 85, "spa": 85, "spd": 85, "spe": 85}, "ivs": {"hp": 31, "atk": 31, "def": 31, "spa": 31, "spd": 31, "spe": 31}, "item": "Eviolite", "teraType": "Poison", "role": "Bulky Support", "bvs": {"hp": 100, "atk": 100, "def": 80, "spa": 60, "spd": 60, "spe": 50}, "stats": {"hp": 309, "atk": 219, "def": 185, "spa": 151, "spd": 151, "spe": 134}, "types": ["Ice", "Ground"]}, "Coalossal": {"name": "Coalossal", "species": "Coalossal", "speciesId": "coalossal", "gender": "F", "shiny": false, "level": 89, "moves": ["rapidspin", "stoneedge", "willowisp", "flamethrower"], "ability": "Flame Body", "evs": {"hp": 85, "atk": 85, "def": 85, "spa": 85, "spd": 85, "spe": 85}, "ivs": {"hp": 31, "atk": 31, "def": 31, "spa": 31, "spd": 31, "spe": 31}, "item": "Heavy-Duty Boots", "teraType": "Water", "role": "Bulky Support", "bvs": {"hp": 110, "atk": 80, "def": 120, "spa": 80, "spd": 90, "spe": 30}, "stats": {"hp": 341, "atk": 193, "def": 264, "spa": 193, "spd": 211, "spe": 104}, "types": ["Rock", "Fire"]}, "Maushold": {"name": "Maushold", "species": "Maushold", "speciesId": "maushold", "gender": "N", "shiny": false, "level": 76, "moves": ["populationbomb", "tidyup", "bite", "encore"], "ability": "Technician", "evs": {"hp": 85, "atk": 85, "def": 85, "spa": 85, "spd": 85, "spe": 85}, "ivs": {"hp": 31, "atk": 31, "def": 31, "spa": 31, "spd": 31, "spe": 31}, "item": "Wide Lens", "teraType": "Ghost", "role": "Setup Sweeper", "bvs": {"hp": 74, "atk": 75, "def": 70, "spa": 65, "spd": 75, "spe": 111}, "stats": {"hp": 238, "atk": 158, "def": 150, "spa": 143, "spd": 158, "spe": 213}, "types": ["Normal"]}, "Girafarig": {"name": "Girafarig", "species": "Girafarig", "speciesId": "girafarig", "gender": "M", "shiny": false, "level": 89, "moves": ["thunderbolt", "shadowball", "psyshock", "nastyplot"], "ability": "Sap Sipper", "evs": {"hp": 85, "atk": 0, "def": 85, "spa": 85, "spd": 85, "spe": 85}, "ivs": {"hp": 31, "atk": 0, "def": 31, "spa": 31, "spd": 31, "spe": 31}, "item": "Eviolite", "teraType": "Psychic", "role": "Bulky Setup", "bvs": {"hp": 70, "atk": 80, "def": 65, "spa": 90, "spd": 65, "spe": 85}, "stats": {"hp": 269, "atk": 147, "def": 166, "spa": 211, "spd": 166, "spe": 202}, "types": ["Normal", "Psychic"]}}]}