{"id": "gen9randombattle-2642112871", "format": "[Gen 9] Random Battle", "players": ["testbotcif", "randbatsluvr"], "log": "|j|\u2606testbotcif\n|j|\u2606randbatsluvr\n|t:|1782892695\n|gametype|singles\n|player|p1|testbotcif|1|1339\n|player|p2|randbatsluvr|169|1339\n|gen|9\n|tier|[Gen 9] Random Battle\n|rated|\n|rule|Species Clause: Limit one of each Pok\u00e9mon\n|rule|HP Percentage Mod: HP is shown in percentages\n|rule|Sleep Clause Mod: Limit one foe put to sleep\n|rule|Illusion Level Mod: Illusion disguises the Pok\u00e9mon's true level\n|\n|t:|1782892695\n|teamsize|p1|6\n|teamsize|p2|6\n|start\n|switch|p1a: Delibird|Delibird, M|252/252\n|switch|p2a: Blastoise|Blastoise, L80, M|258/258\n|turn|1\n|inactive|Battle timer is ON: inactive players will automatically lose when time's up. (requested by testbotcif)\n|c|\u2606testbotcif|rlhf\n|inactive|randbatsluvr also wants the timer to be on.\n|\n|t:|1782892706\n|move|p1a: Delibird|Freeze-Dry|p2a: Blastoise\n|-supereffective|p2a: Blastoise\n|-damage|p2a: Blastoise|114/258\n|-status|p2a: Blastoise|frz\n|-curestatus|p2a: Blastoise|frz|[msg]\n|move|p2a: Blastoise|Shell Smash|p2a: Blastoise\n|-unboost|p2a: Blastoise|def|1\n|-unboost|p2a: Blastoise|spd|1\n|-boost|p2a: Blastoise|atk|2\n|-boost|p2a: Blastoise|spa|2\n|-boost|p2a: Blastoise|spe|2\n|-enditem|p2a: Blastoise|White Herb\n|-clearnegativeboost|p2a: Blastoise|[silent]\n|\n|upkeep\n|turn|2\n|\n|t:|1782892710\n|move|p2a: Blastoise|Hydro Pump|p1a: Delibird\n|-damage|p1a: Delibird|0 fnt\n|faint|p1a: Delibird\n|\n|upkeep\n|\n|t:|1782892710\n|switch|p1a: Magnezone|Magnezone, L85|258/258\n|turn|3\n|\n|t:|1782892715\n|-terastallize|p2a: Blastoise|Ground\n|move|p2a: Blastoise|Earthquake|p1a: Magnezone\n|-supereffective|p1a: Magnezone\n|-damage|p1a: Magnezone|0 fnt\n|faint|p1a: Magnezone\n|\n|upkeep\n|\n|t:|1782892715\n|switch|p1a: Tauros|Tauros-Paldea-Aqua, L81, M|252/252\n|turn|4\n|\n|t:|1782892721\n|switch|p2a: Rabsca|Rabsca, L91, M|284/284\n|move|p1a: Tauros|Close Combat|p2a: Rabsca\n|-resisted|p2a: Rabsca\n|-damage|p2a: Rabsca|255/284\n|-unboost|p1a: Tauros|def|1\n|-unboost|p1a: Tauros|spd|1\n|\n|upkeep\n|turn|5\n|\n|t:|1782892725\n|switch|p1a: Pecharunt|Pecharunt, L77|262/262\n|move|p2a: Rabsca|Psychic|p1a: Pecharunt\n|-supereffective|p1a: Pecharunt\n|-damage|p1a: Pecharunt|0 fnt\n|faint|p1a: Pecharunt\n|\n|upkeep\n|\n|t:|1782892725\n|switch|p1a: Emboar|Emboar, L84, F|322/322\n|turn|6\n|\n|t:|1782892731\n|switch|p2a: Lunala|Lunala, L70|308/308\n|move|p1a: Emboar|Bulk Up|p1a: Emboar\n|-boost|p1a: Emboar|atk|1\n|-boost|p1a: Emboar|def|1\n|\n|upkeep\n|turn|7\n|\n|t:|1782892736\n|-terastallize|p1a: Emboar|Grass\n|move|p2a: Lunala|Psyshock|p1a: Emboar\n|-damage|p1a: Emboar|255/322\n|move|p1a: Emboar|Flare Blitz|p2a: Lunala\n|-damage|p2a: Lunala|137/308\n|-damage|p1a: Emboar|199/322|[from] Recoil\n|\n|-heal|p2a: Lunala|156/308|[from] item: Leftovers\n|-heal|p1a: Emboar|219/322|[from] item: Leftovers\n|upkeep\n|turn|8\n|\n|t:|1782892740\n|switch|p2a: Iron Moth|Iron Moth, L78|253/253\n|move|p1a: Emboar|Flare Blitz|p2a: Iron Moth\n|-resisted|p2a: Iron Moth\n|-damage|p2a: Iron Moth|57/253\n|-damage|p1a: Emboar|154/322|[from] Recoil\n|\n|-heal|p1a: Emboar|174/322|[from] item: Leftovers\n|upkeep\n|turn|9\n|\n|t:|1782892746\n|move|p2a: Iron Moth|Sludge Wave|p1a: Emboar\n|-supereffective|p1a: Emboar\n|-crit|p1a: Emboar\n|-damage|p1a: Emboar|0 fnt\n|faint|p1a: Emboar\n|\n|upkeep\n|\n|t:|1782892746\n|switch|p1a: Sandaconda|Sandaconda, L84, F|258/258\n|turn|10\n|\n|t:|1782892751\n|-end|p2a: Iron Moth|Quark Drive|[silent]\n|switch|p2a: Hydreigon|Hydreigon, L79, F|275/275\n|move|p1a: Sandaconda|Earthquake|p2a: Hydreigon\n|-immune|p2a: Hydreigon|[from] ability: Levitate\n|\n|upkeep\n|turn|11\n|\n|t:|1782892755\n|switch|p1a: Tauros|Tauros-Paldea-Aqua, L81, M|252/252\n|move|p2a: Hydreigon|Draco Meteor|p1a: Tauros\n|-damage|p1a: Tauros|0 fnt\n|-unboost|p2a: Hydreigon|spa|2\n|faint|p1a: Tauros\n|\n|upkeep\n|\n|t:|1782892755\n|switch|p1a: Sandaconda|Sandaconda, L84, F|258/258\n|turn|12\n|\n|t:|1782892758\n|move|p2a: Hydreigon|Draco Meteor|p1a: Sandaconda\n|-damage|p1a: Sandaconda|123/258\n|-unboost|p2a: Hydreigon|spa|2\n|move|p1a: Sandaconda|Coil|p1a: Sandaconda\n|-boost|p1a: Sandaconda|atk|1\n|-boost|p1a: Sandaconda|def|1\n|-boost|p1a: Sandaconda|accuracy|1\n|\n|-heal|p1a: Sandaconda|139/258|[from] item: Leftovers\n|upkeep\n|turn|13\n|\n|t:|1782892761\n|move|p2a: Hydreigon|Draco Meteor|p1a: Sandaconda\n|-damage|p1a: Sandaconda|45/258\n|-unboost|p2a: Hydreigon|spa|2\n|move|p1a: Sandaconda|Rest|p1a: Sandaconda\n|-status|p1a: Sandaconda|slp|[from] move: Rest\n|-heal|p1a: Sandaconda|258/258 slp|[silent]\n|\n|upkeep\n|turn|14\n|\n|t:|1782892764\n|move|p2a: Hydreigon|Draco Meteor|p1a: Sandaconda\n|-damage|p1a: Sandaconda|192/258 slp\n|cant|p1a: Sandaconda|slp\n|\n|-activate|p1a: Sandaconda|ability: Shed Skin\n|-curestatus|p1a: Sandaconda|slp|[msg]\n|-heal|p1a: Sandaconda|208/258|[from] item: Leftovers\n|upkeep\n|turn|15\n|\n|t:|1782892770\n|move|p2a: Hydreigon|Draco Meteor|p1a: Sandaconda|[miss]\n|-miss|p2a: Hydreigon|p1a: Sandaconda\n|move|p1a: Sandaconda|Coil|p1a: Sandaconda\n|-boost|p1a: Sandaconda|atk|1\n|-boost|p1a: Sandaconda|def|1\n|-boost|p1a: Sandaconda|accuracy|1\n|\n|-heal|p1a: Sandaconda|224/258|[from] item: Leftovers\n|upkeep\n|turn|16\n|\n|t:|1782892775\n|move|p2a: Hydreigon|Draco Meteor|p1a: Sandaconda\n|-damage|p1a: Sandaconda|161/258\n|move|p1a: Sandaconda|Rest|p1a: Sandaconda\n|-status|p1a: Sandaconda|slp|[from] move: Rest\n|-heal|p1a: Sandaconda|258/258 slp|[silent]\n|\n|upkeep\n|turn|17\n|\n|t:|1782892781\n|move|p2a: Hydreigon|Draco Meteor|p1a: Sandaconda\n|-damage|p1a: Sandaconda|192/258 slp\n|cant|p1a: Sandaconda|slp\n|\n|-activate|p1a: Sandaconda|ability: Shed Skin\n|-curestatus|p1a: Sandaconda|slp|[msg]\n|-heal|p1a: Sandaconda|208/258|[from] item: Leftovers\n|upkeep\n|turn|18\n|\n|t:|1782892787\n|move|p2a: Hydreigon|Draco Meteor|p1a: Sandaconda\n|-damage|p1a: Sandaconda|142/258\n|move|p1a: Sandaconda|Rest|p1a: Sandaconda\n|-status|p1a: Sandaconda|slp|[from] move: Rest\n|-heal|p1a: Sandaconda|258/258 slp|[silent]\n|\n|-activate|p1a: Sandaconda|ability: Shed Skin\n|-curestatus|p1a: Sandaconda|slp|[msg]\n|upkeep\n|turn|19\n|\n|t:|1782892790\n|-activate|p2a: Hydreigon|move: Struggle\n|move|p2a: Hydreigon|Struggle|p1a: Sandaconda\n|-damage|p1a: Sandaconda|244/258\n|-damage|p2a: Hydreigon|206/275|[from] recoil\n|move|p1a: Sandaconda|Rest|p1a: Sandaconda\n|-status|p1a: Sandaconda|slp|[from] move: Rest\n|-heal|p1a: Sandaconda|258/258 slp|[silent]\n|\n|upkeep\n|turn|20\n|\n|t:|1782892794\n|-activate|p2a: Hydreigon|move: Struggle\n|move|p2a: Hydreigon|Struggle|p1a: Sandaconda\n|-damage|p1a: Sandaconda|246/258 slp\n|-damage|p2a: Hydreigon|137/275|[from] recoil\n|cant|p1a: Sandaconda|slp\n|\n|-heal|p1a: Sandaconda|258/258 slp|[from] item: Leftovers\n|upkeep\n|turn|21\n|\n|t:|1782892799\n|-activate|p2a: Hydreigon|move: Struggle\n|move|p2a: Hydreigon|Struggle|p1a: Sandaconda\n|-damage|p1a: Sandaconda|245/258 slp\n|-damage|p2a: Hydreigon|68/275|[from] recoil\n|cant|p1a: Sandaconda|slp\n|\n|-heal|p1a: Sandaconda|258/258 slp|[from] item: Leftovers\n|upkeep\n|turn|22\n|\n|t:|1782892803\n|-activate|p2a: Hydreigon|move: Struggle\n|move|p2a: Hydreigon|Struggle|p1a: Sandaconda\n|-damage|p1a: Sandaconda|245/258 slp\n|-damage|p2a: Hydreigon|0 fnt|[from] recoil\n|faint|p2a: Hydreigon\n|-curestatus|p1a: Sandaconda|slp|[msg]\n|move|p1a: Sandaconda|Rest|p1a: Sandaconda\n|-status|p1a: Sandaconda|slp|[from] move: Rest\n|-heal|p1a: Sandaconda|258/258 slp|[silent]\n|\n|-activate|p1a: Sandaconda|ability: Shed Skin\n|-curestatus|p1a: Sandaconda|slp|[msg]\n|upkeep\n|\n|t:|1782892808\n|switch|p2a: Rabsca|Rabsca, L91, M|255/284\n|turn|23\n|\n|t:|1782892811\n|move|p1a: Sandaconda|Stone Edge|p2a: Rabsca\n|-supereffective|p2a: Rabsca\n|-damage|p2a: Rabsca|0 fnt\n|faint|p2a: Rabsca\n|\n|upkeep\n|\n|t:|1782892814\n|switch|p2a: Blastoise|Blastoise, L80, M, tera:Ground|114/258\n|turn|24\n|\n|t:|1782892820\n|move|p2a: Blastoise|Hydro Pump|p1a: Sandaconda\n|-supereffective|p1a: Sandaconda\n|-damage|p1a: Sandaconda|24/258\n|move|p1a: Sandaconda|Earthquake|p2a: Blastoise\n|-damage|p2a: Blastoise|0 fnt\n|faint|p2a: Blastoise\n|\n|-heal|p1a: Sandaconda|40/258|[from] item: Leftovers\n|upkeep\n|\n|t:|1782892824\n|switch|p2a: Lunala|Lunala, L70|156/308\n|turn|25\n|\n|t:|1782892827\n|move|p2a: Lunala|Moongeist Beam|p1a: Sandaconda\n|-damage|p1a: Sandaconda|0 fnt\n|faint|p1a: Sandaconda\n|\n|win|randbatsluvr\n|raw|testbotcif's rating: 1339 &rarr; <strong>1318</strong><br />(-21 for losing)\n|raw|randbatsluvr's rating: 1322 &rarr; <strong>1343</strong><br />(+21 for winning)\n", "inputlog": ">version f8ac14003a5f27e1bdc8d8c59608a773c1cb96e5\n>start {\"formatid\":\"gen9randombattle\",\"seed\":\"sodium,f026d601a98fbed847e155de3d80a889\",\"rated\":\"Rated battle\"}\n>player p1 {\"name\":\"testbotcif\",\"avatar\":\"1\",\"rating\":1339,\"seed\":\"sodium,dec5b480df2431d39885e9aa58523061\"}\n>player p2 {\"name\":\"randbatsluvr\",\"avatar\":\"169\",\"rating\":1339,\"seed\":\"sodium,a09205a496b4b07a075e09ce2411b796\"}\n>chat \u2606testbotcif|rlhf\n>p1 move freezedry\n>p2 move shellsmash\n>p1 move freezedry\n>p2 move hydropump\n>p1 switch 3\n>p1 move thunderbolt\n>p2 move earthquake terastallize\n>p1 switch 6\n>p1 move closecombat\n>p2 switch 3\n>p1 switch 2\n>p2 move psychic\n>p1 switch 4\n>p1 move bulkup\n>p2 switch 4\n>p1 move flareblitz terastallize\n>p2 move psyshock\n>p1 move flareblitz\n>p2 switch 6\n>p1 move drainpunch\n>p2 move sludgewave\n>p1 switch 5\n>p1 move earthquake\n>p2 switch 2\n>p1 switch 2\n>p2 move dracometeor\n>p1 switch 2\n>p1 move coil\n>p2 move dracometeor\n>p1 move rest\n>p2 move dracometeor\n>p1 move coil\n>p2 move dracometeor\n>p1 move coil\n>p2 move dracometeor\n>p1 move rest\n>p2 move dracometeor\n>p1 move rest\n>p2 move dracometeor\n>p1 move rest\n>p2 move dracometeor\n>p1 move rest\n>p2 move struggle\n>p1 move rest\n>p2 move struggle\n>p1 move rest\n>p2 move struggle\n>p1 move rest\n>p2 move struggle\n>p2 switch 4\n>p1 move stoneedge\n>p2 move revivalblessing\n>p2 switch 3\n>p1 move earthquake\n>p2 move hydropump\n>p2 switch 6\n>p1 move earthquake\n>p2 move moongeistbeam", "uploadtime": 1782892827, "views": 3, "formatid": "gen9randombattle", "rating": 1318, "private": 0, "password": null, "player_dets": [{"name": "testbotcif", "avatar": "1", "rating": 1339, "seed": "sodium,dec5b480df2431d39885e9aa58523061"}, {"name": "randbatsluvr", "avatar": "169", "rating": 1339, "seed": "sodium,a09205a496b4b07a075e09ce2411b796"}], "teams_full": [{"Delibird": {"name": "Delibird", "species": "Delibird", "speciesId": "delibird", "gender": "M", "shiny": false, "level": 100, "moves": ["rapidspin", "bravebird", "freezedry", "spikes"], "ability": "Vital Spirit", "evs": {"hp": 85, "atk": 85, "def": 85, "spa": 85, "spd": 85, "spe": 85}, "ivs": {"hp": 31, "atk": 31, "def": 31, "spa": 31, "spd": 31, "spe": 31}, "item": "Heavy-Duty Boots", "teraType": "Ghost", "role": "Fast Support", "bvs": {"hp": 45, "atk": 55, "def": 45, "spa": 65, "spd": 45, "spe": 75}, "stats": {"hp": 252, "atk": 167, "def": 147, "spa": 187, "spd": 147, "spe": 207}, "types": ["Ice", "Flying"]}, "Pecharunt": {"name": "Pecharunt", "species": "Pecharunt", "speciesId": "pecharunt", "gender": "N", "shiny": false, "level": 77, "moves": ["nastyplot", "shadowball", "recover", "malignantchain"], "ability": "Poison Puppeteer", "evs": {"hp": 85, "atk": 0, "def": 85, "spa": 85, "spd": 85, "spe": 85}, "ivs": {"hp": 31, "atk": 0, "def": 31, "spa": 31, "spd": 31, "spe": 31}, "item": "Leftovers", "teraType": "Dark", "role": "Bulky Attacker", "bvs": {"hp": 88, "atk": 88, "def": 160, "spa": 88, "spd": 88, "spe": 88}, "stats": {"hp": 262, "atk": 140, "def": 291, "spa": 180, "spd": 180, "spe": 180}, "types": ["Poison", "Ghost"]}, "Magnezone": {"name": "Magnezone", "species": "Magnezone", "speciesId": "magnezone", "gender": "N", "shiny": false, "level": 85, "moves": ["bodypress", "voltswitch", "flashcannon", "thunderbolt"], "ability": "Analytic", "evs": {"hp": 85, "atk": 0, "def": 85, "spa": 85, "spd": 85, "spe": 85}, "ivs": {"hp": 31, "atk": 0, "def": 31, "spa": 31, "spd": 31, "spe": 31}, "item": "Assault Vest", "teraType": "Flying", "role": "AV Pivot", "bvs": {"hp": 70, "atk": 70, "def": 115, "spa": 130, "spd": 90, "spe": 60}, "stats": {"hp": 258, "atk": 124, "def": 244, "spa": 270, "spd": 202, "spe": 151}, "types": ["Electric", "Steel"]}, "Emboar": {"name": "Emboar", "species": "Emboar", "speciesId": "emboar", "gender": "F", "shiny": false, "level": 84, "moves": ["bulkup", "flareblitz", "trailblaze", "drainpunch"], "ability": "Reckless", "evs": {"hp": 85, "atk": 85, "def": 85, "spa": 85, "spd": 85, "spe": 85}, "ivs": {"hp": 31, "atk": 31, "def": 31, "spa": 31, "spd": 31, "spe": 31}, "item": "Leftovers", "teraType": "Grass", "role": "Bulky Setup", "bvs": {"hp": 110, "atk": 123, "def": 65, "spa": 100, "spd": 65, "spe": 65}, "stats": {"hp": 322, "atk": 255, "def": 157, "spa": 216, "spd": 157, "spe": 157}, "types": ["Fire", "Fighting"]}, "Sandaconda": {"name": "Sandaconda", "species": "Sandaconda", "speciesId": "sandaconda", "gender": "F", "shiny": false, "level": 84, "moves": ["stoneedge", "earthquake", "coil", "rest"], "ability": "Shed Skin", "evs": {"hp": 85, "atk": 85, "def": 85, "spa": 85, "spd": 85, "spe": 85}, "ivs": {"hp": 31, "atk": 31, "def": 31, "spa": 31, "spd": 31, "spe": 31}, "item": "Leftovers", "teraType": "Dragon", "role": "Bulky Setup", "bvs": {"hp": 72, "atk": 107, "def": 125, "spa": 65, "spd": 70, "spe": 71}, "stats": {"hp": 258, "atk": 228, "def": 258, "spa": 157, "spd": 166, "spe": 167}, "types": ["Ground"]}, "Tauros": {"name": "Tauros", "species": "Tauros-Paldea-Aqua", "speciesId": "taurospaldeaaqua", "gender": "M", "shiny": false, "level": 81, "moves": ["bulkup", "substitute", "liquidation", "closecombat"], "ability": "Cud Chew", "evs": {"hp": 73, "atk": 85, "def": 85, "spa": 85, "spd": 85, "spe": 85}, "ivs": {"hp": 31, "atk": 31, "def": 31, "spa": 31, "spd": 31, "spe": 31}, "item": "Sitrus Berry", "teraType": "Water", "role": "Fast Bulky Setup", "bvs": {"hp": 75, "atk": 110, "def": 105, "spa": 30, "spd": 70, "spe": 100}, "stats": {"hp": 252, "atk": 225, "def": 217, "spa": 95, "spd": 160, "spe": 209}, "types": ["Fighting", "Water"]}}, {"Blastoise": {"name": "Blastoise", "species": "Blastoise", "speciesId": "blastoise", "gender": "M", "shiny": false, "level": 80, "moves": ["earthquake", "shellsmash", "hydropump", "icebeam"], "ability": "Torrent", "evs": {"hp": 85, "atk": 85, "def": 85, "spa": 85, "spd": 85, "spe": 85}, "ivs": {"hp": 31, "atk": 31, "def": 31, "spa": 31, "spd": 31, "spe": 31}, "item": "White Herb", "teraType": "Ground", "role": "Setup Sweeper", "bvs": {"hp": 79, "atk": 83, "def": 100, "spa": 85, "spd": 105, "spe": 78}, "stats": {"hp": 258, "atk": 179, "def": 206, "spa": 182, "spd": 214, "spe": 171}, "types": ["Water"]}, "Hydreigon": {"name": "Hydreigon", "species": "Hydreigon", "speciesId": "hydreigon", "gender": "F", "shiny": false, "level": 79, "moves": ["darkpulse", "flashcannon", "uturn", "dracometeor"], "ability": "Levitate", "evs": {"hp": 85, "atk": 85, "def": 85, "spa": 85, "spd": 85, "spe": 85}, "ivs": {"hp": 31, "atk": 31, "def": 31, "spa": 31, "spd": 31, "spe": 31}, "item": "Choice Specs", "teraType": "Steel", "role": "Fast Attacker", "bvs": {"hp": 92, "atk": 105, "def": 90, "spa": 125, "spd": 90, "spe": 98}, "stats": {"hp": 275, "atk": 211, "def": 188, "spa": 243, "spd": 188, "spe": 200}, "types": ["Dark", "Dragon"]}, "Rabsca": {"name": "Rabsca", "species": "Rabsca", "speciesId": "rabsca", "gender": "M", "shiny": false, "level": 91, "moves": ["bugbuzz", "earthpower", "revivalblessing", "psychic"], "ability": "Synchronize", "evs": {"hp": 85, "atk": 0, "def": 85, "spa": 85, "spd": 85, "spe": 85}, "ivs": {"hp": 31, "atk": 0, "def": 31, "spa": 31, "spd": 31, "spe": 31}, "item": "Heavy-Duty Boots", "teraType": "Steel", "role": "Wallbreaker", "bvs": {"hp": 75, "atk": 50, "def": 85, "spa": 115, "spd": 100, "spe": 45}, "stats": {"hp": 284, "atk": 96, "def": 207, "spa": 261, "spd": 234, "spe": 134}, "types": ["Bug", "Psychic"]}, "Lunala": {"name": "Lunala", "species": "Lunala", "speciesId": "lunala", "gender": "N", "shiny": false, "level": 70, "moves": ["psyshock", "calmmind", "moonlight", "moongeistbeam"], "ability": "Shadow Shield", "evs": {"hp": 85, "atk": 0, "def": 85, "spa": 85, "spd": 85, "spe": 85}, "ivs": {"hp": 31, "atk": 0, "def": 31, "spa": 31, "spd": 31, "spe": 31}, "item": "Leftovers", "teraType": "Fairy", "role": "Fast Bulky Setup", "bvs": {"hp": 137, "atk": 113, "def": 89, "spa": 137, "spd": 107, "spe": 97}, "stats": {"hp": 308, "atk": 163, "def": 166, "spa": 233, "spd": 191, "spe": 177}, "types": ["Psychic", "Ghost"]}, "Hitmonlee": {"name": "Hitmonlee", "species": "Hitmonlee", "speciesId": "hitmonlee", "gender": "M", "shiny": false, "level": 85, "moves": ["highjumpkick", "knockoff", "poisonjab", "machpunch"], "ability": "Reckless", "evs": {"hp": 81, "atk": 85, "def": 85, "spa": 85, "spd": 85, "spe": 85}, "ivs": {"hp": 31, "atk": 31, "def": 31, "spa": 31, "spd": 31, "spe": 31}, "item": "Choice Band", "teraType": "Fighting", "role": "Fast Attacker", "bvs": {"hp": 50, "atk": 120, "def": 53, "spa": 35, "spd": 110, "spe": 87}, "stats": {"hp": 223, "atk": 253, "def": 139, "spa": 108, "spd": 236, "spe": 197}, "types": ["Fighting"]}, "Iron Moth": {"name": "Iron Moth", "species": "Iron Moth", "speciesId": "ironmoth", "gender": "N", "shiny": false, "level": 78, "moves": ["sludgewave", "energyball", "toxicspikes", "fireblast"], "ability": "Quark Drive", "evs": {"hp": 85, "atk": 0, "def": 85, "spa": 85, "spd": 85, "spe": 85}, "ivs": {"hp": 31, "atk": 0, "def": 31, "spa": 31, "spd": 31, "spe": 31}, "item": "Heavy-Duty Boots", "teraType": "Grass", "role": "Fast Attacker", "bvs": {"hp": 80, "atk": 70, "def": 60, "spa": 140, "spd": 110, "spe": 110}, "stats": {"hp": 253, "atk": 114, "def": 139, "spa": 263, "spd": 217, "spe": 217}, "types": ["Fire", "Poison"]}}]}