{"id": "gen9randombattle-2642013444", "format": "[Gen 9] Random Battle", "players": ["NitroFire", "Yog Rahang..."], "log": "|j|\u2606NitroFire\n|j|\u2606Yog Rahang...\n|t:|1782873283\n|gametype|singles\n|player|p1|NitroFire|2|2085\n|player|p2|Yog Rahang...|brawly|2061\n|gen|9\n|tier|[Gen 9] Random Battle\n|rated|\n|rule|Species Clause: Limit one of each Pok\u00e9mon\n|rule|HP Percentage Mod: HP is shown in percentages\n|rule|Sleep Clause Mod: Limit one foe put to sleep\n|rule|Illusion Level Mod: Illusion disguises the Pok\u00e9mon's true level\n|\n|t:|1782873283\n|teamsize|p1|6\n|teamsize|p2|6\n|start\n|switch|p1a: Blastoise|Blastoise, L80, F|258/258\n|switch|p2a: Shiftry|Shiftry, L89, F|305/305\n|turn|1\n|\n|t:|1782873305\n|switch|p1a: Crabominable|Crabominable, L90, F|321/321\n|move|p2a: Shiftry|Leaf Storm|p1a: Crabominable\n|-damage|p1a: Crabominable|216/321\n|-unboost|p2a: Shiftry|spa|2\n|\n|upkeep\n|turn|2\n|\n|t:|1782873316\n|switch|p2a: Houndstone|Houndstone, L86, M|264/264\n|move|p1a: Crabominable|Ice Hammer|p2a: Houndstone\n|-crit|p2a: Houndstone\n|-damage|p2a: Houndstone|136/264\n|-unboost|p1a: Crabominable|spe|1\n|\n|-heal|p2a: Houndstone|152/264|[from] item: Leftovers\n|upkeep\n|turn|3\n|\n|t:|1782873326\n|switch|p1a: Delphox|Delphox, L84, M|263/263\n|move|p2a: Houndstone|Body Press|p1a: Delphox\n|-resisted|p1a: Delphox\n|-damage|p1a: Delphox|225/263\n|\n|-heal|p2a: Houndstone|168/264|[from] item: Leftovers\n|upkeep\n|turn|4\n|\n|t:|1782873332\n|move|p1a: Delphox|Fire Blast|p2a: Houndstone|[miss]\n|-miss|p1a: Delphox|p2a: Houndstone\n|move|p2a: Houndstone|Poltergeist|p1a: Delphox\n|-activate|p1a: Delphox|move: Poltergeist|Heavy-Duty Boots\n|-supereffective|p1a: Delphox\n|-damage|p1a: Delphox|0 fnt\n|faint|p1a: Delphox\n|\n|-heal|p2a: Houndstone|184/264|[from] item: Leftovers\n|upkeep\n|c|\u2606NitroFire|That fucking killed goddamnit\n|\n|t:|1782873349\n|switch|p1a: Blastoise|Blastoise, L80, F|258/258\n|turn|5\n|\n|t:|1782873365\n|move|p1a: Blastoise|Shell Smash|p1a: Blastoise\n|-unboost|p1a: Blastoise|def|1\n|-unboost|p1a: Blastoise|spd|1\n|-boost|p1a: Blastoise|atk|2\n|-boost|p1a: Blastoise|spa|2\n|-boost|p1a: Blastoise|spe|2\n|-enditem|p1a: Blastoise|White Herb\n|-clearnegativeboost|p1a: Blastoise|[silent]\n|move|p2a: Houndstone|Roar|p1a: Blastoise\n|drag|p1a: Furret|Furret, L94, F|312/312\n|-item|p2a: Houndstone|Leftovers|[from] ability: Frisk|[of] p1a: Furret\n|\n|-heal|p2a: Houndstone|200/264|[from] item: Leftovers\n|upkeep\n|turn|6\n|\n|t:|1782873369\n|move|p1a: Furret|Knock Off|p2a: Houndstone\n|-supereffective|p2a: Houndstone\n|-damage|p2a: Houndstone|100/264\n|-enditem|p2a: Houndstone|Leftovers|[from] move: Knock Off|[of] p1a: Furret\n|move|p2a: Houndstone|Body Press|p1a: Furret\n|-supereffective|p1a: Furret\n|-damage|p1a: Furret|162/312\n|\n|upkeep\n|turn|7\n|\n|t:|1782873376\n|move|p1a: Furret|Knock Off|p2a: Houndstone\n|-supereffective|p2a: Houndstone\n|-damage|p2a: Houndstone|36/264\n|move|p2a: Houndstone|Body Press|p1a: Furret\n|-supereffective|p1a: Furret\n|-damage|p1a: Furret|30/312\n|\n|upkeep\n|turn|8\n|\n|t:|1782873385\n|move|p1a: Furret|Knock Off|p2a: Houndstone\n|-supereffective|p2a: Houndstone\n|-damage|p2a: Houndstone|0 fnt\n|faint|p2a: Houndstone\n|\n|upkeep\n|\n|t:|1782873400\n|switch|p2a: Talonflame|Talonflame, L83, F|265/265\n|turn|9\n|\n|t:|1782873409\n|switch|p1a: Archaludon|Archaludon, L78, M|268/268\n|move|p2a: Talonflame|Swords Dance|p2a: Talonflame\n|-boost|p2a: Talonflame|atk|2\n|\n|upkeep\n|turn|10\n|\n|t:|1782873416\n|move|p2a: Talonflame|Swords Dance|p2a: Talonflame\n|-boost|p2a: Talonflame|atk|2\n|move|p1a: Archaludon|Outrage|p2a: Talonflame\n|-damage|p2a: Talonflame|132/265\n|\n|upkeep\n|turn|11\n|\n|t:|1782873420\n|-terastallize|p2a: Talonflame|Ground\n|move|p2a: Talonflame|Tera Blast|p1a: Archaludon|[anim] Tera Blast Ground\n|-supereffective|p1a: Archaludon\n|-damage|p1a: Archaludon|0 fnt\n|faint|p1a: Archaludon\n|\n|upkeep\n|\n|t:|1782873450\n|switch|p1a: Mew|Mew, L82|298/298\n|turn|12\n|\n|t:|1782873454\n|move|p2a: Talonflame|Flare Blitz|p1a: Mew\n|-damage|p1a: Mew|0 fnt\n|faint|p1a: Mew\n|-damage|p2a: Talonflame|34/265|[from] Recoil\n|\n|upkeep\n|\n|t:|1782873466\n|switch|p1a: Crabominable|Crabominable, L90, F|216/321\n|turn|13\n|\n|t:|1782873469\n|move|p2a: Talonflame|Tera Blast|p1a: Crabominable|[anim] Tera Blast Ground\n|-damage|p1a: Crabominable|0 fnt\n|faint|p1a: Crabominable\n|\n|upkeep\n|\n|t:|1782873473\n|switch|p1a: Blastoise|Blastoise, L80, F|258/258\n|turn|14\n|\n|t:|1782873477\n|-terastallize|p1a: Blastoise|Steel\n|move|p2a: Talonflame|Brave Bird|p1a: Blastoise\n|-resisted|p1a: Blastoise\n|-damage|p1a: Blastoise|109/258\n|-damage|p2a: Talonflame|0 fnt|[from] Recoil\n|faint|p2a: Talonflame\n|move|p1a: Blastoise|Shell Smash|p1a: Blastoise\n|-unboost|p1a: Blastoise|def|1\n|-unboost|p1a: Blastoise|spd|1\n|-boost|p1a: Blastoise|atk|2\n|-boost|p1a: Blastoise|spa|2\n|-boost|p1a: Blastoise|spe|2\n|\n|upkeep\n|\n|t:|1782873483\n|switch|p2a: Lugia|Lugia, L73|275/275\n|turn|15\n|\n|t:|1782873491\n|move|p1a: Blastoise|Ice Beam|p2a: Lugia\n|-supereffective|p2a: Lugia\n|-damage|p2a: Lugia|203/275\n|-status|p2a: Lugia|frz\n|cant|p2a: Lugia|frz\n|\n|upkeep\n|turn|16\n|\n|t:|1782873502\n|switch|p2a: Shiftry|Shiftry, L89, F|305/305\n|move|p1a: Blastoise|Ice Beam|p2a: Shiftry\n|-supereffective|p2a: Shiftry\n|-damage|p2a: Shiftry|61/305\n|\n|upkeep\n|turn|17\n|\n|t:|1782873519\n|move|p1a: Blastoise|Ice Beam|p2a: Shiftry\n|-supereffective|p2a: Shiftry\n|-damage|p2a: Shiftry|0 fnt\n|faint|p2a: Shiftry\n|\n|upkeep\n|\n|t:|1782873522\n|switch|p2a: Gardevoir|Gardevoir, L83, M|249/249\n|-ability|p2a: Gardevoir|Torrent|Trace|[from] ability: Trace|[of] p1a: Blastoise\n|turn|18\n|\n|t:|1782873541\n|move|p1a: Blastoise|Hydro Pump|p2a: Gardevoir\n|-damage|p2a: Gardevoir|84/249\n|move|p2a: Gardevoir|Focus Blast|p1a: Blastoise\n|-supereffective|p1a: Blastoise\n|-damage|p1a: Blastoise|0 fnt\n|faint|p1a: Blastoise\n|\n|upkeep\n|\n|t:|1782873547\n|switch|p1a: Furret|Furret, L94, F|30/312\n|-item|p2a: Gardevoir|Choice Scarf|[from] ability: Frisk|[of] p1a: Furret\n|turn|19\n|\n|t:|1782873554\n|move|p2a: Gardevoir|Focus Blast|p1a: Furret\n|-supereffective|p1a: Furret\n|-damage|p1a: Furret|0 fnt\n|faint|p1a: Furret\n|\n|win|Yog Rahang...\n", "inputlog": ">version f8ac14003a5f27e1bdc8d8c59608a773c1cb96e5\n>start {\"formatid\":\"gen9randombattle\",\"seed\":\"sodium,eb86d86c48f89453ba7011c47b0ad025\",\"rated\":\"Rated battle\"}\n>player p1 {\"name\":\"NitroFire\",\"avatar\":\"2\",\"rating\":2085,\"seed\":\"sodium,72d9fb69fcc7ddee6b423f750649f64b\"}\n>player p2 {\"name\":\"Yog Rahang...\",\"avatar\":\"brawly\",\"rating\":2061,\"seed\":\"sodium,ccf26c1fcfb13fc088235cb80e8a8984\"}\n>p1 switch 5\n>p2 move leafstorm\n>p1 move icehammer\n>p2 switch 3\n>p1 switch 6\n>p2 move bodypress\n>p1 move fireblast\n>p2 move poltergeist\n>chat \u2606NitroFire|That fucking killed goddamnit\n>p1 switch 5\n>p1 move shellsmash\n>p2 move roar\n>p1 move knockoff\n>p2 move bodypress\n>p1 move knockoff\n>p2 move bodypress\n>p1 move knockoff\n>p2 move bodypress\n>p2 switch 2\n>p1 switch 3\n>p2 move swordsdance\n>p1 move outrage\n>p2 move swordsdance\n>p1 move outrage\n>p2 move terablast terastallize\n>p1 switch 4\n>p1 move psychic\n>p2 move flareblitz\n>p1 switch 6\n>p1 move drainpunch\n>p2 move terablast\n>p1 switch 2\n>p1 move shellsmash terastallize\n>p2 move bravebird\n>p2 switch 4\n>p1 move icebeam\n>p2 move aeroblast\n>p1 move icebeam\n>p2 switch 3\n>p1 move icebeam\n>p2 move knockoff\n>p2 switch 6\n>p1 move hydropump\n>p2 move focusblast\n>p1 switch 3\n>p1 move knockoff\n>p2 move focusblast", "uploadtime": 1782873339, "views": 4, "formatid": "gen9randombattle", "rating": null, "private": 0, "password": null, "player_dets": [{"name": "NitroFire", "avatar": "2", "rating": 2085, "seed": "sodium,72d9fb69fcc7ddee6b423f750649f64b"}, {"name": "Yog Rahang...", "avatar": "brawly", "rating": 2061, "seed": "sodium,ccf26c1fcfb13fc088235cb80e8a8984"}], "teams_full": [{"Blastoise": {"name": "Blastoise", "species": "Blastoise", "speciesId": "blastoise", "gender": "F", "shiny": false, "level": 80, "moves": ["icebeam", "earthquake", "hydropump", "shellsmash"], "ability": "Torrent", "evs": {"hp": 85, "atk": 85, "def": 85, "spa": 85, "spd": 85, "spe": 85}, "ivs": {"hp": 31, "atk": 31, "def": 31, "spa": 31, "spd": 31, "spe": 31}, "item": "White Herb", "teraType": "Steel", "role": "Setup Sweeper", "bvs": {"hp": 79, "atk": 83, "def": 100, "spa": 85, "spd": 105, "spe": 78}, "stats": {"hp": 258, "atk": 179, "def": 206, "spa": 182, "spd": 214, "spe": 171}, "types": ["Water"]}, "Furret": {"name": "Furret", "species": "Furret", "speciesId": "furret", "gender": "F", "shiny": false, "level": 94, "moves": ["knockoff", "trick", "uturn", "doubleedge"], "ability": "Frisk", "evs": {"hp": 85, "atk": 85, "def": 85, "spa": 85, "spd": 85, "spe": 85}, "ivs": {"hp": 31, "atk": 31, "def": 31, "spa": 31, "spd": 31, "spe": 31}, "item": "Choice Band", "teraType": "Ghost", "role": "Wallbreaker", "bvs": {"hp": 85, "atk": 76, "def": 64, "spa": 45, "spd": 55, "spe": 90}, "stats": {"hp": 312, "atk": 196, "def": 174, "spa": 138, "spd": 157, "spe": 223}, "types": ["Normal"]}, "Archaludon": {"name": "Archaludon", "species": "Archaludon", "speciesId": "archaludon", "gender": "M", "shiny": false, "level": 78, "moves": ["outrage", "ironhead", "swordsdance", "earthquake"], "ability": "Stamina", "evs": {"hp": 85, "atk": 85, "def": 85, "spa": 85, "spd": 85, "spe": 85}, "ivs": {"hp": 31, "atk": 31, "def": 31, "spa": 31, "spd": 31, "spe": 31}, "item": "Lum Berry", "teraType": "Ground", "role": "Bulky Setup", "bvs": {"hp": 90, "atk": 105, "def": 130, "spa": 125, "spd": 65, "spe": 85}, "stats": {"hp": 268, "atk": 209, "def": 248, "spa": 240, "spd": 146, "spe": 178}, "types": ["Steel", "Dragon"]}, "Mew": {"name": "Mew", "species": "Mew", "speciesId": "mew", "gender": "N", "shiny": false, "level": 82, "moves": ["earthpower", "aurasphere", "nastyplot", "psychic"], "ability": "Synchronize", "evs": {"hp": 85, "atk": 0, "def": 85, "spa": 85, "spd": 85, "spe": 85}, "ivs": {"hp": 31, "atk": 0, "def": 31, "spa": 31, "spd": 31, "spe": 31}, "item": "Life Orb", "teraType": "Psychic", "role": "Fast Bulky Setup", "bvs": {"hp": 100, "atk": 100, "def": 100, "spa": 100, "spd": 100, "spe": 100}, "stats": {"hp": 298, "atk": 169, "def": 211, "spa": 211, "spd": 211, "spe": 211}, "types": ["Psychic"]}, "Crabominable": {"name": "Crabominable", "species": "Crabominable", "speciesId": "crabominable", "gender": "F", "shiny": false, "level": 90, "moves": ["knockoff", "earthquake", "drainpunch", "icehammer"], "ability": "Iron Fist", "evs": {"hp": 85, "atk": 85, "def": 85, "spa": 85, "spd": 85, "spe": 85}, "ivs": {"hp": 31, "atk": 31, "def": 31, "spa": 31, "spd": 31, "spe": 31}, "item": "Assault Vest", "teraType": "Water", "role": "AV Pivot", "bvs": {"hp": 97, "atk": 132, "def": 77, "spa": 62, "spd": 67, "spe": 43}, "stats": {"hp": 321, "atk": 289, "def": 190, "spa": 163, "spd": 172, "spe": 129}, "types": ["Fighting", "Ice"]}, "Delphox": {"name": "Delphox", "species": "Delphox", "speciesId": "delphox", "gender": "M", "shiny": false, "level": 84, "moves": ["psyshock", "nastyplot", "grassknot", "fireblast"], "ability": "Blaze", "evs": {"hp": 85, "atk": 0, "def": 85, "spa": 85, "spd": 85, "spe": 85}, "ivs": {"hp": 31, "atk": 0, "def": 31, "spa": 31, "spd": 31, "spe": 31}, "item": "Heavy-Duty Boots", "teraType": "Fire", "role": "Fast Attacker", "bvs": {"hp": 75, "atk": 69, "def": 72, "spa": 114, "spd": 100, "spe": 104}, "stats": {"hp": 263, "atk": 120, "def": 169, "spa": 240, "spd": 216, "spe": 223}, "types": ["Fire", "Psychic"]}}, {"Shiftry": {"name": "Shiftry", "species": "Shiftry", "speciesId": "shiftry", "gender": "F", "shiny": false, "level": 89, "moves": ["willowisp", "knockoff", "defog", "leafstorm"], "ability": "Wind Rider", "evs": {"hp": 85, "atk": 85, "def": 85, "spa": 85, "spd": 85, "spe": 85}, "ivs": {"hp": 31, "atk": 31, "def": 31, "spa": 31, "spd": 31, "spe": 31}, "item": "Heavy-Duty Boots", "teraType": "Poison", "role": "Fast Support", "bvs": {"hp": 90, "atk": 100, "def": 60, "spa": 90, "spd": 60, "spe": 80}, "stats": {"hp": 305, "atk": 229, "def": 158, "spa": 211, "spd": 158, "spe": 193}, "types": ["Grass", "Dark"]}, "Talonflame": {"name": "Talonflame", "species": "Talonflame", "speciesId": "talonflame", "gender": "F", "shiny": false, "level": 83, "moves": ["flareblitz", "terablast", "swordsdance", "bravebird"], "ability": "Gale Wings", "evs": {"hp": 85, "atk": 85, "def": 85, "spa": 85, "spd": 85, "spe": 85}, "ivs": {"hp": 31, "atk": 31, "def": 31, "spa": 31, "spd": 31, "spe": 31}, "item": "Heavy-Duty Boots", "teraType": "Ground", "role": "Tera Blast user", "bvs": {"hp": 78, "atk": 81, "def": 71, "spa": 74, "spd": 69, "spe": 126}, "stats": {"hp": 265, "atk": 182, "def": 166, "spa": 171, "spd": 162, "spe": 257}, "types": ["Fire", "Flying"]}, "Houndstone": {"name": "Houndstone", "species": "Houndstone", "speciesId": "houndstone", "gender": "M", "shiny": false, "level": 86, "moves": ["roar", "shadowsneak", "poltergeist", "bodypress"], "ability": "Fluffy", "evs": {"hp": 85, "atk": 85, "def": 85, "spa": 85, "spd": 85, "spe": 85}, "ivs": {"hp": 31, "atk": 31, "def": 31, "spa": 31, "spd": 31, "spe": 31}, "item": "Leftovers", "teraType": "Fighting", "role": "Bulky Attacker", "bvs": {"hp": 72, "atk": 101, "def": 100, "spa": 50, "spd": 97, "spe": 68}, "stats": {"hp": 264, "atk": 223, "def": 221, "spa": 135, "spd": 216, "spe": 166}, "types": ["Ghost"]}, "Lugia": {"name": "Lugia", "species": "Lugia", "speciesId": "lugia", "gender": "N", "shiny": false, "level": 73, "moves": ["aeroblast", "recover", "psychicnoise", "calmmind"], "ability": "Multiscale", "evs": {"hp": 85, "atk": 0, "def": 85, "spa": 85, "spd": 85, "spe": 85}, "ivs": {"hp": 31, "atk": 0, "def": 31, "spa": 31, "spd": 31, "spe": 31}, "item": "Heavy-Duty Boots", "teraType": "Steel", "role": "Setup Sweeper", "bvs": {"hp": 106, "atk": 90, "def": 130, "spa": 90, "spd": 154, "spe": 110}, "stats": {"hp": 275, "atk": 136, "def": 232, "spa": 174, "spd": 267, "spe": 203}, "types": ["Psychic", "Flying"]}, "Kommo-o": {"name": "Kommo-o", "species": "Kommo-o", "speciesId": "kommoo", "gender": "M", "shiny": false, "level": 78, "moves": ["clangingscales", "drainpunch", "ironhead", "clangoroussoul"], "ability": "Soundproof", "evs": {"hp": 85, "atk": 85, "def": 85, "spa": 85, "spd": 85, "spe": 85}, "ivs": {"hp": 31, "atk": 31, "def": 31, "spa": 31, "spd": 31, "spe": 31}, "item": "Throat Spray", "teraType": "Steel", "role": "Fast Bulky Setup", "bvs": {"hp": 75, "atk": 110, "def": 125, "spa": 100, "spd": 105, "spe": 85}, "stats": {"hp": 245, "atk": 217, "def": 240, "spa": 201, "spd": 209, "spe": 178}, "types": ["Dragon", "Fighting"]}, "Gardevoir": {"name": "Gardevoir", "species": "Gardevoir", "speciesId": "gardevoir", "gender": "M", "shiny": false, "level": 83, "moves": ["focusblast", "healingwish", "moonblast", "psyshock"], "ability": "Trace", "evs": {"hp": 85, "atk": 0, "def": 85, "spa": 85, "spd": 85, "spe": 85}, "ivs": {"hp": 31, "atk": 0, "def": 31, "spa": 31, "spd": 31, "spe": 31}, "item": "Choice Scarf", "teraType": "Fighting", "role": "Fast Attacker", "bvs": {"hp": 68, "atk": 65, "def": 65, "spa": 125, "spd": 115, "spe": 80}, "stats": {"hp": 249, "atk": 112, "def": 156, "spa": 255, "spd": 239, "spe": 180}, "types": ["Psychic", "Fairy"]}}]}