{"id": "gen9randombattle-2642076958", "format": "[Gen 9] Random Battle", "players": ["shaguni", "dacrispydolphin"], "log": "|j|\u2606shaguni\n|j|\u2606dacrispydolphin\n|t:|1782884855\n|gametype|singles\n|player|p1|shaguni|ghetsis|1850\n|player|p2|dacrispydolphin|2|1907\n|gen|9\n|tier|[Gen 9] Random Battle\n|rated|\n|rule|Species Clause: Limit one of each Pok\u00e9mon\n|rule|HP Percentage Mod: HP is shown in percentages\n|rule|Sleep Clause Mod: Limit one foe put to sleep\n|rule|Illusion Level Mod: Illusion disguises the Pok\u00e9mon's true level\n|\n|t:|1782884855\n|teamsize|p1|6\n|teamsize|p2|6\n|start\n|switch|p1a: Volcarona|Volcarona, L77, M|257/257\n|switch|p2a: Regieleki|Regieleki, L79|256/256\n|turn|1\n|inactive|Battle timer is ON: inactive players will automatically lose when time's up. (requested by shaguni)\n|\n|t:|1782884872\n|move|p2a: Regieleki|Volt Switch|p1a: Volcarona\n|-damage|p1a: Volcarona|149/257\n|\n|t:|1782884875\n|switch|p2a: Gyarados|Gyarados, L79, F|280/280|[from] Volt Switch\n|move|p1a: Volcarona|Quiver Dance|p1a: Volcarona\n|-boost|p1a: Volcarona|spa|1\n|-boost|p1a: Volcarona|spd|1\n|-boost|p1a: Volcarona|spe|1\n|\n|upkeep\n|turn|2\n|\n|t:|1782884883\n|move|p1a: Volcarona|Quiver Dance|p1a: Volcarona\n|-boost|p1a: Volcarona|spa|1\n|-boost|p1a: Volcarona|spd|1\n|-boost|p1a: Volcarona|spe|1\n|move|p2a: Gyarados|Dragon Dance|p2a: Gyarados\n|-boost|p2a: Gyarados|atk|1\n|-boost|p2a: Gyarados|spe|1\n|\n|upkeep\n|turn|3\n|\n|t:|1782884888\n|-terastallize|p1a: Volcarona|Water\n|move|p1a: Volcarona|Giga Drain|p2a: Gyarados\n|-damage|p2a: Gyarados|164/280\n|-heal|p1a: Volcarona|207/257|[from] drain|[of] p2a: Gyarados\n|move|p2a: Gyarados|Stone Edge|p1a: Volcarona\n|-damage|p1a: Volcarona|46/257\n|\n|upkeep\n|turn|4\n|\n|t:|1782884896\n|move|p1a: Volcarona|Giga Drain|p2a: Gyarados\n|-damage|p2a: Gyarados|55/280\n|-heal|p1a: Volcarona|101/257|[from] drain|[of] p2a: Gyarados\n|move|p2a: Gyarados|Earthquake|p1a: Volcarona\n|-damage|p1a: Volcarona|0 fnt\n|faint|p1a: Volcarona\n|-ability|p2a: Gyarados|Moxie|boost\n|-boost|p2a: Gyarados|atk|1\n|\n|upkeep\n|\n|t:|1782884901\n|switch|p1a: Wigglytuff|Wigglytuff, L96, M|424/424\n|turn|5\n|\n|t:|1782884906\n|move|p2a: Gyarados|Waterfall|p1a: Wigglytuff\n|-damage|p1a: Wigglytuff|183/424\n|move|p1a: Wigglytuff|Dazzling Gleam|p2a: Gyarados\n|-damage|p2a: Gyarados|0 fnt\n|faint|p2a: Gyarados\n|\n|-heal|p1a: Wigglytuff|209/424|[from] item: Leftovers\n|upkeep\n|\n|t:|1782884913\n|switch|p2a: Overqwil|Overqwil, L82, F|274/274\n|-ability|p2a: Overqwil|Intimidate|boost\n|-unboost|p1a: Wigglytuff|atk|1\n|-ability|p1a: Wigglytuff|Competitive|boost\n|-boost|p1a: Wigglytuff|spa|2\n|turn|6\n|\n|t:|1782884920\n|move|p2a: Overqwil|Swords Dance|p2a: Overqwil\n|-boost|p2a: Overqwil|atk|2\n|move|p1a: Wigglytuff|Thunder Wave|p2a: Overqwil|[miss]\n|-miss|p1a: Wigglytuff|p2a: Overqwil\n|\n|-heal|p1a: Wigglytuff|235/424|[from] item: Leftovers\n|upkeep\n|turn|7\n|\n|t:|1782884926\n|move|p2a: Overqwil|Gunk Shot|p1a: Wigglytuff\n|-supereffective|p1a: Wigglytuff\n|-damage|p1a: Wigglytuff|0 fnt\n|faint|p1a: Wigglytuff\n|\n|upkeep\n|c|\u2606shaguni|Oh come on\n|\n|t:|1782884932\n|switch|p1a: Swalot|Swalot, L90, M|326/326\n|turn|8\n|\n|t:|1782884939\n|move|p2a: Overqwil|Crunch|p1a: Swalot\n|-damage|p1a: Swalot|133/326\n|move|p1a: Swalot|Earthquake|p2a: Overqwil\n|-supereffective|p2a: Overqwil\n|-damage|p2a: Overqwil|154/274\n|\n|-heal|p1a: Swalot|153/326|[from] item: Leftovers\n|upkeep\n|turn|9\n|\n|t:|1782884945\n|move|p2a: Overqwil|Scale Shot|p1a: Swalot\n|-damage|p1a: Swalot|117/326\n|-damage|p1a: Swalot|76/326\n|-damage|p1a: Swalot|37/326\n|-crit|p1a: Swalot\n|-damage|p1a: Swalot|0 fnt\n|faint|p1a: Swalot\n|-hitcount|p1: Swalot|4\n|-unboost|p2a: Overqwil|def|1\n|-boost|p2a: Overqwil|spe|1\n|\n|upkeep\n|\n|t:|1782884949\n|switch|p1a: Rayquaza|Rayquaza, L72|270/270\n|-ability|p1a: Rayquaza|Air Lock\n|turn|10\n|-message|shaguni forfeited.\n|\n|win|dacrispydolphin\n|raw|shaguni's rating: 1850 &rarr; <strong>1833</strong><br />(-17 for losing)\n|raw|dacrispydolphin's rating: 1907 &rarr; <strong>1924</strong><br />(+17 for winning)\n", "inputlog": ">version f8ac14003a5f27e1bdc8d8c59608a773c1cb96e5\n>start {\"formatid\":\"gen9randombattle\",\"seed\":\"sodium,f8b831566f8b1506183ad129250554aa\",\"rated\":\"Rated battle\"}\n>player p1 {\"name\":\"shaguni\",\"avatar\":\"ghetsis\",\"rating\":1850,\"seed\":\"sodium,a1495c8f2a777a80228df24913dc0f4e\"}\n>player p2 {\"name\":\"dacrispydolphin\",\"avatar\":\"2\",\"rating\":1907,\"seed\":\"sodium,7b543063505d9e6da33c2126e84e1dd3\"}\n>p1 move quiverdance\n>p2 move voltswitch\n>p2 switch 2\n>p1 move quiverdance\n>p2 move dragondance\n>p1 move gigadrain terastallize\n>p2 move stoneedge\n>p1 move gigadrain\n>p2 move earthquake\n>p1 switch 3\n>p1 move dazzlinggleam\n>p2 move waterfall\n>p2 switch 4\n>p1 move thunderwave\n>p2 move swordsdance\n>p1 move thunderwave\n>p2 move gunkshot\n>chat \u2606shaguni|Oh come on\n>p1 switch 2\n>p1 move earthquake\n>p2 move crunch\n>p1 move earthquake\n>p2 move scaleshot\n>p1 switch 4\n>forcelose p1", "uploadtime": 1782884955, "views": 5, "formatid": "gen9randombattle", "rating": 1833, "private": 0, "password": null, "player_dets": [{"name": "shaguni", "avatar": "ghetsis", "rating": 1850, "seed": "sodium,a1495c8f2a777a80228df24913dc0f4e"}, {"name": "dacrispydolphin", "avatar": "2", "rating": 1907, "seed": "sodium,7b543063505d9e6da33c2126e84e1dd3"}], "teams_full": [{"Volcarona": {"name": "Volcarona", "species": "Volcarona", "speciesId": "volcarona", "gender": "M", "shiny": false, "level": 77, "moves": ["gigadrain", "terablast", "quiverdance", "fireblast"], "ability": "Flame Body", "evs": {"hp": 85, "atk": 0, "def": 85, "spa": 85, "spd": 85, "spe": 85}, "ivs": {"hp": 31, "atk": 0, "def": 31, "spa": 31, "spd": 31, "spe": 31}, "item": "Heavy-Duty Boots", "teraType": "Water", "role": "Tera Blast user", "bvs": {"hp": 85, "atk": 60, "def": 65, "spa": 135, "spd": 105, "spe": 100}, "stats": {"hp": 257, "atk": 97, "def": 145, "spa": 252, "spd": 206, "spe": 199}, "types": ["Bug", "Fire"]}, "Swalot": {"name": "Swalot", "species": "Swalot", "speciesId": "swalot", "gender": "M", "shiny": false, "level": 90, "moves": ["swordsdance", "knockoff", "gunkshot", "earthquake"], "ability": "Liquid Ooze", "evs": {"hp": 85, "atk": 85, "def": 85, "spa": 85, "spd": 85, "spe": 85}, "ivs": {"hp": 31, "atk": 31, "def": 31, "spa": 31, "spd": 31, "spe": 31}, "item": "Leftovers", "teraType": "Ground", "role": "Bulky Setup", "bvs": {"hp": 100, "atk": 73, "def": 83, "spa": 73, "spd": 83, "spe": 55}, "stats": {"hp": 326, "atk": 183, "def": 201, "spa": 183, "spd": 201, "spe": 150}, "types": ["Poison"]}, "Wigglytuff": {"name": "Wigglytuff", "species": "Wigglytuff", "speciesId": "wigglytuff", "gender": "M", "shiny": false, "level": 96, "moves": ["knockoff", "fireblast", "thunderwave", "dazzlinggleam"], "ability": "Competitive", "evs": {"hp": 85, "atk": 85, "def": 85, "spa": 85, "spd": 85, "spe": 85}, "ivs": {"hp": 31, "atk": 31, "def": 31, "spa": 31, "spd": 31, "spe": 31}, "item": "Leftovers", "teraType": "Steel", "role": "Bulky Support", "bvs": {"hp": 140, "atk": 70, "def": 45, "spa": 85, "spd": 50, "spe": 45}, "stats": {"hp": 424, "atk": 189, "def": 141, "spa": 218, "spd": 150, "spe": 141}, "types": ["Normal", "Fairy"]}, "Rayquaza": {"name": "Rayquaza", "species": "Rayquaza", "speciesId": "rayquaza", "gender": "N", "shiny": false, "level": 72, "moves": ["extremespeed", "swordsdance", "earthquake", "dragonascent"], "ability": "Air Lock", "evs": {"hp": 85, "atk": 85, "def": 85, "spa": 85, "spd": 85, "spe": 85}, "ivs": {"hp": 31, "atk": 31, "def": 31, "spa": 31, "spd": 31, "spe": 31}, "item": "Heavy-Duty Boots", "teraType": "Normal", "role": "Fast Attacker", "bvs": {"hp": 105, "atk": 150, "def": 90, "spa": 150, "spd": 90, "spe": 95}, "stats": {"hp": 270, "atk": 258, "def": 172, "spa": 258, "spd": 172, "spe": 179}, "types": ["Dragon", "Flying"]}, "Cyclizar": {"name": "Cyclizar", "species": "Cyclizar", "speciesId": "cyclizar", "gender": "F", "shiny": false, "level": 83, "moves": ["shedtail", "rapidspin", "dracometeor", "knockoff"], "ability": "Regenerator", "evs": {"hp": 85, "atk": 85, "def": 85, "spa": 85, "spd": 85, "spe": 85}, "ivs": {"hp": 31, "atk": 31, "def": 31, "spa": 31, "spd": 31, "spe": 31}, "item": "Heavy-Duty Boots", "teraType": "Ghost", "role": "Fast Support", "bvs": {"hp": 70, "atk": 95, "def": 65, "spa": 85, "spd": 65, "spe": 121}, "stats": {"hp": 252, "atk": 205, "def": 156, "spa": 189, "spd": 156, "spe": 249}, "types": ["Dragon", "Normal"]}, "Bruxish": {"name": "Bruxish", "species": "Bruxish", "speciesId": "bruxish", "gender": "F", "shiny": false, "level": 85, "moves": ["wavecrash", "crunch", "psychicfangs", "flipturn"], "ability": "Strong Jaw", "evs": {"hp": 85, "atk": 85, "def": 85, "spa": 85, "spd": 85, "spe": 85}, "ivs": {"hp": 31, "atk": 31, "def": 31, "spa": 31, "spd": 31, "spe": 31}, "item": "Choice Band", "teraType": "Dark", "role": "Fast Attacker", "bvs": {"hp": 68, "atk": 105, "def": 70, "spa": 70, "spd": 70, "spe": 92}, "stats": {"hp": 254, "atk": 227, "def": 168, "spa": 168, "spd": 168, "spe": 205}, "types": ["Water", "Psychic"]}}, {"Regieleki": {"name": "Regieleki", "species": "Regieleki", "speciesId": "regieleki", "gender": "N", "shiny": false, "level": 79, "moves": ["thunderbolt", "terablast", "rapidspin", "voltswitch"], "ability": "Transistor", "evs": {"hp": 85, "atk": 85, "def": 85, "spa": 85, "spd": 85, "spe": 85}, "ivs": {"hp": 31, "atk": 31, "def": 31, "spa": 31, "spd": 31, "spe": 31}, "item": "Magnet", "teraType": "Ice", "role": "Tera Blast user", "bvs": {"hp": 80, "atk": 100, "def": 50, "spa": 100, "spd": 50, "spe": 200}, "stats": {"hp": 256, "atk": 204, "def": 125, "spa": 204, "spd": 125, "spe": 362}, "types": ["Electric"]}, "Gyarados": {"name": "Gyarados", "species": "Gyarados", "speciesId": "gyarados", "gender": "F", "shiny": false, "level": 79, "moves": ["stoneedge", "waterfall", "earthquake", "dragondance"], "ability": "Moxie", "evs": {"hp": 85, "atk": 85, "def": 85, "spa": 85, "spd": 85, "spe": 85}, "ivs": {"hp": 31, "atk": 31, "def": 31, "spa": 31, "spd": 31, "spe": 31}, "item": "Heavy-Duty Boots", "teraType": "Ground", "role": "Setup Sweeper", "bvs": {"hp": 95, "atk": 125, "def": 79, "spa": 60, "spd": 100, "spe": 81}, "stats": {"hp": 280, "atk": 243, "def": 170, "spa": 140, "spd": 204, "spe": 174}, "types": ["Water", "Flying"]}, "Walking Wake": {"name": "Walking Wake", "species": "Walking Wake", "speciesId": "walkingwake", "gender": "N", "shiny": false, "level": 79, "moves": ["dracometeor", "flamethrower", "flipturn", "hydropump"], "ability": "Protosynthesis", "evs": {"hp": 85, "atk": 85, "def": 85, "spa": 85, "spd": 85, "spe": 85}, "ivs": {"hp": 31, "atk": 31, "def": 31, "spa": 31, "spd": 31, "spe": 31}, "item": "Choice Specs", "teraType": "Water", "role": "Wallbreaker", "bvs": {"hp": 99, "atk": 83, "def": 91, "spa": 125, "spd": 83, "spe": 109}, "stats": {"hp": 286, "atk": 177, "def": 189, "spa": 243, "spd": 177, "spe": 218}, "types": ["Water", "Dragon"]}, "Overqwil": {"name": "Overqwil", "species": "Overqwil", "speciesId": "overqwil", "gender": "F", "shiny": false, "level": 82, "moves": ["scaleshot", "swordsdance", "gunkshot", "crunch"], "ability": "Intimidate", "evs": {"hp": 85, "atk": 85, "def": 85, "spa": 85, "spd": 85, "spe": 85}, "ivs": {"hp": 31, "atk": 31, "def": 31, "spa": 31, "spd": 31, "spe": 31}, "item": "Loaded Dice", "teraType": "Dragon", "role": "Setup Sweeper", "bvs": {"hp": 85, "atk": 115, "def": 95, "spa": 65, "spd": 65, "spe": 85}, "stats": {"hp": 274, "atk": 236, "def": 203, "spa": 154, "spd": 154, "spe": 187}, "types": ["Dark", "Poison"]}, "Pawmot": {"name": "Pawmot", "species": "Pawmot", "speciesId": "pawmot", "gender": "M", "shiny": false, "level": 80, "moves": ["nuzzle", "revivalblessing", "closecombat", "doubleshock"], "ability": "Volt Absorb", "evs": {"hp": 85, "atk": 85, "def": 85, "spa": 85, "spd": 85, "spe": 85}, "ivs": {"hp": 31, "atk": 31, "def": 31, "spa": 31, "spd": 31, "spe": 31}, "item": "Leppa Berry", "teraType": "Electric", "role": "Fast Attacker", "bvs": {"hp": 70, "atk": 115, "def": 70, "spa": 70, "spd": 60, "spe": 105}, "stats": {"hp": 243, "atk": 230, "def": 158, "spa": 158, "spd": 142, "spe": 214}, "types": ["Electric", "Fighting"]}, "Hatterene": {"name": "Hatterene", "species": "Hatterene", "speciesId": "hatterene", "gender": "F", "shiny": false, "level": 85, "moves": ["psychic", "drainingkiss", "mysticalfire", "calmmind"], "ability": "Magic Bounce", "evs": {"hp": 85, "atk": 0, "def": 85, "spa": 85, "spd": 85, "spe": 85}, "ivs": {"hp": 31, "atk": 0, "def": 31, "spa": 31, "spd": 31, "spe": 31}, "item": "Leftovers", "teraType": "Fairy", "role": "Bulky Setup", "bvs": {"hp": 57, "atk": 90, "def": 95, "spa": 136, "spd": 103, "spe": 29}, "stats": {"hp": 236, "atk": 158, "def": 210, "spa": 280, "spd": 224, "spe": 98}, "types": ["Psychic", "Fairy"]}}]}