{"id": "gen9randombattle-2642126521", "format": "[Gen 9] Random Battle", "players": ["forcemajor14", "sonnyjimvb2"], "log": "|j|\u2606forcemajor14\n|j|\u2606sonnyjimvb2\n|t:|1782895652\n|gametype|singles\n|player|p1|forcemajor14|266|2042\n|player|p2|sonnyjimvb2|102|2086\n|gen|9\n|tier|[Gen 9] Random Battle\n|rated|\n|rule|Species Clause: Limit one of each Pok\u00e9mon\n|rule|HP Percentage Mod: HP is shown in percentages\n|rule|Sleep Clause Mod: Limit one foe put to sleep\n|rule|Illusion Level Mod: Illusion disguises the Pok\u00e9mon's true level\n|\n|t:|1782895652\n|teamsize|p1|6\n|teamsize|p2|6\n|start\n|switch|p1a: Misdreavus|Misdreavus, L90, F|254/254\n|switch|p2a: Miraidon|Miraidon, L65|238/238\n|-fieldstart|move: Electric Terrain|[from] ability: Hadron Engine|[of] p2a: Miraidon\n|turn|1\n|\n|t:|1782895657\n|switch|p1a: Pikachu|Pikachu-Hoenn, L93, M|216/216\n|move|p2a: Miraidon|Electro Drift|p1a: Pikachu\n|-ability|p1a: Pikachu|Lightning Rod|boost\n|-boost|p1a: Pikachu|spa|1\n|\n|upkeep\n|turn|2\n|inactive|Battle timer is ON: inactive players will automatically lose when time's up. (requested by forcemajor14)\n|\n|t:|1782895662\n|switch|p2a: Eternatus|Eternatus, L69|308/308\n|-ability|p2a: Eternatus|Pressure\n|move|p1a: Pikachu|Knock Off|p2a: Eternatus\n|-damage|p2a: Eternatus|175/308\n|-enditem|p2a: Eternatus|Power Herb|[from] move: Knock Off|[of] p1a: Pikachu\n|\n|upkeep\n|turn|3\n|\n|t:|1782895667\n|move|p1a: Pikachu|Volt Switch|p2a: Eternatus\n|-resisted|p2a: Eternatus\n|-damage|p2a: Eternatus|46/308\n|\n|t:|1782895668\n|switch|p1a: Amoonguss|Amoonguss, L82, F|321/321|[from] Volt Switch\n|move|p2a: Eternatus|Sludge Bomb|p1a: Amoonguss\n|-damage|p1a: Amoonguss|230/321\n|\n|upkeep\n|turn|4\n|\n|t:|1782895671\n|switch|p1a: Ninetales|Ninetales-Alola, L78, M|242/242\n|-weather|Snowscape|[from] ability: Snow Warning|[of] p1a: Ninetales\n|move|p2a: Eternatus|Fire Blast|p1a: Ninetales\n|-supereffective|p1a: Ninetales\n|-damage|p1a: Ninetales|94/242\n|\n|-weather|Snowscape|[upkeep]\n|upkeep\n|turn|5\n|\n|t:|1782895679\n|move|p2a: Eternatus|Sludge Bomb|p1a: Ninetales\n|-supereffective|p1a: Ninetales\n|-damage|p1a: Ninetales|0 fnt\n|faint|p1a: Ninetales\n|\n|-weather|Snowscape|[upkeep]\n|-fieldend|move: Electric Terrain\n|upkeep\n|\n|t:|1782895681\n|switch|p1a: Pikachu|Pikachu-Hoenn, L93, M|216/216\n|turn|6\n|\n|t:|1782895686\n|move|p2a: Eternatus|Sludge Bomb|p1a: Pikachu\n|-damage|p1a: Pikachu|96/216\n|-status|p1a: Pikachu|psn\n|move|p1a: Pikachu|Volt Switch|p2a: Eternatus\n|-resisted|p2a: Eternatus\n|-damage|p2a: Eternatus|0 fnt\n|faint|p2a: Eternatus\n|\n|t:|1782895690\n|switch|p1a: Amoonguss|Amoonguss, L82, F|321/321|[from] Volt Switch\n|\n|-weather|Snowscape|[upkeep]\n|upkeep\n|\n|t:|1782895716\n|switch|p2a: Miraidon|Miraidon, L65|238/238\n|-fieldstart|move: Electric Terrain|[from] ability: Hadron Engine|[of] p2a: Miraidon\n|turn|7\n|\n|t:|1782895720\n|move|p2a: Miraidon|Volt Switch|p1a: Amoonguss\n|-resisted|p1a: Amoonguss\n|-damage|p1a: Amoonguss|234/321\n|\n|t:|1782895723\n|switch|p2a: Weavile|Weavile, L79, M|240/240|[from] Volt Switch\n|move|p1a: Amoonguss|Toxic|p2a: Weavile\n|-status|p2a: Weavile|tox\n|\n|-weather|Snowscape|[upkeep]\n|-damage|p2a: Weavile|225/240 tox|[from] psn\n|upkeep\n|turn|8\n|\n|t:|1782895725\n|switch|p1a: Politoed|Politoed, L88, M|302/302\n|-weather|RainDance|[from] ability: Drizzle|[of] p1a: Politoed\n|move|p2a: Weavile|Swords Dance|p2a: Weavile\n|-boost|p2a: Weavile|atk|2\n|\n|-weather|RainDance|[upkeep]\n|-damage|p2a: Weavile|195/240 tox|[from] psn\n|upkeep\n|turn|9\n|\n|t:|1782895728\n|move|p2a: Weavile|Knock Off|p1a: Politoed\n|-damage|p1a: Politoed|70/302\n|-enditem|p1a: Politoed|Chesto Berry|[from] move: Knock Off|[of] p2a: Weavile\n|move|p1a: Politoed|Surf|p2a: Weavile\n|-damage|p2a: Weavile|21/240 tox\n|\n|-weather|RainDance|[upkeep]\n|-damage|p2a: Weavile|0 fnt|[from] psn\n|faint|p2a: Weavile\n|upkeep\n|\n|t:|1782895741\n|switch|p2a: Miraidon|Miraidon, L65|238/238\n|-activate|p2a: Miraidon|ability: Hadron Engine\n|turn|10\n|\n|t:|1782895743\n|move|p2a: Miraidon|Draco Meteor|p1a: Politoed\n|-damage|p1a: Politoed|0 fnt\n|-unboost|p2a: Miraidon|spa|2\n|faint|p1a: Politoed\n|\n|-weather|RainDance|[upkeep]\n|upkeep\n|\n|t:|1782895745\n|switch|p1a: Amoonguss|Amoonguss, L82, F|321/321\n|turn|11\n|\n|t:|1782895766\n|switch|p2a: Houndstone|Houndstone, L86, M|264/264\n|move|p1a: Amoonguss|Sludge Bomb|p2a: Houndstone\n|-resisted|p2a: Houndstone\n|-damage|p2a: Houndstone|231/264\n|\n|-weather|RainDance|[upkeep]\n|-heal|p2a: Houndstone|247/264|[from] item: Leftovers\n|-fieldend|move: Electric Terrain\n|upkeep\n|turn|12\n|\n|t:|1782895769\n|move|p2a: Houndstone|Poltergeist|p1a: Amoonguss\n|-activate|p1a: Amoonguss|move: Poltergeist|Rocky Helmet\n|-damage|p1a: Amoonguss|180/321\n|move|p1a: Amoonguss|Spore|p2a: Houndstone\n|-status|p2a: Houndstone|slp|[from] move: Spore\n|\n|-weather|none\n|-heal|p2a: Houndstone|263/264 slp|[from] item: Leftovers\n|upkeep\n|turn|13\n|\n|t:|1782895773\n|switch|p1a: Girafarig|Girafarig, L89, F|269/269\n|cant|p2a: Houndstone|slp\n|move|p2a: Houndstone|Sleep Talk|p2a: Houndstone\n|move|p2a: Houndstone|Poltergeist|p1a: Girafarig|[from] move: Sleep Talk\n|-immune|p1a: Girafarig\n|\n|-heal|p2a: Houndstone|264/264 slp|[from] item: Leftovers\n|upkeep\n|turn|14\n|\n|t:|1782895782\n|switch|p2a: Miraidon|Miraidon, L65|238/238\n|-fieldstart|move: Electric Terrain|[from] ability: Hadron Engine|[of] p2a: Miraidon\n|move|p1a: Girafarig|Nasty Plot|p1a: Girafarig\n|-boost|p1a: Girafarig|spa|2\n|\n|upkeep\n|turn|15\n|\n|t:|1782895785\n|-terastallize|p1a: Girafarig|Electric\n|move|p2a: Miraidon|Electro Drift|p1a: Girafarig\n|-resisted|p1a: Girafarig\n|-damage|p1a: Girafarig|180/269\n|move|p1a: Girafarig|Dazzling Gleam|p2a: Miraidon\n|-supereffective|p2a: Miraidon\n|-damage|p2a: Miraidon|12/238\n|\n|upkeep\n|turn|16\n|\n|t:|1782895789\n|move|p2a: Miraidon|Electro Drift|p1a: Girafarig\n|-resisted|p1a: Girafarig\n|-damage|p1a: Girafarig|88/269\n|move|p1a: Girafarig|Psyshock|p2a: Miraidon\n|-damage|p2a: Miraidon|0 fnt\n|faint|p2a: Miraidon\n|\n|upkeep\n|\n|t:|1782895791\n|switch|p2a: Gogoat|Gogoat, L88, M|360/360\n|turn|17\n|\n|t:|1782895794\n|move|p1a: Girafarig|Thunderbolt|p2a: Gogoat\n|-resisted|p2a: Gogoat\n|-damage|p2a: Gogoat|219/360\n|move|p2a: Gogoat|Earthquake|p1a: Girafarig\n|-supereffective|p1a: Girafarig\n|-damage|p1a: Girafarig|0 fnt\n|faint|p1a: Girafarig\n|\n|-heal|p2a: Gogoat|241/360|[from] item: Leftovers\n|upkeep\n|\n|t:|1782895797\n|switch|p1a: Misdreavus|Misdreavus, L90, F|254/254\n|turn|18\n|\n|t:|1782895825\n|switch|p2a: Houndstone|Houndstone, L86, M|264/264 slp\n|move|p1a: Misdreavus|Calm Mind|p1a: Misdreavus\n|-boost|p1a: Misdreavus|spa|1\n|-boost|p1a: Misdreavus|spd|1\n|\n|-fieldend|move: Electric Terrain\n|upkeep\n|turn|19\n|\n|t:|1782895831\n|move|p1a: Misdreavus|Shadow Ball|p2a: Houndstone\n|-supereffective|p2a: Houndstone\n|-damage|p2a: Houndstone|24/264 slp\n|cant|p2a: Houndstone|slp\n|move|p2a: Houndstone|Sleep Talk|p2a: Houndstone\n|move|p2a: Houndstone|Poltergeist|p1a: Misdreavus|[from] move: Sleep Talk\n|-activate|p1a: Misdreavus|move: Poltergeist|Eviolite\n|-supereffective|p1a: Misdreavus\n|-damage|p1a: Misdreavus|26/254\n|\n|-heal|p2a: Houndstone|40/264 slp|[from] item: Leftovers\n|upkeep\n|turn|20\n|\n|t:|1782895834\n|move|p1a: Misdreavus|Shadow Ball|p2a: Houndstone\n|-supereffective|p2a: Houndstone\n|-damage|p2a: Houndstone|0 fnt\n|faint|p2a: Houndstone\n|\n|upkeep\n|\n|t:|1782895838\n|switch|p2a: Hitmonlee|Hitmonlee, L85, M|223/223\n|turn|21\n|\n|t:|1782895841\n|move|p1a: Misdreavus|Draining Kiss|p2a: Hitmonlee\n|-supereffective|p2a: Hitmonlee\n|-damage|p2a: Hitmonlee|125/223\n|-heal|p1a: Misdreavus|100/254|[from] drain|[of] p2a: Hitmonlee\n|move|p2a: Hitmonlee|Knock Off|p1a: Misdreavus\n|-supereffective|p1a: Misdreavus\n|-damage|p1a: Misdreavus|0 fnt\n|-enditem|p1a: Misdreavus|Eviolite|[from] move: Knock Off|[of] p2a: Hitmonlee\n|faint|p1a: Misdreavus\n|\n|upkeep\n|\n|t:|1782895842\n|switch|p1a: Pikachu|Pikachu-Hoenn, L93, M|96/216 psn\n|turn|22\n|\n|t:|1782895845\n|switch|p2a: Gogoat|Gogoat, L88, M|241/360\n|move|p1a: Pikachu|Volt Switch|p2a: Gogoat\n|-resisted|p2a: Gogoat\n|-damage|p2a: Gogoat|188/360\n|\n|t:|1782895847\n|switch|p1a: Amoonguss|Amoonguss, L82, F|287/321|[from] Volt Switch\n|\n|-heal|p2a: Gogoat|210/360|[from] item: Leftovers\n|upkeep\n|turn|23\n|\n|t:|1782895860\n|move|p2a: Gogoat|Bulk Up|p2a: Gogoat\n|-boost|p2a: Gogoat|atk|1\n|-boost|p2a: Gogoat|def|1\n|move|p1a: Amoonguss|Toxic|p2a: Gogoat\n|-status|p2a: Gogoat|tox\n|\n|-heal|p2a: Gogoat|232/360 tox|[from] item: Leftovers\n|-damage|p2a: Gogoat|210/360 tox|[from] psn\n|upkeep\n|turn|24\n|\n|t:|1782895867\n|move|p2a: Gogoat|Earthquake|p1a: Amoonguss\n|-damage|p1a: Amoonguss|141/321\n|move|p1a: Amoonguss|Sludge Bomb|p2a: Gogoat\n|-supereffective|p2a: Gogoat\n|-damage|p2a: Gogoat|34/360 tox\n|\n|-heal|p2a: Gogoat|56/360 tox|[from] item: Leftovers\n|-damage|p2a: Gogoat|12/360 tox|[from] psn\n|upkeep\n|turn|25\n|\n|t:|1782895884\n|switch|p1a: Pikachu|Pikachu-Hoenn, L93, M|96/216 psn\n|move|p2a: Gogoat|Milk Drink|p2a: Gogoat\n|-heal|p2a: Gogoat|192/360 tox\n|\n|-heal|p2a: Gogoat|214/360 tox|[from] item: Leftovers\n|-damage|p1a: Pikachu|69/216 psn|[from] psn\n|-damage|p2a: Gogoat|148/360 tox|[from] psn\n|upkeep\n|turn|26\n|\n|t:|1782895888\n|move|p1a: Pikachu|Knock Off|p2a: Gogoat\n|-damage|p2a: Gogoat|54/360 tox\n|-enditem|p2a: Gogoat|Leftovers|[from] move: Knock Off|[of] p1a: Pikachu\n|move|p2a: Gogoat|Earthquake|p1a: Pikachu\n|-supereffective|p1a: Pikachu\n|-damage|p1a: Pikachu|0 fnt\n|faint|p1a: Pikachu\n|\n|-damage|p2a: Gogoat|0 fnt|[from] psn\n|faint|p2a: Gogoat\n|upkeep\n|\n|t:|1782895891\n|switch|p1a: Amoonguss|Amoonguss, L82, F|248/321\n|switch|p2a: Hitmonlee|Hitmonlee, L85, M|125/223\n|turn|27\n|\n|t:|1782895898\n|-terastallize|p2a: Hitmonlee|Fighting\n|move|p2a: Hitmonlee|High Jump Kick|p1a: Amoonguss\n|-resisted|p1a: Amoonguss\n|-damage|p1a: Amoonguss|14/321\n|-damage|p2a: Hitmonlee|88/223|[from] item: Rocky Helmet|[of] p1a: Amoonguss\n|move|p1a: Amoonguss|Spore|p2a: Hitmonlee\n|-status|p2a: Hitmonlee|slp|[from] move: Spore\n|\n|upkeep\n|turn|28\n|\n|t:|1782895901\n|cant|p2a: Hitmonlee|slp\n|move|p1a: Amoonguss|Giga Drain|p2a: Hitmonlee\n|-damage|p2a: Hitmonlee|28/223 slp\n|-heal|p1a: Amoonguss|44/321|[from] drain|[of] p2a: Hitmonlee\n|\n|upkeep\n|turn|29\n|\n|t:|1782895905\n|cant|p2a: Hitmonlee|slp\n|move|p1a: Amoonguss|Giga Drain|p2a: Hitmonlee\n|-damage|p2a: Hitmonlee|0 fnt\n|-heal|p1a: Amoonguss|58/321|[from] drain|[of] p2a: Hitmonlee\n|faint|p2a: Hitmonlee\n|\n|win|forcemajor14\n|raw|forcemajor14's rating: 2077 &rarr; <strong>2098</strong><br />(+21 for winning)\n|raw|sonnyjimvb2's rating: 2086 &rarr; <strong>2065</strong><br />(-21 for losing)\n", "inputlog": ">version f8ac14003a5f27e1bdc8d8c59608a773c1cb96e5\n>start {\"formatid\":\"gen9randombattle\",\"seed\":\"sodium,2d3e5723b67d16e671845b81a54d8e43\",\"rated\":\"Rated battle\"}\n>player p1 {\"name\":\"forcemajor14\",\"avatar\":\"266\",\"rating\":2042,\"seed\":\"sodium,4283756218ded0c19d651d82f7eba77c\"}\n>player p2 {\"name\":\"sonnyjimvb2\",\"avatar\":\"102\",\"rating\":2086,\"seed\":\"sodium,05fb5f9b02f2141ac2064755e2dd946d\"}\n>p1 switch 5\n>p2 move electrodrift\n>p1 move knockoff\n>p2 switch 2\n>p1 move voltswitch\n>p2 move sludgebomb\n>p1 switch 2\n>p1 switch 4\n>p2 move fireblast\n>p1 move auroraveil\n>p2 move sludgebomb\n>p1 switch 2\n>p1 move voltswitch\n>p2 move sludgebomb\n>p1 switch 4\n>p2 switch 2\n>p1 move toxic\n>p2 move voltswitch\n>p2 switch 4\n>p1 switch 3\n>p2 move swordsdance\n>p1 move surf\n>p2 move knockoff\n>p2 switch 4\n>p1 move icebeam\n>p2 move dracometeor\n>p1 switch 3\n>p1 move sludgebomb\n>p2 switch 3\n>p1 move spore\n>p2 move poltergeist\n>p1 switch 6\n>p2 move sleeptalk\n>p1 move nastyplot\n>p2 switch 3\n>p1 move dazzlinggleam terastallize\n>p2 move electrodrift\n>p1 move psyshock\n>p2 move electrodrift\n>p2 switch 5\n>p1 move thunderbolt\n>p2 move earthquake\n>p1 switch 5\n>p1 move calmmind\n>p2 switch 3\n>p1 move shadowball\n>p2 move sleeptalk\n>p1 move shadowball\n>p2 move poltergeist\n>p2 switch 6\n>p1 move drainingkiss\n>p2 move knockoff\n>p1 switch 4\n>p1 move voltswitch\n>p2 switch 3\n>p1 switch 6\n>p1 move toxic\n>p2 move bulkup\n>p1 move sludgebomb\n>p2 move earthquake\n>p1 switch 6\n>p2 move milkdrink\n>p1 move knockoff\n>p2 move earthquake\n>p1 switch 6\n>p2 switch 3\n>p1 move spore\n>p2 move highjumpkick terastallize\n>p1 move gigadrain\n>p2 move highjumpkick\n>p1 move gigadrain\n>p2 move highjumpkick", "uploadtime": 1782895906, "views": 2, "formatid": "gen9randombattle", "rating": 2065, "private": 0, "password": null, "player_dets": [{"name": "forcemajor14", "avatar": "266", "rating": 2042, "seed": "sodium,4283756218ded0c19d651d82f7eba77c"}, {"name": "sonnyjimvb2", "avatar": "102", "rating": 2086, "seed": "sodium,05fb5f9b02f2141ac2064755e2dd946d"}], "teams_full": [{"Misdreavus": {"name": "Misdreavus", "species": "Misdreavus", "speciesId": "misdreavus", "gender": "F", "shiny": false, "level": 90, "moves": ["calmmind", "shadowball", "drainingkiss", "willowisp"], "ability": "Levitate", "evs": {"hp": 85, "atk": 0, "def": 85, "spa": 85, "spd": 85, "spe": 85}, "ivs": {"hp": 31, "atk": 0, "def": 31, "spa": 31, "spd": 31, "spe": 31}, "item": "Eviolite", "teraType": "Fairy", "role": "Bulky Setup", "bvs": {"hp": 60, "atk": 60, "def": 60, "spa": 85, "spd": 85, "spe": 85}, "stats": {"hp": 254, "atk": 113, "def": 159, "spa": 204, "spd": 204, "spe": 204}, "types": ["Ghost"]}, "Amoonguss": {"name": "Amoonguss", "species": "Amoonguss", "speciesId": "amoonguss", "gender": "F", "shiny": false, "level": 82, "moves": ["gigadrain", "sludgebomb", "spore", "toxic"], "ability": "Regenerator", "evs": {"hp": 85, "atk": 0, "def": 85, "spa": 85, "spd": 85, "spe": 85}, "ivs": {"hp": 31, "atk": 0, "def": 31, "spa": 31, "spd": 31, "spe": 31}, "item": "Rocky Helmet", "teraType": "Steel", "role": "Bulky Support", "bvs": {"hp": 114, "atk": 85, "def": 70, "spa": 85, "spd": 80, "spe": 30}, "stats": {"hp": 321, "atk": 144, "def": 162, "spa": 187, "spd": 178, "spe": 96}, "types": ["Grass", "Poison"]}, "Politoed": {"name": "Politoed", "species": "Politoed", "speciesId": "politoed", "gender": "M", "shiny": false, "level": 88, "moves": ["surf", "haze", "icebeam", "rest"], "ability": "Drizzle", "evs": {"hp": 85, "atk": 0, "def": 85, "spa": 85, "spd": 85, "spe": 85}, "ivs": {"hp": 31, "atk": 0, "def": 31, "spa": 31, "spd": 31, "spe": 31}, "item": "Chesto Berry", "teraType": "Water", "role": "Bulky Attacker", "bvs": {"hp": 90, "atk": 75, "def": 75, "spa": 90, "spd": 100, "spe": 70}, "stats": {"hp": 302, "atk": 137, "def": 182, "spa": 209, "spd": 226, "spe": 173}, "types": ["Water"]}, "Ninetales": {"name": "Ninetales", "species": "Ninetales-Alola", "speciesId": "ninetalesalola", "gender": "M", "shiny": false, "level": 78, "moves": ["auroraveil", "blizzard", "moonblast", "encore"], "ability": "Snow Warning", "evs": {"hp": 85, "atk": 0, "def": 85, "spa": 85, "spd": 85, "spe": 85}, "ivs": {"hp": 31, "atk": 0, "def": 31, "spa": 31, "spd": 31, "spe": 31}, "item": "Light Clay", "teraType": "Water", "role": "Fast Support", "bvs": {"hp": 73, "atk": 67, "def": 75, "spa": 81, "spd": 100, "spe": 109}, "stats": {"hp": 242, "atk": 109, "def": 162, "spa": 171, "spd": 201, "spe": 215}, "types": ["Ice", "Fairy"]}, "Pikachu": {"name": "Pikachu", "species": "Pikachu-Hoenn", "speciesId": "pikachu", "gender": "M", "shiny": false, "level": 93, "moves": ["knockoff", "voltswitch", "surf", "volttackle"], "ability": "Lightning Rod", "evs": {"hp": 85, "atk": 85, "def": 85, "spa": 85, "spd": 85, "spe": 85}, "ivs": {"hp": 31, "atk": 31, "def": 31, "spa": 31, "spd": 31, "spe": 31}, "item": "Light Ball", "teraType": "Water", "role": "Fast Attacker", "bvs": {"hp": 35, "atk": 55, "def": 40, "spa": 50, "spd": 50, "spe": 90}, "stats": {"hp": 216, "atk": 155, "def": 127, "spa": 146, "spd": 146, "spe": 220}, "types": ["Electric"]}, "Girafarig": {"name": "Girafarig", "species": "Girafarig", "speciesId": "girafarig", "gender": "F", "shiny": false, "level": 89, "moves": ["dazzlinggleam", "thunderbolt", "psyshock", "nastyplot"], "ability": "Sap Sipper", "evs": {"hp": 85, "atk": 0, "def": 85, "spa": 85, "spd": 85, "spe": 85}, "ivs": {"hp": 31, "atk": 0, "def": 31, "spa": 31, "spd": 31, "spe": 31}, "item": "Eviolite", "teraType": "Electric", "role": "Bulky Setup", "bvs": {"hp": 70, "atk": 80, "def": 65, "spa": 90, "spd": 65, "spe": 85}, "stats": {"hp": 269, "atk": 147, "def": 166, "spa": 211, "spd": 166, "spe": 202}, "types": ["Normal", "Psychic"]}}, {"Miraidon": {"name": "Miraidon", "species": "Miraidon", "speciesId": "miraidon", "gender": "N", "shiny": false, "level": 65, "moves": ["electrodrift", "dracometeor", "voltswitch", "overheat"], "ability": "Hadron Engine", "evs": {"hp": 85, "atk": 0, "def": 85, "spa": 85, "spd": 85, "spe": 85}, "ivs": {"hp": 31, "atk": 0, "def": 31, "spa": 31, "spd": 31, "spe": 31}, "item": "Choice Specs", "teraType": "Electric", "role": "Fast Attacker", "bvs": {"hp": 100, "atk": 85, "def": 100, "spa": 135, "spd": 115, "spe": 135}, "stats": {"hp": 238, "atk": 115, "def": 168, "spa": 214, "spd": 188, "spe": 214}, "types": ["Electric", "Dragon"]}, "Eternatus": {"name": "Eternatus", "species": "Eternatus", "speciesId": "eternatus", "gender": "N", "shiny": false, "level": 69, "moves": ["dynamaxcannon", "sludgebomb", "meteorbeam", "fireblast"], "ability": "Pressure", "evs": {"hp": 85, "atk": 0, "def": 85, "spa": 85, "spd": 85, "spe": 85}, "ivs": {"hp": 31, "atk": 0, "def": 31, "spa": 31, "spd": 31, "spe": 31}, "item": "Power Herb", "teraType": "Dragon", "role": "Setup Sweeper", "bvs": {"hp": 140, "atk": 85, "def": 95, "spa": 145, "spd": 95, "spe": 130}, "stats": {"hp": 308, "atk": 122, "def": 171, "spa": 240, "spd": 171, "spe": 220}, "types": ["Poison", "Dragon"]}, "Houndstone": {"name": "Houndstone", "species": "Houndstone", "speciesId": "houndstone", "gender": "M", "shiny": false, "level": 86, "moves": ["bodypress", "poltergeist", "sleeptalk", "rest"], "ability": "Fluffy", "evs": {"hp": 85, "atk": 85, "def": 85, "spa": 85, "spd": 85, "spe": 85}, "ivs": {"hp": 31, "atk": 31, "def": 31, "spa": 31, "spd": 31, "spe": 31}, "item": "Leftovers", "teraType": "Fighting", "role": "Bulky Support", "bvs": {"hp": 72, "atk": 101, "def": 100, "spa": 50, "spd": 97, "spe": 68}, "stats": {"hp": 264, "atk": 223, "def": 221, "spa": 135, "spd": 216, "spe": 166}, "types": ["Ghost"]}, "Weavile": {"name": "Weavile", "species": "Weavile", "speciesId": "weavile", "gender": "M", "shiny": false, "level": 79, "moves": ["knockoff", "lowkick", "tripleaxel", "swordsdance"], "ability": "Pickpocket", "evs": {"hp": 85, "atk": 85, "def": 85, "spa": 85, "spd": 85, "spe": 85}, "ivs": {"hp": 31, "atk": 31, "def": 31, "spa": 31, "spd": 31, "spe": 31}, "item": "Heavy-Duty Boots", "teraType": "Fighting", "role": "Fast Attacker", "bvs": {"hp": 70, "atk": 120, "def": 65, "spa": 45, "spd": 85, "spe": 125}, "stats": {"hp": 240, "atk": 235, "def": 148, "spa": 117, "spd": 180, "spe": 243}, "types": ["Dark", "Ice"]}, "Gogoat": {"name": "Gogoat", "species": "Gogoat", "speciesId": "gogoat", "gender": "M", "shiny": false, "level": 88, "moves": ["hornleech", "milkdrink", "earthquake", "bulkup"], "ability": "Sap Sipper", "evs": {"hp": 85, "atk": 85, "def": 85, "spa": 85, "spd": 85, "spe": 85}, "ivs": {"hp": 31, "atk": 31, "def": 31, "spa": 31, "spd": 31, "spe": 31}, "item": "Leftovers", "teraType": "Ground", "role": "Bulky Setup", "bvs": {"hp": 123, "atk": 100, "def": 62, "spa": 97, "spd": 81, "spe": 68}, "stats": {"hp": 360, "atk": 226, "def": 159, "spa": 221, "spd": 193, "spe": 170}, "types": ["Grass"]}, "Hitmonlee": {"name": "Hitmonlee", "species": "Hitmonlee", "speciesId": "hitmonlee", "gender": "M", "shiny": false, "level": 85, "moves": ["highjumpkick", "machpunch", "stoneedge", "knockoff"], "ability": "Reckless", "evs": {"hp": 81, "atk": 85, "def": 85, "spa": 85, "spd": 85, "spe": 85}, "ivs": {"hp": 31, "atk": 31, "def": 31, "spa": 31, "spd": 31, "spe": 31}, "item": "Choice Band", "teraType": "Fighting", "role": "Fast Attacker", "bvs": {"hp": 50, "atk": 120, "def": 53, "spa": 35, "spd": 110, "spe": 87}, "stats": {"hp": 223, "atk": 253, "def": 139, "spa": 108, "spd": 236, "spe": 197}, "types": ["Fighting"]}}]}