{"id": "gen9randombattle-2641997735", "format": "[Gen 9] Random Battle", "players": ["absol is god teir", "wicho_45"], "log": "|j|\u2606absol is god teir\n|j|\u2606wicho_45\n|t:|1782870778\n|gametype|singles\n|player|p1|absol is god teir|102|1432\n|player|p2|wicho_45|265|1385\n|gen|9\n|tier|[Gen 9] Random Battle\n|rated|\n|rule|Species Clause: Limit one of each Pok\u00e9mon\n|rule|HP Percentage Mod: HP is shown in percentages\n|rule|Sleep Clause Mod: Limit one foe put to sleep\n|rule|Illusion Level Mod: Illusion disguises the Pok\u00e9mon's true level\n|\n|t:|1782870778\n|teamsize|p1|6\n|teamsize|p2|6\n|start\n|switch|p1a: Exeggutor|Exeggutor, L89, F|312/312\n|switch|p2a: Exeggutor|Exeggutor-Alola, L89, F|314/314\n|-item|p1a: Exeggutor|Sitrus Berry|[from] ability: Frisk|[of] p2a: Exeggutor\n|turn|1\n|c|\u2606wicho_45|lol\n|c|\u2606wicho_45|mario and luigi\n|c|\u2606absol is god teir|mirror ahh matchup\n|\n|t:|1782870805\n|move|p1a: Exeggutor|Substitute|p1a: Exeggutor\n|-start|p1a: Exeggutor|Substitute\n|-damage|p1a: Exeggutor|234/312\n|move|p2a: Exeggutor|Flamethrower|p1a: Exeggutor\n|-supereffective|p1a: Exeggutor\n|-end|p1a: Exeggutor|Substitute\n|\n|upkeep\n|turn|2\n|\n|t:|1782870817\n|switch|p1a: Charizard|Charizard, L85, M|271/271\n|move|p2a: Exeggutor|Flamethrower|p1a: Charizard\n|-resisted|p1a: Charizard\n|-damage|p1a: Charizard|204/271\n|\n|upkeep\n|turn|3\n|\n|t:|1782870823\n|switch|p2a: Quagsire|Quagsire, L84, F|297/297\n|move|p1a: Charizard|Outrage|p2a: Quagsire\n|-damage|p2a: Quagsire|215/297\n|\n|-heal|p2a: Quagsire|233/297|[from] item: Leftovers\n|upkeep\n|turn|4\n|\n|t:|1782870834\n|move|p1a: Charizard|Outrage|p2a: Quagsire|[from] lockedmove\n|-damage|p2a: Quagsire|157/297\n|move|p2a: Quagsire|Recover|p2a: Quagsire\n|-heal|p2a: Quagsire|297/297\n|\n|upkeep\n|turn|5\n|\n|t:|1782870838\n|move|p1a: Charizard|Outrage|p2a: Quagsire|[from] lockedmove\n|-damage|p2a: Quagsire|222/297\n|-start|p1a: Charizard|confusion|[fatigue]\n|move|p2a: Quagsire|Toxic|p1a: Charizard\n|-status|p1a: Charizard|tox\n|\n|-heal|p2a: Quagsire|240/297|[from] item: Leftovers\n|-damage|p1a: Charizard|188/271 tox|[from] psn\n|upkeep\n|turn|6\n|inactive|Battle timer is ON: inactive players will automatically lose when time's up. (requested by absol is god teir)\n|\n|t:|1782870851\n|switch|p1a: Exeggutor|Exeggutor, L89, F|234/312\n|move|p2a: Quagsire|Recover|p2a: Quagsire\n|-heal|p2a: Quagsire|297/297\n|\n|upkeep\n|turn|7\n|\n|t:|1782870865\n|switch|p2a: Baxcalibur|Baxcalibur, L75, F|295/295\n|move|p1a: Exeggutor|Psychic Noise|p2a: Baxcalibur\n|-damage|p2a: Baxcalibur|178/295\n|-start|p2a: Baxcalibur|move: Heal Block\n|\n|upkeep\n|turn|8\n|\n|t:|1782870872\n|switch|p1a: Charizard|Charizard, L85, M|188/271 tox\n|move|p2a: Baxcalibur|Swords Dance|p2a: Baxcalibur\n|-boost|p2a: Baxcalibur|atk|2\n|\n|-damage|p1a: Charizard|172/271 tox|[from] psn\n|-end|p2a: Baxcalibur|move: Heal Block\n|upkeep\n|turn|9\n|\n|t:|1782870878\n|move|p1a: Charizard|Outrage|p2a: Baxcalibur\n|-supereffective|p2a: Baxcalibur\n|-damage|p2a: Baxcalibur|16/295\n|move|p2a: Baxcalibur|Scale Shot|p1a: Charizard\n|-damage|p1a: Charizard|111/271 tox\n|-damage|p1a: Charizard|50/271 tox\n|-damage|p1a: Charizard|0 fnt\n|faint|p1a: Charizard\n|-hitcount|p1: Charizard|3\n|-unboost|p2a: Baxcalibur|def|1\n|-boost|p2a: Baxcalibur|spe|1\n|\n|upkeep\n|\n|t:|1782870887\n|switch|p1a: Mimikyu|Mimikyu, L79, M|216/216\n|turn|10\n|\n|t:|1782870892\n|move|p1a: Mimikyu|Shadow Sneak|p2a: Baxcalibur\n|-damage|p2a: Baxcalibur|0 fnt\n|faint|p2a: Baxcalibur\n|-damage|p1a: Mimikyu|195/216|[from] item: Life Orb\n|\n|upkeep\n|\n|t:|1782870902\n|switch|p2a: Quagsire|Quagsire, L84, F|297/297\n|turn|11\n|\n|t:|1782870923\n|switch|p1a: Gliscor|Gliscor, L76, F|239/239\n|move|p2a: Quagsire|Ice Beam|p1a: Gliscor\n|-supereffective|p1a: Gliscor\n|-damage|p1a: Gliscor|11/239\n|\n|-status|p1a: Gliscor|tox|[from] item: Toxic Orb\n|upkeep\n|turn|12\n|\n|t:|1782870933\n|move|p1a: Gliscor|Toxic|p2a: Quagsire\n|-status|p2a: Quagsire|tox\n|move|p2a: Quagsire|Ice Beam|p1a: Gliscor\n|-supereffective|p1a: Gliscor\n|-damage|p1a: Gliscor|0 fnt\n|faint|p1a: Gliscor\n|\n|-damage|p2a: Quagsire|279/297 tox|[from] psn\n|upkeep\n|inactive|absol is god teir has 120 seconds left.\n|\n|t:|1782870959\n|switch|p1a: Exeggutor|Exeggutor, L89, F|234/312\n|turn|13\n|inactive|absol is god teir has 120 seconds left.\n|\n|t:|1782870968\n|switch|p2a: Exeggutor|Exeggutor-Alola, L89, F|314/314\n|-item|p1a: Exeggutor|Sitrus Berry|[from] ability: Frisk|[of] p2a: Exeggutor\n|move|p1a: Exeggutor|Substitute|p1a: Exeggutor\n|-start|p1a: Exeggutor|Substitute\n|-damage|p1a: Exeggutor|156/312\n|-enditem|p1a: Exeggutor|Sitrus Berry|[eat]\n|-heal|p1a: Exeggutor|234/312|[from] item: Sitrus Berry\n|\n|upkeep\n|turn|14\n|inactive|absol is god teir has 120 seconds left.\n|\n|t:|1782871003\n|move|p1a: Exeggutor|Psychic Noise|p2a: Exeggutor\n|-damage|p2a: Exeggutor|200/314\n|-start|p2a: Exeggutor|move: Heal Block\n|move|p2a: Exeggutor|Flamethrower|p1a: Exeggutor\n|-supereffective|p1a: Exeggutor\n|-end|p1a: Exeggutor|Substitute\n|\n|-item|p1a: Exeggutor|Sitrus Berry|[from] ability: Harvest\n|upkeep\n|turn|15\n|\n|t:|1782871025\n|move|p1a: Exeggutor|Psychic Noise|p2a: Exeggutor\n|-damage|p2a: Exeggutor|74/314\n|move|p2a: Exeggutor|Flamethrower|p1a: Exeggutor\n|-supereffective|p1a: Exeggutor\n|-damage|p1a: Exeggutor|0 fnt\n|faint|p1a: Exeggutor\n|\n|-end|p2a: Exeggutor|move: Heal Block\n|upkeep\n|inactive|absol is god teir has 90 seconds left.\n|\n|t:|1782871053\n|switch|p1a: Mimikyu|Mimikyu, L79, M|195/216\n|turn|16\n|\n|t:|1782871077\n|move|p1a: Mimikyu|Shadow Claw|p2a: Exeggutor\n|-damage|p2a: Exeggutor|0 fnt\n|faint|p2a: Exeggutor\n|-damage|p1a: Mimikyu|174/216|[from] item: Life Orb\n|\n|upkeep\n|\n|t:|1782871083\n|switch|p2a: Fezandipiti|Fezandipiti, L82, M|278/278\n|turn|17\n|\n|t:|1782871090\n|move|p2a: Fezandipiti|Beat Up|p1a: Mimikyu\n|-activate|p1a: Mimikyu|ability: Disguise\n|-damage|p1a: Mimikyu|174/216\n|detailschange|p1a: Mimikyu|Mimikyu-Busted, L79, M\n|-damage|p1a: Mimikyu|147/216|[from] pokemon: Mimikyu-Busted\n|-damage|p1a: Mimikyu|137/216\n|-damage|p1a: Mimikyu|126/216\n|-hitcount|p1a: Mimikyu|3\n|move|p1a: Mimikyu|Shadow Claw|p2a: Fezandipiti\n|-damage|p2a: Fezandipiti|196/278\n|-damage|p1a: Mimikyu|105/216|[from] item: Life Orb\n|\n|-heal|p2a: Fezandipiti|213/278|[from] item: Leftovers\n|upkeep\n|turn|18\n|\n|t:|1782871100\n|move|p2a: Fezandipiti|Gunk Shot|p1a: Mimikyu\n|-damage|p1a: Mimikyu|0 fnt\n|faint|p1a: Mimikyu\n|\n|-heal|p2a: Fezandipiti|230/278|[from] item: Leftovers\n|upkeep\n|\n|t:|1782871125\n|switch|p1a: Great Tusk|Great Tusk, L77|304/304\n|turn|19\n|inactive|wicho_45 has 120 seconds left.\n|\n|t:|1782871156\n|switch|p2a: Quagsire|Quagsire, L84, F|279/297 tox\n|move|p1a: Great Tusk|Headlong Rush|p2a: Quagsire\n|-damage|p2a: Quagsire|150/297 tox\n|-unboost|p1a: Great Tusk|def|1\n|-unboost|p1a: Great Tusk|spd|1\n|\n|-heal|p2a: Quagsire|168/297 tox|[from] item: Leftovers\n|-damage|p2a: Quagsire|150/297 tox|[from] psn\n|upkeep\n|turn|20\n|inactive|wicho_45 has 120 seconds left.\n|inactive|absol is god teir has 90 seconds left.\n|inactive|absol is god teir has 60 seconds left.\n|\n|t:|1782871211\n|move|p1a: Great Tusk|Close Combat|p2a: Quagsire\n|-damage|p2a: Quagsire|17/297 tox\n|-unboost|p1a: Great Tusk|def|1\n|-unboost|p1a: Great Tusk|spd|1\n|move|p2a: Quagsire|Recover|p2a: Quagsire\n|-heal|p2a: Quagsire|166/297 tox\n|\n|-heal|p2a: Quagsire|184/297 tox|[from] item: Leftovers\n|-damage|p2a: Quagsire|148/297 tox|[from] psn\n|upkeep\n|turn|21\n|inactive|wicho_45 has 120 seconds left.\n|\n|t:|1782871224\n|-end|p1a: Great Tusk|Protosynthesis|[silent]\n|switch|p1a: Oranguru|Oranguru, L92, M|315/315\n|move|p2a: Quagsire|Ice Beam|p1a: Oranguru\n|-damage|p1a: Oranguru|281/315\n|\n|-heal|p2a: Quagsire|166/297 tox|[from] item: Leftovers\n|-damage|p2a: Quagsire|112/297 tox|[from] psn\n|upkeep\n|turn|22\n|inactive|absol is god teir has 60 seconds left.\n|\n|t:|1782871245\n|move|p1a: Oranguru|Psyshock|p2a: Quagsire\n|-damage|p2a: Quagsire|0 fnt\n|faint|p2a: Quagsire\n|\n|upkeep\n|\n|t:|1782871250\n|switch|p2a: Typhlosion|Typhlosion-Hisui, L83, M|257/257\n|turn|23\n|\n|t:|1782871254\n|move|p2a: Typhlosion|Eruption|p1a: Oranguru\n|-damage|p1a: Oranguru|77/315\n|move|p1a: Oranguru|Psyshock|p2a: Typhlosion\n|-damage|p2a: Typhlosion|95/257\n|\n|upkeep\n|turn|24\n|\n|t:|1782871259\n|move|p2a: Typhlosion|Eruption|p1a: Oranguru\n|-damage|p1a: Oranguru|0 fnt\n|faint|p1a: Oranguru\n|\n|upkeep\n|\n|t:|1782871265\n|switch|p1a: Great Tusk|Great Tusk, L77|304/304\n|turn|25\n|\n|t:|1782871270\n|move|p2a: Typhlosion|Eruption|p1a: Great Tusk\n|-crit|p1a: Great Tusk\n|-damage|p1a: Great Tusk|138/304\n|move|p1a: Great Tusk|Stone Edge|p2a: Typhlosion\n|-supereffective|p2a: Typhlosion\n|-damage|p2a: Typhlosion|0 fnt\n|faint|p2a: Typhlosion\n|\n|upkeep\n|\n|t:|1782871280\n|switch|p2a: Iron Bundle|Iron Bundle, L78|215/215\n|turn|26\n|\n|t:|1782871284\n|-terastallize|p1a: Great Tusk|Steel\n|move|p2a: Iron Bundle|Ice Beam|p1a: Great Tusk\n|-resisted|p1a: Great Tusk\n|-damage|p1a: Great Tusk|81/304\n|-status|p1a: Great Tusk|frz\n|cant|p1a: Great Tusk|frz\n|\n|upkeep\n|turn|27\n|c|\u2606wicho_45|wow\n|c|\u2606wicho_45|the hax\n|c|\u2606absol is god teir|rip\n|\n|t:|1782871298\n|move|p2a: Iron Bundle|Hydro Pump|p1a: Great Tusk|[miss]\n|-miss|p2a: Iron Bundle|p1a: Great Tusk\n|cant|p1a: Great Tusk|frz\n|\n|upkeep\n|turn|28\n|c|\u2606absol is god teir|ggs\n|\n|t:|1782871301\n|move|p2a: Iron Bundle|Hydro Pump|p1a: Great Tusk\n|-damage|p1a: Great Tusk|0 fnt\n|faint|p1a: Great Tusk\n|-end|p1a: Great Tusk|Protosynthesis|[silent]\n|\n|win|wicho_45\n|raw|absol is god teir's rating: 1432 &rarr; <strong>1409</strong><br />(-23 for losing)\n|raw|wicho_45's rating: 1385 &rarr; <strong>1408</strong><br />(+23 for winning)\n|c|\u2606wicho_45|gg\n|l|\u2606absol is god teir\n|player|p1|\n|c|\u2606wicho_45|wp\n", "inputlog": ">version f8ac14003a5f27e1bdc8d8c59608a773c1cb96e5\n>start {\"formatid\":\"gen9randombattle\",\"seed\":\"sodium,b3ad728fa7f4e284f3e14834719506de\",\"rated\":\"Rated battle\"}\n>player p1 {\"name\":\"absol is god teir\",\"avatar\":\"102\",\"rating\":1432,\"seed\":\"sodium,51df1f86c00c35eae68a5642fe5962e4\"}\n>player p2 {\"name\":\"wicho_45\",\"avatar\":\"265\",\"rating\":1385,\"seed\":\"sodium,91ae6814b1c6751d0770d96f0931cd53\"}\n>chat \u2606wicho_45|lol\n>chat \u2606wicho_45|mario and luigi\n>chat \u2606absol is god teir|mirror ahh matchup\n>p1 move substitute\n>p2 move flamethrower\n>p1 switch 6\n>p2 move flamethrower\n>p1 move outrage\n>p2 switch 3\n>p1 move outrage\n>p2 move recover\n>p1 move outrage\n>p2 move toxic\n>p1 switch 6\n>p2 move recover\n>p1 move psychicnoise\n>p2 switch 5\n>p1 switch 6\n>p2 move swordsdance\n>p1 move outrage\n>p2 move scaleshot\n>p1 switch 4\n>p1 move shadowsneak\n>p2 move iciclespear\n>p2 switch 5\n>p1 switch 5\n>p2 move icebeam\n>p1 move toxic\n>p2 move icebeam\n>p1 switch 6\n>p1 move substitute\n>p2 switch 3\n>p1 move psychicnoise\n>p2 move flamethrower\n>p1 move psychicnoise\n>p2 move flamethrower\n>p1 switch 5\n>p1 move shadowclaw\n>p2 move flamethrower\n>p2 switch 6\n>p1 move shadowclaw\n>p2 move beatup\n>p1 move shadowclaw\n>p2 move gunkshot\n>p1 switch 3\n>p1 move headlongrush\n>p2 switch 3\n>p1 move closecombat\n>p2 move recover\n>p1 switch 2\n>p2 move icebeam\n>p1 move psyshock\n>p2 move toxic\n>p2 switch 2\n>p1 move psyshock\n>p2 move eruption\n>p1 move psyshock\n>p2 move eruption\n>p1 switch 2\n>p1 move stoneedge\n>p2 move eruption\n>p2 switch 4\n>p1 move rapidspin terastallize\n>p2 move icebeam\n>chat \u2606wicho_45|wow\n>chat \u2606wicho_45|the hax\n>chat \u2606absol is god teir|rip\n>p1 move closecombat\n>p2 move hydropump\n>chat \u2606absol is god teir|ggs\n>p1 move closecombat\n>p2 move hydropump", "uploadtime": 1782871310, "views": 7, "formatid": "gen9randombattle", "rating": 1408, "private": 0, "password": null, "player_dets": [{"name": "absol is god teir", "avatar": "102", "rating": 1432, "seed": "sodium,51df1f86c00c35eae68a5642fe5962e4"}, {"name": "wicho_45", "avatar": "265", "rating": 1385, "seed": "sodium,91ae6814b1c6751d0770d96f0931cd53"}], "teams_full": [{"Exeggutor": {"name": "Exeggutor", "species": "Exeggutor", "speciesId": "exeggutor", "gender": "F", "shiny": false, "level": 89, "moves": ["psychicnoise", "protect", "leechseed", "substitute"], "ability": "Harvest", "evs": {"hp": 77, "atk": 0, "def": 85, "spa": 85, "spd": 85, "spe": 85}, "ivs": {"hp": 31, "atk": 0, "def": 31, "spa": 31, "spd": 31, "spe": 31}, "item": "Sitrus Berry", "teraType": "Steel", "role": "Bulky Attacker", "bvs": {"hp": 95, "atk": 95, "def": 85, "spa": 125, "spd": 75, "spe": 55}, "stats": {"hp": 312, "atk": 174, "def": 202, "spa": 273, "spd": 184, "spe": 149}, "types": ["Grass", "Psychic"]}, "Oranguru": {"name": "Oranguru", "species": "Oranguru", "speciesId": "oranguru", "gender": "M", "shiny": false, "level": 92, "moves": ["focusblast", "psyshock", "trick", "hypervoice"], "ability": "Inner Focus", "evs": {"hp": 85, "atk": 0, "def": 85, "spa": 85, "spd": 85, "spe": 85}, "ivs": {"hp": 31, "atk": 0, "def": 31, "spa": 31, "spd": 31, "spe": 31}, "item": "Choice Specs", "teraType": "Fighting", "role": "Wallbreaker", "bvs": {"hp": 90, "atk": 60, "def": 80, "spa": 90, "spd": 110, "spe": 60}, "stats": {"hp": 315, "atk": 115, "def": 200, "spa": 218, "spd": 255, "spe": 163}, "types": ["Normal", "Psychic"]}, "Great Tusk": {"name": "Great Tusk", "species": "Great Tusk", "speciesId": "greattusk", "gender": "N", "shiny": false, "level": 77, "moves": ["headlongrush", "stoneedge", "rapidspin", "closecombat"], "ability": "Protosynthesis", "evs": {"hp": 85, "atk": 85, "def": 85, "spa": 85, "spd": 85, "spe": 85}, "ivs": {"hp": 31, "atk": 31, "def": 31, "spa": 31, "spd": 31, "spe": 31}, "item": "Assault Vest", "teraType": "Steel", "role": "Bulky Support", "bvs": {"hp": 115, "atk": 131, "def": 131, "spa": 53, "spd": 53, "spe": 87}, "stats": {"hp": 304, "atk": 246, "def": 246, "spa": 126, "spd": 126, "spe": 179}, "types": ["Ground", "Fighting"]}, "Mimikyu": {"name": "Mimikyu", "species": "Mimikyu", "speciesId": "mimikyu", "gender": "M", "shiny": false, "level": 79, "moves": ["playrough", "shadowsneak", "swordsdance", "shadowclaw"], "ability": "Disguise", "evs": {"hp": 85, "atk": 85, "def": 85, "spa": 85, "spd": 85, "spe": 85}, "ivs": {"hp": 31, "atk": 31, "def": 31, "spa": 31, "spd": 31, "spe": 31}, "item": "Life Orb", "teraType": "Ghost", "role": "Fast Bulky Setup", "bvs": {"hp": 55, "atk": 90, "def": 80, "spa": 50, "spd": 105, "spe": 96}, "stats": {"hp": 216, "atk": 188, "def": 172, "spa": 125, "spd": 211, "spe": 197}, "types": ["Ghost", "Fairy"]}, "Gliscor": {"name": "Gliscor", "species": "Gliscor", "speciesId": "gliscor", "gender": "F", "shiny": false, "level": 76, "moves": ["earthquake", "knockoff", "protect", "toxic"], "ability": "Poison Heal", "evs": {"hp": 85, "atk": 85, "def": 85, "spa": 85, "spd": 85, "spe": 85}, "ivs": {"hp": 31, "atk": 31, "def": 31, "spa": 31, "spd": 31, "spe": 31}, "item": "Toxic Orb", "teraType": "Water", "role": "Bulky Support", "bvs": {"hp": 75, "atk": 95, "def": 125, "spa": 45, "spd": 75, "spe": 95}, "stats": {"hp": 239, "atk": 188, "def": 234, "spa": 112, "spd": 158, "spe": 188}, "types": ["Ground", "Flying"]}, "Charizard": {"name": "Charizard", "species": "Charizard", "speciesId": "charizard", "gender": "M", "shiny": false, "level": 85, "moves": ["earthquake", "outrage", "swordsdance", "flareblitz"], "ability": "Blaze", "evs": {"hp": 85, "atk": 85, "def": 85, "spa": 85, "spd": 85, "spe": 85}, "ivs": {"hp": 31, "atk": 31, "def": 31, "spa": 31, "spd": 31, "spe": 31}, "item": "Heavy-Duty Boots", "teraType": "Dragon", "role": "Setup Sweeper", "bvs": {"hp": 78, "atk": 84, "def": 78, "spa": 109, "spd": 85, "spe": 100}, "stats": {"hp": 271, "atk": 192, "def": 181, "spa": 234, "spd": 193, "spe": 219}, "types": ["Fire", "Flying"]}}, {"Exeggutor": {"name": "Exeggutor", "species": "Exeggutor-Alola", "speciesId": "exeggutoralola", "gender": "F", "shiny": false, "level": 89, "moves": ["gigadrain", "flamethrower", "leafstorm", "dracometeor"], "ability": "Frisk", "evs": {"hp": 85, "atk": 0, "def": 85, "spa": 85, "spd": 85, "spe": 85}, "ivs": {"hp": 31, "atk": 0, "def": 31, "spa": 31, "spd": 31, "spe": 31}, "item": "Choice Specs", "teraType": "Fire", "role": "Wallbreaker", "bvs": {"hp": 95, "atk": 105, "def": 85, "spa": 125, "spd": 75, "spe": 45}, "stats": {"hp": 314, "atk": 191, "def": 202, "spa": 273, "spd": 184, "spe": 131}, "types": ["Grass", "Dragon"]}, "Typhlosion": {"name": "Typhlosion", "species": "Typhlosion-Hisui", "speciesId": "typhlosionhisui", "gender": "M", "shiny": false, "level": 83, "moves": ["shadowball", "focusblast", "eruption", "fireblast"], "ability": "Blaze", "evs": {"hp": 85, "atk": 0, "def": 85, "spa": 85, "spd": 85, "spe": 85}, "ivs": {"hp": 31, "atk": 0, "def": 31, "spa": 31, "spd": 31, "spe": 31}, "item": "Choice Specs", "teraType": "Fire", "role": "Fast Attacker", "bvs": {"hp": 73, "atk": 84, "def": 78, "spa": 119, "spd": 85, "spe": 95}, "stats": {"hp": 257, "atk": 144, "def": 177, "spa": 245, "spd": 189, "spe": 205}, "types": ["Fire", "Ghost"]}, "Quagsire": {"name": "Quagsire", "species": "Quagsire", "speciesId": "quagsire", "gender": "F", "shiny": false, "level": 84, "moves": ["toxic", "earthquake", "icebeam", "recover"], "ability": "Unaware", "evs": {"hp": 85, "atk": 85, "def": 85, "spa": 85, "spd": 85, "spe": 85}, "ivs": {"hp": 31, "atk": 31, "def": 31, "spa": 31, "spd": 31, "spe": 31}, "item": "Leftovers", "teraType": "Poison", "role": "Bulky Support", "bvs": {"hp": 95, "atk": 85, "def": 85, "spa": 65, "spd": 65, "spe": 35}, "stats": {"hp": 297, "atk": 191, "def": 191, "spa": 157, "spd": 157, "spe": 107}, "types": ["Water", "Ground"]}, "Iron Bundle": {"name": "Iron Bundle", "species": "Iron Bundle", "speciesId": "ironbundle", "gender": "N", "shiny": false, "level": 78, "moves": ["freezedry", "hydropump", "icebeam", "encore"], "ability": "Quark Drive", "evs": {"hp": 85, "atk": 0, "def": 85, "spa": 85, "spd": 85, "spe": 85}, "ivs": {"hp": 31, "atk": 0, "def": 31, "spa": 31, "spd": 31, "spe": 31}, "item": "Heavy-Duty Boots", "teraType": "Water", "role": "Fast Attacker", "bvs": {"hp": 56, "atk": 80, "def": 114, "spa": 124, "spd": 60, "spe": 136}, "stats": {"hp": 215, "atk": 129, "def": 223, "spa": 239, "spd": 139, "spe": 257}, "types": ["Ice", "Water"]}, "Baxcalibur": {"name": "Baxcalibur", "species": "Baxcalibur", "speciesId": "baxcalibur", "gender": "F", "shiny": false, "level": 75, "moves": ["scaleshot", "earthquake", "swordsdance", "iciclespear"], "ability": "Thermal Exchange", "evs": {"hp": 81, "atk": 85, "def": 85, "spa": 85, "spd": 85, "spe": 85}, "ivs": {"hp": 31, "atk": 31, "def": 31, "spa": 31, "spd": 31, "spe": 31}, "item": "Loaded Dice", "teraType": "Dragon", "role": "Bulky Setup", "bvs": {"hp": 115, "atk": 145, "def": 92, "spa": 75, "spd": 86, "spe": 87}, "stats": {"hp": 295, "atk": 261, "def": 182, "spa": 156, "spd": 173, "spe": 174}, "types": ["Dragon", "Ice"]}, "Fezandipiti": {"name": "Fezandipiti", "species": "Fezandipiti", "speciesId": "fezandipiti", "gender": "M", "shiny": false, "level": 82, "moves": ["gunkshot", "roost", "beatup", "moonblast"], "ability": "Toxic Chain", "evs": {"hp": 85, "atk": 85, "def": 85, "spa": 85, "spd": 85, "spe": 85}, "ivs": {"hp": 31, "atk": 31, "def": 31, "spa": 31, "spd": 31, "spe": 31}, "item": "Leftovers", "teraType": "Dark", "role": "Bulky Attacker", "bvs": {"hp": 88, "atk": 91, "def": 82, "spa": 70, "spd": 125, "spe": 99}, "stats": {"hp": 278, "atk": 196, "def": 182, "spa": 162, "spd": 252, "spe": 210}, "types": ["Poison", "Fairy"]}}]}