{"id": "gen9randombattle-2642125441", "format": "[Gen 9] Random Battle", "players": ["jnpr010334", "pitchai"], "log": "|j|\u2606jnpr010334\n|j|\u2606pitchai\n|t:|1782895429\n|gametype|singles\n|player|p1|jnpr010334|265|1686\n|player|p2|pitchai|266|1625\n|gen|9\n|tier|[Gen 9] Random Battle\n|rated|\n|rule|Species Clause: Limit one of each Pok\u00e9mon\n|rule|HP Percentage Mod: HP is shown in percentages\n|rule|Sleep Clause Mod: Limit one foe put to sleep\n|rule|Illusion Level Mod: Illusion disguises the Pok\u00e9mon's true level\n|\n|t:|1782895429\n|teamsize|p1|6\n|teamsize|p2|6\n|start\n|switch|p1a: Lucario|Lucario, L84, F|255/255\n|switch|p2a: Illumise|Illumise, L91, F|266/266\n|turn|1\n|inactive|Battle timer is ON: inactive players will automatically lose when time's up. (requested by jnpr010334)\n|\n|t:|1782895434\n|move|p2a: Illumise|Thunder Wave|p1a: Lucario\n|-status|p1a: Lucario|par\n|move|p1a: Lucario|Nasty Plot|p1a: Lucario\n|-boost|p1a: Lucario|spa|2\n|\n|upkeep\n|turn|2\n|\n|t:|1782895438\n|move|p2a: Illumise|Encore|p1a: Lucario\n|-start|p1a: Lucario|Encore\n|move|p1a: Lucario|Nasty Plot|p1a: Lucario\n|-boost|p1a: Lucario|spa|2\n|\n|upkeep\n|turn|3\n|\n|t:|1782895441\n|move|p2a: Illumise|Bug Buzz|p1a: Lucario\n|-resisted|p1a: Lucario\n|-damage|p1a: Lucario|231/255 par\n|move|p1a: Lucario|Nasty Plot|p1a: Lucario\n|-boost|p1a: Lucario|spa|2\n|\n|upkeep\n|turn|4\n|\n|t:|1782895446\n|move|p2a: Illumise|Bug Buzz|p1a: Lucario\n|-resisted|p1a: Lucario\n|-damage|p1a: Lucario|204/255 par\n|cant|p1a: Lucario|par\n|\n|-end|p1a: Lucario|Encore\n|upkeep\n|turn|5\n|\n|t:|1782895450\n|move|p2a: Illumise|Encore|p1a: Lucario\n|-start|p1a: Lucario|Encore\n|move|p1a: Lucario|Nasty Plot|p1a: Lucario\n|-boost|p1a: Lucario|spa|0\n|\n|upkeep\n|turn|6\n|\n|t:|1782895456\n|switch|p2a: Gallade|Gallade, L80, M|240/240\n|move|p1a: Lucario|Nasty Plot|p1a: Lucario\n|-boost|p1a: Lucario|spa|0\n|\n|upkeep\n|turn|7\n|\n|t:|1782895461\n|switch|p1a: Giratina|Giratina, L75|349/349\n|-ability|p1a: Giratina|Pressure\n|move|p2a: Gallade|Sacred Sword|p1a: Giratina\n|-immune|p1a: Giratina\n|\n|upkeep\n|turn|8\n|\n|t:|1782895472\n|switch|p2a: Piloswine|Piloswine, L85, F|309/309\n|move|p1a: Giratina|Will-O-Wisp|p2a: Piloswine|[miss]\n|-miss|p1a: Giratina|p2a: Piloswine\n|\n|upkeep\n|turn|9\n|\n|t:|1782895476\n|move|p1a: Giratina|Will-O-Wisp|p2a: Piloswine\n|-status|p2a: Piloswine|brn\n|move|p2a: Piloswine|Stealth Rock|p1a: Giratina\n|-sidestart|p1: jnpr010334|move: Stealth Rock\n|\n|-damage|p2a: Piloswine|290/309 brn|[from] brn\n|upkeep\n|turn|10\n|\n|t:|1782895480\n|move|p1a: Giratina|Shadow Ball|p2a: Piloswine\n|-damage|p2a: Piloswine|230/309 brn\n|move|p2a: Piloswine|Icicle Crash|p1a: Giratina\n|-supereffective|p1a: Giratina\n|-damage|p1a: Giratina|261/349\n|\n|-heal|p1a: Giratina|282/349|[from] item: Leftovers\n|-damage|p2a: Piloswine|211/309 brn|[from] brn\n|upkeep\n|turn|11\n|\n|t:|1782895484\n|move|p1a: Giratina|Shadow Ball|p2a: Piloswine\n|-damage|p2a: Piloswine|145/309 brn\n|-unboost|p2a: Piloswine|spd|1\n|move|p2a: Piloswine|Roar|p1a: Giratina\n|drag|p1a: Meloetta|Meloetta, L82|298/298\n|-damage|p1a: Meloetta|261/298|[from] Stealth Rock\n|\n|-damage|p2a: Piloswine|126/309 brn|[from] brn\n|upkeep\n|turn|12\n|\n|t:|1782895492\n|switch|p2a: Illumise|Illumise, L91, F|266/266\n|move|p1a: Meloetta|Relic Song|p2a: Illumise\n|-damage|p2a: Illumise|152/266\n|-status|p2a: Illumise|slp|[from] move: Relic Song\n|-formechange|p1a: Meloetta|Meloetta-Pirouette|[msg]\n|-damage|p1a: Meloetta|232/298|[from] item: Life Orb\n|\n|upkeep\n|turn|13\n|\n|t:|1782895499\n|switch|p2a: Yanmega|Yanmega, L82, F|275/275\n|move|p1a: Meloetta|Triple Axel|p2a: Yanmega\n|-supereffective|p2a: Yanmega\n|-damage|p2a: Yanmega|228/275\n|-supereffective|p2a: Yanmega\n|-damage|p2a: Yanmega|140/275\n|-supereffective|p2a: Yanmega\n|-damage|p2a: Yanmega|7/275\n|-hitcount|p2a: Yanmega|3\n|-damage|p1a: Meloetta|203/298|[from] item: Life Orb\n|\n|upkeep\n|turn|14\n|\n|t:|1782895506\n|move|p1a: Meloetta|Knock Off|p2a: Yanmega\n|-damage|p2a: Yanmega|0 fnt\n|-enditem|p2a: Yanmega|Choice Specs|[from] move: Knock Off|[of] p1a: Meloetta\n|faint|p2a: Yanmega\n|-damage|p1a: Meloetta|174/298|[from] item: Life Orb\n|\n|upkeep\n|\n|t:|1782895515\n|switch|p2a: Electivire|Electivire, L84, M|263/263\n|turn|15\n|\n|t:|1782895519\n|move|p1a: Meloetta|Close Combat|p2a: Electivire\n|-damage|p2a: Electivire|28/263\n|-unboost|p1a: Meloetta|def|1\n|-unboost|p1a: Meloetta|spd|1\n|-damage|p1a: Meloetta|145/298|[from] item: Life Orb\n|move|p2a: Electivire|Supercell Slam|p1a: Meloetta\n|-damage|p1a: Meloetta|0 fnt\n|faint|p1a: Meloetta\n|-damage|p2a: Electivire|2/263|[from] item: Life Orb\n|\n|upkeep\n|\n|t:|1782895520\n|switch|p1a: Morpeko|Morpeko, L88, M|245/245\n|-damage|p1a: Morpeko|215/245|[from] Stealth Rock\n|turn|16\n|\n|t:|1782895523\n|move|p1a: Morpeko|Rapid Spin|p2a: Electivire\n|-damage|p2a: Electivire|0 fnt\n|-boost|p1a: Morpeko|spe|1\n|-sideend|p1: jnpr010334|Stealth Rock|[from] move: Rapid Spin|[of] p1a: Morpeko\n|faint|p2a: Electivire\n|\n|-heal|p1a: Morpeko|230/245|[from] item: Leftovers\n|-formechange|p1a: Morpeko|Morpeko-Hangry||[from] ability: Hunger Switch\n|upkeep\n|\n|t:|1782895528\n|switch|p2a: Gallade|Gallade, L80, M|240/240\n|turn|17\n|\n|t:|1782895534\n|-terastallize|p1a: Morpeko|Electric\n|move|p1a: Morpeko|Aura Wheel|p2a: Gallade\n|-damage|p2a: Gallade|75/240\n|-boost|p1a: Morpeko|spe|1\n|move|p2a: Gallade|Agility|p2a: Gallade\n|-boost|p2a: Gallade|spe|2\n|\n|-heal|p1a: Morpeko|245/245|[from] item: Leftovers\n|upkeep\n|turn|18\n|\n|t:|1782895542\n|move|p1a: Morpeko|Aura Wheel|p2a: Gallade\n|-damage|p2a: Gallade|0 fnt\n|-boost|p1a: Morpeko|spe|1\n|faint|p2a: Gallade\n|\n|upkeep\n|-message|pitchai forfeited.\n|\n|win|jnpr010334\n|raw|jnpr010334's rating: 1687 &rarr; <strong>1703</strong><br />(+16 for winning)\n|raw|pitchai's rating: 1625 &rarr; <strong>1609</strong><br />(-16 for losing)\n", "inputlog": ">version f8ac14003a5f27e1bdc8d8c59608a773c1cb96e5\n>start {\"formatid\":\"gen9randombattle\",\"seed\":\"sodium,63ea6ee9c3dcda75a9b513abe19413f6\",\"rated\":\"Rated battle\"}\n>player p1 {\"name\":\"jnpr010334\",\"avatar\":\"265\",\"rating\":1686,\"seed\":\"sodium,2394f617cc363f820f7d3add2d619f31\"}\n>player p2 {\"name\":\"pitchai\",\"avatar\":\"266\",\"rating\":1625,\"seed\":\"sodium,d68556e6394dfa46a8aee931c8af2766\"}\n>p1 move nastyplot\n>p2 move thunderwave\n>p1 move flashcannon\n>p2 move encore\n>p1 move nastyplot\n>p2 move bugbuzz\n>p1 move nastyplot\n>p2 move bugbuzz\n>p1 move flashcannon\n>p2 move encore\n>p1 move nastyplot\n>p2 switch 4\n>p1 switch 6\n>p2 move sacredsword\n>p1 move willowisp\n>p2 switch 2\n>p1 move willowisp\n>p2 move stealthrock\n>p1 move shadowball\n>p2 move iciclecrash\n>p1 move shadowball\n>p2 move roar\n>p1 move relicsong\n>p2 switch 4\n>p1 move tripleaxel\n>p2 switch 5\n>p1 move knockoff\n>p2 move airslash\n>p2 switch 6\n>p1 move closecombat\n>p2 move supercellslam\n>p1 switch 3\n>p1 move rapidspin\n>p2 move earthquake\n>p2 switch 2\n>p1 move aurawheel terastallize\n>p2 move agility\n>p1 move aurawheel\n>p2 move psychocut\n>forcelose p2", "uploadtime": 1782895546, "views": 2, "formatid": "gen9randombattle", "rating": 1609, "private": 0, "password": null, "player_dets": [{"name": "jnpr010334", "avatar": "265", "rating": 1686, "seed": "sodium,2394f617cc363f820f7d3add2d619f31"}, {"name": "pitchai", "avatar": "266", "rating": 1625, "seed": "sodium,d68556e6394dfa46a8aee931c8af2766"}], "teams_full": [{"Lucario": {"name": "Lucario", "species": "Lucario", "speciesId": "lucario", "gender": "F", "shiny": false, "level": 84, "moves": ["vacuumwave", "nastyplot", "focusblast", "flashcannon"], "ability": "Inner Focus", "evs": {"hp": 85, "atk": 0, "def": 85, "spa": 85, "spd": 85, "spe": 85}, "ivs": {"hp": 31, "atk": 0, "def": 31, "spa": 31, "spd": 31, "spe": 31}, "item": "Life Orb", "teraType": "Fighting", "role": "Setup Sweeper", "bvs": {"hp": 70, "atk": 110, "def": 70, "spa": 115, "spd": 70, "spe": 90}, "stats": {"hp": 255, "atk": 189, "def": 166, "spa": 241, "spd": 166, "spe": 199}, "types": ["Fighting", "Steel"]}, "Meganium": {"name": "Meganium", "species": "Meganium", "speciesId": "meganium", "gender": "M", "shiny": false, "level": 90, "moves": ["knockoff", "dragontail", "energyball", "synthesis"], "ability": "Overgrow", "evs": {"hp": 85, "atk": 85, "def": 85, "spa": 85, "spd": 85, "spe": 85}, "ivs": {"hp": 31, "atk": 31, "def": 31, "spa": 31, "spd": 31, "spe": 31}, "item": "Leftovers", "teraType": "Steel", "role": "Bulky Attacker", "bvs": {"hp": 80, "atk": 82, "def": 100, "spa": 83, "spd": 100, "spe": 80}, "stats": {"hp": 290, "atk": 199, "def": 231, "spa": 201, "spd": 231, "spe": 195}, "types": ["Grass"]}, "Morpeko": {"name": "Morpeko", "species": "Morpeko", "speciesId": "morpeko", "gender": "M", "shiny": false, "level": 88, "moves": ["knockoff", "rapidspin", "aurawheel", "protect"], "ability": "Hunger Switch", "evs": {"hp": 85, "atk": 85, "def": 85, "spa": 85, "spd": 85, "spe": 85}, "ivs": {"hp": 31, "atk": 31, "def": 31, "spa": 31, "spd": 31, "spe": 31}, "item": "Leftovers", "teraType": "Electric", "role": "Bulky Attacker", "bvs": {"hp": 58, "atk": 95, "def": 58, "spa": 70, "spd": 58, "spe": 97}, "stats": {"hp": 245, "atk": 217, "def": 152, "spa": 173, "spd": 152, "spe": 221}, "types": ["Electric", "Dark"]}, "Altaria": {"name": "Altaria", "species": "Altaria", "speciesId": "altaria", "gender": "M", "shiny": false, "level": 89, "moves": ["roost", "haze", "bravebird", "earthquake"], "ability": "Natural Cure", "evs": {"hp": 85, "atk": 85, "def": 85, "spa": 85, "spd": 85, "spe": 85}, "ivs": {"hp": 31, "atk": 31, "def": 31, "spa": 31, "spd": 31, "spe": 31}, "item": "Heavy-Duty Boots", "teraType": "Steel", "role": "Bulky Support", "bvs": {"hp": 75, "atk": 70, "def": 90, "spa": 70, "spd": 105, "spe": 80}, "stats": {"hp": 278, "atk": 175, "def": 211, "spa": 175, "spd": 238, "spe": 193}, "types": ["Dragon", "Flying"]}, "Meloetta": {"name": "Meloetta", "species": "Meloetta", "speciesId": "meloetta", "gender": "N", "shiny": false, "level": 82, "moves": ["relicsong", "closecombat", "knockoff", "tripleaxel"], "ability": "Serene Grace", "evs": {"hp": 85, "atk": 85, "def": 85, "spa": 85, "spd": 85, "spe": 85}, "ivs": {"hp": 31, "atk": 31, "def": 31, "spa": 31, "spd": 31, "spe": 31}, "item": "Life Orb", "teraType": "Dark", "role": "Wallbreaker", "bvs": {"hp": 100, "atk": 77, "def": 77, "spa": 128, "spd": 128, "spe": 90}, "stats": {"hp": 298, "atk": 173, "def": 173, "spa": 257, "spd": 257, "spe": 195}, "types": ["Normal", "Psychic"]}, "Giratina": {"name": "Giratina", "species": "Giratina", "speciesId": "giratina", "gender": "N", "shiny": false, "level": 75, "moves": ["shadowball", "willowisp", "rest", "sleeptalk"], "ability": "Pressure", "evs": {"hp": 85, "atk": 0, "def": 85, "spa": 85, "spd": 85, "spe": 85}, "ivs": {"hp": 31, "atk": 0, "def": 31, "spa": 31, "spd": 31, "spe": 31}, "item": "Leftovers", "teraType": "Fairy", "role": "Bulky Attacker", "bvs": {"hp": 150, "atk": 100, "def": 120, "spa": 100, "spd": 120, "spe": 90}, "stats": {"hp": 349, "atk": 155, "def": 224, "spa": 194, "spd": 224, "spe": 179}, "types": ["Ghost", "Dragon"]}}, {"Illumise": {"name": "Illumise", "species": "Illumise", "speciesId": "illumise", "gender": "F", "shiny": false, "level": 91, "moves": ["encore", "roost", "thunderwave", "bugbuzz"], "ability": "Prankster", "evs": {"hp": 85, "atk": 0, "def": 85, "spa": 85, "spd": 85, "spe": 85}, "ivs": {"hp": 31, "atk": 0, "def": 31, "spa": 31, "spd": 31, "spe": 31}, "item": "Heavy-Duty Boots", "teraType": "Water", "role": "Bulky Support", "bvs": {"hp": 65, "atk": 47, "def": 75, "spa": 73, "spd": 85, "spe": 85}, "stats": {"hp": 266, "atk": 90, "def": 188, "spa": 185, "spd": 207, "spe": 207}, "types": ["Bug"]}, "Piloswine": {"name": "Piloswine", "species": "Piloswine", "speciesId": "piloswine", "gender": "F", "shiny": false, "level": 85, "moves": ["earthquake", "roar", "iciclecrash", "stealthrock"], "ability": "Thick Fat", "evs": {"hp": 85, "atk": 85, "def": 85, "spa": 85, "spd": 85, "spe": 85}, "ivs": {"hp": 31, "atk": 31, "def": 31, "spa": 31, "spd": 31, "spe": 31}, "item": "Eviolite", "teraType": "Poison", "role": "Bulky Support", "bvs": {"hp": 100, "atk": 100, "def": 80, "spa": 60, "spd": 60, "spe": 50}, "stats": {"hp": 309, "atk": 219, "def": 185, "spa": 151, "spd": 151, "spe": 134}, "types": ["Ice", "Ground"]}, "Salamence": {"name": "Salamence", "species": "Salamence", "speciesId": "salamence", "gender": "F", "shiny": false, "level": 77, "moves": ["earthquake", "dualwingbeat", "outrage", "dragondance"], "ability": "Moxie", "evs": {"hp": 85, "atk": 85, "def": 85, "spa": 85, "spd": 85, "spe": 85}, "ivs": {"hp": 31, "atk": 31, "def": 31, "spa": 31, "spd": 31, "spe": 31}, "item": "Heavy-Duty Boots", "teraType": "Steel", "role": "Setup Sweeper", "bvs": {"hp": 95, "atk": 135, "def": 80, "spa": 110, "spd": 80, "spe": 100}, "stats": {"hp": 273, "atk": 252, "def": 168, "spa": 214, "spd": 168, "spe": 199}, "types": ["Dragon", "Flying"]}, "Gallade": {"name": "Gallade", "species": "Gallade", "speciesId": "gallade", "gender": "M", "shiny": false, "level": 80, "moves": ["nightslash", "agility", "sacredsword", "psychocut"], "ability": "Sharpness", "evs": {"hp": 85, "atk": 85, "def": 85, "spa": 85, "spd": 85, "spe": 85}, "ivs": {"hp": 31, "atk": 31, "def": 31, "spa": 31, "spd": 31, "spe": 31}, "item": "Life Orb", "teraType": "Dark", "role": "Setup Sweeper", "bvs": {"hp": 68, "atk": 125, "def": 65, "spa": 65, "spd": 115, "spe": 80}, "stats": {"hp": 240, "atk": 246, "def": 150, "spa": 150, "spd": 230, "spe": 174}, "types": ["Psychic", "Fighting"]}, "Yanmega": {"name": "Yanmega", "species": "Yanmega", "speciesId": "yanmega", "gender": "F", "shiny": false, "level": 82, "moves": ["bugbuzz", "uturn", "airslash", "gigadrain"], "ability": "Tinted Lens", "evs": {"hp": 85, "atk": 85, "def": 85, "spa": 85, "spd": 85, "spe": 85}, "ivs": {"hp": 31, "atk": 31, "def": 31, "spa": 31, "spd": 31, "spe": 31}, "item": "Choice Specs", "teraType": "Bug", "role": "Wallbreaker", "bvs": {"hp": 86, "atk": 76, "def": 86, "spa": 116, "spd": 56, "spe": 95}, "stats": {"hp": 275, "atk": 172, "def": 188, "spa": 237, "spd": 139, "spe": 203}, "types": ["Bug", "Flying"]}, "Electivire": {"name": "Electivire", "species": "Electivire", "speciesId": "electivire", "gender": "M", "shiny": false, "level": 84, "moves": ["earthquake", "icepunch", "supercellslam", "bulkup"], "ability": "Motor Drive", "evs": {"hp": 85, "atk": 85, "def": 85, "spa": 85, "spd": 85, "spe": 85}, "ivs": {"hp": 31, "atk": 31, "def": 31, "spa": 31, "spd": 31, "spe": 31}, "item": "Life Orb", "teraType": "Flying", "role": "Setup Sweeper", "bvs": {"hp": 75, "atk": 123, "def": 67, "spa": 95, "spd": 85, "spe": 95}, "stats": {"hp": 263, "atk": 255, "def": 161, "spa": 208, "spd": 191, "spe": 208}, "types": ["Electric"]}}]}