{"id": "gen9randombattle-2642187646", "format": "[Gen 9] Random Battle", "players": ["jnpr010334", "Karen Ketchum"], "log": "|j|\u2606jnpr010334\n|j|\u2606Karen Ketchum\n|t:|1782907771\n|gametype|singles\n|player|p1|jnpr010334|265|1735\n|player|p2|Karen Ketchum|cyclistf|1759\n|gen|9\n|tier|[Gen 9] Random Battle\n|rated|\n|rule|Species Clause: Limit one of each Pok\u00e9mon\n|rule|HP Percentage Mod: HP is shown in percentages\n|rule|Sleep Clause Mod: Limit one foe put to sleep\n|rule|Illusion Level Mod: Illusion disguises the Pok\u00e9mon's true level\n|\n|t:|1782907771\n|teamsize|p1|6\n|teamsize|p2|6\n|start\n|switch|p1a: Golurk|Golurk, L87|297/297\n|switch|p2a: Stonjourner|Stonjourner, L91, F|330/330\n|turn|1\n|inactive|Battle timer is ON: inactive players will automatically lose when time's up. (requested by Karen Ketchum)\n|inactive|jnpr010334 also wants the timer to be on.\n|\n|t:|1782907786\n|move|p2a: Stonjourner|Stealth Rock|p1a: Golurk\n|-sidestart|p1: jnpr010334|move: Stealth Rock\n|move|p1a: Golurk|Dynamic Punch|p2a: Stonjourner\n|-supereffective|p2a: Stonjourner\n|-damage|p2a: Stonjourner|138/330\n|-start|p2a: Stonjourner|confusion\n|\n|upkeep\n|turn|2\n|\n|t:|1782907799\n|switch|p2a: Munkidori|Munkidori, L79, M|269/269\n|move|p1a: Golurk|Dynamic Punch|p2a: Munkidori\n|-resisted|p2a: Munkidori\n|-damage|p2a: Munkidori|227/269\n|-start|p2a: Munkidori|confusion\n|\n|upkeep\n|turn|3\n|\n|t:|1782907807\n|switch|p1a: Dialga|Dialga, L73|266/266\n|-damage|p1a: Dialga|250/266|[from] Stealth Rock\n|-ability|p1a: Dialga|Pressure\n|-activate|p2a: Munkidori|confusion\n|move|p2a: Munkidori|Fake Out|p1a: Dialga\n|-resisted|p1a: Dialga\n|-damage|p1a: Dialga|241/266\n|\n|upkeep\n|turn|4\n|\n|t:|1782907820\n|switch|p2a: Hippowdon|Hippowdon, L82, F|311/311\n|-weather|Sandstorm|[from] ability: Sand Stream|[of] p2a: Hippowdon\n|move|p1a: Dialga|Heavy Slam|p2a: Hippowdon\n|-damage|p2a: Hippowdon|262/311\n|-damage|p1a: Dialga|197/266|[from] item: Rocky Helmet|[of] p2a: Hippowdon\n|\n|-weather|Sandstorm|[upkeep]\n|upkeep\n|turn|5\n|\n|t:|1782907831\n|move|p1a: Dialga|Draco Meteor|p2a: Hippowdon\n|-damage|p2a: Hippowdon|85/311\n|-unboost|p1a: Dialga|spa|2\n|move|p2a: Hippowdon|Earthquake|p1a: Dialga\n|-supereffective|p1a: Dialga\n|-damage|p1a: Dialga|3/266\n|\n|-weather|Sandstorm|[upkeep]\n|upkeep\n|turn|6\n|\n|t:|1782907840\n|move|p1a: Dialga|Draco Meteor|p2a: Hippowdon\n|-damage|p2a: Hippowdon|0 fnt\n|-unboost|p1a: Dialga|spa|2\n|faint|p2a: Hippowdon\n|\n|-weather|Sandstorm|[upkeep]\n|upkeep\n|\n|t:|1782907861\n|switch|p2a: Munkidori|Munkidori, L79, M|227/269\n|turn|7\n|\n|t:|1782907867\n|move|p2a: Munkidori|Fake Out|p1a: Dialga\n|-resisted|p1a: Dialga\n|-damage|p1a: Dialga|0 fnt\n|faint|p1a: Dialga\n|\n|-weather|Sandstorm|[upkeep]\n|-damage|p2a: Munkidori|211/269|[from] Sandstorm\n|upkeep\n|\n|t:|1782907870\n|switch|p1a: Golurk|Golurk, L87|297/297\n|-damage|p1a: Golurk|279/297|[from] Stealth Rock\n|turn|8\n|\n|t:|1782907875\n|switch|p2a: Maushold|Maushold-Four, L76|238/238\n|move|p1a: Golurk|Poltergeist|p2a: Maushold\n|-immune|p2a: Maushold\n|\n|-weather|none\n|upkeep\n|turn|9\n|\n|t:|1782907882\n|switch|p1a: Blissey|Blissey, L85, F|572/572\n|-damage|p1a: Blissey|501/572|[from] Stealth Rock\n|move|p2a: Maushold|Population Bomb|p1a: Blissey\n|-damage|p1a: Blissey|443/572\n|-damage|p1a: Blissey|382/572\n|-damage|p1a: Blissey|315/572\n|-damage|p1a: Blissey|252/572\n|-damage|p1a: Blissey|183/572\n|-crit|p1a: Blissey\n|-damage|p1a: Blissey|95/572\n|-damage|p1a: Blissey|37/572\n|-damage|p1a: Blissey|0 fnt\n|faint|p1a: Blissey\n|-hitcount|p1: Blissey|8\n|\n|upkeep\n|\n|t:|1782907885\n|switch|p1a: Golurk|Golurk, L87|279/297\n|-damage|p1a: Golurk|261/297|[from] Stealth Rock\n|turn|10\n|\n|t:|1782907894\n|switch|p2a: Stonjourner|Stonjourner, L91, F|138/330\n|move|p1a: Golurk|Dynamic Punch|p2a: Stonjourner\n|-supereffective|p2a: Stonjourner\n|-damage|p2a: Stonjourner|0 fnt\n|faint|p2a: Stonjourner\n|\n|upkeep\n|\n|t:|1782907902\n|switch|p2a: Maushold|Maushold-Four, L76|238/238\n|turn|11\n|\n|t:|1782907906\n|-terastallize|p2a: Maushold|Ghost\n|move|p2a: Maushold|Tidy Up|p2a: Maushold\n|-sideend|p1: jnpr010334|Stealth Rock\n|-activate|p2a: Maushold|move: Tidy Up\n|-boost|p2a: Maushold|atk|1\n|-boost|p2a: Maushold|spe|1\n|move|p1a: Golurk|Dynamic Punch|p2a: Maushold\n|-immune|p2a: Maushold\n|\n|upkeep\n|turn|12\n|\n|t:|1782907910\n|switch|p1a: Mimikyu|Mimikyu, L79, M|216/216\n|move|p2a: Maushold|Tidy Up|p2a: Maushold\n|-boost|p2a: Maushold|atk|1\n|-boost|p2a: Maushold|spe|1\n|\n|upkeep\n|turn|13\n|\n|t:|1782907914\n|move|p1a: Mimikyu|Shadow Sneak|p2a: Maushold\n|-supereffective|p2a: Maushold\n|-damage|p2a: Maushold|113/238\n|-damage|p1a: Mimikyu|195/216|[from] item: Life Orb\n|move|p2a: Maushold|Bite|p1a: Mimikyu\n|-activate|p1a: Mimikyu|ability: Disguise\n|-damage|p1a: Mimikyu|195/216\n|detailschange|p1a: Mimikyu|Mimikyu-Busted, L79, M\n|-damage|p1a: Mimikyu|168/216|[from] pokemon: Mimikyu-Busted\n|\n|upkeep\n|turn|14\n|\n|t:|1782907917\n|move|p1a: Mimikyu|Shadow Sneak|p2a: Maushold\n|-supereffective|p2a: Maushold\n|-damage|p2a: Maushold|0 fnt\n|faint|p2a: Maushold\n|-damage|p1a: Mimikyu|147/216|[from] item: Life Orb\n|\n|upkeep\n|\n|t:|1782907923\n|switch|p2a: Munkidori|Munkidori, L79, M|211/269\n|turn|15\n|\n|t:|1782907927\n|switch|p1a: Golurk|Golurk, L87|261/297\n|move|p2a: Munkidori|Sludge Wave|p1a: Golurk\n|-resisted|p1a: Golurk\n|-damage|p1a: Golurk|231/297\n|-status|p1a: Golurk|tox|[from] ability: Toxic Chain|[of] p2a: Munkidori\n|\n|-damage|p1a: Golurk|213/297 tox|[from] psn\n|upkeep\n|turn|16\n|\n|t:|1782907930\n|move|p2a: Munkidori|Psychic Noise|p1a: Golurk\n|-damage|p1a: Golurk|126/297 tox\n|-start|p1a: Golurk|move: Heal Block\n|move|p1a: Golurk|Poltergeist|p2a: Munkidori\n|-activate|p2a: Munkidori|move: Poltergeist|Assault Vest\n|-supereffective|p2a: Munkidori\n|-damage|p2a: Munkidori|0 fnt\n|faint|p2a: Munkidori\n|\n|-damage|p1a: Golurk|90/297 tox|[from] psn\n|upkeep\n|\n|t:|1782907944\n|switch|p2a: Chi-Yu|Chi-Yu, L77|211/211\n|-ability|p2a: Chi-Yu|Beads of Ruin\n|turn|17\n|\n|t:|1782907952\n|move|p2a: Chi-Yu|Flamethrower|p1a: Golurk\n|-damage|p1a: Golurk|0 fnt\n|faint|p1a: Golurk\n|\n|upkeep\n|\n|t:|1782907954\n|switch|p1a: Staraptor|Staraptor, L79, F|263/263\n|turn|18\n|\n|t:|1782907960\n|-terastallize|p1a: Staraptor|Flying\n|move|p1a: Staraptor|Close Combat|p2a: Chi-Yu\n|-supereffective|p2a: Chi-Yu\n|-damage|p2a: Chi-Yu|13/211\n|-unboost|p1a: Staraptor|def|1\n|-unboost|p1a: Staraptor|spd|1\n|move|p2a: Chi-Yu|Flamethrower|p1a: Staraptor\n|-damage|p1a: Staraptor|0 fnt\n|faint|p1a: Staraptor\n|\n|upkeep\n|\n|t:|1782907962\n|switch|p1a: Mimikyu|Mimikyu-Busted, L79, M|147/216\n|turn|19\n|\n|t:|1782907974\n|move|p1a: Mimikyu|Shadow Sneak|p2a: Chi-Yu\n|-resisted|p2a: Chi-Yu\n|-damage|p2a: Chi-Yu|0 fnt\n|faint|p2a: Chi-Yu\n|-damage|p1a: Mimikyu|126/216|[from] item: Life Orb\n|\n|upkeep\n|\n|t:|1782907977\n|switch|p2a: Iron Jugulis|Iron Jugulis, L77|271/271\n|turn|20\n|\n|t:|1782907982\n|move|p2a: Iron Jugulis|Meteor Beam||[still]\n|-prepare|p2a: Iron Jugulis|Meteor Beam\n|-boost|p2a: Iron Jugulis|spa|1\n|-enditem|p2a: Iron Jugulis|Power Herb\n|-anim|p2a: Iron Jugulis|Meteor Beam|p1a: Mimikyu\n|-damage|p1a: Mimikyu|13/216\n|move|p1a: Mimikyu|Play Rough|p2a: Iron Jugulis\n|-supereffective|p2a: Iron Jugulis\n|-damage|p2a: Iron Jugulis|34/271\n|-damage|p1a: Mimikyu|0 fnt|[from] item: Life Orb\n|faint|p1a: Mimikyu\n|\n|upkeep\n|\n|t:|1782907983\n|switch|p1a: Shiftry|Shiftry, L89, M|305/305\n|turn|21\n|\n|t:|1782907993\n|move|p1a: Shiftry|Sucker Punch|p2a: Iron Jugulis\n|-resisted|p2a: Iron Jugulis\n|-damage|p2a: Iron Jugulis|0 fnt\n|faint|p2a: Iron Jugulis\n|-end|p2a: Iron Jugulis|Quark Drive|[silent]\n|\n|win|jnpr010334\n|raw|jnpr010334's rating: 1748 &rarr; <strong>1769</strong><br />(+21 for winning)\n|raw|Karen Ketchum's rating: 1759 &rarr; <strong>1738</strong><br />(-21 for losing)\n", "inputlog": ">version f8ac14003a5f27e1bdc8d8c59608a773c1cb96e5\n>start {\"formatid\":\"gen9randombattle\",\"seed\":\"sodium,260bb6ba59854a56c94d4f3e47048709\",\"rated\":\"Rated battle\"}\n>player p1 {\"name\":\"jnpr010334\",\"avatar\":\"265\",\"rating\":1735,\"seed\":\"sodium,3c5bd51c5067a46eb76242ea55e935e6\"}\n>player p2 {\"name\":\"Karen Ketchum\",\"avatar\":\"cyclistf\",\"rating\":1759,\"seed\":\"sodium,5e51c81991fef03b36af5ba608a1646a\"}\n>p1 move dynamicpunch\n>p2 move stealthrock\n>p1 move dynamicpunch\n>p2 switch 3\n>p1 switch 4\n>p2 move fakeout\n>p1 move heavyslam\n>p2 switch 2\n>p1 move dracometeor\n>p2 move earthquake\n>p1 move dracometeor\n>p2 move earthquake\n>p2 switch 2\n>p1 move heavyslam\n>p2 move fakeout\n>p1 switch 4\n>p1 move poltergeist\n>p2 switch 5\n>p1 switch 2\n>p2 move populationbomb\n>p1 switch 2\n>p1 move dynamicpunch\n>p2 switch 3\n>p2 switch 3\n>p1 move dynamicpunch\n>p2 move tidyup terastallize\n>p1 switch 6\n>p2 move tidyup\n>p1 move shadowsneak\n>p2 move bite\n>p1 move shadowsneak\n>p2 move bite\n>p2 switch 5\n>p1 switch 6\n>p2 move sludgewave\n>p1 move poltergeist\n>p2 move psychicnoise\n>p2 switch 4\n>p1 move poltergeist\n>p2 move flamethrower\n>p1 switch 3\n>p1 move closecombat terastallize\n>p2 move flamethrower\n>p1 switch 6\n>p1 move shadowsneak\n>p2 move flamethrower\n>p2 switch 6\n>p1 move playrough\n>p2 move meteorbeam\n>p1 switch 5\n>p1 move suckerpunch\n>p2 move hurricane", "uploadtime": 1782907994, "views": 5, "formatid": "gen9randombattle", "rating": 1738, "private": 0, "password": null, "player_dets": [{"name": "jnpr010334", "avatar": "265", "rating": 1735, "seed": "sodium,3c5bd51c5067a46eb76242ea55e935e6"}, {"name": "Karen Ketchum", "avatar": "cyclistf", "rating": 1759, "seed": "sodium,5e51c81991fef03b36af5ba608a1646a"}], "teams_full": [{"Golurk": {"name": "Golurk", "species": "Golurk", "speciesId": "golurk", "gender": "N", "shiny": false, "level": 87, "moves": ["earthquake", "poltergeist", "dynamicpunch", "stoneedge"], "ability": "No Guard", "evs": {"hp": 85, "atk": 85, "def": 85, "spa": 85, "spd": 85, "spe": 85}, "ivs": {"hp": 31, "atk": 31, "def": 31, "spa": 31, "spd": 31, "spe": 31}, "item": "Choice Band", "teraType": "Fighting", "role": "Wallbreaker", "bvs": {"hp": 89, "atk": 124, "def": 80, "spa": 55, "spd": 80, "spe": 55}, "stats": {"hp": 297, "atk": 266, "def": 189, "spa": 145, "spd": 189, "spe": 145}, "types": ["Ground", "Ghost"]}, "Blissey": {"name": "Blissey", "species": "Blissey", "speciesId": "blissey", "gender": "F", "shiny": false, "level": 85, "moves": ["healbell", "softboiled", "seismictoss", "thunderwave"], "ability": "Natural Cure", "evs": {"hp": 85, "atk": 0, "def": 85, "spa": 85, "spd": 85, "spe": 85}, "ivs": {"hp": 31, "atk": 0, "def": 31, "spa": 31, "spd": 31, "spe": 31}, "item": "Leftovers", "teraType": "Fairy", "role": "Bulky Support", "bvs": {"hp": 255, "atk": 10, "def": 10, "spa": 75, "spd": 135, "spe": 55}, "stats": {"hp": 572, "atk": 22, "def": 66, "spa": 176, "spd": 278, "spe": 142}, "types": ["Normal"]}, "Staraptor": {"name": "Staraptor", "species": "Staraptor", "speciesId": "staraptor", "gender": "F", "shiny": false, "level": 79, "moves": ["uturn", "doubleedge", "closecombat", "bravebird"], "ability": "Reckless", "evs": {"hp": 81, "atk": 85, "def": 85, "spa": 85, "spd": 85, "spe": 85}, "ivs": {"hp": 31, "atk": 31, "def": 31, "spa": 31, "spd": 31, "spe": 31}, "item": "Choice Scarf", "teraType": "Flying", "role": "Fast Attacker", "bvs": {"hp": 85, "atk": 120, "def": 70, "spa": 50, "spd": 60, "spe": 100}, "stats": {"hp": 263, "atk": 235, "def": 156, "spa": 125, "spd": 140, "spe": 204}, "types": ["Normal", "Flying"]}, "Dialga": {"name": "Dialga", "species": "Dialga", "speciesId": "dialga", "gender": "N", "shiny": false, "level": 73, "moves": ["fireblast", "dracometeor", "heavyslam", "dragontail"], "ability": "Pressure", "evs": {"hp": 85, "atk": 85, "def": 85, "spa": 85, "spd": 85, "spe": 85}, "ivs": {"hp": 31, "atk": 31, "def": 31, "spa": 31, "spd": 31, "spe": 31}, "item": "Assault Vest", "teraType": "Steel", "role": "AV Pivot", "bvs": {"hp": 100, "atk": 120, "def": 120, "spa": 150, "spd": 100, "spe": 90}, "stats": {"hp": 266, "atk": 218, "def": 218, "spa": 261, "spd": 188, "spe": 174}, "types": ["Steel", "Dragon"]}, "Shiftry": {"name": "Shiftry", "species": "Shiftry", "speciesId": "shiftry", "gender": "M", "shiny": false, "level": 89, "moves": ["knockoff", "defog", "suckerpunch", "leafstorm"], "ability": "Wind Rider", "evs": {"hp": 85, "atk": 85, "def": 85, "spa": 85, "spd": 85, "spe": 85}, "ivs": {"hp": 31, "atk": 31, "def": 31, "spa": 31, "spd": 31, "spe": 31}, "item": "Heavy-Duty Boots", "teraType": "Dark", "role": "Fast Support", "bvs": {"hp": 90, "atk": 100, "def": 60, "spa": 90, "spd": 60, "spe": 80}, "stats": {"hp": 305, "atk": 229, "def": 158, "spa": 211, "spd": 158, "spe": 193}, "types": ["Grass", "Dark"]}, "Mimikyu": {"name": "Mimikyu", "species": "Mimikyu", "speciesId": "mimikyu", "gender": "M", "shiny": false, "level": 79, "moves": ["swordsdance", "playrough", "shadowsneak", "drainpunch"], "ability": "Disguise", "evs": {"hp": 85, "atk": 85, "def": 85, "spa": 85, "spd": 85, "spe": 85}, "ivs": {"hp": 31, "atk": 31, "def": 31, "spa": 31, "spd": 31, "spe": 31}, "item": "Life Orb", "teraType": "Fairy", "role": "Setup Sweeper", "bvs": {"hp": 55, "atk": 90, "def": 80, "spa": 50, "spd": 105, "spe": 96}, "stats": {"hp": 216, "atk": 188, "def": 172, "spa": 125, "spd": 211, "spe": 197}, "types": ["Ghost", "Fairy"]}}, {"Stonjourner": {"name": "Stonjourner", "species": "Stonjourner", "speciesId": "stonjourner", "gender": "F", "shiny": false, "level": 91, "moves": ["stoneedge", "heatcrash", "stealthrock", "earthquake"], "ability": "Power Spot", "evs": {"hp": 85, "atk": 85, "def": 85, "spa": 85, "spd": 85, "spe": 85}, "ivs": {"hp": 31, "atk": 31, "def": 31, "spa": 31, "spd": 31, "spe": 31}, "item": "Life Orb", "teraType": "Fire", "role": "Fast Attacker", "bvs": {"hp": 100, "atk": 125, "def": 135, "spa": 20, "spd": 20, "spe": 70}, "stats": {"hp": 330, "atk": 279, "def": 298, "spa": 88, "spd": 88, "spe": 179}, "types": ["Rock"]}, "Hippowdon": {"name": "Hippowdon", "species": "Hippowdon", "speciesId": "hippowdon", "gender": "F", "shiny": false, "level": 82, "moves": ["earthquake", "whirlwind", "slackoff", "stoneedge"], "ability": "Sand Stream", "evs": {"hp": 85, "atk": 85, "def": 85, "spa": 85, "spd": 85, "spe": 85}, "ivs": {"hp": 31, "atk": 31, "def": 31, "spa": 31, "spd": 31, "spe": 31}, "item": "Rocky Helmet", "teraType": "Rock", "role": "Bulky Support", "bvs": {"hp": 108, "atk": 112, "def": 118, "spa": 68, "spd": 72, "spe": 47}, "stats": {"hp": 311, "atk": 231, "def": 241, "spa": 159, "spd": 165, "spe": 124}, "types": ["Ground"]}, "Munkidori": {"name": "Munkidori", "species": "Munkidori", "speciesId": "munkidori", "gender": "M", "shiny": false, "level": 79, "moves": ["uturn", "sludgewave", "fakeout", "psychicnoise"], "ability": "Toxic Chain", "evs": {"hp": 85, "atk": 85, "def": 85, "spa": 85, "spd": 85, "spe": 85}, "ivs": {"hp": 31, "atk": 31, "def": 31, "spa": 31, "spd": 31, "spe": 31}, "item": "Assault Vest", "teraType": "Dark", "role": "AV Pivot", "bvs": {"hp": 88, "atk": 75, "def": 66, "spa": 130, "spd": 90, "spe": 106}, "stats": {"hp": 269, "atk": 164, "def": 150, "spa": 251, "spd": 188, "spe": 213}, "types": ["Poison", "Psychic"]}, "Chi-Yu": {"name": "Chi-Yu", "species": "Chi-Yu", "speciesId": "chiyu", "gender": "N", "shiny": false, "level": 77, "moves": ["overheat", "darkpulse", "flamethrower", "psychic"], "ability": "Beads of Ruin", "evs": {"hp": 85, "atk": 0, "def": 85, "spa": 85, "spd": 85, "spe": 85}, "ivs": {"hp": 31, "atk": 0, "def": 31, "spa": 31, "spd": 31, "spe": 31}, "item": "Choice Scarf", "teraType": "Fire", "role": "Fast Attacker", "bvs": {"hp": 55, "atk": 80, "def": 80, "spa": 135, "spd": 120, "spe": 100}, "stats": {"hp": 211, "atk": 128, "def": 168, "spa": 252, "spd": 229, "spe": 199}, "types": ["Dark", "Fire"]}, "Maushold": {"name": "Maushold", "species": "Maushold-Four", "speciesId": "maushold", "gender": "N", "shiny": false, "level": 76, "moves": ["populationbomb", "tidyup", "encore", "bite"], "ability": "Technician", "evs": {"hp": 85, "atk": 85, "def": 85, "spa": 85, "spd": 85, "spe": 85}, "ivs": {"hp": 31, "atk": 31, "def": 31, "spa": 31, "spd": 31, "spe": 31}, "item": "Wide Lens", "teraType": "Ghost", "role": "Setup Sweeper", "bvs": {"hp": 74, "atk": 75, "def": 70, "spa": 65, "spd": 75, "spe": 111}, "stats": {"hp": 238, "atk": 158, "def": 150, "spa": 143, "spd": 158, "spe": 213}, "types": ["Normal"]}, "Iron Jugulis": {"name": "Iron Jugulis", "species": "Iron Jugulis", "speciesId": "ironjugulis", "gender": "N", "shiny": false, "level": 77, "moves": ["earthpower", "hurricane", "darkpulse", "meteorbeam"], "ability": "Quark Drive", "evs": {"hp": 85, "atk": 0, "def": 85, "spa": 85, "spd": 85, "spe": 85}, "ivs": {"hp": 31, "atk": 0, "def": 31, "spa": 31, "spd": 31, "spe": 31}, "item": "Power Herb", "teraType": "Ground", "role": "Setup Sweeper", "bvs": {"hp": 94, "atk": 80, "def": 86, "spa": 122, "spd": 80, "spe": 108}, "stats": {"hp": 271, "atk": 128, "def": 177, "spa": 232, "spd": 168, "spe": 211}, "types": ["Dark", "Flying"]}}]}