{"id": "gen9randombattle-2641985079", "format": "[Gen 9] Random Battle", "players": ["jefferybutbetter", "roomsmall"], "log": "|j|\u2606jefferybutbetter\n|j|\u2606roomsmall\n|t:|1782868852\n|gametype|singles\n|player|p1|jefferybutbetter|benga|1101\n|player|p2|roomsmall|265|1126\n|gen|9\n|tier|[Gen 9] Random Battle\n|rated|\n|rule|Species Clause: Limit one of each Pok\u00e9mon\n|rule|HP Percentage Mod: HP is shown in percentages\n|rule|Sleep Clause Mod: Limit one foe put to sleep\n|rule|Illusion Level Mod: Illusion disguises the Pok\u00e9mon's true level\n|\n|t:|1782868852\n|teamsize|p1|6\n|teamsize|p2|6\n|start\n|switch|p1a: Chandelure|Chandelure, L83, F|235/235\n|switch|p2a: Vigoroth|Vigoroth, L85, M|275/275\n|turn|1\n|inactive|Battle timer is ON: inactive players will automatically lose when time's up. (requested by jefferybutbetter)\n|\n|t:|1782868868\n|move|p1a: Chandelure|Trick|p2a: Vigoroth\n|-activate|p1a: Chandelure|move: Trick|[of] p2a: Vigoroth\n|-item|p2a: Vigoroth|Choice Scarf|[from] move: Trick\n|-item|p1a: Chandelure|Eviolite|[from] move: Trick\n|move|p2a: Vigoroth|Bulk Up|p2a: Vigoroth\n|-boost|p2a: Vigoroth|atk|1\n|-boost|p2a: Vigoroth|def|1\n|\n|upkeep\n|turn|2\n|\n|t:|1782868894\n|switch|p2a: Kommo-o|Kommo-o, L78, M|245/245\n|move|p1a: Chandelure|Fire Blast|p2a: Kommo-o\n|-resisted|p2a: Kommo-o\n|-damage|p2a: Kommo-o|164/245\n|\n|upkeep\n|turn|3\n|inactive|roomsmall has 120 seconds left.\n|\n|t:|1782868913\n|move|p1a: Chandelure|Trick|p2a: Kommo-o\n|-activate|p1a: Chandelure|move: Trick|[of] p2a: Kommo-o\n|-item|p2a: Kommo-o|Eviolite|[from] move: Trick\n|-item|p1a: Chandelure|Loaded Dice|[from] move: Trick\n|move|p2a: Kommo-o|Scale Shot|p1a: Chandelure\n|-damage|p1a: Chandelure|207/235\n|-damage|p1a: Chandelure|179/235\n|-damage|p1a: Chandelure|154/235\n|-hitcount|p1a: Chandelure|3\n|-unboost|p2a: Kommo-o|def|1\n|-boost|p2a: Kommo-o|spe|1\n|\n|upkeep\n|turn|4\n|inactive|roomsmall has 120 seconds left.\n|\n|t:|1782868926\n|switch|p1a: Seviper|Seviper, L93, M|287/287\n|move|p2a: Kommo-o|Scale Shot|p1a: Seviper\n|-damage|p1a: Seviper|254/287\n|-damage|p1a: Seviper|224/287\n|-damage|p1a: Seviper|190/287\n|-hitcount|p1a: Seviper|3\n|-unboost|p2a: Kommo-o|def|1\n|-boost|p2a: Kommo-o|spe|1\n|\n|upkeep\n|turn|5\n|inactive|roomsmall has 120 seconds left.\n|\n|t:|1782868939\n|-terastallize|p2a: Kommo-o|Steel\n|move|p2a: Kommo-o|Iron Head|p1a: Seviper\n|-damage|p1a: Seviper|99/287\n|move|p1a: Seviper|Knock Off|p2a: Kommo-o\n|-damage|p2a: Kommo-o|0 fnt\n|-enditem|p2a: Kommo-o|Eviolite|[from] move: Knock Off|[of] p1a: Seviper\n|faint|p2a: Kommo-o\n|-damage|p1a: Seviper|71/287|[from] item: Life Orb\n|\n|upkeep\n|inactive|roomsmall has 120 seconds left.\n|\n|t:|1782868949\n|switch|p2a: Vigoroth|Vigoroth, L85, M|275/275\n|turn|6\n|\n|t:|1782868953\n|move|p2a: Vigoroth|Bulk Up|p2a: Vigoroth\n|-boost|p2a: Vigoroth|atk|1\n|-boost|p2a: Vigoroth|def|1\n|move|p1a: Seviper|Giga Drain|p2a: Vigoroth\n|-crit|p2a: Vigoroth\n|-damage|p2a: Vigoroth|107/275\n|-heal|p1a: Seviper|155/287|[from] drain|[of] p2a: Vigoroth\n|-damage|p1a: Seviper|127/287|[from] item: Life Orb\n|\n|upkeep\n|turn|7\n|inactive|roomsmall has 120 seconds left.\n|\n|t:|1782868982\n|switch|p2a: Arbok|Arbok, L87, M|246/246\n|-ability|p2a: Arbok|Intimidate|boost\n|-unboost|p1a: Seviper|atk|1\n|move|p1a: Seviper|Giga Drain|p2a: Arbok\n|-resisted|p2a: Arbok\n|-damage|p2a: Arbok|203/246\n|-heal|p1a: Seviper|149/287|[from] drain|[of] p2a: Arbok\n|-damage|p1a: Seviper|121/287|[from] item: Life Orb\n|\n|upkeep\n|turn|8\n|inactive|roomsmall has 120 seconds left.\n|\n|t:|1782869001\n|move|p2a: Arbok|Knock Off|p1a: Seviper\n|-damage|p1a: Seviper|18/287\n|-enditem|p1a: Seviper|Life Orb|[from] move: Knock Off|[of] p2a: Arbok\n|-damage|p2a: Arbok|179/246|[from] item: Life Orb\n|move|p1a: Seviper|Flamethrower|p2a: Arbok\n|-damage|p2a: Arbok|90/246\n|\n|upkeep\n|turn|9\n|\n|t:|1782869008\n|move|p2a: Arbok|Knock Off|p1a: Seviper\n|-damage|p1a: Seviper|0 fnt\n|faint|p1a: Seviper\n|-damage|p2a: Arbok|66/246|[from] item: Life Orb\n|\n|upkeep\n|l|\u2606roomsmall\n|inactive|roomsmall disconnected and has a minute to reconnect!\n|player|p2|\n|\n|t:|1782869020\n|switch|p1a: Chien-Pao|Chien-Pao, L72|234/234\n|-ability|p1a: Chien-Pao|Sword of Ruin\n|turn|10\n|inactive|roomsmall has 30 seconds to reconnect!\n|inactive|roomsmall has 20 seconds to reconnect!\n|l|\u2606jefferybutbetter\n|inactive|jefferybutbetter disconnected and has a minute to reconnect!\n|player|p1|\n|j|\u2606jefferybutbetter\n|inactive|jefferybutbetter reconnected.\n|player|p1|jefferybutbetter|benga|\n|inactive|roomsmall has 15 seconds to reconnect!\n|inactive|roomsmall has 10 seconds to reconnect!\n|inactive|roomsmall has 5 seconds to reconnect!\n|-message|roomsmall lost due to inactivity.\n|\n|win|jefferybutbetter\n|raw|jefferybutbetter's rating: 1101 &rarr; <strong>1128</strong><br />(+27 for winning)\n|raw|roomsmall's rating: 1126 &rarr; <strong>1099</strong><br />(-27 for losing)\n", "inputlog": ">version f8ac14003a5f27e1bdc8d8c59608a773c1cb96e5\n>start {\"formatid\":\"gen9randombattle\",\"seed\":\"sodium,e8deac17f2521b80697a321008b97ecb\",\"rated\":\"Rated battle\"}\n>player p1 {\"name\":\"jefferybutbetter\",\"avatar\":\"benga\",\"rating\":1101,\"seed\":\"sodium,9cd7e0fcccab402b4dc5cb51f4159c6f\"}\n>player p2 {\"name\":\"roomsmall\",\"avatar\":\"265\",\"rating\":1126,\"seed\":\"sodium,c4250d63ea105c44c12e39a0594133ec\"}\n>p1 move trick\n>p2 move bulkup\n>p1 move fireblast\n>p2 switch 3\n>p1 move trick\n>p2 move scaleshot\n>p1 switch 4\n>p2 move scaleshot\n>p1 move knockoff\n>p2 move ironhead terastallize\n>p2 switch 3\n>p1 move gigadrain\n>p2 move bulkup\n>p1 move gigadrain\n>p2 switch 2\n>p1 move flamethrower\n>p2 move knockoff\n>p1 move flamethrower\n>p2 move knockoff\n>p1 switch 6\n>forcelose p2", "uploadtime": 1782869085, "views": 6, "formatid": "gen9randombattle", "rating": 1099, "private": 0, "password": null, "player_dets": [{"name": "jefferybutbetter", "avatar": "benga", "rating": 1101, "seed": "sodium,9cd7e0fcccab402b4dc5cb51f4159c6f"}, {"name": "roomsmall", "avatar": "265", "rating": 1126, "seed": "sodium,c4250d63ea105c44c12e39a0594133ec"}], "teams_full": [{"Chandelure": {"name": "Chandelure", "species": "Chandelure", "speciesId": "chandelure", "gender": "F", "shiny": false, "level": 83, "moves": ["energyball", "trick", "shadowball", "fireblast"], "ability": "Flash Fire", "evs": {"hp": 85, "atk": 0, "def": 85, "spa": 85, "spd": 85, "spe": 85}, "ivs": {"hp": 31, "atk": 0, "def": 31, "spa": 31, "spd": 31, "spe": 31}, "item": "Choice Scarf", "teraType": "Fire", "role": "Fast Attacker", "bvs": {"hp": 60, "atk": 55, "def": 90, "spa": 145, "spd": 90, "spe": 80}, "stats": {"hp": 235, "atk": 96, "def": 197, "spa": 288, "spd": 197, "spe": 180}, "types": ["Ghost", "Fire"]}, "Gogoat": {"name": "Gogoat", "species": "Gogoat", "speciesId": "gogoat", "gender": "M", "shiny": false, "level": 88, "moves": ["rockslide", "bulkup", "hornleech", "milkdrink"], "ability": "Sap Sipper", "evs": {"hp": 85, "atk": 85, "def": 85, "spa": 85, "spd": 85, "spe": 85}, "ivs": {"hp": 31, "atk": 31, "def": 31, "spa": 31, "spd": 31, "spe": 31}, "item": "Leftovers", "teraType": "Water", "role": "Bulky Setup", "bvs": {"hp": 123, "atk": 100, "def": 62, "spa": 97, "spd": 81, "spe": 68}, "stats": {"hp": 360, "atk": 226, "def": 159, "spa": 221, "spd": 193, "spe": 170}, "types": ["Grass"]}, "Crawdaunt": {"name": "Crawdaunt", "species": "Crawdaunt", "speciesId": "crawdaunt", "gender": "M", "shiny": false, "level": 84, "moves": ["knockoff", "closecombat", "crabhammer", "dragondance"], "ability": "Adaptability", "evs": {"hp": 85, "atk": 85, "def": 85, "spa": 85, "spd": 85, "spe": 85}, "ivs": {"hp": 31, "atk": 31, "def": 31, "spa": 31, "spd": 31, "spe": 31}, "item": "Life Orb", "teraType": "Fighting", "role": "Fast Attacker", "bvs": {"hp": 63, "atk": 120, "def": 85, "spa": 90, "spd": 55, "spe": 55}, "stats": {"hp": 243, "atk": 250, "def": 191, "spa": 199, "spd": 141, "spe": 141}, "types": ["Water", "Dark"]}, "Seviper": {"name": "Seviper", "species": "Seviper", "speciesId": "seviper", "gender": "M", "shiny": false, "level": 93, "moves": ["flamethrower", "gunkshot", "knockoff", "gigadrain"], "ability": "Infiltrator", "evs": {"hp": 85, "atk": 85, "def": 85, "spa": 85, "spd": 85, "spe": 85}, "ivs": {"hp": 31, "atk": 31, "def": 31, "spa": 31, "spd": 31, "spe": 31}, "item": "Life Orb", "teraType": "Grass", "role": "Fast Attacker", "bvs": {"hp": 73, "atk": 100, "def": 60, "spa": 100, "spd": 60, "spe": 65}, "stats": {"hp": 287, "atk": 239, "def": 164, "spa": 239, "spd": 164, "spe": 174}, "types": ["Poison"]}, "Dragapult": {"name": "Dragapult", "species": "Dragapult", "speciesId": "dragapult", "gender": "M", "shiny": false, "level": 77, "moves": ["uturn", "dracometeor", "shadowball", "fireblast"], "ability": "Infiltrator", "evs": {"hp": 85, "atk": 85, "def": 85, "spa": 85, "spd": 85, "spe": 85}, "ivs": {"hp": 31, "atk": 31, "def": 31, "spa": 31, "spd": 31, "spe": 31}, "item": "Choice Specs", "teraType": "Fire", "role": "Fast Attacker", "bvs": {"hp": 88, "atk": 120, "def": 75, "spa": 100, "spd": 75, "spe": 142}, "stats": {"hp": 262, "atk": 229, "def": 160, "spa": 199, "spd": 160, "spe": 263}, "types": ["Dragon", "Ghost"]}, "Chien-Pao": {"name": "Chien-Pao", "species": "Chien-Pao", "speciesId": "chienpao", "gender": "N", "shiny": false, "level": 72, "moves": ["sacredsword", "iciclecrash", "swordsdance", "throatchop"], "ability": "Sword of Ruin", "evs": {"hp": 85, "atk": 85, "def": 85, "spa": 85, "spd": 85, "spe": 85}, "ivs": {"hp": 31, "atk": 31, "def": 31, "spa": 31, "spd": 31, "spe": 31}, "item": "Heavy-Duty Boots", "teraType": "Ice", "role": "Setup Sweeper", "bvs": {"hp": 80, "atk": 120, "def": 80, "spa": 90, "spd": 65, "spe": 135}, "stats": {"hp": 234, "atk": 215, "def": 157, "spa": 172, "spd": 136, "spe": 236}, "types": ["Dark", "Ice"]}}, {"Vigoroth": {"name": "Vigoroth", "species": "Vigoroth", "speciesId": "vigoroth", "gender": "M", "shiny": false, "level": 85, "moves": ["bodyslam", "slackoff", "bulkup", "knockoff"], "ability": "Vital Spirit", "evs": {"hp": 85, "atk": 85, "def": 85, "spa": 85, "spd": 85, "spe": 85}, "ivs": {"hp": 31, "atk": 31, "def": 31, "spa": 31, "spd": 31, "spe": 31}, "item": "Eviolite", "teraType": "Ghost", "role": "Bulky Setup", "bvs": {"hp": 80, "atk": 80, "def": 80, "spa": 55, "spd": 55, "spe": 90}, "stats": {"hp": 275, "atk": 185, "def": 185, "spa": 142, "spd": 142, "spe": 202}, "types": ["Normal"]}, "Arbok": {"name": "Arbok", "species": "Arbok", "speciesId": "arbok", "gender": "M", "shiny": false, "level": 87, "moves": ["gunkshot", "knockoff", "toxicspikes", "earthquake"], "ability": "Intimidate", "evs": {"hp": 85, "atk": 85, "def": 85, "spa": 85, "spd": 85, "spe": 85}, "ivs": {"hp": 31, "atk": 31, "def": 31, "spa": 31, "spd": 31, "spe": 31}, "item": "Life Orb", "teraType": "Dark", "role": "Fast Support", "bvs": {"hp": 60, "atk": 95, "def": 69, "spa": 65, "spd": 79, "spe": 80}, "stats": {"hp": 246, "atk": 215, "def": 170, "spa": 163, "spd": 187, "spe": 189}, "types": ["Poison"]}, "Kommo-o": {"name": "Kommo-o", "species": "Kommo-o", "speciesId": "kommoo", "gender": "M", "shiny": false, "level": 78, "moves": ["swordsdance", "scaleshot", "closecombat", "ironhead"], "ability": "Soundproof", "evs": {"hp": 85, "atk": 85, "def": 85, "spa": 85, "spd": 85, "spe": 85}, "ivs": {"hp": 31, "atk": 31, "def": 31, "spa": 31, "spd": 31, "spe": 31}, "item": "Loaded Dice", "teraType": "Steel", "role": "Setup Sweeper", "bvs": {"hp": 75, "atk": 110, "def": 125, "spa": 100, "spd": 105, "spe": 85}, "stats": {"hp": 245, "atk": 217, "def": 240, "spa": 201, "spd": 209, "spe": 178}, "types": ["Dragon", "Fighting"]}, "Regieleki": {"name": "Regieleki", "species": "Regieleki", "speciesId": "regieleki", "gender": "N", "shiny": false, "level": 79, "moves": ["terablast", "rapidspin", "thunderbolt", "voltswitch"], "ability": "Transistor", "evs": {"hp": 85, "atk": 85, "def": 85, "spa": 85, "spd": 85, "spe": 85}, "ivs": {"hp": 31, "atk": 31, "def": 31, "spa": 31, "spd": 31, "spe": 31}, "item": "Magnet", "teraType": "Ice", "role": "Tera Blast user", "bvs": {"hp": 80, "atk": 100, "def": 50, "spa": 100, "spd": 50, "spe": 200}, "stats": {"hp": 256, "atk": 204, "def": 125, "spa": 204, "spd": 125, "spe": 362}, "types": ["Electric"]}, "Oricorio": {"name": "Oricorio", "species": "Oricorio-Sensu", "speciesId": "oricoriosensu", "gender": "F", "shiny": false, "level": 85, "moves": ["quiverdance", "roost", "revelationdance", "hurricane"], "ability": "Dancer", "evs": {"hp": 85, "atk": 0, "def": 85, "spa": 85, "spd": 85, "spe": 85}, "ivs": {"hp": 31, "atk": 0, "def": 31, "spa": 31, "spd": 31, "spe": 31}, "item": "Heavy-Duty Boots", "teraType": "Fighting", "role": "Setup Sweeper", "bvs": {"hp": 75, "atk": 70, "def": 70, "spa": 98, "spd": 70, "spe": 93}, "stats": {"hp": 266, "atk": 124, "def": 168, "spa": 215, "spd": 168, "spe": 207}, "types": ["Ghost", "Flying"]}, "Baxcalibur": {"name": "Baxcalibur", "species": "Baxcalibur", "speciesId": "baxcalibur", "gender": "F", "shiny": false, "level": 75, "moves": ["glaiverush", "earthquake", "dragondance", "iciclecrash"], "ability": "Thermal Exchange", "evs": {"hp": 85, "atk": 85, "def": 85, "spa": 85, "spd": 85, "spe": 85}, "ivs": {"hp": 31, "atk": 31, "def": 31, "spa": 31, "spd": 31, "spe": 31}, "item": "Heavy-Duty Boots", "teraType": "Dragon", "role": "Setup Sweeper", "bvs": {"hp": 115, "atk": 145, "def": 92, "spa": 75, "spd": 86, "spe": 87}, "stats": {"hp": 296, "atk": 261, "def": 182, "spa": 156, "spd": 173, "spe": 174}, "types": ["Dragon", "Ice"]}}]}