{"id": "gen9randombattle-2642151167", "format": "[Gen 9] Random Battle", "players": ["NgThDong", "jnpr010334"], "log": "|j|\u2606NgThDong\n|j|\u2606jnpr010334\n|t:|1782900875\n|gametype|singles\n|player|p1|NgThDong|1|1614\n|player|p2|jnpr010334|265|1663\n|gen|9\n|tier|[Gen 9] Random Battle\n|rated|\n|rule|Species Clause: Limit one of each Pok\u00e9mon\n|rule|HP Percentage Mod: HP is shown in percentages\n|rule|Sleep Clause Mod: Limit one foe put to sleep\n|rule|Illusion Level Mod: Illusion disguises the Pok\u00e9mon's true level\n|\n|t:|1782900875\n|teamsize|p1|6\n|teamsize|p2|6\n|start\n|switch|p1a: Tornadus|Tornadus, L82, M|264/264\n|switch|p2a: Azelf|Azelf, L82|257/257\n|turn|1\n|inactive|Battle timer is ON: inactive players will automatically lose when time's up. (requested by jnpr010334)\n|\n|t:|1782900901\n|move|p2a: Azelf|Psychic|p1a: Tornadus\n|-damage|p1a: Tornadus|111/264\n|-unboost|p1a: Tornadus|spd|1\n|-damage|p2a: Azelf|232/257|[from] item: Life Orb\n|move|p1a: Tornadus|Bleakwind Storm|p2a: Azelf\n|-damage|p2a: Azelf|85/257\n|\n|upkeep\n|turn|2\n|\n|t:|1782900921\n|switch|p1a: Mismagius|Mismagius, L86, M|243/243\n|move|p2a: Azelf|Psychic|p1a: Mismagius\n|-damage|p1a: Mismagius|122/243\n|-damage|p2a: Azelf|60/257|[from] item: Life Orb\n|\n|-heal|p1a: Mismagius|137/243|[from] item: Leftovers\n|upkeep\n|turn|3\n|\n|t:|1782900928\n|move|p2a: Azelf|Psychic|p1a: Mismagius\n|-damage|p1a: Mismagius|8/243\n|-damage|p2a: Azelf|35/257|[from] item: Life Orb\n|move|p1a: Mismagius|Shadow Ball|p2a: Azelf\n|-supereffective|p2a: Azelf\n|-damage|p2a: Azelf|0 fnt\n|faint|p2a: Azelf\n|\n|-heal|p1a: Mismagius|23/243|[from] item: Leftovers\n|upkeep\n|\n|t:|1782900932\n|switch|p2a: Deoxys|Deoxys-Attack, L72|191/191\n|-ability|p2a: Deoxys|Pressure\n|turn|4\n|\n|t:|1782900938\n|move|p2a: Deoxys|Ice Beam|p1a: Mismagius\n|-damage|p1a: Mismagius|0 fnt\n|faint|p1a: Mismagius\n|-damage|p2a: Deoxys|172/191|[from] item: Life Orb\n|\n|upkeep\n|\n|t:|1782900944\n|switch|p1a: Pelipper|Pelipper, L86, F|243/243\n|-weather|RainDance|[from] ability: Drizzle|[of] p1a: Pelipper\n|turn|5\n|\n|t:|1782900947\n|move|p2a: Deoxys|Psycho Boost|p1a: Pelipper\n|-damage|p1a: Pelipper|0 fnt\n|-unboost|p2a: Deoxys|spa|2\n|faint|p1a: Pelipper\n|-damage|p2a: Deoxys|153/191|[from] item: Life Orb\n|\n|-weather|RainDance|[upkeep]\n|upkeep\n|\n|t:|1782900953\n|switch|p1a: Ariados|Ariados, L95, M|287/287\n|turn|6\n|\n|t:|1782900955\n|move|p2a: Deoxys|Psycho Boost|p1a: Ariados\n|-supereffective|p1a: Ariados\n|-damage|p1a: Ariados|53/287\n|-unboost|p2a: Deoxys|spa|2\n|-damage|p2a: Deoxys|134/191|[from] item: Life Orb\n|move|p1a: Ariados|Sticky Web|p2a: Deoxys\n|-sidestart|p2: jnpr010334|move: Sticky Web\n|\n|-weather|RainDance|[upkeep]\n|upkeep\n|turn|7\n|\n|t:|1782900967\n|switch|p2a: Hitmontop|Hitmontop, L88, M|231/231\n|-activate|p2a: Hitmontop|move: Sticky Web\n|-unboost|p2a: Hitmontop|spe|1\n|move|p1a: Ariados|Megahorn|p2a: Hitmontop\n|-resisted|p2a: Hitmontop\n|-damage|p2a: Hitmontop|130/231\n|\n|-weather|RainDance|[upkeep]\n|-heal|p2a: Hitmontop|144/231|[from] item: Leftovers\n|upkeep\n|turn|8\n|\n|t:|1782900977\n|switch|p1a: Tatsugiri|Tatsugiri, L87, M|260/260\n|move|p2a: Hitmontop|Rapid Spin|p1a: Tatsugiri\n|-crit|p1a: Tatsugiri\n|-damage|p1a: Tatsugiri|146/260\n|-boost|p2a: Hitmontop|spe|1\n|-sideend|p2: jnpr010334|Sticky Web|[from] move: Rapid Spin|[of] p2a: Hitmontop\n|\n|-weather|RainDance|[upkeep]\n|-heal|p2a: Hitmontop|158/231|[from] item: Leftovers\n|upkeep\n|turn|9\n|\n|t:|1782900982\n|-terastallize|p2a: Hitmontop|Ice\n|move|p1a: Tatsugiri|Surf|p2a: Hitmontop\n|-damage|p2a: Hitmontop|23/231\n|move|p2a: Hitmontop|Rapid Spin|p1a: Tatsugiri\n|-damage|p1a: Tatsugiri|70/260\n|-boost|p2a: Hitmontop|spe|1\n|\n|-weather|none\n|-heal|p2a: Hitmontop|37/231|[from] item: Leftovers\n|upkeep\n|turn|10\n|\n|t:|1782900986\n|move|p2a: Hitmontop|Triple Axel|p1a: Tatsugiri\n|-damage|p1a: Tatsugiri|24/260\n|-damage|p1a: Tatsugiri|0 fnt\n|faint|p1a: Tatsugiri\n|-hitcount|p1: Tatsugiri|2\n|\n|-heal|p2a: Hitmontop|51/231|[from] item: Leftovers\n|upkeep\n|inactive|NgThDong has 120 seconds left.\n|inactive|NgThDong has 90 seconds left.\n|inactive|NgThDong has 60 seconds left.\n|inactive|NgThDong has 30 seconds left.\n|inactive|NgThDong has 20 seconds left.\n|inactive|NgThDong has 15 seconds left.\n|inactive|NgThDong has 10 seconds left.\n|inactive|NgThDong has 5 seconds left.\n|-message|NgThDong lost due to inactivity.\n|\n|win|jnpr010334\n|raw|NgThDong's rating: 1614 &rarr; <strong>1595</strong><br />(-19 for losing)\n|raw|jnpr010334's rating: 1634 &rarr; <strong>1653</strong><br />(+19 for winning)\n", "inputlog": ">version f8ac14003a5f27e1bdc8d8c59608a773c1cb96e5\n>start {\"formatid\":\"gen9randombattle\",\"seed\":\"sodium,568b89ea31eda4ce57652066170b9cb0\",\"rated\":\"Rated battle\"}\n>player p1 {\"name\":\"NgThDong\",\"avatar\":\"1\",\"rating\":1614,\"seed\":\"sodium,cd435677c8730a7d3a1b609f6063bc01\"}\n>player p2 {\"name\":\"jnpr010334\",\"avatar\":\"265\",\"rating\":1663,\"seed\":\"sodium,f1e3718fc84559737baa513976b1ed25\"}\n>p1 move bleakwindstorm\n>p2 move psychic\n>p1 switch 5\n>p2 move psychic\n>p1 move shadowball\n>p2 move psychic\n>p2 switch 3\n>p1 move shadowball\n>p2 move icebeam\n>p1 switch 4\n>p1 move knockoff\n>p2 move psychoboost\n>p1 switch 2\n>p1 move stickyweb\n>p2 move psychoboost\n>p1 move megahorn\n>p2 switch 2\n>p1 switch 6\n>p2 move rapidspin\n>p1 move surf\n>p2 move rapidspin terastallize\n>p1 move surf\n>p2 move tripleaxel\n>forcelose p1", "uploadtime": 1782901136, "views": 2, "formatid": "gen9randombattle", "rating": 1595, "private": 0, "password": null, "player_dets": [{"name": "NgThDong", "avatar": "1", "rating": 1614, "seed": "sodium,cd435677c8730a7d3a1b609f6063bc01"}, {"name": "jnpr010334", "avatar": "265", "rating": 1663, "seed": "sodium,f1e3718fc84559737baa513976b1ed25"}], "teams_full": [{"Tornadus": {"name": "Tornadus", "species": "Tornadus", "speciesId": "tornadus", "gender": "M", "shiny": false, "level": 82, "moves": ["focusblast", "nastyplot", "grassknot", "bleakwindstorm"], "ability": "Prankster", "evs": {"hp": 85, "atk": 0, "def": 85, "spa": 85, "spd": 85, "spe": 85}, "ivs": {"hp": 31, "atk": 0, "def": 31, "spa": 31, "spd": 31, "spe": 31}, "item": "Heavy-Duty Boots", "teraType": "Fighting", "role": "Fast Attacker", "bvs": {"hp": 79, "atk": 115, "def": 70, "spa": 125, "spd": 80, "spe": 111}, "stats": {"hp": 264, "atk": 193, "def": 162, "spa": 252, "spd": 178, "spe": 229}, "types": ["Flying"]}, "Ariados": {"name": "Ariados", "species": "Ariados", "speciesId": "ariados", "gender": "M", "shiny": false, "level": 95, "moves": ["stickyweb", "megahorn", "toxicspikes", "poisonjab"], "ability": "Swarm", "evs": {"hp": 85, "atk": 85, "def": 85, "spa": 85, "spd": 85, "spe": 85}, "ivs": {"hp": 31, "atk": 31, "def": 31, "spa": 31, "spd": 31, "spe": 31}, "item": "Heavy-Duty Boots", "teraType": "Ghost", "role": "Fast Support", "bvs": {"hp": 70, "atk": 90, "def": 70, "spa": 60, "spd": 70, "spe": 40}, "stats": {"hp": 287, "atk": 225, "def": 187, "spa": 168, "spd": 187, "spe": 130}, "types": ["Bug", "Poison"]}, "Terrakion": {"name": "Terrakion", "species": "Terrakion", "speciesId": "terrakion", "gender": "N", "shiny": false, "level": 79, "moves": ["swordsdance", "earthquake", "closecombat", "stoneedge"], "ability": "Justified", "evs": {"hp": 85, "atk": 85, "def": 85, "spa": 85, "spd": 85, "spe": 85}, "ivs": {"hp": 31, "atk": 31, "def": 31, "spa": 31, "spd": 31, "spe": 31}, "item": "Life Orb", "teraType": "Ground", "role": "Setup Sweeper", "bvs": {"hp": 91, "atk": 129, "def": 90, "spa": 72, "spd": 90, "spe": 108}, "stats": {"hp": 273, "atk": 249, "def": 188, "spa": 159, "spd": 188, "spe": 216}, "types": ["Rock", "Fighting"]}, "Pelipper": {"name": "Pelipper", "species": "Pelipper", "speciesId": "pelipper", "gender": "F", "shiny": false, "level": 86, "moves": ["knockoff", "hurricane", "hydropump", "roost"], "ability": "Drizzle", "evs": {"hp": 85, "atk": 85, "def": 85, "spa": 85, "spd": 85, "spe": 85}, "ivs": {"hp": 31, "atk": 31, "def": 31, "spa": 31, "spd": 31, "spe": 31}, "item": "Heavy-Duty Boots", "teraType": "Ground", "role": "Bulky Attacker", "bvs": {"hp": 60, "atk": 50, "def": 100, "spa": 95, "spd": 70, "spe": 65}, "stats": {"hp": 243, "atk": 135, "def": 221, "spa": 213, "spd": 170, "spe": 161}, "types": ["Water", "Flying"]}, "Mismagius": {"name": "Mismagius", "species": "Mismagius", "speciesId": "mismagius", "gender": "M", "shiny": false, "level": 86, "moves": ["dazzlinggleam", "substitute", "shadowball", "nastyplot"], "ability": "Levitate", "evs": {"hp": 85, "atk": 0, "def": 85, "spa": 85, "spd": 85, "spe": 85}, "ivs": {"hp": 31, "atk": 0, "def": 31, "spa": 31, "spd": 31, "spe": 31}, "item": "Leftovers", "teraType": "Fairy", "role": "Setup Sweeper", "bvs": {"hp": 60, "atk": 60, "def": 60, "spa": 105, "spd": 105, "spe": 105}, "stats": {"hp": 243, "atk": 108, "def": 152, "spa": 230, "spd": 230, "spe": 230}, "types": ["Ghost"]}, "Tatsugiri": {"name": "Tatsugiri", "species": "Tatsugiri", "speciesId": "tatsugiri", "gender": "M", "shiny": false, "level": 87, "moves": ["surf", "rapidspin", "dracometeor", "nastyplot"], "ability": "Storm Drain", "evs": {"hp": 85, "atk": 85, "def": 85, "spa": 85, "spd": 85, "spe": 85}, "ivs": {"hp": 31, "atk": 31, "def": 31, "spa": 31, "spd": 31, "spe": 31}, "item": "Heavy-Duty Boots", "teraType": "Steel", "role": "Fast Support", "bvs": {"hp": 68, "atk": 50, "def": 60, "spa": 120, "spd": 95, "spe": 82}, "stats": {"hp": 260, "atk": 137, "def": 154, "spa": 259, "spd": 215, "spe": 192}, "types": ["Dragon", "Water"]}}, {"Azelf": {"name": "Azelf", "species": "Azelf", "speciesId": "azelf", "gender": "N", "shiny": false, "level": 82, "moves": ["psychic", "explosion", "taunt", "fireblast"], "ability": "Levitate", "evs": {"hp": 85, "atk": 85, "def": 85, "spa": 85, "spd": 85, "spe": 85}, "ivs": {"hp": 31, "atk": 31, "def": 31, "spa": 31, "spd": 31, "spe": 31}, "item": "Life Orb", "teraType": "Fire", "role": "Fast Support", "bvs": {"hp": 75, "atk": 125, "def": 70, "spa": 125, "spd": 70, "spe": 115}, "stats": {"hp": 257, "atk": 252, "def": 162, "spa": 252, "spd": 162, "spe": 236}, "types": ["Psychic"]}, "Hitmontop": {"name": "Hitmontop", "species": "Hitmontop", "speciesId": "hitmontop", "gender": "M", "shiny": false, "level": 88, "moves": ["tripleaxel", "closecombat", "rapidspin", "bulkup"], "ability": "Technician", "evs": {"hp": 85, "atk": 85, "def": 85, "spa": 85, "spd": 85, "spe": 85}, "ivs": {"hp": 31, "atk": 31, "def": 31, "spa": 31, "spd": 31, "spe": 31}, "item": "Leftovers", "teraType": "Ice", "role": "Bulky Setup", "bvs": {"hp": 50, "atk": 95, "def": 95, "spa": 35, "spd": 110, "spe": 70}, "stats": {"hp": 231, "atk": 217, "def": 217, "spa": 112, "spd": 244, "spe": 173}, "types": ["Fighting"]}, "Deoxys": {"name": "Deoxys", "species": "Deoxys-Attack", "speciesId": "deoxysattack", "gender": "N", "shiny": false, "level": 72, "moves": ["psychoboost", "knockoff", "icebeam", "superpower"], "ability": "Pressure", "evs": {"hp": 85, "atk": 85, "def": 85, "spa": 85, "spd": 85, "spe": 85}, "ivs": {"hp": 31, "atk": 31, "def": 31, "spa": 31, "spd": 31, "spe": 31}, "item": "Life Orb", "teraType": "Psychic", "role": "Wallbreaker", "bvs": {"hp": 50, "atk": 180, "def": 20, "spa": 180, "spd": 20, "spe": 150}, "stats": {"hp": 191, "atk": 301, "def": 71, "spa": 301, "spd": 71, "spe": 258}, "types": ["Psychic"]}, "Infernape": {"name": "Infernape", "species": "Infernape", "speciesId": "infernape", "gender": "M", "shiny": false, "level": 82, "moves": ["closecombat", "gunkshot", "overheat", "machpunch"], "ability": "Blaze", "evs": {"hp": 85, "atk": 85, "def": 85, "spa": 85, "spd": 85, "spe": 85}, "ivs": {"hp": 31, "atk": 31, "def": 31, "spa": 31, "spd": 31, "spe": 31}, "item": "Life Orb", "teraType": "Fire", "role": "Fast Attacker", "bvs": {"hp": 76, "atk": 104, "def": 71, "spa": 104, "spd": 71, "spe": 108}, "stats": {"hp": 259, "atk": 218, "def": 164, "spa": 218, "spd": 164, "spe": 224}, "types": ["Fire", "Fighting"]}, "Ditto": {"name": "Ditto", "species": "Ditto", "speciesId": "ditto", "gender": "N", "shiny": false, "level": 87, "moves": ["transform"], "ability": "Imposter", "evs": {"hp": 85, "atk": 85, "def": 85, "spa": 85, "spd": 85, "spe": 85}, "ivs": {"hp": 31, "atk": 31, "def": 31, "spa": 31, "spd": 31, "spe": 31}, "item": "Choice Scarf", "teraType": "Steel", "role": "Fast Support", "bvs": {"hp": 48, "atk": 48, "def": 48, "spa": 48, "spd": 48, "spe": 48}, "stats": {"hp": 225, "atk": 133, "def": 133, "spa": 133, "spd": 133, "spe": 133}, "types": ["Normal"]}, "Houndstone": {"name": "Houndstone", "species": "Houndstone", "speciesId": "houndstone", "gender": "M", "shiny": false, "level": 86, "moves": ["willowisp", "bodypress", "shadowsneak", "poltergeist"], "ability": "Fluffy", "evs": {"hp": 85, "atk": 85, "def": 85, "spa": 85, "spd": 85, "spe": 85}, "ivs": {"hp": 31, "atk": 31, "def": 31, "spa": 31, "spd": 31, "spe": 31}, "item": "Leftovers", "teraType": "Fighting", "role": "Bulky Attacker", "bvs": {"hp": 72, "atk": 101, "def": 100, "spa": 50, "spd": 97, "spe": 68}, "stats": {"hp": 264, "atk": 223, "def": 221, "spa": 135, "spd": 216, "spe": 166}, "types": ["Ghost"]}}]}