{"id": "gen9randombattle-2641804274", "format": "[Gen 9] Random Battle", "players": ["TC2003", "NilsBoy"], "log": "|j|\u2606TC2003\n|j|\u2606NilsBoy\n|t:|1782843887\n|gametype|singles\n|player|p1|TC2003|ethan|1998\n|player|p2|NilsBoy|102|2035\n|gen|9\n|tier|[Gen 9] Random Battle\n|rated|\n|rule|Species Clause: Limit one of each Pok\u00e9mon\n|rule|HP Percentage Mod: HP is shown in percentages\n|rule|Sleep Clause Mod: Limit one foe put to sleep\n|rule|Illusion Level Mod: Illusion disguises the Pok\u00e9mon's true level\n|\n|t:|1782843887\n|teamsize|p1|6\n|teamsize|p2|6\n|start\n|switch|p1a: Komala|Komala, L88, F|258/258\n|switch|p2a: Toucannon|Toucannon, L88, M|284/284\n|-ability|p1a: Komala|Comatose\n|turn|1\n|inactive|Battle timer is ON: inactive players will automatically lose when time's up. (requested by NilsBoy)\n|\n|t:|1782843901\n|switch|p2a: Gholdengo|Gholdengo, L77|261/261\n|move|p1a: Komala|Rapid Spin|p2a: Gholdengo\n|-immune|p2a: Gholdengo\n|\n|upkeep\n|turn|2\n|\n|t:|1782843908\n|move|p2a: Gholdengo|Nasty Plot|p2a: Gholdengo\n|-boost|p2a: Gholdengo|spa|2\n|move|p1a: Komala|Knock Off|p2a: Gholdengo\n|-supereffective|p2a: Gholdengo\n|-damage|p2a: Gholdengo|97/261\n|-enditem|p2a: Gholdengo|Leftovers|[from] move: Knock Off|[of] p1a: Komala\n|\n|upkeep\n|turn|3\n|\n|t:|1782843916\n|move|p2a: Gholdengo|Focus Blast|p1a: Komala\n|-supereffective|p1a: Komala\n|-damage|p1a: Komala|50/258\n|move|p1a: Komala|Earthquake|p2a: Gholdengo\n|-supereffective|p2a: Gholdengo\n|-damage|p2a: Gholdengo|0 fnt\n|faint|p2a: Gholdengo\n|\n|upkeep\n|\n|t:|1782843920\n|switch|p2a: Kleavor|Kleavor, L78, M|237/237\n|turn|4\n|\n|t:|1782843938\n|move|p2a: Kleavor|Stone Axe|p1a: Komala\n|-damage|p1a: Komala|0 fnt\n|-sidestart|p1: TC2003|move: Stealth Rock\n|faint|p1a: Komala\n|\n|upkeep\n|\n|t:|1782843941\n|switch|p1a: Diancie|Diancie, L82|216/216\n|-damage|p1a: Diancie|189/216|[from] Stealth Rock\n|turn|5\n|\n|t:|1782843944\n|move|p2a: Kleavor|U-turn|p1a: Diancie\n|-resisted|p1a: Diancie\n|-damage|p1a: Diancie|162/216\n|\n|t:|1782843945\n|switch|p2a: Empoleon|Empoleon, L84, M|278/278|[from] U-turn\n|move|p1a: Diancie|Diamond Storm|p2a: Empoleon\n|-resisted|p2a: Empoleon\n|-damage|p2a: Empoleon|228/278\n|-boost|p1a: Diancie|def|2\n|\n|-heal|p2a: Empoleon|245/278|[from] item: Leftovers\n|-heal|p1a: Diancie|175/216|[from] item: Leftovers\n|upkeep\n|turn|6\n|\n|t:|1782843959\n|-terastallize|p1a: Diancie|Water\n|move|p2a: Empoleon|Surf|p1a: Diancie\n|-resisted|p1a: Diancie\n|-damage|p1a: Diancie|142/216\n|move|p1a: Diancie|Calm Mind|p1a: Diancie\n|-boost|p1a: Diancie|spa|1\n|-boost|p1a: Diancie|spd|1\n|\n|-heal|p2a: Empoleon|262/278|[from] item: Leftovers\n|-heal|p1a: Diancie|155/216|[from] item: Leftovers\n|upkeep\n|turn|7\n|\n|t:|1782843965\n|move|p1a: Diancie|Earth Power|p2a: Empoleon\n|-supereffective|p2a: Empoleon\n|-damage|p2a: Empoleon|88/278\n|move|p2a: Empoleon|Roar|p1a: Diancie\n|drag|p1a: Golurk|Golurk, L87|297/297\n|-damage|p1a: Golurk|279/297|[from] Stealth Rock\n|\n|-heal|p2a: Empoleon|105/278|[from] item: Leftovers\n|upkeep\n|turn|8\n|\n|t:|1782843976\n|switch|p1a: Clefable|Clefable, L83, M|293/293\n|-damage|p1a: Clefable|257/293|[from] Stealth Rock\n|move|p2a: Empoleon|Surf|p1a: Clefable\n|-damage|p1a: Clefable|154/293\n|\n|-heal|p2a: Empoleon|122/278|[from] item: Leftovers\n|-heal|p1a: Clefable|172/293|[from] item: Leftovers\n|upkeep\n|turn|9\n|\n|t:|1782843981\n|move|p2a: Empoleon|Stealth Rock||[still]\n|-fail|p2a: Empoleon\n|move|p1a: Clefable|Thunder Wave|p2a: Empoleon\n|-status|p2a: Empoleon|par\n|\n|-heal|p1a: Clefable|190/293|[from] item: Leftovers\n|-heal|p2a: Empoleon|139/278 par|[from] item: Leftovers\n|upkeep\n|turn|10\n|\n|t:|1782843989\n|switch|p1a: Excadrill|Excadrill, L79, M|303/303\n|-damage|p1a: Excadrill|294/303|[from] Stealth Rock\n|-ability|p1a: Excadrill|Mold Breaker\n|move|p2a: Empoleon|Roost|p2a: Empoleon\n|-heal|p2a: Empoleon|278/278 par\n|-singleturn|p2a: Empoleon|move: Roost\n|\n|-heal|p1a: Excadrill|303/303|[from] item: Leftovers\n|upkeep\n|turn|11\n|\n|t:|1782843993\n|switch|p2a: Toucannon|Toucannon, L88, M|284/284\n|move|p1a: Excadrill|Rapid Spin|p2a: Toucannon\n|-damage|p2a: Toucannon|237/284\n|-boost|p1a: Excadrill|spe|1\n|-sideend|p1: TC2003|Stealth Rock|[from] move: Rapid Spin|[of] p1a: Excadrill\n|\n|upkeep\n|turn|12\n|\n|t:|1782844003\n|switch|p1a: Clefable|Clefable, L83, M|190/293\n|-singleturn|p2a: Toucannon|move: Beak Blast\n|move|p2a: Toucannon|Beak Blast|p1a: Clefable\n|-damage|p1a: Clefable|31/293\n|\n|-heal|p1a: Clefable|49/293|[from] item: Leftovers\n|upkeep\n|turn|13\n|\n|t:|1782844008\n|move|p2a: Toucannon|Boomburst|p1a: Clefable\n|-damage|p1a: Clefable|0 fnt\n|faint|p1a: Clefable\n|\n|upkeep\n|\n|t:|1782844015\n|switch|p1a: Skarmory|Skarmory, L80, F|235/235\n|turn|14\n|\n|t:|1782844019\n|-singleturn|p2a: Toucannon|move: Beak Blast\n|move|p1a: Skarmory|Stealth Rock|p2a: Toucannon\n|-sidestart|p2: NilsBoy|move: Stealth Rock\n|move|p2a: Toucannon|Beak Blast|p1a: Skarmory\n|-resisted|p1a: Skarmory\n|-damage|p1a: Skarmory|184/235\n|\n|upkeep\n|turn|15\n|\n|t:|1782844022\n|-singleturn|p2a: Toucannon|move: Beak Blast\n|move|p1a: Skarmory|Spikes|p2a: Toucannon\n|-sidestart|p2: NilsBoy|Spikes\n|move|p2a: Toucannon|Beak Blast|p1a: Skarmory\n|-resisted|p1a: Skarmory\n|-damage|p1a: Skarmory|138/235\n|\n|upkeep\n|turn|16\n|inactive|TC2003 has 120 seconds left.\n|\n|t:|1782844070\n|move|p1a: Skarmory|Roost|p1a: Skarmory\n|-heal|p1a: Skarmory|235/235\n|-singleturn|p1a: Skarmory|move: Roost\n|move|p2a: Toucannon|U-turn|p1a: Skarmory\n|-resisted|p1a: Skarmory\n|-damage|p1a: Skarmory|213/235\n|-damage|p2a: Toucannon|190/284|[from] item: Rocky Helmet|[of] p1a: Skarmory\n|\n|t:|1782844074\n|switch|p2a: Garganacl|Garganacl, L80, F|291/291|[from] U-turn\n|-damage|p2a: Garganacl|255/291|[from] Stealth Rock\n|-damage|p2a: Garganacl|219/291|[from] Spikes\n|\n|-heal|p2a: Garganacl|237/291|[from] item: Leftovers\n|upkeep\n|turn|17\n|\n|t:|1782844087\n|switch|p1a: Golurk|Golurk, L87|279/297\n|move|p2a: Garganacl|Salt Cure|p1a: Golurk\n|-resisted|p1a: Golurk\n|-damage|p1a: Golurk|259/297\n|-start|p1a: Golurk|Salt Cure\n|\n|-heal|p2a: Garganacl|255/291|[from] item: Leftovers\n|-damage|p1a: Golurk|222/297|[from] Salt Cure\n|upkeep\n|turn|18\n|\n|t:|1782844092\n|switch|p1a: Diancie|Diancie, L82, tera:Water|155/216\n|switch|p2a: Toucannon|Toucannon, L88, M|190/284\n|\n|-heal|p1a: Diancie|168/216|[from] item: Leftovers\n|upkeep\n|turn|19\n|\n|t:|1782844096\n|move|p2a: Toucannon|Boomburst|p1a: Diancie\n|-damage|p1a: Diancie|72/216\n|move|p1a: Diancie|Diamond Storm|p2a: Toucannon\n|-supereffective|p2a: Toucannon\n|-damage|p2a: Toucannon|0 fnt\n|-boost|p1a: Diancie|def|2\n|faint|p2a: Toucannon\n|\n|-heal|p1a: Diancie|85/216|[from] item: Leftovers\n|upkeep\n|\n|t:|1782844102\n|switch|p2a: Spectrier|Spectrier, L75|274/274\n|-damage|p2a: Spectrier|240/274|[from] Stealth Rock\n|-damage|p2a: Spectrier|206/274|[from] Spikes\n|turn|20\n|inactive|TC2003 has 120 seconds left.\n|\n|t:|1782844122\n|move|p2a: Spectrier|Shadow Ball|p1a: Diancie\n|-damage|p1a: Diancie|0 fnt\n|faint|p1a: Diancie\n|-ability|p2a: Spectrier|Grim Neigh|boost\n|-boost|p2a: Spectrier|spa|1\n|-damage|p2a: Spectrier|179/274|[from] item: Life Orb\n|\n|upkeep\n|\n|t:|1782844126\n|switch|p1a: Excadrill|Excadrill, L79, M|303/303\n|-ability|p1a: Excadrill|Mold Breaker\n|turn|21\n|\n|t:|1782844134\n|move|p2a: Spectrier|Shadow Ball|p1a: Excadrill\n|-damage|p1a: Excadrill|77/303\n|-damage|p2a: Spectrier|152/274|[from] item: Life Orb\n|move|p1a: Excadrill|Earthquake|p2a: Spectrier\n|-damage|p2a: Spectrier|0 fnt\n|faint|p2a: Spectrier\n|\n|-heal|p1a: Excadrill|95/303|[from] item: Leftovers\n|upkeep\n|\n|t:|1782844143\n|switch|p2a: Garganacl|Garganacl, L80, F|255/291\n|-damage|p2a: Garganacl|219/291|[from] Stealth Rock\n|-damage|p2a: Garganacl|183/291|[from] Spikes\n|turn|22\n|\n|t:|1782844147\n|-terastallize|p2a: Garganacl|Ghost\n|move|p1a: Excadrill|Earthquake|p2a: Garganacl\n|-damage|p2a: Garganacl|83/291\n|move|p2a: Garganacl|Iron Defense|p2a: Garganacl\n|-boost|p2a: Garganacl|def|2\n|\n|-heal|p1a: Excadrill|113/303|[from] item: Leftovers\n|-heal|p2a: Garganacl|101/291|[from] item: Leftovers\n|upkeep\n|turn|23\n|\n|t:|1782844151\n|move|p1a: Excadrill|Iron Head|p2a: Garganacl\n|-damage|p2a: Garganacl|61/291\n|move|p2a: Garganacl|Recover|p2a: Garganacl\n|-heal|p2a: Garganacl|207/291\n|\n|-heal|p1a: Excadrill|131/303|[from] item: Leftovers\n|-heal|p2a: Garganacl|225/291|[from] item: Leftovers\n|upkeep\n|turn|24\n|\n|t:|1782844158\n|switch|p1a: Golurk|Golurk, L87|222/297\n|move|p2a: Garganacl|Iron Defense|p2a: Garganacl\n|-boost|p2a: Garganacl|def|2\n|\n|-heal|p2a: Garganacl|243/291|[from] item: Leftovers\n|upkeep\n|turn|25\n|\n|t:|1782844162\n|move|p1a: Golurk|Poltergeist|p2a: Garganacl\n|-activate|p2a: Garganacl|move: Poltergeist|Leftovers\n|-supereffective|p2a: Garganacl\n|-damage|p2a: Garganacl|183/291\n|move|p2a: Garganacl|Salt Cure|p1a: Golurk\n|-resisted|p1a: Golurk\n|-damage|p1a: Golurk|202/297\n|-start|p1a: Golurk|Salt Cure\n|\n|-heal|p2a: Garganacl|201/291|[from] item: Leftovers\n|-damage|p1a: Golurk|165/297|[from] Salt Cure\n|upkeep\n|turn|26\n|\n|t:|1782844169\n|move|p1a: Golurk|Poltergeist|p2a: Garganacl\n|-activate|p2a: Garganacl|move: Poltergeist|Leftovers\n|-supereffective|p2a: Garganacl\n|-damage|p2a: Garganacl|141/291\n|move|p2a: Garganacl|Recover|p2a: Garganacl\n|-heal|p2a: Garganacl|287/291\n|\n|-heal|p2a: Garganacl|291/291|[from] item: Leftovers\n|-damage|p1a: Golurk|128/297|[from] Salt Cure\n|upkeep\n|turn|27\n|\n|t:|1782844173\n|move|p1a: Golurk|Poltergeist|p2a: Garganacl\n|-activate|p2a: Garganacl|move: Poltergeist|Leftovers\n|-supereffective|p2a: Garganacl\n|-damage|p2a: Garganacl|231/291\n|move|p2a: Garganacl|Iron Defense|p2a: Garganacl\n|-boost|p2a: Garganacl|def|2\n|\n|-heal|p2a: Garganacl|249/291|[from] item: Leftovers\n|-damage|p1a: Golurk|91/297|[from] Salt Cure\n|upkeep\n|turn|28\n|\n|t:|1782844177\n|move|p1a: Golurk|Poltergeist|p2a: Garganacl\n|-activate|p2a: Garganacl|move: Poltergeist|Leftovers\n|-supereffective|p2a: Garganacl\n|-crit|p2a: Garganacl\n|-damage|p2a: Garganacl|0 fnt\n|faint|p2a: Garganacl\n|\n|-damage|p1a: Golurk|54/297|[from] Salt Cure\n|upkeep\n|\n|t:|1782844181\n|switch|p2a: Kleavor|Kleavor, L78, M|237/237\n|turn|29\n|\n|t:|1782844186\n|move|p2a: Kleavor|X-Scissor|p1a: Golurk\n|-resisted|p1a: Golurk\n|-damage|p1a: Golurk|0 fnt\n|faint|p1a: Golurk\n|\n|upkeep\n|\n|t:|1782844189\n|switch|p1a: Excadrill|Excadrill, L79, M|131/303\n|-ability|p1a: Excadrill|Mold Breaker\n|turn|30\n|\n|t:|1782844195\n|move|p1a: Excadrill|Iron Head|p2a: Kleavor\n|-supereffective|p2a: Kleavor\n|-damage|p2a: Kleavor|33/237\n|cant|p2a: Kleavor|flinch\n|\n|-heal|p1a: Excadrill|149/303|[from] item: Leftovers\n|upkeep\n|turn|31\n|l|\u2606NilsBoy\n|inactive|NilsBoy disconnected and has a minute to reconnect!\n|player|p2|\n|inactive|NilsBoy has 30 seconds to reconnect!\n|inactive|NilsBoy has 20 seconds to reconnect!\n|inactive|NilsBoy has 15 seconds to reconnect!\n|inactive|NilsBoy has 10 seconds to reconnect!\n|inactive|NilsBoy has 5 seconds to reconnect!\n|-message|NilsBoy lost due to inactivity.\n|\n|win|TC2003\n|raw|TC2003's rating: 1998 &rarr; <strong>2020</strong><br />(+22 for winning)\n|raw|NilsBoy's rating: 2035 &rarr; <strong>2013</strong><br />(-22 for losing)\n", "inputlog": ">version f8ac14003a5f27e1bdc8d8c59608a773c1cb96e5\n>start {\"formatid\":\"gen9randombattle\",\"seed\":\"sodium,e77aaf94640e154ba683e102749f6ffe\",\"rated\":\"Rated battle\"}\n>player p1 {\"name\":\"TC2003\",\"avatar\":\"ethan\",\"rating\":1998,\"seed\":\"sodium,924e100545036b87bb7378719e0e9d79\"}\n>player p2 {\"name\":\"NilsBoy\",\"avatar\":\"102\",\"rating\":2035,\"seed\":\"sodium,6d4f1eae92bee967a76480c2cbc128ed\"}\n>p1 move rapidspin\n>p2 switch 5\n>p1 move knockoff\n>p2 move nastyplot\n>p1 move earthquake\n>p2 move focusblast\n>p2 switch 6\n>p1 move earthquake\n>p2 move stoneaxe\n>p1 switch 3\n>p1 move diamondstorm\n>p2 move uturn\n>p2 switch 2\n>p1 move calmmind terastallize\n>p2 move surf\n>p1 move earthpower\n>p2 move roar\n>p1 switch 6\n>p2 move surf\n>p1 move thunderwave\n>p2 move stealthrock\n>p1 switch 5\n>p2 move roost\n>p1 move rapidspin\n>p2 switch 5\n>p1 switch 5\n>p2 move beakblast\n>p1 move thunderwave\n>p2 move boomburst\n>p1 switch 2\n>p1 move stealthrock\n>p2 move beakblast\n>p1 move spikes\n>p2 move beakblast\n>p1 move roost\n>p2 move uturn\n>p2 switch 4\n>p1 switch 6\n>p2 move saltcure\n>p1 switch 4\n>p2 switch 4\n>p1 move diamondstorm\n>p2 move boomburst\n>p2 switch 3\n>p1 move diamondstorm\n>p2 move shadowball\n>p1 switch 5\n>p1 move earthquake\n>p2 move shadowball\n>p2 switch 4\n>p1 move earthquake\n>p2 move irondefense terastallize\n>p1 move ironhead\n>p2 move recover\n>p1 switch 4\n>p2 move irondefense\n>p1 move poltergeist\n>p2 move saltcure\n>p1 move poltergeist\n>p2 move recover\n>p1 move poltergeist\n>p2 move irondefense\n>p1 move poltergeist\n>p2 move saltcure\n>p2 switch 2\n>p1 move poltergeist\n>p2 move xscissor\n>p1 switch 4\n>p1 move ironhead\n>p2 move defog\n>forcelose p2", "uploadtime": 1782844255, "views": 12, "formatid": "gen9randombattle", "rating": 2013, "private": 0, "password": null, "player_dets": [{"name": "TC2003", "avatar": "ethan", "rating": 1998, "seed": "sodium,924e100545036b87bb7378719e0e9d79"}, {"name": "NilsBoy", "avatar": "102", "rating": 2035, "seed": "sodium,6d4f1eae92bee967a76480c2cbc128ed"}], "teams_full": [{"Komala": {"name": "Komala", "species": "Komala", "speciesId": "komala", "gender": "F", "shiny": false, "level": 88, "moves": ["bodyslam", "rapidspin", "knockoff", "earthquake"], "ability": "Comatose", "evs": {"hp": 85, "atk": 85, "def": 85, "spa": 85, "spd": 85, "spe": 85}, "ivs": {"hp": 31, "atk": 31, "def": 31, "spa": 31, "spd": 31, "spe": 31}, "item": "Assault Vest", "teraType": "Ghost", "role": "Bulky Support", "bvs": {"hp": 65, "atk": 115, "def": 65, "spa": 75, "spd": 95, "spe": 65}, "stats": {"hp": 258, "atk": 253, "def": 165, "spa": 182, "spd": 217, "spe": 165}, "types": ["Normal"]}, "Skarmory": {"name": "Skarmory", "species": "Skarmory", "speciesId": "skarmory", "gender": "F", "shiny": false, "level": 80, "moves": ["roost", "bravebird", "stealthrock", "spikes"], "ability": "Sturdy", "evs": {"hp": 85, "atk": 85, "def": 85, "spa": 85, "spd": 85, "spe": 85}, "ivs": {"hp": 31, "atk": 31, "def": 31, "spa": 31, "spd": 31, "spe": 31}, "item": "Rocky Helmet", "teraType": "Dragon", "role": "Bulky Support", "bvs": {"hp": 65, "atk": 80, "def": 140, "spa": 40, "spd": 70, "spe": 70}, "stats": {"hp": 235, "atk": 174, "def": 270, "spa": 110, "spd": 158, "spe": 158}, "types": ["Steel", "Flying"]}, "Diancie": {"name": "Diancie", "species": "Diancie", "speciesId": "diancie", "gender": "N", "shiny": false, "level": 82, "moves": ["drainingkiss", "calmmind", "earthpower", "diamondstorm"], "ability": "Clear Body", "evs": {"hp": 85, "atk": 85, "def": 85, "spa": 85, "spd": 85, "spe": 85}, "ivs": {"hp": 31, "atk": 31, "def": 31, "spa": 31, "spd": 31, "spe": 31}, "item": "Leftovers", "teraType": "Water", "role": "Bulky Setup", "bvs": {"hp": 50, "atk": 100, "def": 150, "spa": 100, "spd": 150, "spe": 50}, "stats": {"hp": 216, "atk": 211, "def": 293, "spa": 211, "spd": 293, "spe": 129}, "types": ["Rock", "Fairy"]}, "Golurk": {"name": "Golurk", "species": "Golurk", "speciesId": "golurk", "gender": "N", "shiny": false, "level": 87, "moves": ["dynamicpunch", "poltergeist", "earthquake", "stoneedge"], "ability": "No Guard", "evs": {"hp": 85, "atk": 85, "def": 85, "spa": 85, "spd": 85, "spe": 85}, "ivs": {"hp": 31, "atk": 31, "def": 31, "spa": 31, "spd": 31, "spe": 31}, "item": "Choice Band", "teraType": "Fighting", "role": "Wallbreaker", "bvs": {"hp": 89, "atk": 124, "def": 80, "spa": 55, "spd": 80, "spe": 55}, "stats": {"hp": 297, "atk": 266, "def": 189, "spa": 145, "spd": 189, "spe": 145}, "types": ["Ground", "Ghost"]}, "Excadrill": {"name": "Excadrill", "species": "Excadrill", "speciesId": "excadrill", "gender": "M", "shiny": false, "level": 79, "moves": ["earthquake", "rapidspin", "ironhead", "swordsdance"], "ability": "Mold Breaker", "evs": {"hp": 85, "atk": 85, "def": 85, "spa": 85, "spd": 85, "spe": 85}, "ivs": {"hp": 31, "atk": 31, "def": 31, "spa": 31, "spd": 31, "spe": 31}, "item": "Leftovers", "teraType": "Grass", "role": "Bulky Setup", "bvs": {"hp": 110, "atk": 135, "def": 60, "spa": 50, "spd": 65, "spe": 88}, "stats": {"hp": 303, "atk": 259, "def": 140, "spa": 125, "spd": 148, "spe": 185}, "types": ["Ground", "Steel"]}, "Clefable": {"name": "Clefable", "species": "Clefable", "speciesId": "clefable", "gender": "M", "shiny": false, "level": 83, "moves": ["moonlight", "thunderwave", "knockoff", "moonblast"], "ability": "Unaware", "evs": {"hp": 85, "atk": 85, "def": 85, "spa": 85, "spd": 85, "spe": 85}, "ivs": {"hp": 31, "atk": 31, "def": 31, "spa": 31, "spd": 31, "spe": 31}, "item": "Leftovers", "teraType": "Steel", "role": "Bulky Support", "bvs": {"hp": 95, "atk": 70, "def": 73, "spa": 95, "spd": 90, "spe": 60}, "stats": {"hp": 293, "atk": 164, "def": 169, "spa": 205, "spd": 197, "spe": 147}, "types": ["Fairy"]}}, {"Toucannon": {"name": "Toucannon", "species": "Toucannon", "speciesId": "toucannon", "gender": "M", "shiny": false, "level": 88, "moves": ["boomburst", "uturn", "beakblast", "roost"], "ability": "Keen Eye", "evs": {"hp": 85, "atk": 85, "def": 85, "spa": 85, "spd": 85, "spe": 85}, "ivs": {"hp": 31, "atk": 31, "def": 31, "spa": 31, "spd": 31, "spe": 31}, "item": "Heavy-Duty Boots", "teraType": "Steel", "role": "Bulky Support", "bvs": {"hp": 80, "atk": 120, "def": 75, "spa": 75, "spd": 75, "spe": 60}, "stats": {"hp": 284, "atk": 261, "def": 182, "spa": 182, "spd": 182, "spe": 156}, "types": ["Normal", "Flying"]}, "Empoleon": {"name": "Empoleon", "species": "Empoleon", "speciesId": "empoleon", "gender": "M", "shiny": false, "level": 84, "moves": ["roar", "roost", "stealthrock", "surf"], "ability": "Competitive", "evs": {"hp": 85, "atk": 0, "def": 85, "spa": 85, "spd": 85, "spe": 85}, "ivs": {"hp": 31, "atk": 0, "def": 31, "spa": 31, "spd": 31, "spe": 31}, "item": "Leftovers", "teraType": "Flying", "role": "Bulky Support", "bvs": {"hp": 84, "atk": 86, "def": 88, "spa": 111, "spd": 101, "spe": 60}, "stats": {"hp": 278, "atk": 149, "def": 196, "spa": 235, "spd": 218, "spe": 149}, "types": ["Water", "Steel"]}, "Spectrier": {"name": "Spectrier", "species": "Spectrier", "speciesId": "spectrier", "gender": "N", "shiny": false, "level": 75, "moves": ["nastyplot", "willowisp", "shadowball", "drainingkiss"], "ability": "Grim Neigh", "evs": {"hp": 85, "atk": 0, "def": 85, "spa": 85, "spd": 85, "spe": 85}, "ivs": {"hp": 31, "atk": 0, "def": 31, "spa": 31, "spd": 31, "spe": 31}, "item": "Life Orb", "teraType": "Fairy", "role": "Setup Sweeper", "bvs": {"hp": 100, "atk": 65, "def": 60, "spa": 145, "spd": 80, "spe": 130}, "stats": {"hp": 274, "atk": 102, "def": 134, "spa": 261, "spd": 164, "spe": 239}, "types": ["Ghost"]}, "Garganacl": {"name": "Garganacl", "species": "Garganacl", "speciesId": "garganacl", "gender": "F", "shiny": false, "level": 80, "moves": ["irondefense", "bodypress", "saltcure", "recover"], "ability": "Purifying Salt", "evs": {"hp": 85, "atk": 85, "def": 85, "spa": 85, "spd": 85, "spe": 85}, "ivs": {"hp": 31, "atk": 31, "def": 31, "spa": 31, "spd": 31, "spe": 31}, "item": "Leftovers", "teraType": "Ghost", "role": "Bulky Setup", "bvs": {"hp": 100, "atk": 100, "def": 130, "spa": 45, "spd": 90, "spe": 35}, "stats": {"hp": 291, "atk": 206, "def": 254, "spa": 118, "spd": 190, "spe": 102}, "types": ["Rock"]}, "Gholdengo": {"name": "Gholdengo", "species": "Gholdengo", "speciesId": "gholdengo", "gender": "N", "shiny": false, "level": 77, "moves": ["focusblast", "shadowball", "makeitrain", "nastyplot"], "ability": "Good as Gold", "evs": {"hp": 85, "atk": 0, "def": 85, "spa": 85, "spd": 85, "spe": 85}, "ivs": {"hp": 31, "atk": 0, "def": 31, "spa": 31, "spd": 31, "spe": 31}, "item": "Leftovers", "teraType": "Fighting", "role": "Bulky Attacker", "bvs": {"hp": 87, "atk": 60, "def": 95, "spa": 133, "spd": 91, "spe": 84}, "stats": {"hp": 261, "atk": 97, "def": 191, "spa": 249, "spd": 185, "spe": 174}, "types": ["Steel", "Ghost"]}, "Kleavor": {"name": "Kleavor", "species": "Kleavor", "speciesId": "kleavor", "gender": "M", "shiny": false, "level": 78, "moves": ["stoneaxe", "uturn", "xscissor", "defog"], "ability": "Sharpness", "evs": {"hp": 85, "atk": 85, "def": 85, "spa": 85, "spd": 85, "spe": 85}, "ivs": {"hp": 31, "atk": 31, "def": 31, "spa": 31, "spd": 31, "spe": 31}, "item": "Heavy-Duty Boots", "teraType": "Bug", "role": "Bulky Attacker", "bvs": {"hp": 70, "atk": 135, "def": 95, "spa": 45, "spd": 70, "spe": 85}, "stats": {"hp": 237, "atk": 256, "def": 193, "spa": 115, "spd": 154, "spe": 178}, "types": ["Bug", "Rock"]}}]}