{"id": "gen9randombattle-2641989708", "format": "[Gen 9] Random Battle", "players": ["mtran", "Vikkington"], "log": "|j|\u2606mtran\n|j|\u2606Vikkington\n|t:|1782869574\n|gametype|singles\n|player|p1|mtran|266|1901\n|player|p2|Vikkington|1|1912\n|gen|9\n|tier|[Gen 9] Random Battle\n|rated|\n|rule|Species Clause: Limit one of each Pok\u00e9mon\n|rule|HP Percentage Mod: HP is shown in percentages\n|rule|Sleep Clause Mod: Limit one foe put to sleep\n|rule|Illusion Level Mod: Illusion disguises the Pok\u00e9mon's true level\n|\n|t:|1782869574\n|teamsize|p1|6\n|teamsize|p2|6\n|start\n|switch|p1a: Whiscash|Whiscash, L88, M|337/337\n|switch|p2a: Crabominable|Crabominable, L90, F|321/321\n|turn|1\n|inactive|Battle timer is ON: inactive players will automatically lose when time's up. (requested by Vikkington)\n|\n|t:|1782869601\n|move|p1a: Whiscash|Dragon Dance|p1a: Whiscash\n|-boost|p1a: Whiscash|atk|1\n|-boost|p1a: Whiscash|spe|1\n|move|p2a: Crabominable|Ice Hammer|p1a: Whiscash|[miss]\n|-miss|p2a: Crabominable|p1a: Whiscash\n|\n|upkeep\n|turn|2\n|\n|t:|1782869606\n|move|p1a: Whiscash|Dragon Dance|p1a: Whiscash\n|-boost|p1a: Whiscash|atk|1\n|-boost|p1a: Whiscash|spe|1\n|move|p2a: Crabominable|Drain Punch|p1a: Whiscash\n|-damage|p1a: Whiscash|183/337\n|\n|upkeep\n|turn|3\n|\n|t:|1782869613\n|move|p1a: Whiscash|Earthquake|p2a: Crabominable\n|-damage|p2a: Crabominable|66/321\n|-damage|p1a: Whiscash|150/337|[from] item: Life Orb\n|move|p2a: Crabominable|Ice Hammer|p1a: Whiscash\n|-damage|p1a: Whiscash|0 fnt\n|-unboost|p2a: Crabominable|spe|1\n|faint|p1a: Whiscash\n|\n|upkeep\n|\n|t:|1782869626\n|switch|p1a: Toxapex|Toxapex, L82, M|216/216\n|turn|4\n|\n|t:|1782869632\n|move|p1a: Toxapex|Liquidation|p2a: Crabominable\n|-damage|p2a: Crabominable|0 fnt\n|faint|p2a: Crabominable\n|\n|upkeep\n|\n|t:|1782869640\n|switch|p2a: Froslass|Froslass, L87, F|263/263\n|turn|5\n|\n|t:|1782869645\n|move|p2a: Froslass|Poltergeist|p1a: Toxapex\n|-activate|p1a: Toxapex|move: Poltergeist|Rocky Helmet\n|-damage|p1a: Toxapex|147/216\n|move|p1a: Toxapex|Toxic|p2a: Froslass\n|-status|p2a: Froslass|tox\n|\n|-damage|p2a: Froslass|247/263 tox|[from] psn\n|upkeep\n|turn|6\n|\n|t:|1782869651\n|move|p2a: Froslass|Will-O-Wisp|p1a: Toxapex\n|-status|p1a: Toxapex|brn\n|move|p1a: Toxapex|Recover|p1a: Toxapex\n|-heal|p1a: Toxapex|216/216 brn\n|\n|-damage|p2a: Froslass|215/263 tox|[from] psn\n|-damage|p1a: Toxapex|203/216 brn|[from] brn\n|upkeep\n|turn|7\n|\n|t:|1782869655\n|switch|p2a: Pecharunt|Pecharunt, L77|262/262\n|move|p1a: Toxapex|Toxic|p2a: Pecharunt\n|-immune|p2a: Pecharunt\n|\n|-damage|p1a: Toxapex|190/216 brn|[from] brn\n|upkeep\n|turn|8\n|\n|t:|1782869662\n|switch|p1a: Plusle|Plusle, L95, M|268/268\n|move|p2a: Pecharunt|Nasty Plot|p2a: Pecharunt\n|-boost|p2a: Pecharunt|spa|2\n|\n|upkeep\n|turn|9\n|\n|t:|1782869665\n|switch|p2a: Froslass|Froslass, L87, F|215/263 tox\n|move|p1a: Plusle|Encore||[still]\n|-fail|p1a: Plusle\n|\n|-damage|p2a: Froslass|199/263 tox|[from] psn\n|upkeep\n|turn|10\n|\n|t:|1782869670\n|switch|p1a: Toxapex|Toxapex, L82, M|216/216 brn\n|move|p2a: Froslass|Poltergeist|p1a: Toxapex\n|-activate|p1a: Toxapex|move: Poltergeist|Rocky Helmet\n|-damage|p1a: Toxapex|146/216 brn\n|\n|-damage|p2a: Froslass|167/263 tox|[from] psn\n|-damage|p1a: Toxapex|133/216 brn|[from] brn\n|upkeep\n|turn|11\n|\n|t:|1782869675\n|move|p2a: Froslass|Poltergeist|p1a: Toxapex\n|-activate|p1a: Toxapex|move: Poltergeist|Rocky Helmet\n|-damage|p1a: Toxapex|67/216 brn\n|move|p1a: Toxapex|Recover|p1a: Toxapex\n|-heal|p1a: Toxapex|175/216 brn\n|\n|-damage|p2a: Froslass|119/263 tox|[from] psn\n|-damage|p1a: Toxapex|162/216 brn|[from] brn\n|upkeep\n|turn|12\n|\n|t:|1782869680\n|switch|p2a: Pecharunt|Pecharunt, L77|262/262\n|move|p1a: Toxapex|Recover|p1a: Toxapex\n|-heal|p1a: Toxapex|216/216 brn\n|\n|-damage|p1a: Toxapex|203/216 brn|[from] brn\n|upkeep\n|turn|13\n|\n|t:|1782869688\n|move|p2a: Pecharunt|Shadow Ball|p1a: Toxapex\n|-damage|p1a: Toxapex|152/216 brn\n|move|p1a: Toxapex|Haze|p1a: Toxapex\n|-clearallboost\n|\n|-damage|p1a: Toxapex|139/216 brn|[from] brn\n|upkeep\n|turn|14\n|\n|t:|1782869691\n|move|p2a: Pecharunt|Shadow Ball|p1a: Toxapex\n|-damage|p1a: Toxapex|91/216 brn\n|move|p1a: Toxapex|Recover|p1a: Toxapex\n|-heal|p1a: Toxapex|199/216 brn\n|\n|-damage|p1a: Toxapex|186/216 brn|[from] brn\n|upkeep\n|turn|15\n|\n|t:|1782869696\n|switch|p1a: Tsareena|Tsareena, L87, F|267/267\n|move|p2a: Pecharunt|Nasty Plot|p2a: Pecharunt\n|-boost|p2a: Pecharunt|spa|2\n|\n|upkeep\n|turn|16\n|\n|t:|1782869700\n|move|p2a: Pecharunt|Malignant Chain|p1a: Tsareena\n|-supereffective|p1a: Tsareena\n|-damage|p1a: Tsareena|0 fnt\n|faint|p1a: Tsareena\n|\n|upkeep\n|\n|t:|1782869703\n|switch|p1a: Plusle|Plusle, L95, M|268/268\n|turn|17\n|\n|t:|1782869708\n|move|p1a: Plusle|Nasty Plot|p1a: Plusle\n|-boost|p1a: Plusle|spa|2\n|move|p2a: Pecharunt|Malignant Chain|p1a: Plusle\n|-damage|p1a: Plusle|105/268\n|\n|upkeep\n|turn|18\n|\n|t:|1782869718\n|switch|p2a: Urshifu|Urshifu-Rapid-Strike, L75, F|274/274\n|move|p1a: Plusle|Thunderbolt|p2a: Urshifu\n|-supereffective|p2a: Urshifu\n|-damage|p2a: Urshifu|0 fnt\n|faint|p2a: Urshifu\n|-damage|p1a: Plusle|79/268|[from] item: Life Orb\n|\n|upkeep\n|\n|t:|1782869720\n|switch|p2a: Froslass|Froslass, L87, F|119/263 tox\n|turn|19\n|\n|t:|1782869723\n|switch|p1a: Toxapex|Toxapex, L82, M|216/216 brn\n|move|p2a: Froslass|Poltergeist|p1a: Toxapex\n|-activate|p1a: Toxapex|move: Poltergeist|Rocky Helmet\n|-crit|p1a: Toxapex\n|-damage|p1a: Toxapex|113/216 brn\n|\n|-damage|p2a: Froslass|103/263 tox|[from] psn\n|-damage|p1a: Toxapex|100/216 brn|[from] brn\n|upkeep\n|turn|20\n|\n|t:|1782869725\n|switch|p2a: Pecharunt|Pecharunt, L77|262/262\n|move|p1a: Toxapex|Recover|p1a: Toxapex\n|-heal|p1a: Toxapex|208/216 brn\n|\n|-damage|p1a: Toxapex|195/216 brn|[from] brn\n|upkeep\n|turn|21\n|\n|t:|1782869729\n|move|p2a: Pecharunt|Shadow Ball|p1a: Toxapex\n|-damage|p1a: Toxapex|152/216 brn\n|move|p1a: Toxapex|Liquidation|p2a: Pecharunt\n|-damage|p2a: Pecharunt|241/262\n|-unboost|p2a: Pecharunt|def|1\n|\n|-heal|p2a: Pecharunt|257/262|[from] item: Leftovers\n|-damage|p1a: Toxapex|139/216 brn|[from] brn\n|upkeep\n|turn|22\n|\n|t:|1782869733\n|move|p2a: Pecharunt|Nasty Plot|p2a: Pecharunt\n|-boost|p2a: Pecharunt|spa|2\n|move|p1a: Toxapex|Recover|p1a: Toxapex\n|-heal|p1a: Toxapex|216/216 brn\n|\n|-heal|p2a: Pecharunt|262/262|[from] item: Leftovers\n|-damage|p1a: Toxapex|203/216 brn|[from] brn\n|upkeep\n|turn|23\n|\n|t:|1782869735\n|move|p2a: Pecharunt|Shadow Ball|p1a: Toxapex\n|-damage|p1a: Toxapex|109/216 brn\n|move|p1a: Toxapex|Liquidation|p2a: Pecharunt\n|-damage|p2a: Pecharunt|232/262\n|\n|-heal|p2a: Pecharunt|248/262|[from] item: Leftovers\n|-damage|p1a: Toxapex|96/216 brn|[from] brn\n|upkeep\n|turn|24\n|\n|t:|1782869737\n|move|p2a: Pecharunt|Shadow Ball|p1a: Toxapex\n|-damage|p1a: Toxapex|0 fnt\n|faint|p1a: Toxapex\n|\n|-heal|p2a: Pecharunt|262/262|[from] item: Leftovers\n|upkeep\n|\n|t:|1782869742\n|switch|p1a: Plusle|Plusle, L95, M|79/268\n|turn|25\n|\n|t:|1782869745\n|move|p1a: Plusle|Thunderbolt|p2a: Pecharunt\n|-damage|p2a: Pecharunt|101/262\n|-damage|p1a: Plusle|53/268|[from] item: Life Orb\n|move|p2a: Pecharunt|Shadow Ball|p1a: Plusle\n|-damage|p1a: Plusle|0 fnt\n|faint|p1a: Plusle\n|\n|-heal|p2a: Pecharunt|117/262|[from] item: Leftovers\n|upkeep\n|\n|t:|1782869747\n|switch|p1a: Mienshao|Mienshao, L83, M|243/243\n|turn|26\n|\n|t:|1782869754\n|move|p1a: Mienshao|U-turn|p2a: Pecharunt\n|-resisted|p2a: Pecharunt\n|-damage|p2a: Pecharunt|95/262\n|\n|t:|1782869756\n|switch|p1a: Vivillon|Vivillon-High Plains, L83, F|268/268|[from] U-turn\n|move|p2a: Pecharunt|Malignant Chain|p1a: Vivillon\n|-damage|p1a: Vivillon|27/268\n|-status|p1a: Vivillon|tox\n|-start|p1a: Vivillon|confusion|[from] ability: Poison Puppeteer|[of] p2a: Pecharunt\n|\n|-heal|p2a: Pecharunt|111/262|[from] item: Leftovers\n|-damage|p1a: Vivillon|11/268 tox|[from] psn\n|upkeep\n|turn|27\n|\n|t:|1782869759\n|-activate|p1a: Vivillon|confusion\n|move|p1a: Vivillon|Sleep Powder|p2a: Pecharunt\n|-status|p2a: Pecharunt|slp|[from] move: Sleep Powder\n|cant|p2a: Pecharunt|slp\n|\n|-heal|p2a: Pecharunt|127/262 slp|[from] item: Leftovers\n|-damage|p1a: Vivillon|0 fnt|[from] psn\n|faint|p1a: Vivillon\n|upkeep\n|\n|t:|1782869761\n|switch|p1a: Mienshao|Mienshao, L83, M|243/243\n|turn|28\n|\n|t:|1782869766\n|move|p1a: Mienshao|Knock Off|p2a: Pecharunt\n|-supereffective|p2a: Pecharunt\n|-damage|p2a: Pecharunt|0 fnt\n|-enditem|p2a: Pecharunt|Leftovers|[from] move: Knock Off|[of] p1a: Mienshao\n|faint|p2a: Pecharunt\n|\n|upkeep\n|\n|t:|1782869768\n|switch|p2a: Froslass|Froslass, L87, F|103/263 tox\n|turn|29\n|\n|t:|1782869770\n|move|p2a: Froslass|Destiny Bond|p2a: Froslass\n|-singlemove|p2a: Froslass|Destiny Bond\n|move|p1a: Mienshao|Knock Off|p2a: Froslass\n|-supereffective|p2a: Froslass\n|-damage|p2a: Froslass|0 fnt\n|-enditem|p2a: Froslass|Wide Lens|[from] move: Knock Off|[of] p1a: Mienshao\n|faint|p2a: Froslass\n|-activate|p2a: Froslass|move: Destiny Bond\n|faint|p1a: Mienshao\n|\n|win|Vikkington\n|raw|mtran's rating: 1901 &rarr; <strong>1882</strong><br />(-19 for losing)\n|raw|Vikkington's rating: 1912 &rarr; <strong>1931</strong><br />(+19 for winning)\n", "inputlog": ">version f8ac14003a5f27e1bdc8d8c59608a773c1cb96e5\n>start {\"formatid\":\"gen9randombattle\",\"seed\":\"sodium,bf403caf9419a5998f79d0b667578708\",\"rated\":\"Rated battle\"}\n>player p1 {\"name\":\"mtran\",\"avatar\":\"266\",\"rating\":1901,\"seed\":\"sodium,e9a6e5a0ebd69138d1de43e1dba305cc\"}\n>player p2 {\"name\":\"Vikkington\",\"avatar\":\"1\",\"rating\":1912,\"seed\":\"sodium,239f903f05e16b7077ddacf237de3aa6\"}\n>p1 move dragondance\n>p2 move icehammer\n>p1 move dragondance\n>p2 move drainpunch\n>p1 move earthquake\n>p2 move icehammer\n>p1 switch 6\n>p1 move liquidation\n>p2 move knockoff\n>p2 switch 6\n>p1 move toxic\n>p2 move poltergeist\n>p1 move recover\n>p2 move willowisp\n>p1 move toxic\n>p2 switch 5\n>p1 switch 2\n>p2 move nastyplot\n>p1 move encore\n>p2 switch 5\n>p1 switch 2\n>p2 move poltergeist\n>p1 move recover\n>p2 move poltergeist\n>p1 move recover\n>p2 switch 5\n>p1 move haze\n>p2 move shadowball\n>p1 move recover\n>p2 move shadowball\n>p1 switch 3\n>p2 move nastyplot\n>p1 move tripleaxel\n>p2 move malignantchain\n>p1 switch 2\n>p1 move nastyplot\n>p2 move malignantchain\n>p1 move thunderbolt\n>p2 switch 4\n>p2 switch 5\n>p1 switch 3\n>p2 move poltergeist\n>p1 move recover\n>p2 switch 4\n>p1 move liquidation\n>p2 move shadowball\n>p1 move recover\n>p2 move nastyplot\n>p1 move liquidation\n>p2 move shadowball\n>p1 move haze\n>p2 move shadowball\n>p1 switch 3\n>p1 move thunderbolt\n>p2 move shadowball\n>p1 switch 4\n>p1 move uturn\n>p2 move malignantchain\n>p1 switch 5\n>p1 move sleeppowder\n>p2 move recover\n>p1 switch 5\n>p1 move knockoff\n>p2 move malignantchain\n>p2 switch 4\n>p1 move knockoff\n>p2 move destinybond", "uploadtime": 1782869771, "views": 4, "formatid": "gen9randombattle", "rating": 1882, "private": 0, "password": null, "player_dets": [{"name": "mtran", "avatar": "266", "rating": 1901, "seed": "sodium,e9a6e5a0ebd69138d1de43e1dba305cc"}, {"name": "Vikkington", "avatar": "1", "rating": 1912, "seed": "sodium,239f903f05e16b7077ddacf237de3aa6"}], "teams_full": [{"Whiscash": {"name": "Whiscash", "species": "Whiscash", "speciesId": "whiscash", "gender": "M", "shiny": false, "level": 88, "moves": ["earthquake", "stoneedge", "liquidation", "dragondance"], "ability": "Oblivious", "evs": {"hp": 85, "atk": 85, "def": 85, "spa": 85, "spd": 85, "spe": 85}, "ivs": {"hp": 31, "atk": 31, "def": 31, "spa": 31, "spd": 31, "spe": 31}, "item": "Life Orb", "teraType": "Ground", "role": "Setup Sweeper", "bvs": {"hp": 110, "atk": 78, "def": 73, "spa": 76, "spd": 71, "spe": 60}, "stats": {"hp": 337, "atk": 188, "def": 179, "spa": 184, "spd": 175, "spe": 156}, "types": ["Water", "Ground"]}, "Plusle": {"name": "Plusle", "species": "Plusle", "speciesId": "plusle", "gender": "M", "shiny": false, "level": 95, "moves": ["encore", "nastyplot", "thunderbolt", "grassknot"], "ability": "Lightning Rod", "evs": {"hp": 85, "atk": 0, "def": 85, "spa": 85, "spd": 85, "spe": 85}, "ivs": {"hp": 31, "atk": 0, "def": 31, "spa": 31, "spd": 31, "spe": 31}, "item": "Life Orb", "teraType": "Grass", "role": "Setup Sweeper", "bvs": {"hp": 60, "atk": 50, "def": 40, "spa": 85, "spd": 75, "spe": 95}, "stats": {"hp": 268, "atk": 100, "def": 130, "spa": 215, "spd": 196, "spe": 234}, "types": ["Electric"]}, "Tsareena": {"name": "Tsareena", "species": "Tsareena", "speciesId": "tsareena", "gender": "F", "shiny": false, "level": 87, "moves": ["highjumpkick", "synthesis", "powerwhip", "tripleaxel"], "ability": "Queenly Majesty", "evs": {"hp": 85, "atk": 85, "def": 85, "spa": 85, "spd": 85, "spe": 85}, "ivs": {"hp": 31, "atk": 31, "def": 31, "spa": 31, "spd": 31, "spe": 31}, "item": "Life Orb", "teraType": "Fighting", "role": "Fast Support", "bvs": {"hp": 72, "atk": 120, "def": 98, "spa": 50, "spd": 98, "spe": 72}, "stats": {"hp": 267, "atk": 259, "def": 220, "spa": 137, "spd": 220, "spe": 175}, "types": ["Grass"]}, "Mienshao": {"name": "Mienshao", "species": "Mienshao", "speciesId": "mienshao", "gender": "M", "shiny": false, "level": 83, "moves": ["stoneedge", "knockoff", "uturn", "highjumpkick"], "ability": "Reckless", "evs": {"hp": 81, "atk": 85, "def": 85, "spa": 85, "spd": 85, "spe": 85}, "ivs": {"hp": 31, "atk": 31, "def": 31, "spa": 31, "spd": 31, "spe": 31}, "item": "Choice Band", "teraType": "Fighting", "role": "Wallbreaker", "bvs": {"hp": 65, "atk": 125, "def": 60, "spa": 95, "spd": 60, "spe": 105}, "stats": {"hp": 243, "atk": 255, "def": 147, "spa": 205, "spd": 147, "spe": 222}, "types": ["Fighting"]}, "Vivillon": {"name": "Vivillon", "species": "Vivillon-High Plains", "speciesId": "vivillon", "gender": "F", "shiny": false, "level": 83, "moves": ["bugbuzz", "sleeppowder", "quiverdance", "hurricane"], "ability": "Compound Eyes", "evs": {"hp": 85, "atk": 0, "def": 85, "spa": 85, "spd": 85, "spe": 85}, "ivs": {"hp": 31, "atk": 0, "def": 31, "spa": 31, "spd": 31, "spe": 31}, "item": "Heavy-Duty Boots", "teraType": "Flying", "role": "Fast Bulky Setup", "bvs": {"hp": 80, "atk": 52, "def": 50, "spa": 90, "spd": 50, "spe": 89}, "stats": {"hp": 268, "atk": 91, "def": 131, "spa": 197, "spd": 131, "spe": 195}, "types": ["Bug", "Flying"]}, "Toxapex": {"name": "Toxapex", "species": "Toxapex", "speciesId": "toxapex", "gender": "M", "shiny": false, "level": 82, "moves": ["recover", "haze", "toxic", "liquidation"], "ability": "Regenerator", "evs": {"hp": 85, "atk": 85, "def": 85, "spa": 85, "spd": 85, "spe": 85}, "ivs": {"hp": 31, "atk": 31, "def": 31, "spa": 31, "spd": 31, "spe": 31}, "item": "Rocky Helmet", "teraType": "Steel", "role": "Bulky Support", "bvs": {"hp": 50, "atk": 63, "def": 152, "spa": 53, "spd": 142, "spe": 35}, "stats": {"hp": 216, "atk": 150, "def": 296, "spa": 134, "spd": 280, "spe": 105}, "types": ["Poison", "Water"]}}, {"Crabominable": {"name": "Crabominable", "species": "Crabominable", "speciesId": "crabominable", "gender": "F", "shiny": false, "level": 90, "moves": ["icehammer", "drainpunch", "knockoff", "earthquake"], "ability": "Iron Fist", "evs": {"hp": 85, "atk": 85, "def": 85, "spa": 85, "spd": 85, "spe": 85}, "ivs": {"hp": 31, "atk": 31, "def": 31, "spa": 31, "spd": 31, "spe": 31}, "item": "Assault Vest", "teraType": "Ground", "role": "AV Pivot", "bvs": {"hp": 97, "atk": 132, "def": 77, "spa": 62, "spd": 67, "spe": 43}, "stats": {"hp": 321, "atk": 289, "def": 190, "spa": 163, "spd": 172, "spe": 129}, "types": ["Fighting", "Ice"]}, "Charizard": {"name": "Charizard", "species": "Charizard", "speciesId": "charizard", "gender": "M", "shiny": false, "level": 85, "moves": ["flamethrower", "focusblast", "willowisp", "hurricane"], "ability": "Blaze", "evs": {"hp": 85, "atk": 0, "def": 85, "spa": 85, "spd": 85, "spe": 85}, "ivs": {"hp": 31, "atk": 0, "def": 31, "spa": 31, "spd": 31, "spe": 31}, "item": "Heavy-Duty Boots", "teraType": "Dragon", "role": "Fast Attacker", "bvs": {"hp": 78, "atk": 84, "def": 78, "spa": 109, "spd": 85, "spe": 100}, "stats": {"hp": 271, "atk": 147, "def": 181, "spa": 234, "spd": 193, "spe": 219}, "types": ["Fire", "Flying"]}, "Palkia": {"name": "Palkia", "species": "Palkia-Origin", "speciesId": "palkiaorigin", "gender": "N", "shiny": false, "level": 72, "moves": ["thunderwave", "dracometeor", "fireblast", "hydropump"], "ability": "Pressure", "evs": {"hp": 85, "atk": 0, "def": 85, "spa": 85, "spd": 85, "spe": 85}, "ivs": {"hp": 31, "atk": 0, "def": 31, "spa": 31, "spd": 31, "spe": 31}, "item": "Lustrous Globe", "teraType": "Water", "role": "Bulky Attacker", "bvs": {"hp": 90, "atk": 100, "def": 100, "spa": 150, "spd": 120, "spe": 120}, "stats": {"hp": 249, "atk": 149, "def": 186, "spa": 258, "spd": 215, "spe": 215}, "types": ["Water", "Dragon"]}, "Urshifu": {"name": "Urshifu", "species": "Urshifu-Rapid-Strike", "speciesId": "urshifurapidstrike", "gender": "F", "shiny": false, "level": 75, "moves": ["icespinner", "closecombat", "surgingstrikes", "swordsdance"], "ability": "Unseen Fist", "evs": {"hp": 85, "atk": 85, "def": 85, "spa": 85, "spd": 85, "spe": 85}, "ivs": {"hp": 31, "atk": 31, "def": 31, "spa": 31, "spd": 31, "spe": 31}, "item": "Life Orb", "teraType": "Water", "role": "Fast Attacker", "bvs": {"hp": 100, "atk": 130, "def": 100, "spa": 63, "spd": 60, "spe": 97}, "stats": {"hp": 274, "atk": 239, "def": 194, "spa": 138, "spd": 134, "spe": 189}, "types": ["Fighting", "Water"]}, "Pecharunt": {"name": "Pecharunt", "species": "Pecharunt", "speciesId": "pecharunt", "gender": "N", "shiny": false, "level": 77, "moves": ["nastyplot", "recover", "malignantchain", "shadowball"], "ability": "Poison Puppeteer", "evs": {"hp": 85, "atk": 0, "def": 85, "spa": 85, "spd": 85, "spe": 85}, "ivs": {"hp": 31, "atk": 0, "def": 31, "spa": 31, "spd": 31, "spe": 31}, "item": "Leftovers", "teraType": "Dark", "role": "Bulky Attacker", "bvs": {"hp": 88, "atk": 88, "def": 160, "spa": 88, "spd": 88, "spe": 88}, "stats": {"hp": 262, "atk": 140, "def": 291, "spa": 180, "spd": 180, "spe": 180}, "types": ["Poison", "Ghost"]}, "Froslass": {"name": "Froslass", "species": "Froslass", "speciesId": "froslass", "gender": "F", "shiny": false, "level": 87, "moves": ["destinybond", "tripleaxel", "poltergeist", "willowisp"], "ability": "Cursed Body", "evs": {"hp": 81, "atk": 85, "def": 85, "spa": 85, "spd": 85, "spe": 85}, "ivs": {"hp": 31, "atk": 31, "def": 31, "spa": 31, "spd": 31, "spe": 31}, "item": "Wide Lens", "teraType": "Ghost", "role": "Fast Support", "bvs": {"hp": 70, "atk": 80, "def": 70, "spa": 80, "spd": 70, "spe": 110}, "stats": {"hp": 263, "atk": 189, "def": 172, "spa": 189, "spd": 172, "spe": 241}, "types": ["Ice", "Ghost"]}}]}