{"id": "gen9randombattle-2641755396", "format": "[Gen 9] Random Battle", "players": ["shutuprwdv", "LewisBavin"], "log": "|j|\u2606shutuprwdv\n|j|\u2606LewisBavin\n|t:|1782838064\n|gametype|singles\n|player|p1|shutuprwdv|biker-gen4|2087\n|player|p2|LewisBavin|266|2110\n|gen|9\n|tier|[Gen 9] Random Battle\n|rated|\n|rule|Species Clause: Limit one of each Pok\u00e9mon\n|rule|HP Percentage Mod: HP is shown in percentages\n|rule|Sleep Clause Mod: Limit one foe put to sleep\n|rule|Illusion Level Mod: Illusion disguises the Pok\u00e9mon's true level\n|\n|t:|1782838064\n|teamsize|p1|6\n|teamsize|p2|6\n|start\n|switch|p1a: Gliscor|Gliscor, L76, F|239/239\n|switch|p2a: Gallade|Gallade, L80, M|240/240\n|turn|1\n|inactive|Battle timer is ON: inactive players will automatically lose when time's up. (requested by LewisBavin)\n|inactive|shutuprwdv also wants the timer to be on.\n|\n|t:|1782838073\n|move|p1a: Gliscor|Toxic|p2a: Gallade\n|-status|p2a: Gallade|tox\n|move|p2a: Gallade|Psycho Cut|p1a: Gliscor\n|-damage|p1a: Gliscor|105/239\n|-damage|p2a: Gallade|216/240 tox|[from] item: Life Orb\n|\n|-damage|p2a: Gallade|201/240 tox|[from] psn\n|-status|p1a: Gliscor|tox|[from] item: Toxic Orb\n|upkeep\n|turn|2\n|\n|t:|1782838080\n|move|p1a: Gliscor|Protect|p1a: Gliscor\n|-singleturn|p1a: Gliscor|Protect\n|move|p2a: Gallade|Agility|p2a: Gallade\n|-boost|p2a: Gallade|spe|2\n|\n|-damage|p2a: Gallade|171/240 tox|[from] psn\n|-heal|p1a: Gliscor|134/239 tox|[from] ability: Poison Heal\n|upkeep\n|turn|3\n|\n|t:|1782838090\n|switch|p1a: Rabsca|Rabsca, L91, M|284/284\n|move|p2a: Gallade|Sacred Sword|p1a: Rabsca\n|-resisted|p1a: Rabsca\n|-damage|p1a: Rabsca|233/284\n|-damage|p2a: Gallade|147/240 tox|[from] item: Life Orb\n|\n|-damage|p2a: Gallade|102/240 tox|[from] psn\n|upkeep\n|turn|4\n|j| GoPlayCatch\n|\n|t:|1782838104\n|switch|p1a: Tauros|Tauros-Paldea-Blaze, L81, M|254/254\n|-ability|p1a: Tauros|Intimidate|boost\n|-unboost|p2a: Gallade|atk|1\n|move|p2a: Gallade|Night Slash|p1a: Tauros\n|-resisted|p1a: Tauros\n|-damage|p1a: Tauros|220/254\n|-damage|p2a: Gallade|78/240 tox|[from] item: Life Orb\n|\n|-damage|p2a: Gallade|18/240 tox|[from] psn\n|upkeep\n|turn|5\n|\n|t:|1782838110\n|switch|p1a: Gliscor|Gliscor, L76, F|134/239 tox\n|move|p2a: Gallade|Psycho Cut|p1a: Gliscor\n|-damage|p1a: Gliscor|48/239 tox\n|-damage|p2a: Gallade|0 fnt|[from] item: Life Orb\n|faint|p2a: Gallade\n|\n|-heal|p1a: Gliscor|77/239 tox|[from] ability: Poison Heal\n|upkeep\n|\n|t:|1782838130\n|switch|p2a: Zangoose|Zangoose, L85, F|263/263\n|turn|6\n|\n|t:|1782838137\n|move|p2a: Zangoose|Facade|p1a: Gliscor\n|-damage|p1a: Gliscor|8/239 tox\n|move|p1a: Gliscor|Knock Off|p2a: Zangoose\n|-damage|p2a: Zangoose|190/263\n|-enditem|p2a: Zangoose|Toxic Orb|[from] move: Knock Off|[of] p1a: Gliscor\n|\n|-heal|p1a: Gliscor|37/239 tox|[from] ability: Poison Heal\n|upkeep\n|turn|7\n|\n|t:|1782838143\n|switch|p1a: Tauros|Tauros-Paldea-Blaze, L81, M|220/254\n|-ability|p1a: Tauros|Intimidate|boost\n|-unboost|p2a: Zangoose|atk|1\n|move|p2a: Zangoose|Knock Off|p1a: Tauros\n|-resisted|p1a: Tauros\n|-damage|p1a: Tauros|194/254\n|-enditem|p1a: Tauros|Choice Band|[from] move: Knock Off|[of] p2a: Zangoose\n|\n|upkeep\n|turn|8\n|\n|t:|1782838146\n|move|p1a: Tauros|Close Combat|p2a: Zangoose\n|-supereffective|p2a: Zangoose\n|-damage|p2a: Zangoose|0 fnt\n|-unboost|p1a: Tauros|def|1\n|-unboost|p1a: Tauros|spd|1\n|faint|p2a: Zangoose\n|\n|upkeep\n|\n|t:|1782838152\n|switch|p2a: Raikou|Raikou, L81|278/278\n|-ability|p2a: Raikou|Pressure\n|turn|9\n|\n|t:|1782838156\n|switch|p1a: Lanturn|Lanturn, L89, F|367/367\n|move|p2a: Raikou|Substitute|p2a: Raikou\n|-start|p2a: Raikou|Substitute\n|-damage|p2a: Raikou|209/278\n|\n|-heal|p2a: Raikou|226/278|[from] item: Leftovers\n|upkeep\n|turn|10\n|\n|t:|1782838160\n|switch|p1a: Sceptile|Sceptile, L87, F|264/264\n|move|p2a: Raikou|Calm Mind|p2a: Raikou\n|-boost|p2a: Raikou|spa|1\n|-boost|p2a: Raikou|spd|1\n|\n|-heal|p2a: Raikou|243/278|[from] item: Leftovers\n|upkeep\n|turn|11\n|\n|t:|1782838163\n|move|p1a: Sceptile|Earthquake|p2a: Raikou\n|-supereffective|p2a: Raikou\n|-end|p2a: Raikou|Substitute\n|-damage|p1a: Sceptile|238/264|[from] item: Life Orb\n|move|p2a: Raikou|Scald|p1a: Sceptile\n|-resisted|p1a: Sceptile\n|-damage|p1a: Sceptile|193/264\n|\n|-heal|p2a: Raikou|260/278|[from] item: Leftovers\n|upkeep\n|turn|12\n|\n|t:|1782838167\n|move|p1a: Sceptile|Earthquake|p2a: Raikou\n|-supereffective|p2a: Raikou\n|-damage|p2a: Raikou|49/278\n|-damage|p1a: Sceptile|167/264|[from] item: Life Orb\n|move|p2a: Raikou|Scald|p1a: Sceptile\n|-resisted|p1a: Sceptile\n|-damage|p1a: Sceptile|124/264\n|-status|p1a: Sceptile|brn\n|\n|-heal|p2a: Raikou|66/278|[from] item: Leftovers\n|-damage|p1a: Sceptile|108/264 brn|[from] brn\n|upkeep\n|turn|13\n|\n|t:|1782838173\n|switch|p2a: Komala|Komala, L88, M|258/258\n|-ability|p2a: Komala|Comatose\n|move|p1a: Sceptile|Earthquake|p2a: Komala\n|-damage|p2a: Komala|205/258\n|-damage|p1a: Sceptile|82/264 brn|[from] item: Life Orb\n|\n|-damage|p1a: Sceptile|66/264 brn|[from] brn\n|upkeep\n|turn|14\n|\n|t:|1782838175\n|move|p1a: Sceptile|Focus Blast|p2a: Komala|[miss]\n|-miss|p1a: Sceptile|p2a: Komala\n|move|p2a: Komala|Rapid Spin|p1a: Sceptile\n|-damage|p1a: Sceptile|0 fnt\n|-boost|p2a: Komala|spe|1\n|faint|p1a: Sceptile\n|\n|upkeep\n|\n|t:|1782838179\n|switch|p1a: Tauros|Tauros-Paldea-Blaze, L81, M|194/254\n|-ability|p1a: Tauros|Intimidate|boost\n|-unboost|p2a: Komala|atk|1\n|turn|15\n|\n|t:|1782838182\n|switch|p2a: Magmortar|Magmortar, L88, M|275/275\n|move|p1a: Tauros|Close Combat|p2a: Magmortar\n|-damage|p2a: Magmortar|134/275\n|-unboost|p1a: Tauros|def|1\n|-unboost|p1a: Tauros|spd|1\n|\n|upkeep\n|turn|16\n|\n|t:|1782838185\n|move|p1a: Tauros|Close Combat|p2a: Magmortar\n|-damage|p2a: Magmortar|0 fnt\n|-unboost|p1a: Tauros|def|1\n|-unboost|p1a: Tauros|spd|1\n|faint|p2a: Magmortar\n|\n|upkeep\n|\n|t:|1782838187\n|switch|p2a: Raikou|Raikou, L81|66/278\n|-ability|p2a: Raikou|Pressure\n|turn|17\n|\n|t:|1782838191\n|switch|p1a: Lanturn|Lanturn, L89, F|367/367\n|move|p2a: Raikou|Calm Mind|p2a: Raikou\n|-boost|p2a: Raikou|spa|1\n|-boost|p2a: Raikou|spd|1\n|\n|-heal|p2a: Raikou|83/278|[from] item: Leftovers\n|upkeep\n|turn|18\n|\n|t:|1782838199\n|move|p2a: Raikou|Substitute|p2a: Raikou\n|-start|p2a: Raikou|Substitute\n|-damage|p2a: Raikou|14/278\n|move|p1a: Lanturn|Scald|p2a: Raikou\n|-activate|p2a: Raikou|move: Substitute|[damage]\n|\n|-heal|p2a: Raikou|31/278|[from] item: Leftovers\n|upkeep\n|turn|19\n|\n|t:|1782838202\n|move|p2a: Raikou|Calm Mind|p2a: Raikou\n|-boost|p2a: Raikou|spa|1\n|-boost|p2a: Raikou|spd|1\n|move|p1a: Lanturn|Scald|p2a: Raikou\n|-end|p2a: Raikou|Substitute\n|\n|-heal|p2a: Raikou|48/278|[from] item: Leftovers\n|upkeep\n|turn|20\n|\n|t:|1782838206\n|move|p2a: Raikou|Scald|p1a: Lanturn\n|-resisted|p1a: Lanturn\n|-damage|p1a: Lanturn|300/367\n|move|p1a: Lanturn|Scald|p2a: Raikou\n|-damage|p2a: Raikou|8/278\n|-status|p2a: Raikou|brn\n|\n|-heal|p2a: Raikou|25/278 brn|[from] item: Leftovers\n|-heal|p1a: Lanturn|322/367|[from] item: Leftovers\n|-damage|p2a: Raikou|8/278 brn|[from] brn\n|upkeep\n|turn|21\n|\n|t:|1782838211\n|move|p2a: Raikou|Scald|p1a: Lanturn\n|-resisted|p1a: Lanturn\n|-damage|p1a: Lanturn|256/367\n|-status|p1a: Lanturn|brn\n|move|p1a: Lanturn|Scald|p2a: Raikou\n|-crit|p2a: Raikou\n|-damage|p2a: Raikou|0 fnt\n|faint|p2a: Raikou\n|\n|-heal|p1a: Lanturn|278/367 brn|[from] item: Leftovers\n|-damage|p1a: Lanturn|256/367 brn|[from] brn\n|upkeep\n|\n|t:|1782838217\n|switch|p2a: Komala|Komala, L88, M|205/258\n|-ability|p2a: Komala|Comatose\n|turn|22\n|\n|t:|1782838230\n|move|p1a: Lanturn|Thunderbolt|p2a: Komala\n|-damage|p2a: Komala|154/258\n|move|p2a: Komala|Rapid Spin|p1a: Lanturn\n|-damage|p1a: Lanturn|165/367 brn\n|-boost|p2a: Komala|spe|1\n|\n|-heal|p1a: Lanturn|187/367 brn|[from] item: Leftovers\n|-damage|p1a: Lanturn|165/367 brn|[from] brn\n|upkeep\n|turn|23\n|\n|t:|1782838234\n|move|p2a: Komala|Earthquake|p1a: Lanturn\n|-supereffective|p1a: Lanturn\n|-damage|p1a: Lanturn|0 fnt\n|faint|p1a: Lanturn\n|\n|upkeep\n|\n|t:|1782838236\n|switch|p1a: Tauros|Tauros-Paldea-Blaze, L81, M|194/254\n|-ability|p1a: Tauros|Intimidate|boost\n|-unboost|p2a: Komala|atk|1\n|turn|24\n|\n|t:|1782838240\n|move|p2a: Komala|Body Slam|p1a: Tauros\n|-damage|p1a: Tauros|130/254\n|-status|p1a: Tauros|par\n|move|p1a: Tauros|Close Combat|p2a: Komala\n|-supereffective|p2a: Komala\n|-damage|p2a: Komala|0 fnt\n|-unboost|p1a: Tauros|def|1\n|-unboost|p1a: Tauros|spd|1\n|faint|p2a: Komala\n|\n|upkeep\n|\n|t:|1782838244\n|switch|p2a: Crawdaunt|Crawdaunt, L84, F|243/243\n|turn|25\n|\n|t:|1782838255\n|-terastallize|p2a: Crawdaunt|Water\n|move|p2a: Crawdaunt|Dragon Dance|p2a: Crawdaunt\n|-boost|p2a: Crawdaunt|atk|1\n|-boost|p2a: Crawdaunt|spe|1\n|move|p1a: Tauros|Close Combat|p2a: Crawdaunt\n|-damage|p2a: Crawdaunt|99/243\n|-unboost|p1a: Tauros|def|1\n|-unboost|p1a: Tauros|spd|1\n|\n|upkeep\n|turn|26\n|\n|t:|1782838265\n|switch|p1a: Gliscor|Gliscor, L76, F|37/239 tox\n|move|p2a: Crawdaunt|Dragon Dance|p2a: Crawdaunt\n|-boost|p2a: Crawdaunt|atk|1\n|-boost|p2a: Crawdaunt|spe|1\n|\n|-heal|p1a: Gliscor|66/239 tox|[from] ability: Poison Heal\n|upkeep\n|turn|27\n|\n|t:|1782838269\n|move|p2a: Crawdaunt|Knock Off|p1a: Gliscor\n|-damage|p1a: Gliscor|0 fnt\n|-enditem|p1a: Gliscor|Toxic Orb|[from] move: Knock Off|[of] p2a: Crawdaunt\n|faint|p1a: Gliscor\n|-damage|p2a: Crawdaunt|75/243|[from] item: Life Orb\n|\n|upkeep\n|\n|t:|1782838271\n|switch|p1a: Tauros|Tauros-Paldea-Blaze, L81, M|130/254 par\n|-ability|p1a: Tauros|Intimidate|boost\n|-unboost|p2a: Crawdaunt|atk|1\n|turn|28\n|\n|t:|1782838276\n|switch|p1a: Rabsca|Rabsca, L91, M|233/284\n|move|p2a: Crawdaunt|Crabhammer|p1a: Rabsca\n|-damage|p1a: Rabsca|0 fnt\n|faint|p1a: Rabsca\n|-damage|p2a: Crawdaunt|51/243|[from] item: Life Orb\n|\n|upkeep\n|\n|t:|1782838278\n|switch|p1a: Tauros|Tauros-Paldea-Blaze, L81, M|130/254 par\n|-ability|p1a: Tauros|Intimidate|boost\n|-unboost|p2a: Crawdaunt|atk|1\n|turn|29\n|\n|t:|1782838280\n|move|p2a: Crawdaunt|Crabhammer|p1a: Tauros\n|-supereffective|p1a: Tauros\n|-damage|p1a: Tauros|0 fnt\n|faint|p1a: Tauros\n|-damage|p2a: Crawdaunt|27/243|[from] item: Life Orb\n|\n|upkeep\n|\n|t:|1782838282\n|switch|p1a: Duraludon|Duraludon, L82, M|249/249\n|turn|30\n|-message|LewisBavin forfeited.\n|\n|win|shutuprwdv\n|raw|shutuprwdv's rating: 2087 &rarr; <strong>2108</strong><br />(+21 for winning)\n|raw|LewisBavin's rating: 2110 &rarr; <strong>2089</strong><br />(-21 for losing)\n", "inputlog": ">version f8ac14003a5f27e1bdc8d8c59608a773c1cb96e5\n>start {\"formatid\":\"gen9randombattle\",\"seed\":\"sodium,fcd6851c6c1acac3539f0b9eb9390201\",\"rated\":\"Rated battle\"}\n>player p1 {\"name\":\"shutuprwdv\",\"avatar\":\"biker-gen4\",\"rating\":2087,\"seed\":\"sodium,44bfc8d23f3128c507542d4ebe0287e4\"}\n>player p2 {\"name\":\"LewisBavin\",\"avatar\":\"266\",\"rating\":2110,\"seed\":\"sodium,733414666da0fe2216998a6bb83d25dc\"}\n>p1 move toxic\n>p2 move psychocut\n>p1 move protect\n>p2 move agility\n>p1 switch 5\n>p2 move sacredsword\n>p1 switch 4\n>p2 move nightslash\n>p1 switch 5\n>p2 move psychocut\n>p2 switch 2\n>p1 move knockoff\n>p2 move facade\n>p1 switch 5\n>p2 move knockoff\n>p1 move closecombat\n>p2 move facade\n>p2 switch 6\n>p1 switch 2\n>p2 move substitute\n>p1 switch 6\n>p2 move calmmind\n>p1 move earthquake\n>p2 move scald\n>p1 move earthquake\n>p2 move scald\n>p1 move earthquake\n>p2 switch 5\n>p1 move focusblast\n>p2 move rapidspin\n>p1 switch 2\n>p1 move closecombat\n>p2 switch 4\n>p1 move closecombat\n>p2 move fireblast\n>p2 switch 5\n>p1 switch 6\n>p2 move calmmind\n>p1 move scald\n>p2 move substitute\n>p1 move scald\n>p2 move calmmind\n>p1 move scald\n>p2 move scald\n>p1 move scald\n>p2 move scald\n>p2 switch 4\n>p1 move thunderbolt\n>p2 move rapidspin\n>p1 move thunderbolt\n>p2 move earthquake\n>p1 switch 6\n>p1 move closecombat\n>p2 move bodyslam\n>p2 switch 3\n>p1 move closecombat\n>p2 move dragondance terastallize\n>p1 switch 5\n>p2 move dragondance\n>p1 move toxic\n>p2 move knockoff\n>p1 switch 5\n>p1 switch 4\n>p2 move crabhammer\n>p1 switch 4\n>p1 move closecombat\n>p2 move crabhammer\n>p1 switch 3\n>forcelose p2", "uploadtime": 1782838285, "views": 7, "formatid": "gen9randombattle", "rating": 2089, "private": 0, "password": null, "player_dets": [{"name": "shutuprwdv", "avatar": "biker-gen4", "rating": 2087, "seed": "sodium,44bfc8d23f3128c507542d4ebe0287e4"}, {"name": "LewisBavin", "avatar": "266", "rating": 2110, "seed": "sodium,733414666da0fe2216998a6bb83d25dc"}], "teams_full": [{"Gliscor": {"name": "Gliscor", "species": "Gliscor", "speciesId": "gliscor", "gender": "F", "shiny": false, "level": 76, "moves": ["toxic", "earthquake", "knockoff", "protect"], "ability": "Poison Heal", "evs": {"hp": 85, "atk": 85, "def": 85, "spa": 85, "spd": 85, "spe": 85}, "ivs": {"hp": 31, "atk": 31, "def": 31, "spa": 31, "spd": 31, "spe": 31}, "item": "Toxic Orb", "teraType": "Water", "role": "Bulky Support", "bvs": {"hp": 75, "atk": 95, "def": 125, "spa": 45, "spd": 75, "spe": 95}, "stats": {"hp": 239, "atk": 188, "def": 234, "spa": 112, "spd": 158, "spe": 188}, "types": ["Ground", "Flying"]}, "Lanturn": {"name": "Lanturn", "species": "Lanturn", "speciesId": "lanturn", "gender": "F", "shiny": false, "level": 89, "moves": ["scald", "thunderwave", "thunderbolt", "icebeam"], "ability": "Volt Absorb", "evs": {"hp": 85, "atk": 0, "def": 85, "spa": 85, "spd": 85, "spe": 85}, "ivs": {"hp": 31, "atk": 0, "def": 31, "spa": 31, "spd": 31, "spe": 31}, "item": "Leftovers", "teraType": "Flying", "role": "Bulky Attacker", "bvs": {"hp": 125, "atk": 58, "def": 58, "spa": 76, "spd": 76, "spe": 67}, "stats": {"hp": 367, "atk": 108, "def": 154, "spa": 186, "spd": 186, "spe": 170}, "types": ["Water", "Electric"]}, "Duraludon": {"name": "Duraludon", "species": "Duraludon", "speciesId": "duraludon", "gender": "M", "shiny": false, "level": 82, "moves": ["irondefense", "flashcannon", "dracometeor", "bodypress"], "ability": "Light Metal", "evs": {"hp": 85, "atk": 0, "def": 85, "spa": 85, "spd": 85, "spe": 85}, "ivs": {"hp": 31, "atk": 0, "def": 31, "spa": 31, "spd": 31, "spe": 31}, "item": "Eviolite", "teraType": "Fighting", "role": "Bulky Attacker", "bvs": {"hp": 70, "atk": 95, "def": 115, "spa": 120, "spd": 50, "spe": 85}, "stats": {"hp": 249, "atk": 160, "def": 236, "spa": 244, "spd": 129, "spe": 187}, "types": ["Steel", "Dragon"]}, "Tauros": {"name": "Tauros", "species": "Tauros-Paldea-Blaze", "speciesId": "taurospaldeablaze", "gender": "M", "shiny": false, "level": 81, "moves": ["flareblitz", "wildcharge", "stoneedge", "closecombat"], "ability": "Intimidate", "evs": {"hp": 85, "atk": 85, "def": 85, "spa": 85, "spd": 85, "spe": 85}, "ivs": {"hp": 31, "atk": 31, "def": 31, "spa": 31, "spd": 31, "spe": 31}, "item": "Choice Band", "teraType": "Fighting", "role": "Wallbreaker", "bvs": {"hp": 75, "atk": 110, "def": 105, "spa": 30, "spd": 70, "spe": 100}, "stats": {"hp": 254, "atk": 225, "def": 217, "spa": 95, "spd": 160, "spe": 209}, "types": ["Fighting", "Fire"]}, "Rabsca": {"name": "Rabsca", "species": "Rabsca", "speciesId": "rabsca", "gender": "M", "shiny": false, "level": 91, "moves": ["psychic", "bugbuzz", "earthpower", "revivalblessing"], "ability": "Synchronize", "evs": {"hp": 85, "atk": 0, "def": 85, "spa": 85, "spd": 85, "spe": 85}, "ivs": {"hp": 31, "atk": 0, "def": 31, "spa": 31, "spd": 31, "spe": 31}, "item": "Heavy-Duty Boots", "teraType": "Steel", "role": "Wallbreaker", "bvs": {"hp": 75, "atk": 50, "def": 85, "spa": 115, "spd": 100, "spe": 45}, "stats": {"hp": 284, "atk": 96, "def": 207, "spa": 261, "spd": 234, "spe": 134}, "types": ["Bug", "Psychic"]}, "Sceptile": {"name": "Sceptile", "species": "Sceptile", "speciesId": "sceptile", "gender": "F", "shiny": false, "level": 87, "moves": ["earthquake", "shedtail", "leafstorm", "focusblast"], "ability": "Overgrow", "evs": {"hp": 85, "atk": 85, "def": 85, "spa": 85, "spd": 85, "spe": 85}, "ivs": {"hp": 31, "atk": 31, "def": 31, "spa": 31, "spd": 31, "spe": 31}, "item": "Life Orb", "teraType": "Ground", "role": "Fast Attacker", "bvs": {"hp": 70, "atk": 85, "def": 65, "spa": 105, "spd": 85, "spe": 120}, "stats": {"hp": 264, "atk": 198, "def": 163, "spa": 232, "spd": 198, "spe": 259}, "types": ["Grass"]}}, {"Gallade": {"name": "Gallade", "species": "Gallade", "speciesId": "gallade", "gender": "M", "shiny": false, "level": 80, "moves": ["psychocut", "agility", "sacredsword", "nightslash"], "ability": "Sharpness", "evs": {"hp": 85, "atk": 85, "def": 85, "spa": 85, "spd": 85, "spe": 85}, "ivs": {"hp": 31, "atk": 31, "def": 31, "spa": 31, "spd": 31, "spe": 31}, "item": "Life Orb", "teraType": "Fighting", "role": "Setup Sweeper", "bvs": {"hp": 68, "atk": 125, "def": 65, "spa": 65, "spd": 115, "spe": 80}, "stats": {"hp": 240, "atk": 246, "def": 150, "spa": 150, "spd": 230, "spe": 174}, "types": ["Psychic", "Fighting"]}, "Zangoose": {"name": "Zangoose", "species": "Zangoose", "speciesId": "zangoose", "gender": "F", "shiny": false, "level": 85, "moves": ["facade", "closecombat", "knockoff", "swordsdance"], "ability": "Toxic Boost", "evs": {"hp": 85, "atk": 85, "def": 85, "spa": 85, "spd": 85, "spe": 85}, "ivs": {"hp": 31, "atk": 31, "def": 31, "spa": 31, "spd": 31, "spe": 31}, "item": "Toxic Orb", "teraType": "Normal", "role": "Fast Attacker", "bvs": {"hp": 73, "atk": 115, "def": 60, "spa": 60, "spd": 60, "spe": 90}, "stats": {"hp": 263, "atk": 244, "def": 151, "spa": 151, "spd": 151, "spe": 202}, "types": ["Normal"]}, "Crawdaunt": {"name": "Crawdaunt", "species": "Crawdaunt", "speciesId": "crawdaunt", "gender": "F", "shiny": false, "level": 84, "moves": ["aquajet", "crabhammer", "knockoff", "dragondance"], "ability": "Adaptability", "evs": {"hp": 85, "atk": 85, "def": 85, "spa": 85, "spd": 85, "spe": 85}, "ivs": {"hp": 31, "atk": 31, "def": 31, "spa": 31, "spd": 31, "spe": 31}, "item": "Life Orb", "teraType": "Water", "role": "Setup Sweeper", "bvs": {"hp": 63, "atk": 120, "def": 85, "spa": 90, "spd": 55, "spe": 55}, "stats": {"hp": 243, "atk": 250, "def": 191, "spa": 199, "spd": 141, "spe": 141}, "types": ["Water", "Dark"]}, "Magmortar": {"name": "Magmortar", "species": "Magmortar", "speciesId": "magmortar", "gender": "M", "shiny": false, "level": 88, "moves": ["scorchingsands", "taunt", "thunderbolt", "fireblast"], "ability": "Flame Body", "evs": {"hp": 85, "atk": 0, "def": 85, "spa": 85, "spd": 85, "spe": 85}, "ivs": {"hp": 31, "atk": 0, "def": 31, "spa": 31, "spd": 31, "spe": 31}, "item": "Heavy-Duty Boots", "teraType": "Electric", "role": "Wallbreaker", "bvs": {"hp": 75, "atk": 95, "def": 67, "spa": 125, "spd": 95, "spe": 83}, "stats": {"hp": 275, "atk": 172, "def": 168, "spa": 270, "spd": 217, "spe": 196}, "types": ["Fire"]}, "Komala": {"name": "Komala", "species": "Komala", "speciesId": "komala", "gender": "M", "shiny": false, "level": 88, "moves": ["earthquake", "rapidspin", "knockoff", "bodyslam"], "ability": "Comatose", "evs": {"hp": 85, "atk": 85, "def": 85, "spa": 85, "spd": 85, "spe": 85}, "ivs": {"hp": 31, "atk": 31, "def": 31, "spa": 31, "spd": 31, "spe": 31}, "item": "Assault Vest", "teraType": "Ghost", "role": "Bulky Support", "bvs": {"hp": 65, "atk": 115, "def": 65, "spa": 75, "spd": 95, "spe": 65}, "stats": {"hp": 258, "atk": 253, "def": 165, "spa": 182, "spd": 217, "spe": 165}, "types": ["Normal"]}, "Raikou": {"name": "Raikou", "species": "Raikou", "speciesId": "raikou", "gender": "N", "shiny": false, "level": 81, "moves": ["thunderbolt", "substitute", "calmmind", "scald"], "ability": "Pressure", "evs": {"hp": 85, "atk": 0, "def": 85, "spa": 85, "spd": 85, "spe": 85}, "ivs": {"hp": 31, "atk": 0, "def": 31, "spa": 31, "spd": 31, "spe": 31}, "item": "Leftovers", "teraType": "Water", "role": "Bulky Setup", "bvs": {"hp": 90, "atk": 85, "def": 75, "spa": 115, "spd": 100, "spe": 115}, "stats": {"hp": 278, "atk": 142, "def": 168, "spa": 233, "spd": 209, "spe": 233}, "types": ["Electric"]}}]}