{"id": "gen9randombattle-2642194309", "format": "[Gen 9] Random Battle", "players": ["ElRicoh", "jnpr010334"], "log": "|j|\u2606ElRicoh\n|j|\u2606jnpr010334\n|t:|1782908849\n|gametype|singles\n|player|p1|ElRicoh|102|1715\n|player|p2|jnpr010334|265|1765\n|gen|9\n|tier|[Gen 9] Random Battle\n|rated|\n|rule|Species Clause: Limit one of each Pok\u00e9mon\n|rule|HP Percentage Mod: HP is shown in percentages\n|rule|Sleep Clause Mod: Limit one foe put to sleep\n|rule|Illusion Level Mod: Illusion disguises the Pok\u00e9mon's true level\n|\n|t:|1782908849\n|teamsize|p1|6\n|teamsize|p2|6\n|start\n|switch|p1a: Ceruledge|Ceruledge, L78, M|245/245\n|switch|p2a: Weavile|Weavile, L79, M|239/239\n|turn|1\n|inactive|Battle timer is ON: inactive players will automatically lose when time's up. (requested by jnpr010334)\n|\n|t:|1782908862\n|switch|p1a: Arceus|Arceus-Fighting, L70|284/284\n|move|p2a: Weavile|Knock Off|p1a: Arceus\n|-resisted|p1a: Arceus\n|-damage|p1a: Arceus|235/284\n|\n|upkeep\n|turn|2\n|\n|t:|1782908874\n|switch|p2a: Galvantula|Galvantula, L82, M|249/249\n|move|p1a: Arceus|Body Press|p2a: Galvantula\n|-resisted|p2a: Galvantula\n|-damage|p2a: Galvantula|194/249\n|\n|upkeep\n|turn|3\n|\n|t:|1782908891\n|switch|p1a: Ceruledge|Ceruledge, L78, M|245/245\n|move|p2a: Galvantula|Sticky Web|p1a: Ceruledge\n|-sidestart|p1: ElRicoh|move: Sticky Web\n|\n|upkeep\n|turn|4\n|\n|t:|1782908898\n|move|p2a: Galvantula|Thunder|p1a: Ceruledge\n|-damage|p1a: Ceruledge|142/245\n|move|p1a: Ceruledge|Bitter Blade|p2a: Galvantula\n|-supereffective|p2a: Galvantula\n|-damage|p2a: Galvantula|0 fnt\n|-heal|p1a: Ceruledge|239/245|[from] drain|[of] p2a: Galvantula\n|faint|p2a: Galvantula\n|\n|upkeep\n|\n|t:|1782908900\n|switch|p2a: Weavile|Weavile, L79, M|239/239\n|turn|5\n|\n|t:|1782908917\n|switch|p1a: Arceus|Arceus-Fighting, L70|235/284\n|-activate|p1a: Arceus|move: Sticky Web\n|-unboost|p1a: Arceus|spe|1\n|move|p2a: Weavile|Knock Off|p1a: Arceus\n|-resisted|p1a: Arceus\n|-damage|p1a: Arceus|181/284\n|\n|upkeep\n|turn|6\n|\n|t:|1782908925\n|switch|p2a: Rabsca|Rabsca, L91, M|284/284\n|move|p1a: Arceus|Recover|p1a: Arceus\n|-heal|p1a: Arceus|284/284\n|\n|upkeep\n|turn|7\n|\n|t:|1782908946\n|switch|p1a: Talonflame|Talonflame, L83, F|265/265\n|move|p2a: Rabsca|Bug Buzz|p1a: Talonflame\n|-resisted|p1a: Talonflame\n|-damage|p1a: Talonflame|229/265\n|\n|upkeep\n|turn|8\n|\n|t:|1782908955\n|move|p1a: Talonflame|Flare Blitz|p2a: Rabsca\n|-supereffective|p2a: Rabsca\n|-damage|p2a: Rabsca|92/284\n|-status|p2a: Rabsca|brn\n|-activate|p2a: Rabsca|ability: Synchronize\n|-immune|p1a: Talonflame\n|-damage|p1a: Talonflame|166/265|[from] Recoil\n|move|p2a: Rabsca|Psychic|p1a: Talonflame\n|-damage|p1a: Talonflame|6/265\n|\n|-damage|p2a: Rabsca|75/284 brn|[from] brn\n|upkeep\n|turn|9\n|\n|t:|1782908968\n|move|p1a: Talonflame|Flare Blitz|p2a: Rabsca\n|-supereffective|p2a: Rabsca\n|-damage|p2a: Rabsca|0 fnt\n|faint|p2a: Rabsca\n|-damage|p1a: Talonflame|0 fnt|[from] Recoil\n|faint|p1a: Talonflame\n|\n|upkeep\n|\n|t:|1782908988\n|switch|p1a: Clefable|Clefable, L83, M|293/293\n|switch|p2a: Pachirisu|Pachirisu, L96, M|271/271\n|-activate|p1a: Clefable|move: Sticky Web\n|-unboost|p1a: Clefable|spe|1\n|turn|10\n|inactive|ElRicoh has 120 seconds left.\n|\n|t:|1782909008\n|move|p2a: Pachirisu|Super Fang|p1a: Clefable\n|-damage|p1a: Clefable|147/293\n|move|p1a: Clefable|Moonblast|p2a: Pachirisu\n|-damage|p2a: Pachirisu|192/271\n|\n|-heal|p1a: Clefable|165/293|[from] item: Leftovers\n|upkeep\n|turn|11\n|inactive|ElRicoh has 120 seconds left.\n|\n|t:|1782909018\n|move|p2a: Pachirisu|U-turn|p1a: Clefable\n|-resisted|p1a: Clefable\n|-damage|p1a: Clefable|144/293\n|\n|t:|1782909020\n|switch|p2a: Cresselia|Cresselia, L80, F|323/323|[from] U-turn\n|move|p1a: Clefable|Knock Off|p2a: Cresselia\n|-supereffective|p2a: Cresselia\n|-damage|p2a: Cresselia|233/323\n|-enditem|p2a: Cresselia|Leftovers|[from] move: Knock Off|[of] p1a: Clefable\n|\n|-heal|p1a: Clefable|162/293|[from] item: Leftovers\n|upkeep\n|turn|12\n|inactive|ElRicoh has 120 seconds left.\n|\n|t:|1782909038\n|move|p2a: Cresselia|Calm Mind|p2a: Cresselia\n|-boost|p2a: Cresselia|spa|1\n|-boost|p2a: Cresselia|spd|1\n|move|p1a: Clefable|Thunder Wave|p2a: Cresselia\n|-status|p2a: Cresselia|par\n|\n|-heal|p1a: Clefable|180/293|[from] item: Leftovers\n|upkeep\n|turn|13\n|inactive|ElRicoh has 120 seconds left.\n|\n|t:|1782909058\n|switch|p1a: Ceruledge|Ceruledge, L78, M|239/245\n|move|p2a: Cresselia|Psyshock|p1a: Ceruledge\n|-damage|p1a: Ceruledge|127/245\n|\n|upkeep\n|turn|14\n|\n|t:|1782909068\n|switch|p2a: Weavile|Weavile, L79, M|239/239\n|move|p1a: Ceruledge|Poltergeist|p2a: Weavile\n|-activate|p2a: Weavile|move: Poltergeist|Choice Band\n|-resisted|p2a: Weavile\n|-damage|p2a: Weavile|162/239\n|\n|upkeep\n|turn|15\n|inactive|ElRicoh has 120 seconds left.\n|\n|t:|1782909079\n|switch|p1a: Arceus|Arceus-Fighting, L70|284/284\n|-activate|p1a: Arceus|move: Sticky Web\n|-unboost|p1a: Arceus|spe|1\n|move|p2a: Weavile|Knock Off|p1a: Arceus\n|-resisted|p1a: Arceus\n|-damage|p1a: Arceus|232/284\n|\n|upkeep\n|turn|16\n|inactive|ElRicoh has 120 seconds left.\n|\n|t:|1782909094\n|switch|p2a: Pachirisu|Pachirisu, L96, M|192/271\n|switch|p1a: Slither Wing|Slither Wing, L81|270/270\n|\n|upkeep\n|turn|17\n|inactive|ElRicoh has 120 seconds left.\n|\n|t:|1782909110\n|move|p2a: Pachirisu|Super Fang|p1a: Slither Wing\n|-damage|p1a: Slither Wing|135/270\n|move|p1a: Slither Wing|U-turn|p2a: Pachirisu\n|-damage|p2a: Pachirisu|101/271\n|\n|t:|1782909130\n|-end|p1a: Slither Wing|Protosynthesis|[silent]\n|switch|p1a: Ampharos|Ampharos, L88, M|302/302|[from] U-turn\n|-activate|p1a: Ampharos|move: Sticky Web\n|-unboost|p1a: Ampharos|spe|1\n|\n|upkeep\n|turn|18\n|\n|t:|1782909137\n|move|p2a: Pachirisu|Super Fang|p1a: Ampharos\n|-damage|p1a: Ampharos|151/302\n|move|p1a: Ampharos|Dazzling Gleam|p2a: Pachirisu\n|-damage|p2a: Pachirisu|19/271\n|-damage|p1a: Ampharos|121/302|[from] item: Life Orb\n|\n|upkeep\n|turn|19\n|\n|t:|1782909145\n|move|p2a: Pachirisu|Super Fang|p1a: Ampharos\n|-damage|p1a: Ampharos|61/302\n|move|p1a: Ampharos|Dazzling Gleam|p2a: Pachirisu\n|-damage|p2a: Pachirisu|0 fnt\n|faint|p2a: Pachirisu\n|-damage|p1a: Ampharos|31/302|[from] item: Life Orb\n|\n|upkeep\n|\n|t:|1782909147\n|switch|p2a: Weavile|Weavile, L79, M|162/239\n|turn|20\n|inactive|ElRicoh has 120 seconds left.\n|\n|t:|1782909154\n|move|p2a: Weavile|Knock Off|p1a: Ampharos\n|-damage|p1a: Ampharos|0 fnt\n|-enditem|p1a: Ampharos|Life Orb|[from] move: Knock Off|[of] p2a: Weavile\n|faint|p1a: Ampharos\n|\n|upkeep\n|inactive|ElRicoh has 120 seconds left.\n|\n|t:|1782909172\n|switch|p1a: Slither Wing|Slither Wing, L81|135/270\n|turn|21\n|\n|t:|1782909175\n|switch|p2a: Flutter Mane|Flutter Mane, L74|203/203\n|move|p1a: Slither Wing|Morning Sun|p1a: Slither Wing\n|-heal|p1a: Slither Wing|270/270\n|\n|upkeep\n|turn|22\n|inactive|ElRicoh has 120 seconds left.\n|\n|t:|1782909188\n|move|p2a: Flutter Mane|Moonblast|p1a: Slither Wing\n|-supereffective|p1a: Slither Wing\n|-damage|p1a: Slither Wing|20/270\n|-unboost|p1a: Slither Wing|spa|1\n|-damage|p2a: Flutter Mane|183/203|[from] item: Life Orb\n|move|p1a: Slither Wing|U-turn|p2a: Flutter Mane\n|-resisted|p2a: Flutter Mane\n|-crit|p2a: Flutter Mane\n|-damage|p2a: Flutter Mane|132/203\n|inactive|ElRicoh has 120 seconds left.\n|\n|t:|1782909212\n|-end|p1a: Slither Wing|Protosynthesis|[silent]\n|switch|p1a: Ceruledge|Ceruledge, L78, M|127/245|[from] U-turn\n|\n|upkeep\n|turn|23\n|\n|t:|1782909223\n|-terastallize|p2a: Flutter Mane|Ghost\n|move|p1a: Ceruledge|Shadow Sneak|p2a: Flutter Mane\n|-supereffective|p2a: Flutter Mane\n|-damage|p2a: Flutter Mane|0 fnt\n|faint|p2a: Flutter Mane\n|-end|p2a: Flutter Mane|Protosynthesis|[silent]\n|\n|upkeep\n|\n|t:|1782909225\n|switch|p2a: Weavile|Weavile, L79, M|162/239\n|turn|24\n|\n|t:|1782909233\n|switch|p1a: Slither Wing|Slither Wing, L81|20/270\n|move|p2a: Weavile|Knock Off|p1a: Slither Wing\n|-resisted|p1a: Slither Wing\n|-damage|p1a: Slither Wing|0 fnt\n|-enditem|p1a: Slither Wing|Heavy-Duty Boots|[from] move: Knock Off|[of] p2a: Weavile\n|faint|p1a: Slither Wing\n|-end|p1a: Slither Wing|Protosynthesis|[silent]\n|\n|upkeep\n|\n|t:|1782909243\n|switch|p1a: Arceus|Arceus-Fighting, L70|232/284\n|-activate|p1a: Arceus|move: Sticky Web\n|-unboost|p1a: Arceus|spe|1\n|turn|25\n|\n|t:|1782909247\n|switch|p2a: Cresselia|Cresselia, L80, F|233/323 par\n|move|p1a: Arceus|Cosmic Power|p1a: Arceus\n|-boost|p1a: Arceus|def|1\n|-boost|p1a: Arceus|spd|1\n|\n|upkeep\n|turn|26\n|inactive|ElRicoh has 120 seconds left.\n|\n|t:|1782909273\n|-terastallize|p1a: Arceus|Steel\n|move|p1a: Arceus|Cosmic Power|p1a: Arceus\n|-boost|p1a: Arceus|def|1\n|-boost|p1a: Arceus|spd|1\n|move|p2a: Cresselia|Calm Mind|p2a: Cresselia\n|-boost|p2a: Cresselia|spa|1\n|-boost|p2a: Cresselia|spd|1\n|\n|upkeep\n|turn|27\n|\n|t:|1782909281\n|move|p1a: Arceus|Cosmic Power|p1a: Arceus\n|-boost|p1a: Arceus|def|1\n|-boost|p1a: Arceus|spd|1\n|move|p2a: Cresselia|Calm Mind|p2a: Cresselia\n|-boost|p2a: Cresselia|spa|1\n|-boost|p2a: Cresselia|spd|1\n|\n|upkeep\n|turn|28\n|\n|t:|1782909287\n|move|p1a: Arceus|Cosmic Power|p1a: Arceus\n|-boost|p1a: Arceus|def|1\n|-boost|p1a: Arceus|spd|1\n|move|p2a: Cresselia|Moonlight|p2a: Cresselia\n|-heal|p2a: Cresselia|323/323 par\n|\n|upkeep\n|turn|29\n|inactive|ElRicoh has 120 seconds left.\n|\n|t:|1782909293\n|move|p1a: Arceus|Cosmic Power|p1a: Arceus\n|-boost|p1a: Arceus|def|1\n|-boost|p1a: Arceus|spd|1\n|move|p2a: Cresselia|Calm Mind|p2a: Cresselia\n|-boost|p2a: Cresselia|spa|1\n|-boost|p2a: Cresselia|spd|1\n|\n|upkeep\n|turn|30\n|\n|t:|1782909299\n|move|p1a: Arceus|Cosmic Power|p1a: Arceus\n|-boost|p1a: Arceus|def|1\n|-boost|p1a: Arceus|spd|1\n|cant|p2a: Cresselia|par\n|\n|upkeep\n|turn|31\n|\n|t:|1782909305\n|move|p1a: Arceus|Stored Power|p2a: Cresselia\n|-resisted|p2a: Cresselia\n|-damage|p2a: Cresselia|298/323 par\n|move|p2a: Cresselia|Calm Mind|p2a: Cresselia\n|-boost|p2a: Cresselia|spa|1\n|-boost|p2a: Cresselia|spd|1\n|\n|upkeep\n|turn|32\n|\n|t:|1782909311\n|move|p1a: Arceus|Body Press|p2a: Cresselia\n|-resisted|p2a: Cresselia\n|-damage|p2a: Cresselia|155/323 par\n|move|p2a: Cresselia|Moonblast|p1a: Arceus\n|-resisted|p1a: Arceus\n|-damage|p1a: Arceus|215/284\n|\n|upkeep\n|turn|33\n|\n|t:|1782909318\n|move|p1a: Arceus|Body Press|p2a: Cresselia\n|-resisted|p2a: Cresselia\n|-damage|p2a: Cresselia|0 fnt\n|faint|p2a: Cresselia\n|\n|upkeep\n|\n|t:|1782909320\n|switch|p2a: Weavile|Weavile, L79, M|162/239\n|turn|34\n|\n|t:|1782909325\n|move|p2a: Weavile|Low Kick|p1a: Arceus\n|-supereffective|p1a: Arceus\n|-damage|p1a: Arceus|151/284\n|move|p1a: Arceus|Body Press|p2a: Weavile\n|-supereffective|p2a: Weavile\n|-damage|p2a: Weavile|0 fnt\n|faint|p2a: Weavile\n|\n|win|ElRicoh\n|raw|ElRicoh's rating: 1715 &rarr; <strong>1743</strong><br />(+28 for winning)\n|raw|jnpr010334's rating: 1861 &rarr; <strong>1833</strong><br />(-28 for losing)\n", "inputlog": ">version f8ac14003a5f27e1bdc8d8c59608a773c1cb96e5\n>start {\"formatid\":\"gen9randombattle\",\"seed\":\"sodium,828801a410cfcd68bb95d4cf678a132b\",\"rated\":\"Rated battle\"}\n>player p1 {\"name\":\"ElRicoh\",\"avatar\":\"102\",\"rating\":1715,\"seed\":\"sodium,e0cacd610195b66f91007d290926f324\"}\n>player p2 {\"name\":\"jnpr010334\",\"avatar\":\"265\",\"rating\":1765,\"seed\":\"sodium,b75dea8ad6db396a18d85ca2e9b86ee7\"}\n>p1 switch 3\n>p2 move knockoff\n>p1 move bodypress\n>p2 switch 3\n>p1 switch 3\n>p2 move stickyweb\n>p1 move bitterblade\n>p2 move thunder\n>p2 switch 3\n>p1 switch 3\n>p2 move knockoff\n>p1 move recover\n>p2 switch 2\n>p1 switch 5\n>p2 move bugbuzz\n>p1 move flareblitz\n>p2 move psychic\n>p1 move flareblitz\n>p2 move recover\n>p1 switch 6\n>p2 switch 5\n>p1 move moonblast\n>p2 move superfang\n>p1 move knockoff\n>p2 move uturn\n>p2 switch 6\n>p1 move thunderwave\n>p2 move calmmind\n>p1 switch 3\n>p2 move psyshock\n>p1 move poltergeist\n>p2 switch 2\n>p1 switch 5\n>p2 move knockoff\n>p1 switch 4\n>p2 switch 6\n>p1 move uturn\n>p2 move superfang\n>p1 switch 2\n>p1 move dazzlinggleam\n>p2 move superfang\n>p1 move dazzlinggleam\n>p2 move superfang\n>p2 switch 6\n>p1 move dazzlinggleam\n>p2 move knockoff\n>p1 switch 2\n>p1 move morningsun\n>p2 switch 4\n>p1 move uturn\n>p2 move moonblast\n>p1 switch 5\n>p1 move shadowsneak\n>p2 move shadowball terastallize\n>p2 switch 4\n>p1 switch 5\n>p2 move knockoff\n>p1 switch 4\n>p1 move cosmicpower\n>p2 switch 2\n>p1 move cosmicpower terastallize\n>p2 move calmmind\n>p1 move cosmicpower\n>p2 move calmmind\n>p1 move cosmicpower\n>p2 move moonlight\n>p1 move cosmicpower\n>p2 move calmmind\n>p1 move cosmicpower\n>p2 move calmmind\n>p1 move storedpower\n>p2 move calmmind\n>p1 move bodypress\n>p2 move moonblast\n>p1 move bodypress\n>p2 move moonlight\n>p2 switch 2\n>p1 move bodypress\n>p2 move lowkick", "uploadtime": 1782909325, "views": 2, "formatid": "gen9randombattle", "rating": 1743, "private": 0, "password": null, "player_dets": [{"name": "ElRicoh", "avatar": "102", "rating": 1715, "seed": "sodium,e0cacd610195b66f91007d290926f324"}, {"name": "jnpr010334", "avatar": "265", "rating": 1765, "seed": "sodium,b75dea8ad6db396a18d85ca2e9b86ee7"}], "teams_full": [{"Ceruledge": {"name": "Ceruledge", "species": "Ceruledge", "speciesId": "ceruledge", "gender": "M", "shiny": false, "level": 78, "moves": ["poltergeist", "swordsdance", "shadowsneak", "bitterblade"], "ability": "Weak Armor", "evs": {"hp": 85, "atk": 85, "def": 85, "spa": 85, "spd": 85, "spe": 85}, "ivs": {"hp": 31, "atk": 31, "def": 31, "spa": 31, "spd": 31, "spe": 31}, "item": "Heavy-Duty Boots", "teraType": "Ghost", "role": "Setup Sweeper", "bvs": {"hp": 75, "atk": 125, "def": 80, "spa": 60, "spd": 100, "spe": 85}, "stats": {"hp": 245, "atk": 240, "def": 170, "spa": 139, "spd": 201, "spe": 178}, "types": ["Fire", "Ghost"]}, "Ampharos": {"name": "Ampharos", "species": "Ampharos", "speciesId": "ampharos", "gender": "M", "shiny": false, "level": 88, "moves": ["dazzlinggleam", "thunderbolt", "agility", "focusblast"], "ability": "Static", "evs": {"hp": 85, "atk": 0, "def": 85, "spa": 85, "spd": 85, "spe": 85}, "ivs": {"hp": 31, "atk": 0, "def": 31, "spa": 31, "spd": 31, "spe": 31}, "item": "Life Orb", "teraType": "Electric", "role": "Wallbreaker", "bvs": {"hp": 90, "atk": 75, "def": 85, "spa": 115, "spd": 90, "spe": 55}, "stats": {"hp": 302, "atk": 137, "def": 200, "spa": 253, "spd": 209, "spe": 147}, "types": ["Electric"]}, "Arceus": {"name": "Arceus", "species": "Arceus-Fighting", "speciesId": "arceusfighting", "gender": "N", "shiny": false, "level": 70, "moves": ["bodypress", "storedpower", "cosmicpower", "recover"], "ability": "Multitype", "evs": {"hp": 85, "atk": 0, "def": 85, "spa": 85, "spd": 85, "spe": 85}, "ivs": {"hp": 31, "atk": 0, "def": 31, "spa": 31, "spd": 31, "spe": 31}, "item": "Fist Plate", "teraType": "Steel", "role": "Fast Bulky Setup", "bvs": {"hp": 120, "atk": 120, "def": 120, "spa": 120, "spd": 120, "spe": 120}, "stats": {"hp": 284, "atk": 173, "def": 209, "spa": 209, "spd": 209, "spe": 209}, "types": ["Fighting"]}, "Slither Wing": {"name": "Slither Wing", "species": "Slither Wing", "speciesId": "slitherwing", "gender": "N", "shiny": false, "level": 81, "moves": ["uturn", "closecombat", "willowisp", "morningsun"], "ability": "Protosynthesis", "evs": {"hp": 85, "atk": 85, "def": 85, "spa": 85, "spd": 85, "spe": 85}, "ivs": {"hp": 31, "atk": 31, "def": 31, "spa": 31, "spd": 31, "spe": 31}, "item": "Heavy-Duty Boots", "teraType": "Steel", "role": "Fast Support", "bvs": {"hp": 85, "atk": 135, "def": 79, "spa": 85, "spd": 105, "spe": 81}, "stats": {"hp": 270, "atk": 265, "def": 175, "spa": 184, "spd": 217, "spe": 178}, "types": ["Bug", "Fighting"]}, "Talonflame": {"name": "Talonflame", "species": "Talonflame", "speciesId": "talonflame", "gender": "F", "shiny": false, "level": 83, "moves": ["bravebird", "flareblitz", "swordsdance", "terablast"], "ability": "Gale Wings", "evs": {"hp": 85, "atk": 85, "def": 85, "spa": 85, "spd": 85, "spe": 85}, "ivs": {"hp": 31, "atk": 31, "def": 31, "spa": 31, "spd": 31, "spe": 31}, "item": "Heavy-Duty Boots", "teraType": "Ground", "role": "Tera Blast user", "bvs": {"hp": 78, "atk": 81, "def": 71, "spa": 74, "spd": 69, "spe": 126}, "stats": {"hp": 265, "atk": 182, "def": 166, "spa": 171, "spd": 162, "spe": 257}, "types": ["Fire", "Flying"]}, "Clefable": {"name": "Clefable", "species": "Clefable", "speciesId": "clefable", "gender": "M", "shiny": false, "level": 83, "moves": ["moonblast", "knockoff", "thunderwave", "moonlight"], "ability": "Unaware", "evs": {"hp": 85, "atk": 85, "def": 85, "spa": 85, "spd": 85, "spe": 85}, "ivs": {"hp": 31, "atk": 31, "def": 31, "spa": 31, "spd": 31, "spe": 31}, "item": "Leftovers", "teraType": "Poison", "role": "Bulky Support", "bvs": {"hp": 95, "atk": 70, "def": 73, "spa": 95, "spd": 90, "spe": 60}, "stats": {"hp": 293, "atk": 164, "def": 169, "spa": 205, "spd": 197, "spe": 147}, "types": ["Fairy"]}}, {"Weavile": {"name": "Weavile", "species": "Weavile", "speciesId": "weavile", "gender": "M", "shiny": false, "level": 79, "moves": ["knockoff", "lowkick", "tripleaxel", "iceshard"], "ability": "Pickpocket", "evs": {"hp": 81, "atk": 85, "def": 85, "spa": 85, "spd": 85, "spe": 85}, "ivs": {"hp": 31, "atk": 31, "def": 31, "spa": 31, "spd": 31, "spe": 31}, "item": "Choice Band", "teraType": "Fighting", "role": "Fast Attacker", "bvs": {"hp": 70, "atk": 120, "def": 65, "spa": 45, "spd": 85, "spe": 125}, "stats": {"hp": 239, "atk": 235, "def": 148, "spa": 117, "spd": 180, "spe": 243}, "types": ["Dark", "Ice"]}, "Rabsca": {"name": "Rabsca", "species": "Rabsca", "speciesId": "rabsca", "gender": "M", "shiny": false, "level": 91, "moves": ["recover", "revivalblessing", "bugbuzz", "psychic"], "ability": "Synchronize", "evs": {"hp": 85, "atk": 0, "def": 85, "spa": 85, "spd": 85, "spe": 85}, "ivs": {"hp": 31, "atk": 0, "def": 31, "spa": 31, "spd": 31, "spe": 31}, "item": "Heavy-Duty Boots", "teraType": "Steel", "role": "Wallbreaker", "bvs": {"hp": 75, "atk": 50, "def": 85, "spa": 115, "spd": 100, "spe": 45}, "stats": {"hp": 284, "atk": 96, "def": 207, "spa": 261, "spd": 234, "spe": 134}, "types": ["Bug", "Psychic"]}, "Galvantula": {"name": "Galvantula", "species": "Galvantula", "speciesId": "galvantula", "gender": "M", "shiny": false, "level": 82, "moves": ["voltswitch", "bugbuzz", "thunder", "stickyweb"], "ability": "Compound Eyes", "evs": {"hp": 85, "atk": 0, "def": 85, "spa": 85, "spd": 85, "spe": 85}, "ivs": {"hp": 31, "atk": 0, "def": 31, "spa": 31, "spd": 31, "spe": 31}, "item": "Heavy-Duty Boots", "teraType": "Electric", "role": "Fast Support", "bvs": {"hp": 70, "atk": 77, "def": 60, "spa": 97, "spd": 60, "spe": 108}, "stats": {"hp": 249, "atk": 131, "def": 146, "spa": 206, "spd": 146, "spe": 224}, "types": ["Bug", "Electric"]}, "Flutter Mane": {"name": "Flutter Mane", "species": "Flutter Mane", "speciesId": "fluttermane", "gender": "N", "shiny": false, "level": 74, "moves": ["moonblast", "shadowball", "thunderbolt", "calmmind"], "ability": "Protosynthesis", "evs": {"hp": 85, "atk": 0, "def": 85, "spa": 85, "spd": 85, "spe": 85}, "ivs": {"hp": 31, "atk": 0, "def": 31, "spa": 31, "spd": 31, "spe": 31}, "item": "Life Orb", "teraType": "Ghost", "role": "Setup Sweeper", "bvs": {"hp": 55, "atk": 55, "def": 55, "spa": 135, "spd": 135, "spe": 135}, "stats": {"hp": 203, "atk": 86, "def": 124, "spa": 243, "spd": 243, "spe": 243}, "types": ["Ghost", "Fairy"]}, "Pachirisu": {"name": "Pachirisu", "species": "Pachirisu", "speciesId": "pachirisu", "gender": "M", "shiny": false, "level": 96, "moves": ["discharge", "superfang", "encore", "uturn"], "ability": "Volt Absorb", "evs": {"hp": 85, "atk": 85, "def": 85, "spa": 85, "spd": 85, "spe": 85}, "ivs": {"hp": 31, "atk": 31, "def": 31, "spa": 31, "spd": 31, "spe": 31}, "item": "Heavy-Duty Boots", "teraType": "Flying", "role": "Fast Support", "bvs": {"hp": 60, "atk": 45, "def": 70, "spa": 45, "spd": 90, "spe": 95}, "stats": {"hp": 271, "atk": 141, "def": 189, "spa": 141, "spd": 227, "spe": 237}, "types": ["Electric"]}, "Cresselia": {"name": "Cresselia", "species": "Cresselia", "speciesId": "cresselia", "gender": "F", "shiny": false, "level": 80, "moves": ["moonblast", "calmmind", "moonlight", "psyshock"], "ability": "Levitate", "evs": {"hp": 85, "atk": 0, "def": 85, "spa": 85, "spd": 85, "spe": 85}, "ivs": {"hp": 31, "atk": 0, "def": 31, "spa": 31, "spd": 31, "spe": 31}, "item": "Leftovers", "teraType": "Steel", "role": "Bulky Setup", "bvs": {"hp": 120, "atk": 70, "def": 110, "spa": 75, "spd": 120, "spe": 85}, "stats": {"hp": 323, "atk": 117, "def": 222, "spa": 166, "spd": 238, "spe": 182}, "types": ["Psychic"]}}]}