{"id": "gen9randombattle-2642144248", "format": "[Gen 9] Random Battle", "players": ["Panet", "jnpr010334"], "log": "|j|\u2606Panet\n|j|\u2606jnpr010334\n|t:|1782899435\n|gametype|singles\n|player|p1|Panet|265|1642\n|player|p2|jnpr010334|265|1662\n|gen|9\n|tier|[Gen 9] Random Battle\n|rated|\n|rule|Species Clause: Limit one of each Pok\u00e9mon\n|rule|HP Percentage Mod: HP is shown in percentages\n|rule|Sleep Clause Mod: Limit one foe put to sleep\n|rule|Illusion Level Mod: Illusion disguises the Pok\u00e9mon's true level\n|\n|t:|1782899435\n|teamsize|p1|6\n|teamsize|p2|6\n|start\n|switch|p1a: Klefki|Klefki, L84, M|233/233\n|switch|p2a: Klefki|Klefki, L84, F|233/233\n|turn|1\n|inactive|Battle timer is ON: inactive players will automatically lose when time's up. (requested by jnpr010334)\n|\n|t:|1782899455\n|move|p2a: Klefki|Spikes|p1a: Klefki\n|-sidestart|p1: Panet|Spikes\n|move|p1a: Klefki|Thunder Wave|p2a: Klefki\n|-status|p2a: Klefki|par\n|\n|upkeep\n|turn|2\n|\n|t:|1782899478\n|switch|p1a: Great Tusk|Great Tusk, L77|304/304\n|-damage|p1a: Great Tusk|266/304|[from] Spikes\n|move|p2a: Klefki|Spikes|p1a: Great Tusk\n|-sidestart|p1: Panet|Spikes\n|\n|-heal|p1a: Great Tusk|285/304|[from] item: Leftovers\n|upkeep\n|turn|3\n|\n|t:|1782899488\n|switch|p2a: Leafeon|Leafeon, L88, F|258/258\n|move|p1a: Great Tusk|Earthquake|p2a: Leafeon\n|-resisted|p2a: Leafeon\n|-damage|p2a: Leafeon|216/258\n|\n|-heal|p1a: Great Tusk|304/304|[from] item: Leftovers\n|upkeep\n|turn|4\n|\n|t:|1782899502\n|-end|p1a: Great Tusk|Protosynthesis|[silent]\n|switch|p1a: Okidogi|Okidogi, L77, M|262/262\n|-damage|p1a: Okidogi|219/262|[from] Spikes\n|move|p2a: Leafeon|Swords Dance|p2a: Leafeon\n|-boost|p2a: Leafeon|atk|2\n|\n|upkeep\n|turn|5\n|\n|t:|1782899513\n|-terastallize|p2a: Leafeon|Dark\n|move|p2a: Leafeon|Swords Dance|p2a: Leafeon\n|-boost|p2a: Leafeon|atk|2\n|move|p1a: Okidogi|Gunk Shot|p2a: Leafeon\n|-damage|p2a: Leafeon|120/258\n|-status|p2a: Leafeon|psn\n|\n|-damage|p2a: Leafeon|88/258 psn|[from] psn\n|upkeep\n|turn|6\n|\n|t:|1782899525\n|move|p2a: Leafeon|Leaf Blade|p1a: Okidogi\n|-resisted|p1a: Okidogi\n|-damage|p1a: Okidogi|12/262\n|-damage|p2a: Leafeon|63/258 psn|[from] item: Life Orb\n|move|p1a: Okidogi|Drain Punch|p2a: Leafeon\n|-supereffective|p2a: Leafeon\n|-damage|p2a: Leafeon|0 fnt\n|-heal|p1a: Okidogi|44/262|[from] drain|[of] p2a: Leafeon\n|faint|p2a: Leafeon\n|\n|upkeep\n|\n|t:|1782899526\n|switch|p2a: Kyogre|Kyogre, L71|259/259\n|-weather|RainDance|[from] ability: Drizzle|[of] p2a: Kyogre\n|turn|7\n|\n|t:|1782899546\n|move|p2a: Kyogre|Water Spout|p1a: Okidogi\n|-damage|p1a: Okidogi|0 fnt\n|faint|p1a: Okidogi\n|\n|-weather|RainDance|[upkeep]\n|upkeep\n|\n|t:|1782899553\n|switch|p1a: Ludicolo|Ludicolo, L90, M|290/290\n|-damage|p1a: Ludicolo|242/290|[from] Spikes\n|turn|8\n|\n|t:|1782899562\n|switch|p2a: Klefki|Klefki, L84, F|233/233 par\n|move|p1a: Ludicolo|Giga Drain|p2a: Klefki\n|-resisted|p2a: Klefki\n|-damage|p2a: Klefki|168/233 par\n|-heal|p1a: Ludicolo|275/290|[from] drain|[of] p2a: Klefki\n|\n|-weather|RainDance|[upkeep]\n|-heal|p2a: Klefki|182/233 par|[from] item: Leftovers\n|upkeep\n|turn|9\n|\n|t:|1782899573\n|switch|p1a: Great Tusk|Great Tusk, L77|304/304\n|-damage|p1a: Great Tusk|254/304|[from] Spikes\n|move|p2a: Klefki|Spikes|p1a: Great Tusk\n|-sidestart|p1: Panet|Spikes\n|\n|-weather|RainDance|[upkeep]\n|-heal|p1a: Great Tusk|273/304|[from] item: Leftovers\n|-heal|p2a: Klefki|196/233 par|[from] item: Leftovers\n|upkeep\n|turn|10\n|\n|t:|1782899586\n|switch|p2a: Kyogre|Kyogre, L71|259/259\n|move|p1a: Great Tusk|Earthquake|p2a: Kyogre\n|-damage|p2a: Kyogre|118/259\n|\n|-weather|RainDance|[upkeep]\n|-heal|p1a: Great Tusk|292/304|[from] item: Leftovers\n|upkeep\n|turn|11\n|\n|t:|1782899595\n|-end|p1a: Great Tusk|Protosynthesis|[silent]\n|switch|p1a: Klefki|Klefki, L84, M|233/233\n|-damage|p1a: Klefki|175/233|[from] Spikes\n|move|p2a: Kyogre|Ice Beam|p1a: Klefki\n|-resisted|p1a: Klefki\n|-damage|p1a: Klefki|143/233\n|\n|-weather|none\n|-heal|p1a: Klefki|157/233|[from] item: Leftovers\n|upkeep\n|turn|12\n|\n|t:|1782899605\n|switch|p2a: Donphan|Donphan, L84, M|288/288\n|move|p1a: Klefki|Thunder Wave|p2a: Donphan\n|-immune|p2a: Donphan\n|\n|-heal|p1a: Klefki|171/233|[from] item: Leftovers\n|upkeep\n|turn|13\n|\n|t:|1782899617\n|move|p1a: Klefki|Spikes|p2a: Donphan\n|-sidestart|p2: jnpr010334|Spikes\n|move|p2a: Donphan|Earthquake|p1a: Klefki\n|-supereffective|p1a: Klefki\n|-damage|p1a: Klefki|0 fnt\n|faint|p1a: Klefki\n|\n|upkeep\n|inactive|Panet has 120 seconds left.\n|\n|t:|1782899644\n|switch|p1a: Palafin|Palafin, L77, F|281/281\n|-damage|p1a: Palafin|211/281|[from] Spikes\n|turn|14\n|\n|t:|1782899653\n|detailschange|p1a: Palafin|Palafin-Hero, L77, F\n|switch|p1a: Ludicolo|Ludicolo, L90, M|275/290\n|-damage|p1a: Ludicolo|203/290|[from] Spikes\n|move|p2a: Donphan|Earthquake|p1a: Ludicolo\n|-resisted|p1a: Ludicolo\n|-damage|p1a: Ludicolo|135/290\n|\n|upkeep\n|turn|15\n|\n|t:|1782899662\n|switch|p2a: Klefki|Klefki, L84, F|196/233 par\n|-damage|p2a: Klefki|167/233 par|[from] Spikes\n|move|p1a: Ludicolo|Giga Drain|p2a: Klefki\n|-resisted|p2a: Klefki\n|-damage|p2a: Klefki|98/233 par\n|-heal|p1a: Ludicolo|170/290|[from] drain|[of] p2a: Klefki\n|\n|-heal|p2a: Klefki|112/233 par|[from] item: Leftovers\n|upkeep\n|turn|16\n|\n|t:|1782899675\n|move|p2a: Klefki|Spikes||[still]\n|-fail|p2a: Klefki\n|move|p1a: Ludicolo|Giga Drain|p2a: Klefki\n|-resisted|p2a: Klefki\n|-damage|p2a: Klefki|48/233 par\n|-heal|p1a: Ludicolo|202/290|[from] drain|[of] p2a: Klefki\n|\n|-heal|p2a: Klefki|62/233 par|[from] item: Leftovers\n|upkeep\n|turn|17\n|\n|t:|1782899684\n|switch|p1a: Great Tusk|Great Tusk, L77|292/304\n|-damage|p1a: Great Tusk|216/304|[from] Spikes\n|move|p2a: Klefki|Thunder Wave|p1a: Great Tusk\n|-immune|p1a: Great Tusk\n|\n|-heal|p1a: Great Tusk|235/304|[from] item: Leftovers\n|-heal|p2a: Klefki|76/233 par|[from] item: Leftovers\n|upkeep\n|turn|18\n|\n|t:|1782899694\n|move|p1a: Great Tusk|Earthquake|p2a: Klefki\n|-supereffective|p2a: Klefki\n|-damage|p2a: Klefki|0 fnt\n|faint|p2a: Klefki\n|\n|-heal|p1a: Great Tusk|254/304|[from] item: Leftovers\n|upkeep\n|\n|t:|1782899695\n|switch|p2a: Kyogre|Kyogre, L71|118/259\n|-damage|p2a: Kyogre|86/259|[from] Spikes\n|-weather|RainDance|[from] ability: Drizzle|[of] p2a: Kyogre\n|turn|19\n|\n|t:|1782899706\n|-end|p1a: Great Tusk|Protosynthesis|[silent]\n|switch|p1a: Palafin|Palafin-Hero, L77, F|211/281\n|-damage|p1a: Palafin|141/281|[from] Spikes\n|-activate|p1a: Palafin|ability: Zero to Hero\n|move|p2a: Kyogre|Origin Pulse|p1a: Palafin|[miss]\n|-miss|p2a: Kyogre|p1a: Palafin\n|\n|-weather|RainDance|[upkeep]\n|-heal|p1a: Palafin|158/281|[from] item: Leftovers\n|upkeep\n|turn|20\n|\n|t:|1782899719\n|move|p2a: Kyogre|Origin Pulse|p1a: Palafin\n|-resisted|p1a: Palafin\n|-damage|p1a: Palafin|65/281\n|move|p1a: Palafin|Drain Punch|p2a: Kyogre\n|-damage|p2a: Kyogre|2/259\n|-heal|p1a: Palafin|107/281|[from] drain|[of] p2a: Kyogre\n|\n|-weather|RainDance|[upkeep]\n|-heal|p1a: Palafin|124/281|[from] item: Leftovers\n|upkeep\n|turn|21\n|\n|t:|1782899729\n|move|p2a: Kyogre|Origin Pulse|p1a: Palafin\n|-resisted|p1a: Palafin\n|-damage|p1a: Palafin|22/281\n|move|p1a: Palafin|Drain Punch|p2a: Kyogre\n|-damage|p2a: Kyogre|0 fnt\n|-heal|p1a: Palafin|23/281|[from] drain|[of] p2a: Kyogre\n|faint|p2a: Kyogre\n|\n|-weather|RainDance|[upkeep]\n|-heal|p1a: Palafin|40/281|[from] item: Leftovers\n|upkeep\n|\n|t:|1782899732\n|switch|p2a: Overqwil|Overqwil, L82, M|274/274\n|-damage|p2a: Overqwil|240/274|[from] Spikes\n|-ability|p2a: Overqwil|Intimidate|boost\n|-unboost|p1a: Palafin|atk|1\n|turn|22\n|\n|t:|1782899746\n|move|p1a: Palafin|Wave Crash|p2a: Overqwil\n|-damage|p2a: Overqwil|81/274\n|-damage|p1a: Palafin|0 fnt|[from] Recoil\n|faint|p1a: Palafin\n|move|p2a: Overqwil|Liquidation|p1: Palafin|[notarget]\n|-fail|p2a: Overqwil\n|\n|-weather|RainDance|[upkeep]\n|upkeep\n|\n|t:|1782899754\n|switch|p1a: Ludicolo|Ludicolo, L90, M|202/290\n|-damage|p1a: Ludicolo|130/290|[from] Spikes\n|turn|23\n|\n|t:|1782899762\n|switch|p2a: Scovillain|Scovillain, L91, M|266/266\n|-damage|p2a: Scovillain|233/266|[from] Spikes\n|move|p1a: Ludicolo|Hydro Pump|p2a: Scovillain\n|-damage|p2a: Scovillain|0 fnt\n|faint|p2a: Scovillain\n|\n|-weather|none\n|upkeep\n|\n|t:|1782899764\n|switch|p2a: Overqwil|Overqwil, L82, M|81/274\n|-damage|p2a: Overqwil|47/274|[from] Spikes\n|-ability|p2a: Overqwil|Intimidate|boost\n|-unboost|p1a: Ludicolo|atk|1\n|turn|24\n|\n|t:|1782899775\n|move|p2a: Overqwil|Gunk Shot|p1a: Ludicolo\n|-supereffective|p1a: Ludicolo\n|-damage|p1a: Ludicolo|0 fnt\n|faint|p1a: Ludicolo\n|\n|upkeep\n|\n|t:|1782899781\n|switch|p1a: Great Tusk|Great Tusk, L77|254/304\n|-damage|p1a: Great Tusk|178/304|[from] Spikes\n|turn|25\n|\n|t:|1782899786\n|move|p2a: Overqwil|Gunk Shot|p1a: Great Tusk|[miss]\n|-miss|p2a: Overqwil|p1a: Great Tusk\n|move|p1a: Great Tusk|Earthquake|p2a: Overqwil\n|-supereffective|p2a: Overqwil\n|-damage|p2a: Overqwil|0 fnt\n|faint|p2a: Overqwil\n|\n|-heal|p1a: Great Tusk|197/304|[from] item: Leftovers\n|upkeep\n|\n|t:|1782899788\n|switch|p2a: Donphan|Donphan, L84, M|288/288\n|-damage|p2a: Donphan|252/288|[from] Spikes\n|turn|26\n|\n|t:|1782899800\n|move|p1a: Great Tusk|Close Combat|p2a: Donphan\n|-damage|p2a: Donphan|140/288\n|-unboost|p1a: Great Tusk|def|1\n|-unboost|p1a: Great Tusk|spd|1\n|move|p2a: Donphan|Earthquake|p1a: Great Tusk\n|-damage|p1a: Great Tusk|55/304\n|\n|-heal|p1a: Great Tusk|74/304|[from] item: Leftovers\n|upkeep\n|turn|27\n|\n|t:|1782899810\n|move|p2a: Donphan|Ice Shard|p1a: Great Tusk\n|-supereffective|p1a: Great Tusk\n|-damage|p1a: Great Tusk|0 fnt\n|faint|p1a: Great Tusk\n|-end|p1a: Great Tusk|Protosynthesis|[silent]\n|\n|upkeep\n|\n|t:|1782899815\n|switch|p1a: Eiscue|Eiscue, L88, F|274/274\n|-damage|p1a: Eiscue|206/274|[from] Spikes\n|turn|28\n|\n|t:|1782899822\n|move|p1a: Eiscue|Ice Spinner|p2a: Donphan\n|-supereffective|p2a: Donphan\n|-damage|p2a: Donphan|6/288\n|move|p2a: Donphan|Knock Off|p1a: Eiscue\n|-activate|p1a: Eiscue|ability: Ice Face\n|-damage|p1a: Eiscue|206/274\n|-enditem|p1a: Eiscue|Sitrus Berry|[from] move: Knock Off|[of] p2a: Donphan\n|detailschange|p1a: Eiscue|Eiscue-Noice, L88, F\n|\n|upkeep\n|turn|29\n|\n|t:|1782899833\n|move|p1a: Eiscue|Ice Spinner|p2a: Donphan\n|-supereffective|p2a: Donphan\n|-damage|p2a: Donphan|0 fnt\n|faint|p2a: Donphan\n|\n|win|Panet\n|raw|Panet's rating: 1642 &rarr; <strong>1666</strong><br />(+24 for winning)\n|raw|jnpr010334's rating: 1704 &rarr; <strong>1680</strong><br />(-24 for losing)\n", "inputlog": ">version f8ac14003a5f27e1bdc8d8c59608a773c1cb96e5\n>start {\"formatid\":\"gen9randombattle\",\"seed\":\"sodium,536cee44028468a2bff99afe27a84100\",\"rated\":\"Rated battle\"}\n>player p1 {\"name\":\"Panet\",\"avatar\":\"265\",\"rating\":1642,\"seed\":\"sodium,b389111f5e80a9998c6b6373816a8f83\"}\n>player p2 {\"name\":\"jnpr010334\",\"avatar\":\"265\",\"rating\":1662,\"seed\":\"sodium,2bedfa18b6a4a4d44736f79abbb4f11c\"}\n>p1 move thunderwave\n>p2 move spikes\n>p1 switch 2\n>p2 move spikes\n>p1 move earthquake\n>p2 switch 2\n>p1 switch 4\n>p2 move swordsdance\n>p1 move gunkshot\n>p2 move swordsdance terastallize\n>p1 move drainpunch\n>p2 move leafblade\n>p2 switch 4\n>p1 move drainpunch\n>p2 move waterspout\n>p1 switch 6\n>p1 move gigadrain\n>p2 switch 2\n>p1 switch 4\n>p2 move spikes\n>p1 move earthquake\n>p2 switch 2\n>p1 switch 2\n>p2 move icebeam\n>p1 move thunderwave\n>p2 switch 6\n>p1 move spikes\n>p2 move earthquake\n>p1 switch 5\n>p1 switch 4\n>p2 move earthquake\n>p1 move gigadrain\n>p2 switch 2\n>p1 move gigadrain\n>p2 move spikes\n>p1 switch 2\n>p2 move thunderwave\n>p1 move earthquake\n>p2 move playrough\n>p2 switch 6\n>p1 switch 4\n>p2 move originpulse\n>p1 move drainpunch\n>p2 move originpulse\n>p1 move drainpunch\n>p2 move originpulse\n>p2 switch 3\n>p1 move wavecrash\n>p2 move liquidation\n>p1 switch 2\n>p1 move hydropump\n>p2 switch 5\n>p2 switch 5\n>p1 move hydropump\n>p2 move gunkshot\n>p1 switch 4\n>p1 move earthquake\n>p2 move gunkshot\n>p2 switch 2\n>p1 move closecombat\n>p2 move earthquake\n>p1 move closecombat\n>p2 move iceshard\n>p1 switch 3\n>p1 move icespinner\n>p2 move knockoff\n>p1 move icespinner\n>p2 move earthquake", "uploadtime": 1782899833, "views": 2, "formatid": "gen9randombattle", "rating": 1666, "private": 0, "password": null, "player_dets": [{"name": "Panet", "avatar": "265", "rating": 1642, "seed": "sodium,b389111f5e80a9998c6b6373816a8f83"}, {"name": "jnpr010334", "avatar": "265", "rating": 1662, "seed": "sodium,2bedfa18b6a4a4d44736f79abbb4f11c"}], "teams_full": [{"Klefki": {"name": "Klefki", "species": "Klefki", "speciesId": "klefki", "gender": "M", "shiny": false, "level": 84, "moves": ["spikes", "foulplay", "dazzlinggleam", "thunderwave"], "ability": "Prankster", "evs": {"hp": 85, "atk": 0, "def": 85, "spa": 85, "spd": 85, "spe": 85}, "ivs": {"hp": 31, "atk": 0, "def": 31, "spa": 31, "spd": 31, "spe": 31}, "item": "Leftovers", "teraType": "Water", "role": "Bulky Attacker", "bvs": {"hp": 57, "atk": 80, "def": 91, "spa": 80, "spd": 87, "spe": 75}, "stats": {"hp": 233, "atk": 139, "def": 201, "spa": 183, "spd": 194, "spe": 174}, "types": ["Steel", "Fairy"]}, "Great Tusk": {"name": "Great Tusk", "species": "Great Tusk", "speciesId": "greattusk", "gender": "N", "shiny": false, "level": 77, "moves": ["bulkup", "earthquake", "stoneedge", "closecombat"], "ability": "Protosynthesis", "evs": {"hp": 85, "atk": 85, "def": 85, "spa": 85, "spd": 85, "spe": 85}, "ivs": {"hp": 31, "atk": 31, "def": 31, "spa": 31, "spd": 31, "spe": 31}, "item": "Leftovers", "teraType": "Steel", "role": "Bulky Setup", "bvs": {"hp": 115, "atk": 131, "def": 131, "spa": 53, "spd": 53, "spe": 87}, "stats": {"hp": 304, "atk": 246, "def": 246, "spa": 126, "spd": 126, "spe": 179}, "types": ["Ground", "Fighting"]}, "Eiscue": {"name": "Eiscue", "species": "Eiscue", "speciesId": "eiscue", "gender": "F", "shiny": false, "level": 88, "moves": ["bellydrum", "icespinner", "zenheadbutt", "liquidation"], "ability": "Ice Face", "evs": {"hp": 81, "atk": 85, "def": 85, "spa": 85, "spd": 85, "spe": 85}, "ivs": {"hp": 31, "atk": 31, "def": 31, "spa": 31, "spd": 31, "spe": 31}, "item": "Sitrus Berry", "teraType": "Water", "role": "Setup Sweeper", "bvs": {"hp": 75, "atk": 80, "def": 110, "spa": 65, "spd": 90, "spe": 50}, "stats": {"hp": 274, "atk": 191, "def": 244, "spa": 165, "spd": 209, "spe": 138}, "types": ["Ice"]}, "Okidogi": {"name": "Okidogi", "species": "Okidogi", "speciesId": "okidogi", "gender": "M", "shiny": false, "level": 77, "moves": ["knockoff", "psychicfangs", "gunkshot", "drainpunch"], "ability": "Toxic Chain", "evs": {"hp": 85, "atk": 85, "def": 85, "spa": 85, "spd": 85, "spe": 85}, "ivs": {"hp": 31, "atk": 31, "def": 31, "spa": 31, "spd": 31, "spe": 31}, "item": "Assault Vest", "teraType": "Dark", "role": "AV Pivot", "bvs": {"hp": 88, "atk": 128, "def": 115, "spa": 58, "spd": 86, "spe": 80}, "stats": {"hp": 262, "atk": 242, "def": 222, "spa": 134, "spd": 177, "spe": 168}, "types": ["Poison", "Fighting"]}, "Palafin": {"name": "Palafin", "species": "Palafin", "speciesId": "palafin", "gender": "F", "shiny": false, "level": 77, "moves": ["wavecrash", "jetpunch", "drainpunch", "bulkup"], "ability": "Zero to Hero", "evs": {"hp": 85, "atk": 85, "def": 85, "spa": 85, "spd": 85, "spe": 85}, "ivs": {"hp": 31, "atk": 31, "def": 31, "spa": 31, "spd": 31, "spe": 31}, "item": "Leftovers", "teraType": "Steel", "role": "Bulky Setup", "bvs": {"hp": 100, "atk": 70, "def": 72, "spa": 53, "spd": 62, "spe": 100}, "stats": {"hp": 281, "atk": 152, "def": 155, "spa": 126, "spd": 140, "spe": 199}, "types": ["Water"]}, "Ludicolo": {"name": "Ludicolo", "species": "Ludicolo", "speciesId": "ludicolo", "gender": "M", "shiny": false, "level": 90, "moves": ["hydropump", "icebeam", "leafstorm", "gigadrain"], "ability": "Swift Swim", "evs": {"hp": 85, "atk": 0, "def": 85, "spa": 85, "spd": 85, "spe": 85}, "ivs": {"hp": 31, "atk": 0, "def": 31, "spa": 31, "spd": 31, "spe": 31}, "item": "Choice Specs", "teraType": "Grass", "role": "Fast Attacker", "bvs": {"hp": 80, "atk": 70, "def": 70, "spa": 90, "spd": 100, "spe": 70}, "stats": {"hp": 290, "atk": 131, "def": 177, "spa": 213, "spd": 231, "spe": 177}, "types": ["Water", "Grass"]}}, {"Klefki": {"name": "Klefki", "species": "Klefki", "speciesId": "klefki", "gender": "F", "shiny": false, "level": 84, "moves": ["playrough", "thunderwave", "spikes", "magnetrise"], "ability": "Prankster", "evs": {"hp": 85, "atk": 85, "def": 85, "spa": 85, "spd": 85, "spe": 85}, "ivs": {"hp": 31, "atk": 31, "def": 31, "spa": 31, "spd": 31, "spe": 31}, "item": "Leftovers", "teraType": "Water", "role": "Bulky Support", "bvs": {"hp": 57, "atk": 80, "def": 91, "spa": 80, "spd": 87, "spe": 75}, "stats": {"hp": 233, "atk": 183, "def": 201, "spa": 183, "spd": 194, "spe": 174}, "types": ["Steel", "Fairy"]}, "Leafeon": {"name": "Leafeon", "species": "Leafeon", "speciesId": "leafeon", "gender": "F", "shiny": false, "level": 88, "moves": ["swordsdance", "knockoff", "leafblade", "synthesis"], "ability": "Chlorophyll", "evs": {"hp": 85, "atk": 85, "def": 85, "spa": 85, "spd": 85, "spe": 85}, "ivs": {"hp": 31, "atk": 31, "def": 31, "spa": 31, "spd": 31, "spe": 31}, "item": "Life Orb", "teraType": "Dark", "role": "Setup Sweeper", "bvs": {"hp": 65, "atk": 110, "def": 130, "spa": 60, "spd": 65, "spe": 95}, "stats": {"hp": 258, "atk": 244, "def": 279, "spa": 156, "spd": 165, "spe": 217}, "types": ["Grass"]}, "Overqwil": {"name": "Overqwil", "species": "Overqwil", "speciesId": "overqwil", "gender": "M", "shiny": false, "level": 82, "moves": ["aquajet", "liquidation", "crunch", "gunkshot"], "ability": "Intimidate", "evs": {"hp": 85, "atk": 85, "def": 85, "spa": 85, "spd": 85, "spe": 85}, "ivs": {"hp": 31, "atk": 31, "def": 31, "spa": 31, "spd": 31, "spe": 31}, "item": "Choice Band", "teraType": "Water", "role": "Fast Attacker", "bvs": {"hp": 85, "atk": 115, "def": 95, "spa": 65, "spd": 65, "spe": 85}, "stats": {"hp": 274, "atk": 236, "def": 203, "spa": 154, "spd": 154, "spe": 187}, "types": ["Dark", "Poison"]}, "Kyogre": {"name": "Kyogre", "species": "Kyogre", "speciesId": "kyogre", "gender": "N", "shiny": false, "level": 71, "moves": ["waterspout", "thunder", "icebeam", "originpulse"], "ability": "Drizzle", "evs": {"hp": 85, "atk": 0, "def": 85, "spa": 85, "spd": 85, "spe": 85}, "ivs": {"hp": 31, "atk": 0, "def": 31, "spa": 31, "spd": 31, "spe": 31}, "item": "Choice Scarf", "teraType": "Water", "role": "Fast Attacker", "bvs": {"hp": 100, "atk": 100, "def": 90, "spa": 150, "spd": 140, "spe": 90}, "stats": {"hp": 259, "atk": 147, "def": 169, "spa": 254, "spd": 240, "spe": 169}, "types": ["Water"]}, "Scovillain": {"name": "Scovillain", "species": "Scovillain", "speciesId": "scovillain", "gender": "M", "shiny": false, "level": 91, "moves": ["leechseed", "protect", "flamethrower", "substitute"], "ability": "Chlorophyll", "evs": {"hp": 85, "atk": 0, "def": 85, "spa": 85, "spd": 85, "spe": 85}, "ivs": {"hp": 31, "atk": 0, "def": 31, "spa": 31, "spd": 31, "spe": 31}, "item": "Leftovers", "teraType": "Steel", "role": "Bulky Attacker", "bvs": {"hp": 65, "atk": 108, "def": 65, "spa": 108, "spd": 65, "spe": 75}, "stats": {"hp": 266, "atk": 201, "def": 170, "spa": 248, "spd": 170, "spe": 188}, "types": ["Grass", "Fire"]}, "Donphan": {"name": "Donphan", "species": "Donphan", "speciesId": "donphan", "gender": "M", "shiny": false, "level": 84, "moves": ["earthquake", "rapidspin", "knockoff", "iceshard"], "ability": "Sturdy", "evs": {"hp": 85, "atk": 85, "def": 85, "spa": 85, "spd": 85, "spe": 85}, "ivs": {"hp": 31, "atk": 31, "def": 31, "spa": 31, "spd": 31, "spe": 31}, "item": "Assault Vest", "teraType": "Steel", "role": "Bulky Support", "bvs": {"hp": 90, "atk": 120, "def": 120, "spa": 60, "spd": 60, "spe": 50}, "stats": {"hp": 288, "atk": 250, "def": 250, "spa": 149, "spd": 149, "spe": 132}, "types": ["Ground"]}}]}