{"id": "gen9randombattle-2642116024", "format": "[Gen 9] Random Battle", "players": ["talonflamecom", "c\u304a199"], "log": "|j|\u2606talonflamecom\n|j|\u2606c\u304a199\n|t:|1782893397\n|gametype|singles\n|player|p1|talonflamecom|red-gen2|1995\n|player|p2|c\u304a199|170|1954\n|gen|9\n|tier|[Gen 9] Random Battle\n|rated|\n|rule|Species Clause: Limit one of each Pok\u00e9mon\n|rule|HP Percentage Mod: HP is shown in percentages\n|rule|Sleep Clause Mod: Limit one foe put to sleep\n|rule|Illusion Level Mod: Illusion disguises the Pok\u00e9mon's true level\n|\n|t:|1782893397\n|teamsize|p1|6\n|teamsize|p2|6\n|start\n|switch|p1a: Regidrago|Regidrago, L77|435/435\n|switch|p2a: Solgaleo|Solgaleo, L74|325/325\n|turn|1\n|\n|t:|1782893409\n|switch|p1a: Banette|Banette, L93, M|270/270\n|move|p2a: Solgaleo|Sunsteel Strike|p1a: Banette\n|-damage|p1a: Banette|144/270\n|\n|upkeep\n|turn|2\n|\n|t:|1782893423\n|move|p2a: Solgaleo|Sunsteel Strike|p1a: Banette\n|-damage|p1a: Banette|11/270\n|move|p1a: Banette|Thunder Wave|p2a: Solgaleo\n|-status|p2a: Solgaleo|par\n|\n|upkeep\n|turn|3\n|inactive|Battle timer is ON: inactive players will automatically lose when time's up. (requested by talonflamecom)\n|\n|t:|1782893444\n|switch|p2a: Tauros|Tauros-Paldea-Aqua, L81, M|254/254\n|-ability|p2a: Tauros|Intimidate|boost\n|-unboost|p1a: Banette|atk|1\n|move|p1a: Banette|Poltergeist|p2a: Tauros\n|-activate|p2a: Tauros|move: Poltergeist|Life Orb\n|-damage|p2a: Tauros|133/254\n|-damage|p1a: Banette|0 fnt|[from] item: Life Orb\n|faint|p1a: Banette\n|\n|upkeep\n|\n|t:|1782893454\n|switch|p1a: Staraptor|Staraptor, L79, F|263/263\n|turn|4\n|\n|t:|1782893462\n|switch|p2a: Solgaleo|Solgaleo, L74|325/325 par\n|move|p1a: Staraptor|U-turn|p2a: Solgaleo\n|-damage|p2a: Solgaleo|248/325 par\n|-damage|p1a: Staraptor|220/263|[from] item: Rocky Helmet|[of] p2a: Solgaleo\n|\n|t:|1782893471\n|switch|p1a: Great Tusk|Great Tusk, L77|304/304|[from] U-turn\n|-enditem|p1a: Great Tusk|Booster Energy\n|-activate|p1a: Great Tusk|ability: Protosynthesis|[fromitem]\n|-start|p1a: Great Tusk|protosynthesisatk\n|\n|upkeep\n|turn|5\n|\n|t:|1782893485\n|switch|p2a: Tauros|Tauros-Paldea-Aqua, L81, M|133/254\n|-ability|p2a: Tauros|Intimidate|boost\n|-unboost|p1a: Great Tusk|atk|1\n|move|p1a: Great Tusk|Bulk Up|p1a: Great Tusk\n|-boost|p1a: Great Tusk|atk|1\n|-boost|p1a: Great Tusk|def|1\n|\n|upkeep\n|turn|6\n|\n|t:|1782893492\n|move|p2a: Tauros|Bulk Up|p2a: Tauros\n|-boost|p2a: Tauros|atk|1\n|-boost|p2a: Tauros|def|1\n|move|p1a: Great Tusk|Rapid Spin|p2a: Tauros\n|-damage|p2a: Tauros|100/254\n|-boost|p1a: Great Tusk|spe|1\n|\n|upkeep\n|turn|7\n|\n|t:|1782893517\n|move|p1a: Great Tusk|Bulk Up|p1a: Great Tusk\n|-boost|p1a: Great Tusk|atk|1\n|-boost|p1a: Great Tusk|def|1\n|move|p2a: Tauros|Liquidation|p1a: Great Tusk\n|-supereffective|p1a: Great Tusk\n|-crit|p1a: Great Tusk\n|-damage|p1a: Great Tusk|0 fnt\n|faint|p1a: Great Tusk\n|-end|p1a: Great Tusk|Protosynthesis|[silent]\n|-damage|p2a: Tauros|75/254|[from] item: Life Orb\n|\n|upkeep\n|\n|t:|1782893524\n|switch|p1a: Darkrai|Darkrai, L77|234/234\n|turn|8\n|\n|t:|1782893533\n|move|p2a: Tauros|Aqua Jet|p1a: Darkrai\n|-damage|p1a: Darkrai|144/234\n|-damage|p2a: Tauros|50/254|[from] item: Life Orb\n|move|p1a: Darkrai|Sludge Bomb|p2a: Tauros\n|-damage|p2a: Tauros|0 fnt\n|faint|p2a: Tauros\n|-damage|p1a: Darkrai|121/234|[from] item: Life Orb\n|\n|upkeep\n|\n|t:|1782893559\n|switch|p2a: Hatterene|Hatterene, L85, F|236/236\n|turn|9\n|\n|t:|1782893589\n|switch|p1a: Ampharos|Ampharos, L88, M|302/302\n|move|p2a: Hatterene|Mystical Fire|p1a: Ampharos\n|-damage|p1a: Ampharos|234/302\n|-unboost|p1a: Ampharos|spa|1\n|\n|upkeep\n|turn|10\n|\n|t:|1782893598\n|move|p1a: Ampharos|Volt Switch|p2a: Hatterene\n|-damage|p2a: Hatterene|185/236\n|\n|t:|1782893601\n|switch|p1a: Staraptor|Staraptor, L79, F|220/263|[from] Volt Switch\n|move|p2a: Hatterene|Mystical Fire|p1a: Staraptor\n|-damage|p1a: Staraptor|118/263\n|-unboost|p1a: Staraptor|spa|1\n|\n|upkeep\n|turn|11\n|\n|t:|1782893607\n|switch|p2a: Solgaleo|Solgaleo, L74|248/325 par\n|move|p1a: Staraptor|U-turn|p2a: Solgaleo\n|-damage|p2a: Solgaleo|166/325 par\n|-damage|p1a: Staraptor|75/263|[from] item: Rocky Helmet|[of] p2a: Solgaleo\n|\n|t:|1782893614\n|switch|p1a: Darkrai|Darkrai, L77|121/234|[from] U-turn\n|\n|upkeep\n|turn|12\n|\n|t:|1782893623\n|move|p1a: Darkrai|Dark Pulse|p2a: Solgaleo\n|-supereffective|p2a: Solgaleo\n|-damage|p2a: Solgaleo|0 fnt\n|faint|p2a: Solgaleo\n|-damage|p1a: Darkrai|98/234|[from] item: Life Orb\n|\n|upkeep\n|\n|t:|1782893642\n|switch|p2a: Revavroom|Revavroom, L79, M|256/256\n|turn|13\n|\n|t:|1782893668\n|move|p1a: Darkrai|Dark Pulse|p2a: Revavroom\n|-damage|p2a: Revavroom|103/256\n|-damage|p1a: Darkrai|75/234|[from] item: Life Orb\n|cant|p2a: Revavroom|flinch\n|\n|upkeep\n|turn|14\n|\n|t:|1782893679\n|move|p1a: Darkrai|Dark Pulse|p2a: Revavroom\n|-damage|p2a: Revavroom|0 fnt\n|faint|p2a: Revavroom\n|-damage|p1a: Darkrai|52/234|[from] item: Life Orb\n|\n|upkeep\n|\n|t:|1782893682\n|switch|p2a: Hatterene|Hatterene, L85, F|185/236\n|turn|15\n|\n|t:|1782893694\n|move|p1a: Darkrai|Focus Blast|p2a: Hatterene|[miss]\n|-miss|p1a: Darkrai|p2a: Hatterene\n|move|p2a: Hatterene|Mystical Fire|p1a: Darkrai\n|-damage|p1a: Darkrai|0 fnt\n|faint|p1a: Darkrai\n|\n|upkeep\n|\n|t:|1782893698\n|switch|p1a: Staraptor|Staraptor, L79, F|75/263\n|turn|16\n|\n|t:|1782893709\n|switch|p2a: Dusknoir|Dusknoir, L89, F|225/225\n|-item|p1a: Staraptor|Choice Band|[from] ability: Frisk|[of] p2a: Dusknoir\n|move|p1a: Staraptor|U-turn|p2a: Dusknoir\n|-resisted|p2a: Dusknoir\n|-damage|p2a: Dusknoir|200/225\n|\n|t:|1782893712\n|switch|p1a: Ampharos|Ampharos, L88, M|234/302|[from] U-turn\n|\n|-heal|p2a: Dusknoir|214/225|[from] item: Leftovers\n|upkeep\n|turn|17\n|\n|t:|1782893728\n|move|p1a: Ampharos|Volt Switch|p2a: Dusknoir\n|-damage|p2a: Dusknoir|123/225\n|inactive|talonflamecom has 120 seconds left.\n|\n|t:|1782893768\n|switch|p1a: Staraptor|Staraptor, L79, F|75/263|[from] Volt Switch\n|move|p2a: Dusknoir|Poltergeist|p1a: Staraptor\n|-immune|p1a: Staraptor\n|\n|-heal|p2a: Dusknoir|137/225|[from] item: Leftovers\n|upkeep\n|turn|18\n|inactive|talonflamecom has 120 seconds left.\n|\n|t:|1782893778\n|move|p1a: Staraptor|Brave Bird|p2a: Dusknoir\n|-damage|p2a: Dusknoir|0 fnt\n|faint|p2a: Dusknoir\n|-damage|p1a: Staraptor|30/263|[from] Recoil\n|\n|upkeep\n|\n|t:|1782893792\n|switch|p2a: Sunflora|Sunflora, F|312/312\n|turn|19\n|inactive|talonflamecom has 120 seconds left.\n|\n|t:|1782893837\n|switch|p1a: Regidrago|Regidrago, L77|435/435\n|-terastallize|p2a: Sunflora|Fire\n|move|p2a: Sunflora|Sunny Day|p2a: Sunflora\n|-weather|SunnyDay\n|\n|-weather|SunnyDay|[upkeep]\n|upkeep\n|turn|20\n|\n|t:|1782893855\n|move|p1a: Regidrago|Earthquake|p2a: Sunflora\n|-supereffective|p2a: Sunflora\n|-damage|p2a: Sunflora|172/312\n|move|p2a: Sunflora|Weather Ball|p1a: Regidrago\n|-resisted|p1a: Regidrago\n|-damage|p1a: Regidrago|204/435\n|-damage|p2a: Sunflora|141/312|[from] item: Life Orb\n|\n|-weather|SunnyDay|[upkeep]\n|upkeep\n|turn|21\n|\n|t:|1782893874\n|move|p1a: Regidrago|Earthquake|p2a: Sunflora\n|-supereffective|p2a: Sunflora\n|-damage|p2a: Sunflora|0 fnt\n|faint|p2a: Sunflora\n|\n|-weather|SunnyDay|[upkeep]\n|upkeep\n|\n|t:|1782893878\n|switch|p2a: Hatterene|Hatterene, L85, F|185/236\n|turn|22\n|\n|t:|1782893881\n|move|p1a: Regidrago|Earthquake|p2a: Hatterene\n|-crit|p2a: Hatterene\n|-damage|p2a: Hatterene|104/236\n|move|p2a: Hatterene|Draining Kiss|p1a: Regidrago\n|-supereffective|p1a: Regidrago\n|-crit|p1a: Regidrago\n|-damage|p1a: Regidrago|0 fnt\n|-heal|p2a: Hatterene|236/236|[from] drain|[of] p1a: Regidrago\n|faint|p1a: Regidrago\n|\n|-weather|SunnyDay|[upkeep]\n|upkeep\n|\n|t:|1782893900\n|switch|p1a: Ampharos|Ampharos, L88, M|234/302\n|turn|23\n|\n|t:|1782893913\n|move|p1a: Ampharos|Thunderbolt|p2a: Hatterene\n|-damage|p2a: Hatterene|131/236\n|-status|p2a: Hatterene|par\n|move|p2a: Hatterene|Draining Kiss|p1a: Ampharos\n|-damage|p1a: Ampharos|164/302\n|-heal|p2a: Hatterene|184/236 par|[from] drain|[of] p1a: Ampharos\n|\n|-weather|none\n|upkeep\n|turn|24\n|\n|t:|1782893937\n|move|p1a: Ampharos|Thunderbolt|p2a: Hatterene\n|-damage|p2a: Hatterene|75/236 par\n|move|p2a: Hatterene|Draining Kiss|p1a: Ampharos\n|-damage|p1a: Ampharos|92/302\n|-heal|p2a: Hatterene|129/236 par|[from] drain|[of] p1a: Ampharos\n|\n|upkeep\n|turn|25\n|\n|t:|1782893941\n|move|p1a: Ampharos|Thunderbolt|p2a: Hatterene\n|-damage|p2a: Hatterene|26/236 par\n|move|p2a: Hatterene|Draining Kiss|p1a: Ampharos\n|-damage|p1a: Ampharos|28/302\n|-heal|p2a: Hatterene|74/236 par|[from] drain|[of] p1a: Ampharos\n|\n|upkeep\n|turn|26\n|\n|t:|1782893945\n|-terastallize|p1a: Ampharos|Fairy\n|move|p1a: Ampharos|Thunderbolt|p2a: Hatterene\n|-damage|p2a: Hatterene|0 fnt\n|faint|p2a: Hatterene\n|\n|win|talonflamecom\n|raw|talonflamecom's rating: 1995 &rarr; <strong>2013</strong><br />(+18 for winning)\n|raw|c\u304a199's rating: 1954 &rarr; <strong>1936</strong><br />(-18 for losing)\n", "inputlog": ">version f8ac14003a5f27e1bdc8d8c59608a773c1cb96e5\n>start {\"formatid\":\"gen9randombattle\",\"seed\":\"sodium,dc4b3a2a827b565d0cace8779bbdef6c\",\"rated\":\"Rated battle\"}\n>player p1 {\"name\":\"talonflamecom\",\"avatar\":\"red-gen2\",\"rating\":1995,\"seed\":\"sodium,b5d664eeca14fdddd35ab9140d33b2ad\"}\n>player p2 {\"name\":\"c\u304a199\",\"avatar\":\"170\",\"rating\":1954,\"seed\":\"sodium,31c930b4b65c6791e0e4a1b107147514\"}\n>p1 switch 5\n>p2 move sunsteelstrike\n>p1 move thunderwave\n>p2 move sunsteelstrike\n>p1 move poltergeist\n>p2 switch 3\n>p1 switch 6\n>p1 move uturn\n>p2 switch 3\n>p1 switch 2\n>p1 move bulkup\n>p2 switch 3\n>p1 move rapidspin\n>p2 move bulkup\n>p1 move bulkup\n>p2 move liquidation\n>p1 switch 3\n>p1 move sludgebomb\n>p2 move aquajet\n>p2 switch 2\n>p1 switch 4\n>p2 move mysticalfire\n>p1 move voltswitch\n>p2 move mysticalfire\n>p1 switch 2\n>p1 move uturn\n>p2 switch 3\n>p1 switch 4\n>p1 move darkpulse\n>p2 move sunsteelstrike\n>p2 switch 4\n>p1 move darkpulse\n>p2 move shiftgear\n>p1 move darkpulse\n>p2 move shiftgear\n>p2 switch 3\n>p1 move focusblast\n>p2 move mysticalfire\n>p1 switch 4\n>p1 move uturn\n>p2 switch 5\n>p1 switch 2\n>p1 move voltswitch\n>p2 move poltergeist\n>p1 switch 2\n>p1 move bravebird\n>p2 move willowisp\n>p2 switch 6\n>p1 switch 5\n>p2 move sunnyday terastallize\n>p1 move earthquake\n>p2 move weatherball\n>p1 move earthquake\n>p2 move weatherball\n>p2 switch 5\n>p1 move earthquake\n>p2 move drainingkiss\n>p1 switch 2\n>p1 move thunderbolt\n>p2 move drainingkiss\n>p1 move thunderbolt\n>p2 move drainingkiss\n>p1 move thunderbolt\n>p2 move drainingkiss\n>p1 move thunderbolt terastallize\n>p2 move drainingkiss", "uploadtime": 1782893945, "views": 2, "formatid": "gen9randombattle", "rating": 1936, "private": 0, "password": null, "player_dets": [{"name": "talonflamecom", "avatar": "red-gen2", "rating": 1995, "seed": "sodium,b5d664eeca14fdddd35ab9140d33b2ad"}, {"name": "c\u304a199", "avatar": "170", "rating": 1954, "seed": "sodium,31c930b4b65c6791e0e4a1b107147514"}], "teams_full": [{"Regidrago": {"name": "Regidrago", "species": "Regidrago", "speciesId": "regidrago", "gender": "N", "shiny": false, "level": 77, "moves": ["dracometeor", "dragonenergy", "outrage", "earthquake"], "ability": "Dragon's Maw", "evs": {"hp": 85, "atk": 85, "def": 85, "spa": 85, "spd": 85, "spe": 85}, "ivs": {"hp": 31, "atk": 31, "def": 31, "spa": 31, "spd": 31, "spe": 31}, "item": "Choice Scarf", "teraType": "Dragon", "role": "Fast Attacker", "bvs": {"hp": 200, "atk": 100, "def": 50, "spa": 100, "spd": 50, "spe": 80}, "stats": {"hp": 435, "atk": 199, "def": 122, "spa": 199, "spd": 122, "spe": 168}, "types": ["Dragon"]}, "Great Tusk": {"name": "Great Tusk", "species": "Great Tusk", "speciesId": "greattusk", "gender": "N", "shiny": false, "level": 77, "moves": ["closecombat", "earthquake", "bulkup", "rapidspin"], "ability": "Protosynthesis", "evs": {"hp": 85, "atk": 85, "def": 85, "spa": 85, "spd": 85, "spe": 85}, "ivs": {"hp": 31, "atk": 31, "def": 31, "spa": 31, "spd": 31, "spe": 31}, "item": "Booster Energy", "teraType": "Steel", "role": "Fast Bulky Setup", "bvs": {"hp": 115, "atk": 131, "def": 131, "spa": 53, "spd": 53, "spe": 87}, "stats": {"hp": 304, "atk": 246, "def": 246, "spa": 126, "spd": 126, "spe": 179}, "types": ["Ground", "Fighting"]}, "Darkrai": {"name": "Darkrai", "species": "Darkrai", "speciesId": "darkrai", "gender": "N", "shiny": false, "level": 77, "moves": ["darkpulse", "nastyplot", "focusblast", "sludgebomb"], "ability": "Bad Dreams", "evs": {"hp": 85, "atk": 0, "def": 85, "spa": 85, "spd": 85, "spe": 85}, "ivs": {"hp": 31, "atk": 0, "def": 31, "spa": 31, "spd": 31, "spe": 31}, "item": "Life Orb", "teraType": "Poison", "role": "Setup Sweeper", "bvs": {"hp": 70, "atk": 90, "def": 90, "spa": 135, "spd": 90, "spe": 125}, "stats": {"hp": 234, "atk": 143, "def": 183, "spa": 252, "spd": 183, "spe": 237}, "types": ["Dark"]}, "Ampharos": {"name": "Ampharos", "species": "Ampharos", "speciesId": "ampharos", "gender": "M", "shiny": false, "level": 88, "moves": ["thunderbolt", "focusblast", "voltswitch", "dazzlinggleam"], "ability": "Static", "evs": {"hp": 85, "atk": 0, "def": 85, "spa": 85, "spd": 85, "spe": 85}, "ivs": {"hp": 31, "atk": 0, "def": 31, "spa": 31, "spd": 31, "spe": 31}, "item": "Choice Specs", "teraType": "Fairy", "role": "Wallbreaker", "bvs": {"hp": 90, "atk": 75, "def": 85, "spa": 115, "spd": 90, "spe": 55}, "stats": {"hp": 302, "atk": 137, "def": 200, "spa": 253, "spd": 209, "spe": 147}, "types": ["Electric"]}, "Banette": {"name": "Banette", "species": "Banette", "speciesId": "banette", "gender": "M", "shiny": false, "level": 93, "moves": ["thunderwave", "gunkshot", "shadowsneak", "poltergeist"], "ability": "Insomnia", "evs": {"hp": 85, "atk": 85, "def": 85, "spa": 85, "spd": 85, "spe": 85}, "ivs": {"hp": 31, "atk": 31, "def": 31, "spa": 31, "spd": 31, "spe": 31}, "item": "Life Orb", "teraType": "Poison", "role": "Wallbreaker", "bvs": {"hp": 64, "atk": 115, "def": 65, "spa": 83, "spd": 63, "spe": 65}, "stats": {"hp": 270, "atk": 267, "def": 174, "spa": 207, "spd": 170, "spe": 174}, "types": ["Ghost"]}, "Staraptor": {"name": "Staraptor", "species": "Staraptor", "speciesId": "staraptor", "gender": "F", "shiny": false, "level": 79, "moves": ["quickattack", "bravebird", "closecombat", "uturn"], "ability": "Reckless", "evs": {"hp": 81, "atk": 85, "def": 85, "spa": 85, "spd": 85, "spe": 85}, "ivs": {"hp": 31, "atk": 31, "def": 31, "spa": 31, "spd": 31, "spe": 31}, "item": "Choice Band", "teraType": "Fighting", "role": "Fast Attacker", "bvs": {"hp": 85, "atk": 120, "def": 70, "spa": 50, "spd": 60, "spe": 100}, "stats": {"hp": 263, "atk": 235, "def": 156, "spa": 125, "spd": 140, "spe": 204}, "types": ["Normal", "Flying"]}}, {"Solgaleo": {"name": "Solgaleo", "species": "Solgaleo", "speciesId": "solgaleo", "gender": "N", "shiny": false, "level": 74, "moves": ["sunsteelstrike", "earthquake", "teleport", "morningsun"], "ability": "Full Metal Body", "evs": {"hp": 85, "atk": 85, "def": 85, "spa": 85, "spd": 85, "spe": 85}, "ivs": {"hp": 31, "atk": 31, "def": 31, "spa": 31, "spd": 31, "spe": 31}, "item": "Rocky Helmet", "teraType": "Water", "role": "Bulky Attacker", "bvs": {"hp": 137, "atk": 137, "def": 107, "spa": 113, "spd": 89, "spe": 97}, "stats": {"hp": 325, "atk": 246, "def": 201, "spa": 210, "spd": 175, "spe": 187}, "types": ["Psychic", "Steel"]}, "Hatterene": {"name": "Hatterene", "species": "Hatterene", "speciesId": "hatterene", "gender": "F", "shiny": false, "level": 85, "moves": ["mysticalfire", "nuzzle", "drainingkiss", "psychicnoise"], "ability": "Magic Bounce", "evs": {"hp": 85, "atk": 85, "def": 85, "spa": 85, "spd": 85, "spe": 85}, "ivs": {"hp": 31, "atk": 31, "def": 31, "spa": 31, "spd": 31, "spe": 31}, "item": "Assault Vest", "teraType": "Steel", "role": "AV Pivot", "bvs": {"hp": 57, "atk": 90, "def": 95, "spa": 136, "spd": 103, "spe": 29}, "stats": {"hp": 236, "atk": 202, "def": 210, "spa": 280, "spd": 224, "spe": 98}, "types": ["Psychic", "Fairy"]}, "Tauros": {"name": "Tauros", "species": "Tauros-Paldea-Aqua", "speciesId": "taurospaldeaaqua", "gender": "M", "shiny": false, "level": 81, "moves": ["liquidation", "bulkup", "aquajet", "closecombat"], "ability": "Intimidate", "evs": {"hp": 85, "atk": 85, "def": 85, "spa": 85, "spd": 85, "spe": 85}, "ivs": {"hp": 31, "atk": 31, "def": 31, "spa": 31, "spd": 31, "spe": 31}, "item": "Life Orb", "teraType": "Water", "role": "Setup Sweeper", "bvs": {"hp": 75, "atk": 110, "def": 105, "spa": 30, "spd": 70, "spe": 100}, "stats": {"hp": 254, "atk": 225, "def": 217, "spa": 95, "spd": 160, "spe": 209}, "types": ["Fighting", "Water"]}, "Revavroom": {"name": "Revavroom", "species": "Revavroom", "speciesId": "revavroom", "gender": "M", "shiny": false, "level": 79, "moves": ["shiftgear", "ironhead", "highhorsepower", "gunkshot"], "ability": "Filter", "evs": {"hp": 85, "atk": 85, "def": 85, "spa": 85, "spd": 85, "spe": 85}, "ivs": {"hp": 31, "atk": 31, "def": 31, "spa": 31, "spd": 31, "spe": 31}, "item": "Life Orb", "teraType": "Ground", "role": "Fast Attacker", "bvs": {"hp": 80, "atk": 119, "def": 90, "spa": 54, "spd": 67, "spe": 90}, "stats": {"hp": 256, "atk": 234, "def": 188, "spa": 131, "spd": 151, "spe": 188}, "types": ["Steel", "Poison"]}, "Dusknoir": {"name": "Dusknoir", "species": "Dusknoir", "speciesId": "dusknoir", "gender": "F", "shiny": false, "level": 89, "moves": ["willowisp", "poltergeist", "painsplit", "shadowsneak"], "ability": "Frisk", "evs": {"hp": 85, "atk": 85, "def": 85, "spa": 85, "spd": 85, "spe": 85}, "ivs": {"hp": 31, "atk": 31, "def": 31, "spa": 31, "spd": 31, "spe": 31}, "item": "Leftovers", "teraType": "Dark", "role": "Bulky Support", "bvs": {"hp": 45, "atk": 100, "def": 135, "spa": 65, "spd": 135, "spe": 45}, "stats": {"hp": 225, "atk": 229, "def": 291, "spa": 166, "spd": 291, "spe": 131}, "types": ["Ghost"]}, "Sunflora": {"name": "Sunflora", "species": "Sunflora", "speciesId": "sunflora", "gender": "F", "shiny": false, "level": 100, "moves": ["sunnyday", "earthpower", "solarbeam", "weatherball"], "ability": "Chlorophyll", "evs": {"hp": 85, "atk": 0, "def": 85, "spa": 85, "spd": 85, "spe": 85}, "ivs": {"hp": 31, "atk": 0, "def": 31, "spa": 31, "spd": 31, "spe": 31}, "item": "Life Orb", "teraType": "Fire", "role": "Setup Sweeper", "bvs": {"hp": 75, "atk": 75, "def": 55, "spa": 105, "spd": 85, "spe": 30}, "stats": {"hp": 312, "atk": 155, "def": 167, "spa": 267, "spd": 227, "spe": 117}, "types": ["Grass"]}}]}