{"id": "gen9randombattle-2642016490", "format": "[Gen 9] Random Battle", "players": ["notmetbh102", "who is to say"], "log": "|j|\u2606notmetbh102\n|j|\u2606who is to say\n|t:|1782873793\n|gametype|singles\n|player|p1|notmetbh102|265|2307\n|player|p2|who is to say|170|2240\n|gen|9\n|tier|[Gen 9] Random Battle\n|rated|\n|rule|Species Clause: Limit one of each Pok\u00e9mon\n|rule|HP Percentage Mod: HP is shown in percentages\n|rule|Sleep Clause Mod: Limit one foe put to sleep\n|rule|Illusion Level Mod: Illusion disguises the Pok\u00e9mon's true level\n|\n|t:|1782873793\n|teamsize|p1|6\n|teamsize|p2|6\n|start\n|switch|p1a: Inteleon|Inteleon, L81, F|246/246\n|switch|p2a: Volcarona|Volcarona, L77, M|257/257\n|turn|1\n|inactive|Battle timer is ON: inactive players will automatically lose when time's up. (requested by notmetbh102)\n|c|\u2606notmetbh102|hf\n|inactive|who is to say has 120 seconds left.\n|\n|t:|1782873827\n|switch|p2a: Sinistcha|Sinistcha-Masterpiece, L83|254/254\n|move|p1a: Inteleon|Scald|p2a: Sinistcha\n|-resisted|p2a: Sinistcha\n|-crit|p2a: Sinistcha\n|-damage|p2a: Sinistcha|131/254\n|\n|-heal|p2a: Sinistcha|146/254|[from] item: Leftovers\n|upkeep\n|turn|2\n|\n|t:|1782873831\n|switch|p1a: Crabominable|Crabominable, L90, F|321/321\n|move|p2a: Sinistcha|Matcha Gotcha|p1a: Crabominable\n|-crit|p1a: Crabominable\n|-damage|p1a: Crabominable|146/321\n|-heal|p2a: Sinistcha|234/254|[from] drain|[of] p1a: Crabominable\n|\n|-heal|p2a: Sinistcha|249/254|[from] item: Leftovers\n|upkeep\n|turn|3\n|\n|t:|1782873848\n|switch|p2a: Volcarona|Volcarona, L77, M|257/257\n|move|p1a: Crabominable|Ice Hammer|p2a: Volcarona\n|-resisted|p2a: Volcarona\n|-damage|p2a: Volcarona|77/257\n|-unboost|p1a: Crabominable|spe|1\n|\n|upkeep\n|turn|4\n|\n|t:|1782873852\n|switch|p1a: Diancie|Diancie, L82|216/216\n|move|p2a: Volcarona|Fiery Dance|p1a: Diancie\n|-resisted|p1a: Diancie\n|-damage|p1a: Diancie|184/216\n|-boost|p2a: Volcarona|spa|1\n|\n|-heal|p1a: Diancie|197/216|[from] item: Leftovers\n|upkeep\n|turn|5\n|\n|t:|1782873857\n|switch|p2a: Sinistcha|Sinistcha-Masterpiece, L83|249/254\n|switch|p1a: Tauros|Tauros-Paldea-Combat, L82, M|257/257\n|-ability|p1a: Tauros|Intimidate|boost\n|-unboost|p2a: Sinistcha|atk|1\n|\n|-heal|p2a: Sinistcha|254/254|[from] item: Leftovers\n|upkeep\n|turn|6\n|\n|t:|1782873862\n|-terastallize|p1a: Tauros|Dark\n|move|p1a: Tauros|Throat Chop|p2a: Sinistcha\n|-supereffective|p2a: Sinistcha\n|-damage|p2a: Sinistcha|0 fnt\n|faint|p2a: Sinistcha\n|\n|upkeep\n|\n|t:|1782873872\n|switch|p2a: Bombirdier|Bombirdier, L85, M|258/258\n|turn|7\n|\n|t:|1782873876\n|switch|p1a: Diancie|Diancie, L82|197/216\n|move|p2a: Bombirdier|Knock Off|p1a: Diancie\n|-resisted|p1a: Diancie\n|-damage|p1a: Diancie|158/216\n|-enditem|p1a: Diancie|Leftovers|[from] move: Knock Off|[of] p2a: Bombirdier\n|\n|upkeep\n|turn|8\n|\n|t:|1782873878\n|move|p2a: Bombirdier|U-turn|p1a: Diancie\n|-resisted|p1a: Diancie\n|-damage|p1a: Diancie|141/216\n|\n|t:|1782873882\n|switch|p2a: Weezing|Weezing, L88, F|258/258|[from] U-turn\n|move|p1a: Diancie|Earth Power|p2a: Weezing\n|-immune|p2a: Weezing|[from] ability: Levitate\n|\n|upkeep\n|turn|9\n|\n|t:|1782873884\n|switch|p1a: Inteleon|Inteleon, L81, F|246/246\n|move|p2a: Weezing|Will-O-Wisp|p1a: Inteleon\n|-status|p1a: Inteleon|brn\n|\n|-damage|p1a: Inteleon|231/246 brn|[from] brn\n|upkeep\n|turn|10\n|\n|t:|1782873889\n|move|p1a: Inteleon|Scald|p2a: Weezing\n|-damage|p2a: Weezing|105/258\n|move|p2a: Weezing|Gunk Shot|p1a: Inteleon\n|-crit|p1a: Inteleon\n|-damage|p1a: Inteleon|0 fnt\n|faint|p1a: Inteleon\n|\n|-heal|p2a: Weezing|121/258|[from] item: Leftovers\n|upkeep\n|\n|t:|1782873889\n|switch|p1a: Mewtwo|Mewtwo, L72|272/272\n|-ability|p1a: Mewtwo|Pressure\n|turn|11\n|\n|t:|1782873896\n|switch|p2a: Bombirdier|Bombirdier, L85, M|258/258\n|move|p1a: Mewtwo|Psystrike|p2a: Bombirdier\n|-immune|p2a: Bombirdier\n|\n|upkeep\n|turn|12\n|\n|t:|1782873899\n|switch|p1a: Diancie|Diancie, L82|141/216\n|move|p2a: Bombirdier|U-turn|p1a: Diancie\n|-resisted|p1a: Diancie\n|-damage|p1a: Diancie|124/216\n|\n|t:|1782873914\n|switch|p2a: Weezing|Weezing, L88, F|121/258|[from] U-turn\n|\n|-heal|p2a: Weezing|137/258|[from] item: Leftovers\n|upkeep\n|turn|13\n|\n|t:|1782873917\n|move|p2a: Weezing|Will-O-Wisp|p1a: Diancie\n|-status|p1a: Diancie|brn\n|move|p1a: Diancie|Diamond Storm|p2a: Weezing\n|-damage|p2a: Weezing|95/258\n|\n|-heal|p2a: Weezing|111/258|[from] item: Leftovers\n|-damage|p1a: Diancie|111/216 brn|[from] brn\n|upkeep\n|turn|14\n|\n|t:|1782873923\n|move|p2a: Weezing|Gunk Shot|p1a: Diancie|[miss]\n|-miss|p2a: Weezing|p1a: Diancie\n|move|p1a: Diancie|Draining Kiss|p2a: Weezing\n|-resisted|p2a: Weezing\n|-damage|p2a: Weezing|84/258\n|-heal|p1a: Diancie|131/216 brn|[from] drain|[of] p2a: Weezing\n|\n|-heal|p2a: Weezing|100/258|[from] item: Leftovers\n|-damage|p1a: Diancie|118/216 brn|[from] brn\n|upkeep\n|turn|15\n|\n|t:|1782873925\n|move|p2a: Weezing|Gunk Shot|p1a: Diancie\n|-damage|p1a: Diancie|36/216 brn\n|move|p1a: Diancie|Diamond Storm|p2a: Weezing\n|-damage|p2a: Weezing|63/258\n|-boost|p1a: Diancie|def|2\n|\n|-heal|p2a: Weezing|79/258|[from] item: Leftovers\n|-damage|p1a: Diancie|23/216 brn|[from] brn\n|upkeep\n|turn|16\n|\n|t:|1782873929\n|move|p2a: Weezing|Gunk Shot|p1a: Diancie|[miss]\n|-miss|p2a: Weezing|p1a: Diancie\n|move|p1a: Diancie|Draining Kiss|p2a: Weezing\n|-resisted|p2a: Weezing\n|-damage|p2a: Weezing|48/258\n|-heal|p1a: Diancie|46/216 brn|[from] drain|[of] p2a: Weezing\n|\n|-heal|p2a: Weezing|64/258|[from] item: Leftovers\n|-damage|p1a: Diancie|33/216 brn|[from] brn\n|upkeep\n|turn|17\n|\n|t:|1782873931\n|move|p2a: Weezing|Gunk Shot|p1a: Diancie\n|-damage|p1a: Diancie|0 fnt\n|faint|p1a: Diancie\n|\n|-heal|p2a: Weezing|80/258|[from] item: Leftovers\n|upkeep\n|\n|t:|1782873932\n|switch|p1a: Tauros|Tauros-Paldea-Combat, L82, M, tera:Dark|257/257\n|-ability|p1a: Tauros|Intimidate|boost\n|-unboost|p2a: Weezing|atk|1\n|turn|18\n|\n|t:|1782873937\n|switch|p2a: Volcarona|Volcarona, L77, M|77/257\n|move|p1a: Tauros|Throat Chop|p2a: Volcarona\n|-damage|p2a: Volcarona|0 fnt\n|faint|p2a: Volcarona\n|\n|upkeep\n|\n|t:|1782873944\n|switch|p2a: Bombirdier|Bombirdier, L85, M|258/258\n|turn|19\n|\n|t:|1782873946\n|switch|p1a: Crabominable|Crabominable, L90, F|146/321\n|move|p2a: Bombirdier|Brave Bird|p1a: Crabominable\n|-supereffective|p1a: Crabominable\n|-damage|p1a: Crabominable|0 fnt\n|faint|p1a: Crabominable\n|-damage|p2a: Bombirdier|210/258|[from] Recoil\n|\n|upkeep\n|\n|t:|1782873947\n|switch|p1a: Tauros|Tauros-Paldea-Combat, L82, M, tera:Dark|257/257\n|-ability|p1a: Tauros|Intimidate|boost\n|-unboost|p2a: Bombirdier|atk|1\n|turn|20\n|\n|t:|1782873950\n|switch|p2a: Weezing|Weezing, L88, F|80/258\n|move|p1a: Tauros|Stone Edge|p2a: Weezing\n|-damage|p2a: Weezing|3/258\n|\n|-heal|p2a: Weezing|19/258|[from] item: Leftovers\n|upkeep\n|turn|21\n|\n|t:|1782873954\n|move|p1a: Tauros|Stone Edge|p2a: Weezing\n|-damage|p2a: Weezing|0 fnt\n|faint|p2a: Weezing\n|\n|upkeep\n|\n|t:|1782873957\n|switch|p2a: Hatterene|Hatterene, L85, F|236/236\n|turn|22\n|\n|t:|1782873961\n|switch|p1a: Mewtwo|Mewtwo, L72|272/272\n|-ability|p1a: Mewtwo|Pressure\n|move|p2a: Hatterene|Calm Mind|p2a: Hatterene\n|-boost|p2a: Hatterene|spa|1\n|-boost|p2a: Hatterene|spd|1\n|\n|upkeep\n|turn|23\n|\n|t:|1782873966\n|move|p1a: Mewtwo|Nasty Plot|p1a: Mewtwo\n|-boost|p1a: Mewtwo|spa|2\n|move|p2a: Hatterene|Calm Mind|p2a: Hatterene\n|-boost|p2a: Hatterene|spa|1\n|-boost|p2a: Hatterene|spd|1\n|\n|upkeep\n|turn|24\n|\n|t:|1782873968\n|move|p1a: Mewtwo|Nasty Plot|p1a: Mewtwo\n|-boost|p1a: Mewtwo|spa|2\n|move|p2a: Hatterene|Draining Kiss|p1a: Mewtwo\n|-damage|p1a: Mewtwo|107/272\n|\n|upkeep\n|turn|25\n|\n|t:|1782873971\n|move|p1a: Mewtwo|Recover|p1a: Mewtwo\n|-heal|p1a: Mewtwo|243/272\n|move|p2a: Hatterene|Draining Kiss|p1a: Mewtwo\n|-damage|p1a: Mewtwo|80/272\n|\n|upkeep\n|turn|26\n|\n|t:|1782873974\n|move|p1a: Mewtwo|Psystrike|p2a: Hatterene\n|-resisted|p2a: Hatterene\n|-damage|p2a: Hatterene|29/236\n|-damage|p1a: Mewtwo|53/272|[from] item: Life Orb\n|move|p2a: Hatterene|Draining Kiss|p1a: Mewtwo\n|-damage|p1a: Mewtwo|0 fnt\n|-heal|p2a: Hatterene|69/236|[from] drain|[of] p1a: Mewtwo\n|faint|p1a: Mewtwo\n|\n|-heal|p2a: Hatterene|83/236|[from] item: Leftovers\n|upkeep\n|\n|t:|1782873974\n|switch|p1a: Tauros|Tauros-Paldea-Combat, L82, M, tera:Dark|257/257\n|-ability|p1a: Tauros|Intimidate|boost\n|-unboost|p2a: Hatterene|atk|1\n|turn|27\n|\n|t:|1782873982\n|switch|p2a: Skuntank|Skuntank, L84, F|310/310\n|move|p1a: Tauros|Throat Chop|p2a: Skuntank\n|-resisted|p2a: Skuntank\n|-damage|p2a: Skuntank|225/310\n|-start|p2a: Skuntank|Throat Chop|[silent]\n|\n|upkeep\n|turn|28\n|\n|t:|1782873986\n|move|p1a: Tauros|Throat Chop|p2a: Skuntank\n|-resisted|p2a: Skuntank\n|-damage|p2a: Skuntank|146/310\n|move|p2a: Skuntank|Gunk Shot|p1a: Tauros\n|-damage|p1a: Tauros|140/257\n|-status|p1a: Tauros|psn\n|\n|-damage|p1a: Tauros|108/257 psn|[from] psn\n|-end|p2a: Skuntank|Throat Chop|[silent]\n|upkeep\n|turn|29\n|\n|t:|1782873991\n|switch|p1a: Luvdisc|Luvdisc, F|247/247\n|move|p2a: Skuntank|Gunk Shot|p1a: Luvdisc\n|-damage|p1a: Luvdisc|115/247\n|\n|upkeep\n|turn|30\n|\n|t:|1782873997\n|move|p1a: Luvdisc|Substitute|p1a: Luvdisc\n|-start|p1a: Luvdisc|Substitute\n|-damage|p1a: Luvdisc|54/247\n|move|p2a: Skuntank|Knock Off|p1a: Luvdisc\n|-end|p1a: Luvdisc|Substitute\n|\n|upkeep\n|turn|31\n|\n|t:|1782874000\n|move|p2a: Skuntank|Sucker Punch|p1a: Luvdisc\n|-damage|p1a: Luvdisc|0 fnt\n|faint|p1a: Luvdisc\n|\n|upkeep\n|\n|t:|1782874000\n|switch|p1a: Tauros|Tauros-Paldea-Combat, L82, M, tera:Dark|108/257 psn\n|-ability|p1a: Tauros|Intimidate|boost\n|-unboost|p2a: Skuntank|atk|1\n|turn|32\n|\n|t:|1782874004\n|switch|p2a: Bombirdier|Bombirdier, L85, M|210/258\n|move|p1a: Tauros|Stone Edge|p2a: Bombirdier\n|-supereffective|p2a: Bombirdier\n|-damage|p2a: Bombirdier|0 fnt\n|faint|p2a: Bombirdier\n|\n|-damage|p1a: Tauros|76/257 psn|[from] psn\n|upkeep\n|\n|t:|1782874024\n|switch|p2a: Skuntank|Skuntank, L84, F|146/310\n|turn|33\n|\n|t:|1782874036\n|move|p2a: Skuntank|Sucker Punch|p1a: Tauros\n|-resisted|p1a: Tauros\n|-damage|p1a: Tauros|45/257 psn\n|move|p1a: Tauros|Stone Edge|p2a: Skuntank\n|-damage|p2a: Skuntank|18/310\n|\n|-damage|p1a: Tauros|13/257 psn|[from] psn\n|upkeep\n|turn|34\n|\n|t:|1782874039\n|move|p2a: Skuntank|Sucker Punch|p1a: Tauros\n|-resisted|p1a: Tauros\n|-damage|p1a: Tauros|0 fnt\n|faint|p1a: Tauros\n|\n|win|who is to say\n|raw|notmetbh102's rating: 2307 &rarr; <strong>2283</strong><br />(-24 for losing)\n|raw|who is to say's rating: 2240 &rarr; <strong>2264</strong><br />(+24 for winning)\n|c|\u2606notmetbh102|gg\n", "inputlog": ">version f8ac14003a5f27e1bdc8d8c59608a773c1cb96e5\n>start {\"formatid\":\"gen9randombattle\",\"seed\":\"sodium,fc722dbf18742ef992f193872cdd436e\",\"rated\":\"Rated battle\"}\n>player p1 {\"name\":\"notmetbh102\",\"avatar\":\"265\",\"rating\":2307,\"seed\":\"sodium,dd64bbae8a186916f22b6ae9c376c96b\"}\n>player p2 {\"name\":\"who is to say\",\"avatar\":\"170\",\"rating\":2240,\"seed\":\"sodium,ce4dce11003a25e67d2581fb9dd7e3c2\"}\n>chat \u2606notmetbh102|hf\n>p1 move scald\n>p2 switch 6\n>p1 switch 5\n>p2 move matchagotcha\n>p1 move icehammer\n>p2 switch 6\n>p1 switch 2\n>p2 move fierydance\n>p1 switch 4\n>p2 switch 6\n>p1 move throatchop terastallize\n>p2 move matchagotcha\n>p2 switch 4\n>p1 switch 4\n>p2 move knockoff\n>p1 move earthpower\n>p2 move uturn\n>p2 switch 5\n>p1 switch 5\n>p2 move willowisp\n>p1 move scald\n>p2 move gunkshot\n>p1 switch 6\n>p1 move psystrike\n>p2 switch 5\n>p1 switch 5\n>p2 move uturn\n>p2 switch 5\n>p1 move diamondstorm\n>p2 move willowisp\n>p1 move drainingkiss\n>p2 move gunkshot\n>p1 move diamondstorm\n>p2 move gunkshot\n>p1 move drainingkiss\n>p2 move gunkshot\n>p1 move drainingkiss\n>p2 move gunkshot\n>p1 switch 4\n>p1 move throatchop\n>p2 switch 6\n>p2 switch 5\n>p1 switch 2\n>p2 move bravebird\n>p1 switch 2\n>p1 move stoneedge\n>p2 switch 6\n>p1 move stoneedge\n>p2 move painsplit\n>p2 switch 3\n>p1 switch 5\n>p2 move calmmind\n>p1 move nastyplot\n>p2 move calmmind\n>p1 move nastyplot\n>p2 move drainingkiss\n>p1 move recover\n>p2 move drainingkiss\n>p1 move psystrike\n>p2 move drainingkiss\n>p1 switch 5\n>p1 move throatchop\n>p2 switch 2\n>p1 move throatchop\n>p2 move gunkshot\n>p1 switch 3\n>p2 move gunkshot\n>p1 move substitute\n>p2 move knockoff\n>p1 move endeavor\n>p2 move suckerpunch\n>p1 switch 3\n>p1 move stoneedge\n>p2 switch 6\n>p2 switch 6\n>p1 move stoneedge\n>p2 move suckerpunch\n>p1 move stoneedge\n>p2 move suckerpunch", "uploadtime": 1782874040, "views": 4, "formatid": "gen9randombattle", "rating": 2264, "private": 0, "password": null, "player_dets": [{"name": "notmetbh102", "avatar": "265", "rating": 2307, "seed": "sodium,dd64bbae8a186916f22b6ae9c376c96b"}, {"name": "who is to say", "avatar": "170", "rating": 2240, "seed": "sodium,ce4dce11003a25e67d2581fb9dd7e3c2"}], "teams_full": [{"Inteleon": {"name": "Inteleon", "species": "Inteleon", "speciesId": "inteleon", "gender": "F", "shiny": false, "level": 81, "moves": ["icebeam", "hydropump", "scald", "uturn"], "ability": "Torrent", "evs": {"hp": 85, "atk": 85, "def": 85, "spa": 85, "spd": 85, "spe": 85}, "ivs": {"hp": 31, "atk": 31, "def": 31, "spa": 31, "spd": 31, "spe": 31}, "item": "Choice Specs", "teraType": "Water", "role": "Wallbreaker", "bvs": {"hp": 70, "atk": 85, "def": 65, "spa": 125, "spd": 65, "spe": 120}, "stats": {"hp": 246, "atk": 184, "def": 152, "spa": 249, "spd": 152, "spe": 241}, "types": ["Water"]}, "Diancie": {"name": "Diancie", "species": "Diancie", "speciesId": "diancie", "gender": "N", "shiny": false, "level": 82, "moves": ["diamondstorm", "calmmind", "earthpower", "drainingkiss"], "ability": "Clear Body", "evs": {"hp": 85, "atk": 85, "def": 85, "spa": 85, "spd": 85, "spe": 85}, "ivs": {"hp": 31, "atk": 31, "def": 31, "spa": 31, "spd": 31, "spe": 31}, "item": "Leftovers", "teraType": "Water", "role": "Bulky Setup", "bvs": {"hp": 50, "atk": 100, "def": 150, "spa": 100, "spd": 150, "spe": 50}, "stats": {"hp": 216, "atk": 211, "def": 293, "spa": 211, "spd": 293, "spe": 129}, "types": ["Rock", "Fairy"]}, "Luvdisc": {"name": "Luvdisc", "species": "Luvdisc", "speciesId": "luvdisc", "gender": "F", "shiny": false, "level": 100, "moves": ["substitute", "flipturn", "surf", "endeavor"], "ability": "Swift Swim", "evs": {"hp": 81, "atk": 85, "def": 85, "spa": 85, "spd": 85, "spe": 85}, "ivs": {"hp": 31, "atk": 31, "def": 31, "spa": 31, "spd": 31, "spe": 31}, "item": "Heavy-Duty Boots", "teraType": "Ground", "role": "Fast Support", "bvs": {"hp": 43, "atk": 30, "def": 55, "spa": 40, "spd": 65, "spe": 97}, "stats": {"hp": 247, "atk": 117, "def": 167, "spa": 137, "spd": 187, "spe": 251}, "types": ["Water"]}, "Tauros": {"name": "Tauros", "species": "Tauros-Paldea-Combat", "speciesId": "taurospaldeacombat", "gender": "M", "shiny": false, "level": 82, "moves": ["closecombat", "stoneedge", "earthquake", "throatchop"], "ability": "Intimidate", "evs": {"hp": 85, "atk": 85, "def": 85, "spa": 85, "spd": 85, "spe": 85}, "ivs": {"hp": 31, "atk": 31, "def": 31, "spa": 31, "spd": 31, "spe": 31}, "item": "Choice Band", "teraType": "Dark", "role": "Wallbreaker", "bvs": {"hp": 75, "atk": 110, "def": 105, "spa": 30, "spd": 70, "spe": 100}, "stats": {"hp": 257, "atk": 228, "def": 219, "spa": 96, "spd": 162, "spe": 211}, "types": ["Fighting"]}, "Crabominable": {"name": "Crabominable", "species": "Crabominable", "speciesId": "crabominable", "gender": "F", "shiny": false, "level": 90, "moves": ["icehammer", "earthquake", "knockoff", "closecombat"], "ability": "Iron Fist", "evs": {"hp": 85, "atk": 85, "def": 85, "spa": 85, "spd": 85, "spe": 85}, "ivs": {"hp": 31, "atk": 31, "def": 31, "spa": 31, "spd": 31, "spe": 31}, "item": "Choice Band", "teraType": "Ground", "role": "Wallbreaker", "bvs": {"hp": 97, "atk": 132, "def": 77, "spa": 62, "spd": 67, "spe": 43}, "stats": {"hp": 321, "atk": 289, "def": 190, "spa": 163, "spd": 172, "spe": 129}, "types": ["Fighting", "Ice"]}, "Mewtwo": {"name": "Mewtwo", "species": "Mewtwo", "speciesId": "mewtwo", "gender": "N", "shiny": false, "level": 72, "moves": ["recover", "nastyplot", "aurasphere", "psystrike"], "ability": "Pressure", "evs": {"hp": 85, "atk": 0, "def": 85, "spa": 85, "spd": 85, "spe": 85}, "ivs": {"hp": 31, "atk": 0, "def": 31, "spa": 31, "spd": 31, "spe": 31}, "item": "Life Orb", "teraType": "Fighting", "role": "Setup Sweeper", "bvs": {"hp": 106, "atk": 110, "def": 90, "spa": 154, "spd": 90, "spe": 130}, "stats": {"hp": 272, "atk": 163, "def": 172, "spa": 264, "spd": 172, "spe": 229}, "types": ["Psychic"]}}, {"Volcarona": {"name": "Volcarona", "species": "Volcarona", "speciesId": "volcarona", "gender": "M", "shiny": false, "level": 77, "moves": ["quiverdance", "gigadrain", "morningsun", "fierydance"], "ability": "Flame Body", "evs": {"hp": 85, "atk": 0, "def": 85, "spa": 85, "spd": 85, "spe": 85}, "ivs": {"hp": 31, "atk": 0, "def": 31, "spa": 31, "spd": 31, "spe": 31}, "item": "Heavy-Duty Boots", "teraType": "Fire", "role": "Fast Bulky Setup", "bvs": {"hp": 85, "atk": 60, "def": 65, "spa": 135, "spd": 105, "spe": 100}, "stats": {"hp": 257, "atk": 97, "def": 145, "spa": 252, "spd": 206, "spe": 199}, "types": ["Bug", "Fire"]}, "Skuntank": {"name": "Skuntank", "species": "Skuntank", "speciesId": "skuntank", "gender": "F", "shiny": false, "level": 84, "moves": ["fireblast", "knockoff", "suckerpunch", "gunkshot"], "ability": "Aftermath", "evs": {"hp": 85, "atk": 85, "def": 85, "spa": 85, "spd": 85, "spe": 85}, "ivs": {"hp": 31, "atk": 31, "def": 31, "spa": 31, "spd": 31, "spe": 31}, "item": "Assault Vest", "teraType": "Poison", "role": "Fast Support", "bvs": {"hp": 103, "atk": 93, "def": 67, "spa": 71, "spd": 61, "spe": 84}, "stats": {"hp": 310, "atk": 204, "def": 161, "spa": 167, "spd": 151, "spe": 189}, "types": ["Poison", "Dark"]}, "Hatterene": {"name": "Hatterene", "species": "Hatterene", "speciesId": "hatterene", "gender": "F", "shiny": false, "level": 85, "moves": ["mysticalfire", "psyshock", "drainingkiss", "calmmind"], "ability": "Magic Bounce", "evs": {"hp": 85, "atk": 0, "def": 85, "spa": 85, "spd": 85, "spe": 85}, "ivs": {"hp": 31, "atk": 0, "def": 31, "spa": 31, "spd": 31, "spe": 31}, "item": "Leftovers", "teraType": "Fairy", "role": "Bulky Setup", "bvs": {"hp": 57, "atk": 90, "def": 95, "spa": 136, "spd": 103, "spe": 29}, "stats": {"hp": 236, "atk": 158, "def": 210, "spa": 280, "spd": 224, "spe": 98}, "types": ["Psychic", "Fairy"]}, "Bombirdier": {"name": "Bombirdier", "species": "Bombirdier", "speciesId": "bombirdier", "gender": "M", "shiny": false, "level": 85, "moves": ["bravebird", "knockoff", "uturn", "roost"], "ability": "Big Pecks", "evs": {"hp": 85, "atk": 85, "def": 85, "spa": 85, "spd": 85, "spe": 85}, "ivs": {"hp": 31, "atk": 31, "def": 31, "spa": 31, "spd": 31, "spe": 31}, "item": "Heavy-Duty Boots", "teraType": "Dark", "role": "Bulky Support", "bvs": {"hp": 70, "atk": 103, "def": 85, "spa": 60, "spd": 85, "spe": 82}, "stats": {"hp": 258, "atk": 224, "def": 193, "spa": 151, "spd": 193, "spe": 188}, "types": ["Flying", "Dark"]}, "Weezing": {"name": "Weezing", "species": "Weezing", "speciesId": "weezing", "gender": "F", "shiny": false, "level": 88, "moves": ["willowisp", "painsplit", "gunkshot", "fireblast"], "ability": "Levitate", "evs": {"hp": 85, "atk": 85, "def": 85, "spa": 85, "spd": 85, "spe": 85}, "ivs": {"hp": 31, "atk": 31, "def": 31, "spa": 31, "spd": 31, "spe": 31}, "item": "Leftovers", "teraType": "Steel", "role": "Bulky Attacker", "bvs": {"hp": 65, "atk": 90, "def": 120, "spa": 85, "spd": 70, "spe": 60}, "stats": {"hp": 258, "atk": 209, "def": 261, "spa": 200, "spd": 173, "spe": 156}, "types": ["Poison"]}, "Sinistcha": {"name": "Sinistcha", "species": "Sinistcha-Masterpiece", "speciesId": "sinistcha", "gender": "N", "shiny": false, "level": 83, "moves": ["calmmind", "matchagotcha", "strengthsap", "shadowball"], "ability": "Heatproof", "evs": {"hp": 85, "atk": 0, "def": 85, "spa": 85, "spd": 85, "spe": 85}, "ivs": {"hp": 31, "atk": 0, "def": 31, "spa": 31, "spd": 31, "spe": 31}, "item": "Leftovers", "teraType": "Steel", "role": "Bulky Setup", "bvs": {"hp": 71, "atk": 60, "def": 106, "spa": 121, "spd": 80, "spe": 70}, "stats": {"hp": 254, "atk": 104, "def": 224, "spa": 249, "spd": 180, "spe": 164}, "types": ["Grass", "Ghost"]}}]}