{"id": "gen9randombattle-2642170053", "format": "[Gen 9] Random Battle", "players": ["Theburgerking14", "Alexspitzcharles"], "log": "|j|\u2606Theburgerking14\n|j|\u2606Alexspitzcharles\n|t:|1782904651\n|gametype|singles\n|player|p1|Theburgerking14|101|1977\n|player|p2|Alexspitzcharles|101|2011\n|gen|9\n|tier|[Gen 9] Random Battle\n|rated|\n|rule|Species Clause: Limit one of each Pok\u00e9mon\n|rule|HP Percentage Mod: HP is shown in percentages\n|rule|Sleep Clause Mod: Limit one foe put to sleep\n|rule|Illusion Level Mod: Illusion disguises the Pok\u00e9mon's true level\n|\n|t:|1782904651\n|teamsize|p1|6\n|teamsize|p2|6\n|start\n|switch|p1a: Ting-Lu|Ting-Lu, L78|370/370\n|switch|p2a: Zarude|Zarude-Dada, L77|288/288\n|-ability|p1a: Ting-Lu|Vessel of Ruin\n|turn|1\n|inactive|Battle timer is ON: inactive players will automatically lose when time's up. (requested by Theburgerking14)\n|\n|t:|1782904668\n|move|p2a: Zarude|Swords Dance|p2a: Zarude\n|-boost|p2a: Zarude|atk|2\n|move|p1a: Ting-Lu|Stealth Rock|p2a: Zarude\n|-sidestart|p2: Alexspitzcharles|move: Stealth Rock\n|\n|upkeep\n|turn|2\n|\n|t:|1782904676\n|switch|p1a: Ampharos|Ampharos, L88, F|302/302\n|move|p2a: Zarude|Close Combat|p1a: Ampharos\n|-damage|p1a: Ampharos|98/302\n|-unboost|p2a: Zarude|def|1\n|-unboost|p2a: Zarude|spd|1\n|-status|p2a: Zarude|par|[from] ability: Static|[of] p1a: Ampharos\n|-damage|p2a: Zarude|260/288 par|[from] item: Life Orb\n|\n|upkeep\n|turn|3\n|\n|t:|1782904688\n|move|p1a: Ampharos|Dazzling Gleam|p2a: Zarude\n|-supereffective|p2a: Zarude\n|-damage|p2a: Zarude|0 fnt\n|faint|p2a: Zarude\n|\n|upkeep\n|\n|t:|1782904698\n|switch|p2a: Swampert|Swampert, L83, F|302/302\n|-damage|p2a: Swampert|284/302|[from] Stealth Rock\n|turn|4\n|\n|t:|1782904721\n|switch|p1a: Chien-Pao|Chien-Pao, L72|234/234\n|-ability|p1a: Chien-Pao|Sword of Ruin\n|move|p2a: Swampert|Earthquake|p1a: Chien-Pao\n|-damage|p1a: Chien-Pao|102/234\n|\n|-heal|p2a: Swampert|302/302|[from] item: Leftovers\n|upkeep\n|turn|5\n|\n|t:|1782904731\n|switch|p2a: Dondozo|Dondozo, L78, M|362/362\n|-damage|p2a: Dondozo|317/362|[from] Stealth Rock\n|move|p1a: Chien-Pao|Icicle Crash|p2a: Dondozo\n|-resisted|p2a: Dondozo\n|-damage|p2a: Dondozo|253/362\n|\n|-heal|p2a: Dondozo|275/362|[from] item: Leftovers\n|upkeep\n|turn|6\n|\n|t:|1782904754\n|switch|p1a: Ampharos|Ampharos, L88, F|98/302\n|move|p2a: Dondozo|Wave Crash|p1a: Ampharos\n|-damage|p1a: Ampharos|0 fnt\n|faint|p1a: Ampharos\n|-damage|p2a: Dondozo|243/362|[from] Recoil\n|\n|-heal|p2a: Dondozo|265/362|[from] item: Leftovers\n|upkeep\n|\n|t:|1782904759\n|switch|p1a: Toxtricity|Toxtricity, L82, M|257/257\n|turn|7\n|\n|t:|1782904775\n|switch|p2a: Swampert|Swampert, L83, F|302/302\n|-damage|p2a: Swampert|284/302|[from] Stealth Rock\n|move|p1a: Toxtricity|Shift Gear|p1a: Toxtricity\n|-boost|p1a: Toxtricity|spe|2\n|-boost|p1a: Toxtricity|atk|1\n|\n|-heal|p2a: Swampert|302/302|[from] item: Leftovers\n|upkeep\n|turn|8\n|\n|t:|1782904786\n|-terastallize|p1a: Toxtricity|Normal\n|move|p1a: Toxtricity|Boomburst|p2a: Swampert\n|-crit|p2a: Swampert\n|-damage|p2a: Swampert|2/302\n|-enditem|p1a: Toxtricity|Throat Spray\n|-boost|p1a: Toxtricity|spa|1|[from] item: Throat Spray\n|move|p2a: Swampert|Earthquake|p1a: Toxtricity\n|-damage|p1a: Toxtricity|118/257\n|\n|-heal|p2a: Swampert|20/302|[from] item: Leftovers\n|upkeep\n|turn|9\n|\n|t:|1782904805\n|move|p1a: Toxtricity|Boomburst|p2a: Swampert\n|-damage|p2a: Swampert|0 fnt\n|faint|p2a: Swampert\n|\n|upkeep\n|\n|t:|1782904811\n|switch|p2a: Scovillain|Scovillain, L91, F|266/266\n|-damage|p2a: Scovillain|200/266|[from] Stealth Rock\n|turn|10\n|\n|t:|1782904819\n|move|p1a: Toxtricity|Gunk Shot|p2a: Scovillain\n|-supereffective|p2a: Scovillain\n|-damage|p2a: Scovillain|0 fnt\n|faint|p2a: Scovillain\n|\n|upkeep\n|\n|t:|1782904834\n|switch|p2a: Bastiodon|Bastiodon, L89, M|252/252\n|-damage|p2a: Bastiodon|237/252|[from] Stealth Rock\n|turn|11\n|\n|t:|1782904846\n|move|p1a: Toxtricity|Overdrive|p2a: Bastiodon\n|-immune|p2a: Bastiodon|[from] ability: Soundproof\n|move|p2a: Bastiodon|Body Press|p1a: Toxtricity\n|-supereffective|p1a: Toxtricity\n|-damage|p1a: Toxtricity|0 fnt\n|faint|p1a: Toxtricity\n|\n|upkeep\n|\n|t:|1782904862\n|switch|p1a: Chien-Pao|Chien-Pao, L72|102/234\n|-ability|p1a: Chien-Pao|Sword of Ruin\n|turn|12\n|\n|t:|1782904879\n|switch|p2a: Enamorus|Enamorus-Therian, L83, F|259/259\n|-damage|p2a: Enamorus|195/259|[from] Stealth Rock\n|move|p1a: Chien-Pao|Sacred Sword|p2a: Enamorus\n|-resisted|p2a: Enamorus\n|-damage|p2a: Enamorus|171/259\n|\n|upkeep\n|turn|13\n|\n|t:|1782904890\n|switch|p1a: Cobalion|Cobalion, L80|277/277\n|move|p2a: Enamorus|Moonblast|p1a: Cobalion\n|-damage|p1a: Cobalion|126/277\n|\n|-heal|p1a: Cobalion|143/277|[from] item: Leftovers\n|upkeep\n|turn|14\n|\n|t:|1782904920\n|switch|p2a: Dondozo|Dondozo, L78, M|265/362\n|-damage|p2a: Dondozo|220/362|[from] Stealth Rock\n|move|p1a: Cobalion|Iron Head|p2a: Dondozo\n|-resisted|p2a: Dondozo\n|-damage|p2a: Dondozo|190/362\n|\n|-heal|p1a: Cobalion|160/277|[from] item: Leftovers\n|-heal|p2a: Dondozo|212/362|[from] item: Leftovers\n|upkeep\n|turn|15\n|\n|t:|1782904926\n|move|p1a: Cobalion|Taunt|p2a: Dondozo\n|-start|p2a: Dondozo|move: Taunt\n|cant|p2a: Dondozo|move: Taunt|Curse\n|\n|-heal|p1a: Cobalion|177/277|[from] item: Leftovers\n|-heal|p2a: Dondozo|234/362|[from] item: Leftovers\n|upkeep\n|turn|16\n|\n|t:|1782904936\n|switch|p1a: Lugia|Lugia, L73|275/275\n|move|p2a: Dondozo|Wave Crash|p1a: Lugia\n|-damage|p1a: Lugia|231/275\n|-damage|p2a: Dondozo|219/362|[from] Recoil\n|\n|-heal|p2a: Dondozo|241/362|[from] item: Leftovers\n|upkeep\n|turn|17\n|\n|t:|1782904957\n|switch|p2a: Enamorus|Enamorus-Therian, L83, F|171/259\n|-damage|p2a: Enamorus|107/259|[from] Stealth Rock\n|move|p1a: Lugia|Aeroblast|p2a: Enamorus\n|-damage|p2a: Enamorus|64/259\n|\n|upkeep\n|turn|18\n|\n|t:|1782904962\n|move|p1a: Lugia|Aeroblast|p2a: Enamorus\n|-damage|p2a: Enamorus|16/259\n|move|p2a: Enamorus|Moonblast|p1a: Lugia\n|-damage|p1a: Lugia|131/275\n|-unboost|p1a: Lugia|spa|1\n|\n|upkeep\n|turn|19\n|\n|t:|1782904978\n|move|p1a: Lugia|Aeroblast|p2a: Enamorus\n|-damage|p2a: Enamorus|0 fnt\n|faint|p2a: Enamorus\n|\n|upkeep\n|\n|t:|1782904980\n|switch|p2a: Bastiodon|Bastiodon, L89, M|237/252\n|-damage|p2a: Bastiodon|222/252|[from] Stealth Rock\n|turn|20\n|\n|t:|1782904996\n|switch|p1a: Cobalion|Cobalion, L80|177/277\n|-terastallize|p2a: Bastiodon|Fighting\n|move|p2a: Bastiodon|Iron Defense|p2a: Bastiodon\n|-boost|p2a: Bastiodon|def|2\n|\n|-heal|p1a: Cobalion|194/277|[from] item: Leftovers\n|upkeep\n|turn|21\n|\n|t:|1782905007\n|move|p1a: Cobalion|Taunt|p2a: Bastiodon\n|-start|p2a: Bastiodon|move: Taunt\n|move|p2a: Bastiodon|Body Press|p1a: Cobalion\n|-supereffective|p1a: Cobalion\n|-damage|p1a: Cobalion|0 fnt\n|faint|p1a: Cobalion\n|\n|upkeep\n|\n|t:|1782905027\n|switch|p1a: Lugia|Lugia, L73|131/275\n|turn|22\n|\n|t:|1782905030\n|move|p1a: Lugia|Aeroblast|p2a: Bastiodon\n|-supereffective|p2a: Bastiodon\n|-damage|p2a: Bastiodon|126/252\n|move|p2a: Bastiodon|Foul Play|p1a: Lugia\n|-supereffective|p1a: Lugia\n|-damage|p1a: Lugia|55/275\n|\n|upkeep\n|turn|23\n|\n|t:|1782905040\n|move|p1a: Lugia|Recover|p1a: Lugia\n|-heal|p1a: Lugia|193/275\n|move|p2a: Bastiodon|Foul Play|p1a: Lugia\n|-supereffective|p1a: Lugia\n|-damage|p1a: Lugia|113/275\n|\n|-end|p2a: Bastiodon|move: Taunt\n|upkeep\n|turn|24\n|\n|t:|1782905049\n|move|p1a: Lugia|Recover|p1a: Lugia\n|-heal|p1a: Lugia|251/275\n|move|p2a: Bastiodon|Rest|p2a: Bastiodon\n|-status|p2a: Bastiodon|slp|[from] move: Rest\n|-heal|p2a: Bastiodon|252/252 slp|[silent]\n|-enditem|p2a: Bastiodon|Chesto Berry|[eat]\n|-curestatus|p2a: Bastiodon|slp|[msg]\n|\n|upkeep\n|turn|25\n|\n|t:|1782905056\n|move|p1a: Lugia|Calm Mind|p1a: Lugia\n|-boost|p1a: Lugia|spa|1\n|-boost|p1a: Lugia|spd|1\n|move|p2a: Bastiodon|Foul Play|p1a: Lugia\n|-supereffective|p1a: Lugia\n|-damage|p1a: Lugia|169/275\n|\n|upkeep\n|turn|26\n|\n|t:|1782905085\n|move|p1a: Lugia|Recover|p1a: Lugia\n|-heal|p1a: Lugia|275/275\n|move|p2a: Bastiodon|Foul Play|p1a: Lugia\n|-supereffective|p1a: Lugia\n|-damage|p1a: Lugia|235/275\n|\n|upkeep\n|turn|27\n|\n|t:|1782905090\n|move|p1a: Lugia|Calm Mind|p1a: Lugia\n|-boost|p1a: Lugia|spa|1\n|-boost|p1a: Lugia|spd|1\n|move|p2a: Bastiodon|Foul Play|p1a: Lugia\n|-supereffective|p1a: Lugia\n|-damage|p1a: Lugia|151/275\n|\n|upkeep\n|turn|28\n|\n|t:|1782905093\n|move|p1a: Lugia|Recover|p1a: Lugia\n|-heal|p1a: Lugia|275/275\n|move|p2a: Bastiodon|Foul Play|p1a: Lugia\n|-supereffective|p1a: Lugia\n|-damage|p1a: Lugia|234/275\n|\n|upkeep\n|turn|29\n|\n|t:|1782905098\n|switch|p2a: Dondozo|Dondozo, L78, M|241/362\n|-damage|p2a: Dondozo|196/362|[from] Stealth Rock\n|move|p1a: Lugia|Aeroblast|p2a: Dondozo\n|-damage|p2a: Dondozo|90/362\n|\n|-heal|p2a: Dondozo|112/362|[from] item: Leftovers\n|upkeep\n|turn|30\n|\n|t:|1782905105\n|move|p1a: Lugia|Aeroblast|p2a: Dondozo\n|-damage|p2a: Dondozo|12/362\n|move|p2a: Dondozo|Rest|p2a: Dondozo\n|-status|p2a: Dondozo|slp|[from] move: Rest\n|-heal|p2a: Dondozo|362/362 slp|[silent]\n|\n|upkeep\n|turn|31\n|\n|t:|1782905119\n|move|p1a: Lugia|Earth Power|p2a: Dondozo\n|-damage|p2a: Dondozo|303/362 slp\n|cant|p2a: Dondozo|slp\n|move|p2a: Dondozo|Sleep Talk|p2a: Dondozo\n|move|p2a: Dondozo|Wave Crash|p1a: Lugia|[from] move: Sleep Talk\n|-damage|p1a: Lugia|138/275\n|-damage|p2a: Dondozo|271/362 slp|[from] Recoil\n|\n|-heal|p2a: Dondozo|293/362 slp|[from] item: Leftovers\n|upkeep\n|turn|32\n|\n|t:|1782905129\n|move|p1a: Lugia|Earth Power|p2a: Dondozo\n|-damage|p2a: Dondozo|228/362 slp\n|cant|p2a: Dondozo|slp\n|move|p2a: Dondozo|Sleep Talk|p2a: Dondozo\n|move|p2a: Dondozo|Curse|p2a: Dondozo|[from] move: Sleep Talk\n|-unboost|p2a: Dondozo|spe|1\n|-boost|p2a: Dondozo|atk|1\n|-boost|p2a: Dondozo|def|1\n|\n|-heal|p2a: Dondozo|250/362 slp|[from] item: Leftovers\n|upkeep\n|turn|33\n|\n|t:|1782905136\n|move|p1a: Lugia|Earth Power|p2a: Dondozo\n|-damage|p2a: Dondozo|192/362 slp\n|-curestatus|p2a: Dondozo|slp|[msg]\n|move|p2a: Dondozo|Rest|p2a: Dondozo\n|-status|p2a: Dondozo|slp|[from] move: Rest\n|-heal|p2a: Dondozo|362/362 slp|[silent]\n|\n|upkeep\n|turn|34\n|inactive|Theburgerking14 has 120 seconds left.\n|inactive|Theburgerking14 has 90 seconds left.\n|inactive|Theburgerking14 has 60 seconds left.\n|inactive|Theburgerking14 has 30 seconds left.\n|inactive|Theburgerking14 has 20 seconds left.\n|\n|t:|1782905271\n|move|p1a: Lugia|Earth Power|p2a: Dondozo\n|-damage|p2a: Dondozo|296/362 slp\n|-unboost|p2a: Dondozo|spd|1\n|cant|p2a: Dondozo|slp\n|move|p2a: Dondozo|Sleep Talk|p2a: Dondozo\n|move|p2a: Dondozo|Curse|p2a: Dondozo|[from] move: Sleep Talk\n|-unboost|p2a: Dondozo|spe|1\n|-boost|p2a: Dondozo|atk|1\n|-boost|p2a: Dondozo|def|1\n|\n|-heal|p2a: Dondozo|318/362 slp|[from] item: Leftovers\n|upkeep\n|turn|35\n|inactive|Theburgerking14 has 30 seconds left this turn.\n|\n|t:|1782905296\n|move|p1a: Lugia|Earth Power|p2a: Dondozo\n|-damage|p2a: Dondozo|218/362 slp\n|cant|p2a: Dondozo|slp\n|move|p2a: Dondozo|Sleep Talk|p2a: Dondozo\n|move|p2a: Dondozo|Rest||[from] move: Sleep Talk|[still]\n|-fail|p2a: Dondozo\n|\n|-heal|p2a: Dondozo|240/362 slp|[from] item: Leftovers\n|upkeep\n|turn|36\n|inactive|Theburgerking14 has 30 seconds left.\n|l|\u2606Theburgerking14\n|inactive|Theburgerking14 disconnected and has a minute to reconnect!\n|player|p1|\n|inactive|Theburgerking14 has 20 seconds left.\n|inactive|Theburgerking14 has 15 seconds left.\n|inactive|Theburgerking14 has 10 seconds left.\n|inactive|Theburgerking14 has 5 seconds left.\n|-message|Theburgerking14 lost due to inactivity.\n|\n|win|Alexspitzcharles\n|raw|Theburgerking14's rating: 1931 &rarr; <strong>1914</strong><br />(-17 for losing)\n|raw|Alexspitzcharles's rating: 1992 &rarr; <strong>2009</strong><br />(+17 for winning)\n", "inputlog": ">version f8ac14003a5f27e1bdc8d8c59608a773c1cb96e5\n>start {\"formatid\":\"gen9randombattle\",\"seed\":\"sodium,8890d7ecb2ff878944e383cd176c66de\",\"rated\":\"Rated battle\"}\n>player p1 {\"name\":\"Theburgerking14\",\"avatar\":\"101\",\"rating\":1977,\"seed\":\"sodium,e811f3783780ec40baa2864df13b6fe7\"}\n>player p2 {\"name\":\"Alexspitzcharles\",\"avatar\":\"101\",\"rating\":2011,\"seed\":\"sodium,c34eae45df3940b145ee6d3df1435b83\"}\n>p1 move stealthrock\n>p2 move swordsdance\n>p1 switch 4\n>p2 move closecombat\n>p1 move dazzlinggleam\n>p2 move knockoff\n>p2 switch 5\n>p1 switch 5\n>p2 move earthquake\n>p1 move iciclecrash\n>p2 switch 2\n>p1 switch 5\n>p2 move wavecrash\n>p1 switch 2\n>p1 move shiftgear\n>p2 switch 2\n>p1 move boomburst terastallize\n>p2 move earthquake\n>p1 move boomburst\n>p2 move earthquake\n>p2 switch 6\n>p1 move gunkshot\n>p2 move leechseed\n>p2 switch 3\n>p1 move overdrive\n>p2 move bodypress\n>p1 switch 5\n>p1 move sacredsword\n>p2 switch 4\n>p1 switch 6\n>p2 move moonblast\n>p1 move ironhead\n>p2 switch 2\n>p1 move taunt\n>p2 move curse\n>p1 switch 3\n>p2 move wavecrash\n>p1 move aeroblast\n>p2 switch 2\n>p1 move aeroblast\n>p2 move moonblast\n>p1 move aeroblast\n>p2 move moonblast\n>p2 switch 4\n>p1 switch 3\n>p2 move irondefense terastallize\n>p1 move taunt\n>p2 move bodypress\n>p1 switch 3\n>p1 move aeroblast\n>p2 move foulplay\n>p1 move recover\n>p2 move foulplay\n>p1 move recover\n>p2 move rest\n>p1 move calmmind\n>p2 move foulplay\n>p1 move recover\n>p2 move foulplay\n>p1 move calmmind\n>p2 move foulplay\n>p1 move recover\n>p2 move foulplay\n>p1 move aeroblast\n>p2 switch 2\n>p1 move aeroblast\n>p2 move rest\n>p1 move earthpower\n>p2 move sleeptalk\n>p1 move earthpower\n>p2 move sleeptalk\n>p1 move earthpower\n>p2 move rest\n>p1 move earthpower\n>p2 move sleeptalk\n>p1 move earthpower\n>p2 move sleeptalk\n>forcelose p1", "uploadtime": 1782905336, "views": 3, "formatid": "gen9randombattle", "rating": 1914, "private": 0, "password": null, "player_dets": [{"name": "Theburgerking14", "avatar": "101", "rating": 1977, "seed": "sodium,e811f3783780ec40baa2864df13b6fe7"}, {"name": "Alexspitzcharles", "avatar": "101", "rating": 2011, "seed": "sodium,c34eae45df3940b145ee6d3df1435b83"}], "teams_full": [{"Ting-Lu": {"name": "Ting-Lu", "species": "Ting-Lu", "speciesId": "tinglu", "gender": "N", "shiny": false, "level": 78, "moves": ["throatchop", "earthquake", "stealthrock", "spikes"], "ability": "Vessel of Ruin", "evs": {"hp": 85, "atk": 85, "def": 85, "spa": 85, "spd": 85, "spe": 85}, "ivs": {"hp": 31, "atk": 31, "def": 31, "spa": 31, "spd": 31, "spe": 31}, "item": "Leftovers", "teraType": "Poison", "role": "Bulky Support", "bvs": {"hp": 155, "atk": 110, "def": 125, "spa": 55, "spd": 80, "spe": 45}, "stats": {"hp": 370, "atk": 217, "def": 240, "spa": 131, "spd": 170, "spe": 115}, "types": ["Dark", "Ground"]}, "Toxtricity": {"name": "Toxtricity", "species": "Toxtricity", "speciesId": "toxtricity", "gender": "M", "shiny": false, "level": 82, "moves": ["boomburst", "shiftgear", "overdrive", "gunkshot"], "ability": "Punk Rock", "evs": {"hp": 85, "atk": 85, "def": 85, "spa": 85, "spd": 85, "spe": 85}, "ivs": {"hp": 31, "atk": 31, "def": 31, "spa": 31, "spd": 31, "spe": 31}, "item": "Throat Spray", "teraType": "Normal", "role": "Setup Sweeper", "bvs": {"hp": 75, "atk": 98, "def": 70, "spa": 114, "spd": 70, "spe": 75}, "stats": {"hp": 257, "atk": 208, "def": 162, "spa": 234, "spd": 162, "spe": 170}, "types": ["Electric", "Poison"]}, "Lugia": {"name": "Lugia", "species": "Lugia", "speciesId": "lugia", "gender": "N", "shiny": false, "level": 73, "moves": ["aeroblast", "earthpower", "recover", "calmmind"], "ability": "Multiscale", "evs": {"hp": 85, "atk": 0, "def": 85, "spa": 85, "spd": 85, "spe": 85}, "ivs": {"hp": 31, "atk": 0, "def": 31, "spa": 31, "spd": 31, "spe": 31}, "item": "Heavy-Duty Boots", "teraType": "Steel", "role": "Bulky Setup", "bvs": {"hp": 106, "atk": 90, "def": 130, "spa": 90, "spd": 154, "spe": 110}, "stats": {"hp": 275, "atk": 136, "def": 232, "spa": 174, "spd": 267, "spe": 203}, "types": ["Psychic", "Flying"]}, "Ampharos": {"name": "Ampharos", "species": "Ampharos", "speciesId": "ampharos", "gender": "F", "shiny": false, "level": 88, "moves": ["focusblast", "dazzlinggleam", "voltswitch", "thunderbolt"], "ability": "Static", "evs": {"hp": 85, "atk": 0, "def": 85, "spa": 85, "spd": 85, "spe": 85}, "ivs": {"hp": 31, "atk": 0, "def": 31, "spa": 31, "spd": 31, "spe": 31}, "item": "Choice Specs", "teraType": "Fairy", "role": "Wallbreaker", "bvs": {"hp": 90, "atk": 75, "def": 85, "spa": 115, "spd": 90, "spe": 55}, "stats": {"hp": 302, "atk": 137, "def": 200, "spa": 253, "spd": 209, "spe": 147}, "types": ["Electric"]}, "Chien-Pao": {"name": "Chien-Pao", "species": "Chien-Pao", "speciesId": "chienpao", "gender": "N", "shiny": false, "level": 72, "moves": ["iceshard", "crunch", "sacredsword", "iciclecrash"], "ability": "Sword of Ruin", "evs": {"hp": 85, "atk": 85, "def": 85, "spa": 85, "spd": 85, "spe": 85}, "ivs": {"hp": 31, "atk": 31, "def": 31, "spa": 31, "spd": 31, "spe": 31}, "item": "Choice Band", "teraType": "Fighting", "role": "Wallbreaker", "bvs": {"hp": 80, "atk": 120, "def": 80, "spa": 90, "spd": 65, "spe": 135}, "stats": {"hp": 234, "atk": 215, "def": 157, "spa": 172, "spd": 136, "spe": 236}, "types": ["Dark", "Ice"]}, "Cobalion": {"name": "Cobalion", "species": "Cobalion", "speciesId": "cobalion", "gender": "N", "shiny": false, "level": 80, "moves": ["closecombat", "ironhead", "swordsdance", "taunt"], "ability": "Justified", "evs": {"hp": 85, "atk": 85, "def": 85, "spa": 85, "spd": 85, "spe": 85}, "ivs": {"hp": 31, "atk": 31, "def": 31, "spa": 31, "spd": 31, "spe": 31}, "item": "Leftovers", "teraType": "Fighting", "role": "Fast Bulky Setup", "bvs": {"hp": 91, "atk": 90, "def": 129, "spa": 90, "spd": 72, "spe": 108}, "stats": {"hp": 277, "atk": 190, "def": 253, "spa": 190, "spd": 161, "spe": 219}, "types": ["Steel", "Fighting"]}}, {"Zarude": {"name": "Zarude", "species": "Zarude-Dada", "speciesId": "zarude", "gender": "N", "shiny": false, "level": 77, "moves": ["swordsdance", "closecombat", "knockoff", "powerwhip"], "ability": "Leaf Guard", "evs": {"hp": 85, "atk": 85, "def": 85, "spa": 85, "spd": 85, "spe": 85}, "ivs": {"hp": 31, "atk": 31, "def": 31, "spa": 31, "spd": 31, "spe": 31}, "item": "Life Orb", "teraType": "Fighting", "role": "Fast Bulky Setup", "bvs": {"hp": 105, "atk": 120, "def": 105, "spa": 70, "spd": 95, "spe": 105}, "stats": {"hp": 288, "atk": 229, "def": 206, "spa": 152, "spd": 191, "spe": 206}, "types": ["Dark", "Grass"]}, "Dondozo": {"name": "Dondozo", "species": "Dondozo", "speciesId": "dondozo", "gender": "M", "shiny": false, "level": 78, "moves": ["curse", "wavecrash", "sleeptalk", "rest"], "ability": "Unaware", "evs": {"hp": 85, "atk": 85, "def": 85, "spa": 85, "spd": 85, "spe": 85}, "ivs": {"hp": 31, "atk": 31, "def": 31, "spa": 31, "spd": 31, "spe": 31}, "item": "Leftovers", "teraType": "Fairy", "role": "Bulky Setup", "bvs": {"hp": 150, "atk": 100, "def": 115, "spa": 65, "spd": 65, "spe": 35}, "stats": {"hp": 362, "atk": 201, "def": 224, "spa": 146, "spd": 146, "spe": 100}, "types": ["Water"]}, "Bastiodon": {"name": "Bastiodon", "species": "Bastiodon", "speciesId": "bastiodon", "gender": "M", "shiny": false, "level": 89, "moves": ["irondefense", "foulplay", "bodypress", "rest"], "ability": "Soundproof", "evs": {"hp": 85, "atk": 0, "def": 85, "spa": 85, "spd": 85, "spe": 85}, "ivs": {"hp": 31, "atk": 0, "def": 31, "spa": 31, "spd": 31, "spe": 31}, "item": "Chesto Berry", "teraType": "Fighting", "role": "Bulky Setup", "bvs": {"hp": 60, "atk": 52, "def": 168, "spa": 47, "spd": 138, "spe": 30}, "stats": {"hp": 252, "atk": 97, "def": 350, "spa": 134, "spd": 296, "spe": 104}, "types": ["Rock", "Steel"]}, "Enamorus": {"name": "Enamorus", "species": "Enamorus-Therian", "speciesId": "enamorustherian", "gender": "F", "shiny": false, "level": 83, "moves": ["earthpower", "psychic", "superpower", "moonblast"], "ability": "Overcoat", "evs": {"hp": 85, "atk": 85, "def": 85, "spa": 85, "spd": 85, "spe": 85}, "ivs": {"hp": 31, "atk": 31, "def": 31, "spa": 31, "spd": 31, "spe": 31}, "item": "Assault Vest", "teraType": "Ground", "role": "Bulky Attacker", "bvs": {"hp": 74, "atk": 115, "def": 110, "spa": 135, "spd": 100, "spe": 46}, "stats": {"hp": 259, "atk": 239, "def": 230, "spa": 272, "spd": 214, "spe": 124}, "types": ["Fairy", "Flying"]}, "Swampert": {"name": "Swampert", "species": "Swampert", "speciesId": "swampert", "gender": "F", "shiny": false, "level": 83, "moves": ["knockoff", "yawn", "earthquake", "flipturn"], "ability": "Torrent", "evs": {"hp": 85, "atk": 85, "def": 85, "spa": 85, "spd": 85, "spe": 85}, "ivs": {"hp": 31, "atk": 31, "def": 31, "spa": 31, "spd": 31, "spe": 31}, "item": "Leftovers", "teraType": "Steel", "role": "Bulky Support", "bvs": {"hp": 100, "atk": 110, "def": 90, "spa": 85, "spd": 90, "spe": 60}, "stats": {"hp": 302, "atk": 230, "def": 197, "spa": 189, "spd": 197, "spe": 147}, "types": ["Water", "Ground"]}, "Scovillain": {"name": "Scovillain", "species": "Scovillain", "speciesId": "scovillain", "gender": "F", "shiny": false, "level": 91, "moves": ["substitute", "leechseed", "flamethrower", "protect"], "ability": "Chlorophyll", "evs": {"hp": 85, "atk": 0, "def": 85, "spa": 85, "spd": 85, "spe": 85}, "ivs": {"hp": 31, "atk": 0, "def": 31, "spa": 31, "spd": 31, "spe": 31}, "item": "Leftovers", "teraType": "Steel", "role": "Bulky Attacker", "bvs": {"hp": 65, "atk": 108, "def": 65, "spa": 108, "spd": 65, "spe": 75}, "stats": {"hp": 266, "atk": 201, "def": 170, "spa": 248, "spd": 170, "spe": 188}, "types": ["Grass", "Fire"]}}]}