{"id": "gen9randombattle-2641820441", "format": "[Gen 9] Random Battle", "players": ["Izyaan", "polishorr"], "log": "|j|\u2606Izyaan\n|j|\u2606polishorr\n|t:|1782845860\n|gametype|singles\n|player|p1|Izyaan|psychic-gen4|1195\n|player|p2|polishorr|266|1162\n|gen|9\n|tier|[Gen 9] Random Battle\n|rated|\n|rule|Species Clause: Limit one of each Pok\u00e9mon\n|rule|HP Percentage Mod: HP is shown in percentages\n|rule|Sleep Clause Mod: Limit one foe put to sleep\n|rule|Illusion Level Mod: Illusion disguises the Pok\u00e9mon's true level\n|\n|t:|1782845860\n|teamsize|p1|6\n|teamsize|p2|6\n|start\n|switch|p1a: Terapagos|Terapagos, L77, F|265/265\n|switch|p2a: Corviknight|Corviknight, L80, F|288/288\n|-activate|p1a: Terapagos|ability: Tera Shift\n|detailschange|p1a: Terapagos|Terapagos-Terastal, L77, F\n|-heal|p1a: Terapagos|273/273|[silent]\n|-ability|p2a: Corviknight|Pressure\n|turn|1\n|inactive|Battle timer is ON: inactive players will automatically lose when time's up. (requested by polishorr)\n|\n|t:|1782845880\n|move|p1a: Terapagos|Calm Mind|p1a: Terapagos\n|-boost|p1a: Terapagos|spa|1\n|-boost|p1a: Terapagos|spd|1\n|move|p2a: Corviknight|Body Press|p1a: Terapagos\n|-activate|p1a: Terapagos|ability: Tera Shell\n|-resisted|p1a: Terapagos\n|-damage|p1a: Terapagos|247/273\n|\n|upkeep\n|turn|2\n|\n|t:|1782845888\n|move|p1a: Terapagos|Calm Mind|p1a: Terapagos\n|-boost|p1a: Terapagos|spa|1\n|-boost|p1a: Terapagos|spd|1\n|move|p2a: Corviknight|Body Press|p1a: Terapagos\n|-supereffective|p1a: Terapagos\n|-damage|p1a: Terapagos|151/273\n|\n|upkeep\n|turn|3\n|\n|t:|1782845908\n|-terastallize|p1a: Terapagos|Stellar\n|detailschange|p1a: Terapagos|Terapagos-Stellar, L77, F, tera:Stellar\n|-heal|p1a: Terapagos|251/373|[silent]\n|move|p1a: Terapagos|Tera Starstorm|p2a: Corviknight\n|-damage|p2a: Corviknight|72/288\n|move|p2a: Corviknight|Body Press|p1a: Terapagos\n|-supereffective|p1a: Terapagos\n|-damage|p1a: Terapagos|143/373\n|\n|-heal|p2a: Corviknight|90/288|[from] item: Leftovers\n|upkeep\n|turn|4\n|\n|t:|1782845923\n|move|p1a: Terapagos|Tera Starstorm|p2a: Corviknight\n|-damage|p2a: Corviknight|0 fnt\n|faint|p2a: Corviknight\n|\n|upkeep\n|\n|t:|1782845939\n|switch|p2a: Umbreon|Umbreon, L84, F|297/297\n|turn|5\n|\n|t:|1782845942\n|move|p1a: Terapagos|Tera Starstorm|p2a: Umbreon\n|-damage|p2a: Umbreon|127/297\n|move|p2a: Umbreon|Toxic|p1a: Terapagos\n|-status|p1a: Terapagos|tox\n|\n|-heal|p2a: Umbreon|145/297|[from] item: Leftovers\n|-damage|p1a: Terapagos|120/373 tox|[from] psn\n|upkeep\n|turn|6\n|\n|t:|1782845950\n|move|p2a: Umbreon|Protect|p2a: Umbreon\n|-singleturn|p2a: Umbreon|Protect\n|move|p1a: Terapagos|Tera Starstorm|p2a: Umbreon\n|-activate|p2a: Umbreon|move: Protect\n|\n|-heal|p2a: Umbreon|163/297|[from] item: Leftovers\n|-damage|p1a: Terapagos|74/373 tox|[from] psn\n|upkeep\n|turn|7\n|\n|t:|1782845959\n|move|p1a: Terapagos|Tera Starstorm|p2a: Umbreon\n|-crit|p2a: Umbreon\n|-damage|p2a: Umbreon|0 fnt\n|faint|p2a: Umbreon\n|\n|-damage|p1a: Terapagos|5/373 tox|[from] psn\n|upkeep\n|\n|t:|1782845971\n|switch|p2a: Banette|Banette, L93, M|270/270\n|turn|8\n|\n|t:|1782845976\n|move|p1a: Terapagos|Tera Starstorm|p2a: Banette\n|-damage|p2a: Banette|22/270\n|move|p2a: Banette|Swords Dance|p2a: Banette\n|-boost|p2a: Banette|atk|2\n|\n|-damage|p1a: Terapagos|0 fnt|[from] psn\n|faint|p1a: Terapagos\n|detailschange|p1: Terapagos|Terapagos, L77, F|[silent]\n|upkeep\n|\n|t:|1782845998\n|switch|p1a: Shaymin|Shaymin, L82|298/298\n|turn|9\n|\n|t:|1782846006\n|move|p2a: Banette|Shadow Sneak|p1a: Shaymin\n|-damage|p1a: Shaymin|165/298\n|-damage|p2a: Banette|0 fnt|[from] item: Life Orb\n|faint|p2a: Banette\n|move|p1a: Shaymin|Leech Seed|p2: Banette|[notarget]\n|-fail|p1a: Shaymin\n|\n|-heal|p1a: Shaymin|183/298|[from] item: Leftovers\n|upkeep\n|\n|t:|1782846024\n|switch|p2a: Delibird|Delibird, M|252/252\n|turn|10\n|\n|t:|1782846032\n|move|p1a: Shaymin|Seed Flare|p2a: Delibird\n|-resisted|p2a: Delibird\n|-damage|p2a: Delibird|167/252\n|-unboost|p2a: Delibird|spd|2\n|move|p2a: Delibird|Ice Spinner|p1a: Shaymin\n|-supereffective|p1a: Shaymin\n|-damage|p1a: Shaymin|0 fnt\n|faint|p1a: Shaymin\n|\n|upkeep\n|\n|t:|1782846043\n|switch|p1a: Revavroom|Revavroom, L79, F|256/256\n|turn|11\n|\n|t:|1782846049\n|move|p2a: Delibird|Drill Run|p1a: Revavroom\n|-supereffective|p1a: Revavroom\n|-damage|p1a: Revavroom|25/256\n|move|p1a: Revavroom|Shift Gear|p1a: Revavroom\n|-boost|p1a: Revavroom|spe|2\n|-boost|p1a: Revavroom|atk|1\n|\n|upkeep\n|turn|12\n|\n|t:|1782846058\n|move|p1a: Revavroom|Iron Head|p2a: Delibird\n|-supereffective|p2a: Delibird\n|-damage|p2a: Delibird|0 fnt\n|faint|p2a: Delibird\n|-damage|p1a: Revavroom|0 fnt|[from] item: Life Orb\n|faint|p1a: Revavroom\n|\n|upkeep\n|\n|t:|1782846065\n|switch|p2a: Spectrier|Spectrier, L75|274/274\n|switch|p1a: Froslass|Froslass, L87, F|263/263\n|turn|13\n|\n|t:|1782846079\n|-terastallize|p2a: Spectrier|Dark\n|move|p1a: Froslass|Poltergeist|p2a: Spectrier\n|-activate|p2a: Spectrier|move: Poltergeist|Life Orb\n|-resisted|p2a: Spectrier\n|-damage|p2a: Spectrier|193/274\n|move|p2a: Spectrier|Dark Pulse|p1a: Froslass\n|-supereffective|p1a: Froslass\n|-damage|p1a: Froslass|0 fnt\n|faint|p1a: Froslass\n|-ability|p2a: Spectrier|Grim Neigh|boost\n|-boost|p2a: Spectrier|spa|1\n|-damage|p2a: Spectrier|166/274|[from] item: Life Orb\n|\n|upkeep\n|\n|t:|1782846090\n|switch|p1a: Inteleon|Inteleon, L81, F|246/246\n|turn|14\n|\n|t:|1782846097\n|move|p1a: Inteleon|U-turn|p2a: Spectrier\n|-supereffective|p2a: Spectrier\n|-damage|p2a: Spectrier|42/274\n|\n|t:|1782846100\n|switch|p1a: Gengar|Gengar, L81, F|230/230|[from] U-turn\n|move|p2a: Spectrier|Dark Pulse|p1a: Gengar\n|-supereffective|p1a: Gengar\n|-crit|p1a: Gengar\n|-damage|p1a: Gengar|0 fnt\n|-start|p2a: Spectrier|Disable|Dark Pulse|[from] ability: Cursed Body|[of] p1a: Gengar\n|faint|p1a: Gengar\n|-ability|p2a: Spectrier|Grim Neigh|boost\n|-boost|p2a: Spectrier|spa|1\n|-damage|p2a: Spectrier|15/274|[from] item: Life Orb\n|\n|upkeep\n|\n|t:|1782846110\n|switch|p1a: Inteleon|Inteleon, L81, F|246/246\n|turn|15\n|\n|t:|1782846120\n|move|p1a: Inteleon|Scald|p2a: Spectrier\n|-damage|p2a: Spectrier|0 fnt\n|faint|p2a: Spectrier\n|\n|upkeep\n|\n|t:|1782846125\n|switch|p2a: Duraludon|Duraludon, L82, M|249/249\n|turn|16\n|\n|t:|1782846131\n|move|p1a: Inteleon|Scald|p2a: Duraludon\n|-resisted|p2a: Duraludon\n|-damage|p2a: Duraludon|178/249\n|-status|p2a: Duraludon|brn\n|move|p2a: Duraludon|Body Press|p1a: Inteleon\n|-damage|p1a: Inteleon|208/246\n|\n|-damage|p2a: Duraludon|163/249 brn|[from] brn\n|upkeep\n|turn|17\n|\n|t:|1782846141\n|move|p1a: Inteleon|Scald|p2a: Duraludon\n|-resisted|p2a: Duraludon\n|-damage|p2a: Duraludon|89/249 brn\n|move|p2a: Duraludon|Iron Defense|p2a: Duraludon\n|-boost|p2a: Duraludon|def|2\n|\n|-damage|p2a: Duraludon|74/249 brn|[from] brn\n|upkeep\n|turn|18\n|\n|t:|1782846149\n|move|p1a: Inteleon|Scald|p2a: Duraludon\n|-resisted|p2a: Duraludon\n|-damage|p2a: Duraludon|3/249 brn\n|move|p2a: Duraludon|Draco Meteor|p1a: Inteleon\n|-damage|p1a: Inteleon|3/246\n|-unboost|p2a: Duraludon|spa|2\n|\n|-damage|p2a: Duraludon|0 fnt|[from] brn\n|faint|p2a: Duraludon\n|\n|win|Izyaan\n|raw|Izyaan's rating: 1195 &rarr; <strong>1218</strong><br />(+23 for winning)\n|raw|polishorr's rating: 1162 &rarr; <strong>1139</strong><br />(-23 for losing)\n|l|\u2606polishorr\n|player|p2|\n|c|\u2606Izyaan|gg\n", "inputlog": ">version f8ac14003a5f27e1bdc8d8c59608a773c1cb96e5\n>start {\"formatid\":\"gen9randombattle\",\"seed\":\"sodium,6057c612716b2b33d4330f62592653dd\",\"rated\":\"Rated battle\"}\n>player p1 {\"name\":\"Izyaan\",\"avatar\":\"psychic-gen4\",\"rating\":1195,\"seed\":\"sodium,94c00aeb339a4f072f3fcd2583a4eb8c\"}\n>player p2 {\"name\":\"polishorr\",\"avatar\":\"266\",\"rating\":1162,\"seed\":\"sodium,43072adad2dd35130bbdf1ee4a54eaed\"}\n>p1 move calmmind\n>p2 move bodypress\n>p1 move calmmind\n>p2 move bodypress\n>p1 move terastarstorm terastallize\n>p2 move bodypress\n>p1 move terastarstorm\n>p2 move roost\n>p2 switch 2\n>p1 move terastarstorm\n>p2 move toxic\n>p1 move terastarstorm\n>p2 move protect\n>p1 move terastarstorm\n>p2 move wish\n>p2 switch 6\n>p1 move terastarstorm\n>p2 move swordsdance\n>p1 switch 4\n>p1 move leechseed\n>p2 move shadowsneak\n>p2 switch 3\n>p1 move seedflare\n>p2 move icespinner\n>p1 switch 3\n>p1 move shiftgear\n>p2 move drillrun\n>p1 move ironhead\n>p2 move bravebird\n>p1 switch 5\n>p2 switch 4\n>p1 move poltergeist\n>p2 move darkpulse terastallize\n>p1 switch 2\n>p1 move uturn\n>p2 move darkpulse\n>p1 switch 6\n>p1 switch 6\n>p1 move scald\n>p2 move shadowball\n>p2 switch 5\n>p1 move scald\n>p2 move bodypress\n>p1 move scald\n>p2 move irondefense\n>p1 move scald\n>p2 move dracometeor", "uploadtime": 1782846170, "views": 10, "formatid": "gen9randombattle", "rating": 1139, "private": 0, "password": null, "player_dets": [{"name": "Izyaan", "avatar": "psychic-gen4", "rating": 1195, "seed": "sodium,94c00aeb339a4f072f3fcd2583a4eb8c"}, {"name": "polishorr", "avatar": "266", "rating": 1162, "seed": "sodium,43072adad2dd35130bbdf1ee4a54eaed"}], "teams_full": [{"Terapagos": {"name": "Terapagos", "species": "Terapagos", "speciesId": "terapagos", "gender": "F", "shiny": false, "level": 77, "moves": ["earthpower", "calmmind", "terastarstorm", "rapidspin"], "ability": "Tera Shift", "evs": {"hp": 85, "atk": 85, "def": 85, "spa": 85, "spd": 85, "spe": 85}, "ivs": {"hp": 31, "atk": 31, "def": 31, "spa": 31, "spd": 31, "spe": 31}, "item": "Heavy-Duty Boots", "teraType": "Stellar", "role": "Fast Bulky Setup", "bvs": {"hp": 90, "atk": 65, "def": 85, "spa": 65, "spd": 85, "spe": 60}, "stats": {"hp": 265, "atk": 145, "def": 175, "spa": 145, "spd": 175, "spe": 137}, "types": ["Normal"]}, "Inteleon": {"name": "Inteleon", "species": "Inteleon", "speciesId": "inteleon", "gender": "F", "shiny": false, "level": 81, "moves": ["scald", "uturn", "hydropump", "icebeam"], "ability": "Torrent", "evs": {"hp": 85, "atk": 85, "def": 85, "spa": 85, "spd": 85, "spe": 85}, "ivs": {"hp": 31, "atk": 31, "def": 31, "spa": 31, "spd": 31, "spe": 31}, "item": "Choice Specs", "teraType": "Water", "role": "Wallbreaker", "bvs": {"hp": 70, "atk": 85, "def": 65, "spa": 125, "spd": 65, "spe": 120}, "stats": {"hp": 246, "atk": 184, "def": 152, "spa": 249, "spd": 152, "spe": 241}, "types": ["Water"]}, "Revavroom": {"name": "Revavroom", "species": "Revavroom", "speciesId": "revavroom", "gender": "F", "shiny": false, "level": 79, "moves": ["shiftgear", "gunkshot", "highhorsepower", "ironhead"], "ability": "Filter", "evs": {"hp": 85, "atk": 85, "def": 85, "spa": 85, "spd": 85, "spe": 85}, "ivs": {"hp": 31, "atk": 31, "def": 31, "spa": 31, "spd": 31, "spe": 31}, "item": "Life Orb", "teraType": "Ground", "role": "Fast Attacker", "bvs": {"hp": 80, "atk": 119, "def": 90, "spa": 54, "spd": 67, "spe": 90}, "stats": {"hp": 256, "atk": 234, "def": 188, "spa": 131, "spd": 151, "spe": 188}, "types": ["Steel", "Poison"]}, "Shaymin": {"name": "Shaymin", "species": "Shaymin", "speciesId": "shaymin", "gender": "N", "shiny": false, "level": 82, "moves": ["airslash", "substitute", "seedflare", "leechseed"], "ability": "Natural Cure", "evs": {"hp": 85, "atk": 0, "def": 85, "spa": 85, "spd": 85, "spe": 85}, "ivs": {"hp": 31, "atk": 0, "def": 31, "spa": 31, "spd": 31, "spe": 31}, "item": "Leftovers", "teraType": "Steel", "role": "Bulky Support", "bvs": {"hp": 100, "atk": 100, "def": 100, "spa": 100, "spd": 100, "spe": 100}, "stats": {"hp": 298, "atk": 169, "def": 211, "spa": 211, "spd": 211, "spe": 211}, "types": ["Grass"]}, "Froslass": {"name": "Froslass", "species": "Froslass", "speciesId": "froslass", "gender": "F", "shiny": false, "level": 87, "moves": ["willowisp", "taunt", "tripleaxel", "poltergeist"], "ability": "Cursed Body", "evs": {"hp": 81, "atk": 85, "def": 85, "spa": 85, "spd": 85, "spe": 85}, "ivs": {"hp": 31, "atk": 31, "def": 31, "spa": 31, "spd": 31, "spe": 31}, "item": "Wide Lens", "teraType": "Ice", "role": "Fast Support", "bvs": {"hp": 70, "atk": 80, "def": 70, "spa": 80, "spd": 70, "spe": 110}, "stats": {"hp": 263, "atk": 189, "def": 172, "spa": 189, "spd": 172, "spe": 241}, "types": ["Ice", "Ghost"]}, "Gengar": {"name": "Gengar", "species": "Gengar", "speciesId": "gengar", "gender": "F", "shiny": false, "level": 81, "moves": ["focusblast", "shadowball", "nastyplot", "sludgewave"], "ability": "Cursed Body", "evs": {"hp": 85, "atk": 0, "def": 85, "spa": 85, "spd": 85, "spe": 85}, "ivs": {"hp": 31, "atk": 0, "def": 31, "spa": 31, "spd": 31, "spe": 31}, "item": "Life Orb", "teraType": "Fighting", "role": "Wallbreaker", "bvs": {"hp": 60, "atk": 65, "def": 60, "spa": 130, "spd": 75, "spe": 110}, "stats": {"hp": 230, "atk": 110, "def": 144, "spa": 257, "spd": 168, "spe": 225}, "types": ["Ghost", "Poison"]}}, {"Corviknight": {"name": "Corviknight", "species": "Corviknight", "speciesId": "corviknight", "gender": "F", "shiny": false, "level": 80, "moves": ["defog", "roost", "bravebird", "bodypress"], "ability": "Pressure", "evs": {"hp": 85, "atk": 85, "def": 85, "spa": 85, "spd": 85, "spe": 85}, "ivs": {"hp": 31, "atk": 31, "def": 31, "spa": 31, "spd": 31, "spe": 31}, "item": "Leftovers", "teraType": "Dragon", "role": "Bulky Support", "bvs": {"hp": 98, "atk": 87, "def": 105, "spa": 53, "spd": 85, "spe": 67}, "stats": {"hp": 288, "atk": 185, "def": 214, "spa": 131, "spd": 182, "spe": 153}, "types": ["Flying", "Steel"]}, "Umbreon": {"name": "Umbreon", "species": "Umbreon", "speciesId": "umbreon", "gender": "F", "shiny": false, "level": 84, "moves": ["foulplay", "wish", "protect", "toxic"], "ability": "Synchronize", "evs": {"hp": 85, "atk": 0, "def": 85, "spa": 85, "spd": 85, "spe": 85}, "ivs": {"hp": 31, "atk": 0, "def": 31, "spa": 31, "spd": 31, "spe": 31}, "item": "Leftovers", "teraType": "Poison", "role": "Bulky Support", "bvs": {"hp": 95, "atk": 65, "def": 110, "spa": 60, "spd": 130, "spe": 65}, "stats": {"hp": 297, "atk": 114, "def": 233, "spa": 149, "spd": 267, "spe": 157}, "types": ["Dark"]}, "Delibird": {"name": "Delibird", "species": "Delibird", "speciesId": "delibird", "gender": "M", "shiny": false, "level": 100, "moves": ["icespinner", "bravebird", "iceshard", "drillrun"], "ability": "Hustle", "evs": {"hp": 85, "atk": 85, "def": 85, "spa": 85, "spd": 85, "spe": 85}, "ivs": {"hp": 31, "atk": 31, "def": 31, "spa": 31, "spd": 31, "spe": 31}, "item": "Heavy-Duty Boots", "teraType": "Ice", "role": "Fast Attacker", "bvs": {"hp": 45, "atk": 55, "def": 45, "spa": 65, "spd": 45, "spe": 75}, "stats": {"hp": 252, "atk": 167, "def": 147, "spa": 187, "spd": 147, "spe": 207}, "types": ["Ice", "Flying"]}, "Spectrier": {"name": "Spectrier", "species": "Spectrier", "speciesId": "spectrier", "gender": "N", "shiny": false, "level": 75, "moves": ["willowisp", "darkpulse", "shadowball", "nastyplot"], "ability": "Grim Neigh", "evs": {"hp": 85, "atk": 0, "def": 85, "spa": 85, "spd": 85, "spe": 85}, "ivs": {"hp": 31, "atk": 0, "def": 31, "spa": 31, "spd": 31, "spe": 31}, "item": "Life Orb", "teraType": "Dark", "role": "Setup Sweeper", "bvs": {"hp": 100, "atk": 65, "def": 60, "spa": 145, "spd": 80, "spe": 130}, "stats": {"hp": 274, "atk": 102, "def": 134, "spa": 261, "spd": 164, "spe": 239}, "types": ["Ghost"]}, "Duraludon": {"name": "Duraludon", "species": "Duraludon", "speciesId": "duraludon", "gender": "M", "shiny": false, "level": 82, "moves": ["flashcannon", "bodypress", "irondefense", "dracometeor"], "ability": "Light Metal", "evs": {"hp": 85, "atk": 0, "def": 85, "spa": 85, "spd": 85, "spe": 85}, "ivs": {"hp": 31, "atk": 0, "def": 31, "spa": 31, "spd": 31, "spe": 31}, "item": "Eviolite", "teraType": "Fighting", "role": "Bulky Attacker", "bvs": {"hp": 70, "atk": 95, "def": 115, "spa": 120, "spd": 50, "spe": 85}, "stats": {"hp": 249, "atk": 160, "def": 236, "spa": 244, "spd": 129, "spe": 187}, "types": ["Steel", "Dragon"]}, "Banette": {"name": "Banette", "species": "Banette", "speciesId": "banette", "gender": "M", "shiny": false, "level": 93, "moves": ["swordsdance", "shadowsneak", "poltergeist", "gunkshot"], "ability": "Cursed Body", "evs": {"hp": 85, "atk": 85, "def": 85, "spa": 85, "spd": 85, "spe": 85}, "ivs": {"hp": 31, "atk": 31, "def": 31, "spa": 31, "spd": 31, "spe": 31}, "item": "Life Orb", "teraType": "Ghost", "role": "Wallbreaker", "bvs": {"hp": 64, "atk": 115, "def": 65, "spa": 83, "spd": 63, "spe": 65}, "stats": {"hp": 270, "atk": 267, "def": 174, "spa": 207, "spd": 170, "spe": 174}, "types": ["Ghost"]}}]}