{"id": "gen9randombattle-2641941751", "format": "[Gen 9] Random Battle", "players": ["testbotcif", "Lentilman"], "log": "|j|\u2606testbotcif\n|j|\u2606Lentilman\n|t:|1782862298\n|gametype|singles\n|player|p1|testbotcif|1|1175\n|player|p2|Lentilman|aromalady|1174\n|gen|9\n|tier|[Gen 9] Random Battle\n|rated|\n|rule|Species Clause: Limit one of each Pok\u00e9mon\n|rule|HP Percentage Mod: HP is shown in percentages\n|rule|Sleep Clause Mod: Limit one foe put to sleep\n|rule|Illusion Level Mod: Illusion disguises the Pok\u00e9mon's true level\n|\n|t:|1782862298\n|teamsize|p1|6\n|teamsize|p2|6\n|start\n|switch|p1a: Sandslash|Sandslash-Alola, L88, F|275/275\n|switch|p2a: Heatran|Heatran, L79, F|273/273\n|-item|p2a: Heatran|Air Balloon\n|turn|1\n|inactive|Battle timer is ON: inactive players will automatically lose when time's up. (requested by testbotcif)\n|c|\u2606testbotcif|rlhf\n|c|\u2606Lentilman|you too\n|\n|t:|1782862308\n|move|p2a: Heatran|Stealth Rock|p1a: Sandslash\n|-sidestart|p1: testbotcif|move: Stealth Rock\n|move|p1a: Sandslash|Swords Dance|p1a: Sandslash\n|-boost|p1a: Sandslash|atk|2\n|\n|upkeep\n|turn|2\n|\n|t:|1782862313\n|move|p2a: Heatran|Magma Storm|p1a: Sandslash\n|-supereffective|p1a: Sandslash\n|-damage|p1a: Sandslash|0 fnt\n|faint|p1a: Sandslash\n|\n|upkeep\n|\n|t:|1782862313\n|switch|p1a: Hydreigon|Hydreigon, L79, F|275/275\n|-damage|p1a: Hydreigon|241/275|[from] Stealth Rock\n|turn|3\n|\n|t:|1782862329\n|switch|p2a: Blissey|Blissey, L85, F|572/572\n|move|p1a: Hydreigon|Nasty Plot|p1a: Hydreigon\n|-boost|p1a: Hydreigon|spa|2\n|\n|upkeep\n|turn|4\n|\n|t:|1782862335\n|move|p1a: Hydreigon|Dark Pulse|p2a: Blissey\n|-damage|p2a: Blissey|400/572\n|-damage|p1a: Hydreigon|214/275|[from] item: Life Orb\n|move|p2a: Blissey|Thunder Wave|p1a: Hydreigon\n|-status|p1a: Hydreigon|par\n|\n|-heal|p2a: Blissey|435/572|[from] item: Leftovers\n|upkeep\n|turn|5\n|\n|t:|1782862343\n|move|p2a: Blissey|Seismic Toss|p1a: Hydreigon\n|-damage|p1a: Hydreigon|129/275 par\n|move|p1a: Hydreigon|Dark Pulse|p2a: Blissey\n|-damage|p2a: Blissey|282/572\n|-damage|p1a: Hydreigon|102/275 par|[from] item: Life Orb\n|\n|-heal|p2a: Blissey|317/572|[from] item: Leftovers\n|upkeep\n|turn|6\n|\n|t:|1782862351\n|move|p2a: Blissey|Soft-Boiled|p2a: Blissey\n|-heal|p2a: Blissey|572/572\n|move|p1a: Hydreigon|Dark Pulse|p2a: Blissey\n|-damage|p2a: Blissey|400/572\n|-damage|p1a: Hydreigon|75/275 par|[from] item: Life Orb\n|\n|-heal|p2a: Blissey|435/572|[from] item: Leftovers\n|upkeep\n|turn|7\n|\n|t:|1782862358\n|move|p2a: Blissey|Soft-Boiled|p2a: Blissey\n|-heal|p2a: Blissey|572/572\n|move|p1a: Hydreigon|Dark Pulse|p2a: Blissey\n|-damage|p2a: Blissey|403/572\n|-damage|p1a: Hydreigon|48/275 par|[from] item: Life Orb\n|\n|-heal|p2a: Blissey|438/572|[from] item: Leftovers\n|upkeep\n|turn|8\n|\n|t:|1782862366\n|move|p2a: Blissey|Seismic Toss|p1a: Hydreigon\n|-damage|p1a: Hydreigon|0 fnt\n|faint|p1a: Hydreigon\n|\n|-heal|p2a: Blissey|473/572|[from] item: Leftovers\n|upkeep\n|\n|t:|1782862366\n|switch|p1a: Hariyama|Hariyama, L87, M|392/392\n|-damage|p1a: Hariyama|368/392|[from] Stealth Rock\n|turn|9\n|\n|t:|1782862380\n|move|p2a: Blissey|Thunder Wave|p1a: Hariyama\n|-status|p1a: Hariyama|par\n|cant|p1a: Hariyama|par\n|\n|-heal|p2a: Blissey|508/572|[from] item: Leftovers\n|upkeep\n|turn|10\n|\n|t:|1782862390\n|switch|p2a: Donphan|Donphan, L84, M|288/288\n|cant|p1a: Hariyama|par\n|\n|upkeep\n|turn|11\n|\n|t:|1782862395\n|move|p2a: Donphan|Knock Off|p1a: Hariyama\n|-resisted|p1a: Hariyama\n|-damage|p1a: Hariyama|320/392 par\n|-enditem|p1a: Hariyama|Assault Vest|[from] move: Knock Off|[of] p2a: Donphan\n|move|p1a: Hariyama|Close Combat|p2a: Donphan\n|-damage|p2a: Donphan|168/288\n|-unboost|p1a: Hariyama|def|1\n|-unboost|p1a: Hariyama|spd|1\n|\n|upkeep\n|turn|12\n|\n|t:|1782862404\n|move|p2a: Donphan|Earthquake|p1a: Hariyama\n|-damage|p1a: Hariyama|64/392 par\n|move|p1a: Hariyama|Close Combat|p2a: Donphan\n|-damage|p2a: Donphan|50/288\n|-unboost|p1a: Hariyama|def|1\n|-unboost|p1a: Hariyama|spd|1\n|\n|upkeep\n|turn|13\n|\n|t:|1782862412\n|move|p2a: Donphan|Rapid Spin|p1a: Hariyama\n|-damage|p1a: Hariyama|0 fnt\n|-boost|p2a: Donphan|spe|1\n|faint|p1a: Hariyama\n|\n|upkeep\n|\n|t:|1782862412\n|switch|p1a: Alcremie|Alcremie-Ruby-Cream, L90, F|263/263\n|-damage|p1a: Alcremie|231/263|[from] Stealth Rock\n|turn|14\n|\n|t:|1782862419\n|move|p2a: Donphan|Knock Off|p1a: Alcremie\n|-resisted|p1a: Alcremie\n|-damage|p1a: Alcremie|187/263\n|-enditem|p1a: Alcremie|Leftovers|[from] move: Knock Off|[of] p2a: Donphan\n|move|p1a: Alcremie|Alluring Voice|p2a: Donphan\n|-damage|p2a: Donphan|0 fnt\n|faint|p2a: Donphan\n|\n|upkeep\n|\n|t:|1782862434\n|switch|p2a: Heatran|Heatran, L79, F|273/273\n|-item|p2a: Heatran|Air Balloon\n|turn|15\n|\n|t:|1782862437\n|move|p1a: Alcremie|Calm Mind|p1a: Alcremie\n|-boost|p1a: Alcremie|spa|1\n|-boost|p1a: Alcremie|spd|1\n|move|p2a: Heatran|Magma Storm|p1a: Alcremie\n|-damage|p1a: Alcremie|126/263\n|-activate|p1a: Alcremie|move: Magma Storm|[of] p2a: Heatran\n|\n|-damage|p1a: Alcremie|94/263|[from] move: Magma Storm|[partiallytrapped]\n|upkeep\n|turn|16\n|\n|t:|1782862445\n|move|p1a: Alcremie|Recover|p1a: Alcremie\n|-heal|p1a: Alcremie|226/263\n|move|p2a: Heatran|Heavy Slam|p1a: Alcremie\n|-supereffective|p1a: Alcremie\n|-crit|p1a: Alcremie\n|-damage|p1a: Alcremie|0 fnt\n|faint|p1a: Alcremie\n|\n|upkeep\n|\n|t:|1782862446\n|switch|p1a: Garganacl|Garganacl, L80, M|291/291\n|-damage|p1a: Garganacl|255/291|[from] Stealth Rock\n|turn|17\n|\n|t:|1782862460\n|switch|p2a: Passimian|Passimian, L83, M|302/302\n|move|p1a: Garganacl|Stealth Rock|p2a: Passimian\n|-sidestart|p2: Lentilman|move: Stealth Rock\n|\n|-heal|p1a: Garganacl|273/291|[from] item: Leftovers\n|upkeep\n|turn|18\n|\n|t:|1782862465\n|switch|p1a: Slowbro|Slowbro-Galar, L87, F|307/307\n|-damage|p1a: Slowbro|269/307|[from] Stealth Rock\n|move|p2a: Passimian|Knock Off|p1a: Slowbro\n|-supereffective|p1a: Slowbro\n|-damage|p1a: Slowbro|115/307\n|-damage|p2a: Passimian|252/302|[from] item: Rocky Helmet|[of] p1a: Slowbro\n|-enditem|p1a: Slowbro|Rocky Helmet|[from] move: Knock Off|[of] p2a: Passimian\n|\n|-heal|p2a: Passimian|270/302|[from] item: Leftovers\n|upkeep\n|turn|19\n|\n|t:|1782862476\n|-terastallize|p2a: Passimian|Steel\n|move|p2a: Passimian|Bulk Up|p2a: Passimian\n|-boost|p2a: Passimian|atk|1\n|-boost|p2a: Passimian|def|1\n|move|p1a: Slowbro|Slack Off|p1a: Slowbro\n|-heal|p1a: Slowbro|269/307\n|\n|-heal|p2a: Passimian|288/302|[from] item: Leftovers\n|upkeep\n|turn|20\n|\n|t:|1782862486\n|move|p2a: Passimian|Bulk Up|p2a: Passimian\n|-boost|p2a: Passimian|atk|1\n|-boost|p2a: Passimian|def|1\n|move|p1a: Slowbro|Shell Side Arm|p2a: Passimian|[anim] Shell Side Arm Special\n|-immune|p2a: Passimian\n|\n|-heal|p2a: Passimian|302/302|[from] item: Leftovers\n|upkeep\n|turn|21\n|\n|t:|1782862493\n|move|p2a: Passimian|Knock Off|p1a: Slowbro\n|-supereffective|p1a: Slowbro\n|-damage|p1a: Slowbro|87/307\n|move|p1a: Slowbro|Earthquake|p2a: Passimian\n|-supereffective|p2a: Passimian\n|-damage|p2a: Passimian|230/302\n|\n|-heal|p2a: Passimian|248/302|[from] item: Leftovers\n|upkeep\n|turn|22\n|\n|t:|1782862499\n|move|p2a: Passimian|Knock Off|p1a: Slowbro\n|-supereffective|p1a: Slowbro\n|-damage|p1a: Slowbro|0 fnt\n|faint|p1a: Slowbro\n|\n|-heal|p2a: Passimian|266/302|[from] item: Leftovers\n|upkeep\n|\n|t:|1782862500\n|switch|p1a: Garganacl|Garganacl, L80, M|273/291\n|-damage|p1a: Garganacl|237/291|[from] Stealth Rock\n|turn|23\n|\n|t:|1782862507\n|-terastallize|p1a: Garganacl|Dragon\n|move|p2a: Passimian|Knock Off|p1a: Garganacl\n|-damage|p1a: Garganacl|110/291\n|-enditem|p1a: Garganacl|Leftovers|[from] move: Knock Off|[of] p2a: Passimian\n|move|p1a: Garganacl|Recover|p1a: Garganacl\n|-heal|p1a: Garganacl|256/291\n|\n|-heal|p2a: Passimian|284/302|[from] item: Leftovers\n|upkeep\n|turn|24\n|\n|t:|1782862515\n|move|p2a: Passimian|Drain Punch|p1a: Garganacl\n|-damage|p1a: Garganacl|108/291\n|-heal|p2a: Passimian|302/302|[from] drain|[of] p1a: Garganacl\n|move|p1a: Garganacl|Recover|p1a: Garganacl\n|-heal|p1a: Garganacl|254/291\n|\n|upkeep\n|turn|25\n|\n|t:|1782862521\n|move|p2a: Passimian|Gunk Shot|p1a: Garganacl\n|-damage|p1a: Garganacl|96/291\n|move|p1a: Garganacl|Recover|p1a: Garganacl\n|-heal|p1a: Garganacl|242/291\n|\n|upkeep\n|turn|26\n|\n|t:|1782862526\n|move|p2a: Passimian|Gunk Shot|p1a: Garganacl|[miss]\n|-miss|p2a: Passimian|p1a: Garganacl\n|move|p1a: Garganacl|Recover|p1a: Garganacl\n|-heal|p1a: Garganacl|291/291\n|\n|upkeep\n|turn|27\n|\n|t:|1782862531\n|move|p2a: Passimian|Gunk Shot|p1a: Garganacl\n|-damage|p1a: Garganacl|145/291\n|move|p1a: Garganacl|Body Press|p2a: Passimian\n|-supereffective|p2a: Passimian\n|-damage|p2a: Passimian|234/302\n|\n|-heal|p2a: Passimian|252/302|[from] item: Leftovers\n|upkeep\n|turn|28\n|\n|t:|1782862538\n|move|p2a: Passimian|Gunk Shot|p1a: Garganacl\n|-damage|p1a: Garganacl|0 fnt\n|faint|p1a: Garganacl\n|\n|win|Lentilman\n|raw|testbotcif's rating: 1175 &rarr; <strong>1150</strong><br />(-25 for losing)\n|raw|Lentilman's rating: 1174 &rarr; <strong>1199</strong><br />(+25 for winning)\n", "inputlog": ">version f8ac14003a5f27e1bdc8d8c59608a773c1cb96e5\n>start {\"formatid\":\"gen9randombattle\",\"seed\":\"sodium,3e3cc8620edb92007f1a964ac7399cea\",\"rated\":\"Rated battle\"}\n>player p1 {\"name\":\"testbotcif\",\"avatar\":\"1\",\"rating\":1175,\"seed\":\"sodium,632aa9eec475b99e81e103e8d9e0518d\"}\n>player p2 {\"name\":\"Lentilman\",\"avatar\":\"aromalady\",\"rating\":1174,\"seed\":\"sodium,9e45e4e642a3389db5c7c8fbdd9f4f81\"}\n>chat \u2606testbotcif|rlhf\n>chat \u2606Lentilman|you too\n>p1 move swordsdance\n>p2 move stealthrock\n>p1 move knockoff\n>p2 move magmastorm\n>p1 switch 3\n>p1 move nastyplot\n>p2 switch 6\n>p1 move darkpulse\n>p2 move thunderwave\n>p1 move darkpulse\n>p2 move seismictoss\n>p1 move darkpulse\n>p2 move softboiled\n>p1 move darkpulse\n>p2 move softboiled\n>p1 move darkpulse\n>p2 move seismictoss\n>p1 switch 6\n>p1 move closecombat\n>p2 move thunderwave\n>p1 move closecombat\n>p2 switch 3\n>p1 move closecombat\n>p2 move knockoff\n>p1 move closecombat\n>p2 move earthquake\n>p1 move closecombat\n>p2 move rapidspin\n>p1 switch 5\n>p1 move alluringvoice\n>p2 move knockoff\n>p2 switch 6\n>p1 move calmmind\n>p2 move magmastorm\n>p1 move recover\n>p2 move heavyslam\n>p1 switch 4\n>p1 move stealthrock\n>p2 switch 2\n>p1 switch 2\n>p2 move knockoff\n>p1 move slackoff\n>p2 move bulkup terastallize\n>p1 move shellsidearm\n>p2 move bulkup\n>p1 move earthquake\n>p2 move knockoff\n>p1 move slackoff\n>p2 move knockoff\n>p1 switch 2\n>p1 move recover terastallize\n>p2 move knockoff\n>p1 move recover\n>p2 move drainpunch\n>p1 move recover\n>p2 move gunkshot\n>p1 move recover\n>p2 move gunkshot\n>p1 move bodypress\n>p2 move gunkshot\n>p1 move recover\n>p2 move gunkshot", "uploadtime": 1782862539, "views": 5, "formatid": "gen9randombattle", "rating": 1150, "private": 0, "password": null, "player_dets": [{"name": "testbotcif", "avatar": "1", "rating": 1175, "seed": "sodium,632aa9eec475b99e81e103e8d9e0518d"}, {"name": "Lentilman", "avatar": "aromalady", "rating": 1174, "seed": "sodium,9e45e4e642a3389db5c7c8fbdd9f4f81"}], "teams_full": [{"Sandslash": {"name": "Sandslash", "species": "Sandslash-Alola", "speciesId": "sandslashalola", "gender": "F", "shiny": false, "level": 88, "moves": ["tripleaxel", "earthquake", "swordsdance", "knockoff"], "ability": "Slush Rush", "evs": {"hp": 85, "atk": 85, "def": 85, "spa": 85, "spd": 85, "spe": 85}, "ivs": {"hp": 31, "atk": 31, "def": 31, "spa": 31, "spd": 31, "spe": 31}, "item": "Life Orb", "teraType": "Ground", "role": "Setup Sweeper", "bvs": {"hp": 75, "atk": 100, "def": 120, "spa": 25, "spd": 65, "spe": 65}, "stats": {"hp": 275, "atk": 226, "def": 261, "spa": 94, "spd": 165, "spe": 165}, "types": ["Ice", "Steel"]}, "Slowbro": {"name": "Slowbro", "species": "Slowbro-Galar", "speciesId": "slowbrogalar", "gender": "F", "shiny": false, "level": 87, "moves": ["slackoff", "psychic", "shellsidearm", "earthquake"], "ability": "Regenerator", "evs": {"hp": 85, "atk": 85, "def": 85, "spa": 85, "spd": 85, "spe": 85}, "ivs": {"hp": 31, "atk": 31, "def": 31, "spa": 31, "spd": 31, "spe": 31}, "item": "Rocky Helmet", "teraType": "Poison", "role": "Bulky Attacker", "bvs": {"hp": 95, "atk": 100, "def": 95, "spa": 100, "spd": 70, "spe": 30}, "stats": {"hp": 307, "atk": 224, "def": 215, "spa": 224, "spd": 172, "spe": 102}, "types": ["Poison", "Psychic"]}, "Hydreigon": {"name": "Hydreigon", "species": "Hydreigon", "speciesId": "hydreigon", "gender": "F", "shiny": false, "level": 79, "moves": ["darkpulse", "dracometeor", "flashcannon", "nastyplot"], "ability": "Levitate", "evs": {"hp": 85, "atk": 0, "def": 85, "spa": 85, "spd": 85, "spe": 85}, "ivs": {"hp": 31, "atk": 0, "def": 31, "spa": 31, "spd": 31, "spe": 31}, "item": "Life Orb", "teraType": "Steel", "role": "Fast Attacker", "bvs": {"hp": 92, "atk": 105, "def": 90, "spa": 125, "spd": 90, "spe": 98}, "stats": {"hp": 275, "atk": 170, "def": 188, "spa": 243, "spd": 188, "spe": 200}, "types": ["Dark", "Dragon"]}, "Garganacl": {"name": "Garganacl", "species": "Garganacl", "speciesId": "garganacl", "gender": "M", "shiny": false, "level": 80, "moves": ["stealthrock", "recover", "saltcure", "bodypress"], "ability": "Purifying Salt", "evs": {"hp": 85, "atk": 85, "def": 85, "spa": 85, "spd": 85, "spe": 85}, "ivs": {"hp": 31, "atk": 31, "def": 31, "spa": 31, "spd": 31, "spe": 31}, "item": "Leftovers", "teraType": "Dragon", "role": "Bulky Support", "bvs": {"hp": 100, "atk": 100, "def": 130, "spa": 45, "spd": 90, "spe": 35}, "stats": {"hp": 291, "atk": 206, "def": 254, "spa": 118, "spd": 190, "spe": 102}, "types": ["Rock"]}, "Alcremie": {"name": "Alcremie", "species": "Alcremie-Ruby-Cream", "speciesId": "alcremie", "gender": "F", "shiny": false, "level": 90, "moves": ["psyshock", "alluringvoice", "recover", "calmmind"], "ability": "Aroma Veil", "evs": {"hp": 85, "atk": 0, "def": 85, "spa": 85, "spd": 85, "spe": 85}, "ivs": {"hp": 31, "atk": 0, "def": 31, "spa": 31, "spd": 31, "spe": 31}, "item": "Leftovers", "teraType": "Steel", "role": "Bulky Setup", "bvs": {"hp": 65, "atk": 60, "def": 75, "spa": 110, "spd": 121, "spe": 64}, "stats": {"hp": 263, "atk": 113, "def": 186, "spa": 249, "spd": 269, "spe": 167}, "types": ["Fairy"]}, "Hariyama": {"name": "Hariyama", "species": "Hariyama", "speciesId": "hariyama", "gender": "M", "shiny": false, "level": 87, "moves": ["closecombat", "heavyslam", "knockoff", "bulletpunch"], "ability": "Thick Fat", "evs": {"hp": 85, "atk": 85, "def": 85, "spa": 85, "spd": 85, "spe": 85}, "ivs": {"hp": 31, "atk": 31, "def": 31, "spa": 31, "spd": 31, "spe": 31}, "item": "Assault Vest", "teraType": "Steel", "role": "AV Pivot", "bvs": {"hp": 144, "atk": 120, "def": 60, "spa": 40, "spd": 60, "spe": 50}, "stats": {"hp": 392, "atk": 259, "def": 154, "spa": 119, "spd": 154, "spe": 137}, "types": ["Fighting"]}}, {"Heatran": {"name": "Heatran", "species": "Heatran", "speciesId": "heatran", "gender": "F", "shiny": false, "level": 79, "moves": ["earthpower", "stealthrock", "heavyslam", "magmastorm"], "ability": "Flash Fire", "evs": {"hp": 85, "atk": 85, "def": 85, "spa": 85, "spd": 85, "spe": 85}, "ivs": {"hp": 31, "atk": 31, "def": 31, "spa": 31, "spd": 31, "spe": 31}, "item": "Air Balloon", "teraType": "Grass", "role": "Bulky Support", "bvs": {"hp": 91, "atk": 90, "def": 106, "spa": 130, "spd": 106, "spe": 77}, "stats": {"hp": 273, "atk": 188, "def": 213, "spa": 251, "spd": 213, "spe": 167}, "types": ["Fire", "Steel"]}, "Passimian": {"name": "Passimian", "species": "Passimian", "speciesId": "passimian", "gender": "M", "shiny": false, "level": 83, "moves": ["knockoff", "drainpunch", "gunkshot", "bulkup"], "ability": "Defiant", "evs": {"hp": 85, "atk": 85, "def": 85, "spa": 85, "spd": 85, "spe": 85}, "ivs": {"hp": 31, "atk": 31, "def": 31, "spa": 31, "spd": 31, "spe": 31}, "item": "Leftovers", "teraType": "Steel", "role": "Bulky Setup", "bvs": {"hp": 100, "atk": 120, "def": 90, "spa": 40, "spd": 60, "spe": 80}, "stats": {"hp": 302, "atk": 247, "def": 197, "spa": 114, "spd": 147, "spe": 180}, "types": ["Fighting"]}, "Donphan": {"name": "Donphan", "species": "Donphan", "speciesId": "donphan", "gender": "M", "shiny": false, "level": 84, "moves": ["earthquake", "knockoff", "icespinner", "rapidspin"], "ability": "Sturdy", "evs": {"hp": 85, "atk": 85, "def": 85, "spa": 85, "spd": 85, "spe": 85}, "ivs": {"hp": 31, "atk": 31, "def": 31, "spa": 31, "spd": 31, "spe": 31}, "item": "Assault Vest", "teraType": "Steel", "role": "Bulky Support", "bvs": {"hp": 90, "atk": 120, "def": 120, "spa": 60, "spd": 60, "spe": 50}, "stats": {"hp": 288, "atk": 250, "def": 250, "spa": 149, "spd": 149, "spe": 132}, "types": ["Ground"]}, "Raging Bolt": {"name": "Raging Bolt", "species": "Raging Bolt", "speciesId": "ragingbolt", "gender": "N", "shiny": false, "level": 78, "moves": ["calmmind", "thunderbolt", "thunderclap", "dragonpulse"], "ability": "Protosynthesis", "evs": {"hp": 85, "atk": 0, "def": 85, "spa": 85, "spd": 85, "spe": 85}, "ivs": {"hp": 31, "atk": 0, "def": 31, "spa": 31, "spd": 31, "spe": 31}, "item": "Booster Energy", "teraType": "Electric", "role": "Fast Bulky Setup", "bvs": {"hp": 125, "atk": 73, "def": 91, "spa": 137, "spd": 89, "spe": 75}, "stats": {"hp": 323, "atk": 118, "def": 187, "spa": 259, "spd": 184, "spe": 162}, "types": ["Electric", "Dragon"]}, "Espeon": {"name": "Espeon", "species": "Espeon", "speciesId": "espeon", "gender": "F", "shiny": false, "level": 84, "moves": ["alluringvoice", "morningsun", "shadowball", "psychic"], "ability": "Magic Bounce", "evs": {"hp": 85, "atk": 0, "def": 85, "spa": 85, "spd": 85, "spe": 85}, "ivs": {"hp": 31, "atk": 0, "def": 31, "spa": 31, "spd": 31, "spe": 31}, "item": "Life Orb", "teraType": "Psychic", "role": "Fast Attacker", "bvs": {"hp": 65, "atk": 65, "def": 60, "spa": 130, "spd": 95, "spe": 110}, "stats": {"hp": 246, "atk": 114, "def": 149, "spa": 267, "spd": 208, "spe": 233}, "types": ["Psychic"]}, "Blissey": {"name": "Blissey", "species": "Blissey", "speciesId": "blissey", "gender": "F", "shiny": false, "level": 85, "moves": ["healbell", "seismictoss", "thunderwave", "softboiled"], "ability": "Natural Cure", "evs": {"hp": 85, "atk": 0, "def": 85, "spa": 85, "spd": 85, "spe": 85}, "ivs": {"hp": 31, "atk": 0, "def": 31, "spa": 31, "spd": 31, "spe": 31}, "item": "Leftovers", "teraType": "Dark", "role": "Bulky Support", "bvs": {"hp": 255, "atk": 10, "def": 10, "spa": 75, "spd": 135, "spe": 55}, "stats": {"hp": 572, "atk": 22, "def": 66, "spa": 176, "spd": 278, "spe": 142}, "types": ["Normal"]}}]}