{"id": "gen9randombattle-2642094973", "format": "[Gen 9] Random Battle", "players": ["tonym18", "ptolevee"], "log": "|j|\u2606tonym18\n|j|\u2606ptolevee\n|t:|1782888764\n|gametype|singles\n|player|p1|tonym18|265|1520\n|player|p2|ptolevee|169|1505\n|gen|9\n|tier|[Gen 9] Random Battle\n|rated|\n|rule|Species Clause: Limit one of each Pok\u00e9mon\n|rule|HP Percentage Mod: HP is shown in percentages\n|rule|Sleep Clause Mod: Limit one foe put to sleep\n|rule|Illusion Level Mod: Illusion disguises the Pok\u00e9mon's true level\n|\n|t:|1782888764\n|teamsize|p1|6\n|teamsize|p2|6\n|start\n|switch|p1a: Hypno|Hypno, L95, F|315/315\n|switch|p2a: Solgaleo|Solgaleo, L74|325/325\n|turn|1\n|inactive|Battle timer is ON: inactive players will automatically lose when time's up. (requested by ptolevee)\n|inactive|tonym18 also wants the timer to be on.\n|\n|t:|1782888780\n|move|p2a: Solgaleo|Knock Off|p1a: Hypno\n|-supereffective|p1a: Hypno\n|-damage|p1a: Hypno|163/315\n|-enditem|p1a: Hypno|Leftovers|[from] move: Knock Off|[of] p2a: Solgaleo\n|move|p1a: Hypno|Encore|p2a: Solgaleo\n|-start|p2a: Solgaleo|Encore\n|\n|upkeep\n|turn|2\n|\n|t:|1782888800\n|switch|p1a: Scizor|Scizor, L79, F|240/240\n|move|p2a: Solgaleo|Knock Off|p1a: Scizor\n|-damage|p1a: Scizor|178/240\n|-enditem|p1a: Scizor|Choice Band|[from] move: Knock Off|[of] p2a: Solgaleo\n|\n|upkeep\n|turn|3\n|\n|t:|1782888810\n|switch|p2a: Granbull|Granbull, L88, F|302/302\n|-ability|p2a: Granbull|Intimidate|boost\n|-unboost|p1a: Scizor|atk|1\n|move|p1a: Scizor|Knock Off|p2a: Granbull\n|-resisted|p2a: Granbull\n|-damage|p2a: Granbull|273/302\n|-enditem|p2a: Granbull|Leftovers|[from] move: Knock Off|[of] p1a: Scizor\n|\n|upkeep\n|turn|4\n|inactive|ptolevee has 120 seconds left.\n|\n|t:|1782888841\n|switch|p1a: Gholdengo|Gholdengo, L77|261/261\n|switch|p2a: Copperajah|Copperajah, L86, M|349/349\n|\n|upkeep\n|turn|5\n|inactive|ptolevee has 120 seconds left.\n|\n|t:|1782888866\n|move|p1a: Gholdengo|Focus Blast|p2a: Copperajah|[miss]\n|-miss|p1a: Gholdengo|p2a: Copperajah\n|move|p2a: Copperajah|Earthquake|p1a: Gholdengo\n|-supereffective|p1a: Gholdengo\n|-damage|p1a: Gholdengo|0 fnt\n|faint|p1a: Gholdengo\n|\n|upkeep\n|inactive|tonym18 has 120 seconds left.\n|\n|t:|1782888889\n|switch|p1a: Rotom|Rotom-Frost, L87|229/229\n|turn|6\n|inactive|ptolevee has 120 seconds left.\n|\n|t:|1782888898\n|switch|p2a: Dunsparce|Dunsparce, L86, M|312/312\n|move|p1a: Rotom|Will-O-Wisp|p2a: Dunsparce\n|-status|p2a: Dunsparce|brn\n|\n|-damage|p2a: Dunsparce|293/312 brn|[from] brn\n|upkeep\n|turn|7\n|inactive|ptolevee has 120 seconds left.\n|\n|t:|1782888918\n|switch|p1a: Annihilape|Annihilape, L76, F|292/292\n|move|p2a: Dunsparce|Body Slam|p1a: Annihilape\n|-immune|p1a: Annihilape\n|\n|-damage|p2a: Dunsparce|274/312 brn|[from] brn\n|upkeep\n|turn|8\n|inactive|ptolevee has 120 seconds left.\n|\n|t:|1782888931\n|switch|p2a: Granbull|Granbull, L88, F|273/302\n|-ability|p2a: Granbull|Intimidate|boost\n|-unboost|p1a: Annihilape|atk|1\n|-ability|p1a: Annihilape|Defiant|boost\n|-boost|p1a: Annihilape|atk|2\n|move|p1a: Annihilape|Bulk Up|p1a: Annihilape\n|-boost|p1a: Annihilape|atk|1\n|-boost|p1a: Annihilape|def|1\n|\n|upkeep\n|turn|9\n|inactive|ptolevee has 120 seconds left.\n|inactive|tonym18 has 120 seconds left.\n|\n|t:|1782888946\n|move|p1a: Annihilape|Gunk Shot|p2a: Granbull\n|-supereffective|p2a: Granbull\n|-damage|p2a: Granbull|0 fnt\n|faint|p2a: Granbull\n|\n|upkeep\n|\n|t:|1782888963\n|switch|p2a: Solgaleo|Solgaleo, L74|325/325\n|turn|10\n|l|\u2606ptolevee\n|inactive|ptolevee disconnected and has a minute to reconnect!\n|player|p2|\n|inactive|ptolevee has 30 seconds to reconnect!\n|inactive|ptolevee has 20 seconds to reconnect!\n|inactive|ptolevee has 15 seconds to reconnect!\n|inactive|ptolevee has 10 seconds to reconnect!\n|inactive|ptolevee has 5 seconds to reconnect!\n|-message|ptolevee lost due to inactivity.\n|\n|win|tonym18\n|raw|tonym18's rating: 1520 &rarr; <strong>1539</strong><br />(+19 for winning)\n|raw|ptolevee's rating: 1505 &rarr; <strong>1486</strong><br />(-19 for losing)\n", "inputlog": ">version f8ac14003a5f27e1bdc8d8c59608a773c1cb96e5\n>start {\"formatid\":\"gen9randombattle\",\"seed\":\"sodium,6bbe536d26ea6f403172bef96a1abb18\",\"rated\":\"Rated battle\"}\n>player p1 {\"name\":\"tonym18\",\"avatar\":\"265\",\"rating\":1520,\"seed\":\"sodium,301a9365f92ae891f16408ff62a7cff3\"}\n>player p2 {\"name\":\"ptolevee\",\"avatar\":\"169\",\"rating\":1505,\"seed\":\"sodium,9dffbf21e6bdd283fac20dbfd5f597e8\"}\n>p1 move encore\n>p2 move knockoff\n>p1 switch 4\n>p2 move knockoff\n>p1 move knockoff\n>p2 switch 3\n>p1 switch 6\n>p2 switch 4\n>p1 move focusblast\n>p2 move earthquake\n>p1 switch 3\n>p1 move willowisp\n>p2 switch 5\n>p1 switch 2\n>p2 move bodyslam\n>p1 move bulkup\n>p2 switch 4\n>p1 move gunkshot\n>p2 move playrough\n>p2 switch 3\n>forcelose p2", "uploadtime": 1782889043, "views": 2, "formatid": "gen9randombattle", "rating": 1486, "private": 0, "password": null, "player_dets": [{"name": "tonym18", "avatar": "265", "rating": 1520, "seed": "sodium,301a9365f92ae891f16408ff62a7cff3"}, {"name": "ptolevee", "avatar": "169", "rating": 1505, "seed": "sodium,9dffbf21e6bdd283fac20dbfd5f597e8"}], "teams_full": [{"Hypno": {"name": "Hypno", "species": "Hypno", "speciesId": "hypno", "gender": "F", "shiny": false, "level": 95, "moves": ["encore", "thunderwave", "knockoff", "psychicnoise"], "ability": "Insomnia", "evs": {"hp": 85, "atk": 85, "def": 85, "spa": 85, "spd": 85, "spe": 85}, "ivs": {"hp": 31, "atk": 31, "def": 31, "spa": 31, "spd": 31, "spe": 31}, "item": "Leftovers", "teraType": "Dark", "role": "Bulky Support", "bvs": {"hp": 85, "atk": 73, "def": 70, "spa": 73, "spd": 115, "spe": 67}, "stats": {"hp": 315, "atk": 193, "def": 187, "spa": 193, "spd": 272, "spe": 181}, "types": ["Psychic"]}, "Annihilape": {"name": "Annihilape", "species": "Annihilape", "speciesId": "annihilape", "gender": "F", "shiny": false, "level": 76, "moves": ["ragefist", "gunkshot", "bulkup", "drainpunch"], "ability": "Defiant", "evs": {"hp": 85, "atk": 85, "def": 85, "spa": 85, "spd": 85, "spe": 85}, "ivs": {"hp": 31, "atk": 31, "def": 31, "spa": 31, "spd": 31, "spe": 31}, "item": "Leftovers", "teraType": "Steel", "role": "Bulky Setup", "bvs": {"hp": 110, "atk": 115, "def": 80, "spa": 50, "spd": 90, "spe": 90}, "stats": {"hp": 292, "atk": 219, "def": 166, "spa": 120, "spd": 181, "spe": 181}, "types": ["Fighting", "Ghost"]}, "Rotom": {"name": "Rotom", "species": "Rotom-Frost", "speciesId": "rotomfrost", "gender": "N", "shiny": false, "level": 87, "moves": ["blizzard", "voltswitch", "thunderbolt", "willowisp"], "ability": "Levitate", "evs": {"hp": 85, "atk": 0, "def": 85, "spa": 85, "spd": 85, "spe": 85}, "ivs": {"hp": 31, "atk": 0, "def": 31, "spa": 31, "spd": 31, "spe": 31}, "item": "Heavy-Duty Boots", "teraType": "Electric", "role": "Fast Attacker", "bvs": {"hp": 50, "atk": 65, "def": 107, "spa": 105, "spd": 107, "spe": 86}, "stats": {"hp": 229, "atk": 118, "def": 236, "spa": 232, "spd": 236, "spe": 199}, "types": ["Electric", "Ice"]}, "Scizor": {"name": "Scizor", "species": "Scizor", "speciesId": "scizor", "gender": "F", "shiny": false, "level": 79, "moves": ["closecombat", "bulletpunch", "knockoff", "uturn"], "ability": "Technician", "evs": {"hp": 85, "atk": 85, "def": 85, "spa": 85, "spd": 85, "spe": 85}, "ivs": {"hp": 31, "atk": 31, "def": 31, "spa": 31, "spd": 31, "spe": 31}, "item": "Choice Band", "teraType": "Steel", "role": "Wallbreaker", "bvs": {"hp": 70, "atk": 130, "def": 100, "spa": 55, "spd": 80, "spe": 65}, "stats": {"hp": 240, "atk": 251, "def": 204, "spa": 132, "spd": 172, "spe": 148}, "types": ["Bug", "Steel"]}, "Mienshao": {"name": "Mienshao", "species": "Mienshao", "speciesId": "mienshao", "gender": "M", "shiny": false, "level": 83, "moves": ["highjumpkick", "knockoff", "poisonjab", "uturn"], "ability": "Reckless", "evs": {"hp": 81, "atk": 85, "def": 85, "spa": 85, "spd": 85, "spe": 85}, "ivs": {"hp": 31, "atk": 31, "def": 31, "spa": 31, "spd": 31, "spe": 31}, "item": "Choice Band", "teraType": "Fighting", "role": "Wallbreaker", "bvs": {"hp": 65, "atk": 125, "def": 60, "spa": 95, "spd": 60, "spe": 105}, "stats": {"hp": 243, "atk": 255, "def": 147, "spa": 205, "spd": 147, "spe": 222}, "types": ["Fighting"]}, "Gholdengo": {"name": "Gholdengo", "species": "Gholdengo", "speciesId": "gholdengo", "gender": "N", "shiny": false, "level": 77, "moves": ["trick", "shadowball", "makeitrain", "focusblast"], "ability": "Good as Gold", "evs": {"hp": 85, "atk": 0, "def": 85, "spa": 85, "spd": 85, "spe": 85}, "ivs": {"hp": 31, "atk": 0, "def": 31, "spa": 31, "spd": 31, "spe": 31}, "item": "Choice Scarf", "teraType": "Fighting", "role": "Bulky Attacker", "bvs": {"hp": 87, "atk": 60, "def": 95, "spa": 133, "spd": 91, "spe": 84}, "stats": {"hp": 261, "atk": 97, "def": 191, "spa": 249, "spd": 185, "spe": 174}, "types": ["Steel", "Ghost"]}}, {"Solgaleo": {"name": "Solgaleo", "species": "Solgaleo", "speciesId": "solgaleo", "gender": "N", "shiny": false, "level": 74, "moves": ["knockoff", "closecombat", "morningsun", "sunsteelstrike"], "ability": "Full Metal Body", "evs": {"hp": 85, "atk": 85, "def": 85, "spa": 85, "spd": 85, "spe": 85}, "ivs": {"hp": 31, "atk": 31, "def": 31, "spa": 31, "spd": 31, "spe": 31}, "item": "Rocky Helmet", "teraType": "Water", "role": "Bulky Attacker", "bvs": {"hp": 137, "atk": 137, "def": 107, "spa": 113, "spd": 89, "spe": 97}, "stats": {"hp": 325, "atk": 246, "def": 201, "spa": 210, "spd": 175, "spe": 187}, "types": ["Psychic", "Steel"]}, "Tropius": {"name": "Tropius", "species": "Tropius", "speciesId": "tropius", "gender": "F", "shiny": false, "level": 91, "moves": ["dragondance", "dualwingbeat", "leafblade", "earthquake"], "ability": "Harvest", "evs": {"hp": 85, "atk": 85, "def": 85, "spa": 85, "spd": 85, "spe": 85}, "ivs": {"hp": 31, "atk": 31, "def": 31, "spa": 31, "spd": 31, "spe": 31}, "item": "Sitrus Berry", "teraType": "Ground", "role": "Setup Sweeper", "bvs": {"hp": 99, "atk": 68, "def": 83, "spa": 72, "spd": 87, "spe": 51}, "stats": {"hp": 328, "atk": 176, "def": 203, "spa": 183, "spd": 210, "spe": 145}, "types": ["Grass", "Flying"]}, "Granbull": {"name": "Granbull", "species": "Granbull", "speciesId": "granbull", "gender": "F", "shiny": false, "level": 88, "moves": ["roar", "playrough", "earthquake", "thunderwave"], "ability": "Intimidate", "evs": {"hp": 85, "atk": 85, "def": 85, "spa": 85, "spd": 85, "spe": 85}, "ivs": {"hp": 31, "atk": 31, "def": 31, "spa": 31, "spd": 31, "spe": 31}, "item": "Leftovers", "teraType": "Ground", "role": "Bulky Support", "bvs": {"hp": 90, "atk": 120, "def": 75, "spa": 60, "spd": 60, "spe": 45}, "stats": {"hp": 302, "atk": 261, "def": 182, "spa": 156, "spd": 156, "spe": 129}, "types": ["Fairy"]}, "Copperajah": {"name": "Copperajah", "species": "Copperajah", "speciesId": "copperajah", "gender": "M", "shiny": false, "level": 86, "moves": ["heavyslam", "supercellslam", "stoneedge", "earthquake"], "ability": "Heavy Metal", "evs": {"hp": 81, "atk": 85, "def": 85, "spa": 85, "spd": 85, "spe": 85}, "ivs": {"hp": 31, "atk": 31, "def": 31, "spa": 31, "spd": 31, "spe": 31}, "item": "Choice Band", "teraType": "Flying", "role": "Bulky Attacker", "bvs": {"hp": 122, "atk": 130, "def": 69, "spa": 80, "spd": 69, "spe": 30}, "stats": {"hp": 349, "atk": 273, "def": 168, "spa": 187, "spd": 168, "spe": 101}, "types": ["Steel"]}, "Dunsparce": {"name": "Dunsparce", "species": "Dunsparce", "speciesId": "dunsparce", "gender": "M", "shiny": false, "level": 86, "moves": ["earthquake", "bodyslam", "roost", "coil"], "ability": "Serene Grace", "evs": {"hp": 85, "atk": 85, "def": 85, "spa": 85, "spd": 85, "spe": 85}, "ivs": {"hp": 31, "atk": 31, "def": 31, "spa": 31, "spd": 31, "spe": 31}, "item": "Eviolite", "teraType": "Ground", "role": "Bulky Setup", "bvs": {"hp": 100, "atk": 70, "def": 70, "spa": 65, "spd": 65, "spe": 45}, "stats": {"hp": 312, "atk": 170, "def": 170, "spa": 161, "spd": 161, "spe": 127}, "types": ["Normal"]}, "Minior": {"name": "Minior", "species": "Minior-Orange", "speciesId": "minior", "gender": "N", "shiny": false, "level": 79, "moves": ["shellsmash", "acrobatics", "powergem", "earthquake"], "ability": "Shields Down", "evs": {"hp": 85, "atk": 85, "def": 85, "spa": 85, "spd": 85, "spe": 85}, "ivs": {"hp": 31, "atk": 31, "def": 31, "spa": 31, "spd": 31, "spe": 31}, "item": "White Herb", "teraType": "Ground", "role": "Setup Sweeper", "bvs": {"hp": 60, "atk": 100, "def": 60, "spa": 100, "spd": 60, "spe": 120}, "stats": {"hp": 224, "atk": 204, "def": 140, "spa": 204, "spd": 140, "spe": 235}, "types": ["Rock", "Flying"]}}]}