{"id": "gen9randombattle-2642096029", "format": "[Gen 9] Random Battle", "players": ["KOMBA", "jnpr010334"], "log": "|j|\u2606KOMBA\n|j|\u2606jnpr010334\n|t:|1782888997\n|gametype|singles\n|player|p1|KOMBA|lenora|1874\n|player|p2|jnpr010334|265|1946\n|gen|9\n|tier|[Gen 9] Random Battle\n|rated|\n|rule|Species Clause: Limit one of each Pok\u00e9mon\n|rule|HP Percentage Mod: HP is shown in percentages\n|rule|Sleep Clause Mod: Limit one foe put to sleep\n|rule|Illusion Level Mod: Illusion disguises the Pok\u00e9mon's true level\n|\n|t:|1782888997\n|teamsize|p1|6\n|teamsize|p2|6\n|start\n|switch|p1a: Haxorus|Haxorus, L77, M|244/244\n|switch|p2a: Beartic|Beartic, L91, F|321/321\n|-ability|p1a: Haxorus|Mold Breaker\n|turn|1\n|inactive|Battle timer is ON: inactive players will automatically lose when time's up. (requested by KOMBA)\n|inactive|jnpr010334 also wants the timer to be on.\n|\n|t:|1782889009\n|switch|p1a: Sableye|Sableye, L88, M|231/231\n|move|p2a: Beartic|Icicle Crash|p1a: Sableye\n|-damage|p1a: Sableye|84/231\n|\n|-heal|p1a: Sableye|98/231|[from] item: Leftovers\n|upkeep\n|turn|2\n|\n|t:|1782889014\n|move|p1a: Sableye|Will-O-Wisp|p2a: Beartic|[miss]\n|-miss|p1a: Sableye|p2a: Beartic\n|move|p2a: Beartic|Icicle Crash|p1a: Sableye|[miss]\n|-miss|p2a: Beartic|p1a: Sableye\n|\n|-heal|p1a: Sableye|112/231|[from] item: Leftovers\n|upkeep\n|turn|3\n|\n|t:|1782889017\n|switch|p2a: Miraidon|Miraidon, L65|238/238\n|-fieldstart|move: Electric Terrain|[from] ability: Hadron Engine|[of] p2a: Miraidon\n|move|p1a: Sableye|Will-O-Wisp|p2a: Miraidon\n|-status|p2a: Miraidon|brn\n|\n|-heal|p1a: Sableye|126/231|[from] item: Leftovers\n|-damage|p2a: Miraidon|224/238 brn|[from] brn\n|upkeep\n|turn|4\n|\n|t:|1782889025\n|switch|p1a: Iron Leaves|Iron Leaves, L80|275/275\n|-activate|p1a: Iron Leaves|ability: Quark Drive\n|-start|p1a: Iron Leaves|quarkdriveatk\n|move|p2a: Miraidon|Draco Meteor|p1a: Iron Leaves\n|-damage|p1a: Iron Leaves|82/275\n|-unboost|p2a: Miraidon|spa|2\n|\n|-damage|p2a: Miraidon|210/238 brn|[from] brn\n|upkeep\n|turn|5\n|\n|t:|1782889043\n|-end|p1a: Iron Leaves|Quark Drive|[silent]\n|switch|p1a: Sableye|Sableye, L88, M|126/231\n|move|p2a: Miraidon|Draco Meteor|p1a: Sableye\n|-damage|p1a: Sableye|0 fnt\n|-unboost|p2a: Miraidon|spa|2\n|faint|p1a: Sableye\n|\n|-damage|p2a: Miraidon|196/238 brn|[from] brn\n|upkeep\n|\n|t:|1782889047\n|switch|p1a: Iron Leaves|Iron Leaves, L80|82/275\n|-activate|p1a: Iron Leaves|ability: Quark Drive\n|-start|p1a: Iron Leaves|quarkdriveatk\n|turn|6\n|\n|t:|1782889055\n|switch|p2a: Ceruledge|Ceruledge, L78, F|245/245\n|move|p1a: Iron Leaves|Psyblade|p2a: Ceruledge\n|-damage|p2a: Ceruledge|0 fnt\n|faint|p2a: Ceruledge\n|-damage|p1a: Iron Leaves|55/275|[from] item: Life Orb\n|\n|upkeep\n|\n|t:|1782889057\n|switch|p2a: Polteageist|Polteageist-Antique, L78|222/222\n|turn|7\n|\n|t:|1782889062\n|move|p1a: Iron Leaves|Psyblade|p2a: Polteageist\n|-damage|p2a: Polteageist|0 fnt\n|faint|p2a: Polteageist\n|-damage|p1a: Iron Leaves|28/275|[from] item: Life Orb\n|\n|-fieldend|move: Electric Terrain\n|-end|p1a: Iron Leaves|Quark Drive\n|upkeep\n|\n|t:|1782889066\n|switch|p2a: Ursaring|Ursaring, L84, F|288/288\n|turn|8\n|\n|t:|1782889069\n|move|p1a: Iron Leaves|Close Combat|p2a: Ursaring\n|-supereffective|p2a: Ursaring\n|-damage|p2a: Ursaring|83/288\n|-unboost|p1a: Iron Leaves|def|1\n|-unboost|p1a: Iron Leaves|spd|1\n|-damage|p1a: Iron Leaves|1/275|[from] item: Life Orb\n|move|p2a: Ursaring|Body Slam|p1a: Iron Leaves\n|-damage|p1a: Iron Leaves|0 fnt\n|faint|p1a: Iron Leaves\n|-end|p1a: Iron Leaves|Quark Drive|[silent]\n|\n|upkeep\n|inactive|KOMBA has 120 seconds left.\n|\n|t:|1782889106\n|switch|p1a: Ambipom|Ambipom, L84, F|263/263\n|turn|9\n|inactive|KOMBA has 120 seconds left.\n|\n|t:|1782889117\n|move|p1a: Ambipom|Double-Edge|p2a: Ursaring\n|-crit|p2a: Ursaring\n|-damage|p2a: Ursaring|0 fnt\n|faint|p2a: Ursaring\n|-damage|p1a: Ambipom|236/263|[from] Recoil\n|\n|upkeep\n|\n|t:|1782889119\n|switch|p2a: Beartic|Beartic, L91, F|321/321\n|turn|10\n|\n|t:|1782889131\n|move|p1a: Ambipom|Double-Edge|p2a: Beartic\n|-damage|p2a: Beartic|119/321\n|-damage|p1a: Ambipom|169/263|[from] Recoil\n|move|p2a: Beartic|Snowscape|p2a: Beartic\n|-weather|Snowscape\n|\n|-weather|Snowscape|[upkeep]\n|upkeep\n|turn|11\n|\n|t:|1782889134\n|move|p2a: Beartic|Close Combat|p1a: Ambipom\n|-supereffective|p1a: Ambipom\n|-damage|p1a: Ambipom|0 fnt\n|-unboost|p2a: Beartic|def|1\n|-unboost|p2a: Beartic|spd|1\n|faint|p1a: Ambipom\n|\n|-weather|Snowscape|[upkeep]\n|upkeep\n|\n|t:|1782889144\n|switch|p1a: Haxorus|Haxorus, L77, M|219/219\n|turn|12\n|\n|t:|1782889152\n|move|p2a: Beartic|Icicle Crash|p1a: Haxorus\n|-damage|p1a: Haxorus|41/219\n|replace|p1a: Zoroark|Zoroark-Hisui, L80, F\n|-end|p1a: Zoroark|Illusion\n|-hint|Illusion Level Mod is active, so this Pok\u00e9mon's true level was hidden.\n|move|p1a: Zoroark|Hyper Voice|p2a: Beartic\n|-damage|p2a: Beartic|0 fnt\n|faint|p2a: Beartic\n|-damage|p1a: Zoroark|20/219|[from] item: Life Orb\n|\n|-weather|Snowscape|[upkeep]\n|upkeep\n|\n|t:|1782889153\n|switch|p2a: Miraidon|Miraidon, L65|196/238 brn\n|-fieldstart|move: Electric Terrain|[from] ability: Hadron Engine|[of] p2a: Miraidon\n|turn|13\n|\n|t:|1782889161\n|move|p1a: Zoroark|Hyper Voice|p2a: Miraidon\n|-crit|p2a: Miraidon\n|-damage|p2a: Miraidon|0 fnt\n|faint|p2a: Miraidon\n|-damage|p1a: Zoroark|0 fnt|[from] item: Life Orb\n|faint|p1a: Zoroark\n|\n|-weather|Snowscape|[upkeep]\n|upkeep\n|\n|t:|1782889172\n|switch|p1a: Haxorus|Haxorus, L77, M|244/244\n|switch|p2a: Hatterene|Hatterene, L85, F|236/236\n|-ability|p1a: Haxorus|Mold Breaker\n|turn|14\n|\n|t:|1782889176\n|-terastallize|p1a: Haxorus|Steel\n|-terastallize|p2a: Hatterene|Fairy\n|move|p1a: Haxorus|Iron Head|p2a: Hatterene\n|-supereffective|p2a: Hatterene\n|-damage|p2a: Hatterene|54/236\n|move|p2a: Hatterene|Draining Kiss|p1a: Haxorus\n|-resisted|p1a: Haxorus\n|-damage|p1a: Haxorus|170/244\n|-heal|p2a: Hatterene|110/236|[from] drain|[of] p1a: Haxorus\n|\n|-weather|none\n|-heal|p2a: Hatterene|124/236|[from] item: Leftovers\n|upkeep\n|turn|15\n|\n|t:|1782889179\n|move|p1a: Haxorus|Iron Head|p2a: Hatterene\n|-supereffective|p2a: Hatterene\n|-damage|p2a: Hatterene|0 fnt\n|faint|p2a: Hatterene\n|\n|win|KOMBA\n|raw|KOMBA's rating: 1874 &rarr; <strong>1895</strong><br />(+21 for winning)\n|raw|jnpr010334's rating: 1883 &rarr; <strong>1862</strong><br />(-21 for losing)\n", "inputlog": ">version f8ac14003a5f27e1bdc8d8c59608a773c1cb96e5\n>start {\"formatid\":\"gen9randombattle\",\"seed\":\"sodium,381e06435bd2c246e968b8d79333faf7\",\"rated\":\"Rated battle\"}\n>player p1 {\"name\":\"KOMBA\",\"avatar\":\"lenora\",\"rating\":1874,\"seed\":\"sodium,b6b811aa36009bc2a9604ac6ef060e7a\"}\n>player p2 {\"name\":\"jnpr010334\",\"avatar\":\"265\",\"rating\":1946,\"seed\":\"sodium,2850f454e1dc79a984c5bb7fb1cc5643\"}\n>p1 switch 5\n>p2 move iciclecrash\n>p1 move willowisp\n>p2 move iciclecrash\n>p1 move willowisp\n>p2 switch 4\n>p1 switch 4\n>p2 move dracometeor\n>p1 switch 4\n>p2 move dracometeor\n>p1 switch 4\n>p1 move psyblade\n>p2 switch 2\n>p2 switch 3\n>p1 move psyblade\n>p2 move shellsmash\n>p2 switch 5\n>p1 move closecombat\n>p2 move bodyslam\n>p1 switch 6\n>p1 move doubleedge\n>p2 move bodyslam\n>p2 switch 4\n>p1 move doubleedge\n>p2 move snowscape\n>p1 move doubleedge\n>p2 move closecombat\n>p1 switch 2\n>p1 move hypervoice\n>p2 move iciclecrash\n>p2 switch 2\n>p1 move hypervoice\n>p2 move electrodrift\n>p1 switch 5\n>p2 switch 6\n>p1 move ironhead terastallize\n>p2 move drainingkiss terastallize\n>p1 move ironhead\n>p2 move drainingkiss", "uploadtime": 1782889179, "views": 3, "formatid": "gen9randombattle", "rating": 1862, "private": 0, "password": null, "player_dets": [{"name": "KOMBA", "avatar": "lenora", "rating": 1874, "seed": "sodium,b6b811aa36009bc2a9604ac6ef060e7a"}, {"name": "jnpr010334", "avatar": "265", "rating": 1946, "seed": "sodium,2850f454e1dc79a984c5bb7fb1cc5643"}], "teams_full": [{"Haxorus": {"name": "Haxorus", "species": "Haxorus", "speciesId": "haxorus", "gender": "M", "shiny": false, "level": 77, "moves": ["scaleshot", "ironhead", "swordsdance", "closecombat"], "ability": "Mold Breaker", "evs": {"hp": 85, "atk": 85, "def": 85, "spa": 85, "spd": 85, "spe": 85}, "ivs": {"hp": 31, "atk": 31, "def": 31, "spa": 31, "spd": 31, "spe": 31}, "item": "Loaded Dice", "teraType": "Steel", "role": "Fast Bulky Setup", "bvs": {"hp": 76, "atk": 147, "def": 90, "spa": 60, "spd": 70, "spe": 97}, "stats": {"hp": 244, "atk": 271, "def": 183, "spa": 137, "spd": 152, "spe": 194}, "types": ["Dragon"]}, "Zoroark": {"name": "Zoroark", "species": "Zoroark-Hisui", "speciesId": "zoroarkhisui", "gender": "F", "shiny": false, "level": 80, "moves": ["poltergeist", "focusblast", "hypervoice", "willowisp"], "ability": "Illusion", "evs": {"hp": 85, "atk": 85, "def": 85, "spa": 85, "spd": 85, "spe": 85}, "ivs": {"hp": 31, "atk": 31, "def": 31, "spa": 31, "spd": 31, "spe": 31}, "item": "Life Orb", "teraType": "Fighting", "role": "Fast Attacker", "bvs": {"hp": 55, "atk": 100, "def": 60, "spa": 125, "spd": 60, "spe": 110}, "stats": {"hp": 219, "atk": 206, "def": 142, "spa": 246, "spd": 142, "spe": 222}, "types": ["Normal", "Ghost"]}, "Zekrom": {"name": "Zekrom", "species": "Zekrom", "speciesId": "zekrom", "gender": "N", "shiny": false, "level": 71, "moves": ["outrage", "dragondance", "boltstrike", "substitute"], "ability": "Teravolt", "evs": {"hp": 85, "atk": 85, "def": 85, "spa": 85, "spd": 85, "spe": 85}, "ivs": {"hp": 31, "atk": 31, "def": 31, "spa": 31, "spd": 31, "spe": 31}, "item": "Leftovers", "teraType": "Grass", "role": "Setup Sweeper", "bvs": {"hp": 100, "atk": 150, "def": 120, "spa": 120, "spd": 100, "spe": 90}, "stats": {"hp": 259, "atk": 254, "def": 212, "spa": 212, "spd": 183, "spe": 169}, "types": ["Dragon", "Electric"]}, "Iron Leaves": {"name": "Iron Leaves", "species": "Iron Leaves", "speciesId": "ironleaves", "gender": "N", "shiny": false, "level": 80, "moves": ["closecombat", "swordsdance", "leafblade", "psyblade"], "ability": "Quark Drive", "evs": {"hp": 85, "atk": 85, "def": 85, "spa": 85, "spd": 85, "spe": 85}, "ivs": {"hp": 31, "atk": 31, "def": 31, "spa": 31, "spd": 31, "spe": 31}, "item": "Life Orb", "teraType": "Fighting", "role": "Wallbreaker", "bvs": {"hp": 90, "atk": 130, "def": 88, "spa": 70, "spd": 108, "spe": 104}, "stats": {"hp": 275, "atk": 254, "def": 187, "spa": 158, "spd": 219, "spe": 213}, "types": ["Grass", "Psychic"]}, "Sableye": {"name": "Sableye", "species": "Sableye", "speciesId": "sableye", "gender": "M", "shiny": false, "level": 88, "moves": ["willowisp", "recover", "knockoff", "encore"], "ability": "Prankster", "evs": {"hp": 85, "atk": 85, "def": 85, "spa": 85, "spd": 85, "spe": 85}, "ivs": {"hp": 31, "atk": 31, "def": 31, "spa": 31, "spd": 31, "spe": 31}, "item": "Leftovers", "teraType": "Poison", "role": "Bulky Support", "bvs": {"hp": 50, "atk": 75, "def": 75, "spa": 65, "spd": 65, "spe": 50}, "stats": {"hp": 231, "atk": 182, "def": 182, "spa": 165, "spd": 165, "spe": 138}, "types": ["Dark", "Ghost"]}, "Ambipom": {"name": "Ambipom", "species": "Ambipom", "speciesId": "ambipom", "gender": "F", "shiny": false, "level": 84, "moves": ["lowkick", "doubleedge", "knockoff", "tripleaxel"], "ability": "Technician", "evs": {"hp": 85, "atk": 85, "def": 85, "spa": 85, "spd": 85, "spe": 85}, "ivs": {"hp": 31, "atk": 31, "def": 31, "spa": 31, "spd": 31, "spe": 31}, "item": "Choice Band", "teraType": "Ice", "role": "Fast Attacker", "bvs": {"hp": 75, "atk": 100, "def": 66, "spa": 60, "spd": 66, "spe": 115}, "stats": {"hp": 263, "atk": 216, "def": 159, "spa": 149, "spd": 159, "spe": 241}, "types": ["Normal"]}}, {"Beartic": {"name": "Beartic", "species": "Beartic", "speciesId": "beartic", "gender": "F", "shiny": false, "level": 91, "moves": ["swordsdance", "iciclecrash", "closecombat", "snowscape"], "ability": "Slush Rush", "evs": {"hp": 85, "atk": 85, "def": 85, "spa": 85, "spd": 85, "spe": 85}, "ivs": {"hp": 31, "atk": 31, "def": 31, "spa": 31, "spd": 31, "spe": 31}, "item": "Heavy-Duty Boots", "teraType": "Fighting", "role": "Wallbreaker", "bvs": {"hp": 95, "atk": 130, "def": 80, "spa": 70, "spd": 80, "spe": 50}, "stats": {"hp": 321, "atk": 288, "def": 197, "spa": 179, "spd": 197, "spe": 143}, "types": ["Ice"]}, "Ceruledge": {"name": "Ceruledge", "species": "Ceruledge", "speciesId": "ceruledge", "gender": "F", "shiny": false, "level": 78, "moves": ["shadowsneak", "poltergeist", "bitterblade", "swordsdance"], "ability": "Weak Armor", "evs": {"hp": 85, "atk": 85, "def": 85, "spa": 85, "spd": 85, "spe": 85}, "ivs": {"hp": 31, "atk": 31, "def": 31, "spa": 31, "spd": 31, "spe": 31}, "item": "Heavy-Duty Boots", "teraType": "Fire", "role": "Setup Sweeper", "bvs": {"hp": 75, "atk": 125, "def": 80, "spa": 60, "spd": 100, "spe": 85}, "stats": {"hp": 245, "atk": 240, "def": 170, "spa": 139, "spd": 201, "spe": 178}, "types": ["Fire", "Ghost"]}, "Polteageist": {"name": "Polteageist", "species": "Polteageist-Antique", "speciesId": "polteageist", "gender": "N", "shiny": false, "level": 78, "moves": ["shellsmash", "storedpower", "strengthsap", "shadowball"], "ability": "Cursed Body", "evs": {"hp": 85, "atk": 0, "def": 85, "spa": 85, "spd": 85, "spe": 85}, "ivs": {"hp": 31, "atk": 0, "def": 31, "spa": 31, "spd": 31, "spe": 31}, "item": "White Herb", "teraType": "Psychic", "role": "Setup Sweeper", "bvs": {"hp": 60, "atk": 65, "def": 65, "spa": 134, "spd": 114, "spe": 70}, "stats": {"hp": 222, "atk": 106, "def": 146, "spa": 254, "spd": 223, "spe": 154}, "types": ["Ghost"]}, "Miraidon": {"name": "Miraidon", "species": "Miraidon", "speciesId": "miraidon", "gender": "N", "shiny": false, "level": 65, "moves": ["electrodrift", "overheat", "dracometeor", "voltswitch"], "ability": "Hadron Engine", "evs": {"hp": 85, "atk": 0, "def": 85, "spa": 85, "spd": 85, "spe": 85}, "ivs": {"hp": 31, "atk": 0, "def": 31, "spa": 31, "spd": 31, "spe": 31}, "item": "Choice Specs", "teraType": "Electric", "role": "Fast Attacker", "bvs": {"hp": 100, "atk": 85, "def": 100, "spa": 135, "spd": 115, "spe": 135}, "stats": {"hp": 238, "atk": 115, "def": 168, "spa": 214, "spd": 188, "spe": 214}, "types": ["Electric", "Dragon"]}, "Ursaring": {"name": "Ursaring", "species": "Ursaring", "speciesId": "ursaring", "gender": "F", "shiny": false, "level": 84, "moves": ["earthquake", "sleeptalk", "rest", "bodyslam"], "ability": "Guts", "evs": {"hp": 85, "atk": 85, "def": 85, "spa": 85, "spd": 85, "spe": 85}, "ivs": {"hp": 31, "atk": 31, "def": 31, "spa": 31, "spd": 31, "spe": 31}, "item": "Eviolite", "teraType": "Ground", "role": "Bulky Attacker", "bvs": {"hp": 90, "atk": 130, "def": 75, "spa": 75, "spd": 75, "spe": 55}, "stats": {"hp": 288, "atk": 267, "def": 174, "spa": 174, "spd": 174, "spe": 141}, "types": ["Normal"]}, "Hatterene": {"name": "Hatterene", "species": "Hatterene", "speciesId": "hatterene", "gender": "F", "shiny": false, "level": 85, "moves": ["mysticalfire", "drainingkiss", "calmmind", "psychic"], "ability": "Magic Bounce", "evs": {"hp": 85, "atk": 0, "def": 85, "spa": 85, "spd": 85, "spe": 85}, "ivs": {"hp": 31, "atk": 0, "def": 31, "spa": 31, "spd": 31, "spe": 31}, "item": "Leftovers", "teraType": "Fairy", "role": "Bulky Setup", "bvs": {"hp": 57, "atk": 90, "def": 95, "spa": 136, "spd": 103, "spe": 29}, "stats": {"hp": 236, "atk": 158, "def": 210, "spa": 280, "spd": 224, "spe": 98}, "types": ["Psychic", "Fairy"]}}]}