{"id": "gen9randombattle-2641817539", "format": "[Gen 9] Random Battle", "players": ["Kamenrider21", "BurrowingKroc"], "log": "|j|\u2606Kamenrider21\n|j|\u2606BurrowingKroc\n|t:|1782845499\n|gametype|singles\n|player|p1|Kamenrider21|170|\n|player|p2|BurrowingKroc|2|\n|gen|9\n|tier|[Gen 9] Random Battle\n|rule|Species Clause: Limit one of each Pok\u00e9mon\n|rule|HP Percentage Mod: HP is shown in percentages\n|rule|Sleep Clause Mod: Limit one foe put to sleep\n|rule|Illusion Level Mod: Illusion disguises the Pok\u00e9mon's true level\n|\n|t:|1782845499\n|teamsize|p1|6\n|teamsize|p2|6\n|start\n|switch|p1a: Weezing|Weezing, L88, M|258/258\n|switch|p2a: Skeledirge|Skeledirge, L79, F|294/294\n|turn|1\n|inactive|Battle timer is ON: inactive players will automatically lose when time's up. (requested by Kamenrider21)\n|\n|t:|1782845519\n|-terastallize|p2a: Skeledirge|Fairy\n|move|p1a: Weezing|Gunk Shot|p2a: Skeledirge\n|-supereffective|p2a: Skeledirge\n|-damage|p2a: Skeledirge|54/294\n|-status|p2a: Skeledirge|psn\n|move|p2a: Skeledirge|Torch Song|p1a: Weezing\n|-damage|p1a: Weezing|167/258\n|-boost|p2a: Skeledirge|spa|1\n|\n|-heal|p1a: Weezing|183/258|[from] item: Leftovers\n|-damage|p2a: Skeledirge|18/294 psn|[from] psn\n|upkeep\n|turn|2\n|\n|t:|1782845533\n|move|p1a: Weezing|Gunk Shot|p2a: Skeledirge\n|-supereffective|p2a: Skeledirge\n|-damage|p2a: Skeledirge|0 fnt\n|faint|p2a: Skeledirge\n|\n|-heal|p1a: Weezing|199/258|[from] item: Leftovers\n|upkeep\n|\n|t:|1782845544\n|switch|p2a: Cresselia|Cresselia, L80, F|323/323\n|turn|3\n|\n|t:|1782845551\n|move|p2a: Cresselia|Thunderbolt|p1a: Weezing\n|-damage|p1a: Weezing|148/258\n|move|p1a: Weezing|Will-O-Wisp|p2a: Cresselia\n|-status|p2a: Cresselia|brn\n|\n|-heal|p1a: Weezing|164/258|[from] item: Leftovers\n|-damage|p2a: Cresselia|303/323 brn|[from] brn\n|upkeep\n|turn|4\n|\n|t:|1782845563\n|move|p2a: Cresselia|Calm Mind|p2a: Cresselia\n|-boost|p2a: Cresselia|spa|1\n|-boost|p2a: Cresselia|spd|1\n|move|p1a: Weezing|Pain Split|p2a: Cresselia\n|-sethp|p2a: Cresselia|233/323 brn|[from] move: Pain Split|[silent]\n|-sethp|p1a: Weezing|233/258|[from] move: Pain Split\n|\n|-heal|p2a: Cresselia|253/323 brn|[from] item: Leftovers\n|-heal|p1a: Weezing|249/258|[from] item: Leftovers\n|-damage|p2a: Cresselia|233/323 brn|[from] brn\n|upkeep\n|turn|5\n|\n|t:|1782845574\n|move|p2a: Cresselia|Calm Mind|p2a: Cresselia\n|-boost|p2a: Cresselia|spa|1\n|-boost|p2a: Cresselia|spd|1\n|move|p1a: Weezing|Fire Blast|p2a: Cresselia\n|-damage|p2a: Cresselia|199/323 brn\n|\n|-heal|p2a: Cresselia|219/323 brn|[from] item: Leftovers\n|-heal|p1a: Weezing|258/258|[from] item: Leftovers\n|-damage|p2a: Cresselia|199/323 brn|[from] brn\n|upkeep\n|turn|6\n|\n|t:|1782845586\n|move|p2a: Cresselia|Psyshock|p1a: Weezing\n|-supereffective|p1a: Weezing\n|-damage|p1a: Weezing|76/258\n|move|p1a: Weezing|Gunk Shot|p2a: Cresselia\n|-damage|p2a: Cresselia|82/323 brn\n|\n|-heal|p2a: Cresselia|102/323 brn|[from] item: Leftovers\n|-heal|p1a: Weezing|92/258|[from] item: Leftovers\n|-damage|p2a: Cresselia|82/323 brn|[from] brn\n|upkeep\n|turn|7\n|\n|t:|1782845596\n|move|p2a: Cresselia|Psyshock|p1a: Weezing\n|-supereffective|p1a: Weezing\n|-damage|p1a: Weezing|0 fnt\n|faint|p1a: Weezing\n|\n|-heal|p2a: Cresselia|102/323 brn|[from] item: Leftovers\n|-damage|p2a: Cresselia|82/323 brn|[from] brn\n|upkeep\n|\n|t:|1782845606\n|switch|p1a: Venomoth|Venomoth, L84, M|255/255\n|turn|8\n|\n|t:|1782845616\n|move|p1a: Venomoth|Quiver Dance|p1a: Venomoth\n|-boost|p1a: Venomoth|spa|1\n|-boost|p1a: Venomoth|spd|1\n|-boost|p1a: Venomoth|spe|1\n|move|p2a: Cresselia|Moonlight|p2a: Cresselia\n|-heal|p2a: Cresselia|243/323 brn\n|\n|-heal|p2a: Cresselia|263/323 brn|[from] item: Leftovers\n|-damage|p2a: Cresselia|243/323 brn|[from] brn\n|upkeep\n|turn|9\n|\n|t:|1782845628\n|move|p1a: Venomoth|Quiver Dance|p1a: Venomoth\n|-boost|p1a: Venomoth|spa|1\n|-boost|p1a: Venomoth|spd|1\n|-boost|p1a: Venomoth|spe|1\n|move|p2a: Cresselia|Psyshock|p1a: Venomoth\n|-supereffective|p1a: Venomoth\n|-damage|p1a: Venomoth|0 fnt\n|faint|p1a: Venomoth\n|\n|-heal|p2a: Cresselia|263/323 brn|[from] item: Leftovers\n|-damage|p2a: Cresselia|243/323 brn|[from] brn\n|upkeep\n|\n|t:|1782845650\n|switch|p1a: Hoopa|Hoopa-Unbound, L80|259/259\n|turn|10\n|\n|t:|1782845661\n|move|p2a: Cresselia|Thunderbolt|p1a: Hoopa\n|-damage|p1a: Hoopa|209/259\n|move|p1a: Hoopa|Hyperspace Fury|p2a: Cresselia\n|-supereffective|p2a: Cresselia\n|-damage|p2a: Cresselia|3/323 brn\n|-unboost|p1a: Hoopa|def|1\n|\n|-heal|p2a: Cresselia|23/323 brn|[from] item: Leftovers\n|-damage|p2a: Cresselia|3/323 brn|[from] brn\n|upkeep\n|turn|11\n|\n|t:|1782845672\n|switch|p1a: Keldeo|Keldeo-Resolute, L79|273/273\n|move|p2a: Cresselia|Thunderbolt|p1a: Keldeo\n|-supereffective|p1a: Keldeo\n|-damage|p1a: Keldeo|61/273\n|\n|-heal|p1a: Keldeo|78/273|[from] item: Leftovers\n|-heal|p2a: Cresselia|23/323 brn|[from] item: Leftovers\n|-damage|p2a: Cresselia|3/323 brn|[from] brn\n|upkeep\n|turn|12\n|\n|t:|1782845683\n|move|p1a: Keldeo|Substitute|p1a: Keldeo\n|-start|p1a: Keldeo|Substitute\n|-damage|p1a: Keldeo|10/273\n|move|p2a: Cresselia|Thunderbolt|p1a: Keldeo\n|-supereffective|p1a: Keldeo\n|-end|p1a: Keldeo|Substitute\n|\n|-heal|p1a: Keldeo|27/273|[from] item: Leftovers\n|-heal|p2a: Cresselia|23/323 brn|[from] item: Leftovers\n|-damage|p2a: Cresselia|3/323 brn|[from] brn\n|upkeep\n|turn|13\n|\n|t:|1782845693\n|move|p1a: Keldeo|Surf|p2a: Cresselia\n|-damage|p2a: Cresselia|0 fnt\n|faint|p2a: Cresselia\n|\n|-heal|p1a: Keldeo|44/273|[from] item: Leftovers\n|upkeep\n|\n|t:|1782845704\n|switch|p2a: Arceus|Arceus-Electric, L70|284/284\n|turn|14\n|\n|t:|1782845712\n|move|p1a: Keldeo|Surf|p2a: Arceus\n|-damage|p2a: Arceus|179/284\n|move|p2a: Arceus|Judgment|p1a: Keldeo\n|-supereffective|p1a: Keldeo\n|-damage|p1a: Keldeo|0 fnt\n|faint|p1a: Keldeo\n|\n|upkeep\n|\n|t:|1782845721\n|switch|p1a: Raging Bolt|Raging Bolt, L78|323/323\n|turn|15\n|\n|t:|1782845732\n|move|p2a: Arceus|Ice Beam|p1a: Raging Bolt\n|-supereffective|p1a: Raging Bolt\n|-damage|p1a: Raging Bolt|241/323\n|move|p1a: Raging Bolt|Draco Meteor|p2a: Arceus|[miss]\n|-miss|p1a: Raging Bolt|p2a: Arceus\n|\n|upkeep\n|turn|16\n|\n|t:|1782845740\n|move|p2a: Arceus|Ice Beam|p1a: Raging Bolt\n|-supereffective|p1a: Raging Bolt\n|-damage|p1a: Raging Bolt|161/323\n|move|p1a: Raging Bolt|Draco Meteor|p2a: Arceus\n|-damage|p2a: Arceus|41/284\n|-unboost|p1a: Raging Bolt|spa|2\n|\n|upkeep\n|turn|17\n|\n|t:|1782845748\n|-terastallize|p1a: Raging Bolt|Electric\n|move|p2a: Arceus|Ice Beam|p1a: Raging Bolt\n|-damage|p1a: Raging Bolt|121/323\n|move|p1a: Raging Bolt|Draco Meteor|p2a: Arceus\n|-damage|p2a: Arceus|0 fnt\n|-unboost|p1a: Raging Bolt|spa|2\n|faint|p2a: Arceus\n|\n|upkeep\n|\n|t:|1782845762\n|switch|p2a: Espeon|Espeon, L84, F|246/246\n|turn|18\n|\n|t:|1782845768\n|-end|p1a: Raging Bolt|Protosynthesis|[silent]\n|switch|p1a: Hoopa|Hoopa-Unbound, L80|209/259\n|move|p2a: Espeon|Psychic|p1a: Hoopa\n|-immune|p1a: Hoopa\n|\n|upkeep\n|turn|19\n|\n|t:|1782845775\n|move|p2a: Espeon|Shadow Ball|p1a: Hoopa\n|-damage|p1a: Hoopa|156/259\n|-unboost|p1a: Hoopa|spd|1\n|-damage|p2a: Espeon|222/246|[from] item: Life Orb\n|move|p1a: Hoopa|Hyperspace Fury|p2a: Espeon\n|-supereffective|p2a: Espeon\n|-damage|p2a: Espeon|0 fnt\n|-unboost|p1a: Hoopa|def|1\n|faint|p2a: Espeon\n|\n|upkeep\n|\n|t:|1782845787\n|switch|p2a: Tentacruel|Tentacruel, L84, F|272/272\n|turn|20\n|\n|t:|1782845794\n|move|p2a: Tentacruel|Sludge Bomb|p1a: Hoopa\n|-damage|p1a: Hoopa|90/259\n|-status|p1a: Hoopa|psn\n|move|p1a: Hoopa|Psychic|p2a: Tentacruel\n|-supereffective|p2a: Tentacruel\n|-damage|p2a: Tentacruel|42/272\n|\n|-heal|p2a: Tentacruel|59/272|[from] item: Leftovers\n|-damage|p1a: Hoopa|58/259 psn|[from] psn\n|upkeep\n|turn|21\n|\n|t:|1782845806\n|move|p2a: Tentacruel|Sludge Bomb|p1a: Hoopa\n|-damage|p1a: Hoopa|0 fnt\n|faint|p1a: Hoopa\n|\n|-heal|p2a: Tentacruel|76/272|[from] item: Leftovers\n|upkeep\n|\n|t:|1782845811\n|switch|p1a: Raging Bolt|Raging Bolt, L78, tera:Electric|121/323\n|turn|22\n|\n|t:|1782845817\n|move|p1a: Raging Bolt|Thunderclap|p2a: Tentacruel\n|-supereffective|p2a: Tentacruel\n|-damage|p2a: Tentacruel|0 fnt\n|faint|p2a: Tentacruel\n|\n|upkeep\n|\n|t:|1782845822\n|switch|p2a: Primarina|Primarina, L83, F|268/268\n|turn|23\n|\n|t:|1782845839\n|move|p1a: Raging Bolt|Discharge|p2a: Primarina\n|-supereffective|p2a: Primarina\n|-damage|p2a: Primarina|72/268\n|move|p2a: Primarina|Moonblast|p1a: Raging Bolt\n|-damage|p1a: Raging Bolt|0 fnt\n|faint|p1a: Raging Bolt\n|-end|p1a: Raging Bolt|Protosynthesis|[silent]\n|\n|upkeep\n|\n|t:|1782845846\n|switch|p1a: Phione|Phione, L91|293/293\n|turn|24\n|\n|t:|1782845852\n|move|p1a: Phione|Sleep Talk||[still]\n|-fail|p1a: Phione\n|move|p2a: Primarina|Moonblast|p1a: Phione\n|-damage|p1a: Phione|97/293\n|\n|-heal|p1a: Phione|115/293|[from] item: Leftovers\n|upkeep\n|turn|25\n|\n|t:|1782845860\n|move|p1a: Phione|Scald|p2a: Primarina\n|-resisted|p2a: Primarina\n|-damage|p2a: Primarina|35/268\n|move|p2a: Primarina|Moonblast|p1a: Phione\n|-damage|p1a: Phione|0 fnt\n|faint|p1a: Phione\n|\n|win|BurrowingKroc\n|l|\u2606BurrowingKroc\n|player|p2|\n", "inputlog": ">version f8ac14003a5f27e1bdc8d8c59608a773c1cb96e5\n>start {\"formatid\":\"gen9randombattle\",\"seed\":\"sodium,7b8d824e06105d1c395711a85e8cd6fd\"}\n>player p1 {\"name\":\"Kamenrider21\",\"avatar\":\"170\",\"rating\":0,\"seed\":\"sodium,5447743063e3f51d455b35bfc3395b0c\"}\n>player p2 {\"name\":\"BurrowingKroc\",\"avatar\":\"2\",\"rating\":0,\"seed\":\"sodium,860a25a020b48035868fa3a455b47283\"}\n>p1 move gunkshot\n>p2 move torchsong terastallize\n>p1 move gunkshot\n>p2 move torchsong\n>p2 switch 6\n>p1 move willowisp\n>p2 move thunderbolt\n>p1 move painsplit\n>p2 move calmmind\n>p1 move fireblast\n>p2 move calmmind\n>p1 move gunkshot\n>p2 move psyshock\n>p1 move painsplit\n>p2 move psyshock\n>p1 switch 3\n>p1 move quiverdance\n>p2 move moonlight\n>p1 move quiverdance\n>p2 move psyshock\n>p1 switch 6\n>p1 move hyperspacefury\n>p2 move thunderbolt\n>p1 switch 2\n>p2 move thunderbolt\n>p1 move substitute\n>p2 move thunderbolt\n>p1 move surf\n>p2 move thunderbolt\n>p2 switch 4\n>p1 move surf\n>p2 move judgment\n>p1 switch 5\n>p1 move dracometeor\n>p2 move icebeam\n>p1 move dracometeor\n>p2 move icebeam\n>p1 move dracometeor terastallize\n>p2 move icebeam\n>p2 switch 5\n>p1 switch 2\n>p2 move psychic\n>p1 move hyperspacefury\n>p2 move shadowball\n>p2 switch 2\n>p1 move psychic\n>p2 move sludgebomb\n>p1 move psychic\n>p2 move sludgebomb\n>p1 switch 2\n>p1 move thunderclap\n>p2 move sludgebomb\n>p2 switch 3\n>p1 move discharge\n>p2 move moonblast\n>p1 switch 4\n>p1 move sleeptalk\n>p2 move moonblast\n>p1 move scald\n>p2 move moonblast", "uploadtime": 1782845883, "views": 8, "formatid": "gen9randombattle", "rating": null, "private": 0, "password": null, "player_dets": [{"name": "Kamenrider21", "avatar": "170", "rating": 0, "seed": "sodium,5447743063e3f51d455b35bfc3395b0c"}, {"name": "BurrowingKroc", "avatar": "2", "rating": 0, "seed": "sodium,860a25a020b48035868fa3a455b47283"}], "teams_full": [{"Weezing": {"name": "Weezing", "species": "Weezing", "speciesId": "weezing", "gender": "M", "shiny": false, "level": 88, "moves": ["painsplit", "gunkshot", "fireblast", "willowisp"], "ability": "Levitate", "evs": {"hp": 85, "atk": 85, "def": 85, "spa": 85, "spd": 85, "spe": 85}, "ivs": {"hp": 31, "atk": 31, "def": 31, "spa": 31, "spd": 31, "spe": 31}, "item": "Leftovers", "teraType": "Steel", "role": "Bulky Attacker", "bvs": {"hp": 65, "atk": 90, "def": 120, "spa": 85, "spd": 70, "spe": 60}, "stats": {"hp": 258, "atk": 209, "def": 261, "spa": 200, "spd": 173, "spe": 156}, "types": ["Poison"]}, "Keldeo": {"name": "Keldeo", "species": "Keldeo-Resolute", "speciesId": "keldeoresolute", "gender": "N", "shiny": false, "level": 79, "moves": ["calmmind", "secretsword", "surf", "substitute"], "ability": "Justified", "evs": {"hp": 85, "atk": 0, "def": 85, "spa": 85, "spd": 85, "spe": 85}, "ivs": {"hp": 31, "atk": 0, "def": 31, "spa": 31, "spd": 31, "spe": 31}, "item": "Leftovers", "teraType": "Steel", "role": "Bulky Setup", "bvs": {"hp": 91, "atk": 72, "def": 90, "spa": 129, "spd": 90, "spe": 108}, "stats": {"hp": 273, "atk": 118, "def": 188, "spa": 249, "spd": 188, "spe": 216}, "types": ["Water", "Fighting"]}, "Venomoth": {"name": "Venomoth", "species": "Venomoth", "speciesId": "venomoth", "gender": "M", "shiny": false, "level": 84, "moves": ["bugbuzz", "quiverdance", "sleeppowder", "sludgewave"], "ability": "Tinted Lens", "evs": {"hp": 85, "atk": 0, "def": 85, "spa": 85, "spd": 85, "spe": 85}, "ivs": {"hp": 31, "atk": 0, "def": 31, "spa": 31, "spd": 31, "spe": 31}, "item": "Heavy-Duty Boots", "teraType": "Poison", "role": "Setup Sweeper", "bvs": {"hp": 70, "atk": 65, "def": 60, "spa": 90, "spd": 75, "spe": 90}, "stats": {"hp": 255, "atk": 114, "def": 149, "spa": 199, "spd": 174, "spe": 199}, "types": ["Bug", "Poison"]}, "Phione": {"name": "Phione", "species": "Phione", "speciesId": "phione", "gender": "N", "shiny": false, "level": 91, "moves": ["rest", "sleeptalk", "takeheart", "scald"], "ability": "Hydration", "evs": {"hp": 85, "atk": 0, "def": 85, "spa": 85, "spd": 85, "spe": 85}, "ivs": {"hp": 31, "atk": 0, "def": 31, "spa": 31, "spd": 31, "spe": 31}, "item": "Leftovers", "teraType": "Dragon", "role": "Bulky Setup", "bvs": {"hp": 80, "atk": 80, "def": 80, "spa": 80, "spd": 80, "spe": 80}, "stats": {"hp": 293, "atk": 150, "def": 197, "spa": 197, "spd": 197, "spe": 197}, "types": ["Water"]}, "Raging Bolt": {"name": "Raging Bolt", "species": "Raging Bolt", "speciesId": "ragingbolt", "gender": "N", "shiny": false, "level": 78, "moves": ["voltswitch", "thunderclap", "dracometeor", "discharge"], "ability": "Protosynthesis", "evs": {"hp": 85, "atk": 0, "def": 85, "spa": 85, "spd": 85, "spe": 85}, "ivs": {"hp": 31, "atk": 0, "def": 31, "spa": 31, "spd": 31, "spe": 31}, "item": "Assault Vest", "teraType": "Electric", "role": "AV Pivot", "bvs": {"hp": 125, "atk": 73, "def": 91, "spa": 137, "spd": 89, "spe": 75}, "stats": {"hp": 323, "atk": 118, "def": 187, "spa": 259, "spd": 184, "spe": 162}, "types": ["Electric", "Dragon"]}, "Hoopa": {"name": "Hoopa", "species": "Hoopa-Unbound", "speciesId": "hoopaunbound", "gender": "N", "shiny": false, "level": 80, "moves": ["focusblast", "psychic", "hyperspacefury", "gunkshot"], "ability": "Magician", "evs": {"hp": 85, "atk": 85, "def": 85, "spa": 85, "spd": 85, "spe": 85}, "ivs": {"hp": 31, "atk": 31, "def": 31, "spa": 31, "spd": 31, "spe": 31}, "item": "Assault Vest", "teraType": "Fighting", "role": "Bulky Attacker", "bvs": {"hp": 80, "atk": 160, "def": 60, "spa": 170, "spd": 130, "spe": 80}, "stats": {"hp": 259, "atk": 302, "def": 142, "spa": 318, "spd": 254, "spe": 174}, "types": ["Psychic", "Dark"]}}, {"Skeledirge": {"name": "Skeledirge", "species": "Skeledirge", "speciesId": "skeledirge", "gender": "F", "shiny": false, "level": 79, "moves": ["flamecharge", "slackoff", "torchsong", "shadowball"], "ability": "Unaware", "evs": {"hp": 85, "atk": 85, "def": 85, "spa": 85, "spd": 85, "spe": 85}, "ivs": {"hp": 31, "atk": 31, "def": 31, "spa": 31, "spd": 31, "spe": 31}, "item": "Heavy-Duty Boots", "teraType": "Fairy", "role": "Bulky Attacker", "bvs": {"hp": 104, "atk": 75, "def": 100, "spa": 110, "spd": 75, "spe": 66}, "stats": {"hp": 294, "atk": 164, "def": 204, "spa": 219, "spd": 164, "spe": 150}, "types": ["Fire", "Ghost"]}, "Tentacruel": {"name": "Tentacruel", "species": "Tentacruel", "speciesId": "tentacruel", "gender": "F", "shiny": false, "level": 84, "moves": ["rapidspin", "surf", "toxicspikes", "sludgebomb"], "ability": "Liquid Ooze", "evs": {"hp": 85, "atk": 85, "def": 85, "spa": 85, "spd": 85, "spe": 85}, "ivs": {"hp": 31, "atk": 31, "def": 31, "spa": 31, "spd": 31, "spe": 31}, "item": "Leftovers", "teraType": "Grass", "role": "Bulky Support", "bvs": {"hp": 80, "atk": 70, "def": 65, "spa": 80, "spd": 120, "spe": 100}, "stats": {"hp": 272, "atk": 166, "def": 157, "spa": 183, "spd": 250, "spe": 216}, "types": ["Water", "Poison"]}, "Primarina": {"name": "Primarina", "species": "Primarina", "speciesId": "primarina", "gender": "F", "shiny": false, "level": 83, "moves": ["hydropump", "moonblast", "psychic", "flipturn"], "ability": "Torrent", "evs": {"hp": 85, "atk": 85, "def": 85, "spa": 85, "spd": 85, "spe": 85}, "ivs": {"hp": 31, "atk": 31, "def": 31, "spa": 31, "spd": 31, "spe": 31}, "item": "Choice Specs", "teraType": "Water", "role": "Wallbreaker", "bvs": {"hp": 80, "atk": 74, "def": 74, "spa": 126, "spd": 116, "spe": 60}, "stats": {"hp": 268, "atk": 171, "def": 171, "spa": 257, "spd": 240, "spe": 147}, "types": ["Water", "Fairy"]}, "Arceus": {"name": "Arceus", "species": "Arceus-Electric", "speciesId": "arceuselectric", "gender": "N", "shiny": false, "level": 70, "moves": ["judgment", "calmmind", "icebeam", "recover"], "ability": "Multitype", "evs": {"hp": 85, "atk": 0, "def": 85, "spa": 85, "spd": 85, "spe": 85}, "ivs": {"hp": 31, "atk": 0, "def": 31, "spa": 31, "spd": 31, "spe": 31}, "item": "Zap Plate", "teraType": "Ice", "role": "Bulky Setup", "bvs": {"hp": 120, "atk": 120, "def": 120, "spa": 120, "spd": 120, "spe": 120}, "stats": {"hp": 284, "atk": 173, "def": 209, "spa": 209, "spd": 209, "spe": 209}, "types": ["Electric"]}, "Espeon": {"name": "Espeon", "species": "Espeon", "speciesId": "espeon", "gender": "F", "shiny": false, "level": 84, "moves": ["psychic", "calmmind", "shadowball", "morningsun"], "ability": "Magic Bounce", "evs": {"hp": 85, "atk": 0, "def": 85, "spa": 85, "spd": 85, "spe": 85}, "ivs": {"hp": 31, "atk": 0, "def": 31, "spa": 31, "spd": 31, "spe": 31}, "item": "Life Orb", "teraType": "Psychic", "role": "Fast Attacker", "bvs": {"hp": 65, "atk": 65, "def": 60, "spa": 130, "spd": 95, "spe": 110}, "stats": {"hp": 246, "atk": 114, "def": 149, "spa": 267, "spd": 208, "spe": 233}, "types": ["Psychic"]}, "Cresselia": {"name": "Cresselia", "species": "Cresselia", "speciesId": "cresselia", "gender": "F", "shiny": false, "level": 80, "moves": ["calmmind", "thunderbolt", "moonlight", "psyshock"], "ability": "Levitate", "evs": {"hp": 85, "atk": 0, "def": 85, "spa": 85, "spd": 85, "spe": 85}, "ivs": {"hp": 31, "atk": 0, "def": 31, "spa": 31, "spd": 31, "spe": 31}, "item": "Leftovers", "teraType": "Electric", "role": "Bulky Setup", "bvs": {"hp": 120, "atk": 70, "def": 110, "spa": 75, "spd": 120, "spe": 85}, "stats": {"hp": 323, "atk": 117, "def": 222, "spa": 166, "spd": 238, "spe": 182}, "types": ["Psychic"]}}]}