{"id": "gen9randombattle-2641750688", "format": "[Gen 9] Random Battle", "players": ["milkreo", "fosdfo"], "log": "|badge|p1|silver|gen9randombattle|30-9\n|html|<div class=\"broadcast-red\"><strong>This battle is required to be public due to one or more player having a season medal.</strong><br />During the public phase, you can discuss the state of the ladder <a href=\"/seasondiscussion\">in a special chatroom.</a></div>\n|uhtml|medal-msg|<div class=\"broadcast-blue\">Curious what those medals under the avatar are? PS now has Ladder Seasons! For more information, check out the <a href=\"https://www.smogon.com/forums/threads/3740067/\">thread on Smogon.</a></div>\n|badge|p2|bronze|gen9randombattle|100-9\n|uhtml|medal-msg|<div class=\"broadcast-blue\">Curious what those medals under the avatar are? PS now has Ladder Seasons! For more information, check out the <a href=\"https://www.smogon.com/forums/threads/3740067/\">thread on Smogon.</a></div>\n|j|\u2606milkreo\n|j|\u2606fosdfo\n|t:|1782837524\n|gametype|singles\n|player|p1|milkreo|101|2352\n|player|p2|fosdfo|169|2359\n|gen|9\n|tier|[Gen 9] Random Battle\n|rated|\n|rule|Species Clause: Limit one of each Pok\u00e9mon\n|rule|HP Percentage Mod: HP is shown in percentages\n|rule|Sleep Clause Mod: Limit one foe put to sleep\n|rule|Illusion Level Mod: Illusion disguises the Pok\u00e9mon's true level\n|\n|t:|1782837524\n|teamsize|p1|6\n|teamsize|p2|6\n|start\n|switch|p1a: Volcarona|Volcarona, L77, M|257/257\n|switch|p2a: Articuno|Articuno-Galar, L84|288/288\n|turn|1\n|\n|t:|1782837553\n|switch|p1a: Mewtwo|Mewtwo, L72|272/272\n|-ability|p1a: Mewtwo|Unnerve\n|move|p2a: Articuno|Hurricane|p1a: Mewtwo\n|-damage|p1a: Mewtwo|115/272\n|-start|p1a: Mewtwo|confusion\n|\n|upkeep\n|turn|2\n|j| Dracotorus\n|\n|t:|1782837574\n|-activate|p1a: Mewtwo|confusion\n|move|p1a: Mewtwo|Recover|p1a: Mewtwo\n|-heal|p1a: Mewtwo|251/272\n|move|p2a: Articuno|Hurricane|p1a: Mewtwo\n|-damage|p1a: Mewtwo|100/272\n|\n|upkeep\n|turn|3\n|\n|t:|1782837586\n|switch|p2a: Deoxys|Deoxys-Speed, L82|216/216\n|-ability|p2a: Deoxys|Pressure\n|-activate|p1a: Mewtwo|confusion\n|move|p1a: Mewtwo|Recover|p1a: Mewtwo\n|-heal|p1a: Mewtwo|236/272\n|\n|upkeep\n|turn|4\n|\n|t:|1782837593\n|switch|p1a: Brute Bonnet|Brute Bonnet, L80|309/309\n|move|p2a: Deoxys|Knock Off|p1a: Brute Bonnet\n|-resisted|p1a: Brute Bonnet\n|-damage|p1a: Brute Bonnet|276/309\n|-enditem|p1a: Brute Bonnet|Leftovers|[from] move: Knock Off|[of] p2a: Deoxys\n|\n|upkeep\n|turn|5\n|\n|t:|1782837603\n|switch|p2a: Skarmory|Skarmory, L80, M|235/235\n|move|p1a: Brute Bonnet|Crunch|p2a: Skarmory\n|-damage|p2a: Skarmory|162/235\n|\n|-heal|p2a: Skarmory|176/235|[from] item: Leftovers\n|upkeep\n|turn|6\n|\n|t:|1782837628\n|-end|p1a: Brute Bonnet|Protosynthesis|[silent]\n|switch|p1a: Weezing|Weezing, L88, F|258/258\n|move|p2a: Skarmory|Brave Bird|p1a: Weezing\n|-damage|p1a: Weezing|186/258\n|-damage|p2a: Skarmory|152/235|[from] Recoil\n|\n|-heal|p2a: Skarmory|166/235|[from] item: Leftovers\n|-heal|p1a: Weezing|202/258|[from] item: Leftovers\n|upkeep\n|turn|7\n|\n|t:|1782837632\n|switch|p2a: Glimmora|Glimmora, L75, F|248/248\n|move|p1a: Weezing|Toxic Spikes|p2a: Glimmora\n|-sidestart|p2: fosdfo|move: Toxic Spikes\n|\n|-heal|p1a: Weezing|218/258|[from] item: Leftovers\n|upkeep\n|turn|8\n|\n|t:|1782837651\n|move|p2a: Glimmora|Mortal Spin|p1a: Weezing\n|-resisted|p1a: Weezing\n|-damage|p1a: Weezing|212/258\n|-sideend|p2: fosdfo|Toxic Spikes|[from] move: Mortal Spin|[of] p2a: Glimmora\n|move|p1a: Weezing|Pain Split|p2a: Glimmora\n|-sethp|p2a: Glimmora|230/248|[from] move: Pain Split|[silent]\n|-sethp|p1a: Weezing|230/258|[from] move: Pain Split\n|\n|-heal|p1a: Weezing|246/258|[from] item: Leftovers\n|upkeep\n|turn|9\n|\n|t:|1782837661\n|switch|p1a: Mewtwo|Mewtwo, L72|236/272\n|-ability|p1a: Mewtwo|Unnerve\n|move|p2a: Glimmora|Spikes|p1a: Mewtwo\n|-sidestart|p1: milkreo|Spikes\n|\n|upkeep\n|turn|10\n|\n|t:|1782837677\n|switch|p2a: Glaceon|Glaceon, L94, M|275/275\n|move|p1a: Mewtwo|Nasty Plot|p1a: Mewtwo\n|-boost|p1a: Mewtwo|spa|2\n|\n|upkeep\n|turn|11\n|\n|t:|1782837685\n|move|p1a: Mewtwo|Fire Blast|p2a: Glaceon\n|-supereffective|p2a: Glaceon\n|-damage|p2a: Glaceon|0 fnt\n|faint|p2a: Glaceon\n|-damage|p1a: Mewtwo|209/272|[from] item: Life Orb\n|\n|upkeep\n|\n|t:|1782837688\n|switch|p2a: Deoxys|Deoxys-Speed, L82|216/216\n|-ability|p2a: Deoxys|Pressure\n|turn|12\n|\n|t:|1782837701\n|-terastallize|p1a: Mewtwo|Fire\n|move|p2a: Deoxys|Knock Off|p1a: Mewtwo\n|-crit|p1a: Mewtwo\n|-damage|p1a: Mewtwo|107/272\n|-enditem|p1a: Mewtwo|Life Orb|[from] move: Knock Off|[of] p2a: Deoxys\n|move|p1a: Mewtwo|Fire Blast|p2a: Deoxys\n|-damage|p2a: Deoxys|0 fnt\n|faint|p2a: Deoxys\n|\n|upkeep\n|\n|t:|1782837707\n|switch|p2a: Articuno|Articuno-Galar, L84|288/288\n|turn|13\n|\n|t:|1782837714\n|move|p1a: Mewtwo|Recover|p1a: Mewtwo\n|-heal|p1a: Mewtwo|243/272\n|move|p2a: Articuno|Freezing Glare|p1a: Mewtwo\n|-damage|p1a: Mewtwo|99/272\n|\n|upkeep\n|turn|14\n|\n|t:|1782837722\n|move|p1a: Mewtwo|Fire Blast|p2a: Articuno|[miss]\n|-miss|p1a: Mewtwo|p2a: Articuno\n|move|p2a: Articuno|Freezing Glare|p1a: Mewtwo\n|-damage|p1a: Mewtwo|0 fnt\n|faint|p1a: Mewtwo\n|\n|upkeep\n|\n|t:|1782837724\n|switch|p1a: Terrakion|Terrakion, L79|273/273\n|-damage|p1a: Terrakion|239/273|[from] Spikes\n|turn|15\n|\n|t:|1782837749\n|-terastallize|p2a: Articuno|Steel\n|move|p1a: Terrakion|Stone Edge|p2a: Articuno\n|-resisted|p2a: Articuno\n|-damage|p2a: Articuno|205/288\n|-damage|p1a: Terrakion|212/273|[from] item: Life Orb\n|move|p2a: Articuno|Freezing Glare|p1a: Terrakion\n|-supereffective|p1a: Terrakion\n|-damage|p1a: Terrakion|0 fnt\n|faint|p1a: Terrakion\n|\n|upkeep\n|\n|t:|1782837756\n|switch|p1a: Volcarona|Volcarona, L77, M|257/257\n|turn|16\n|\n|t:|1782837779\n|move|p2a: Articuno|Calm Mind|p2a: Articuno\n|-boost|p2a: Articuno|spa|1\n|-boost|p2a: Articuno|spd|1\n|move|p1a: Volcarona|Quiver Dance|p1a: Volcarona\n|-boost|p1a: Volcarona|spa|1\n|-boost|p1a: Volcarona|spd|1\n|-boost|p1a: Volcarona|spe|1\n|\n|upkeep\n|turn|17\n|\n|t:|1782837786\n|move|p1a: Volcarona|Fiery Dance|p2a: Articuno\n|-supereffective|p2a: Articuno\n|-damage|p2a: Articuno|47/288\n|move|p2a: Articuno|Hurricane|p1a: Volcarona|[miss]\n|-miss|p2a: Articuno|p1a: Volcarona\n|\n|upkeep\n|turn|18\n|-message|fosdfo forfeited.\n|\n|win|milkreo\n|raw|milkreo's rating: 2352 &rarr; <strong>2371</strong><br />(+19 for winning)\n|raw|fosdfo's rating: 2343 &rarr; <strong>2324</strong><br />(-19 for losing)\n", "inputlog": ">version f8ac14003a5f27e1bdc8d8c59608a773c1cb96e5\n>start {\"formatid\":\"gen9randombattle\",\"seed\":\"sodium,3ed5dc9627d2ca489f4d9921fe24d1ce\",\"rated\":\"Rated battle\"}\n>player p1 {\"name\":\"milkreo\",\"avatar\":\"101\",\"rating\":2352,\"seed\":\"sodium,354dc44098137200350188f1e4a4e28d\"}\n>player p2 {\"name\":\"fosdfo\",\"avatar\":\"169\",\"rating\":2359,\"seed\":\"sodium,f9cb66812feeee7308c391ada99f988e\"}\n>p1 switch 4\n>p2 move hurricane\n>p1 move recover\n>p2 move hurricane\n>p1 move recover\n>p2 switch 3\n>p1 switch 2\n>p2 move knockoff\n>p1 move crunch\n>p2 switch 2\n>p1 switch 3\n>p2 move bravebird\n>p1 move toxicspikes\n>p2 switch 4\n>p1 move painsplit\n>p2 move mortalspin\n>p1 switch 2\n>p2 move spikes\n>p1 move nastyplot\n>p2 switch 6\n>p1 move fireblast\n>p2 move freezedry\n>p2 switch 2\n>p1 move fireblast terastallize\n>p2 move knockoff\n>p2 switch 3\n>p1 move recover\n>p2 move freezingglare\n>p1 move fireblast\n>p2 move freezingglare\n>p1 switch 5\n>p1 move stoneedge\n>p2 move freezingglare terastallize\n>p1 switch 4\n>p1 move quiverdance\n>p2 move calmmind\n>p1 move fierydance\n>p2 move hurricane\n>forcelose p2", "uploadtime": 1782837528, "views": 9, "formatid": "gen9randombattle", "rating": 2324, "private": 0, "password": null, "player_dets": [{"name": "milkreo", "avatar": "101", "rating": 2352, "seed": "sodium,354dc44098137200350188f1e4a4e28d"}, {"name": "fosdfo", "avatar": "169", "rating": 2359, "seed": "sodium,f9cb66812feeee7308c391ada99f988e"}], "teams_full": [{"Volcarona": {"name": "Volcarona", "species": "Volcarona", "speciesId": "volcarona", "gender": "M", "shiny": false, "level": 77, "moves": ["quiverdance", "morningsun", "gigadrain", "fierydance"], "ability": "Flame Body", "evs": {"hp": 85, "atk": 0, "def": 85, "spa": 85, "spd": 85, "spe": 85}, "ivs": {"hp": 31, "atk": 0, "def": 31, "spa": 31, "spd": 31, "spe": 31}, "item": "Heavy-Duty Boots", "teraType": "Steel", "role": "Fast Bulky Setup", "bvs": {"hp": 85, "atk": 60, "def": 65, "spa": 135, "spd": 105, "spe": 100}, "stats": {"hp": 257, "atk": 97, "def": 145, "spa": 252, "spd": 206, "spe": 199}, "types": ["Bug", "Fire"]}, "Brute Bonnet": {"name": "Brute Bonnet", "species": "Brute Bonnet", "speciesId": "brutebonnet", "gender": "N", "shiny": false, "level": 80, "moves": ["seedbomb", "spore", "suckerpunch", "crunch"], "ability": "Protosynthesis", "evs": {"hp": 85, "atk": 85, "def": 85, "spa": 85, "spd": 85, "spe": 85}, "ivs": {"hp": 31, "atk": 31, "def": 31, "spa": 31, "spd": 31, "spe": 31}, "item": "Leftovers", "teraType": "Dark", "role": "Bulky Support", "bvs": {"hp": 111, "atk": 127, "def": 99, "spa": 79, "spd": 99, "spe": 55}, "stats": {"hp": 309, "atk": 249, "def": 205, "spa": 173, "spd": 205, "spe": 134}, "types": ["Grass", "Dark"]}, "Weezing": {"name": "Weezing", "species": "Weezing", "speciesId": "weezing", "gender": "F", "shiny": false, "level": 88, "moves": ["sludgebomb", "painsplit", "toxicspikes", "fireblast"], "ability": "Levitate", "evs": {"hp": 85, "atk": 0, "def": 85, "spa": 85, "spd": 85, "spe": 85}, "ivs": {"hp": 31, "atk": 0, "def": 31, "spa": 31, "spd": 31, "spe": 31}, "item": "Leftovers", "teraType": "Steel", "role": "Bulky Attacker", "bvs": {"hp": 65, "atk": 90, "def": 120, "spa": 85, "spd": 70, "spe": 60}, "stats": {"hp": 258, "atk": 163, "def": 261, "spa": 200, "spd": 173, "spe": 156}, "types": ["Poison"]}, "Mewtwo": {"name": "Mewtwo", "species": "Mewtwo", "speciesId": "mewtwo", "gender": "N", "shiny": false, "level": 72, "moves": ["recover", "fireblast", "nastyplot", "psystrike"], "ability": "Unnerve", "evs": {"hp": 85, "atk": 0, "def": 85, "spa": 85, "spd": 85, "spe": 85}, "ivs": {"hp": 31, "atk": 0, "def": 31, "spa": 31, "spd": 31, "spe": 31}, "item": "Life Orb", "teraType": "Fire", "role": "Setup Sweeper", "bvs": {"hp": 106, "atk": 110, "def": 90, "spa": 154, "spd": 90, "spe": 130}, "stats": {"hp": 272, "atk": 163, "def": 172, "spa": 264, "spd": 172, "spe": 229}, "types": ["Psychic"]}, "Terrakion": {"name": "Terrakion", "species": "Terrakion", "speciesId": "terrakion", "gender": "N", "shiny": false, "level": 79, "moves": ["stoneedge", "earthquake", "swordsdance", "closecombat"], "ability": "Justified", "evs": {"hp": 85, "atk": 85, "def": 85, "spa": 85, "spd": 85, "spe": 85}, "ivs": {"hp": 31, "atk": 31, "def": 31, "spa": 31, "spd": 31, "spe": 31}, "item": "Life Orb", "teraType": "Fighting", "role": "Setup Sweeper", "bvs": {"hp": 91, "atk": 129, "def": 90, "spa": 72, "spd": 90, "spe": 108}, "stats": {"hp": 273, "atk": 249, "def": 188, "spa": 159, "spd": 188, "spe": 216}, "types": ["Rock", "Fighting"]}, "Arboliva": {"name": "Arboliva", "species": "Arboliva", "speciesId": "arboliva", "gender": "M", "shiny": false, "level": 91, "moves": ["protect", "substitute", "leechseed", "hypervoice"], "ability": "Harvest", "evs": {"hp": 77, "atk": 0, "def": 85, "spa": 85, "spd": 85, "spe": 85}, "ivs": {"hp": 31, "atk": 0, "def": 31, "spa": 31, "spd": 31, "spe": 31}, "item": "Sitrus Berry", "teraType": "Poison", "role": "Bulky Support", "bvs": {"hp": 78, "atk": 69, "def": 90, "spa": 125, "spd": 109, "spe": 39}, "stats": {"hp": 288, "atk": 130, "def": 216, "spa": 279, "spd": 250, "spe": 123}, "types": ["Grass", "Normal"]}}, {"Articuno": {"name": "Articuno", "species": "Articuno-Galar", "speciesId": "articunogalar", "gender": "N", "shiny": false, "level": 84, "moves": ["freezingglare", "hurricane", "recover", "calmmind"], "ability": "Competitive", "evs": {"hp": 85, "atk": 0, "def": 85, "spa": 85, "spd": 85, "spe": 85}, "ivs": {"hp": 31, "atk": 0, "def": 31, "spa": 31, "spd": 31, "spe": 31}, "item": "Heavy-Duty Boots", "teraType": "Steel", "role": "Fast Bulky Setup", "bvs": {"hp": 90, "atk": 85, "def": 85, "spa": 125, "spd": 100, "spe": 95}, "stats": {"hp": 288, "atk": 147, "def": 191, "spa": 258, "spd": 216, "spe": 208}, "types": ["Psychic", "Flying"]}, "Skarmory": {"name": "Skarmory", "species": "Skarmory", "speciesId": "skarmory", "gender": "M", "shiny": false, "level": 80, "moves": ["bodypress", "roost", "bravebird", "irondefense"], "ability": "Sturdy", "evs": {"hp": 85, "atk": 85, "def": 85, "spa": 85, "spd": 85, "spe": 85}, "ivs": {"hp": 31, "atk": 31, "def": 31, "spa": 31, "spd": 31, "spe": 31}, "item": "Leftovers", "teraType": "Fighting", "role": "Bulky Setup", "bvs": {"hp": 65, "atk": 80, "def": 140, "spa": 40, "spd": 70, "spe": 70}, "stats": {"hp": 235, "atk": 174, "def": 270, "spa": 110, "spd": 158, "spe": 158}, "types": ["Steel", "Flying"]}, "Deoxys": {"name": "Deoxys", "species": "Deoxys-Speed", "speciesId": "deoxysspeed", "gender": "N", "shiny": false, "level": 82, "moves": ["stealthrock", "taunt", "knockoff", "psychoboost"], "ability": "Pressure", "evs": {"hp": 85, "atk": 85, "def": 85, "spa": 85, "spd": 85, "spe": 85}, "ivs": {"hp": 31, "atk": 31, "def": 31, "spa": 31, "spd": 31, "spe": 31}, "item": "Leftovers", "teraType": "Ghost", "role": "Fast Support", "bvs": {"hp": 50, "atk": 95, "def": 90, "spa": 95, "spd": 90, "spe": 180}, "stats": {"hp": 216, "atk": 203, "def": 195, "spa": 203, "spd": 195, "spe": 342}, "types": ["Psychic"]}, "Glimmora": {"name": "Glimmora", "species": "Glimmora", "speciesId": "glimmora", "gender": "F", "shiny": false, "level": 75, "moves": ["spikes", "mortalspin", "sludgewave", "earthpower"], "ability": "Toxic Debris", "evs": {"hp": 85, "atk": 85, "def": 85, "spa": 85, "spd": 85, "spe": 85}, "ivs": {"hp": 31, "atk": 31, "def": 31, "spa": 31, "spd": 31, "spe": 31}, "item": "Heavy-Duty Boots", "teraType": "Ground", "role": "Fast Support", "bvs": {"hp": 83, "atk": 55, "def": 90, "spa": 130, "spd": 81, "spe": 86}, "stats": {"hp": 248, "atk": 126, "def": 179, "spa": 239, "spd": 165, "spe": 173}, "types": ["Rock", "Poison"]}, "Cetitan": {"name": "Cetitan", "species": "Cetitan", "speciesId": "cetitan", "gender": "F", "shiny": false, "level": 82, "moves": ["iceshard", "bellydrum", "earthquake", "icespinner"], "ability": "Thick Fat", "evs": {"hp": 81, "atk": 85, "def": 85, "spa": 85, "spd": 85, "spe": 85}, "ivs": {"hp": 31, "atk": 31, "def": 31, "spa": 31, "spd": 31, "spe": 31}, "item": "Sitrus Berry", "teraType": "Ice", "role": "Bulky Setup", "bvs": {"hp": 170, "atk": 113, "def": 65, "spa": 45, "spd": 55, "spe": 73}, "stats": {"hp": 412, "atk": 232, "def": 154, "spa": 121, "spd": 137, "spe": 167}, "types": ["Ice"]}, "Glaceon": {"name": "Glaceon", "species": "Glaceon", "speciesId": "glaceon", "gender": "M", "shiny": false, "level": 94, "moves": ["mudshot", "wish", "protect", "freezedry"], "ability": "Ice Body", "evs": {"hp": 85, "atk": 0, "def": 85, "spa": 85, "spd": 85, "spe": 85}, "ivs": {"hp": 31, "atk": 0, "def": 31, "spa": 31, "spd": 31, "spe": 31}, "item": "Heavy-Duty Boots", "teraType": "Ground", "role": "Bulky Attacker", "bvs": {"hp": 65, "atk": 60, "def": 110, "spa": 130, "spd": 95, "spe": 65}, "stats": {"hp": 275, "atk": 117, "def": 260, "spa": 298, "spd": 232, "spe": 176}, "types": ["Ice"]}}]}