{"id": "gen9randombattle-2642142570", "format": "[Gen 9] Random Battle", "players": ["testbotcif", "TheChosenOneV"], "log": "|j|\u2606testbotcif\n|j|\u203dTheChosenOneV\n|t:|1782899081\n|gametype|singles\n|player|p1|testbotcif|1|1236\n|player|p2|TheChosenOneV|102|1288\n|gen|9\n|tier|[Gen 9] Random Battle\n|rated|\n|rule|Species Clause: Limit one of each Pok\u00e9mon\n|rule|HP Percentage Mod: HP is shown in percentages\n|rule|Sleep Clause Mod: Limit one foe put to sleep\n|rule|Illusion Level Mod: Illusion disguises the Pok\u00e9mon's true level\n|\n|t:|1782899081\n|teamsize|p1|6\n|teamsize|p2|6\n|start\n|switch|p1a: Gholdengo|Gholdengo, L77|261/261\n|switch|p2a: Koraidon|Koraidon, L64|235/235\n|-weather|SunnyDay|[from] ability: Orichalcum Pulse|[of] p2a: Koraidon\n|-activate|p2a: Koraidon|Orichalcum Pulse|[source]\n|turn|1\n|inactive|Battle timer is ON: inactive players will automatically lose when time's up. (requested by testbotcif)\n|c|\u2606testbotcif|rlhf\n|\n|t:|1782899089\n|-terastallize|p2a: Koraidon|Fire\n|move|p2a: Koraidon|Swords Dance|p2a: Koraidon\n|-boost|p2a: Koraidon|atk|2\n|move|p1a: Gholdengo|Nasty Plot|p1a: Gholdengo\n|-boost|p1a: Gholdengo|spa|2\n|\n|-weather|SunnyDay|[upkeep]\n|upkeep\n|turn|2\n|\n|t:|1782899097\n|move|p2a: Koraidon|Flare Blitz|p1a: Gholdengo\n|-supereffective|p1a: Gholdengo\n|-damage|p1a: Gholdengo|0 fnt\n|faint|p1a: Gholdengo\n|-damage|p2a: Koraidon|149/235|[from] Recoil\n|\n|-weather|SunnyDay|[upkeep]\n|upkeep\n|\n|t:|1782899097\n|switch|p1a: Zacian|Zacian, L69|241/241\n|-ability|p1a: Zacian|Intrepid Sword|boost\n|-boost|p1a: Zacian|atk|1\n|turn|3\n|\n|t:|1782899108\n|move|p1a: Zacian|Play Rough|p2a: Koraidon\n|-resisted|p2a: Koraidon\n|-damage|p2a: Koraidon|66/235\n|-damage|p1a: Zacian|217/241|[from] item: Life Orb\n|move|p2a: Koraidon|Flare Blitz|p1a: Zacian\n|-damage|p1a: Zacian|0 fnt\n|faint|p1a: Zacian\n|-damage|p2a: Koraidon|0 fnt|[from] Recoil\n|faint|p2a: Koraidon\n|\n|-weather|SunnyDay|[upkeep]\n|upkeep\n|\n|t:|1782899113\n|switch|p1a: Dedenne|Dedenne, L88, F|261/261\n|switch|p2a: Grimmsnarl|Grimmsnarl, L83, M|293/293\n|turn|4\n|\n|t:|1782899117\n|move|p2a: Grimmsnarl|Light Screen|p2a: Grimmsnarl\n|-sidestart|p2: TheChosenOneV|move: Light Screen\n|move|p1a: Dedenne|Dazzling Gleam|p2a: Grimmsnarl\n|-supereffective|p2a: Grimmsnarl\n|-damage|p2a: Grimmsnarl|202/293\n|\n|-weather|SunnyDay|[upkeep]\n|upkeep\n|turn|5\n|\n|t:|1782899121\n|move|p2a: Grimmsnarl|Reflect|p2a: Grimmsnarl\n|-sidestart|p2: TheChosenOneV|Reflect\n|move|p1a: Dedenne|Dazzling Gleam|p2a: Grimmsnarl\n|-supereffective|p2a: Grimmsnarl\n|-damage|p2a: Grimmsnarl|109/293\n|\n|-weather|none\n|upkeep\n|turn|6\n|\n|t:|1782899127\n|move|p1a: Dedenne|Dazzling Gleam|p2a: Grimmsnarl\n|-supereffective|p2a: Grimmsnarl\n|-damage|p2a: Grimmsnarl|7/293\n|move|p2a: Grimmsnarl|Spirit Break|p1a: Dedenne\n|-damage|p1a: Dedenne|144/261\n|-unboost|p1a: Dedenne|spa|1\n|\n|upkeep\n|turn|7\n|\n|t:|1782899135\n|move|p1a: Dedenne|Dazzling Gleam|p2a: Grimmsnarl\n|-supereffective|p2a: Grimmsnarl\n|-damage|p2a: Grimmsnarl|0 fnt\n|faint|p2a: Grimmsnarl\n|\n|upkeep\n|\n|t:|1782899144\n|switch|p2a: Calyrex|Calyrex-Shadow, L64|235/235\n|-ability|p2a: Calyrex|As One\n|-ability|p2a: Calyrex|Unnerve\n|turn|8\n|\n|t:|1782899149\n|move|p2a: Calyrex|Nasty Plot|p2a: Calyrex\n|-boost|p2a: Calyrex|spa|2\n|move|p1a: Dedenne|Thunderbolt|p2a: Calyrex\n|-damage|p2a: Calyrex|199/235\n|\n|upkeep\n|turn|9\n|\n|t:|1782899155\n|move|p2a: Calyrex|Nasty Plot|p2a: Calyrex\n|-boost|p2a: Calyrex|spa|2\n|move|p1a: Dedenne|Thunderbolt|p2a: Calyrex\n|-damage|p2a: Calyrex|160/235\n|\n|upkeep\n|turn|10\n|\n|t:|1782899162\n|move|p2a: Calyrex|Astral Barrage|p1a: Dedenne\n|-damage|p1a: Dedenne|0 fnt\n|faint|p1a: Dedenne\n|-ability|p2a: Calyrex|Grim Neigh|boost\n|-boost|p2a: Calyrex|spa|1\n|-damage|p2a: Calyrex|137/235|[from] item: Life Orb\n|\n|upkeep\n|\n|t:|1782899162\n|switch|p1a: Honchkrow|Honchkrow, L86, F|312/312\n|turn|11\n|\n|t:|1782899169\n|move|p1a: Honchkrow|Sucker Punch|p2a: Calyrex\n|-supereffective|p2a: Calyrex\n|-damage|p2a: Calyrex|0 fnt\n|faint|p2a: Calyrex\n|-ability|p1a: Honchkrow|Moxie|boost\n|-boost|p1a: Honchkrow|atk|1\n|\n|-sideend|p2: TheChosenOneV|move: Light Screen\n|upkeep\n|\n|t:|1782899180\n|switch|p2a: Magearna|Magearna, L77|250/250\n|turn|12\n|\n|t:|1782899189\n|-terastallize|p1a: Honchkrow|Flying\n|move|p1a: Honchkrow|Heat Wave|p2a: Magearna\n|-supereffective|p2a: Magearna\n|-damage|p2a: Magearna|118/250\n|move|p2a: Magearna|Shift Gear|p2a: Magearna\n|-boost|p2a: Magearna|spe|2\n|-boost|p2a: Magearna|atk|1\n|\n|-heal|p2a: Magearna|133/250|[from] item: Leftovers\n|-sideend|p2: TheChosenOneV|Reflect\n|upkeep\n|turn|13\n|\n|t:|1782899201\n|move|p2a: Magearna|Fleur Cannon|p1a: Honchkrow|[miss]\n|-miss|p2a: Magearna|p1a: Honchkrow\n|move|p1a: Honchkrow|Heat Wave|p2a: Magearna\n|-supereffective|p2a: Magearna\n|-damage|p2a: Magearna|11/250\n|\n|-heal|p2a: Magearna|26/250|[from] item: Leftovers\n|upkeep\n|turn|14\n|\n|t:|1782899203\n|move|p1a: Honchkrow|Sucker Punch|p2a: Magearna\n|-resisted|p2a: Magearna\n|-damage|p2a: Magearna|0 fnt\n|faint|p2a: Magearna\n|-ability|p1a: Honchkrow|Moxie|boost\n|-boost|p1a: Honchkrow|atk|1\n|\n|upkeep\n|\n|t:|1782899210\n|switch|p2a: Kingdra|Kingdra, L84, F|263/263\n|turn|15\n|\n|t:|1782899215\n|move|p2a: Kingdra|Dragon Dance|p2a: Kingdra\n|-boost|p2a: Kingdra|atk|1\n|-boost|p2a: Kingdra|spe|1\n|move|p1a: Honchkrow|Brave Bird|p2a: Kingdra\n|-crit|p2a: Kingdra\n|-damage|p2a: Kingdra|0 fnt\n|faint|p2a: Kingdra\n|-ability|p1a: Honchkrow|Moxie|boost\n|-boost|p1a: Honchkrow|atk|1\n|-damage|p1a: Honchkrow|225/312|[from] Recoil\n|\n|upkeep\n|\n|t:|1782899220\n|switch|p2a: Sinistcha|Sinistcha, L83|254/254\n|turn|16\n|\n|t:|1782899226\n|move|p1a: Honchkrow|Brave Bird|p2a: Sinistcha\n|-supereffective|p2a: Sinistcha\n|-damage|p2a: Sinistcha|0 fnt\n|faint|p2a: Sinistcha\n|-damage|p1a: Honchkrow|141/312|[from] Recoil\n|\n|win|testbotcif\n|raw|testbotcif's rating: 1236 &rarr; <strong>1265</strong><br />(+29 for winning)\n|raw|TheChosenOneV's rating: 1288 &rarr; <strong>1259</strong><br />(-29 for losing)\n", "inputlog": ">version f8ac14003a5f27e1bdc8d8c59608a773c1cb96e5\n>start {\"formatid\":\"gen9randombattle\",\"seed\":\"sodium,5aa8f43b408672d361d9cb4129e7fde8\",\"rated\":\"Rated battle\"}\n>player p1 {\"name\":\"testbotcif\",\"avatar\":\"1\",\"rating\":1236,\"seed\":\"sodium,cfdf128a08c7e0a49f6a19a98d05c83e\"}\n>player p2 {\"name\":\"TheChosenOneV\",\"avatar\":\"102\",\"rating\":1288,\"seed\":\"sodium,eb1c2432d526c616ed974a8d4fd976c0\"}\n>chat \u2606testbotcif|rlhf\n>p1 move nastyplot\n>p2 move swordsdance terastallize\n>p1 move makeitrain\n>p2 move flareblitz\n>p1 switch 6\n>p1 move playrough\n>p2 move flareblitz\n>p1 switch 3\n>p2 switch 2\n>p1 move dazzlinggleam\n>p2 move lightscreen\n>p1 move dazzlinggleam\n>p2 move reflect\n>p1 move dazzlinggleam\n>p2 move spiritbreak\n>p1 move dazzlinggleam\n>p2 move spiritbreak\n>p2 switch 3\n>p1 move thunderbolt\n>p2 move nastyplot\n>p1 move thunderbolt\n>p2 move nastyplot\n>p1 move thunderbolt\n>p2 move astralbarrage\n>p1 switch 2\n>p1 move suckerpunch\n>p2 move pollenpuff\n>p2 switch 4\n>p1 move heatwave terastallize\n>p2 move shiftgear\n>p1 move heatwave\n>p2 move fleurcannon\n>p1 move suckerpunch\n>p2 move fleurcannon\n>p2 switch 5\n>p1 move bravebird\n>p2 move dragondance\n>p2 switch 6\n>p1 move bravebird\n>p2 move shadowball", "uploadtime": 1782899226, "views": 3, "formatid": "gen9randombattle", "rating": 1259, "private": 0, "password": null, "player_dets": [{"name": "testbotcif", "avatar": "1", "rating": 1236, "seed": "sodium,cfdf128a08c7e0a49f6a19a98d05c83e"}, {"name": "TheChosenOneV", "avatar": "102", "rating": 1288, "seed": "sodium,eb1c2432d526c616ed974a8d4fd976c0"}], "teams_full": [{"Gholdengo": {"name": "Gholdengo", "species": "Gholdengo", "speciesId": "gholdengo", "gender": "N", "shiny": false, "level": 77, "moves": ["recover", "nastyplot", "shadowball", "makeitrain"], "ability": "Good as Gold", "evs": {"hp": 85, "atk": 0, "def": 85, "spa": 85, "spd": 85, "spe": 85}, "ivs": {"hp": 31, "atk": 0, "def": 31, "spa": 31, "spd": 31, "spe": 31}, "item": "Leftovers", "teraType": "Dark", "role": "Bulky Support", "bvs": {"hp": 87, "atk": 60, "def": 95, "spa": 133, "spd": 91, "spe": 84}, "stats": {"hp": 261, "atk": 97, "def": 191, "spa": 249, "spd": 185, "spe": 174}, "types": ["Steel", "Ghost"]}, "Honchkrow": {"name": "Honchkrow", "species": "Honchkrow", "speciesId": "honchkrow", "gender": "F", "shiny": false, "level": 86, "moves": ["uturn", "bravebird", "suckerpunch", "heatwave"], "ability": "Moxie", "evs": {"hp": 85, "atk": 85, "def": 85, "spa": 85, "spd": 85, "spe": 85}, "ivs": {"hp": 31, "atk": 31, "def": 31, "spa": 31, "spd": 31, "spe": 31}, "item": "Heavy-Duty Boots", "teraType": "Flying", "role": "Fast Attacker", "bvs": {"hp": 100, "atk": 125, "def": 52, "spa": 105, "spd": 52, "spe": 71}, "stats": {"hp": 312, "atk": 264, "def": 139, "spa": 230, "spd": 139, "spe": 171}, "types": ["Dark", "Flying"]}, "Dedenne": {"name": "Dedenne", "species": "Dedenne", "speciesId": "dedenne", "gender": "F", "shiny": false, "level": 88, "moves": ["dazzlinggleam", "thunderbolt", "superfang", "uturn"], "ability": "Cheek Pouch", "evs": {"hp": 85, "atk": 85, "def": 85, "spa": 85, "spd": 85, "spe": 85}, "ivs": {"hp": 31, "atk": 31, "def": 31, "spa": 31, "spd": 31, "spe": 31}, "item": "Sitrus Berry", "teraType": "Flying", "role": "Fast Support", "bvs": {"hp": 67, "atk": 58, "def": 57, "spa": 81, "spd": 67, "spe": 101}, "stats": {"hp": 261, "atk": 152, "def": 151, "spa": 193, "spd": 168, "spe": 228}, "types": ["Electric", "Fairy"]}, "Bruxish": {"name": "Bruxish", "species": "Bruxish", "speciesId": "bruxish", "gender": "F", "shiny": false, "level": 85, "moves": ["psychicfangs", "wavecrash", "swordsdance", "aquajet"], "ability": "Strong Jaw", "evs": {"hp": 85, "atk": 85, "def": 85, "spa": 85, "spd": 85, "spe": 85}, "ivs": {"hp": 31, "atk": 31, "def": 31, "spa": 31, "spd": 31, "spe": 31}, "item": "Life Orb", "teraType": "Psychic", "role": "Fast Attacker", "bvs": {"hp": 68, "atk": 105, "def": 70, "spa": 70, "spd": 70, "spe": 92}, "stats": {"hp": 254, "atk": 227, "def": 168, "spa": 168, "spd": 168, "spe": 205}, "types": ["Water", "Psychic"]}, "Floatzel": {"name": "Floatzel", "species": "Floatzel", "speciesId": "floatzel", "gender": "M", "shiny": false, "level": 86, "moves": ["bulkup", "wavecrash", "icespinner", "taunt"], "ability": "Water Veil", "evs": {"hp": 85, "atk": 85, "def": 85, "spa": 85, "spd": 85, "spe": 85}, "ivs": {"hp": 31, "atk": 31, "def": 31, "spa": 31, "spd": 31, "spe": 31}, "item": "Leftovers", "teraType": "Water", "role": "Bulky Setup", "bvs": {"hp": 85, "atk": 105, "def": 55, "spa": 85, "spd": 50, "spe": 115}, "stats": {"hp": 286, "atk": 230, "def": 144, "spa": 195, "spd": 135, "spe": 247}, "types": ["Water"]}, "Zacian": {"name": "Zacian", "species": "Zacian", "speciesId": "zacian", "gender": "N", "shiny": false, "level": 69, "moves": ["closecombat", "swordsdance", "playrough", "crunch"], "ability": "Intrepid Sword", "evs": {"hp": 85, "atk": 85, "def": 85, "spa": 85, "spd": 85, "spe": 85}, "ivs": {"hp": 31, "atk": 31, "def": 31, "spa": 31, "spd": 31, "spe": 31}, "item": "Life Orb", "teraType": "Fighting", "role": "Fast Attacker", "bvs": {"hp": 92, "atk": 120, "def": 115, "spa": 80, "spd": 115, "spe": 138}, "stats": {"hp": 241, "atk": 206, "def": 199, "spa": 151, "spd": 199, "spe": 231}, "types": ["Fairy"]}}, {"Koraidon": {"name": "Koraidon", "species": "Koraidon", "speciesId": "koraidon", "gender": "N", "shiny": false, "level": 64, "moves": ["scaleshot", "flareblitz", "swordsdance", "collisioncourse"], "ability": "Orichalcum Pulse", "evs": {"hp": 85, "atk": 85, "def": 85, "spa": 85, "spd": 85, "spe": 85}, "ivs": {"hp": 31, "atk": 31, "def": 31, "spa": 31, "spd": 31, "spe": 31}, "item": "Loaded Dice", "teraType": "Fire", "role": "Setup Sweeper", "bvs": {"hp": 100, "atk": 135, "def": 115, "spa": 85, "spd": 100, "spe": 135}, "stats": {"hp": 235, "atk": 211, "def": 185, "spa": 147, "spd": 166, "spe": 211}, "types": ["Fighting", "Dragon"]}, "Grimmsnarl": {"name": "Grimmsnarl", "species": "Grimmsnarl", "speciesId": "grimmsnarl", "gender": "M", "shiny": false, "level": 83, "moves": ["reflect", "lightscreen", "thunderwave", "spiritbreak"], "ability": "Prankster", "evs": {"hp": 85, "atk": 85, "def": 85, "spa": 85, "spd": 85, "spe": 85}, "ivs": {"hp": 31, "atk": 31, "def": 31, "spa": 31, "spd": 31, "spe": 31}, "item": "Light Clay", "teraType": "Poison", "role": "Bulky Support", "bvs": {"hp": 95, "atk": 120, "def": 65, "spa": 95, "spd": 75, "spe": 60}, "stats": {"hp": 293, "atk": 247, "def": 156, "spa": 205, "spd": 172, "spe": 147}, "types": ["Dark", "Fairy"]}, "Calyrex": {"name": "Calyrex", "species": "Calyrex-Shadow", "speciesId": "calyrexshadow", "gender": "N", "shiny": false, "level": 64, "moves": ["astralbarrage", "psyshock", "pollenpuff", "nastyplot"], "ability": "As One (Spectrier)", "evs": {"hp": 85, "atk": 0, "def": 85, "spa": 85, "spd": 85, "spe": 85}, "ivs": {"hp": 31, "atk": 0, "def": 31, "spa": 31, "spd": 31, "spe": 31}, "item": "Life Orb", "teraType": "Ghost", "role": "Fast Attacker", "bvs": {"hp": 100, "atk": 85, "def": 80, "spa": 165, "spd": 100, "spe": 150}, "stats": {"hp": 235, "atk": 113, "def": 140, "spa": 249, "spd": 166, "spe": 230}, "types": ["Psychic", "Ghost"]}, "Magearna": {"name": "Magearna", "species": "Magearna", "speciesId": "magearna", "gender": "N", "shiny": false, "level": 77, "moves": ["calmmind", "flashcannon", "shiftgear", "fleurcannon"], "ability": "Soul-Heart", "evs": {"hp": 85, "atk": 0, "def": 85, "spa": 85, "spd": 85, "spe": 85}, "ivs": {"hp": 31, "atk": 0, "def": 31, "spa": 31, "spd": 31, "spe": 31}, "item": "Leftovers", "teraType": "Water", "role": "Bulky Setup", "bvs": {"hp": 80, "atk": 95, "def": 115, "spa": 130, "spd": 115, "spe": 65}, "stats": {"hp": 250, "atk": 151, "def": 222, "spa": 245, "spd": 222, "spe": 145}, "types": ["Steel", "Fairy"]}, "Kingdra": {"name": "Kingdra", "species": "Kingdra", "speciesId": "kingdra", "gender": "F", "shiny": false, "level": 84, "moves": ["waterfall", "dragondance", "outrage", "wavecrash"], "ability": "Sniper", "evs": {"hp": 85, "atk": 85, "def": 85, "spa": 85, "spd": 85, "spe": 85}, "ivs": {"hp": 31, "atk": 31, "def": 31, "spa": 31, "spd": 31, "spe": 31}, "item": "Lum Berry", "teraType": "Water", "role": "Setup Sweeper", "bvs": {"hp": 75, "atk": 95, "def": 95, "spa": 95, "spd": 95, "spe": 85}, "stats": {"hp": 263, "atk": 208, "def": 208, "spa": 208, "spd": 208, "spe": 191}, "types": ["Water", "Dragon"]}, "Sinistcha": {"name": "Sinistcha", "species": "Sinistcha", "speciesId": "sinistcha", "gender": "N", "shiny": false, "level": 83, "moves": ["calmmind", "matchagotcha", "shadowball", "strengthsap"], "ability": "Heatproof", "evs": {"hp": 85, "atk": 0, "def": 85, "spa": 85, "spd": 85, "spe": 85}, "ivs": {"hp": 31, "atk": 0, "def": 31, "spa": 31, "spd": 31, "spe": 31}, "item": "Leftovers", "teraType": "Steel", "role": "Bulky Setup", "bvs": {"hp": 71, "atk": 60, "def": 106, "spa": 121, "spd": 80, "spe": 70}, "stats": {"hp": 254, "atk": 104, "def": 224, "spa": 249, "spd": 180, "spe": 164}, "types": ["Grass", "Ghost"]}}]}