{"id": "gen9randombattle-2642109029", "format": "[Gen 9] Random Battle", "players": ["forcemajor14", "Fuk ICE"], "log": "|j|\u2606forcemajor14\n|j|\u2606Fuk ICE\n|t:|1782891855\n|gametype|singles\n|player|p1|forcemajor14|266|1970\n|player|p2|Fuk ICE|266|2063\n|gen|9\n|tier|[Gen 9] Random Battle\n|rated|\n|rule|Species Clause: Limit one of each Pok\u00e9mon\n|rule|HP Percentage Mod: HP is shown in percentages\n|rule|Sleep Clause Mod: Limit one foe put to sleep\n|rule|Illusion Level Mod: Illusion disguises the Pok\u00e9mon's true level\n|\n|t:|1782891855\n|teamsize|p1|6\n|teamsize|p2|6\n|start\n|switch|p1a: Ariados|Ariados, L95, M|287/287\n|switch|p2a: Dialga|Dialga, L73|266/266\n|-ability|p2a: Dialga|Pressure\n|turn|1\n|inactive|Battle timer is ON: inactive players will automatically lose when time's up. (requested by forcemajor14)\n|\n|t:|1782891883\n|move|p2a: Dialga|Heavy Slam|p1a: Ariados\n|-damage|p1a: Ariados|157/287\n|move|p1a: Ariados|Sticky Web|p2a: Dialga\n|-sidestart|p2: Fuk ICE|move: Sticky Web\n|\n|upkeep\n|turn|2\n|\n|t:|1782891889\n|switch|p1a: Ampharos|Ampharos, L88, M|302/302\n|move|p2a: Dialga|Heavy Slam|p1a: Ampharos\n|-resisted|p1a: Ampharos\n|-damage|p1a: Ampharos|242/302\n|-status|p2a: Dialga|par|[from] ability: Static|[of] p1a: Ampharos\n|\n|upkeep\n|turn|3\n|\n|t:|1782891894\n|move|p1a: Ampharos|Focus Blast|p2a: Dialga\n|-supereffective|p2a: Dialga\n|-damage|p2a: Dialga|0 fnt\n|faint|p2a: Dialga\n|\n|upkeep\n|\n|t:|1782891907\n|switch|p2a: Magearna|Magearna, L77|250/250\n|-activate|p2a: Magearna|move: Sticky Web\n|-unboost|p2a: Magearna|spe|1\n|turn|4\n|\n|t:|1782891909\n|switch|p1a: Eelektross|Eelektross, L87, F|290/290\n|move|p2a: Magearna|Shift Gear|p2a: Magearna\n|-boost|p2a: Magearna|spe|2\n|-boost|p2a: Magearna|atk|1\n|\n|upkeep\n|turn|5\n|\n|t:|1782891931\n|move|p2a: Magearna|Iron Head|p1a: Eelektross\n|-resisted|p1a: Eelektross\n|-damage|p1a: Eelektross|231/290\n|move|p1a: Eelektross|Flamethrower|p2a: Magearna\n|-supereffective|p2a: Magearna\n|-damage|p2a: Magearna|134/250\n|-enditem|p2a: Magearna|Weakness Policy\n|-boost|p2a: Magearna|atk|2|[from] item: Weakness Policy\n|-boost|p2a: Magearna|spa|2|[from] item: Weakness Policy\n|\n|upkeep\n|turn|6\n|\n|t:|1782891945\n|move|p2a: Magearna|Iron Head|p1a: Eelektross\n|-resisted|p1a: Eelektross\n|-damage|p1a: Eelektross|147/290\n|move|p1a: Eelektross|Flamethrower|p2a: Magearna\n|-supereffective|p2a: Magearna\n|-damage|p2a: Magearna|2/250\n|\n|upkeep\n|turn|7\n|\n|t:|1782891957\n|move|p2a: Magearna|Tera Blast|p1a: Eelektross\n|-damage|p1a: Eelektross|58/290\n|move|p1a: Eelektross|Flamethrower|p2a: Magearna\n|-supereffective|p2a: Magearna\n|-damage|p2a: Magearna|0 fnt\n|faint|p2a: Magearna\n|\n|upkeep\n|\n|t:|1782891970\n|switch|p2a: Gengar|Gengar, L81, M|230/230\n|-activate|p2a: Gengar|move: Sticky Web\n|-unboost|p2a: Gengar|spe|1\n|turn|8\n|\n|t:|1782891974\n|move|p2a: Gengar|Shadow Ball|p1a: Eelektross\n|-damage|p1a: Eelektross|0 fnt\n|faint|p1a: Eelektross\n|-damage|p2a: Gengar|207/230|[from] item: Life Orb\n|\n|upkeep\n|\n|t:|1782891975\n|switch|p1a: Cacturne|Cacturne, L92, F|278/278\n|turn|9\n|\n|t:|1782891983\n|switch|p2a: Vespiquen|Vespiquen, L99, F|299/299\n|-ability|p2a: Vespiquen|Pressure\n|move|p1a: Cacturne|Knock Off|p2a: Vespiquen\n|-damage|p2a: Vespiquen|163/299\n|-enditem|p2a: Vespiquen|Heavy-Duty Boots|[from] move: Knock Off|[of] p1a: Cacturne\n|-damage|p1a: Cacturne|251/278|[from] item: Life Orb\n|\n|upkeep\n|turn|10\n|\n|t:|1782891989\n|move|p1a: Cacturne|Toxic Spikes|p2a: Vespiquen\n|-sidestart|p2: Fuk ICE|move: Toxic Spikes\n|move|p2a: Vespiquen|Hurricane|p1a: Cacturne|[miss]\n|-miss|p2a: Vespiquen|p1a: Cacturne\n|\n|upkeep\n|turn|11\n|\n|t:|1782891994\n|switch|p1a: Ampharos|Ampharos, L88, M|242/302\n|move|p2a: Vespiquen|Hurricane|p1a: Ampharos\n|-resisted|p1a: Ampharos\n|-damage|p1a: Ampharos|176/302\n|-start|p1a: Ampharos|confusion\n|\n|upkeep\n|turn|12\n|\n|t:|1782892005\n|-activate|p1a: Ampharos|confusion\n|-damage|p1a: Ampharos|155/302|[from] confusion\n|move|p2a: Vespiquen|Toxic|p1a: Ampharos\n|-status|p1a: Ampharos|tox\n|\n|-damage|p1a: Ampharos|137/302 tox|[from] psn\n|upkeep\n|turn|13\n|\n|t:|1782892029\n|-activate|p1a: Ampharos|confusion\n|move|p1a: Ampharos|Volt Switch|p2a: Vespiquen\n|-supereffective|p2a: Vespiquen\n|-damage|p2a: Vespiquen|0 fnt\n|faint|p2a: Vespiquen\n|\n|t:|1782892030\n|switch|p1a: Cacturne|Cacturne, L92, F|251/278|[from] Volt Switch\n|\n|upkeep\n|\n|t:|1782892047\n|switch|p2a: Furret|Furret, L94, F|312/312\n|-activate|p2a: Furret|move: Sticky Web\n|-unboost|p2a: Furret|spe|1\n|-status|p2a: Furret|psn\n|-item|p1a: Cacturne|Life Orb|[from] ability: Frisk|[of] p2a: Furret\n|turn|14\n|\n|t:|1782892049\n|move|p1a: Cacturne|Knock Off|p2a: Furret\n|-damage|p2a: Furret|112/312 psn\n|-enditem|p2a: Furret|Life Orb|[from] move: Knock Off|[of] p1a: Cacturne\n|-damage|p1a: Cacturne|224/278|[from] item: Life Orb\n|move|p2a: Furret|Tidy Up|p2a: Furret\n|-sideend|p2: Fuk ICE|Toxic Spikes\n|-sideend|p2: Fuk ICE|Sticky Web\n|-activate|p2a: Furret|move: Tidy Up\n|-boost|p2a: Furret|atk|1\n|-boost|p2a: Furret|spe|1\n|\n|-damage|p2a: Furret|73/312 psn|[from] psn\n|upkeep\n|turn|15\n|\n|t:|1782892056\n|switch|p2a: Bellossom|Bellossom, L84, M|263/263\n|move|p1a: Cacturne|Sucker Punch||[still]\n|-fail|p1a: Cacturne\n|\n|upkeep\n|turn|16\n|\n|t:|1782892066\n|switch|p2a: Furret|Furret, L94, F|73/312 psn\n|-item|p1a: Cacturne|Life Orb|[from] ability: Frisk|[of] p2a: Furret\n|move|p1a: Cacturne|Knock Off|p2a: Furret\n|-damage|p2a: Furret|0 fnt\n|faint|p2a: Furret\n|-damage|p1a: Cacturne|197/278|[from] item: Life Orb\n|\n|upkeep\n|\n|t:|1782892067\n|switch|p2a: Gengar|Gengar, L81, M|207/230\n|turn|17\n|\n|t:|1782892072\n|-terastallize|p2a: Gengar|Dark\n|move|p2a: Gengar|Sludge Wave|p1a: Cacturne\n|-supereffective|p1a: Cacturne\n|-damage|p1a: Cacturne|0 fnt\n|faint|p1a: Cacturne\n|-damage|p2a: Gengar|184/230|[from] item: Life Orb\n|\n|upkeep\n|\n|t:|1782892074\n|switch|p1a: Ariados|Ariados, L95, M|157/287\n|turn|18\n|\n|t:|1782892093\n|move|p2a: Gengar|Shadow Ball|p1a: Ariados\n|-damage|p1a: Ariados|32/287\n|-damage|p2a: Gengar|161/230|[from] item: Life Orb\n|move|p1a: Ariados|Megahorn|p2a: Gengar\n|-supereffective|p2a: Gengar\n|-damage|p2a: Gengar|0 fnt\n|faint|p2a: Gengar\n|\n|upkeep\n|\n|t:|1782892095\n|switch|p2a: Bellossom|Bellossom, L84, M|263/263\n|turn|19\n|\n|t:|1782892104\n|move|p2a: Bellossom|Quiver Dance|p2a: Bellossom\n|-boost|p2a: Bellossom|spa|1\n|-boost|p2a: Bellossom|spd|1\n|-boost|p2a: Bellossom|spe|1\n|move|p1a: Ariados|Megahorn|p2a: Bellossom\n|-supereffective|p2a: Bellossom\n|-damage|p2a: Bellossom|0 fnt\n|faint|p2a: Bellossom\n|\n|win|forcemajor14\n|raw|forcemajor14's rating: 2057 &rarr; <strong>2077</strong><br />(+20 for winning)\n|raw|Fuk ICE's rating: 2063 &rarr; <strong>2043</strong><br />(-20 for losing)\n", "inputlog": ">version f8ac14003a5f27e1bdc8d8c59608a773c1cb96e5\n>start {\"formatid\":\"gen9randombattle\",\"seed\":\"sodium,369351cc500656f5078d010427c23043\",\"rated\":\"Rated battle\"}\n>player p1 {\"name\":\"forcemajor14\",\"avatar\":\"266\",\"rating\":1970,\"seed\":\"sodium,fe79930a0764e3582171785124b6b272\"}\n>player p2 {\"name\":\"Fuk ICE\",\"avatar\":\"266\",\"rating\":2063,\"seed\":\"sodium,4df48903075f907d73d8af68cecdac36\"}\n>p1 move stickyweb\n>p2 move heavyslam\n>p1 switch 5\n>p2 move heavyslam\n>p1 move focusblast\n>p2 move stealthrock\n>p2 switch 3\n>p1 switch 2\n>p2 move shiftgear\n>p1 move flamethrower\n>p2 move ironhead\n>p1 move flamethrower\n>p2 move ironhead\n>p1 move flamethrower\n>p2 move terablast\n>p2 switch 2\n>p1 move discharge\n>p2 move shadowball\n>p1 switch 6\n>p1 move knockoff\n>p2 switch 6\n>p1 move toxicspikes\n>p2 move hurricane\n>p1 switch 2\n>p2 move hurricane\n>p1 move thunderbolt\n>p2 move toxic\n>p1 move voltswitch\n>p2 move roost\n>p1 switch 2\n>p2 switch 4\n>p1 move knockoff\n>p2 move tidyup\n>p1 move suckerpunch\n>p2 switch 5\n>p1 move knockoff\n>p2 switch 5\n>p2 switch 6\n>p1 move knockoff\n>p2 move sludgewave terastallize\n>p1 switch 5\n>p1 move megahorn\n>p2 move shadowball\n>p2 switch 5\n>p1 move megahorn\n>p2 move quiverdance", "uploadtime": 1782892104, "views": 2, "formatid": "gen9randombattle", "rating": 2043, "private": 0, "password": null, "player_dets": [{"name": "forcemajor14", "avatar": "266", "rating": 1970, "seed": "sodium,fe79930a0764e3582171785124b6b272"}, {"name": "Fuk ICE", "avatar": "266", "rating": 2063, "seed": "sodium,4df48903075f907d73d8af68cecdac36"}], "teams_full": [{"Ariados": {"name": "Ariados", "species": "Ariados", "speciesId": "ariados", "gender": "M", "shiny": false, "level": 95, "moves": ["stickyweb", "megahorn", "knockoff", "poisonjab"], "ability": "Swarm", "evs": {"hp": 85, "atk": 85, "def": 85, "spa": 85, "spd": 85, "spe": 85}, "ivs": {"hp": 31, "atk": 31, "def": 31, "spa": 31, "spd": 31, "spe": 31}, "item": "Focus Sash", "teraType": "Ghost", "role": "Fast Support", "bvs": {"hp": 70, "atk": 90, "def": 70, "spa": 60, "spd": 70, "spe": 40}, "stats": {"hp": 287, "atk": 225, "def": 187, "spa": 168, "spd": 187, "spe": 130}, "types": ["Bug", "Poison"]}, "Eelektross": {"name": "Eelektross", "species": "Eelektross", "speciesId": "eelektross", "gender": "F", "shiny": false, "level": 87, "moves": ["discharge", "uturn", "gigadrain", "flamethrower"], "ability": "Levitate", "evs": {"hp": 85, "atk": 85, "def": 85, "spa": 85, "spd": 85, "spe": 85}, "ivs": {"hp": 31, "atk": 31, "def": 31, "spa": 31, "spd": 31, "spe": 31}, "item": "Assault Vest", "teraType": "Poison", "role": "AV Pivot", "bvs": {"hp": 85, "atk": 115, "def": 80, "spa": 105, "spd": 80, "spe": 50}, "stats": {"hp": 290, "atk": 250, "def": 189, "spa": 232, "spd": 189, "spe": 137}, "types": ["Electric"]}, "Sylveon": {"name": "Sylveon", "species": "Sylveon", "speciesId": "sylveon", "gender": "M", "shiny": false, "level": 85, "moves": ["wish", "calmmind", "protect", "hypervoice"], "ability": "Pixilate", "evs": {"hp": 85, "atk": 0, "def": 85, "spa": 85, "spd": 85, "spe": 85}, "ivs": {"hp": 31, "atk": 0, "def": 31, "spa": 31, "spd": 31, "spe": 31}, "item": "Leftovers", "teraType": "Steel", "role": "Bulky Setup", "bvs": {"hp": 95, "atk": 65, "def": 65, "spa": 110, "spd": 130, "spe": 60}, "stats": {"hp": 300, "atk": 115, "def": 159, "spa": 236, "spd": 270, "spe": 151}, "types": ["Fairy"]}, "Lurantis": {"name": "Lurantis", "species": "Lurantis", "speciesId": "lurantis", "gender": "F", "shiny": false, "level": 87, "moves": ["knockoff", "leafstorm", "superpower", "synthesis"], "ability": "Contrary", "evs": {"hp": 85, "atk": 85, "def": 85, "spa": 85, "spd": 85, "spe": 85}, "ivs": {"hp": 31, "atk": 31, "def": 31, "spa": 31, "spd": 31, "spe": 31}, "item": "Leftovers", "teraType": "Fighting", "role": "Bulky Attacker", "bvs": {"hp": 70, "atk": 105, "def": 90, "spa": 80, "spd": 90, "spe": 45}, "stats": {"hp": 264, "atk": 232, "def": 206, "spa": 189, "spd": 206, "spe": 128}, "types": ["Grass"]}, "Ampharos": {"name": "Ampharos", "species": "Ampharos", "speciesId": "ampharos", "gender": "M", "shiny": false, "level": 88, "moves": ["thunderbolt", "focusblast", "voltswitch", "dazzlinggleam"], "ability": "Static", "evs": {"hp": 85, "atk": 0, "def": 85, "spa": 85, "spd": 85, "spe": 85}, "ivs": {"hp": 31, "atk": 0, "def": 31, "spa": 31, "spd": 31, "spe": 31}, "item": "Choice Specs", "teraType": "Fairy", "role": "Wallbreaker", "bvs": {"hp": 90, "atk": 75, "def": 85, "spa": 115, "spd": 90, "spe": 55}, "stats": {"hp": 302, "atk": 137, "def": 200, "spa": 253, "spd": 209, "spe": 147}, "types": ["Electric"]}, "Cacturne": {"name": "Cacturne", "species": "Cacturne", "speciesId": "cacturne", "gender": "F", "shiny": false, "level": 92, "moves": ["knockoff", "toxicspikes", "suckerpunch", "leafstorm"], "ability": "Water Absorb", "evs": {"hp": 85, "atk": 85, "def": 85, "spa": 85, "spd": 85, "spe": 85}, "ivs": {"hp": 31, "atk": 31, "def": 31, "spa": 31, "spd": 31, "spe": 31}, "item": "Life Orb", "teraType": "Poison", "role": "Wallbreaker", "bvs": {"hp": 70, "atk": 115, "def": 60, "spa": 115, "spd": 60, "spe": 55}, "stats": {"hp": 278, "atk": 264, "def": 163, "spa": 264, "spd": 163, "spe": 154}, "types": ["Grass", "Dark"]}}, {"Dialga": {"name": "Dialga", "species": "Dialga", "speciesId": "dialga", "gender": "N", "shiny": false, "level": 73, "moves": ["thunderwave", "dracometeor", "heavyslam", "stealthrock"], "ability": "Pressure", "evs": {"hp": 85, "atk": 85, "def": 85, "spa": 85, "spd": 85, "spe": 85}, "ivs": {"hp": 31, "atk": 31, "def": 31, "spa": 31, "spd": 31, "spe": 31}, "item": "Leftovers", "teraType": "Dragon", "role": "Bulky Attacker", "bvs": {"hp": 100, "atk": 120, "def": 120, "spa": 150, "spd": 100, "spe": 90}, "stats": {"hp": 266, "atk": 218, "def": 218, "spa": 261, "spd": 188, "spe": 174}, "types": ["Steel", "Dragon"]}, "Gengar": {"name": "Gengar", "species": "Gengar", "speciesId": "gengar", "gender": "M", "shiny": false, "level": 81, "moves": ["willowisp", "shadowball", "sludgewave", "focusblast"], "ability": "Cursed Body", "evs": {"hp": 85, "atk": 0, "def": 85, "spa": 85, "spd": 85, "spe": 85}, "ivs": {"hp": 31, "atk": 0, "def": 31, "spa": 31, "spd": 31, "spe": 31}, "item": "Life Orb", "teraType": "Dark", "role": "Fast Attacker", "bvs": {"hp": 60, "atk": 65, "def": 60, "spa": 130, "spd": 75, "spe": 110}, "stats": {"hp": 230, "atk": 110, "def": 144, "spa": 257, "spd": 168, "spe": 225}, "types": ["Ghost", "Poison"]}, "Magearna": {"name": "Magearna", "species": "Magearna", "speciesId": "magearna", "gender": "N", "shiny": false, "level": 77, "moves": ["ironhead", "terablast", "fleurcannon", "shiftgear"], "ability": "Soul-Heart", "evs": {"hp": 85, "atk": 85, "def": 85, "spa": 85, "spd": 85, "spe": 85}, "ivs": {"hp": 31, "atk": 31, "def": 31, "spa": 31, "spd": 31, "spe": 31}, "item": "Weakness Policy", "teraType": "Ground", "role": "Tera Blast user", "bvs": {"hp": 80, "atk": 95, "def": 115, "spa": 130, "spd": 115, "spe": 65}, "stats": {"hp": 250, "atk": 191, "def": 222, "spa": 245, "spd": 222, "spe": 145}, "types": ["Steel", "Fairy"]}, "Furret": {"name": "Furret", "species": "Furret", "speciesId": "furret", "gender": "F", "shiny": false, "level": 94, "moves": ["knockoff", "doubleedge", "tidyup", "brickbreak"], "ability": "Frisk", "evs": {"hp": 85, "atk": 85, "def": 85, "spa": 85, "spd": 85, "spe": 85}, "ivs": {"hp": 31, "atk": 31, "def": 31, "spa": 31, "spd": 31, "spe": 31}, "item": "Life Orb", "teraType": "Ghost", "role": "Setup Sweeper", "bvs": {"hp": 85, "atk": 76, "def": 64, "spa": 45, "spd": 55, "spe": 90}, "stats": {"hp": 312, "atk": 196, "def": 174, "spa": 138, "spd": 157, "spe": 223}, "types": ["Normal"]}, "Bellossom": {"name": "Bellossom", "species": "Bellossom", "speciesId": "bellossom", "gender": "M", "shiny": false, "level": 84, "moves": ["strengthsap", "moonblast", "gigadrain", "quiverdance"], "ability": "Chlorophyll", "evs": {"hp": 85, "atk": 0, "def": 85, "spa": 85, "spd": 85, "spe": 85}, "ivs": {"hp": 31, "atk": 0, "def": 31, "spa": 31, "spd": 31, "spe": 31}, "item": "Leftovers", "teraType": "Fairy", "role": "Bulky Setup", "bvs": {"hp": 75, "atk": 80, "def": 95, "spa": 90, "spd": 100, "spe": 50}, "stats": {"hp": 263, "atk": 139, "def": 208, "spa": 199, "spd": 216, "spe": 132}, "types": ["Grass"]}, "Vespiquen": {"name": "Vespiquen", "species": "Vespiquen", "speciesId": "vespiquen", "gender": "F", "shiny": false, "level": 99, "moves": ["hurricane", "toxic", "roost", "spikes"], "ability": "Pressure", "evs": {"hp": 85, "atk": 0, "def": 85, "spa": 85, "spd": 85, "spe": 85}, "ivs": {"hp": 31, "atk": 0, "def": 31, "spa": 31, "spd": 31, "spe": 31}, "item": "Heavy-Duty Boots", "teraType": "Steel", "role": "Bulky Support", "bvs": {"hp": 70, "atk": 80, "def": 102, "spa": 80, "spd": 102, "spe": 40}, "stats": {"hp": 299, "atk": 163, "def": 258, "spa": 214, "spd": 258, "spe": 135}, "types": ["Bug", "Flying"]}}]}