{"id": "gen9randombattle-2642200232", "format": "[Gen 9] Random Battle", "players": ["testbotcif", "The_BiG_FaB"], "log": "|j|\u2606testbotcif\n|j|\u2606The_BiG_FaB\n|t:|1782909811\n|gametype|singles\n|player|p1|testbotcif|1|1482\n|player|p2|The_BiG_FaB|265|1463\n|gen|9\n|tier|[Gen 9] Random Battle\n|rated|\n|rule|Species Clause: Limit one of each Pok\u00e9mon\n|rule|HP Percentage Mod: HP is shown in percentages\n|rule|Sleep Clause Mod: Limit one foe put to sleep\n|rule|Illusion Level Mod: Illusion disguises the Pok\u00e9mon's true level\n|\n|t:|1782909811\n|teamsize|p1|6\n|teamsize|p2|6\n|start\n|switch|p1a: Solgaleo|Solgaleo, L74|325/325\n|switch|p2a: Altaria|Altaria, L89, M|278/278\n|turn|1\n|inactive|Battle timer is ON: inactive players will automatically lose when time's up. (requested by testbotcif)\n|c|\u2606testbotcif|rlhf\n|\n|t:|1782909825\n|move|p2a: Altaria|Will-O-Wisp|p1a: Solgaleo|[miss]\n|-miss|p2a: Altaria|p1a: Solgaleo\n|move|p1a: Solgaleo|Sunsteel Strike|p2a: Altaria\n|-damage|p2a: Altaria|169/278\n|\n|upkeep\n|turn|2\n|\n|t:|1782909832\n|move|p2a: Altaria|Will-O-Wisp|p1a: Solgaleo|[miss]\n|-miss|p2a: Altaria|p1a: Solgaleo\n|move|p1a: Solgaleo|Sunsteel Strike|p2a: Altaria\n|-damage|p2a: Altaria|67/278\n|\n|upkeep\n|turn|3\n|\n|t:|1782909841\n|move|p2a: Altaria|Will-O-Wisp|p1a: Solgaleo\n|-status|p1a: Solgaleo|brn\n|move|p1a: Solgaleo|Sunsteel Strike|p2a: Altaria\n|-damage|p2a: Altaria|12/278\n|\n|-damage|p1a: Solgaleo|305/325 brn|[from] brn\n|upkeep\n|turn|4\n|\n|t:|1782909849\n|move|p2a: Altaria|Roost|p2a: Altaria\n|-heal|p2a: Altaria|151/278\n|-singleturn|p2a: Altaria|move: Roost\n|move|p1a: Solgaleo|Sunsteel Strike|p2a: Altaria\n|-crit|p2a: Altaria\n|-damage|p2a: Altaria|68/278\n|\n|-heal|p1a: Solgaleo|325/325 brn|[from] item: Leftovers\n|-damage|p1a: Solgaleo|305/325 brn|[from] brn\n|upkeep\n|turn|5\n|\n|t:|1782909861\n|move|p2a: Altaria|Roost|p2a: Altaria\n|-heal|p2a: Altaria|207/278\n|-singleturn|p2a: Altaria|move: Roost\n|move|p1a: Solgaleo|Sunsteel Strike|p2a: Altaria\n|-damage|p2a: Altaria|153/278\n|\n|-heal|p1a: Solgaleo|325/325 brn|[from] item: Leftovers\n|-damage|p1a: Solgaleo|305/325 brn|[from] brn\n|upkeep\n|turn|6\n|\n|t:|1782909877\n|move|p2a: Altaria|Roost|p2a: Altaria\n|-heal|p2a: Altaria|278/278\n|-singleturn|p2a: Altaria|move: Roost\n|move|p1a: Solgaleo|Sunsteel Strike|p2a: Altaria\n|-damage|p2a: Altaria|227/278\n|\n|-heal|p1a: Solgaleo|325/325 brn|[from] item: Leftovers\n|-damage|p1a: Solgaleo|305/325 brn|[from] brn\n|upkeep\n|turn|7\n|\n|t:|1782909887\n|move|p2a: Altaria|Brave Bird|p1a: Solgaleo\n|-resisted|p1a: Solgaleo\n|-damage|p1a: Solgaleo|255/325 brn\n|-damage|p2a: Altaria|210/278|[from] Recoil\n|move|p1a: Solgaleo|Sunsteel Strike|p2a: Altaria\n|-damage|p2a: Altaria|155/278\n|\n|-heal|p1a: Solgaleo|275/325 brn|[from] item: Leftovers\n|-damage|p1a: Solgaleo|255/325 brn|[from] brn\n|upkeep\n|turn|8\n|\n|t:|1782909900\n|move|p2a: Altaria|Brave Bird|p1a: Solgaleo\n|-resisted|p1a: Solgaleo\n|-damage|p1a: Solgaleo|201/325 brn\n|-damage|p2a: Altaria|137/278|[from] Recoil\n|move|p1a: Solgaleo|Sunsteel Strike|p2a: Altaria\n|-damage|p2a: Altaria|89/278\n|\n|-heal|p1a: Solgaleo|221/325 brn|[from] item: Leftovers\n|-damage|p1a: Solgaleo|201/325 brn|[from] brn\n|upkeep\n|turn|9\n|\n|t:|1782909911\n|move|p2a: Altaria|Roost|p2a: Altaria\n|-heal|p2a: Altaria|228/278\n|-singleturn|p2a: Altaria|move: Roost\n|move|p1a: Solgaleo|Morning Sun|p1a: Solgaleo\n|-heal|p1a: Solgaleo|325/325 brn\n|\n|-damage|p1a: Solgaleo|305/325 brn|[from] brn\n|upkeep\n|turn|10\n|inactive|The_BiG_FaB has 120 seconds left.\n|\n|t:|1782909949\n|switch|p2a: Sceptile|Sceptile, L87, F|264/264\n|move|p1a: Solgaleo|Knock Off|p2a: Sceptile\n|-damage|p2a: Sceptile|219/264\n|-enditem|p2a: Sceptile|Life Orb|[from] move: Knock Off|[of] p1a: Solgaleo\n|\n|-heal|p1a: Solgaleo|325/325 brn|[from] item: Leftovers\n|-damage|p1a: Solgaleo|305/325 brn|[from] brn\n|upkeep\n|turn|11\n|\n|t:|1782909958\n|move|p2a: Sceptile|Shed Tail|p2a: Sceptile\n|-start|p2a: Sceptile|Substitute|[from] move: Shed Tail\n|-damage|p2a: Sceptile|87/264\n|\n|t:|1782909964\n|switch|p2a: Blaziken|Blaziken, L76, F|247/247|[from] Shed Tail\n|move|p1a: Solgaleo|Knock Off|p2a: Blaziken\n|-resisted|p2a: Blaziken\n|-activate|p2a: Blaziken|move: Substitute|[damage]\n|\n|-heal|p1a: Solgaleo|325/325 brn|[from] item: Leftovers\n|-damage|p1a: Solgaleo|305/325 brn|[from] brn\n|upkeep\n|turn|12\n|inactive|The_BiG_FaB has 120 seconds left.\n|\n|t:|1782909975\n|move|p1a: Solgaleo|Earthquake|p2a: Blaziken\n|-supereffective|p2a: Blaziken\n|-end|p2a: Blaziken|Substitute\n|move|p2a: Blaziken|Swords Dance|p2a: Blaziken\n|-boost|p2a: Blaziken|atk|2\n|\n|-heal|p1a: Solgaleo|325/325 brn|[from] item: Leftovers\n|-damage|p1a: Solgaleo|305/325 brn|[from] brn\n|-ability|p2a: Blaziken|Speed Boost|boost\n|-boost|p2a: Blaziken|spe|1\n|upkeep\n|turn|13\n|inactive|The_BiG_FaB has 120 seconds left.\n|\n|t:|1782909988\n|move|p2a: Blaziken|Flare Blitz|p1a: Solgaleo\n|-supereffective|p1a: Solgaleo\n|-damage|p1a: Solgaleo|0 fnt\n|faint|p1a: Solgaleo\n|-damage|p2a: Blaziken|146/247|[from] Recoil\n|-damage|p2a: Blaziken|122/247|[from] item: Life Orb\n|\n|-ability|p2a: Blaziken|Speed Boost|boost\n|-boost|p2a: Blaziken|spe|1\n|upkeep\n|\n|t:|1782909988\n|switch|p1a: Gurdurr|Gurdurr, L85, F|283/283\n|turn|14\n|inactive|The_BiG_FaB has 120 seconds left.\n|\n|t:|1782910009\n|move|p1a: Gurdurr|Mach Punch|p2a: Blaziken\n|-damage|p2a: Blaziken|64/247\n|move|p2a: Blaziken|Flare Blitz|p1a: Gurdurr\n|-damage|p1a: Gurdurr|63/283\n|-damage|p2a: Blaziken|0 fnt|[from] Recoil\n|faint|p2a: Blaziken\n|\n|upkeep\n|\n|t:|1782910016\n|switch|p2a: Altaria|Altaria, L89, M|228/278\n|turn|15\n|\n|t:|1782910020\n|move|p2a: Altaria|Brave Bird|p1a: Gurdurr\n|-supereffective|p1a: Gurdurr\n|-damage|p1a: Gurdurr|0 fnt\n|faint|p1a: Gurdurr\n|-damage|p2a: Altaria|207/278|[from] Recoil\n|\n|upkeep\n|\n|t:|1782910020\n|switch|p1a: Cyclizar|Cyclizar, L83, F|252/252\n|turn|16\n|\n|t:|1782910031\n|move|p1a: Cyclizar|Draco Meteor|p2a: Altaria\n|-supereffective|p2a: Altaria\n|-damage|p2a: Altaria|1/278\n|-unboost|p1a: Cyclizar|spa|2\n|move|p2a: Altaria|Will-O-Wisp|p1a: Cyclizar\n|-status|p1a: Cyclizar|brn\n|\n|-damage|p1a: Cyclizar|237/252 brn|[from] brn\n|upkeep\n|turn|17\n|inactive|The_BiG_FaB has 120 seconds left.\n|\n|t:|1782910051\n|switch|p2a: Scream Tail|Scream Tail, L84|330/330\n|move|p1a: Cyclizar|Rapid Spin|p2a: Scream Tail\n|-damage|p2a: Scream Tail|306/330\n|-boost|p1a: Cyclizar|spe|1\n|\n|-heal|p2a: Scream Tail|326/330|[from] item: Leftovers\n|-damage|p1a: Cyclizar|222/252 brn|[from] brn\n|upkeep\n|turn|18\n|\n|t:|1782910060\n|switch|p1a: Flareon|Flareon, L90, F|263/263\n|move|p2a: Scream Tail|Play Rough|p1a: Flareon\n|-resisted|p1a: Flareon\n|-damage|p1a: Flareon|218/263\n|\n|-heal|p2a: Scream Tail|330/330|[from] item: Leftovers\n|-status|p1a: Flareon|tox|[from] item: Toxic Orb\n|upkeep\n|turn|19\n|\n|t:|1782910071\n|move|p2a: Scream Tail|Wish|p2a: Scream Tail\n|move|p1a: Flareon|Flare Blitz|p2a: Scream Tail\n|-damage|p2a: Scream Tail|89/330\n|-status|p2a: Scream Tail|brn\n|-damage|p1a: Flareon|138/263 tox|[from] Recoil\n|\n|-heal|p2a: Scream Tail|109/330 brn|[from] item: Leftovers\n|-damage|p1a: Flareon|122/263 tox|[from] psn\n|-damage|p2a: Scream Tail|89/330 brn|[from] brn\n|upkeep\n|turn|20\n|\n|t:|1782910080\n|move|p2a: Scream Tail|Protect|p2a: Scream Tail\n|-singleturn|p2a: Scream Tail|Protect\n|move|p1a: Flareon|Flare Blitz|p2a: Scream Tail\n|-activate|p2a: Scream Tail|move: Protect\n|\n|-heal|p2a: Scream Tail|254/330 brn|[from] move: Wish|[wisher] Scream Tail\n|-heal|p2a: Scream Tail|274/330 brn|[from] item: Leftovers\n|-damage|p1a: Flareon|90/263 tox|[from] psn\n|-damage|p2a: Scream Tail|254/330 brn|[from] brn\n|upkeep\n|turn|21\n|\n|t:|1782910094\n|move|p2a: Scream Tail|Wish|p2a: Scream Tail\n|move|p1a: Flareon|Flare Blitz|p2a: Scream Tail\n|-damage|p2a: Scream Tail|0 fnt\n|faint|p2a: Scream Tail\n|-end|p2a: Scream Tail|Protosynthesis|[silent]\n|-damage|p1a: Flareon|6/263 tox|[from] Recoil\n|\n|-damage|p1a: Flareon|0 fnt|[from] psn\n|faint|p1a: Flareon\n|upkeep\n|\n|t:|1782910102\n|switch|p2a: Sceptile|Sceptile, L87, F|87/264\n|switch|p1a: Cyclizar|Cyclizar, L83, F|252/252 brn\n|turn|22\n|\n|t:|1782910111\n|move|p2a: Sceptile|Focus Blast|p1a: Cyclizar\n|-supereffective|p1a: Cyclizar\n|-damage|p1a: Cyclizar|8/252 brn\n|move|p1a: Cyclizar|Rapid Spin|p2a: Sceptile\n|-crit|p2a: Sceptile\n|-damage|p2a: Sceptile|39/264\n|-boost|p1a: Cyclizar|spe|1\n|\n|-heal|p2a: Sceptile|204/264|[from] move: Wish|[wisher] Scream Tail\n|-damage|p1a: Cyclizar|0 fnt|[from] brn\n|faint|p1a: Cyclizar\n|upkeep\n|\n|t:|1782910111\n|switch|p1a: Zapdos|Zapdos-Galar, L77|265/265\n|turn|23\n|\n|t:|1782910132\n|move|p2a: Sceptile|Shed Tail|p2a: Sceptile\n|-start|p2a: Sceptile|Substitute|[from] move: Shed Tail\n|-damage|p2a: Sceptile|72/264\n|\n|t:|1782910145\n|switch|p2a: Altaria|Altaria, L89, M|1/278|[from] Shed Tail\n|move|p1a: Zapdos|Bulk Up|p1a: Zapdos\n|-boost|p1a: Zapdos|atk|1\n|-boost|p1a: Zapdos|def|1\n|\n|upkeep\n|turn|24\n|\n|t:|1782910152\n|move|p1a: Zapdos|Brave Bird|p2a: Altaria\n|-end|p2a: Altaria|Substitute\n|-damage|p1a: Zapdos|243/265|[from] Recoil|[of] p2a: Altaria\n|-damage|p1a: Zapdos|217/265|[from] item: Life Orb\n|move|p2a: Altaria|Will-O-Wisp|p1a: Zapdos\n|-status|p1a: Zapdos|brn\n|\n|-damage|p1a: Zapdos|201/265 brn|[from] brn\n|upkeep\n|turn|25\n|\n|t:|1782910161\n|move|p1a: Zapdos|Brave Bird|p2a: Altaria\n|-damage|p2a: Altaria|0 fnt\n|faint|p2a: Altaria\n|-damage|p1a: Zapdos|200/265 brn|[from] Recoil\n|-damage|p1a: Zapdos|174/265 brn|[from] item: Life Orb\n|\n|-damage|p1a: Zapdos|158/265 brn|[from] brn\n|upkeep\n|\n|t:|1782910172\n|switch|p2a: Tinkaton|Tinkaton, L82, F|274/274\n|-ability|p2a: Tinkaton|Mold Breaker\n|turn|26\n|\n|t:|1782910188\n|-terastallize|p1a: Zapdos|Steel\n|move|p2a: Tinkaton|Protect|p2a: Tinkaton\n|-singleturn|p2a: Tinkaton|Protect\n|move|p1a: Zapdos|Close Combat|p2a: Tinkaton\n|-activate|p2a: Tinkaton|move: Protect\n|\n|-damage|p1a: Zapdos|142/265 brn|[from] brn\n|upkeep\n|turn|27\n|inactive|The_BiG_FaB has 120 seconds left.\n|\n|t:|1782910205\n|move|p2a: Tinkaton|Swords Dance|p2a: Tinkaton\n|-boost|p2a: Tinkaton|atk|2\n|move|p1a: Zapdos|Close Combat|p2a: Tinkaton\n|-damage|p2a: Tinkaton|131/274\n|-unboost|p1a: Zapdos|def|1\n|-unboost|p1a: Zapdos|spd|1\n|-damage|p1a: Zapdos|116/265 brn|[from] item: Life Orb\n|\n|-heal|p2a: Tinkaton|148/274|[from] item: Leftovers\n|-damage|p1a: Zapdos|100/265 brn|[from] brn\n|upkeep\n|turn|28\n|inactive|The_BiG_FaB has 120 seconds left.\n|\n|t:|1782910215\n|move|p2a: Tinkaton|Protect|p2a: Tinkaton\n|-singleturn|p2a: Tinkaton|Protect\n|move|p1a: Zapdos|Close Combat|p2a: Tinkaton\n|-activate|p2a: Tinkaton|move: Protect\n|\n|-heal|p2a: Tinkaton|165/274|[from] item: Leftovers\n|-damage|p1a: Zapdos|84/265 brn|[from] brn\n|upkeep\n|turn|29\n|inactive|The_BiG_FaB has 120 seconds left.\n|\n|t:|1782910226\n|move|p2a: Tinkaton|Gigaton Hammer|p1a: Zapdos\n|-resisted|p1a: Zapdos\n|-damage|p1a: Zapdos|0 fnt\n|faint|p1a: Zapdos\n|\n|-heal|p2a: Tinkaton|182/274|[from] item: Leftovers\n|upkeep\n|\n|t:|1782910226\n|switch|p1a: Houndoom|Houndoom, L87, F|272/272\n|turn|30\n|\n|t:|1782910240\n|move|p1a: Houndoom|Fire Blast|p2a: Tinkaton\n|-supereffective|p2a: Tinkaton\n|-damage|p2a: Tinkaton|0 fnt\n|faint|p2a: Tinkaton\n|\n|upkeep\n|inactive|The_BiG_FaB has 120 seconds left.\n|\n|t:|1782910251\n|switch|p2a: Sceptile|Sceptile, L87, F|72/264\n|turn|31\n|\n|t:|1782910255\n|move|p1a: Houndoom|Sucker Punch|p2a: Sceptile\n|-damage|p2a: Sceptile|0 fnt\n|faint|p2a: Sceptile\n|\n|upkeep\n|\n|t:|1782910258\n|switch|p2a: Clawitzer|Clawitzer, L87, F|265/265\n|turn|32\n|\n|t:|1782910266\n|move|p1a: Houndoom|Sludge Bomb|p2a: Clawitzer\n|-damage|p2a: Clawitzer|197/265\n|move|p2a: Clawitzer|Water Pulse|p1a: Houndoom\n|-supereffective|p1a: Houndoom\n|-damage|p1a: Houndoom|0 fnt\n|faint|p1a: Houndoom\n|\n|win|The_BiG_FaB\n|raw|testbotcif's rating: 1482 &rarr; <strong>1461</strong><br />(-21 for losing)\n|raw|The_BiG_FaB's rating: 1463 &rarr; <strong>1484</strong><br />(+21 for winning)\n", "inputlog": ">version f8ac14003a5f27e1bdc8d8c59608a773c1cb96e5\n>start {\"formatid\":\"gen9randombattle\",\"seed\":\"sodium,2b14493ea97f3f948b7cc09126a36033\",\"rated\":\"Rated battle\"}\n>player p1 {\"name\":\"testbotcif\",\"avatar\":\"1\",\"rating\":1482,\"seed\":\"sodium,76717e9c258afcdbe650c9c3d811d3a6\"}\n>player p2 {\"name\":\"The_BiG_FaB\",\"avatar\":\"265\",\"rating\":1463,\"seed\":\"sodium,45bc44ec0f8f38b4a794d8dd83ae4868\"}\n>chat \u2606testbotcif|rlhf\n>p1 move sunsteelstrike\n>p2 move willowisp\n>p1 move sunsteelstrike\n>p2 move willowisp\n>p1 move sunsteelstrike\n>p2 move willowisp\n>p1 move sunsteelstrike\n>p2 move roost\n>p1 move sunsteelstrike\n>p2 move roost\n>p1 move sunsteelstrike\n>p2 move roost\n>p1 move sunsteelstrike\n>p2 move bravebird\n>p1 move sunsteelstrike\n>p2 move bravebird\n>p1 move morningsun\n>p2 move roost\n>p1 move knockoff\n>p2 switch 6\n>p1 move knockoff\n>p2 move shedtail\n>p2 switch 5\n>p1 move earthquake\n>p2 move swordsdance\n>p1 move earthquake\n>p2 move flareblitz\n>p1 switch 3\n>p1 move machpunch\n>p2 move flareblitz\n>p2 switch 6\n>p1 move knockoff\n>p2 move bravebird\n>p1 switch 2\n>p1 move dracometeor\n>p2 move willowisp\n>p1 move rapidspin\n>p2 switch 2\n>p1 switch 6\n>p2 move playrough\n>p1 move flareblitz\n>p2 move wish\n>p1 move flareblitz\n>p2 move protect\n>p1 move flareblitz\n>p2 move wish\n>p1 switch 6\n>p2 switch 5\n>p1 move rapidspin\n>p2 move focusblast\n>p1 switch 4\n>p1 move bulkup\n>p2 move shedtail\n>p2 switch 2\n>p1 move bravebird\n>p2 move willowisp\n>p1 move bravebird\n>p2 move roost\n>p2 switch 3\n>p1 move closecombat terastallize\n>p2 move protect\n>p1 move closecombat\n>p2 move swordsdance\n>p1 move closecombat\n>p2 move protect\n>p1 move closecombat\n>p2 move gigatonhammer\n>p1 switch 5\n>p1 move fireblast\n>p2 move playrough\n>p2 switch 2\n>p1 move suckerpunch\n>p2 move earthquake\n>p2 switch 4\n>p1 move sludgebomb\n>p2 move waterpulse", "uploadtime": 1782910266, "views": 6, "formatid": "gen9randombattle", "rating": 1461, "private": 0, "password": null, "player_dets": [{"name": "testbotcif", "avatar": "1", "rating": 1482, "seed": "sodium,76717e9c258afcdbe650c9c3d811d3a6"}, {"name": "The_BiG_FaB", "avatar": "265", "rating": 1463, "seed": "sodium,45bc44ec0f8f38b4a794d8dd83ae4868"}], "teams_full": [{"Solgaleo": {"name": "Solgaleo", "species": "Solgaleo", "speciesId": "solgaleo", "gender": "N", "shiny": false, "level": 74, "moves": ["earthquake", "knockoff", "sunsteelstrike", "morningsun"], "ability": "Full Metal Body", "evs": {"hp": 85, "atk": 85, "def": 85, "spa": 85, "spd": 85, "spe": 85}, "ivs": {"hp": 31, "atk": 31, "def": 31, "spa": 31, "spd": 31, "spe": 31}, "item": "Leftovers", "teraType": "Water", "role": "Bulky Attacker", "bvs": {"hp": 137, "atk": 137, "def": 107, "spa": 113, "spd": 89, "spe": 97}, "stats": {"hp": 325, "atk": 246, "def": 201, "spa": 210, "spd": 175, "spe": 187}, "types": ["Psychic", "Steel"]}, "Cyclizar": {"name": "Cyclizar", "species": "Cyclizar", "speciesId": "cyclizar", "gender": "F", "shiny": false, "level": 83, "moves": ["taunt", "dracometeor", "shedtail", "rapidspin"], "ability": "Regenerator", "evs": {"hp": 85, "atk": 85, "def": 85, "spa": 85, "spd": 85, "spe": 85}, "ivs": {"hp": 31, "atk": 31, "def": 31, "spa": 31, "spd": 31, "spe": 31}, "item": "Heavy-Duty Boots", "teraType": "Ghost", "role": "Fast Support", "bvs": {"hp": 70, "atk": 95, "def": 65, "spa": 85, "spd": 65, "spe": 121}, "stats": {"hp": 252, "atk": 205, "def": 156, "spa": 189, "spd": 156, "spe": 249}, "types": ["Dragon", "Normal"]}, "Gurdurr": {"name": "Gurdurr", "species": "Gurdurr", "speciesId": "gurdurr", "gender": "F", "shiny": false, "level": 85, "moves": ["machpunch", "drainpunch", "knockoff", "bulkup"], "ability": "Guts", "evs": {"hp": 85, "atk": 85, "def": 85, "spa": 85, "spd": 85, "spe": 85}, "ivs": {"hp": 31, "atk": 31, "def": 31, "spa": 31, "spd": 31, "spe": 31}, "item": "Eviolite", "teraType": "Steel", "role": "Bulky Attacker", "bvs": {"hp": 85, "atk": 105, "def": 85, "spa": 40, "spd": 50, "spe": 40}, "stats": {"hp": 283, "atk": 227, "def": 193, "spa": 117, "spd": 134, "spe": 117}, "types": ["Fighting"]}, "Zapdos": {"name": "Zapdos", "species": "Zapdos-Galar", "speciesId": "zapdosgalar", "gender": "N", "shiny": false, "level": 77, "moves": ["bulkup", "closecombat", "bravebird", "knockoff"], "ability": "Defiant", "evs": {"hp": 85, "atk": 85, "def": 85, "spa": 85, "spd": 85, "spe": 85}, "ivs": {"hp": 31, "atk": 31, "def": 31, "spa": 31, "spd": 31, "spe": 31}, "item": "Life Orb", "teraType": "Steel", "role": "Fast Attacker", "bvs": {"hp": 90, "atk": 125, "def": 90, "spa": 85, "spd": 90, "spe": 100}, "stats": {"hp": 265, "atk": 237, "def": 183, "spa": 175, "spd": 183, "spe": 199}, "types": ["Fighting", "Flying"]}, "Houndoom": {"name": "Houndoom", "species": "Houndoom", "speciesId": "houndoom", "gender": "F", "shiny": false, "level": 87, "moves": ["fireblast", "darkpulse", "sludgebomb", "suckerpunch"], "ability": "Flash Fire", "evs": {"hp": 85, "atk": 85, "def": 85, "spa": 85, "spd": 85, "spe": 85}, "ivs": {"hp": 31, "atk": 31, "def": 31, "spa": 31, "spd": 31, "spe": 31}, "item": "Heavy-Duty Boots", "teraType": "Poison", "role": "Fast Attacker", "bvs": {"hp": 75, "atk": 90, "def": 50, "spa": 110, "spd": 80, "spe": 95}, "stats": {"hp": 272, "atk": 206, "def": 137, "spa": 241, "spd": 189, "spe": 215}, "types": ["Dark", "Fire"]}, "Flareon": {"name": "Flareon", "species": "Flareon", "speciesId": "flareon", "gender": "F", "shiny": false, "level": 90, "moves": ["facade", "trailblaze", "quickattack", "flareblitz"], "ability": "Guts", "evs": {"hp": 85, "atk": 85, "def": 85, "spa": 85, "spd": 85, "spe": 85}, "ivs": {"hp": 31, "atk": 31, "def": 31, "spa": 31, "spd": 31, "spe": 31}, "item": "Toxic Orb", "teraType": "Normal", "role": "Setup Sweeper", "bvs": {"hp": 65, "atk": 130, "def": 60, "spa": 95, "spd": 110, "spe": 65}, "stats": {"hp": 263, "atk": 285, "def": 159, "spa": 222, "spd": 249, "spe": 168}, "types": ["Fire"]}}, {"Altaria": {"name": "Altaria", "species": "Altaria", "speciesId": "altaria", "gender": "M", "shiny": false, "level": 89, "moves": ["defog", "bravebird", "willowisp", "roost"], "ability": "Natural Cure", "evs": {"hp": 85, "atk": 85, "def": 85, "spa": 85, "spd": 85, "spe": 85}, "ivs": {"hp": 31, "atk": 31, "def": 31, "spa": 31, "spd": 31, "spe": 31}, "item": "Heavy-Duty Boots", "teraType": "Steel", "role": "Bulky Support", "bvs": {"hp": 75, "atk": 70, "def": 90, "spa": 70, "spd": 105, "spe": 80}, "stats": {"hp": 278, "atk": 175, "def": 211, "spa": 175, "spd": 238, "spe": 193}, "types": ["Dragon", "Flying"]}, "Scream Tail": {"name": "Scream Tail", "species": "Scream Tail", "speciesId": "screamtail", "gender": "N", "shiny": false, "level": 84, "moves": ["protect", "playrough", "thunderwave", "wish"], "ability": "Protosynthesis", "evs": {"hp": 85, "atk": 85, "def": 85, "spa": 85, "spd": 85, "spe": 85}, "ivs": {"hp": 31, "atk": 31, "def": 31, "spa": 31, "spd": 31, "spe": 31}, "item": "Leftovers", "teraType": "Poison", "role": "Bulky Support", "bvs": {"hp": 115, "atk": 65, "def": 99, "spa": 65, "spd": 115, "spe": 111}, "stats": {"hp": 330, "atk": 157, "def": 215, "spa": 157, "spd": 241, "spe": 235}, "types": ["Fairy", "Psychic"]}, "Tinkaton": {"name": "Tinkaton", "species": "Tinkaton", "speciesId": "tinkaton", "gender": "F", "shiny": false, "level": 82, "moves": ["protect", "swordsdance", "playrough", "gigatonhammer"], "ability": "Mold Breaker", "evs": {"hp": 85, "atk": 85, "def": 85, "spa": 85, "spd": 85, "spe": 85}, "ivs": {"hp": 31, "atk": 31, "def": 31, "spa": 31, "spd": 31, "spe": 31}, "item": "Leftovers", "teraType": "Steel", "role": "Bulky Setup", "bvs": {"hp": 85, "atk": 75, "def": 77, "spa": 70, "spd": 105, "spe": 94}, "stats": {"hp": 274, "atk": 170, "def": 173, "spa": 162, "spd": 219, "spe": 201}, "types": ["Fairy", "Steel"]}, "Clawitzer": {"name": "Clawitzer", "species": "Clawitzer", "speciesId": "clawitzer", "gender": "F", "shiny": false, "level": 87, "moves": ["darkpulse", "waterpulse", "aurasphere", "icebeam"], "ability": "Mega Launcher", "evs": {"hp": 85, "atk": 0, "def": 85, "spa": 85, "spd": 85, "spe": 85}, "ivs": {"hp": 31, "atk": 0, "def": 31, "spa": 31, "spd": 31, "spe": 31}, "item": "Choice Specs", "teraType": "Fighting", "role": "Wallbreaker", "bvs": {"hp": 71, "atk": 73, "def": 88, "spa": 120, "spd": 89, "spe": 59}, "stats": {"hp": 265, "atk": 132, "def": 203, "spa": 259, "spd": 205, "spe": 152}, "types": ["Water"]}, "Blaziken": {"name": "Blaziken", "species": "Blaziken", "speciesId": "blaziken", "gender": "F", "shiny": false, "level": 76, "moves": ["closecombat", "flareblitz", "swordsdance", "protect"], "ability": "Speed Boost", "evs": {"hp": 85, "atk": 85, "def": 85, "spa": 85, "spd": 85, "spe": 85}, "ivs": {"hp": 31, "atk": 31, "def": 31, "spa": 31, "spd": 31, "spe": 31}, "item": "Life Orb", "teraType": "Fighting", "role": "Setup Sweeper", "bvs": {"hp": 80, "atk": 120, "def": 70, "spa": 110, "spd": 70, "spe": 80}, "stats": {"hp": 247, "atk": 226, "def": 150, "spa": 211, "spd": 150, "spe": 166}, "types": ["Fire", "Fighting"]}, "Sceptile": {"name": "Sceptile", "species": "Sceptile", "speciesId": "sceptile", "gender": "F", "shiny": false, "level": 87, "moves": ["shedtail", "leafstorm", "focusblast", "earthquake"], "ability": "Overgrow", "evs": {"hp": 85, "atk": 85, "def": 85, "spa": 85, "spd": 85, "spe": 85}, "ivs": {"hp": 31, "atk": 31, "def": 31, "spa": 31, "spd": 31, "spe": 31}, "item": "Life Orb", "teraType": "Grass", "role": "Fast Attacker", "bvs": {"hp": 70, "atk": 85, "def": 65, "spa": 105, "spd": 85, "spe": 120}, "stats": {"hp": 264, "atk": 198, "def": 163, "spa": 232, "spd": 198, "spe": 259}, "types": ["Grass"]}}]}