{"id": "gen9randombattle-2642161910", "format": "[Gen 9] Random Battle", "players": ["owlinforest", "forcemajor14"], "log": "|j|\u2606owlinforest\n|j|\u2606forcemajor14\n|t:|1782903068\n|gametype|singles\n|player|p1|owlinforest|170|1971\n|player|p2|forcemajor14|266|2104\n|gen|9\n|tier|[Gen 9] Random Battle\n|rated|\n|rule|Species Clause: Limit one of each Pok\u00e9mon\n|rule|HP Percentage Mod: HP is shown in percentages\n|rule|Sleep Clause Mod: Limit one foe put to sleep\n|rule|Illusion Level Mod: Illusion disguises the Pok\u00e9mon's true level\n|\n|t:|1782903068\n|teamsize|p1|6\n|teamsize|p2|6\n|start\n|switch|p1a: Dedenne|Dedenne, L88, M|261/261\n|switch|p2a: Typhlosion|Typhlosion-Hisui, L83, M|257/257\n|turn|1\n|\n|t:|1782903073\n|move|p1a: Dedenne|Thunderbolt|p2a: Typhlosion\n|-damage|p2a: Typhlosion|164/257\n|move|p2a: Typhlosion|Eruption|p1a: Dedenne\n|-damage|p1a: Dedenne|66/261\n|-enditem|p1a: Dedenne|Sitrus Berry|[eat]\n|-heal|p1a: Dedenne|131/261|[from] item: Sitrus Berry\n|-heal|p1a: Dedenne|218/261|[from] ability: Cheek Pouch\n|\n|upkeep\n|turn|2\n|inactive|Battle timer is ON: inactive players will automatically lose when time's up. (requested by forcemajor14)\n|\n|t:|1782903080\n|switch|p2a: Golurk|Golurk, L87|297/297\n|move|p1a: Dedenne|Dazzling Gleam|p2a: Golurk\n|-damage|p2a: Golurk|216/297\n|\n|upkeep\n|turn|3\n|\n|t:|1782903086\n|move|p1a: Dedenne|U-turn|p2a: Golurk\n|-resisted|p2a: Golurk\n|-damage|p2a: Golurk|197/297\n|\n|t:|1782903088\n|switch|p1a: Brambleghast|Brambleghast, L88, F|240/240|[from] U-turn\n|move|p2a: Golurk|Stealth Rock|p1a: Brambleghast\n|-sidestart|p1: owlinforest|move: Stealth Rock\n|\n|upkeep\n|turn|4\n|\n|t:|1782903099\n|switch|p2a: Hydreigon|Hydreigon, L79, F|275/275\n|move|p1a: Brambleghast|Poltergeist|p2a: Hydreigon\n|-activate|p2a: Hydreigon|move: Poltergeist|Choice Specs\n|-resisted|p2a: Hydreigon\n|-damage|p2a: Hydreigon|196/275\n|\n|upkeep\n|turn|5\n|\n|t:|1782903105\n|switch|p1a: Dedenne|Dedenne, L88, M|218/261\n|-damage|p1a: Dedenne|186/261|[from] Stealth Rock\n|move|p2a: Hydreigon|U-turn|p1a: Dedenne\n|-resisted|p1a: Dedenne\n|-damage|p1a: Dedenne|158/261\n|\n|t:|1782903107\n|switch|p2a: Golurk|Golurk, L87|197/297|[from] U-turn\n|\n|upkeep\n|turn|6\n|\n|t:|1782903115\n|move|p1a: Dedenne|U-turn|p2a: Golurk\n|-resisted|p2a: Golurk\n|-damage|p2a: Golurk|176/297\n|l|\u2606forcemajor14\n|inactive|forcemajor14 disconnected and has a minute to reconnect!\n|player|p2|\n|\n|t:|1782903124\n|switch|p1a: Beartic|Beartic, L91, F|321/321|[from] U-turn\n|-damage|p1a: Beartic|241/321|[from] Stealth Rock\n|move|p2a: Golurk|Earthquake|p1a: Beartic\n|-damage|p1a: Beartic|68/321\n|-damage|p2a: Golurk|147/297|[from] item: Life Orb\n|\n|upkeep\n|turn|7\n|j|\u2606forcemajor14\n|inactive|forcemajor14 reconnected and has 145 seconds left.\n|player|p2|forcemajor14|266|\n|\n|t:|1782903140\n|move|p1a: Beartic|Aqua Jet|p2a: Golurk\n|-supereffective|p2a: Golurk\n|-damage|p2a: Golurk|11/297\n|move|p2a: Golurk|Dynamic Punch|p1a: Beartic\n|-supereffective|p1a: Beartic\n|-damage|p1a: Beartic|0 fnt\n|faint|p1a: Beartic\n|-damage|p2a: Golurk|0 fnt|[from] item: Life Orb\n|faint|p2a: Golurk\n|\n|upkeep\n|\n|t:|1782903150\n|switch|p2a: Kingdra|Kingdra, L84, F|263/263\n|switch|p1a: Brambleghast|Brambleghast, L88, F|240/240\n|turn|8\n|\n|t:|1782903154\n|move|p1a: Brambleghast|Rapid Spin|p2a: Kingdra\n|-damage|p2a: Kingdra|218/263\n|-boost|p1a: Brambleghast|spe|1\n|-sideend|p1: owlinforest|Stealth Rock|[from] move: Rapid Spin|[of] p1a: Brambleghast\n|move|p2a: Kingdra|Rain Dance|p2a: Kingdra\n|-weather|RainDance\n|\n|-weather|RainDance|[upkeep]\n|upkeep\n|turn|9\n|\n|t:|1782903160\n|move|p2a: Kingdra|Hurricane|p1a: Brambleghast\n|-ability|p1a: Brambleghast|Wind Rider|boost\n|-boost|p1a: Brambleghast|atk|1\n|move|p1a: Brambleghast|Rapid Spin|p2a: Kingdra\n|-damage|p2a: Kingdra|151/263\n|-boost|p1a: Brambleghast|spe|1\n|\n|-weather|RainDance|[upkeep]\n|upkeep\n|turn|10\n|\n|t:|1782903166\n|move|p1a: Brambleghast|Poltergeist|p2a: Kingdra\n|-activate|p2a: Kingdra|move: Poltergeist|Life Orb\n|-damage|p2a: Kingdra|0 fnt\n|faint|p2a: Kingdra\n|\n|-weather|RainDance|[upkeep]\n|upkeep\n|\n|t:|1782903167\n|switch|p2a: Hydreigon|Hydreigon, L79, F|196/275\n|turn|11\n|\n|t:|1782903173\n|-terastallize|p1a: Brambleghast|Water\n|move|p1a: Brambleghast|Poltergeist|p2a: Hydreigon\n|-activate|p2a: Hydreigon|move: Poltergeist|Choice Specs\n|-resisted|p2a: Hydreigon\n|-damage|p2a: Hydreigon|75/275\n|move|p2a: Hydreigon|Dark Pulse|p1a: Brambleghast\n|-damage|p1a: Brambleghast|81/240\n|\n|-weather|RainDance|[upkeep]\n|upkeep\n|turn|12\n|\n|t:|1782903178\n|move|p1a: Brambleghast|Poltergeist|p2a: Hydreigon\n|-activate|p2a: Hydreigon|move: Poltergeist|Choice Specs\n|-resisted|p2a: Hydreigon\n|-damage|p2a: Hydreigon|0 fnt\n|faint|p2a: Hydreigon\n|\n|-weather|none\n|upkeep\n|\n|t:|1782903184\n|switch|p2a: Lilligant|Lilligant, L86, F|261/261\n|turn|13\n|\n|t:|1782903191\n|move|p1a: Brambleghast|Poltergeist|p2a: Lilligant\n|-activate|p2a: Lilligant|move: Poltergeist|Life Orb\n|-damage|p2a: Lilligant|39/261\n|move|p2a: Lilligant|Giga Drain|p1a: Brambleghast\n|-supereffective|p1a: Brambleghast\n|-damage|p1a: Brambleghast|0 fnt\n|-heal|p2a: Lilligant|80/261|[from] drain|[of] p1a: Brambleghast\n|faint|p1a: Brambleghast\n|-damage|p2a: Lilligant|54/261|[from] item: Life Orb\n|\n|upkeep\n|\n|t:|1782903198\n|switch|p1a: Maushold|Maushold, L76|238/238\n|turn|14\n|\n|t:|1782903206\n|switch|p2a: Typhlosion|Typhlosion-Hisui, L83, M|164/257\n|move|p1a: Maushold|Population Bomb|p2a: Typhlosion\n|-immune|p2a: Typhlosion\n|\n|upkeep\n|turn|15\n|\n|t:|1782903211\n|switch|p1a: Dedenne|Dedenne, L88, M|158/261\n|move|p2a: Typhlosion|Fire Blast|p1a: Dedenne\n|-damage|p1a: Dedenne|0 fnt\n|faint|p1a: Dedenne\n|\n|upkeep\n|\n|t:|1782903213\n|switch|p1a: Drednaw|Drednaw, L81, F|278/278\n|turn|16\n|\n|t:|1782903215\n|switch|p2a: Carbink|Carbink, L90|236/236\n|move|p1a: Drednaw|Shell Smash|p1a: Drednaw\n|-unboost|p1a: Drednaw|def|1\n|-unboost|p1a: Drednaw|spd|1\n|-boost|p1a: Drednaw|atk|2\n|-boost|p1a: Drednaw|spa|2\n|-boost|p1a: Drednaw|spe|2\n|-enditem|p1a: Drednaw|White Herb\n|-clearnegativeboost|p1a: Drednaw|[silent]\n|\n|upkeep\n|turn|17\n|\n|t:|1782903218\n|-terastallize|p2a: Carbink|Fighting\n|move|p1a: Drednaw|Liquidation|p2a: Carbink\n|-damage|p2a: Carbink|127/236\n|move|p2a: Carbink|Iron Defense|p2a: Carbink\n|-boost|p2a: Carbink|def|2\n|\n|upkeep\n|turn|18\n|\n|t:|1782903225\n|switch|p1a: Metagross|Metagross, L79|256/256\n|move|p2a: Carbink|Rest|p2a: Carbink\n|-status|p2a: Carbink|slp|[from] move: Rest\n|-heal|p2a: Carbink|236/236 slp|[silent]\n|-enditem|p2a: Carbink|Chesto Berry|[eat]\n|-curestatus|p2a: Carbink|slp|[msg]\n|\n|upkeep\n|turn|19\n|\n|t:|1782903231\n|move|p1a: Metagross|Psychic Fangs|p2a: Carbink\n|-supereffective|p2a: Carbink\n|-damage|p2a: Carbink|170/236\n|move|p2a: Carbink|Iron Defense|p2a: Carbink\n|-boost|p2a: Carbink|def|2\n|\n|upkeep\n|turn|20\n|\n|t:|1782903234\n|switch|p1a: Maushold|Maushold, L76|238/238\n|move|p2a: Carbink|Body Press|p1a: Maushold\n|-supereffective|p1a: Maushold\n|-damage|p1a: Maushold|0 fnt\n|faint|p1a: Maushold\n|\n|upkeep\n|-message|owlinforest forfeited.\n|\n|win|forcemajor14\n|raw|owlinforest's rating: 1971 &rarr; <strong>1957</strong><br />(-14 for losing)\n|raw|forcemajor14's rating: 2075 &rarr; <strong>2089</strong><br />(+14 for winning)\n|l|\u2606owlinforest\n|player|p1|\n", "inputlog": ">version f8ac14003a5f27e1bdc8d8c59608a773c1cb96e5\n>start {\"formatid\":\"gen9randombattle\",\"seed\":\"sodium,574561d53112ba7c1019fb60784d77b3\",\"rated\":\"Rated battle\"}\n>player p1 {\"name\":\"owlinforest\",\"avatar\":\"170\",\"rating\":1971,\"seed\":\"sodium,a84f2bf9de64116bbddee302983c25a3\"}\n>player p2 {\"name\":\"forcemajor14\",\"avatar\":\"266\",\"rating\":2104,\"seed\":\"sodium,47b37553c30a151335daa89a447a945f\"}\n>p1 move thunderbolt\n>p2 move eruption\n>p1 move dazzlinggleam\n>p2 switch 5\n>p1 move uturn\n>p2 move stealthrock\n>p1 switch 2\n>p1 move poltergeist\n>p2 switch 2\n>p1 switch 2\n>p2 move uturn\n>p2 switch 2\n>p1 move uturn\n>p2 move earthquake\n>p1 switch 4\n>p1 move aquajet\n>p2 move dynamicpunch\n>p1 switch 2\n>p2 switch 4\n>p1 move rapidspin\n>p2 move raindance\n>p1 move rapidspin\n>p2 move hurricane\n>p1 move poltergeist\n>p2 move dracometeor\n>p2 switch 2\n>p1 move poltergeist terastallize\n>p2 move darkpulse\n>p1 move poltergeist\n>p2 move darkpulse\n>p2 switch 3\n>p1 move poltergeist\n>p2 move gigadrain\n>p1 switch 6\n>p1 move populationbomb\n>p2 switch 5\n>p1 switch 4\n>p2 move fireblast\n>p1 switch 5\n>p1 move shellsmash\n>p2 switch 6\n>p1 move liquidation\n>p2 move irondefense terastallize\n>p1 switch 3\n>p2 move rest\n>p1 move psychicfangs\n>p2 move irondefense\n>p1 switch 4\n>p2 move bodypress\n>forcelose p1", "uploadtime": 1782903237, "views": 5, "formatid": "gen9randombattle", "rating": 1957, "private": 0, "password": null, "player_dets": [{"name": "owlinforest", "avatar": "170", "rating": 1971, "seed": "sodium,a84f2bf9de64116bbddee302983c25a3"}, {"name": "forcemajor14", "avatar": "266", "rating": 2104, "seed": "sodium,47b37553c30a151335daa89a447a945f"}], "teams_full": [{"Dedenne": {"name": "Dedenne", "species": "Dedenne", "speciesId": "dedenne", "gender": "M", "shiny": false, "level": 88, "moves": ["thunderbolt", "dazzlinggleam", "uturn", "superfang"], "ability": "Cheek Pouch", "evs": {"hp": 85, "atk": 85, "def": 85, "spa": 85, "spd": 85, "spe": 85}, "ivs": {"hp": 31, "atk": 31, "def": 31, "spa": 31, "spd": 31, "spe": 31}, "item": "Sitrus Berry", "teraType": "Flying", "role": "Fast Support", "bvs": {"hp": 67, "atk": 58, "def": 57, "spa": 81, "spd": 67, "spe": 101}, "stats": {"hp": 261, "atk": 152, "def": 151, "spa": 193, "spd": 168, "spe": 228}, "types": ["Electric", "Fairy"]}, "Brambleghast": {"name": "Brambleghast", "species": "Brambleghast", "speciesId": "brambleghast", "gender": "F", "shiny": false, "level": 88, "moves": ["spikes", "poltergeist", "rapidspin", "powerwhip"], "ability": "Wind Rider", "evs": {"hp": 85, "atk": 85, "def": 85, "spa": 85, "spd": 85, "spe": 85}, "ivs": {"hp": 31, "atk": 31, "def": 31, "spa": 31, "spd": 31, "spe": 31}, "item": "Heavy-Duty Boots", "teraType": "Water", "role": "Fast Support", "bvs": {"hp": 55, "atk": 115, "def": 70, "spa": 80, "spd": 70, "spe": 90}, "stats": {"hp": 240, "atk": 253, "def": 173, "spa": 191, "spd": 173, "spe": 209}, "types": ["Grass", "Ghost"]}, "Metagross": {"name": "Metagross", "species": "Metagross", "speciesId": "metagross", "gender": "N", "shiny": false, "level": 79, "moves": ["earthquake", "agility", "psychicfangs", "heavyslam"], "ability": "Clear Body", "evs": {"hp": 85, "atk": 85, "def": 85, "spa": 85, "spd": 85, "spe": 85}, "ivs": {"hp": 31, "atk": 31, "def": 31, "spa": 31, "spd": 31, "spe": 31}, "item": "Weakness Policy", "teraType": "Ground", "role": "Bulky Setup", "bvs": {"hp": 80, "atk": 135, "def": 130, "spa": 95, "spd": 90, "spe": 70}, "stats": {"hp": 256, "atk": 259, "def": 251, "spa": 196, "spd": 188, "spe": 156}, "types": ["Steel", "Psychic"]}, "Beartic": {"name": "Beartic", "species": "Beartic", "speciesId": "beartic", "gender": "F", "shiny": false, "level": 91, "moves": ["closecombat", "aquajet", "earthquake", "iciclecrash"], "ability": "Slush Rush", "evs": {"hp": 85, "atk": 85, "def": 85, "spa": 85, "spd": 85, "spe": 85}, "ivs": {"hp": 31, "atk": 31, "def": 31, "spa": 31, "spd": 31, "spe": 31}, "item": "Choice Band", "teraType": "Ground", "role": "Wallbreaker", "bvs": {"hp": 95, "atk": 130, "def": 80, "spa": 70, "spd": 80, "spe": 50}, "stats": {"hp": 321, "atk": 288, "def": 197, "spa": 179, "spd": 197, "spe": 143}, "types": ["Ice"]}, "Drednaw": {"name": "Drednaw", "species": "Drednaw", "speciesId": "drednaw", "gender": "F", "shiny": false, "level": 81, "moves": ["earthquake", "liquidation", "stoneedge", "shellsmash"], "ability": "Shell Armor", "evs": {"hp": 85, "atk": 85, "def": 85, "spa": 85, "spd": 85, "spe": 85}, "ivs": {"hp": 31, "atk": 31, "def": 31, "spa": 31, "spd": 31, "spe": 31}, "item": "White Herb", "teraType": "Water", "role": "Fast Bulky Setup", "bvs": {"hp": 90, "atk": 115, "def": 90, "spa": 48, "spd": 68, "spe": 74}, "stats": {"hp": 278, "atk": 233, "def": 192, "spa": 124, "spd": 157, "spe": 167}, "types": ["Water", "Rock"]}, "Maushold": {"name": "Maushold", "species": "Maushold", "speciesId": "maushold", "gender": "N", "shiny": false, "level": 76, "moves": ["tidyup", "encore", "populationbomb", "bite"], "ability": "Technician", "evs": {"hp": 85, "atk": 85, "def": 85, "spa": 85, "spd": 85, "spe": 85}, "ivs": {"hp": 31, "atk": 31, "def": 31, "spa": 31, "spd": 31, "spe": 31}, "item": "Wide Lens", "teraType": "Ghost", "role": "Setup Sweeper", "bvs": {"hp": 74, "atk": 75, "def": 70, "spa": 65, "spd": 75, "spe": 111}, "stats": {"hp": 238, "atk": 158, "def": 150, "spa": 143, "spd": 158, "spe": 213}, "types": ["Normal"]}}, {"Typhlosion": {"name": "Typhlosion", "species": "Typhlosion-Hisui", "speciesId": "typhlosionhisui", "gender": "M", "shiny": false, "level": 83, "moves": ["shadowball", "focusblast", "fireblast", "eruption"], "ability": "Blaze", "evs": {"hp": 85, "atk": 0, "def": 85, "spa": 85, "spd": 85, "spe": 85}, "ivs": {"hp": 31, "atk": 0, "def": 31, "spa": 31, "spd": 31, "spe": 31}, "item": "Choice Specs", "teraType": "Fire", "role": "Fast Attacker", "bvs": {"hp": 73, "atk": 84, "def": 78, "spa": 119, "spd": 85, "spe": 95}, "stats": {"hp": 257, "atk": 144, "def": 177, "spa": 245, "spd": 189, "spe": 205}, "types": ["Fire", "Ghost"]}, "Hydreigon": {"name": "Hydreigon", "species": "Hydreigon", "speciesId": "hydreigon", "gender": "F", "shiny": false, "level": 79, "moves": ["uturn", "darkpulse", "flashcannon", "dracometeor"], "ability": "Levitate", "evs": {"hp": 85, "atk": 85, "def": 85, "spa": 85, "spd": 85, "spe": 85}, "ivs": {"hp": 31, "atk": 31, "def": 31, "spa": 31, "spd": 31, "spe": 31}, "item": "Choice Specs", "teraType": "Dragon", "role": "Fast Attacker", "bvs": {"hp": 92, "atk": 105, "def": 90, "spa": 125, "spd": 90, "spe": 98}, "stats": {"hp": 275, "atk": 211, "def": 188, "spa": 243, "spd": 188, "spe": 200}, "types": ["Dark", "Dragon"]}, "Lilligant": {"name": "Lilligant", "species": "Lilligant", "speciesId": "lilligant", "gender": "F", "shiny": false, "level": 86, "moves": ["quiverdance", "sleeppowder", "gigadrain", "terablast"], "ability": "Chlorophyll", "evs": {"hp": 85, "atk": 0, "def": 85, "spa": 85, "spd": 85, "spe": 85}, "ivs": {"hp": 31, "atk": 0, "def": 31, "spa": 31, "spd": 31, "spe": 31}, "item": "Life Orb", "teraType": "Rock", "role": "Tera Blast user", "bvs": {"hp": 70, "atk": 60, "def": 75, "spa": 110, "spd": 75, "spe": 90}, "stats": {"hp": 261, "atk": 108, "def": 178, "spa": 238, "spd": 178, "spe": 204}, "types": ["Grass"]}, "Kingdra": {"name": "Kingdra", "species": "Kingdra", "speciesId": "kingdra", "gender": "F", "shiny": false, "level": 84, "moves": ["wavecrash", "hurricane", "dracometeor", "raindance"], "ability": "Swift Swim", "evs": {"hp": 85, "atk": 85, "def": 85, "spa": 85, "spd": 85, "spe": 85}, "ivs": {"hp": 31, "atk": 31, "def": 31, "spa": 31, "spd": 31, "spe": 31}, "item": "Life Orb", "teraType": "Water", "role": "Fast Attacker", "bvs": {"hp": 75, "atk": 95, "def": 95, "spa": 95, "spd": 95, "spe": 85}, "stats": {"hp": 263, "atk": 208, "def": 208, "spa": 208, "spd": 208, "spe": 191}, "types": ["Water", "Dragon"]}, "Golurk": {"name": "Golurk", "species": "Golurk", "speciesId": "golurk", "gender": "N", "shiny": false, "level": 87, "moves": ["stealthrock", "earthquake", "poltergeist", "dynamicpunch"], "ability": "No Guard", "evs": {"hp": 85, "atk": 85, "def": 85, "spa": 85, "spd": 85, "spe": 85}, "ivs": {"hp": 31, "atk": 31, "def": 31, "spa": 31, "spd": 31, "spe": 31}, "item": "Life Orb", "teraType": "Fighting", "role": "Wallbreaker", "bvs": {"hp": 89, "atk": 124, "def": 80, "spa": 55, "spd": 80, "spe": 55}, "stats": {"hp": 297, "atk": 266, "def": 189, "spa": 145, "spd": 189, "spe": 145}, "types": ["Ground", "Ghost"]}, "Carbink": {"name": "Carbink", "species": "Carbink", "speciesId": "carbink", "gender": "N", "shiny": false, "level": 90, "moves": ["rest", "irondefense", "bodypress", "moonblast"], "ability": "Clear Body", "evs": {"hp": 85, "atk": 0, "def": 85, "spa": 85, "spd": 85, "spe": 85}, "ivs": {"hp": 31, "atk": 0, "def": 31, "spa": 31, "spd": 31, "spe": 31}, "item": "Chesto Berry", "teraType": "Fighting", "role": "Fast Bulky Setup", "bvs": {"hp": 50, "atk": 50, "def": 150, "spa": 50, "spd": 150, "spe": 50}, "stats": {"hp": 236, "atk": 95, "def": 321, "spa": 141, "spd": 321, "spe": 141}, "types": ["Rock", "Fairy"]}}]}