{"id": "gen9randombattle-2642061550", "format": "[Gen 9] Random Battle", "players": ["jnpr010334", "kendunkin"], "log": "|j|\u2606jnpr010334\n|j|\u2606kendunkin\n|t:|1782881682\n|gametype|singles\n|player|p1|jnpr010334|265|1697\n|player|p2|kendunkin|unknown|1761\n|gen|9\n|tier|[Gen 9] Random Battle\n|rated|\n|rule|Species Clause: Limit one of each Pok\u00e9mon\n|rule|HP Percentage Mod: HP is shown in percentages\n|rule|Sleep Clause Mod: Limit one foe put to sleep\n|rule|Illusion Level Mod: Illusion disguises the Pok\u00e9mon's true level\n|\n|t:|1782881682\n|teamsize|p1|6\n|teamsize|p2|6\n|start\n|switch|p1a: Plusle|Plusle, L95, M|268/268\n|switch|p2a: Volbeat|Volbeat, L90, M|263/263\n|turn|1\n|inactive|Battle timer is ON: inactive players will automatically lose when time's up. (requested by jnpr010334)\n|\n|t:|1782881693\n|move|p2a: Volbeat|Encore||[still]\n|-fail|p2a: Volbeat\n|move|p1a: Plusle|Nasty Plot|p1a: Plusle\n|-boost|p1a: Plusle|spa|2\n|\n|upkeep\n|turn|2\n|\n|t:|1782881695\n|move|p2a: Volbeat|Encore|p1a: Plusle\n|-start|p1a: Plusle|Encore\n|move|p1a: Plusle|Nasty Plot|p1a: Plusle\n|-boost|p1a: Plusle|spa|2\n|\n|upkeep\n|turn|3\n|\n|t:|1782881701\n|switch|p1a: Klawf|Klawf, L90, M|272/272\n|move|p2a: Volbeat|U-turn|p1a: Klawf\n|-damage|p1a: Klawf|221/272\n|\n|t:|1782881704\n|switch|p2a: Toedscruel|Toedscruel, L87, M|281/281|[from] U-turn\n|\n|upkeep\n|turn|4\n|\n|t:|1782881707\n|switch|p1a: Haxorus|Haxorus, L77, M|244/244\n|-ability|p1a: Haxorus|Mold Breaker\n|move|p2a: Toedscruel|Knock Off|p1a: Haxorus\n|-damage|p1a: Haxorus|182/244\n|-enditem|p1a: Haxorus|Lum Berry|[from] move: Knock Off|[of] p2a: Toedscruel\n|\n|upkeep\n|turn|5\n|\n|t:|1782881716\n|move|p2a: Toedscruel|Earth Power|p1a: Haxorus\n|-damage|p1a: Haxorus|79/244\n|move|p1a: Haxorus|Dragon Dance|p1a: Haxorus\n|-boost|p1a: Haxorus|atk|1\n|-boost|p1a: Haxorus|spe|1\n|\n|upkeep\n|turn|6\n|\n|t:|1782881720\n|move|p1a: Haxorus|Outrage|p2a: Toedscruel\n|-damage|p2a: Toedscruel|7/281\n|move|p2a: Toedscruel|Earth Power|p1a: Haxorus\n|-damage|p1a: Haxorus|0 fnt\n|faint|p1a: Haxorus\n|\n|upkeep\n|\n|t:|1782881723\n|switch|p1a: Volcarona|Volcarona, L77, M|257/257\n|turn|7\n|\n|t:|1782881727\n|switch|p2a: Volbeat|Volbeat, L90, M|263/263\n|move|p1a: Volcarona|Quiver Dance|p1a: Volcarona\n|-boost|p1a: Volcarona|spa|1\n|-boost|p1a: Volcarona|spd|1\n|-boost|p1a: Volcarona|spe|1\n|\n|upkeep\n|turn|8\n|\n|t:|1782881729\n|move|p2a: Volbeat|Encore|p1a: Volcarona\n|-start|p1a: Volcarona|Encore\n|move|p1a: Volcarona|Quiver Dance|p1a: Volcarona\n|-boost|p1a: Volcarona|spa|1\n|-boost|p1a: Volcarona|spd|1\n|-boost|p1a: Volcarona|spe|1\n|\n|upkeep\n|turn|9\n|\n|t:|1782881732\n|move|p2a: Volbeat|Thunder Wave|p1a: Volcarona\n|-status|p1a: Volcarona|par\n|move|p1a: Volcarona|Quiver Dance|p1a: Volcarona\n|-boost|p1a: Volcarona|spa|1\n|-boost|p1a: Volcarona|spd|1\n|-boost|p1a: Volcarona|spe|1\n|\n|upkeep\n|turn|10\n|\n|t:|1782881744\n|switch|p2a: Sawsbuck|Sawsbuck-Autumn, L88, F|284/284\n|move|p1a: Volcarona|Quiver Dance|p1a: Volcarona\n|-boost|p1a: Volcarona|spa|1\n|-boost|p1a: Volcarona|spd|1\n|-boost|p1a: Volcarona|spe|1\n|\n|-end|p1a: Volcarona|Encore\n|upkeep\n|turn|11\n|\n|t:|1782881753\n|-terastallize|p2a: Sawsbuck|Normal\n|move|p1a: Volcarona|Bug Buzz|p2a: Sawsbuck\n|-damage|p2a: Sawsbuck|0 fnt\n|faint|p2a: Sawsbuck\n|\n|upkeep\n|\n|t:|1782881758\n|switch|p2a: Miraidon|Miraidon, L65|238/238\n|-fieldstart|move: Electric Terrain|[from] ability: Hadron Engine|[of] p2a: Miraidon\n|turn|12\n|\n|t:|1782881765\n|cant|p1a: Volcarona|par\n|move|p2a: Miraidon|Electro Drift|p1a: Volcarona\n|-damage|p1a: Volcarona|191/257 par\n|\n|upkeep\n|turn|13\n|\n|t:|1782881770\n|move|p1a: Volcarona|Bug Buzz|p2a: Miraidon\n|-damage|p2a: Miraidon|0 fnt\n|faint|p2a: Miraidon\n|\n|upkeep\n|\n|t:|1782881776\n|switch|p2a: Flutter Mane|Flutter Mane, L74|203/203\n|turn|14\n|\n|t:|1782881780\n|move|p1a: Volcarona|Fire Blast|p2a: Flutter Mane\n|-damage|p2a: Flutter Mane|0 fnt\n|faint|p2a: Flutter Mane\n|-end|p2a: Flutter Mane|Protosynthesis|[silent]\n|\n|upkeep\n|-message|kendunkin forfeited.\n|\n|win|jnpr010334\n|raw|jnpr010334's rating: 1706 &rarr; <strong>1729</strong><br />(+23 for winning)\n|raw|kendunkin's rating: 1761 &rarr; <strong>1738</strong><br />(-23 for losing)\n|l|\u2606kendunkin\n|player|p2|\n", "inputlog": ">version f8ac14003a5f27e1bdc8d8c59608a773c1cb96e5\n>start {\"formatid\":\"gen9randombattle\",\"seed\":\"sodium,6e966d2dd2ec2baea0cdcfd9cb29856f\",\"rated\":\"Rated battle\"}\n>player p1 {\"name\":\"jnpr010334\",\"avatar\":\"265\",\"rating\":1697,\"seed\":\"sodium,841adda7db0c25dcd6c3125c9b136851\"}\n>player p2 {\"name\":\"kendunkin\",\"avatar\":\"unknown\",\"rating\":1761,\"seed\":\"sodium,de1c17530d8bc6ef4cc5860293d7e2ed\"}\n>p1 move nastyplot\n>p2 move encore\n>p1 move thunderbolt\n>p2 move encore\n>p1 switch 5\n>p2 move uturn\n>p2 switch 3\n>p1 switch 4\n>p2 move knockoff\n>p1 move dragondance\n>p2 move earthpower\n>p1 move outrage\n>p2 move earthpower\n>p1 switch 6\n>p1 move quiverdance\n>p2 switch 3\n>p1 move fireblast\n>p2 move encore\n>p1 move quiverdance\n>p2 move thunderwave\n>p1 move quiverdance\n>p2 switch 2\n>p1 move bugbuzz\n>p2 move headbutt terastallize\n>p2 switch 4\n>p1 move bugbuzz\n>p2 move electrodrift\n>p1 move bugbuzz\n>p2 move electrodrift\n>p2 switch 6\n>p1 move fireblast\n>p2 move mysticalfire\n>forcelose p2", "uploadtime": 1782881790, "views": 2, "formatid": "gen9randombattle", "rating": 1729, "private": 0, "password": null, "player_dets": [{"name": "jnpr010334", "avatar": "265", "rating": 1697, "seed": "sodium,841adda7db0c25dcd6c3125c9b136851"}, {"name": "kendunkin", "avatar": "unknown", "rating": 1761, "seed": "sodium,de1c17530d8bc6ef4cc5860293d7e2ed"}], "teams_full": [{"Plusle": {"name": "Plusle", "species": "Plusle", "speciesId": "plusle", "gender": "M", "shiny": false, "level": 95, "moves": ["grassknot", "nastyplot", "thunderbolt", "encore"], "ability": "Lightning Rod", "evs": {"hp": 85, "atk": 0, "def": 85, "spa": 85, "spd": 85, "spe": 85}, "ivs": {"hp": 31, "atk": 0, "def": 31, "spa": 31, "spd": 31, "spe": 31}, "item": "Life Orb", "teraType": "Grass", "role": "Setup Sweeper", "bvs": {"hp": 60, "atk": 50, "def": 40, "spa": 85, "spd": 75, "spe": 95}, "stats": {"hp": 268, "atk": 100, "def": 130, "spa": 215, "spd": 196, "spe": 234}, "types": ["Electric"]}, "Dewgong": {"name": "Dewgong", "species": "Dewgong", "speciesId": "dewgong", "gender": "M", "shiny": false, "level": 94, "moves": ["icebeam", "encore", "flipturn", "surf"], "ability": "Thick Fat", "evs": {"hp": 85, "atk": 85, "def": 85, "spa": 85, "spd": 85, "spe": 85}, "ivs": {"hp": 31, "atk": 31, "def": 31, "spa": 31, "spd": 31, "spe": 31}, "item": "Heavy-Duty Boots", "teraType": "Poison", "role": "Bulky Support", "bvs": {"hp": 90, "atk": 70, "def": 80, "spa": 70, "spd": 95, "spe": 70}, "stats": {"hp": 322, "atk": 185, "def": 204, "spa": 185, "spd": 232, "spe": 185}, "types": ["Water", "Ice"]}, "Okidogi": {"name": "Okidogi", "species": "Okidogi", "speciesId": "okidogi", "gender": "M", "shiny": false, "level": 77, "moves": ["drainpunch", "highhorsepower", "gunkshot", "knockoff"], "ability": "Toxic Chain", "evs": {"hp": 85, "atk": 85, "def": 85, "spa": 85, "spd": 85, "spe": 85}, "ivs": {"hp": 31, "atk": 31, "def": 31, "spa": 31, "spd": 31, "spe": 31}, "item": "Assault Vest", "teraType": "Dark", "role": "AV Pivot", "bvs": {"hp": 88, "atk": 128, "def": 115, "spa": 58, "spd": 86, "spe": 80}, "stats": {"hp": 262, "atk": 242, "def": 222, "spa": 134, "spd": 177, "spe": 168}, "types": ["Poison", "Fighting"]}, "Haxorus": {"name": "Haxorus", "species": "Haxorus", "speciesId": "haxorus", "gender": "M", "shiny": false, "level": 77, "moves": ["outrage", "closecombat", "dragondance", "ironhead"], "ability": "Mold Breaker", "evs": {"hp": 85, "atk": 85, "def": 85, "spa": 85, "spd": 85, "spe": 85}, "ivs": {"hp": 31, "atk": 31, "def": 31, "spa": 31, "spd": 31, "spe": 31}, "item": "Lum Berry", "teraType": "Steel", "role": "Setup Sweeper", "bvs": {"hp": 76, "atk": 147, "def": 90, "spa": 60, "spd": 70, "spe": 97}, "stats": {"hp": 244, "atk": 271, "def": 183, "spa": 137, "spd": 152, "spe": 194}, "types": ["Dragon"]}, "Klawf": {"name": "Klawf", "species": "Klawf", "speciesId": "klawf", "gender": "M", "shiny": false, "level": 90, "moves": ["swordsdance", "stoneedge", "crabhammer", "knockoff"], "ability": "Anger Shell", "evs": {"hp": 85, "atk": 85, "def": 85, "spa": 85, "spd": 85, "spe": 85}, "ivs": {"hp": 31, "atk": 31, "def": 31, "spa": 31, "spd": 31, "spe": 31}, "item": "Scope Lens", "teraType": "Water", "role": "Setup Sweeper", "bvs": {"hp": 70, "atk": 100, "def": 115, "spa": 35, "spd": 55, "spe": 75}, "stats": {"hp": 272, "atk": 231, "def": 258, "spa": 114, "spd": 150, "spe": 186}, "types": ["Rock"]}, "Volcarona": {"name": "Volcarona", "species": "Volcarona", "speciesId": "volcarona", "gender": "M", "shiny": false, "level": 77, "moves": ["bugbuzz", "fireblast", "terablast", "quiverdance"], "ability": "Swarm", "evs": {"hp": 85, "atk": 0, "def": 85, "spa": 85, "spd": 85, "spe": 85}, "ivs": {"hp": 31, "atk": 0, "def": 31, "spa": 31, "spd": 31, "spe": 31}, "item": "Heavy-Duty Boots", "teraType": "Water", "role": "Tera Blast user", "bvs": {"hp": 85, "atk": 60, "def": 65, "spa": 135, "spd": 105, "spe": 100}, "stats": {"hp": 257, "atk": 97, "def": 145, "spa": 252, "spd": 206, "spe": 199}, "types": ["Bug", "Fire"]}}, {"Volbeat": {"name": "Volbeat", "species": "Volbeat", "speciesId": "volbeat", "gender": "M", "shiny": false, "level": 90, "moves": ["roost", "thunderwave", "encore", "uturn"], "ability": "Prankster", "evs": {"hp": 85, "atk": 85, "def": 85, "spa": 85, "spd": 85, "spe": 85}, "ivs": {"hp": 31, "atk": 31, "def": 31, "spa": 31, "spd": 31, "spe": 31}, "item": "Heavy-Duty Boots", "teraType": "Steel", "role": "Bulky Support", "bvs": {"hp": 65, "atk": 73, "def": 75, "spa": 47, "spd": 85, "spe": 85}, "stats": {"hp": 263, "atk": 183, "def": 186, "spa": 136, "spd": 204, "spe": 204}, "types": ["Bug"]}, "Sawsbuck": {"name": "Sawsbuck", "species": "Sawsbuck-Autumn", "speciesId": "sawsbuck", "gender": "F", "shiny": false, "level": 88, "moves": ["hornleech", "headbutt", "highhorsepower", "swordsdance"], "ability": "Serene Grace", "evs": {"hp": 85, "atk": 85, "def": 85, "spa": 85, "spd": 85, "spe": 85}, "ivs": {"hp": 31, "atk": 31, "def": 31, "spa": 31, "spd": 31, "spe": 31}, "item": "Life Orb", "teraType": "Normal", "role": "Fast Attacker", "bvs": {"hp": 80, "atk": 100, "def": 70, "spa": 60, "spd": 70, "spe": 95}, "stats": {"hp": 284, "atk": 226, "def": 173, "spa": 156, "spd": 173, "spe": 217}, "types": ["Normal", "Grass"]}, "Toedscruel": {"name": "Toedscruel", "species": "Toedscruel", "speciesId": "toedscruel", "gender": "M", "shiny": false, "level": 87, "moves": ["leafstorm", "knockoff", "earthpower", "rapidspin"], "ability": "Mycelium Might", "evs": {"hp": 85, "atk": 85, "def": 85, "spa": 85, "spd": 85, "spe": 85}, "ivs": {"hp": 31, "atk": 31, "def": 31, "spa": 31, "spd": 31, "spe": 31}, "item": "Assault Vest", "teraType": "Water", "role": "Bulky Support", "bvs": {"hp": 80, "atk": 70, "def": 65, "spa": 80, "spd": 120, "spe": 100}, "stats": {"hp": 281, "atk": 172, "def": 163, "spa": 189, "spd": 259, "spe": 224}, "types": ["Ground", "Grass"]}, "Miraidon": {"name": "Miraidon", "species": "Miraidon", "speciesId": "miraidon", "gender": "N", "shiny": false, "level": 65, "moves": ["electrodrift", "overheat", "dracometeor", "voltswitch"], "ability": "Hadron Engine", "evs": {"hp": 85, "atk": 0, "def": 85, "spa": 85, "spd": 85, "spe": 85}, "ivs": {"hp": 31, "atk": 0, "def": 31, "spa": 31, "spd": 31, "spe": 31}, "item": "Choice Specs", "teraType": "Electric", "role": "Fast Attacker", "bvs": {"hp": 100, "atk": 85, "def": 100, "spa": 135, "spd": 115, "spe": 135}, "stats": {"hp": 238, "atk": 115, "def": 168, "spa": 214, "spd": 188, "spe": 214}, "types": ["Electric", "Dragon"]}, "Chimecho": {"name": "Chimecho", "species": "Chimecho", "speciesId": "chimecho", "gender": "F", "shiny": false, "level": 93, "moves": ["psyshock", "recover", "calmmind", "dazzlinggleam"], "ability": "Levitate", "evs": {"hp": 85, "atk": 0, "def": 85, "spa": 85, "spd": 85, "spe": 85}, "ivs": {"hp": 31, "atk": 0, "def": 31, "spa": 31, "spd": 31, "spe": 31}, "item": "Leftovers", "teraType": "Poison", "role": "Bulky Setup", "bvs": {"hp": 75, "atk": 50, "def": 80, "spa": 95, "spd": 90, "spe": 65}, "stats": {"hp": 290, "atk": 98, "def": 202, "spa": 230, "spd": 220, "spe": 174}, "types": ["Psychic"]}, "Flutter Mane": {"name": "Flutter Mane", "species": "Flutter Mane", "speciesId": "fluttermane", "gender": "N", "shiny": false, "level": 74, "moves": ["thunderbolt", "mysticalfire", "shadowball", "moonblast"], "ability": "Protosynthesis", "evs": {"hp": 85, "atk": 0, "def": 85, "spa": 85, "spd": 85, "spe": 85}, "ivs": {"hp": 31, "atk": 0, "def": 31, "spa": 31, "spd": 31, "spe": 31}, "item": "Choice Specs", "teraType": "Fairy", "role": "Wallbreaker", "bvs": {"hp": 55, "atk": 55, "def": 55, "spa": 135, "spd": 135, "spe": 135}, "stats": {"hp": 203, "atk": 86, "def": 124, "spa": 243, "spd": 243, "spe": 243}, "types": ["Ghost", "Fairy"]}}]}