{"id": "gen9randombattle-2642159350", "format": "[Gen 9] Random Battle", "players": ["Jefejenaro", "jsjsiis"], "log": "|j|\u2606Jefejenaro\n|j|\u2606jsjsiis\n|t:|1782902560\n|gametype|singles\n|player|p1|Jefejenaro|wallace|2028\n|player|p2|jsjsiis|265|2030\n|gen|9\n|tier|[Gen 9] Random Battle\n|rated|\n|rule|Species Clause: Limit one of each Pok\u00e9mon\n|rule|HP Percentage Mod: HP is shown in percentages\n|rule|Sleep Clause Mod: Limit one foe put to sleep\n|rule|Illusion Level Mod: Illusion disguises the Pok\u00e9mon's true level\n|\n|t:|1782902560\n|teamsize|p1|6\n|teamsize|p2|6\n|start\n|switch|p1a: Charizard|Charizard, L85, F|271/271\n|switch|p2a: Groudon|Groudon, L72|263/263\n|-weather|SunnyDay|[from] ability: Drought|[of] p2a: Groudon\n|turn|1\n|inactive|Battle timer is ON: inactive players will automatically lose when time's up. (requested by jsjsiis)\n|\n|t:|1782902567\n|move|p1a: Charizard|Swords Dance|p1a: Charizard\n|-boost|p1a: Charizard|atk|2\n|move|p2a: Groudon|Stone Edge|p1a: Charizard\n|-supereffective|p1a: Charizard\n|-damage|p1a: Charizard|0 fnt\n|faint|p1a: Charizard\n|\n|-weather|SunnyDay|[upkeep]\n|upkeep\n|\n|t:|1782902573\n|switch|p1a: Zarude|Zarude-Dada, L77|288/288\n|turn|2\n|\n|t:|1782902581\n|-terastallize|p2a: Groudon|Fire\n|move|p1a: Zarude|Power Whip|p2a: Groudon\n|-resisted|p2a: Groudon\n|-damage|p2a: Groudon|211/263\n|move|p2a: Groudon|Heat Crash|p1a: Zarude\n|-supereffective|p1a: Zarude\n|-damage|p1a: Zarude|0 fnt\n|faint|p1a: Zarude\n|\n|-weather|SunnyDay|[upkeep]\n|-heal|p2a: Groudon|227/263|[from] item: Leftovers\n|upkeep\n|\n|t:|1782902590\n|switch|p1a: Wigglytuff|Wigglytuff, L96, F|424/424\n|turn|3\n|\n|t:|1782902593\n|move|p2a: Groudon|Swords Dance|p2a: Groudon\n|-boost|p2a: Groudon|atk|2\n|move|p1a: Wigglytuff|Thunder Wave|p2a: Groudon\n|-status|p2a: Groudon|par\n|\n|-weather|SunnyDay|[upkeep]\n|-heal|p2a: Groudon|243/263 par|[from] item: Leftovers\n|upkeep\n|turn|4\n|\n|t:|1782902597\n|move|p1a: Wigglytuff|Knock Off|p2a: Groudon\n|-damage|p2a: Groudon|181/263 par\n|-enditem|p2a: Groudon|Leftovers|[from] move: Knock Off|[of] p1a: Wigglytuff\n|move|p2a: Groudon|Heat Crash|p1a: Wigglytuff\n|-damage|p1a: Wigglytuff|0 fnt\n|faint|p1a: Wigglytuff\n|\n|-weather|SunnyDay|[upkeep]\n|upkeep\n|\n|t:|1782902600\n|switch|p1a: Raikou|Raikou, L81|278/278\n|-ability|p1a: Raikou|Pressure\n|turn|5\n|\n|t:|1782902602\n|move|p1a: Raikou|Substitute|p1a: Raikou\n|-start|p1a: Raikou|Substitute\n|-damage|p1a: Raikou|209/278\n|move|p2a: Groudon|Heat Crash|p1a: Raikou\n|-end|p1a: Raikou|Substitute\n|\n|-weather|none\n|-heal|p1a: Raikou|226/278|[from] item: Leftovers\n|upkeep\n|turn|6\n|\n|t:|1782902607\n|move|p1a: Raikou|Substitute|p1a: Raikou\n|-start|p1a: Raikou|Substitute\n|-damage|p1a: Raikou|157/278\n|cant|p2a: Groudon|par\n|\n|-heal|p1a: Raikou|174/278|[from] item: Leftovers\n|upkeep\n|turn|7\n|\n|t:|1782902611\n|move|p1a: Raikou|Scald|p2a: Groudon\n|-supereffective|p2a: Groudon\n|-damage|p2a: Groudon|53/263 par\n|move|p2a: Groudon|Heat Crash|p1a: Raikou\n|-end|p1a: Raikou|Substitute\n|\n|-heal|p1a: Raikou|191/278|[from] item: Leftovers\n|upkeep\n|turn|8\n|\n|t:|1782902616\n|move|p1a: Raikou|Substitute|p1a: Raikou\n|-start|p1a: Raikou|Substitute\n|-damage|p1a: Raikou|122/278\n|move|p2a: Groudon|Heat Crash|p1a: Raikou\n|-end|p1a: Raikou|Substitute\n|\n|-heal|p1a: Raikou|139/278|[from] item: Leftovers\n|upkeep\n|turn|9\n|\n|t:|1782902618\n|move|p1a: Raikou|Substitute|p1a: Raikou\n|-start|p1a: Raikou|Substitute\n|-damage|p1a: Raikou|70/278\n|move|p2a: Groudon|Heat Crash|p1a: Raikou\n|-end|p1a: Raikou|Substitute\n|\n|-heal|p1a: Raikou|87/278|[from] item: Leftovers\n|upkeep\n|turn|10\n|\n|t:|1782902620\n|move|p1a: Raikou|Substitute|p1a: Raikou\n|-start|p1a: Raikou|Substitute\n|-damage|p1a: Raikou|18/278\n|move|p2a: Groudon|Heat Crash|p1a: Raikou\n|-end|p1a: Raikou|Substitute\n|\n|-heal|p1a: Raikou|35/278|[from] item: Leftovers\n|upkeep\n|turn|11\n|\n|t:|1782902622\n|move|p1a: Raikou|Scald|p2a: Groudon\n|-supereffective|p2a: Groudon\n|-damage|p2a: Groudon|0 fnt\n|faint|p2a: Groudon\n|\n|-heal|p1a: Raikou|52/278|[from] item: Leftovers\n|upkeep\n|\n|t:|1782902624\n|switch|p2a: Dragapult|Dragapult, L77, F|262/262\n|turn|12\n|\n|t:|1782902628\n|move|p2a: Dragapult|Dragon Darts|p1a: Raikou\n|-damage|p1a: Raikou|0 fnt\n|faint|p1a: Raikou\n|-damage|p2a: Dragapult|236/262|[from] item: Life Orb\n|\n|upkeep\n|\n|t:|1782902633\n|switch|p1a: Probopass|Probopass, L91, M|257/257\n|turn|13\n|\n|t:|1782902637\n|switch|p2a: Milotic|Milotic, L83, F|293/293\n|move|p1a: Probopass|Thunder Wave|p2a: Milotic\n|-status|p2a: Milotic|par\n|\n|upkeep\n|turn|14\n|\n|t:|1782902642\n|switch|p1a: Articuno|Articuno-Galar, L84|288/288\n|move|p2a: Milotic|Scald|p1a: Articuno\n|-damage|p1a: Articuno|216/288\n|\n|upkeep\n|turn|15\n|\n|t:|1782902647\n|move|p1a: Articuno|Calm Mind|p1a: Articuno\n|-boost|p1a: Articuno|spa|1\n|-boost|p1a: Articuno|spd|1\n|move|p2a: Milotic|Haze|p2a: Milotic\n|-clearallboost\n|\n|upkeep\n|turn|16\n|\n|t:|1782902651\n|switch|p2a: Houndoom|Houndoom, L87, M|272/272\n|move|p1a: Articuno|Freezing Glare|p2a: Houndoom\n|-immune|p2a: Houndoom\n|\n|upkeep\n|turn|17\n|\n|t:|1782902657\n|move|p2a: Houndoom|Nasty Plot|p2a: Houndoom\n|-boost|p2a: Houndoom|spa|2\n|move|p1a: Articuno|Hurricane|p2a: Houndoom\n|-damage|p2a: Houndoom|137/272\n|-start|p2a: Houndoom|confusion\n|\n|upkeep\n|turn|18\n|\n|t:|1782902663\n|-activate|p2a: Houndoom|confusion\n|-damage|p2a: Houndoom|95/272|[from] confusion\n|move|p1a: Articuno|Hurricane|p2a: Houndoom|[miss]\n|-miss|p1a: Articuno|p2a: Houndoom\n|\n|upkeep\n|turn|19\n|\n|t:|1782902667\n|-activate|p2a: Houndoom|confusion\n|-damage|p2a: Houndoom|55/272|[from] confusion\n|move|p1a: Articuno|Hurricane|p2a: Houndoom|[miss]\n|-miss|p1a: Articuno|p2a: Houndoom\n|\n|upkeep\n|turn|20\n|\n|t:|1782902672\n|-terastallize|p1a: Articuno|Steel\n|-end|p2a: Houndoom|confusion\n|move|p2a: Houndoom|Dark Pulse|p1a: Articuno\n|-damage|p1a: Articuno|33/288\n|move|p1a: Articuno|Hurricane|p2a: Houndoom\n|-damage|p2a: Houndoom|0 fnt\n|faint|p2a: Houndoom\n|\n|upkeep\n|\n|t:|1782902676\n|switch|p2a: Vigoroth|Vigoroth, L85, M|275/275\n|turn|21\n|\n|t:|1782902683\n|move|p1a: Articuno|Hurricane|p2a: Vigoroth|[miss]\n|-miss|p1a: Articuno|p2a: Vigoroth\n|move|p2a: Vigoroth|Knock Off|p1a: Articuno\n|-damage|p1a: Articuno|0 fnt\n|-enditem|p1a: Articuno|Heavy-Duty Boots|[from] move: Knock Off|[of] p2a: Vigoroth\n|faint|p1a: Articuno\n|\n|upkeep\n|\n|t:|1782902685\n|switch|p1a: Probopass|Probopass, L91, M|257/257\n|turn|22\n|\n|t:|1782902688\n|move|p2a: Vigoroth|Knock Off|p1a: Probopass\n|-damage|p1a: Probopass|220/257\n|-enditem|p1a: Probopass|Leftovers|[from] move: Knock Off|[of] p2a: Vigoroth\n|move|p1a: Probopass|Iron Defense|p1a: Probopass\n|-boost|p1a: Probopass|def|2\n|\n|upkeep\n|turn|23\n|\n|t:|1782902697\n|move|p2a: Vigoroth|Body Slam|p1a: Probopass\n|-resisted|p1a: Probopass\n|-damage|p1a: Probopass|214/257\n|move|p1a: Probopass|Body Press|p2a: Vigoroth\n|-supereffective|p2a: Vigoroth\n|-damage|p2a: Vigoroth|7/275\n|\n|upkeep\n|turn|24\n|\n|t:|1782902701\n|move|p2a: Vigoroth|Body Slam|p1a: Probopass\n|-resisted|p1a: Probopass\n|-damage|p1a: Probopass|208/257\n|-status|p1a: Probopass|par\n|move|p1a: Probopass|Body Press|p2a: Vigoroth\n|-supereffective|p2a: Vigoroth\n|-damage|p2a: Vigoroth|0 fnt\n|faint|p2a: Vigoroth\n|\n|upkeep\n|\n|t:|1782902703\n|switch|p2a: Milotic|Milotic, L83, F|293/293 par\n|turn|25\n|\n|t:|1782902706\n|cant|p2a: Milotic|par\n|move|p1a: Probopass|Body Press|p2a: Milotic\n|-damage|p2a: Milotic|80/293 par\n|\n|-heal|p2a: Milotic|98/293 par|[from] item: Leftovers\n|upkeep\n|turn|26\n|\n|t:|1782902709\n|move|p2a: Milotic|Scald|p1a: Probopass\n|-supereffective|p1a: Probopass\n|-crit|p1a: Probopass\n|-damage|p1a: Probopass|58/257 par\n|move|p1a: Probopass|Body Press|p2a: Milotic\n|-damage|p2a: Milotic|0 fnt\n|faint|p2a: Milotic\n|\n|upkeep\n|\n|t:|1782902715\n|switch|p2a: Araquanid|Araquanid, L82, F|246/246\n|turn|27\n|\n|t:|1782902718\n|move|p2a: Araquanid|Liquidation|p1a: Probopass\n|-supereffective|p1a: Probopass\n|-damage|p1a: Probopass|0 fnt\n|faint|p1a: Probopass\n|\n|win|jsjsiis\n|raw|Jefejenaro's rating: 2028 &rarr; <strong>2008</strong><br />(-20 for losing)\n|raw|jsjsiis's rating: 2030 &rarr; <strong>2050</strong><br />(+20 for winning)\n", "inputlog": ">version f8ac14003a5f27e1bdc8d8c59608a773c1cb96e5\n>start {\"formatid\":\"gen9randombattle\",\"seed\":\"sodium,cf03bed48bb9247f4e26504783e27644\",\"rated\":\"Rated battle\"}\n>player p1 {\"name\":\"Jefejenaro\",\"avatar\":\"wallace\",\"rating\":2028,\"seed\":\"sodium,38b733946bfb792a0a78ab4f09932b9c\"}\n>player p2 {\"name\":\"jsjsiis\",\"avatar\":\"265\",\"rating\":2030,\"seed\":\"sodium,18aca6733531c1175e940861065333d2\"}\n>p1 move swordsdance\n>p2 move stoneedge\n>p1 switch 5\n>p1 move powerwhip\n>p2 move heatcrash terastallize\n>p1 switch 6\n>p1 move thunderwave\n>p2 move swordsdance\n>p1 move knockoff\n>p2 move heatcrash\n>p1 switch 3\n>p1 move substitute\n>p2 move heatcrash\n>p1 move substitute\n>p2 move precipiceblades\n>p1 move scald\n>p2 move heatcrash\n>p1 move substitute\n>p2 move heatcrash\n>p1 move substitute\n>p2 move heatcrash\n>p1 move substitute\n>p2 move heatcrash\n>p1 move scald\n>p2 move heatcrash\n>p2 switch 3\n>p1 move thunderbolt\n>p2 move dragondarts\n>p1 switch 2\n>p1 move thunderwave\n>p2 switch 4\n>p1 switch 4\n>p2 move scald\n>p1 move calmmind\n>p2 move haze\n>p1 move freezingglare\n>p2 switch 2\n>p1 move hurricane\n>p2 move nastyplot\n>p1 move hurricane\n>p2 move darkpulse\n>p1 move hurricane\n>p2 move darkpulse\n>p1 move hurricane terastallize\n>p2 move darkpulse\n>p2 switch 5\n>p1 move hurricane\n>p2 move knockoff\n>p1 switch 4\n>p1 move irondefense\n>p2 move knockoff\n>p1 move bodypress\n>p2 move bodyslam\n>p1 move bodypress\n>p2 move bodyslam\n>p2 switch 2\n>p1 move bodypress\n>p2 move scald\n>p1 move bodypress\n>p2 move scald\n>p2 switch 6\n>p1 move thunderwave\n>p2 move liquidation", "uploadtime": 1782902718, "views": 6, "formatid": "gen9randombattle", "rating": 2008, "private": 0, "password": null, "player_dets": [{"name": "Jefejenaro", "avatar": "wallace", "rating": 2028, "seed": "sodium,38b733946bfb792a0a78ab4f09932b9c"}, {"name": "jsjsiis", "avatar": "265", "rating": 2030, "seed": "sodium,18aca6733531c1175e940861065333d2"}], "teams_full": [{"Charizard": {"name": "Charizard", "species": "Charizard", "speciesId": "charizard", "gender": "F", "shiny": false, "level": 85, "moves": ["flareblitz", "swordsdance", "outrage", "earthquake"], "ability": "Blaze", "evs": {"hp": 85, "atk": 85, "def": 85, "spa": 85, "spd": 85, "spe": 85}, "ivs": {"hp": 31, "atk": 31, "def": 31, "spa": 31, "spd": 31, "spe": 31}, "item": "Heavy-Duty Boots", "teraType": "Ground", "role": "Setup Sweeper", "bvs": {"hp": 78, "atk": 84, "def": 78, "spa": 109, "spd": 85, "spe": 100}, "stats": {"hp": 271, "atk": 192, "def": 181, "spa": 234, "spd": 193, "spe": 219}, "types": ["Fire", "Flying"]}, "Probopass": {"name": "Probopass", "species": "Probopass", "speciesId": "probopass", "gender": "M", "shiny": false, "level": 91, "moves": ["irondefense", "thunderwave", "bodypress", "flashcannon"], "ability": "Magnet Pull", "evs": {"hp": 85, "atk": 0, "def": 85, "spa": 85, "spd": 85, "spe": 85}, "ivs": {"hp": 31, "atk": 0, "def": 31, "spa": 31, "spd": 31, "spe": 31}, "item": "Leftovers", "teraType": "Fighting", "role": "Bulky Setup", "bvs": {"hp": 60, "atk": 55, "def": 145, "spa": 75, "spd": 150, "spe": 40}, "stats": {"hp": 257, "atk": 105, "def": 316, "spa": 188, "spd": 325, "spe": 125}, "types": ["Rock", "Steel"]}, "Raikou": {"name": "Raikou", "species": "Raikou", "speciesId": "raikou", "gender": "N", "shiny": false, "level": 81, "moves": ["calmmind", "substitute", "thunderbolt", "scald"], "ability": "Pressure", "evs": {"hp": 85, "atk": 0, "def": 85, "spa": 85, "spd": 85, "spe": 85}, "ivs": {"hp": 31, "atk": 0, "def": 31, "spa": 31, "spd": 31, "spe": 31}, "item": "Leftovers", "teraType": "Water", "role": "Bulky Setup", "bvs": {"hp": 90, "atk": 85, "def": 75, "spa": 115, "spd": 100, "spe": 115}, "stats": {"hp": 278, "atk": 142, "def": 168, "spa": 233, "spd": 209, "spe": 233}, "types": ["Electric"]}, "Articuno": {"name": "Articuno", "species": "Articuno-Galar", "speciesId": "articunogalar", "gender": "N", "shiny": false, "level": 84, "moves": ["freezingglare", "recover", "hurricane", "calmmind"], "ability": "Competitive", "evs": {"hp": 85, "atk": 0, "def": 85, "spa": 85, "spd": 85, "spe": 85}, "ivs": {"hp": 31, "atk": 0, "def": 31, "spa": 31, "spd": 31, "spe": 31}, "item": "Heavy-Duty Boots", "teraType": "Steel", "role": "Fast Bulky Setup", "bvs": {"hp": 90, "atk": 85, "def": 85, "spa": 125, "spd": 100, "spe": 95}, "stats": {"hp": 288, "atk": 147, "def": 191, "spa": 258, "spd": 216, "spe": 208}, "types": ["Psychic", "Flying"]}, "Zarude": {"name": "Zarude", "species": "Zarude-Dada", "speciesId": "zarude", "gender": "N", "shiny": false, "level": 77, "moves": ["knockoff", "powerwhip", "swordsdance", "synthesis"], "ability": "Leaf Guard", "evs": {"hp": 85, "atk": 85, "def": 85, "spa": 85, "spd": 85, "spe": 85}, "ivs": {"hp": 31, "atk": 31, "def": 31, "spa": 31, "spd": 31, "spe": 31}, "item": "Leftovers", "teraType": "Grass", "role": "Fast Bulky Setup", "bvs": {"hp": 105, "atk": 120, "def": 105, "spa": 70, "spd": 95, "spe": 105}, "stats": {"hp": 288, "atk": 229, "def": 206, "spa": 152, "spd": 191, "spe": 206}, "types": ["Dark", "Grass"]}, "Wigglytuff": {"name": "Wigglytuff", "species": "Wigglytuff", "speciesId": "wigglytuff", "gender": "F", "shiny": false, "level": 96, "moves": ["knockoff", "fireblast", "alluringvoice", "thunderwave"], "ability": "Competitive", "evs": {"hp": 85, "atk": 85, "def": 85, "spa": 85, "spd": 85, "spe": 85}, "ivs": {"hp": 31, "atk": 31, "def": 31, "spa": 31, "spd": 31, "spe": 31}, "item": "Leftovers", "teraType": "Steel", "role": "Bulky Support", "bvs": {"hp": 140, "atk": 70, "def": 45, "spa": 85, "spd": 50, "spe": 45}, "stats": {"hp": 424, "atk": 189, "def": 141, "spa": 218, "spd": 150, "spe": 141}, "types": ["Normal", "Fairy"]}}, {"Groudon": {"name": "Groudon", "species": "Groudon", "speciesId": "groudon", "gender": "N", "shiny": false, "level": 72, "moves": ["stoneedge", "heatcrash", "precipiceblades", "swordsdance"], "ability": "Drought", "evs": {"hp": 85, "atk": 85, "def": 85, "spa": 85, "spd": 85, "spe": 85}, "ivs": {"hp": 31, "atk": 31, "def": 31, "spa": 31, "spd": 31, "spe": 31}, "item": "Leftovers", "teraType": "Fire", "role": "Bulky Setup", "bvs": {"hp": 100, "atk": 150, "def": 140, "spa": 100, "spd": 90, "spe": 90}, "stats": {"hp": 263, "atk": 258, "def": 244, "spa": 186, "spd": 172, "spe": 172}, "types": ["Ground"]}, "Houndoom": {"name": "Houndoom", "species": "Houndoom", "speciesId": "houndoom", "gender": "M", "shiny": false, "level": 87, "moves": ["darkpulse", "fireblast", "suckerpunch", "nastyplot"], "ability": "Flash Fire", "evs": {"hp": 85, "atk": 85, "def": 85, "spa": 85, "spd": 85, "spe": 85}, "ivs": {"hp": 31, "atk": 31, "def": 31, "spa": 31, "spd": 31, "spe": 31}, "item": "Heavy-Duty Boots", "teraType": "Dark", "role": "Fast Attacker", "bvs": {"hp": 75, "atk": 90, "def": 50, "spa": 110, "spd": 80, "spe": 95}, "stats": {"hp": 272, "atk": 206, "def": 137, "spa": 241, "spd": 189, "spe": 215}, "types": ["Dark", "Fire"]}, "Dragapult": {"name": "Dragapult", "species": "Dragapult", "speciesId": "dragapult", "gender": "F", "shiny": false, "level": 77, "moves": ["fireblast", "terablast", "dragondarts", "dragondance"], "ability": "Clear Body", "evs": {"hp": 85, "atk": 85, "def": 85, "spa": 85, "spd": 85, "spe": 85}, "ivs": {"hp": 31, "atk": 31, "def": 31, "spa": 31, "spd": 31, "spe": 31}, "item": "Life Orb", "teraType": "Ghost", "role": "Tera Blast user", "bvs": {"hp": 88, "atk": 120, "def": 75, "spa": 100, "spd": 75, "spe": 142}, "stats": {"hp": 262, "atk": 229, "def": 160, "spa": 199, "spd": 160, "spe": 263}, "types": ["Dragon", "Ghost"]}, "Milotic": {"name": "Milotic", "species": "Milotic", "speciesId": "milotic", "gender": "F", "shiny": false, "level": 83, "moves": ["icebeam", "scald", "haze", "recover"], "ability": "Competitive", "evs": {"hp": 85, "atk": 0, "def": 85, "spa": 85, "spd": 85, "spe": 85}, "ivs": {"hp": 31, "atk": 0, "def": 31, "spa": 31, "spd": 31, "spe": 31}, "item": "Leftovers", "teraType": "Dragon", "role": "Bulky Attacker", "bvs": {"hp": 95, "atk": 60, "def": 79, "spa": 100, "spd": 125, "spe": 81}, "stats": {"hp": 293, "atk": 104, "def": 179, "spa": 214, "spd": 255, "spe": 182}, "types": ["Water"]}, "Vigoroth": {"name": "Vigoroth", "species": "Vigoroth", "speciesId": "vigoroth", "gender": "M", "shiny": false, "level": 85, "moves": ["bodyslam", "slackoff", "knockoff", "bulkup"], "ability": "Vital Spirit", "evs": {"hp": 85, "atk": 85, "def": 85, "spa": 85, "spd": 85, "spe": 85}, "ivs": {"hp": 31, "atk": 31, "def": 31, "spa": 31, "spd": 31, "spe": 31}, "item": "Eviolite", "teraType": "Ghost", "role": "Bulky Setup", "bvs": {"hp": 80, "atk": 80, "def": 80, "spa": 55, "spd": 55, "spe": 90}, "stats": {"hp": 275, "atk": 185, "def": 185, "spa": 142, "spd": 142, "spe": 202}, "types": ["Normal"]}, "Araquanid": {"name": "Araquanid", "species": "Araquanid", "speciesId": "araquanid", "gender": "F", "shiny": false, "level": 82, "moves": ["hydropump", "stickyweb", "liquidation", "leechlife"], "ability": "Water Bubble", "evs": {"hp": 85, "atk": 85, "def": 85, "spa": 85, "spd": 85, "spe": 85}, "ivs": {"hp": 31, "atk": 31, "def": 31, "spa": 31, "spd": 31, "spe": 31}, "item": "Heavy-Duty Boots", "teraType": "Water", "role": "Bulky Attacker", "bvs": {"hp": 68, "atk": 70, "def": 92, "spa": 50, "spd": 132, "spe": 42}, "stats": {"hp": 246, "atk": 162, "def": 198, "spa": 129, "spd": 264, "spe": 116}, "types": ["Water", "Bug"]}}]}