{"id": "gen9randombattle-2642197483", "format": "[Gen 9] Random Battle", "players": ["arjun21541", "frick'ncone"], "log": "|j|\u2606arjun21541\n|j|\u2606frick'ncone\n|t:|1782909359\n|gametype|singles\n|player|p1|arjun21541|101|1005\n|player|p2|frick'ncone|cynthia|1018\n|gen|9\n|tier|[Gen 9] Random Battle\n|rated|\n|rule|Species Clause: Limit one of each Pok\u00e9mon\n|rule|HP Percentage Mod: HP is shown in percentages\n|rule|Sleep Clause Mod: Limit one foe put to sleep\n|rule|Illusion Level Mod: Illusion disguises the Pok\u00e9mon's true level\n|\n|t:|1782909359\n|teamsize|p1|6\n|teamsize|p2|6\n|start\n|switch|p1a: Duraludon|Duraludon, L82, F|249/249\n|switch|p2a: Chi-Yu|Chi-Yu, L77|211/211\n|-ability|p2a: Chi-Yu|Beads of Ruin\n|turn|1\n|inactive|Battle timer is ON: inactive players will automatically lose when time's up. (requested by frick'ncone)\n|inactive|frick'ncone has 120 seconds left.\n|\n|t:|1782909391\n|switch|p2a: Plusle|Plusle, L95, F|268/268\n|move|p1a: Duraludon|Body Press|p2a: Plusle\n|-damage|p2a: Plusle|179/268\n|\n|upkeep\n|turn|2\n|\n|t:|1782909420\n|switch|p1a: Palossand|Palossand, L89, F|296/296\n|move|p2a: Plusle|Nasty Plot|p2a: Plusle\n|-boost|p2a: Plusle|spa|2\n|\n|upkeep\n|turn|3\n|\n|t:|1782909429\n|-terastallize|p2a: Plusle|Grass\n|move|p2a: Plusle|Grass Knot|p1a: Palossand\n|-supereffective|p1a: Palossand\n|-damage|p1a: Palossand|0 fnt\n|faint|p1a: Palossand\n|-damage|p2a: Plusle|153/268|[from] item: Life Orb\n|\n|upkeep\n|inactive|arjun21541 has 120 seconds left.\n|\n|t:|1782909450\n|switch|p1a: Clefable|Clefable, L83, F|293/293\n|turn|4\n|inactive|arjun21541 has 120 seconds left.\n|\n|t:|1782909460\n|move|p2a: Plusle|Thunderbolt|p1a: Clefable\n|-crit|p1a: Clefable\n|-damage|p1a: Clefable|86/293\n|-damage|p2a: Plusle|127/268|[from] item: Life Orb\n|move|p1a: Clefable|Knock Off|p2a: Plusle\n|-damage|p2a: Plusle|54/268\n|-enditem|p2a: Plusle|Life Orb|[from] move: Knock Off|[of] p1a: Clefable\n|\n|-heal|p1a: Clefable|104/293|[from] item: Leftovers\n|upkeep\n|turn|5\n|inactive|arjun21541 has 120 seconds left.\n|\n|t:|1782909474\n|move|p2a: Plusle|Thunderbolt|p1a: Clefable\n|-damage|p1a: Clefable|0 fnt\n|faint|p1a: Clefable\n|\n|upkeep\n|inactive|arjun21541 has 120 seconds left.\n|\n|t:|1782909490\n|switch|p1a: Cyclizar|Cyclizar, L83, M|252/252\n|turn|6\n|\n|t:|1782909501\n|move|p1a: Cyclizar|Draco Meteor|p2a: Plusle\n|-damage|p2a: Plusle|0 fnt\n|-unboost|p1a: Cyclizar|spa|2\n|faint|p2a: Plusle\n|\n|upkeep\n|\n|t:|1782909519\n|switch|p2a: Iron Boulder|Iron Boulder, L77|265/265\n|-enditem|p2a: Iron Boulder|Booster Energy\n|-activate|p2a: Iron Boulder|ability: Quark Drive|[fromitem]\n|-start|p2a: Iron Boulder|quarkdrivespe\n|turn|7\n|inactive|arjun21541 has 120 seconds left.\n|\n|t:|1782909545\n|move|p2a: Iron Boulder|Swords Dance|p2a: Iron Boulder\n|-boost|p2a: Iron Boulder|atk|2\n|move|p1a: Cyclizar|Draco Meteor|p2a: Iron Boulder\n|-damage|p2a: Iron Boulder|211/265\n|-unboost|p1a: Cyclizar|spa|2\n|\n|upkeep\n|turn|8\n|inactive|arjun21541 has 90 seconds left.\n|inactive|arjun21541 has 60 seconds left.\n|l|\u2606arjun21541\n|inactive|arjun21541 disconnected and has a minute to reconnect!\n|player|p1|\n|inactive|arjun21541 has 30 seconds left.\n|inactive|arjun21541 has 20 seconds left.\n|inactive|arjun21541 has 15 seconds left.\n|inactive|arjun21541 has 10 seconds left.\n|inactive|arjun21541 has 5 seconds left.\n|-message|arjun21541 lost due to inactivity.\n|\n|win|frick'ncone\n|raw|arjun21541's rating: 1005 &rarr; <strong>1000</strong><br />(-5 for losing)\n|raw|frick&apos;ncone's rating: 1018 &rarr; <strong>1054</strong><br />(+36 for winning)\n", "inputlog": ">version f8ac14003a5f27e1bdc8d8c59608a773c1cb96e5\n>start {\"formatid\":\"gen9randombattle\",\"seed\":\"sodium,9ab0b3ec1a6b3b51d0d2d8e31919c4e7\",\"rated\":\"Rated battle\"}\n>player p1 {\"name\":\"arjun21541\",\"avatar\":\"101\",\"rating\":1005,\"seed\":\"sodium,fc7c430dd706cb532d2b2b41fd892a04\"}\n>player p2 {\"name\":\"frick'ncone\",\"avatar\":\"cynthia\",\"rating\":1018,\"seed\":\"sodium,f0e41ee6d6d71cf32bc403baf74f9a83\"}\n>p1 move bodypress\n>p2 switch 4\n>p1 switch 4\n>p2 move nastyplot\n>p1 move earthpower\n>p2 move grassknot terastallize\n>p1 switch 5\n>p1 move knockoff\n>p2 move thunderbolt\n>p1 move moonblast\n>p2 move thunderbolt\n>p1 switch 3\n>p1 move dracometeor\n>p2 move thunderbolt\n>p2 switch 2\n>p1 move dracometeor\n>p2 move swordsdance\n>forcelose p1", "uploadtime": 1782909730, "views": 2, "formatid": "gen9randombattle", "rating": 1000, "private": 0, "password": null, "player_dets": [{"name": "arjun21541", "avatar": "101", "rating": 1005, "seed": "sodium,fc7c430dd706cb532d2b2b41fd892a04"}, {"name": "frick'ncone", "avatar": "cynthia", "rating": 1018, "seed": "sodium,f0e41ee6d6d71cf32bc403baf74f9a83"}], "teams_full": [{"Duraludon": {"name": "Duraludon", "species": "Duraludon", "speciesId": "duraludon", "gender": "F", "shiny": false, "level": 82, "moves": ["dragontail", "bodypress", "flashcannon", "dracometeor"], "ability": "Light Metal", "evs": {"hp": 85, "atk": 85, "def": 85, "spa": 85, "spd": 85, "spe": 85}, "ivs": {"hp": 31, "atk": 31, "def": 31, "spa": 31, "spd": 31, "spe": 31}, "item": "Eviolite", "teraType": "Fighting", "role": "Bulky Attacker", "bvs": {"hp": 70, "atk": 95, "def": 115, "spa": 120, "spd": 50, "spe": 85}, "stats": {"hp": 249, "atk": 203, "def": 236, "spa": 244, "spd": 129, "spe": 187}, "types": ["Steel", "Dragon"]}, "Dunsparce": {"name": "Dunsparce", "species": "Dunsparce", "speciesId": "dunsparce", "gender": "F", "shiny": false, "level": 86, "moves": ["earthquake", "bodyslam", "coil", "roost"], "ability": "Serene Grace", "evs": {"hp": 85, "atk": 85, "def": 85, "spa": 85, "spd": 85, "spe": 85}, "ivs": {"hp": 31, "atk": 31, "def": 31, "spa": 31, "spd": 31, "spe": 31}, "item": "Eviolite", "teraType": "Ground", "role": "Bulky Setup", "bvs": {"hp": 100, "atk": 70, "def": 70, "spa": 65, "spd": 65, "spe": 45}, "stats": {"hp": 312, "atk": 170, "def": 170, "spa": 161, "spd": 161, "spe": 127}, "types": ["Normal"]}, "Cyclizar": {"name": "Cyclizar", "species": "Cyclizar", "speciesId": "cyclizar", "gender": "M", "shiny": false, "level": 83, "moves": ["shedtail", "rapidspin", "taunt", "dracometeor"], "ability": "Regenerator", "evs": {"hp": 85, "atk": 85, "def": 85, "spa": 85, "spd": 85, "spe": 85}, "ivs": {"hp": 31, "atk": 31, "def": 31, "spa": 31, "spd": 31, "spe": 31}, "item": "Heavy-Duty Boots", "teraType": "Dragon", "role": "Fast Support", "bvs": {"hp": 70, "atk": 95, "def": 65, "spa": 85, "spd": 65, "spe": 121}, "stats": {"hp": 252, "atk": 205, "def": 156, "spa": 189, "spd": 156, "spe": 249}, "types": ["Dragon", "Normal"]}, "Palossand": {"name": "Palossand", "species": "Palossand", "speciesId": "palossand", "gender": "F", "shiny": false, "level": 89, "moves": ["shadowball", "stealthrock", "earthpower", "shoreup"], "ability": "Water Compaction", "evs": {"hp": 85, "atk": 0, "def": 85, "spa": 85, "spd": 85, "spe": 85}, "ivs": {"hp": 31, "atk": 0, "def": 31, "spa": 31, "spd": 31, "spe": 31}, "item": "Leftovers", "teraType": "Poison", "role": "Bulky Support", "bvs": {"hp": 85, "atk": 75, "def": 110, "spa": 100, "spd": 75, "spe": 35}, "stats": {"hp": 296, "atk": 138, "def": 247, "spa": 229, "spd": 184, "spe": 113}, "types": ["Ghost", "Ground"]}, "Clefable": {"name": "Clefable", "species": "Clefable", "speciesId": "clefable", "gender": "F", "shiny": false, "level": 83, "moves": ["knockoff", "moonlight", "moonblast", "thunderwave"], "ability": "Unaware", "evs": {"hp": 85, "atk": 85, "def": 85, "spa": 85, "spd": 85, "spe": 85}, "ivs": {"hp": 31, "atk": 31, "def": 31, "spa": 31, "spd": 31, "spe": 31}, "item": "Leftovers", "teraType": "Poison", "role": "Bulky Support", "bvs": {"hp": 95, "atk": 70, "def": 73, "spa": 95, "spd": 90, "spe": 60}, "stats": {"hp": 293, "atk": 164, "def": 169, "spa": 205, "spd": 197, "spe": 147}, "types": ["Fairy"]}, "Lilligant": {"name": "Lilligant", "species": "Lilligant-Hisui", "speciesId": "lilliganthisui", "gender": "F", "shiny": false, "level": 79, "moves": ["leafblade", "victorydance", "closecombat", "sleeppowder"], "ability": "Hustle", "evs": {"hp": 85, "atk": 85, "def": 85, "spa": 85, "spd": 85, "spe": 85}, "ivs": {"hp": 31, "atk": 31, "def": 31, "spa": 31, "spd": 31, "spe": 31}, "item": "Wide Lens", "teraType": "Steel", "role": "Setup Sweeper", "bvs": {"hp": 70, "atk": 105, "def": 75, "spa": 50, "spd": 75, "spe": 105}, "stats": {"hp": 240, "atk": 211, "def": 164, "spa": 125, "spd": 164, "spe": 211}, "types": ["Grass", "Fighting"]}}, {"Chi-Yu": {"name": "Chi-Yu", "species": "Chi-Yu", "speciesId": "chiyu", "gender": "N", "shiny": false, "level": 77, "moves": ["flamethrower", "psychic", "darkpulse", "overheat"], "ability": "Beads of Ruin", "evs": {"hp": 85, "atk": 0, "def": 85, "spa": 85, "spd": 85, "spe": 85}, "ivs": {"hp": 31, "atk": 0, "def": 31, "spa": 31, "spd": 31, "spe": 31}, "item": "Choice Scarf", "teraType": "Dark", "role": "Fast Attacker", "bvs": {"hp": 55, "atk": 80, "def": 80, "spa": 135, "spd": 120, "spe": 100}, "stats": {"hp": 211, "atk": 128, "def": 168, "spa": 252, "spd": 229, "spe": 199}, "types": ["Dark", "Fire"]}, "Iron Boulder": {"name": "Iron Boulder", "species": "Iron Boulder", "speciesId": "ironboulder", "gender": "N", "shiny": false, "level": 77, "moves": ["mightycleave", "zenheadbutt", "swordsdance", "closecombat"], "ability": "Quark Drive", "evs": {"hp": 85, "atk": 85, "def": 85, "spa": 85, "spd": 85, "spe": 85}, "ivs": {"hp": 31, "atk": 31, "def": 31, "spa": 31, "spd": 31, "spe": 31}, "item": "Booster Energy", "teraType": "Fighting", "role": "Fast Bulky Setup", "bvs": {"hp": 90, "atk": 120, "def": 80, "spa": 68, "spd": 108, "spe": 124}, "stats": {"hp": 265, "atk": 229, "def": 168, "spa": 149, "spd": 211, "spe": 236}, "types": ["Rock", "Psychic"]}, "Zamazenta": {"name": "Zamazenta", "species": "Zamazenta", "speciesId": "zamazenta", "gender": "N", "shiny": false, "level": 71, "moves": ["psychicfangs", "crunch", "ironhead", "closecombat"], "ability": "Dauntless Shield", "evs": {"hp": 85, "atk": 85, "def": 85, "spa": 85, "spd": 85, "spe": 85}, "ivs": {"hp": 31, "atk": 31, "def": 31, "spa": 31, "spd": 31, "spe": 31}, "item": "Choice Band", "teraType": "Dark", "role": "Bulky Attacker", "bvs": {"hp": 92, "atk": 120, "def": 115, "spa": 80, "spd": 115, "spe": 138}, "stats": {"hp": 248, "atk": 212, "def": 205, "spa": 155, "spd": 205, "spe": 237}, "types": ["Fighting"]}, "Plusle": {"name": "Plusle", "species": "Plusle", "speciesId": "plusle", "gender": "F", "shiny": false, "level": 95, "moves": ["encore", "thunderbolt", "nastyplot", "grassknot"], "ability": "Lightning Rod", "evs": {"hp": 85, "atk": 0, "def": 85, "spa": 85, "spd": 85, "spe": 85}, "ivs": {"hp": 31, "atk": 0, "def": 31, "spa": 31, "spd": 31, "spe": 31}, "item": "Life Orb", "teraType": "Grass", "role": "Setup Sweeper", "bvs": {"hp": 60, "atk": 50, "def": 40, "spa": 85, "spd": 75, "spe": 95}, "stats": {"hp": 268, "atk": 100, "def": 130, "spa": 215, "spd": 196, "spe": 234}, "types": ["Electric"]}, "Clawitzer": {"name": "Clawitzer", "species": "Clawitzer", "speciesId": "clawitzer", "gender": "M", "shiny": false, "level": 87, "moves": ["aurasphere", "darkpulse", "uturn", "waterpulse"], "ability": "Mega Launcher", "evs": {"hp": 85, "atk": 85, "def": 85, "spa": 85, "spd": 85, "spe": 85}, "ivs": {"hp": 31, "atk": 31, "def": 31, "spa": 31, "spd": 31, "spe": 31}, "item": "Choice Specs", "teraType": "Dark", "role": "Wallbreaker", "bvs": {"hp": 71, "atk": 73, "def": 88, "spa": 120, "spd": 89, "spe": 59}, "stats": {"hp": 265, "atk": 177, "def": 203, "spa": 259, "spd": 205, "spe": 152}, "types": ["Water"]}, "Terapagos": {"name": "Terapagos", "species": "Terapagos", "speciesId": "terapagos", "gender": "M", "shiny": false, "level": 77, "moves": ["calmmind", "earthpower", "rapidspin", "terastarstorm"], "ability": "Tera Shift", "evs": {"hp": 85, "atk": 85, "def": 85, "spa": 85, "spd": 85, "spe": 85}, "ivs": {"hp": 31, "atk": 31, "def": 31, "spa": 31, "spd": 31, "spe": 31}, "item": "Heavy-Duty Boots", "teraType": "Stellar", "role": "Fast Bulky Setup", "bvs": {"hp": 90, "atk": 65, "def": 85, "spa": 65, "spd": 85, "spe": 60}, "stats": {"hp": 265, "atk": 145, "def": 175, "spa": 145, "spd": 175, "spe": 137}, "types": ["Normal"]}}]}