{"id": "gen9randombattle-2642205903", "format": "[Gen 9] Random Battle", "players": ["jnpr010334", "Kickmichl"], "log": "|j|\u2606jnpr010334\n|j|\u2606Kickmichl\n|t:|1782910695\n|gametype|singles\n|player|p1|jnpr010334|265|1885\n|player|p2|Kickmichl|102|1929\n|gen|9\n|tier|[Gen 9] Random Battle\n|rated|\n|rule|Species Clause: Limit one of each Pok\u00e9mon\n|rule|HP Percentage Mod: HP is shown in percentages\n|rule|Sleep Clause Mod: Limit one foe put to sleep\n|rule|Illusion Level Mod: Illusion disguises the Pok\u00e9mon's true level\n|\n|t:|1782910695\n|teamsize|p1|6\n|teamsize|p2|6\n|start\n|switch|p1a: Quaquaval|Quaquaval, L79, F|264/264\n|switch|p2a: Hatterene|Hatterene, L85, F|236/236\n|turn|1\n|inactive|Battle timer is ON: inactive players will automatically lose when time's up. (requested by Kickmichl)\n|inactive|jnpr010334 also wants the timer to be on.\n|\n|t:|1782910704\n|switch|p1a: Goodra|Goodra, L85, M|292/292\n|move|p2a: Hatterene|Psyshock|p1a: Goodra\n|-damage|p1a: Goodra|147/292\n|\n|upkeep\n|turn|2\n|\n|t:|1782910716\n|move|p1a: Goodra|Sludge Bomb|p2a: Hatterene\n|-supereffective|p2a: Hatterene\n|-damage|p2a: Hatterene|106/236\n|move|p2a: Hatterene|Draining Kiss|p1a: Goodra\n|-supereffective|p1a: Goodra\n|-damage|p1a: Goodra|75/292\n|-heal|p2a: Hatterene|160/236|[from] drain|[of] p1a: Goodra\n|\n|-heal|p2a: Hatterene|174/236|[from] item: Leftovers\n|upkeep\n|turn|3\n|\n|t:|1782910720\n|move|p1a: Goodra|Sludge Bomb|p2a: Hatterene\n|-supereffective|p2a: Hatterene\n|-damage|p2a: Hatterene|52/236\n|-status|p2a: Hatterene|psn\n|move|p2a: Hatterene|Draining Kiss|p1a: Goodra\n|-supereffective|p1a: Goodra\n|-damage|p1a: Goodra|3/292\n|-heal|p2a: Hatterene|106/236 psn|[from] drain|[of] p1a: Goodra\n|\n|-heal|p2a: Hatterene|120/236 psn|[from] item: Leftovers\n|-damage|p2a: Hatterene|91/236 psn|[from] psn\n|upkeep\n|turn|4\n|\n|t:|1782910723\n|move|p1a: Goodra|Sludge Bomb|p2a: Hatterene\n|-supereffective|p2a: Hatterene\n|-damage|p2a: Hatterene|0 fnt\n|faint|p2a: Hatterene\n|\n|upkeep\n|\n|t:|1782910732\n|switch|p2a: Galvantula|Galvantula, L82, F|249/249\n|turn|5\n|\n|t:|1782910737\n|move|p2a: Galvantula|Bug Buzz|p1a: Goodra\n|-damage|p1a: Goodra|0 fnt\n|faint|p1a: Goodra\n|\n|upkeep\n|\n|t:|1782910741\n|switch|p1a: Magcargo|Magcargo, L95, F|268/268\n|turn|6\n|\n|t:|1782910755\n|move|p2a: Galvantula|Volt Switch|p1a: Magcargo\n|-damage|p1a: Magcargo|202/268\n|\n|t:|1782910758\n|switch|p2a: Oinkologne|Oinkologne, L92, M|352/352|[from] Volt Switch\n|move|p1a: Magcargo|Lava Plume|p2a: Oinkologne\n|-damage|p2a: Oinkologne|300/352\n|-status|p2a: Oinkologne|brn\n|\n|-heal|p2a: Oinkologne|322/352 brn|[from] item: Leftovers\n|-damage|p2a: Oinkologne|300/352 brn|[from] brn\n|upkeep\n|turn|7\n|\n|t:|1782910763\n|switch|p1a: Leavanny|Leavanny, L86, F|269/269\n|move|p2a: Oinkologne|High Horsepower|p1a: Leavanny\n|-resisted|p1a: Leavanny\n|-damage|p1a: Leavanny|259/269\n|\n|-heal|p2a: Oinkologne|322/352 brn|[from] item: Leftovers\n|-damage|p2a: Oinkologne|300/352 brn|[from] brn\n|upkeep\n|turn|8\n|\n|t:|1782910770\n|move|p1a: Leavanny|Sticky Web|p2a: Oinkologne\n|-sidestart|p2: Kickmichl|move: Sticky Web\n|move|p2a: Oinkologne|Body Slam|p1a: Leavanny\n|-damage|p1a: Leavanny|207/269\n|\n|-heal|p2a: Oinkologne|322/352 brn|[from] item: Leftovers\n|-damage|p2a: Oinkologne|300/352 brn|[from] brn\n|upkeep\n|turn|9\n|\n|t:|1782910775\n|switch|p1a: Quaquaval|Quaquaval, L79, F|264/264\n|move|p2a: Oinkologne|Curse|p2a: Oinkologne\n|-unboost|p2a: Oinkologne|spe|1\n|-boost|p2a: Oinkologne|atk|1\n|-boost|p2a: Oinkologne|def|1\n|\n|-heal|p2a: Oinkologne|322/352 brn|[from] item: Leftovers\n|-damage|p2a: Oinkologne|300/352 brn|[from] brn\n|upkeep\n|turn|10\n|\n|t:|1782910780\n|move|p1a: Quaquaval|Swords Dance|p1a: Quaquaval\n|-boost|p1a: Quaquaval|atk|2\n|move|p2a: Oinkologne|Body Slam|p1a: Quaquaval\n|-damage|p1a: Quaquaval|177/264\n|-status|p1a: Quaquaval|par\n|\n|-heal|p2a: Oinkologne|322/352 brn|[from] item: Leftovers\n|-heal|p1a: Quaquaval|193/264 par|[from] item: Leftovers\n|-damage|p2a: Oinkologne|300/352 brn|[from] brn\n|upkeep\n|turn|11\n|\n|t:|1782910788\n|move|p2a: Oinkologne|Body Slam|p1a: Quaquaval\n|-damage|p1a: Quaquaval|106/264 par\n|move|p1a: Quaquaval|Aqua Step|p2a: Oinkologne\n|-damage|p2a: Oinkologne|182/352 brn\n|-boost|p1a: Quaquaval|spe|1\n|\n|-heal|p1a: Quaquaval|122/264 par|[from] item: Leftovers\n|-heal|p2a: Oinkologne|204/352 brn|[from] item: Leftovers\n|-damage|p2a: Oinkologne|182/352 brn|[from] brn\n|upkeep\n|turn|12\n|\n|t:|1782910795\n|move|p1a: Quaquaval|Close Combat|p2a: Oinkologne\n|-supereffective|p2a: Oinkologne\n|-damage|p2a: Oinkologne|0 fnt\n|-unboost|p1a: Quaquaval|def|1\n|-unboost|p1a: Quaquaval|spd|1\n|faint|p2a: Oinkologne\n|-ability|p1a: Quaquaval|Moxie|boost\n|-boost|p1a: Quaquaval|atk|1\n|\n|-heal|p1a: Quaquaval|138/264 par|[from] item: Leftovers\n|upkeep\n|\n|t:|1782910800\n|switch|p2a: Galvantula|Galvantula, L82, F|249/249\n|turn|13\n|\n|t:|1782910804\n|switch|p1a: Magcargo|Magcargo, L95, F|202/268\n|move|p2a: Galvantula|Thunder|p1a: Magcargo\n|-damage|p1a: Magcargo|97/268\n|\n|upkeep\n|turn|14\n|\n|t:|1782910810\n|move|p2a: Galvantula|Thunder|p1a: Magcargo\n|-damage|p1a: Magcargo|1/268\n|move|p1a: Magcargo|Recover|p1a: Magcargo\n|-heal|p1a: Magcargo|135/268\n|\n|upkeep\n|turn|15\n|\n|t:|1782910813\n|move|p2a: Galvantula|Volt Switch|p1a: Magcargo\n|-damage|p1a: Magcargo|69/268\n|\n|t:|1782910816\n|switch|p2a: Goodra|Goodra-Hisui, L82, F|265/265|[from] Volt Switch\n|-activate|p2a: Goodra|move: Sticky Web\n|-unboost|p2a: Goodra|spe|1\n|move|p1a: Magcargo|Recover|p1a: Magcargo\n|-heal|p1a: Magcargo|203/268\n|\n|upkeep\n|turn|16\n|\n|t:|1782910821\n|move|p1a: Magcargo|Yawn|p2a: Goodra\n|-start|p2a: Goodra|move: Yawn|[of] p1a: Magcargo\n|move|p2a: Goodra|Heavy Slam|p1a: Magcargo\n|-damage|p1a: Magcargo|115/268\n|\n|upkeep\n|turn|17\n|\n|t:|1782910827\n|switch|p1a: Leavanny|Leavanny, L86, F|207/269\n|move|p2a: Goodra|Draco Meteor|p1a: Leavanny\n|-damage|p1a: Leavanny|54/269\n|-unboost|p2a: Goodra|spa|2\n|\n|-end|p2a: Goodra|move: Yawn|[silent]\n|-status|p2a: Goodra|slp\n|upkeep\n|turn|18\n|\n|t:|1782910833\n|move|p1a: Leavanny|Knock Off|p2a: Goodra\n|-damage|p2a: Goodra|193/265 slp\n|-enditem|p2a: Goodra|Assault Vest|[from] move: Knock Off|[of] p1a: Leavanny\n|cant|p2a: Goodra|slp\n|\n|upkeep\n|turn|19\n|\n|t:|1782910840\n|move|p1a: Leavanny|Triple Axel|p2a: Goodra\n|-crit|p2a: Goodra\n|-damage|p2a: Goodra|172/265 slp\n|-damage|p2a: Goodra|144/265 slp\n|-damage|p2a: Goodra|103/265 slp\n|-hitcount|p2a: Goodra|3\n|cant|p2a: Goodra|slp\n|\n|upkeep\n|turn|20\n|\n|t:|1782910848\n|move|p1a: Leavanny|Triple Axel|p2a: Goodra\n|-damage|p2a: Goodra|89/265 slp\n|-damage|p2a: Goodra|60/265 slp\n|-crit|p2a: Goodra\n|-damage|p2a: Goodra|0 fnt\n|faint|p2a: Goodra\n|-hitcount|p2: Goodra|3\n|\n|upkeep\n|\n|t:|1782910852\n|switch|p2a: Galvantula|Galvantula, L82, F|249/249\n|turn|21\n|\n|t:|1782910856\n|move|p2a: Galvantula|Thunder|p1a: Leavanny|[miss]\n|-miss|p2a: Galvantula|p1a: Leavanny\n|move|p1a: Leavanny|Triple Axel|p2a: Galvantula\n|-damage|p2a: Galvantula|229/249\n|-damage|p2a: Galvantula|190/249\n|-damage|p2a: Galvantula|129/249\n|-hitcount|p2a: Galvantula|3\n|\n|upkeep\n|turn|22\n|\n|t:|1782910859\n|move|p2a: Galvantula|Bug Buzz|p1a: Leavanny\n|-supereffective|p1a: Leavanny\n|-damage|p1a: Leavanny|0 fnt\n|faint|p1a: Leavanny\n|\n|upkeep\n|\n|t:|1782910861\n|switch|p1a: Flapple|Flapple, L88, F|266/266\n|turn|23\n|\n|t:|1782910864\n|-terastallize|p1a: Flapple|Fire\n|move|p2a: Galvantula|Bug Buzz|p1a: Flapple\n|-resisted|p1a: Flapple\n|-damage|p1a: Flapple|209/266\n|move|p1a: Flapple|Dragon Dance|p1a: Flapple\n|-boost|p1a: Flapple|atk|1\n|-boost|p1a: Flapple|spe|1\n|\n|upkeep\n|turn|24\n|\n|t:|1782910870\n|move|p1a: Flapple|Tera Blast|p2a: Galvantula|[anim] Tera Blast Fire|[miss]\n|-miss|p1a: Flapple|p2a: Galvantula\n|move|p2a: Galvantula|Thunder|p1a: Flapple\n|-damage|p1a: Flapple|71/266\n|\n|upkeep\n|turn|25\n|\n|t:|1782910879\n|move|p1a: Flapple|Tera Blast|p2a: Galvantula|[anim] Tera Blast Fire|[miss]\n|-miss|p1a: Flapple|p2a: Galvantula\n|move|p2a: Galvantula|Thunder|p1a: Flapple\n|-damage|p1a: Flapple|0 fnt\n|faint|p1a: Flapple\n|\n|upkeep\n|\n|t:|1782910881\n|switch|p1a: Magcargo|Magcargo, L95, F|115/268\n|turn|26\n|\n|t:|1782910894\n|move|p2a: Galvantula|Thunder|p1a: Magcargo|[miss]\n|-miss|p2a: Galvantula|p1a: Magcargo\n|move|p1a: Magcargo|Recover|p1a: Magcargo\n|-heal|p1a: Magcargo|249/268\n|\n|upkeep\n|turn|27\n|\n|t:|1782910900\n|move|p2a: Galvantula|Thunder|p1a: Magcargo\n|-crit|p1a: Magcargo\n|-damage|p1a: Magcargo|102/268\n|move|p1a: Magcargo|Lava Plume|p2a: Galvantula\n|-supereffective|p2a: Galvantula\n|-damage|p2a: Galvantula|0 fnt\n|faint|p2a: Galvantula\n|\n|upkeep\n|\n|t:|1782910907\n|switch|p2a: Magearna|Magearna-Original, L77|250/250\n|-activate|p2a: Magearna|move: Sticky Web\n|-unboost|p2a: Magearna|spe|1\n|turn|28\n|\n|t:|1782910914\n|-terastallize|p2a: Magearna|Water\n|move|p1a: Magcargo|Lava Plume|p2a: Magearna\n|-resisted|p2a: Magearna\n|-damage|p2a: Magearna|202/250\n|move|p2a: Magearna|Flash Cannon|p1a: Magcargo\n|-damage|p1a: Magcargo|23/268\n|\n|-heal|p2a: Magearna|217/250|[from] item: Leftovers\n|upkeep\n|turn|29\n|\n|t:|1782910919\n|move|p1a: Magcargo|Yawn|p2a: Magearna\n|-start|p2a: Magearna|move: Yawn|[of] p1a: Magcargo\n|move|p2a: Magearna|Flash Cannon|p1a: Magcargo\n|-damage|p1a: Magcargo|0 fnt\n|faint|p1a: Magcargo\n|-ability|p2a: Magearna|Soul-Heart|boost\n|-boost|p2a: Magearna|spa|1\n|\n|-heal|p2a: Magearna|232/250|[from] item: Leftovers\n|upkeep\n|\n|t:|1782910922\n|switch|p1a: Cobalion|Cobalion, L80|277/277\n|turn|30\n|\n|t:|1782910927\n|move|p1a: Cobalion|Calm Mind|p1a: Cobalion\n|-boost|p1a: Cobalion|spa|1\n|-boost|p1a: Cobalion|spd|1\n|move|p2a: Magearna|Flash Cannon|p1a: Cobalion\n|-resisted|p1a: Cobalion\n|-damage|p1a: Cobalion|222/277\n|\n|-heal|p1a: Cobalion|239/277|[from] item: Leftovers\n|-heal|p2a: Magearna|247/250|[from] item: Leftovers\n|-end|p2a: Magearna|move: Yawn|[silent]\n|-status|p2a: Magearna|slp\n|upkeep\n|turn|31\n|\n|t:|1782910933\n|move|p1a: Cobalion|Calm Mind|p1a: Cobalion\n|-boost|p1a: Cobalion|spa|1\n|-boost|p1a: Cobalion|spd|1\n|cant|p2a: Magearna|slp\n|\n|-heal|p1a: Cobalion|256/277|[from] item: Leftovers\n|-heal|p2a: Magearna|250/250 slp|[from] item: Leftovers\n|upkeep\n|turn|32\n|\n|t:|1782910937\n|move|p1a: Cobalion|Calm Mind|p1a: Cobalion\n|-boost|p1a: Cobalion|spa|1\n|-boost|p1a: Cobalion|spd|1\n|-curestatus|p2a: Magearna|slp|[msg]\n|move|p2a: Magearna|Pain Split|p1a: Cobalion\n|-sethp|p1a: Cobalion|253/277|[from] move: Pain Split|[silent]\n|-sethp|p2a: Magearna|250/250|[from] move: Pain Split\n|\n|-heal|p1a: Cobalion|270/277|[from] item: Leftovers\n|upkeep\n|turn|33\n|\n|t:|1782910941\n|move|p1a: Cobalion|Aura Sphere|p2a: Magearna\n|-damage|p2a: Magearna|91/250\n|move|p2a: Magearna|Pain Split|p1a: Cobalion\n|-sethp|p1a: Cobalion|180/277|[from] move: Pain Split|[silent]\n|-sethp|p2a: Magearna|180/250|[from] move: Pain Split\n|\n|-heal|p1a: Cobalion|197/277|[from] item: Leftovers\n|-heal|p2a: Magearna|195/250|[from] item: Leftovers\n|upkeep\n|turn|34\n|\n|t:|1782910946\n|switch|p2a: Wo-Chien|Wo-Chien, L83|277/277\n|-activate|p2a: Wo-Chien|move: Sticky Web\n|-unboost|p2a: Wo-Chien|spe|1\n|-ability|p2a: Wo-Chien|Tablets of Ruin\n|move|p1a: Cobalion|Aura Sphere|p2a: Wo-Chien\n|-supereffective|p2a: Wo-Chien\n|-damage|p2a: Wo-Chien|0 fnt\n|faint|p2a: Wo-Chien\n|\n|-heal|p1a: Cobalion|214/277|[from] item: Leftovers\n|upkeep\n|\n|t:|1782910948\n|switch|p2a: Magearna|Magearna-Original, L77, tera:Water|195/250\n|-activate|p2a: Magearna|move: Sticky Web\n|-unboost|p2a: Magearna|spe|1\n|turn|35\n|\n|t:|1782910950\n|move|p1a: Cobalion|Aura Sphere|p2a: Magearna\n|-crit|p2a: Magearna\n|-damage|p2a: Magearna|0 fnt\n|faint|p2a: Magearna\n|\n|win|jnpr010334\n|raw|jnpr010334's rating: 1952 &rarr; <strong>1971</strong><br />(+19 for winning)\n|raw|Kickmichl's rating: 1929 &rarr; <strong>1910</strong><br />(-19 for losing)\n", "inputlog": ">version f8ac14003a5f27e1bdc8d8c59608a773c1cb96e5\n>start {\"formatid\":\"gen9randombattle\",\"seed\":\"sodium,0291dfcfc47fce43e4af0efec3ed9878\",\"rated\":\"Rated battle\"}\n>player p1 {\"name\":\"jnpr010334\",\"avatar\":\"265\",\"rating\":1885,\"seed\":\"sodium,94a5b5bb825390ae49e71e5614af3622\"}\n>player p2 {\"name\":\"Kickmichl\",\"avatar\":\"102\",\"rating\":1929,\"seed\":\"sodium,194b707f61e446352c11216aca05187b\"}\n>p1 switch 2\n>p2 move psyshock\n>p1 move sludgebomb\n>p2 move drainingkiss\n>p1 move sludgebomb\n>p2 move drainingkiss\n>p1 move sludgebomb\n>p2 move drainingkiss\n>p2 switch 2\n>p1 move fireblast\n>p2 move bugbuzz\n>p1 switch 6\n>p1 move lavaplume\n>p2 move voltswitch\n>p2 switch 6\n>p1 switch 4\n>p2 move highhorsepower\n>p1 move stickyweb\n>p2 move bodyslam\n>p1 switch 2\n>p2 move curse\n>p1 move swordsdance\n>p2 move bodyslam\n>p1 move aquastep\n>p2 move bodyslam\n>p1 move closecombat\n>p2 move bodyslam\n>p2 switch 6\n>p1 switch 4\n>p2 move thunder\n>p1 move recover\n>p2 move thunder\n>p1 move recover\n>p2 move voltswitch\n>p2 switch 5\n>p1 move yawn\n>p2 move heavyslam\n>p1 switch 2\n>p2 move dracometeor\n>p1 move knockoff\n>p2 move fireblast\n>p1 move tripleaxel\n>p2 move fireblast\n>p1 move tripleaxel\n>p2 move fireblast\n>p2 switch 5\n>p1 move tripleaxel\n>p2 move thunder\n>p1 move tripleaxel\n>p2 move bugbuzz\n>p1 switch 3\n>p1 move dragondance terastallize\n>p2 move bugbuzz\n>p1 move terablast\n>p2 move thunder\n>p1 move terablast\n>p2 move thunder\n>p1 switch 2\n>p1 move recover\n>p2 move thunder\n>p1 move lavaplume\n>p2 move thunder\n>p2 switch 4\n>p1 move lavaplume\n>p2 move flashcannon terastallize\n>p1 move yawn\n>p2 move flashcannon\n>p1 switch 5\n>p1 move calmmind\n>p2 move flashcannon\n>p1 move calmmind\n>p2 move painsplit\n>p1 move calmmind\n>p2 move painsplit\n>p1 move aurasphere\n>p2 move painsplit\n>p1 move aurasphere\n>p2 switch 3\n>p2 switch 3\n>p1 move aurasphere\n>p2 move fleurcannon", "uploadtime": 1782910951, "views": 2, "formatid": "gen9randombattle", "rating": 1910, "private": 0, "password": null, "player_dets": [{"name": "jnpr010334", "avatar": "265", "rating": 1885, "seed": "sodium,94a5b5bb825390ae49e71e5614af3622"}, {"name": "Kickmichl", "avatar": "102", "rating": 1929, "seed": "sodium,194b707f61e446352c11216aca05187b"}], "teams_full": [{"Quaquaval": {"name": "Quaquaval", "species": "Quaquaval", "speciesId": "quaquaval", "gender": "F", "shiny": false, "level": 79, "moves": ["closecombat", "swordsdance", "roost", "aquastep"], "ability": "Moxie", "evs": {"hp": 85, "atk": 85, "def": 85, "spa": 85, "spd": 85, "spe": 85}, "ivs": {"hp": 31, "atk": 31, "def": 31, "spa": 31, "spd": 31, "spe": 31}, "item": "Leftovers", "teraType": "Steel", "role": "Bulky Attacker", "bvs": {"hp": 85, "atk": 120, "def": 80, "spa": 85, "spd": 75, "spe": 85}, "stats": {"hp": 264, "atk": 235, "def": 172, "spa": 180, "spd": 164, "spe": 180}, "types": ["Water", "Fighting"]}, "Goodra": {"name": "Goodra", "species": "Goodra", "speciesId": "goodra", "gender": "M", "shiny": false, "level": 85, "moves": ["sludgebomb", "fireblast", "dracometeor", "powerwhip"], "ability": "Sap Sipper", "evs": {"hp": 85, "atk": 85, "def": 85, "spa": 85, "spd": 85, "spe": 85}, "ivs": {"hp": 31, "atk": 31, "def": 31, "spa": 31, "spd": 31, "spe": 31}, "item": "Assault Vest", "teraType": "Grass", "role": "AV Pivot", "bvs": {"hp": 90, "atk": 100, "def": 70, "spa": 110, "spd": 150, "spe": 80}, "stats": {"hp": 292, "atk": 219, "def": 168, "spa": 236, "spd": 304, "spe": 185}, "types": ["Dragon"]}, "Flapple": {"name": "Flapple", "species": "Flapple", "speciesId": "flapple", "gender": "F", "shiny": false, "level": 88, "moves": ["outrage", "terablast", "gravapple", "dragondance"], "ability": "Hustle", "evs": {"hp": 85, "atk": 85, "def": 85, "spa": 85, "spd": 85, "spe": 85}, "ivs": {"hp": 31, "atk": 31, "def": 31, "spa": 31, "spd": 31, "spe": 31}, "item": "Lum Berry", "teraType": "Fire", "role": "Tera Blast user", "bvs": {"hp": 70, "atk": 110, "def": 80, "spa": 95, "spd": 60, "spe": 70}, "stats": {"hp": 266, "atk": 244, "def": 191, "spa": 217, "spd": 156, "spe": 173}, "types": ["Grass", "Dragon"]}, "Leavanny": {"name": "Leavanny", "species": "Leavanny", "speciesId": "leavanny", "gender": "F", "shiny": false, "level": 86, "moves": ["stickyweb", "bulletseed", "knockoff", "tripleaxel"], "ability": "Chlorophyll", "evs": {"hp": 85, "atk": 85, "def": 85, "spa": 85, "spd": 85, "spe": 85}, "ivs": {"hp": 31, "atk": 31, "def": 31, "spa": 31, "spd": 31, "spe": 31}, "item": "Loaded Dice", "teraType": "Rock", "role": "Fast Attacker", "bvs": {"hp": 75, "atk": 103, "def": 80, "spa": 70, "spd": 80, "spe": 92}, "stats": {"hp": 269, "atk": 226, "def": 187, "spa": 170, "spd": 187, "spe": 207}, "types": ["Bug", "Grass"]}, "Cobalion": {"name": "Cobalion", "species": "Cobalion", "speciesId": "cobalion", "gender": "N", "shiny": false, "level": 80, "moves": ["aurasphere", "calmmind", "vacuumwave", "flashcannon"], "ability": "Justified", "evs": {"hp": 85, "atk": 0, "def": 85, "spa": 85, "spd": 85, "spe": 85}, "ivs": {"hp": 31, "atk": 0, "def": 31, "spa": 31, "spd": 31, "spe": 31}, "item": "Leftovers", "teraType": "Ghost", "role": "Bulky Setup", "bvs": {"hp": 91, "atk": 90, "def": 129, "spa": 90, "spd": 72, "spe": 108}, "stats": {"hp": 277, "atk": 149, "def": 253, "spa": 190, "spd": 161, "spe": 219}, "types": ["Steel", "Fighting"]}, "Magcargo": {"name": "Magcargo", "species": "Magcargo", "speciesId": "magcargo", "gender": "F", "shiny": false, "level": 95, "moves": ["yawn", "recover", "stealthrock", "lavaplume"], "ability": "Flame Body", "evs": {"hp": 85, "atk": 0, "def": 85, "spa": 85, "spd": 85, "spe": 85}, "ivs": {"hp": 31, "atk": 0, "def": 31, "spa": 31, "spd": 31, "spe": 31}, "item": "Heavy-Duty Boots", "teraType": "Grass", "role": "Bulky Support", "bvs": {"hp": 60, "atk": 50, "def": 120, "spa": 90, "spd": 80, "spe": 30}, "stats": {"hp": 268, "atk": 100, "def": 282, "spa": 225, "spd": 206, "spe": 111}, "types": ["Fire", "Rock"]}}, {"Hatterene": {"name": "Hatterene", "species": "Hatterene", "speciesId": "hatterene", "gender": "F", "shiny": false, "level": 85, "moves": ["mysticalfire", "psyshock", "drainingkiss", "calmmind"], "ability": "Magic Bounce", "evs": {"hp": 85, "atk": 0, "def": 85, "spa": 85, "spd": 85, "spe": 85}, "ivs": {"hp": 31, "atk": 0, "def": 31, "spa": 31, "spd": 31, "spe": 31}, "item": "Leftovers", "teraType": "Steel", "role": "Bulky Setup", "bvs": {"hp": 57, "atk": 90, "def": 95, "spa": 136, "spd": 103, "spe": 29}, "stats": {"hp": 236, "atk": 158, "def": 210, "spa": 280, "spd": 224, "spe": 98}, "types": ["Psychic", "Fairy"]}, "Galvantula": {"name": "Galvantula", "species": "Galvantula", "speciesId": "galvantula", "gender": "F", "shiny": false, "level": 82, "moves": ["bugbuzz", "thunder", "voltswitch", "stickyweb"], "ability": "Compound Eyes", "evs": {"hp": 85, "atk": 0, "def": 85, "spa": 85, "spd": 85, "spe": 85}, "ivs": {"hp": 31, "atk": 0, "def": 31, "spa": 31, "spd": 31, "spe": 31}, "item": "Heavy-Duty Boots", "teraType": "Electric", "role": "Fast Support", "bvs": {"hp": 70, "atk": 77, "def": 60, "spa": 97, "spd": 60, "spe": 108}, "stats": {"hp": 249, "atk": 131, "def": 146, "spa": 206, "spd": 146, "spe": 224}, "types": ["Bug", "Electric"]}, "Wo-Chien": {"name": "Wo-Chien", "species": "Wo-Chien", "speciesId": "wochien", "gender": "N", "shiny": false, "level": 83, "moves": ["knockoff", "protect", "gigadrain", "leechseed"], "ability": "Tablets of Ruin", "evs": {"hp": 85, "atk": 85, "def": 85, "spa": 85, "spd": 85, "spe": 85}, "ivs": {"hp": 31, "atk": 31, "def": 31, "spa": 31, "spd": 31, "spe": 31}, "item": "Leftovers", "teraType": "Poison", "role": "Bulky Support", "bvs": {"hp": 85, "atk": 85, "def": 100, "spa": 95, "spd": 135, "spe": 70}, "stats": {"hp": 277, "atk": 189, "def": 214, "spa": 205, "spd": 272, "spe": 164}, "types": ["Dark", "Grass"]}, "Magearna": {"name": "Magearna", "species": "Magearna-Original", "speciesId": "magearna", "gender": "N", "shiny": false, "level": 77, "moves": ["painsplit", "flashcannon", "fleurcannon", "spikes"], "ability": "Soul-Heart", "evs": {"hp": 85, "atk": 0, "def": 85, "spa": 85, "spd": 85, "spe": 85}, "ivs": {"hp": 31, "atk": 0, "def": 31, "spa": 31, "spd": 31, "spe": 31}, "item": "Leftovers", "teraType": "Water", "role": "Bulky Attacker", "bvs": {"hp": 80, "atk": 95, "def": 115, "spa": 130, "spd": 115, "spe": 65}, "stats": {"hp": 250, "atk": 151, "def": 222, "spa": 245, "spd": 222, "spe": 145}, "types": ["Steel", "Fairy"]}, "Goodra": {"name": "Goodra", "species": "Goodra-Hisui", "speciesId": "goodrahisui", "gender": "F", "shiny": false, "level": 82, "moves": ["knockoff", "fireblast", "heavyslam", "dracometeor"], "ability": "Sap Sipper", "evs": {"hp": 85, "atk": 85, "def": 85, "spa": 85, "spd": 85, "spe": 85}, "ivs": {"hp": 31, "atk": 31, "def": 31, "spa": 31, "spd": 31, "spe": 31}, "item": "Assault Vest", "teraType": "Flying", "role": "AV Pivot", "bvs": {"hp": 80, "atk": 100, "def": 100, "spa": 110, "spd": 150, "spe": 60}, "stats": {"hp": 265, "atk": 211, "def": 211, "spa": 228, "spd": 293, "spe": 146}, "types": ["Steel", "Dragon"]}, "Oinkologne": {"name": "Oinkologne", "species": "Oinkologne", "speciesId": "oinkologne", "gender": "M", "shiny": false, "level": 92, "moves": ["highhorsepower", "curse", "lashout", "bodyslam"], "ability": "Thick Fat", "evs": {"hp": 85, "atk": 85, "def": 85, "spa": 85, "spd": 85, "spe": 85}, "ivs": {"hp": 31, "atk": 31, "def": 31, "spa": 31, "spd": 31, "spe": 31}, "item": "Leftovers", "teraType": "Ground", "role": "Bulky Setup", "bvs": {"hp": 110, "atk": 100, "def": 75, "spa": 59, "spd": 80, "spe": 65}, "stats": {"hp": 352, "atk": 236, "def": 190, "spa": 161, "spd": 200, "spe": 172}, "types": ["Normal"]}}]}