{"id": "gen9randombattle-2641762453", "format": "[Gen 9] Random Battle", "players": ["Karnisbroken", "Element51"], "log": "|j|\u2606Karnisbroken\n|j|\u2606Element51\n|t:|1782838900\n|gametype|singles\n|player|p1|Karnisbroken|101|1966\n|player|p2|Element51|gambler|1927\n|gen|9\n|tier|[Gen 9] Random Battle\n|rated|\n|rule|Species Clause: Limit one of each Pok\u00e9mon\n|rule|HP Percentage Mod: HP is shown in percentages\n|rule|Sleep Clause Mod: Limit one foe put to sleep\n|rule|Illusion Level Mod: Illusion disguises the Pok\u00e9mon's true level\n|\n|t:|1782838900\n|teamsize|p1|6\n|teamsize|p2|6\n|start\n|switch|p1a: Raichu|Raichu, L88, F|249/249\n|switch|p2a: Gengar|Gengar, L81, F|230/230\n|turn|1\n|inactive|Battle timer is ON: inactive players will automatically lose when time's up. (requested by Element51)\n|\n|t:|1782838923\n|switch|p2a: Electivire|Electivire, L84, M|263/263\n|move|p1a: Raichu|Volt Switch|p2a: Electivire\n|-ability|p2a: Electivire|Motor Drive|boost\n|-boost|p2a: Electivire|spe|1\n|\n|upkeep\n|turn|2\n|\n|t:|1782838952\n|switch|p1a: Sandaconda|Sandaconda, L84, M|258/258\n|move|p2a: Electivire|Knock Off|p1a: Sandaconda\n|-damage|p1a: Sandaconda|177/258\n|-enditem|p1a: Sandaconda|Loaded Dice|[from] move: Knock Off|[of] p2a: Electivire\n|-damage|p2a: Electivire|237/263|[from] item: Life Orb\n|\n|upkeep\n|turn|3\n|\n|t:|1782838966\n|move|p2a: Electivire|Ice Punch|p1a: Sandaconda\n|-supereffective|p1a: Sandaconda\n|-damage|p1a: Sandaconda|47/258\n|-damage|p2a: Electivire|211/263|[from] item: Life Orb\n|move|p1a: Sandaconda|Coil|p1a: Sandaconda\n|-boost|p1a: Sandaconda|atk|1\n|-boost|p1a: Sandaconda|def|1\n|-boost|p1a: Sandaconda|accuracy|1\n|\n|upkeep\n|turn|4\n|\n|t:|1782838970\n|move|p2a: Electivire|Ice Punch|p1a: Sandaconda\n|-supereffective|p1a: Sandaconda\n|-damage|p1a: Sandaconda|0 fnt\n|faint|p1a: Sandaconda\n|-damage|p2a: Electivire|185/263|[from] item: Life Orb\n|\n|upkeep\n|\n|t:|1782838979\n|switch|p1a: Oranguru|Oranguru, L92, M|315/315\n|turn|5\n|\n|t:|1782838995\n|move|p2a: Electivire|Knock Off|p1a: Oranguru\n|-supereffective|p1a: Oranguru\n|-damage|p1a: Oranguru|107/315\n|-enditem|p1a: Oranguru|Leftovers|[from] move: Knock Off|[of] p2a: Electivire\n|-damage|p2a: Electivire|159/263|[from] item: Life Orb\n|move|p1a: Oranguru|Psyshock|p2a: Electivire\n|-damage|p2a: Electivire|42/263\n|\n|upkeep\n|turn|6\n|\n|t:|1782838999\n|move|p2a: Electivire|Knock Off|p1a: Oranguru\n|-supereffective|p1a: Oranguru\n|-damage|p1a: Oranguru|0 fnt\n|faint|p1a: Oranguru\n|-damage|p2a: Electivire|16/263|[from] item: Life Orb\n|\n|upkeep\n|\n|t:|1782839002\n|switch|p1a: Raichu|Raichu, L88, F|249/249\n|turn|7\n|\n|t:|1782839027\n|switch|p1a: Grimmsnarl|Grimmsnarl, L83, M|293/293\n|move|p2a: Electivire|Knock Off|p1a: Grimmsnarl\n|-resisted|p1a: Grimmsnarl\n|-damage|p1a: Grimmsnarl|262/293\n|-enditem|p1a: Grimmsnarl|Leftovers|[from] move: Knock Off|[of] p2a: Electivire\n|-damage|p2a: Electivire|0 fnt|[from] item: Life Orb\n|faint|p2a: Electivire\n|\n|upkeep\n|\n|t:|1782839038\n|switch|p2a: Wigglytuff|Wigglytuff, L96, M|424/424\n|turn|8\n|\n|t:|1782839062\n|move|p1a: Grimmsnarl|Spirit Break|p2a: Wigglytuff\n|-damage|p2a: Wigglytuff|301/424\n|-unboost|p2a: Wigglytuff|spa|1\n|-ability|p2a: Wigglytuff|Competitive|boost\n|-boost|p2a: Wigglytuff|spa|2\n|move|p2a: Wigglytuff|Alluring Voice|p1a: Grimmsnarl\n|-supereffective|p1a: Grimmsnarl\n|-crit|p1a: Grimmsnarl\n|-damage|p1a: Grimmsnarl|0 fnt\n|faint|p1a: Grimmsnarl\n|\n|-heal|p2a: Wigglytuff|327/424|[from] item: Leftovers\n|upkeep\n|\n|t:|1782839073\n|switch|p1a: Squawkabilly|Squawkabilly-Yellow, L89, F|291/291\n|turn|9\n|\n|t:|1782839096\n|move|p1a: Squawkabilly|Brave Bird|p2a: Wigglytuff\n|-damage|p2a: Wigglytuff|30/424\n|-damage|p1a: Squawkabilly|193/291|[from] Recoil\n|move|p2a: Wigglytuff|Thunder Wave|p1a: Squawkabilly\n|-status|p1a: Squawkabilly|par\n|\n|-heal|p2a: Wigglytuff|56/424|[from] item: Leftovers\n|upkeep\n|turn|10\n|\n|t:|1782839106\n|move|p1a: Squawkabilly|Quick Attack|p2a: Wigglytuff\n|-damage|p2a: Wigglytuff|0 fnt\n|faint|p2a: Wigglytuff\n|\n|upkeep\n|\n|t:|1782839113\n|switch|p2a: Chien-Pao|Chien-Pao, L72|234/234\n|-ability|p2a: Chien-Pao|Sword of Ruin\n|turn|11\n|inactive|Karnisbroken has 120 seconds left.\n|\n|t:|1782839170\n|move|p2a: Chien-Pao|Icicle Crash|p1a: Squawkabilly\n|-supereffective|p1a: Squawkabilly\n|-damage|p1a: Squawkabilly|0 fnt\n|faint|p1a: Squawkabilly\n|\n|upkeep\n|\n|t:|1782839173\n|switch|p1a: Raichu|Raichu, L88, F|249/249\n|turn|12\n|\n|t:|1782839192\n|switch|p2a: Ogerpon|Ogerpon, L80, F|259/259\n|move|p1a: Raichu|Thunderbolt|p2a: Ogerpon\n|-resisted|p2a: Ogerpon\n|-damage|p2a: Ogerpon|187/259\n|\n|-heal|p2a: Ogerpon|203/259|[from] item: Leftovers\n|upkeep\n|turn|13\n|\n|t:|1782839201\n|move|p1a: Raichu|Thunderbolt|p2a: Ogerpon\n|-resisted|p2a: Ogerpon\n|-damage|p2a: Ogerpon|131/259\n|move|p2a: Ogerpon|Ivy Cudgel|p1a: Raichu\n|-damage|p1a: Raichu|95/249\n|\n|-heal|p2a: Ogerpon|147/259|[from] item: Leftovers\n|upkeep\n|turn|14\n|\n|t:|1782839223\n|move|p1a: Raichu|Thunderbolt|p2a: Ogerpon\n|-resisted|p2a: Ogerpon\n|-damage|p2a: Ogerpon|79/259\n|move|p2a: Ogerpon|Synthesis|p2a: Ogerpon\n|-heal|p2a: Ogerpon|208/259\n|\n|-heal|p2a: Ogerpon|224/259|[from] item: Leftovers\n|upkeep\n|turn|15\n|inactive|Karnisbroken has 120 seconds left.\n|inactive|Karnisbroken has 90 seconds left.\n|\n|t:|1782839266\n|move|p1a: Raichu|Thunderbolt|p2a: Ogerpon\n|-resisted|p2a: Ogerpon\n|-damage|p2a: Ogerpon|157/259\n|move|p2a: Ogerpon|Ivy Cudgel|p1a: Raichu\n|-damage|p1a: Raichu|0 fnt\n|faint|p1a: Raichu\n|\n|-heal|p2a: Ogerpon|173/259|[from] item: Leftovers\n|upkeep\n|\n|t:|1782839267\n|switch|p1a: Bruxish|Bruxish, L85, M|254/254\n|turn|16\n|-message|Karnisbroken forfeited.\n|\n|win|Element51\n|raw|Karnisbroken's rating: 1966 &rarr; <strong>1944</strong><br />(-22 for losing)\n|raw|Element51's rating: 1927 &rarr; <strong>1949</strong><br />(+22 for winning)\n", "inputlog": ">version f8ac14003a5f27e1bdc8d8c59608a773c1cb96e5\n>start {\"formatid\":\"gen9randombattle\",\"seed\":\"sodium,d3219182e5d5080f0040f2089aac33ff\",\"rated\":\"Rated battle\"}\n>player p1 {\"name\":\"Karnisbroken\",\"avatar\":\"101\",\"rating\":1966,\"seed\":\"sodium,40d3da665452b852f77ff929a1e4cc3b\"}\n>player p2 {\"name\":\"Element51\",\"avatar\":\"gambler\",\"rating\":1927,\"seed\":\"sodium,e6dbdb89cec8d9e38c0d0f0302ce5dc1\"}\n>p1 move voltswitch\n>p2 switch 6\n>p1 switch 2\n>p2 move knockoff\n>p1 move coil\n>p2 move icepunch\n>p1 move scaleshot\n>p2 move icepunch\n>p1 switch 4\n>p1 move psyshock\n>p2 move knockoff\n>p1 move psyshock\n>p2 move knockoff\n>p1 switch 2\n>p1 switch 5\n>p2 move knockoff\n>p2 switch 4\n>p1 move spiritbreak\n>p2 move alluringvoice\n>p1 switch 3\n>p1 move bravebird\n>p2 move thunderwave\n>p1 move quickattack\n>p2 move alluringvoice\n>p2 switch 3\n>p1 move partingshot\n>p2 move iciclecrash\n>p1 switch 5\n>p1 move thunderbolt\n>p2 switch 5\n>p1 move thunderbolt\n>p2 move ivycudgel\n>p1 move thunderbolt\n>p2 move synthesis\n>p1 move thunderbolt\n>p2 move ivycudgel\n>p1 switch 6\n>forcelose p1", "uploadtime": 1782839276, "views": 7, "formatid": "gen9randombattle", "rating": 1944, "private": 0, "password": null, "player_dets": [{"name": "Karnisbroken", "avatar": "101", "rating": 1966, "seed": "sodium,40d3da665452b852f77ff929a1e4cc3b"}, {"name": "Element51", "avatar": "gambler", "rating": 1927, "seed": "sodium,e6dbdb89cec8d9e38c0d0f0302ce5dc1"}], "teams_full": [{"Raichu": {"name": "Raichu", "species": "Raichu", "speciesId": "raichu", "gender": "F", "shiny": false, "level": 88, "moves": ["alluringvoice", "thunderbolt", "voltswitch", "surf"], "ability": "Lightning Rod", "evs": {"hp": 85, "atk": 0, "def": 85, "spa": 85, "spd": 85, "spe": 85}, "ivs": {"hp": 31, "atk": 0, "def": 31, "spa": 31, "spd": 31, "spe": 31}, "item": "Choice Specs", "teraType": "Water", "role": "Fast Support", "bvs": {"hp": 60, "atk": 90, "def": 55, "spa": 90, "spd": 80, "spe": 110}, "stats": {"hp": 249, "atk": 163, "def": 147, "spa": 209, "spd": 191, "spe": 244}, "types": ["Electric"]}, "Sandaconda": {"name": "Sandaconda", "species": "Sandaconda", "speciesId": "sandaconda", "gender": "M", "shiny": false, "level": 84, "moves": ["earthquake", "scaleshot", "coil", "rockblast"], "ability": "Shed Skin", "evs": {"hp": 85, "atk": 85, "def": 85, "spa": 85, "spd": 85, "spe": 85}, "ivs": {"hp": 31, "atk": 31, "def": 31, "spa": 31, "spd": 31, "spe": 31}, "item": "Loaded Dice", "teraType": "Dragon", "role": "Fast Bulky Setup", "bvs": {"hp": 72, "atk": 107, "def": 125, "spa": 65, "spd": 70, "spe": 71}, "stats": {"hp": 258, "atk": 228, "def": 258, "spa": 157, "spd": 166, "spe": 167}, "types": ["Ground"]}, "Squawkabilly": {"name": "Squawkabilly", "species": "Squawkabilly-Yellow", "speciesId": "squawkabillyyellow", "gender": "F", "shiny": false, "level": 89, "moves": ["partingshot", "bravebird", "quickattack", "doubleedge"], "ability": "Hustle", "evs": {"hp": 85, "atk": 85, "def": 85, "spa": 85, "spd": 85, "spe": 85}, "ivs": {"hp": 31, "atk": 31, "def": 31, "spa": 31, "spd": 31, "spe": 31}, "item": "Heavy-Duty Boots", "teraType": "Normal", "role": "Wallbreaker", "bvs": {"hp": 82, "atk": 96, "def": 51, "spa": 45, "spd": 51, "spe": 92}, "stats": {"hp": 291, "atk": 222, "def": 142, "spa": 131, "spd": 142, "spe": 215}, "types": ["Normal", "Flying"]}, "Oranguru": {"name": "Oranguru", "species": "Oranguru", "speciesId": "oranguru", "gender": "M", "shiny": false, "level": 92, "moves": ["psyshock", "focusblast", "thunderbolt", "nastyplot"], "ability": "Inner Focus", "evs": {"hp": 85, "atk": 0, "def": 85, "spa": 85, "spd": 85, "spe": 85}, "ivs": {"hp": 31, "atk": 0, "def": 31, "spa": 31, "spd": 31, "spe": 31}, "item": "Leftovers", "teraType": "Electric", "role": "Bulky Attacker", "bvs": {"hp": 90, "atk": 60, "def": 80, "spa": 90, "spd": 110, "spe": 60}, "stats": {"hp": 315, "atk": 115, "def": 200, "spa": 218, "spd": 255, "spe": 163}, "types": ["Normal", "Psychic"]}, "Grimmsnarl": {"name": "Grimmsnarl", "species": "Grimmsnarl", "speciesId": "grimmsnarl", "gender": "M", "shiny": false, "level": 83, "moves": ["spiritbreak", "taunt", "suckerpunch", "thunderwave"], "ability": "Prankster", "evs": {"hp": 85, "atk": 85, "def": 85, "spa": 85, "spd": 85, "spe": 85}, "ivs": {"hp": 31, "atk": 31, "def": 31, "spa": 31, "spd": 31, "spe": 31}, "item": "Leftovers", "teraType": "Poison", "role": "Bulky Attacker", "bvs": {"hp": 95, "atk": 120, "def": 65, "spa": 95, "spd": 75, "spe": 60}, "stats": {"hp": 293, "atk": 247, "def": 156, "spa": 205, "spd": 172, "spe": 147}, "types": ["Dark", "Fairy"]}, "Bruxish": {"name": "Bruxish", "species": "Bruxish", "speciesId": "bruxish", "gender": "M", "shiny": false, "level": 85, "moves": ["crunch", "swordsdance", "wavecrash", "psychicfangs"], "ability": "Strong Jaw", "evs": {"hp": 85, "atk": 85, "def": 85, "spa": 85, "spd": 85, "spe": 85}, "ivs": {"hp": 31, "atk": 31, "def": 31, "spa": 31, "spd": 31, "spe": 31}, "item": "Life Orb", "teraType": "Dark", "role": "Fast Attacker", "bvs": {"hp": 68, "atk": 105, "def": 70, "spa": 70, "spd": 70, "spe": 92}, "stats": {"hp": 254, "atk": 227, "def": 168, "spa": 168, "spd": 168, "spe": 205}, "types": ["Water", "Psychic"]}}, {"Gengar": {"name": "Gengar", "species": "Gengar", "speciesId": "gengar", "gender": "F", "shiny": false, "level": 81, "moves": ["shadowball", "sludgewave", "nastyplot", "focusblast"], "ability": "Cursed Body", "evs": {"hp": 85, "atk": 0, "def": 85, "spa": 85, "spd": 85, "spe": 85}, "ivs": {"hp": 31, "atk": 0, "def": 31, "spa": 31, "spd": 31, "spe": 31}, "item": "Life Orb", "teraType": "Ghost", "role": "Wallbreaker", "bvs": {"hp": 60, "atk": 65, "def": 60, "spa": 130, "spd": 75, "spe": 110}, "stats": {"hp": 230, "atk": 110, "def": 144, "spa": 257, "spd": 168, "spe": 225}, "types": ["Ghost", "Poison"]}, "Veluza": {"name": "Veluza", "species": "Veluza", "speciesId": "veluza", "gender": "M", "shiny": false, "level": 85, "moves": ["flipturn", "psychocut", "nightslash", "aquacutter"], "ability": "Sharpness", "evs": {"hp": 85, "atk": 85, "def": 85, "spa": 85, "spd": 85, "spe": 85}, "ivs": {"hp": 31, "atk": 31, "def": 31, "spa": 31, "spd": 31, "spe": 31}, "item": "Choice Band", "teraType": "Dark", "role": "Fast Attacker", "bvs": {"hp": 90, "atk": 102, "def": 73, "spa": 78, "spd": 65, "spe": 70}, "stats": {"hp": 292, "atk": 222, "def": 173, "spa": 181, "spd": 159, "spe": 168}, "types": ["Water", "Psychic"]}, "Chien-Pao": {"name": "Chien-Pao", "species": "Chien-Pao", "speciesId": "chienpao", "gender": "N", "shiny": false, "level": 72, "moves": ["sacredsword", "iciclecrash", "crunch", "iceshard"], "ability": "Sword of Ruin", "evs": {"hp": 85, "atk": 85, "def": 85, "spa": 85, "spd": 85, "spe": 85}, "ivs": {"hp": 31, "atk": 31, "def": 31, "spa": 31, "spd": 31, "spe": 31}, "item": "Choice Band", "teraType": "Dark", "role": "Wallbreaker", "bvs": {"hp": 80, "atk": 120, "def": 80, "spa": 90, "spd": 65, "spe": 135}, "stats": {"hp": 234, "atk": 215, "def": 157, "spa": 172, "spd": 136, "spe": 236}, "types": ["Dark", "Ice"]}, "Wigglytuff": {"name": "Wigglytuff", "species": "Wigglytuff", "speciesId": "wigglytuff", "gender": "M", "shiny": false, "level": 96, "moves": ["thunderwave", "knockoff", "alluringvoice", "fireblast"], "ability": "Competitive", "evs": {"hp": 85, "atk": 85, "def": 85, "spa": 85, "spd": 85, "spe": 85}, "ivs": {"hp": 31, "atk": 31, "def": 31, "spa": 31, "spd": 31, "spe": 31}, "item": "Leftovers", "teraType": "Steel", "role": "Bulky Support", "bvs": {"hp": 140, "atk": 70, "def": 45, "spa": 85, "spd": 50, "spe": 45}, "stats": {"hp": 424, "atk": 189, "def": 141, "spa": 218, "spd": 150, "spe": 141}, "types": ["Normal", "Fairy"]}, "Ogerpon": {"name": "Ogerpon", "species": "Ogerpon", "speciesId": "ogerpon", "gender": "F", "shiny": false, "level": 80, "moves": ["spikes", "superpower", "ivycudgel", "synthesis"], "ability": "Defiant", "evs": {"hp": 85, "atk": 85, "def": 85, "spa": 85, "spd": 85, "spe": 85}, "ivs": {"hp": 31, "atk": 31, "def": 31, "spa": 31, "spd": 31, "spe": 31}, "item": "Leftovers", "teraType": "Grass", "role": "Fast Support", "bvs": {"hp": 80, "atk": 120, "def": 84, "spa": 60, "spd": 96, "spe": 110}, "stats": {"hp": 259, "atk": 238, "def": 181, "spa": 142, "spd": 200, "spe": 222}, "types": ["Grass"]}, "Electivire": {"name": "Electivire", "species": "Electivire", "speciesId": "electivire", "gender": "M", "shiny": false, "level": 84, "moves": ["flamethrower", "supercellslam", "knockoff", "icepunch"], "ability": "Motor Drive", "evs": {"hp": 85, "atk": 85, "def": 85, "spa": 85, "spd": 85, "spe": 85}, "ivs": {"hp": 31, "atk": 31, "def": 31, "spa": 31, "spd": 31, "spe": 31}, "item": "Life Orb", "teraType": "Dark", "role": "Fast Attacker", "bvs": {"hp": 75, "atk": 123, "def": 67, "spa": 95, "spd": 85, "spe": 95}, "stats": {"hp": 263, "atk": 255, "def": 161, "spa": 208, "spd": 191, "spe": 208}, "types": ["Electric"]}}]}