{"id": "gen9randombattle-2641745729", "format": "[Gen 9] Random Battle", "players": ["ppburgers", "DOMINUSRAVEN"], "log": "|j|\u2606ppburgers\n|j|\u2606DOMINUSRAVEN\n|t:|1782836935\n|gametype|singles\n|player|p1|ppburgers|brock|1087\n|player|p2|DOMINUSRAVEN|266|1105\n|gen|9\n|tier|[Gen 9] Random Battle\n|rated|\n|rule|Species Clause: Limit one of each Pok\u00e9mon\n|rule|HP Percentage Mod: HP is shown in percentages\n|rule|Sleep Clause Mod: Limit one foe put to sleep\n|rule|Illusion Level Mod: Illusion disguises the Pok\u00e9mon's true level\n|\n|t:|1782836935\n|teamsize|p1|6\n|teamsize|p2|6\n|start\n|switch|p1a: Ogerpon|Ogerpon-Cornerstone, L76, F|247/247\n|switch|p2a: Palkia|Palkia-Origin, L72|249/249\n|-ability|p2a: Palkia|Pressure\n|turn|1\n|inactive|Battle timer is ON: inactive players will automatically lose when time's up. (requested by ppburgers)\n|\n|t:|1782836959\n|move|p2a: Palkia|Thunder Wave|p1a: Ogerpon\n|-status|p1a: Ogerpon|par\n|cant|p1a: Ogerpon|par\n|\n|upkeep\n|turn|2\n|\n|t:|1782836980\n|switch|p2a: Cacturne|Cacturne, L92, F|278/278\n|move|p1a: Ogerpon|Horn Leech|p2a: Cacturne\n|-resisted|p2a: Cacturne\n|-damage|p2a: Cacturne|221/278\n|\n|upkeep\n|turn|3\n|\n|t:|1782836987\n|move|p2a: Cacturne|Swords Dance|p2a: Cacturne\n|-boost|p2a: Cacturne|atk|2\n|move|p1a: Ogerpon|Superpower|p2a: Cacturne\n|-supereffective|p2a: Cacturne\n|-damage|p2a: Cacturne|0 fnt\n|-unboost|p1a: Ogerpon|atk|1\n|-unboost|p1a: Ogerpon|def|1\n|faint|p2a: Cacturne\n|\n|upkeep\n|\n|t:|1782837003\n|switch|p2a: Tauros|Tauros-Paldea-Aqua, L81, M|254/254\n|-ability|p2a: Tauros|Intimidate|boost\n|-unboost|p1a: Ogerpon|atk|1\n|turn|4\n|\n|t:|1782837012\n|move|p2a: Tauros|Close Combat|p1a: Ogerpon\n|-supereffective|p1a: Ogerpon\n|-ability|p1a: Ogerpon|Sturdy\n|-damage|p1a: Ogerpon|1/247 par\n|-unboost|p2a: Tauros|def|1\n|-unboost|p2a: Tauros|spd|1\n|-damage|p2a: Tauros|229/254|[from] item: Life Orb\n|move|p1a: Ogerpon|Horn Leech|p2a: Tauros\n|-supereffective|p2a: Tauros\n|-damage|p2a: Tauros|101/254\n|-heal|p1a: Ogerpon|65/247 par|[from] drain|[of] p2a: Tauros\n|\n|upkeep\n|turn|5\n|\n|t:|1782837029\n|switch|p1a: Lilligant|Lilligant-Hisui, L79, F|240/240\n|move|p2a: Tauros|Close Combat|p1a: Lilligant\n|-damage|p1a: Lilligant|28/240\n|-unboost|p2a: Tauros|def|1\n|-unboost|p2a: Tauros|spd|1\n|-damage|p2a: Tauros|76/254|[from] item: Life Orb\n|\n|upkeep\n|turn|6\n|\n|t:|1782837046\n|switch|p2a: Regieleki|Regieleki, L79|256/256\n|move|p1a: Lilligant|Leaf Blade|p2a: Regieleki\n|-damage|p2a: Regieleki|0 fnt\n|faint|p2a: Regieleki\n|-damage|p1a: Lilligant|4/240|[from] item: Life Orb\n|\n|upkeep\n|\n|t:|1782837054\n|switch|p2a: Tauros|Tauros-Paldea-Aqua, L81, M|76/254\n|-ability|p2a: Tauros|Intimidate|boost\n|-unboost|p1a: Lilligant|atk|1\n|turn|7\n|\n|t:|1782837058\n|move|p2a: Tauros|Aqua Jet|p1a: Lilligant\n|-resisted|p1a: Lilligant\n|-damage|p1a: Lilligant|0 fnt\n|faint|p1a: Lilligant\n|-damage|p2a: Tauros|51/254|[from] item: Life Orb\n|\n|upkeep\n|\n|t:|1782837067\n|switch|p1a: Froslass|Froslass, L87, F|263/263\n|turn|8\n|\n|t:|1782837089\n|move|p2a: Tauros|Aqua Jet|p1a: Froslass\n|-damage|p1a: Froslass|197/263\n|-damage|p2a: Tauros|26/254|[from] item: Life Orb\n|move|p1a: Froslass|Will-O-Wisp|p2a: Tauros\n|-status|p2a: Tauros|brn\n|\n|-damage|p2a: Tauros|11/254 brn|[from] brn\n|upkeep\n|turn|9\n|\n|t:|1782837102\n|move|p1a: Froslass|Triple Axel|p2a: Tauros\n|-resisted|p2a: Tauros\n|-damage|p2a: Tauros|2/254 brn\n|-resisted|p2a: Tauros\n|-damage|p2a: Tauros|0 fnt\n|faint|p2a: Tauros\n|-hitcount|p2: Tauros|2\n|\n|upkeep\n|\n|t:|1782837110\n|switch|p2a: Palkia|Palkia-Origin, L72|249/249\n|-ability|p2a: Palkia|Pressure\n|turn|10\n|\n|t:|1782837118\n|move|p1a: Froslass|Will-O-Wisp|p2a: Palkia\n|-status|p2a: Palkia|brn\n|move|p2a: Palkia|Fire Blast|p1a: Froslass\n|-supereffective|p1a: Froslass\n|-damage|p1a: Froslass|5/263\n|\n|-damage|p2a: Palkia|234/249 brn|[from] brn\n|upkeep\n|turn|11\n|\n|t:|1782837132\n|move|p1a: Froslass|Triple Axel|p2a: Palkia\n|-damage|p2a: Palkia|212/249 brn\n|-damage|p2a: Palkia|167/249 brn\n|-damage|p2a: Palkia|107/249 brn\n|-hitcount|p2a: Palkia|3\n|move|p2a: Palkia|Draco Meteor|p1a: Froslass\n|-crit|p1a: Froslass\n|-damage|p1a: Froslass|0 fnt\n|-unboost|p2a: Palkia|spa|2\n|-start|p2a: Palkia|Disable|Draco Meteor|[from] ability: Cursed Body|[of] p1a: Froslass\n|faint|p1a: Froslass\n|\n|-damage|p2a: Palkia|92/249 brn|[from] brn\n|upkeep\n|\n|t:|1782837143\n|switch|p1a: Ogerpon|Ogerpon-Cornerstone, L76, F|65/247 par\n|turn|12\n|\n|t:|1782837151\n|switch|p2a: Glastrier|Glastrier, L86|312/312\n|move|p1a: Ogerpon|Superpower|p2a: Glastrier\n|-supereffective|p2a: Glastrier\n|-damage|p2a: Glastrier|162/312\n|-unboost|p1a: Ogerpon|atk|1\n|-unboost|p1a: Ogerpon|def|1\n|\n|upkeep\n|turn|13\n|\n|t:|1782837167\n|move|p1a: Ogerpon|Ivy Cudgel|p2a: Glastrier|[anim] Ivy Cudgel Rock\n|-supereffective|p2a: Glastrier\n|-crit|p2a: Glastrier\n|-damage|p2a: Glastrier|0 fnt\n|faint|p2a: Glastrier\n|\n|upkeep\n|c|\u2606DOMINUSRAVEN|?\n|c|\u2606DOMINUSRAVEN|wtf\n|c|\u2606DOMINUSRAVEN|eres mas rapido q yo\n|inactive|DOMINUSRAVEN has 120 seconds left.\n|c|\u2606DOMINUSRAVEN|LSDJJSDKJKAJDKJDS claro que si\n|c|\u2606DOMINUSRAVEN|para que terminar una partida que te acaban de regalar LKJSDJASDJKJDKAJ\n|c|\u2606DOMINUSRAVEN|bye\n|inactive|DOMINUSRAVEN has 90 seconds left.\n|inactive|DOMINUSRAVEN has 60 seconds left.\n|inactive|DOMINUSRAVEN has 30 seconds left.\n|inactive|DOMINUSRAVEN has 20 seconds left.\n|c|\u2606ppburgers|Hermano, tu Pok\u00e9mon era muy lento.\n|inactive|DOMINUSRAVEN has 15 seconds left.\n|inactive|DOMINUSRAVEN has 10 seconds left.\n|inactive|DOMINUSRAVEN has 5 seconds left.\n|-message|DOMINUSRAVEN lost due to inactivity.\n|\n|win|ppburgers\n|raw|ppburgers's rating: 1087 &rarr; <strong>1113</strong><br />(+26 for winning)\n|raw|DOMINUSRAVEN's rating: 1080 &rarr; <strong>1058</strong><br />(-22 for losing)\n", "inputlog": ">version f8ac14003a5f27e1bdc8d8c59608a773c1cb96e5\n>start {\"formatid\":\"gen9randombattle\",\"seed\":\"sodium,ed5b1e32c48d1f60d848d196e7d3fb1b\",\"rated\":\"Rated battle\"}\n>player p1 {\"name\":\"ppburgers\",\"avatar\":\"brock\",\"rating\":1087,\"seed\":\"sodium,bbfcf16591f661aad9000397d29a49b7\"}\n>player p2 {\"name\":\"DOMINUSRAVEN\",\"avatar\":\"266\",\"rating\":1105,\"seed\":\"sodium,b12e5239c9ba0cd45007ab205a30b337\"}\n>p1 move swordsdance\n>p2 move thunderwave\n>p1 move hornleech\n>p2 switch 6\n>p1 move superpower\n>p2 move swordsdance\n>p2 switch 3\n>p1 move hornleech\n>p2 move closecombat\n>p1 switch 2\n>p2 move closecombat\n>p1 move leafblade\n>p2 switch 4\n>p2 switch 4\n>p1 move leafblade\n>p2 move aquajet\n>p1 switch 4\n>p1 move willowisp\n>p2 move aquajet\n>p1 move tripleaxel\n>p2 move liquidation\n>p2 switch 6\n>p1 move willowisp\n>p2 move fireblast\n>p1 move tripleaxel\n>p2 move dracometeor\n>p1 switch 2\n>p1 move superpower\n>p2 switch 2\n>p1 move ivycudgel\n>p2 move heavyslam\n>chat \u2606DOMINUSRAVEN|?\n>chat \u2606DOMINUSRAVEN|wtf\n>chat \u2606DOMINUSRAVEN|eres mas rapido q yo\n>chat \u2606DOMINUSRAVEN|LSDJJSDKJKAJDKJDS claro que si\n>chat \u2606DOMINUSRAVEN|para que terminar una partida que te acaban de regalar LKJSDJASDJKJDKAJ\n>chat \u2606DOMINUSRAVEN|bye\n>chat \u2606ppburgers|Hermano, tu Pok\u00e9mon era muy lento.\n>forcelose p2", "uploadtime": 1782837416, "views": 7, "formatid": "gen9randombattle", "rating": 1058, "private": 0, "password": null, "player_dets": [{"name": "ppburgers", "avatar": "brock", "rating": 1087, "seed": "sodium,bbfcf16591f661aad9000397d29a49b7"}, {"name": "DOMINUSRAVEN", "avatar": "266", "rating": 1105, "seed": "sodium,b12e5239c9ba0cd45007ab205a30b337"}], "teams_full": [{"Ogerpon": {"name": "Ogerpon", "species": "Ogerpon-Cornerstone", "speciesId": "ogerponcornerstone", "gender": "F", "shiny": false, "level": 76, "moves": ["ivycudgel", "superpower", "swordsdance", "hornleech"], "ability": "Sturdy", "evs": {"hp": 85, "atk": 85, "def": 85, "spa": 85, "spd": 85, "spe": 85}, "ivs": {"hp": 31, "atk": 31, "def": 31, "spa": 31, "spd": 31, "spe": 31}, "item": "Cornerstone Mask", "teraType": "Rock", "role": "Setup Sweeper", "bvs": {"hp": 80, "atk": 120, "def": 84, "spa": 60, "spd": 96, "spe": 110}, "stats": {"hp": 247, "atk": 226, "def": 172, "spa": 135, "spd": 190, "spe": 211}, "types": ["Grass", "Rock"]}, "Lilligant": {"name": "Lilligant", "species": "Lilligant-Hisui", "speciesId": "lilliganthisui", "gender": "F", "shiny": false, "level": 79, "moves": ["leafblade", "closecombat", "victorydance", "icespinner"], "ability": "Hustle", "evs": {"hp": 85, "atk": 85, "def": 85, "spa": 85, "spd": 85, "spe": 85}, "ivs": {"hp": 31, "atk": 31, "def": 31, "spa": 31, "spd": 31, "spe": 31}, "item": "Life Orb", "teraType": "Fighting", "role": "Setup Sweeper", "bvs": {"hp": 70, "atk": 105, "def": 75, "spa": 50, "spd": 75, "spe": 105}, "stats": {"hp": 240, "atk": 211, "def": 164, "spa": 125, "spd": 164, "spe": 211}, "types": ["Grass", "Fighting"]}, "Polteageist": {"name": "Polteageist", "species": "Polteageist", "speciesId": "polteageist", "gender": "N", "shiny": false, "level": 78, "moves": ["strengthsap", "shadowball", "shellsmash", "terablast"], "ability": "Cursed Body", "evs": {"hp": 85, "atk": 0, "def": 85, "spa": 85, "spd": 85, "spe": 85}, "ivs": {"hp": 31, "atk": 0, "def": 31, "spa": 31, "spd": 31, "spe": 31}, "item": "White Herb", "teraType": "Fighting", "role": "Tera Blast user", "bvs": {"hp": 60, "atk": 65, "def": 65, "spa": 134, "spd": 114, "spe": 70}, "stats": {"hp": 222, "atk": 106, "def": 146, "spa": 254, "spd": 223, "spe": 154}, "types": ["Ghost"]}, "Froslass": {"name": "Froslass", "species": "Froslass", "speciesId": "froslass", "gender": "F", "shiny": false, "level": 87, "moves": ["poltergeist", "willowisp", "tripleaxel", "taunt"], "ability": "Cursed Body", "evs": {"hp": 81, "atk": 85, "def": 85, "spa": 85, "spd": 85, "spe": 85}, "ivs": {"hp": 31, "atk": 31, "def": 31, "spa": 31, "spd": 31, "spe": 31}, "item": "Wide Lens", "teraType": "Ice", "role": "Fast Support", "bvs": {"hp": 70, "atk": 80, "def": 70, "spa": 80, "spd": 70, "spe": 110}, "stats": {"hp": 263, "atk": 189, "def": 172, "spa": 189, "spd": 172, "spe": 241}, "types": ["Ice", "Ghost"]}, "Weavile": {"name": "Weavile", "species": "Weavile", "speciesId": "weavile", "gender": "M", "shiny": false, "level": 79, "moves": ["tripleaxel", "lowkick", "knockoff", "iceshard"], "ability": "Pickpocket", "evs": {"hp": 81, "atk": 85, "def": 85, "spa": 85, "spd": 85, "spe": 85}, "ivs": {"hp": 31, "atk": 31, "def": 31, "spa": 31, "spd": 31, "spe": 31}, "item": "Choice Band", "teraType": "Ice", "role": "Fast Attacker", "bvs": {"hp": 70, "atk": 120, "def": 65, "spa": 45, "spd": 85, "spe": 125}, "stats": {"hp": 239, "atk": 235, "def": 148, "spa": 117, "spd": 180, "spe": 243}, "types": ["Dark", "Ice"]}, "Okidogi": {"name": "Okidogi", "species": "Okidogi", "speciesId": "okidogi", "gender": "M", "shiny": false, "level": 77, "moves": ["drainpunch", "bulkup", "knockoff", "gunkshot"], "ability": "Toxic Chain", "evs": {"hp": 85, "atk": 85, "def": 85, "spa": 85, "spd": 85, "spe": 85}, "ivs": {"hp": 31, "atk": 31, "def": 31, "spa": 31, "spd": 31, "spe": 31}, "item": "Leftovers", "teraType": "Dark", "role": "Bulky Setup", "bvs": {"hp": 88, "atk": 128, "def": 115, "spa": 58, "spd": 86, "spe": 80}, "stats": {"hp": 262, "atk": 242, "def": 222, "spa": 134, "spd": 177, "spe": 168}, "types": ["Poison", "Fighting"]}}, {"Palkia": {"name": "Palkia", "species": "Palkia-Origin", "speciesId": "palkiaorigin", "gender": "N", "shiny": false, "level": 72, "moves": ["dracometeor", "thunderwave", "fireblast", "hydropump"], "ability": "Pressure", "evs": {"hp": 85, "atk": 0, "def": 85, "spa": 85, "spd": 85, "spe": 85}, "ivs": {"hp": 31, "atk": 0, "def": 31, "spa": 31, "spd": 31, "spe": 31}, "item": "Lustrous Globe", "teraType": "Dragon", "role": "Bulky Attacker", "bvs": {"hp": 90, "atk": 100, "def": 100, "spa": 150, "spd": 120, "spe": 120}, "stats": {"hp": 249, "atk": 149, "def": 186, "spa": 258, "spd": 215, "spe": 215}, "types": ["Water", "Dragon"]}, "Glastrier": {"name": "Glastrier", "species": "Glastrier", "speciesId": "glastrier", "gender": "N", "shiny": false, "level": 86, "moves": ["iciclecrash", "heavyslam", "swordsdance", "highhorsepower"], "ability": "Chilling Neigh", "evs": {"hp": 85, "atk": 85, "def": 85, "spa": 85, "spd": 85, "spe": 85}, "ivs": {"hp": 31, "atk": 31, "def": 31, "spa": 31, "spd": 31, "spe": 31}, "item": "Heavy-Duty Boots", "teraType": "Steel", "role": "Bulky Attacker", "bvs": {"hp": 100, "atk": 145, "def": 130, "spa": 65, "spd": 110, "spe": 30}, "stats": {"hp": 312, "atk": 299, "def": 273, "spa": 161, "spd": 238, "spe": 101}, "types": ["Ice"]}, "Tauros": {"name": "Tauros", "species": "Tauros-Paldea-Aqua", "speciesId": "taurospaldeaaqua", "gender": "M", "shiny": false, "level": 81, "moves": ["aquajet", "closecombat", "liquidation", "bulkup"], "ability": "Intimidate", "evs": {"hp": 85, "atk": 85, "def": 85, "spa": 85, "spd": 85, "spe": 85}, "ivs": {"hp": 31, "atk": 31, "def": 31, "spa": 31, "spd": 31, "spe": 31}, "item": "Life Orb", "teraType": "Water", "role": "Setup Sweeper", "bvs": {"hp": 75, "atk": 110, "def": 105, "spa": 30, "spd": 70, "spe": 100}, "stats": {"hp": 254, "atk": 225, "def": 217, "spa": 95, "spd": 160, "spe": 209}, "types": ["Fighting", "Water"]}, "Regieleki": {"name": "Regieleki", "species": "Regieleki", "speciesId": "regieleki", "gender": "N", "shiny": false, "level": 79, "moves": ["voltswitch", "thunderbolt", "rapidspin", "terablast"], "ability": "Transistor", "evs": {"hp": 85, "atk": 85, "def": 85, "spa": 85, "spd": 85, "spe": 85}, "ivs": {"hp": 31, "atk": 31, "def": 31, "spa": 31, "spd": 31, "spe": 31}, "item": "Magnet", "teraType": "Ice", "role": "Tera Blast user", "bvs": {"hp": 80, "atk": 100, "def": 50, "spa": 100, "spd": 50, "spe": 200}, "stats": {"hp": 256, "atk": 204, "def": 125, "spa": 204, "spd": 125, "spe": 362}, "types": ["Electric"]}, "Golem": {"name": "Golem", "species": "Golem-Alola", "speciesId": "golemalola", "gender": "M", "shiny": false, "level": 93, "moves": ["earthquake", "doubleedge", "explosion", "stoneedge"], "ability": "Galvanize", "evs": {"hp": 85, "atk": 85, "def": 85, "spa": 85, "spd": 85, "spe": 85}, "ivs": {"hp": 31, "atk": 31, "def": 31, "spa": 31, "spd": 31, "spe": 31}, "item": "Choice Band", "teraType": "Ground", "role": "Wallbreaker", "bvs": {"hp": 80, "atk": 120, "def": 130, "spa": 55, "spd": 65, "spe": 45}, "stats": {"hp": 300, "atk": 276, "def": 295, "spa": 155, "spd": 174, "spe": 137}, "types": ["Rock", "Electric"]}, "Cacturne": {"name": "Cacturne", "species": "Cacturne", "speciesId": "cacturne", "gender": "F", "shiny": false, "level": 92, "moves": ["seedbomb", "swordsdance", "suckerpunch", "knockoff"], "ability": "Water Absorb", "evs": {"hp": 85, "atk": 85, "def": 85, "spa": 85, "spd": 85, "spe": 85}, "ivs": {"hp": 31, "atk": 31, "def": 31, "spa": 31, "spd": 31, "spe": 31}, "item": "Life Orb", "teraType": "Poison", "role": "Setup Sweeper", "bvs": {"hp": 70, "atk": 115, "def": 60, "spa": 115, "spd": 60, "spe": 55}, "stats": {"hp": 278, "atk": 264, "def": 163, "spa": 264, "spd": 163, "spe": 154}, "types": ["Grass", "Dark"]}}]}