{"id": "gen9randombattle-2642152217", "format": "[Gen 9] Random Battle", "players": ["a rabbit", "forcemajor14"], "log": "|badge|p1|bronze|gen9randombattle|100-10\n|uhtml|medal-msg|<div class=\"broadcast-blue\">Curious what those medals under the avatar are? PS now has Ladder Seasons! For more information, check out the <a href=\"https://www.smogon.com/forums/threads/3740067/\">thread on Smogon.</a></div>\n|j|\u2606a rabbit\n|j|\u2606forcemajor14\n|t:|1782901082\n|gametype|singles\n|player|p1|a rabbit|#scl2breakers|2274\n|player|p2|forcemajor14|266|2201\n|gen|9\n|tier|[Gen 9] Random Battle\n|rated|\n|rule|Species Clause: Limit one of each Pok\u00e9mon\n|rule|HP Percentage Mod: HP is shown in percentages\n|rule|Sleep Clause Mod: Limit one foe put to sleep\n|rule|Illusion Level Mod: Illusion disguises the Pok\u00e9mon's true level\n|\n|t:|1782901082\n|teamsize|p1|6\n|teamsize|p2|6\n|start\n|switch|p1a: Excadrill|Excadrill, L79, F|303/303\n|switch|p2a: Shiftry|Shiftry, L89, F|305/305\n|-ability|p1a: Excadrill|Mold Breaker\n|turn|1\n|inactive|Battle timer is ON: inactive players will automatically lose when time's up. (requested by forcemajor14)\n|\n|t:|1782901097\n|switch|p1a: Avalugg|Avalugg-Hisui, L90, M|317/317\n|move|p2a: Shiftry|Will-O-Wisp|p1a: Avalugg\n|-status|p1a: Avalugg|brn\n|\n|-damage|p1a: Avalugg|298/317 brn|[from] brn\n|upkeep\n|turn|2\n|\n|t:|1782901099\n|switch|p1a: Ogerpon|Ogerpon, L80, F|259/259\n|move|p2a: Shiftry|Leaf Storm|p1a: Ogerpon\n|-resisted|p1a: Ogerpon\n|-damage|p1a: Ogerpon|192/259\n|-unboost|p2a: Shiftry|spa|2\n|\n|-heal|p1a: Ogerpon|208/259|[from] item: Leftovers\n|upkeep\n|turn|3\n|\n|t:|1782901104\n|move|p1a: Ogerpon|Encore|p2a: Shiftry\n|-start|p2a: Shiftry|Encore\n|move|p2a: Shiftry|Leaf Storm|p1a: Ogerpon\n|-resisted|p1a: Ogerpon\n|-crit|p1a: Ogerpon\n|-damage|p1a: Ogerpon|97/259\n|-unboost|p2a: Shiftry|spa|2\n|\n|-heal|p1a: Ogerpon|113/259|[from] item: Leftovers\n|upkeep\n|turn|4\n|\n|t:|1782901108\n|switch|p2a: Spidops|Spidops, L96, F|271/271\n|move|p1a: Ogerpon|Synthesis|p1a: Ogerpon\n|-heal|p1a: Ogerpon|242/259\n|\n|-heal|p1a: Ogerpon|258/259|[from] item: Leftovers\n|upkeep\n|turn|5\n|\n|t:|1782901115\n|switch|p1a: Espeon|Espeon, L84, F|246/246\n|move|p2a: Spidops|Sticky Web|p1a: Espeon\n|move|p1a: Espeon|Sticky Web|p2a: Spidops|[from] ability: Magic Bounce\n|-sidestart|p2: forcemajor14|move: Sticky Web\n|\n|upkeep\n|turn|6\n|\n|t:|1782901123\n|move|p1a: Espeon|Psychic|p2a: Spidops\n|-damage|p2a: Spidops|133/271\n|-damage|p1a: Espeon|222/246|[from] item: Life Orb\n|move|p2a: Spidops|U-turn|p1a: Espeon\n|-supereffective|p1a: Espeon\n|-damage|p1a: Espeon|4/246\n|\n|t:|1782901129\n|switch|p2a: Mamoswine|Mamoswine, L81, F|311/311|[from] U-turn\n|-activate|p2a: Mamoswine|move: Sticky Web\n|-unboost|p2a: Mamoswine|spe|1\n|\n|upkeep\n|turn|7\n|\n|t:|1782901135\n|switch|p1a: Avalugg|Avalugg-Hisui, L90, M|298/317 brn\n|move|p2a: Mamoswine|Stealth Rock|p1a: Avalugg\n|-sidestart|p1: a rabbit|move: Stealth Rock\n|\n|-damage|p1a: Avalugg|279/317 brn|[from] brn\n|upkeep\n|turn|8\n|\n|t:|1782901141\n|move|p1a: Avalugg|Body Press|p2a: Mamoswine\n|-supereffective|p2a: Mamoswine\n|-damage|p2a: Mamoswine|186/311\n|move|p2a: Mamoswine|Earthquake|p1a: Avalugg\n|-supereffective|p1a: Avalugg\n|-damage|p1a: Avalugg|105/317 brn\n|-damage|p2a: Mamoswine|155/311|[from] item: Life Orb\n|\n|-damage|p1a: Avalugg|86/317 brn|[from] brn\n|upkeep\n|turn|9\n|\n|t:|1782901144\n|move|p1a: Avalugg|Body Press|p2a: Mamoswine\n|-supereffective|p2a: Mamoswine\n|-damage|p2a: Mamoswine|27/311\n|move|p2a: Mamoswine|Earthquake|p1a: Avalugg\n|-supereffective|p1a: Avalugg\n|-damage|p1a: Avalugg|0 fnt\n|faint|p1a: Avalugg\n|-damage|p2a: Mamoswine|0 fnt|[from] item: Life Orb\n|faint|p2a: Mamoswine\n|\n|upkeep\n|\n|t:|1782901152\n|switch|p2a: Shiftry|Shiftry, L89, F|305/305\n|switch|p1a: Mewtwo|Mewtwo, L72|272/272\n|-damage|p1a: Mewtwo|238/272|[from] Stealth Rock\n|-ability|p1a: Mewtwo|Pressure\n|turn|10\n|\n|t:|1782901158\n|move|p1a: Mewtwo|Fire Blast|p2a: Shiftry\n|-supereffective|p2a: Shiftry\n|-damage|p2a: Shiftry|58/305\n|-status|p2a: Shiftry|brn\n|-damage|p1a: Mewtwo|211/272|[from] item: Life Orb\n|move|p2a: Shiftry|Knock Off|p1a: Mewtwo\n|-supereffective|p1a: Mewtwo\n|-damage|p1a: Mewtwo|72/272\n|-enditem|p1a: Mewtwo|Life Orb|[from] move: Knock Off|[of] p2a: Shiftry\n|\n|-damage|p2a: Shiftry|39/305 brn|[from] brn\n|upkeep\n|turn|11\n|\n|t:|1782901164\n|move|p1a: Mewtwo|Aura Sphere|p2a: Shiftry\n|-supereffective|p2a: Shiftry\n|-damage|p2a: Shiftry|0 fnt\n|faint|p2a: Shiftry\n|\n|upkeep\n|\n|t:|1782901167\n|switch|p2a: Pyroar|Pyroar, L88, M|295/295\n|-ability|p2a: Pyroar|Unnerve\n|turn|12\n|\n|t:|1782901171\n|switch|p1a: Lumineon|Lumineon, L93, M|279/279\n|-damage|p1a: Lumineon|245/279|[from] Stealth Rock\n|move|p2a: Pyroar|Hyper Voice|p1a: Lumineon\n|-damage|p1a: Lumineon|140/279\n|\n|upkeep\n|turn|13\n|\n|t:|1782901177\n|move|p2a: Pyroar|Hyper Voice|p1a: Lumineon\n|-damage|p1a: Lumineon|32/279\n|move|p1a: Lumineon|Hydro Pump|p2a: Pyroar\n|-supereffective|p2a: Pyroar\n|-damage|p2a: Pyroar|0 fnt\n|faint|p2a: Pyroar\n|-damage|p1a: Lumineon|5/279|[from] item: Life Orb\n|\n|upkeep\n|\n|t:|1782901180\n|switch|p2a: Spidops|Spidops, L96, F|133/271\n|turn|14\n|\n|t:|1782901183\n|move|p1a: Lumineon|Hydro Pump|p2a: Spidops\n|-damage|p2a: Spidops|12/271\n|-damage|p1a: Lumineon|0 fnt|[from] item: Life Orb\n|faint|p1a: Lumineon\n|move|p2a: Spidops|Sticky Web|p1: Lumineon\n|-sidestart|p1: a rabbit|move: Sticky Web\n|\n|upkeep\n|\n|t:|1782901187\n|switch|p1a: Excadrill|Excadrill, L79, F|303/303\n|-damage|p1a: Excadrill|294/303|[from] Stealth Rock\n|-activate|p1a: Excadrill|move: Sticky Web\n|-unboost|p1a: Excadrill|spe|1\n|-ability|p1a: Excadrill|Mold Breaker\n|turn|15\n|\n|t:|1782901192\n|move|p1a: Excadrill|Earthquake|p2a: Spidops\n|-resisted|p2a: Spidops\n|-damage|p2a: Spidops|0 fnt\n|faint|p2a: Spidops\n|\n|upkeep\n|\n|t:|1782901193\n|switch|p2a: Arbok|Arbok, L87, M|246/246\n|-activate|p2a: Arbok|move: Sticky Web\n|-unboost|p2a: Arbok|spe|1\n|-ability|p2a: Arbok|Intimidate|boost\n|-unboost|p1a: Excadrill|atk|1\n|turn|16\n|\n|t:|1782901196\n|-terastallize|p2a: Arbok|Ground\n|move|p2a: Arbok|Coil|p2a: Arbok\n|-boost|p2a: Arbok|atk|1\n|-boost|p2a: Arbok|def|1\n|-boost|p2a: Arbok|accuracy|1\n|move|p1a: Excadrill|Rapid Spin|p2a: Arbok\n|-damage|p2a: Arbok|224/246\n|-boost|p1a: Excadrill|spe|1\n|-sideend|p1: a rabbit|Stealth Rock|[from] move: Rapid Spin|[of] p1a: Excadrill\n|-sideend|p1: a rabbit|Sticky Web|[from] move: Rapid Spin|[of] p1a: Excadrill\n|\n|-heal|p2a: Arbok|239/246|[from] item: Leftovers\n|upkeep\n|turn|17\n|\n|t:|1782901207\n|switch|p1a: Espeon|Espeon, L84, F|4/246\n|move|p2a: Arbok|Trailblaze|p1a: Espeon\n|-damage|p1a: Espeon|0 fnt\n|-boost|p2a: Arbok|spe|1\n|faint|p1a: Espeon\n|\n|-heal|p2a: Arbok|246/246|[from] item: Leftovers\n|upkeep\n|\n|t:|1782901211\n|switch|p1a: Ogerpon|Ogerpon, L80, F|258/259\n|turn|18\n|\n|t:|1782901214\n|move|p1a: Ogerpon|Encore|p2a: Arbok\n|-start|p2a: Arbok|Encore\n|move|p2a: Arbok|Trailblaze|p1a: Ogerpon\n|-resisted|p1a: Ogerpon\n|-damage|p1a: Ogerpon|230/259\n|-boost|p2a: Arbok|spe|1\n|\n|-heal|p1a: Ogerpon|246/259|[from] item: Leftovers\n|upkeep\n|turn|19\n|\n|t:|1782901216\n|move|p2a: Arbok|Trailblaze|p1a: Ogerpon\n|-resisted|p1a: Ogerpon\n|-damage|p1a: Ogerpon|213/259\n|-boost|p2a: Arbok|spe|1\n|move|p1a: Ogerpon|Ivy Cudgel|p2a: Arbok\n|-supereffective|p2a: Arbok\n|-damage|p2a: Arbok|72/246\n|\n|-heal|p2a: Arbok|87/246|[from] item: Leftovers\n|-heal|p1a: Ogerpon|229/259|[from] item: Leftovers\n|upkeep\n|turn|20\n|\n|t:|1782901219\n|move|p2a: Arbok|Trailblaze|p1a: Ogerpon\n|-resisted|p1a: Ogerpon\n|-damage|p1a: Ogerpon|201/259\n|-boost|p2a: Arbok|spe|1\n|move|p1a: Ogerpon|Ivy Cudgel|p2a: Arbok\n|-supereffective|p2a: Arbok\n|-damage|p2a: Arbok|0 fnt\n|faint|p2a: Arbok\n|\n|-heal|p1a: Ogerpon|217/259|[from] item: Leftovers\n|upkeep\n|\n|t:|1782901221\n|switch|p2a: Iron Jugulis|Iron Jugulis, L77|271/271\n|turn|21\n|\n|t:|1782901229\n|move|p1a: Ogerpon|Knock Off|p2a: Iron Jugulis\n|-resisted|p2a: Iron Jugulis\n|-damage|p2a: Iron Jugulis|229/271\n|-enditem|p2a: Iron Jugulis|Power Herb|[from] move: Knock Off|[of] p1a: Ogerpon\n|move|p2a: Iron Jugulis|Meteor Beam||[still]\n|-prepare|p2a: Iron Jugulis|Meteor Beam\n|-boost|p2a: Iron Jugulis|spa|1\n|\n|-heal|p1a: Ogerpon|233/259|[from] item: Leftovers\n|upkeep\n|turn|22\n|\n|t:|1782901235\n|move|p1a: Ogerpon|Ivy Cudgel|p2a: Iron Jugulis\n|-resisted|p2a: Iron Jugulis\n|-damage|p2a: Iron Jugulis|169/271\n|move|p2a: Iron Jugulis|Meteor Beam|p1a: Ogerpon|[from] lockedmove\n|-damage|p1a: Ogerpon|100/259\n|\n|-heal|p1a: Ogerpon|116/259|[from] item: Leftovers\n|upkeep\n|turn|23\n|\n|t:|1782901239\n|move|p1a: Ogerpon|Encore|p2a: Iron Jugulis\n|-start|p2a: Iron Jugulis|Encore\n|move|p2a: Iron Jugulis|Meteor Beam||[still]\n|-prepare|p2a: Iron Jugulis|Meteor Beam\n|-boost|p2a: Iron Jugulis|spa|1\n|\n|-heal|p1a: Ogerpon|132/259|[from] item: Leftovers\n|upkeep\n|turn|24\n|\n|t:|1782901241\n|move|p1a: Ogerpon|Ivy Cudgel|p2a: Iron Jugulis\n|-resisted|p2a: Iron Jugulis\n|-damage|p2a: Iron Jugulis|103/271\n|move|p2a: Iron Jugulis|Meteor Beam|p1a: Ogerpon|[from] lockedmove\n|-damage|p1a: Ogerpon|0 fnt\n|faint|p1a: Ogerpon\n|\n|upkeep\n|\n|t:|1782901243\n|switch|p1a: Excadrill|Excadrill, L79, F|294/303\n|-ability|p1a: Excadrill|Mold Breaker\n|turn|25\n|\n|t:|1782901245\n|move|p2a: Iron Jugulis|Meteor Beam||[still]\n|-prepare|p2a: Iron Jugulis|Meteor Beam\n|-boost|p2a: Iron Jugulis|spa|1\n|move|p1a: Excadrill|Rapid Spin|p2a: Iron Jugulis\n|-damage|p2a: Iron Jugulis|60/271\n|-boost|p1a: Excadrill|spe|1\n|\n|-end|p2a: Iron Jugulis|Encore\n|upkeep\n|turn|26\n|\n|t:|1782901248\n|move|p1a: Excadrill|Iron Head|p2a: Iron Jugulis\n|-damage|p2a: Iron Jugulis|0 fnt\n|faint|p2a: Iron Jugulis\n|-end|p2a: Iron Jugulis|Quark Drive|[silent]\n|\n|win|a rabbit\n|raw|a rabbit's rating: 2274 &rarr; <strong>2289</strong><br />(+15 for winning)\n|raw|forcemajor14's rating: 2183 &rarr; <strong>2168</strong><br />(-15 for losing)\n", "inputlog": ">version f8ac14003a5f27e1bdc8d8c59608a773c1cb96e5\n>start {\"formatid\":\"gen9randombattle\",\"seed\":\"sodium,a9d57792d59c4c374ccca56bbf6573f9\",\"rated\":\"Rated battle\"}\n>player p1 {\"name\":\"a rabbit\",\"avatar\":\"#scl2breakers\",\"rating\":2274,\"seed\":\"sodium,872cda96f1a4cc66f27cd39853ed1d0c\"}\n>player p2 {\"name\":\"forcemajor14\",\"avatar\":\"266\",\"rating\":2201,\"seed\":\"sodium,53ae7c008b216ae6eb5ab7db5f2c68f2\"}\n>p1 switch 3\n>p2 move willowisp\n>p1 switch 6\n>p2 move leafstorm\n>p1 move encore\n>p2 move willowisp\n>p1 move synthesis\n>p2 switch 5\n>p1 switch 4\n>p2 move stickyweb\n>p1 move psychic\n>p2 move uturn\n>p2 switch 6\n>p1 switch 6\n>p2 move stealthrock\n>p1 move bodypress\n>p2 move earthquake\n>p1 move bodypress\n>p2 move earthquake\n>p1 switch 5\n>p2 switch 5\n>p1 move fireblast\n>p2 move knockoff\n>p1 move aurasphere\n>p2 move leafstorm\n>p2 switch 4\n>p1 switch 2\n>p2 move hypervoice\n>p1 move hydropump\n>p2 move hypervoice\n>p2 switch 6\n>p1 move hydropump\n>p2 move stickyweb\n>p1 switch 3\n>p1 move earthquake\n>p2 move circlethrow\n>p2 switch 3\n>p1 move rapidspin\n>p2 move coil terastallize\n>p1 switch 6\n>p2 move trailblaze\n>p1 switch 4\n>p1 move encore\n>p2 move trailblaze\n>p1 move ivycudgel\n>p2 move trailblaze\n>p1 move ivycudgel\n>p2 move trailblaze\n>p2 switch 2\n>p1 move knockoff\n>p2 move meteorbeam\n>p1 move ivycudgel\n>p2 move meteorbeam\n>p1 move encore\n>p2 move hurricane\n>p1 move ivycudgel\n>p2 move meteorbeam\n>p1 switch 6\n>p1 move rapidspin\n>p2 move meteorbeam\n>p1 move ironhead\n>p2 move meteorbeam", "uploadtime": 1782901249, "views": 6, "formatid": "gen9randombattle", "rating": 2168, "private": 0, "password": null, "player_dets": [{"name": "a rabbit", "avatar": "#scl2breakers", "rating": 2274, "seed": "sodium,872cda96f1a4cc66f27cd39853ed1d0c"}, {"name": "forcemajor14", "avatar": "266", "rating": 2201, "seed": "sodium,53ae7c008b216ae6eb5ab7db5f2c68f2"}], "teams_full": [{"Excadrill": {"name": "Excadrill", "species": "Excadrill", "speciesId": "excadrill", "gender": "F", "shiny": false, "level": 79, "moves": ["ironhead", "rockslide", "earthquake", "rapidspin"], "ability": "Mold Breaker", "evs": {"hp": 85, "atk": 85, "def": 85, "spa": 85, "spd": 85, "spe": 85}, "ivs": {"hp": 31, "atk": 31, "def": 31, "spa": 31, "spd": 31, "spe": 31}, "item": "Assault Vest", "teraType": "Water", "role": "AV Pivot", "bvs": {"hp": 110, "atk": 135, "def": 60, "spa": 50, "spd": 65, "spe": 88}, "stats": {"hp": 303, "atk": 259, "def": 140, "spa": 125, "spd": 148, "spe": 185}, "types": ["Ground", "Steel"]}, "Lumineon": {"name": "Lumineon", "species": "Lumineon", "speciesId": "lumineon", "gender": "M", "shiny": false, "level": 93, "moves": ["alluringvoice", "icebeam", "hydropump", "encore"], "ability": "Storm Drain", "evs": {"hp": 85, "atk": 0, "def": 85, "spa": 85, "spd": 85, "spe": 85}, "ivs": {"hp": 31, "atk": 0, "def": 31, "spa": 31, "spd": 31, "spe": 31}, "item": "Life Orb", "teraType": "Fairy", "role": "Fast Attacker", "bvs": {"hp": 69, "atk": 69, "def": 76, "spa": 69, "spd": 86, "spe": 91}, "stats": {"hp": 279, "atk": 133, "def": 194, "spa": 181, "spd": 213, "spe": 222}, "types": ["Water"]}, "Avalugg": {"name": "Avalugg", "species": "Avalugg-Hisui", "speciesId": "avalugghisui", "gender": "M", "shiny": false, "level": 90, "moves": ["recover", "avalanche", "stoneedge", "bodypress"], "ability": "Sturdy", "evs": {"hp": 85, "atk": 85, "def": 85, "spa": 85, "spd": 85, "spe": 85}, "ivs": {"hp": 31, "atk": 31, "def": 31, "spa": 31, "spd": 31, "spe": 31}, "item": "Heavy-Duty Boots", "teraType": "Poison", "role": "Bulky Attacker", "bvs": {"hp": 95, "atk": 127, "def": 184, "spa": 34, "spd": 36, "spe": 38}, "stats": {"hp": 317, "atk": 280, "def": 383, "spa": 113, "spd": 116, "spe": 120}, "types": ["Ice", "Rock"]}, "Espeon": {"name": "Espeon", "species": "Espeon", "speciesId": "espeon", "gender": "F", "shiny": false, "level": 84, "moves": ["shadowball", "alluringvoice", "morningsun", "psychic"], "ability": "Magic Bounce", "evs": {"hp": 85, "atk": 0, "def": 85, "spa": 85, "spd": 85, "spe": 85}, "ivs": {"hp": 31, "atk": 0, "def": 31, "spa": 31, "spd": 31, "spe": 31}, "item": "Life Orb", "teraType": "Psychic", "role": "Fast Attacker", "bvs": {"hp": 65, "atk": 65, "def": 60, "spa": 130, "spd": 95, "spe": 110}, "stats": {"hp": 246, "atk": 114, "def": 149, "spa": 267, "spd": 208, "spe": 233}, "types": ["Psychic"]}, "Mewtwo": {"name": "Mewtwo", "species": "Mewtwo", "speciesId": "mewtwo", "gender": "N", "shiny": false, "level": 72, "moves": ["fireblast", "nastyplot", "aurasphere", "psystrike"], "ability": "Pressure", "evs": {"hp": 85, "atk": 0, "def": 85, "spa": 85, "spd": 85, "spe": 85}, "ivs": {"hp": 31, "atk": 0, "def": 31, "spa": 31, "spd": 31, "spe": 31}, "item": "Life Orb", "teraType": "Fighting", "role": "Setup Sweeper", "bvs": {"hp": 106, "atk": 110, "def": 90, "spa": 154, "spd": 90, "spe": 130}, "stats": {"hp": 272, "atk": 163, "def": 172, "spa": 264, "spd": 172, "spe": 229}, "types": ["Psychic"]}, "Ogerpon": {"name": "Ogerpon", "species": "Ogerpon", "speciesId": "ogerpon", "gender": "F", "shiny": false, "level": 80, "moves": ["encore", "knockoff", "ivycudgel", "synthesis"], "ability": "Defiant", "evs": {"hp": 85, "atk": 85, "def": 85, "spa": 85, "spd": 85, "spe": 85}, "ivs": {"hp": 31, "atk": 31, "def": 31, "spa": 31, "spd": 31, "spe": 31}, "item": "Leftovers", "teraType": "Grass", "role": "Fast Support", "bvs": {"hp": 80, "atk": 120, "def": 84, "spa": 60, "spd": 96, "spe": 110}, "stats": {"hp": 259, "atk": 238, "def": 181, "spa": 142, "spd": 200, "spe": 222}, "types": ["Grass"]}}, {"Shiftry": {"name": "Shiftry", "species": "Shiftry", "speciesId": "shiftry", "gender": "F", "shiny": false, "level": 89, "moves": ["knockoff", "willowisp", "defog", "leafstorm"], "ability": "Wind Rider", "evs": {"hp": 85, "atk": 85, "def": 85, "spa": 85, "spd": 85, "spe": 85}, "ivs": {"hp": 31, "atk": 31, "def": 31, "spa": 31, "spd": 31, "spe": 31}, "item": "Heavy-Duty Boots", "teraType": "Dark", "role": "Fast Support", "bvs": {"hp": 90, "atk": 100, "def": 60, "spa": 90, "spd": 60, "spe": 80}, "stats": {"hp": 305, "atk": 229, "def": 158, "spa": 211, "spd": 158, "spe": 193}, "types": ["Grass", "Dark"]}, "Iron Jugulis": {"name": "Iron Jugulis", "species": "Iron Jugulis", "speciesId": "ironjugulis", "gender": "N", "shiny": false, "level": 77, "moves": ["hurricane", "earthpower", "darkpulse", "meteorbeam"], "ability": "Quark Drive", "evs": {"hp": 85, "atk": 0, "def": 85, "spa": 85, "spd": 85, "spe": 85}, "ivs": {"hp": 31, "atk": 0, "def": 31, "spa": 31, "spd": 31, "spe": 31}, "item": "Power Herb", "teraType": "Dark", "role": "Setup Sweeper", "bvs": {"hp": 94, "atk": 80, "def": 86, "spa": 122, "spd": 80, "spe": 108}, "stats": {"hp": 271, "atk": 128, "def": 177, "spa": 232, "spd": 168, "spe": 211}, "types": ["Dark", "Flying"]}, "Arbok": {"name": "Arbok", "species": "Arbok", "speciesId": "arbok", "gender": "M", "shiny": false, "level": 87, "moves": ["coil", "gunkshot", "earthquake", "trailblaze"], "ability": "Intimidate", "evs": {"hp": 85, "atk": 85, "def": 85, "spa": 85, "spd": 85, "spe": 85}, "ivs": {"hp": 31, "atk": 31, "def": 31, "spa": 31, "spd": 31, "spe": 31}, "item": "Leftovers", "teraType": "Ground", "role": "Bulky Setup", "bvs": {"hp": 60, "atk": 95, "def": 69, "spa": 65, "spd": 79, "spe": 80}, "stats": {"hp": 246, "atk": 215, "def": 170, "spa": 163, "spd": 187, "spe": 189}, "types": ["Poison"]}, "Pyroar": {"name": "Pyroar", "species": "Pyroar", "speciesId": "pyroar", "gender": "M", "shiny": false, "level": 88, "moves": ["fireblast", "workup", "darkpulse", "hypervoice"], "ability": "Unnerve", "evs": {"hp": 85, "atk": 0, "def": 85, "spa": 85, "spd": 85, "spe": 85}, "ivs": {"hp": 31, "atk": 0, "def": 31, "spa": 31, "spd": 31, "spe": 31}, "item": "Heavy-Duty Boots", "teraType": "Fire", "role": "Fast Attacker", "bvs": {"hp": 86, "atk": 68, "def": 72, "spa": 109, "spd": 66, "spe": 106}, "stats": {"hp": 295, "atk": 124, "def": 177, "spa": 242, "spd": 166, "spe": 237}, "types": ["Fire", "Normal"]}, "Spidops": {"name": "Spidops", "species": "Spidops", "speciesId": "spidops", "gender": "F", "shiny": false, "level": 96, "moves": ["stickyweb", "toxicspikes", "uturn", "circlethrow"], "ability": "Stakeout", "evs": {"hp": 85, "atk": 85, "def": 85, "spa": 85, "spd": 85, "spe": 85}, "ivs": {"hp": 31, "atk": 31, "def": 31, "spa": 31, "spd": 31, "spe": 31}, "item": "Heavy-Duty Boots", "teraType": "Ghost", "role": "Bulky Support", "bvs": {"hp": 60, "atk": 79, "def": 92, "spa": 52, "spd": 86, "spe": 35}, "stats": {"hp": 271, "atk": 206, "def": 231, "spa": 154, "spd": 220, "spe": 122}, "types": ["Bug"]}, "Mamoswine": {"name": "Mamoswine", "species": "Mamoswine", "speciesId": "mamoswine", "gender": "F", "shiny": false, "level": 81, "moves": ["earthquake", "iceshard", "iciclecrash", "stealthrock"], "ability": "Thick Fat", "evs": {"hp": 85, "atk": 85, "def": 85, "spa": 85, "spd": 85, "spe": 85}, "ivs": {"hp": 31, "atk": 31, "def": 31, "spa": 31, "spd": 31, "spe": 31}, "item": "Life Orb", "teraType": "Ice", "role": "Wallbreaker", "bvs": {"hp": 110, "atk": 130, "def": 80, "spa": 70, "spd": 60, "spe": 80}, "stats": {"hp": 311, "atk": 257, "def": 176, "spa": 160, "spd": 144, "spe": 176}, "types": ["Ice", "Ground"]}}]}