{"id": "gen9randombattle-2642160005", "format": "[Gen 9] Random Battle", "players": ["forcemajor14", "ElSrStinson"], "log": "|j|\u2606forcemajor14\n|j|\u203dElSrStinson\n|t:|1782902692\n|gametype|singles\n|player|p1|forcemajor14|266|2072\n|player|p2|ElSrStinson|101|2071\n|gen|9\n|tier|[Gen 9] Random Battle\n|rated|\n|rule|Species Clause: Limit one of each Pok\u00e9mon\n|rule|HP Percentage Mod: HP is shown in percentages\n|rule|Sleep Clause Mod: Limit one foe put to sleep\n|rule|Illusion Level Mod: Illusion disguises the Pok\u00e9mon's true level\n|\n|t:|1782902692\n|teamsize|p1|6\n|teamsize|p2|6\n|start\n|switch|p1a: Rhyperior|Rhyperior, L82, M|323/323\n|switch|p2a: Arceus|Arceus-Electric, L70|284/284\n|turn|1\n|inactive|Battle timer is ON: inactive players will automatically lose when time's up. (requested by forcemajor14)\n|\n|t:|1782902703\n|switch|p2a: Chesnaught|Chesnaught, L84, M|285/285\n|-terastallize|p1a: Rhyperior|Ground\n|move|p1a: Rhyperior|Earthquake|p2a: Chesnaught\n|-resisted|p2a: Chesnaught\n|-damage|p2a: Chesnaught|221/285\n|\n|upkeep\n|turn|2\n|\n|t:|1782902712\n|move|p2a: Chesnaught|Knock Off|p1a: Rhyperior\n|-damage|p1a: Rhyperior|268/323\n|-enditem|p1a: Rhyperior|Weakness Policy|[from] move: Knock Off|[of] p2a: Chesnaught\n|move|p1a: Rhyperior|Rock Polish|p1a: Rhyperior\n|-boost|p1a: Rhyperior|spe|2\n|\n|upkeep\n|turn|3\n|\n|t:|1782902726\n|move|p1a: Rhyperior|Ice Punch|p2a: Chesnaught\n|-supereffective|p2a: Chesnaught\n|-damage|p2a: Chesnaught|117/285\n|-damage|p1a: Rhyperior|215/323|[from] item: Rocky Helmet|[of] p2a: Chesnaught\n|move|p2a: Chesnaught|Body Press|p1a: Rhyperior\n|-damage|p1a: Rhyperior|142/323\n|\n|upkeep\n|turn|4\n|\n|t:|1782902730\n|move|p1a: Rhyperior|Ice Punch|p2a: Chesnaught\n|-supereffective|p2a: Chesnaught\n|-damage|p2a: Chesnaught|15/285\n|-status|p2a: Chesnaught|frz\n|-damage|p1a: Rhyperior|89/323|[from] item: Rocky Helmet|[of] p2a: Chesnaught\n|-curestatus|p2a: Chesnaught|frz|[msg]\n|move|p2a: Chesnaught|Synthesis|p2a: Chesnaught\n|-heal|p2a: Chesnaught|157/285\n|\n|upkeep\n|turn|5\n|\n|t:|1782902736\n|move|p1a: Rhyperior|Ice Punch|p2a: Chesnaught\n|-supereffective|p2a: Chesnaught\n|-damage|p2a: Chesnaught|55/285\n|-damage|p1a: Rhyperior|36/323|[from] item: Rocky Helmet|[of] p2a: Chesnaught\n|move|p2a: Chesnaught|Synthesis|p2a: Chesnaught\n|-heal|p2a: Chesnaught|197/285\n|\n|upkeep\n|turn|6\n|\n|t:|1782902739\n|switch|p1a: Thundurus|Thundurus, L80, M|258/258\n|move|p2a: Chesnaught|Synthesis|p2a: Chesnaught\n|-heal|p2a: Chesnaught|285/285\n|\n|upkeep\n|turn|7\n|\n|t:|1782902745\n|switch|p2a: Flareon|Flareon, L90, M|263/263\n|move|p1a: Thundurus|Nasty Plot|p1a: Thundurus\n|-boost|p1a: Thundurus|spa|2\n|\n|-status|p2a: Flareon|tox|[from] item: Toxic Orb\n|upkeep\n|turn|8\n|\n|t:|1782902757\n|move|p1a: Thundurus|Thunderbolt|p2a: Flareon\n|-damage|p2a: Flareon|92/263 tox\n|move|p2a: Flareon|Facade|p1a: Thundurus\n|-damage|p1a: Thundurus|0 fnt\n|faint|p1a: Thundurus\n|\n|-damage|p2a: Flareon|76/263 tox|[from] psn\n|upkeep\n|\n|t:|1782902759\n|switch|p1a: Scovillain|Scovillain, L91, M|266/266\n|turn|9\n|\n|t:|1782902766\n|switch|p1a: Rhyperior|Rhyperior, L82, M, tera:Ground|36/323\n|move|p2a: Flareon|Facade|p1a: Rhyperior\n|-damage|p1a: Rhyperior|0 fnt\n|faint|p1a: Rhyperior\n|\n|-damage|p2a: Flareon|44/263 tox|[from] psn\n|upkeep\n|\n|t:|1782902768\n|switch|p1a: Roaring Moon|Roaring Moon, L72|270/270\n|turn|10\n|\n|t:|1782902772\n|move|p1a: Roaring Moon|U-turn|p2a: Flareon\n|-resisted|p2a: Flareon\n|-damage|p2a: Flareon|0 fnt\n|faint|p2a: Flareon\n|\n|t:|1782902773\n|-end|p1a: Roaring Moon|Protosynthesis|[silent]\n|switch|p1a: Scovillain|Scovillain, L91, M|266/266|[from] U-turn\n|\n|upkeep\n|inactive|ElSrStinson has 120 seconds left.\n|\n|t:|1782902809\n|switch|p2a: Carbink|Carbink, L90|236/236\n|turn|11\n|\n|t:|1782902818\n|move|p1a: Scovillain|Leaf Storm|p2a: Carbink\n|-supereffective|p2a: Carbink\n|-damage|p2a: Carbink|12/236\n|-unboost|p1a: Scovillain|spa|2\n|move|p2a: Carbink|Rock Polish|p2a: Carbink\n|-boost|p2a: Carbink|spe|2\n|\n|-heal|p2a: Carbink|26/236|[from] item: Leftovers\n|upkeep\n|turn|12\n|l|\u2606forcemajor14\n|inactive|forcemajor14 disconnected and has a minute to reconnect!\n|player|p1|\n|\n|t:|1782902827\n|switch|p1a: Hypno|Hypno, L95, M|315/315\n|move|p2a: Carbink|Body Press|p1a: Hypno\n|-resisted|p1a: Hypno\n|-damage|p1a: Hypno|266/315\n|\n|-heal|p2a: Carbink|40/236|[from] item: Leftovers\n|-heal|p1a: Hypno|285/315|[from] item: Leftovers\n|upkeep\n|turn|13\n|j|\u2606forcemajor14\n|inactive|forcemajor14 reconnected and has 150 seconds left.\n|player|p1|forcemajor14|266|\n|\n|t:|1782902833\n|switch|p1a: Scovillain|Scovillain, L91, M|266/266\n|move|p2a: Carbink|Moonblast|p1a: Scovillain\n|-resisted|p1a: Scovillain\n|-damage|p1a: Scovillain|227/266\n|\n|-heal|p2a: Carbink|54/236|[from] item: Leftovers\n|upkeep\n|turn|14\n|\n|t:|1782902836\n|switch|p1a: Hypno|Hypno, L95, M|285/315\n|move|p2a: Carbink|Body Press|p1a: Hypno\n|-resisted|p1a: Hypno\n|-damage|p1a: Hypno|238/315\n|\n|-heal|p2a: Carbink|68/236|[from] item: Leftovers\n|-heal|p1a: Hypno|257/315|[from] item: Leftovers\n|upkeep\n|turn|15\n|\n|t:|1782902845\n|switch|p1a: Scovillain|Scovillain, L91, M|227/266\n|move|p2a: Carbink|Moonblast|p1a: Scovillain\n|-resisted|p1a: Scovillain\n|-damage|p1a: Scovillain|186/266\n|-unboost|p1a: Scovillain|spa|1\n|\n|-heal|p2a: Carbink|82/236|[from] item: Leftovers\n|upkeep\n|turn|16\n|\n|t:|1782902850\n|move|p1a: Scovillain|Energy Ball|p2a: Carbink\n|-supereffective|p2a: Carbink\n|-damage|p2a: Carbink|0 fnt\n|faint|p2a: Carbink\n|\n|upkeep\n|\n|t:|1782902860\n|switch|p2a: Ribombee|Ribombee, L83, M|235/235\n|turn|17\n|\n|t:|1782902864\n|switch|p1a: Zamazenta|Zamazenta-Crowned, L68|238/238\n|-ability|p1a: Zamazenta|Dauntless Shield|boost\n|-boost|p1a: Zamazenta|def|1\n|move|p2a: Ribombee|Sticky Web|p1a: Zamazenta\n|-sidestart|p1: forcemajor14|move: Sticky Web\n|\n|upkeep\n|turn|18\n|\n|t:|1782902870\n|move|p2a: Ribombee|U-turn|p1a: Zamazenta\n|-resisted|p1a: Zamazenta\n|-crit|p1a: Zamazenta\n|-damage|p1a: Zamazenta|222/238\n|\n|t:|1782902873\n|switch|p2a: Chesnaught|Chesnaught, L84, M|285/285|[from] U-turn\n|move|p1a: Zamazenta|Iron Defense|p1a: Zamazenta\n|-boost|p1a: Zamazenta|def|2\n|\n|upkeep\n|turn|19\n|\n|t:|1782902885\n|move|p1a: Zamazenta|Iron Defense|p1a: Zamazenta\n|-boost|p1a: Zamazenta|def|2\n|move|p2a: Chesnaught|Body Press|p1a: Zamazenta\n|-supereffective|p1a: Zamazenta\n|-damage|p1a: Zamazenta|174/238\n|\n|upkeep\n|turn|20\n|\n|t:|1782902895\n|move|p1a: Zamazenta|Body Press|p2a: Chesnaught\n|-damage|p2a: Chesnaught|66/285\n|-damage|p1a: Zamazenta|135/238|[from] item: Rocky Helmet|[of] p2a: Chesnaught\n|move|p2a: Chesnaught|Body Press|p1a: Zamazenta\n|-supereffective|p1a: Zamazenta\n|-damage|p1a: Zamazenta|85/238\n|\n|upkeep\n|turn|21\n|\n|t:|1782902903\n|move|p1a: Zamazenta|Body Press|p2a: Chesnaught\n|-crit|p2a: Chesnaught\n|-damage|p2a: Chesnaught|0 fnt\n|-damage|p1a: Zamazenta|46/238|[from] item: Rocky Helmet|[of] p2a: Chesnaught\n|faint|p2a: Chesnaught\n|\n|upkeep\n|\n|t:|1782902911\n|switch|p2a: Ribombee|Ribombee, L83, M|235/235\n|turn|22\n|\n|t:|1782902915\n|move|p2a: Ribombee|Moonblast|p1a: Zamazenta\n|-damage|p1a: Zamazenta|0 fnt\n|faint|p1a: Zamazenta\n|\n|upkeep\n|\n|t:|1782902916\n|switch|p1a: Roaring Moon|Roaring Moon, L72|270/270\n|-activate|p1a: Roaring Moon|move: Sticky Web\n|-unboost|p1a: Roaring Moon|spe|1\n|turn|23\n|\n|t:|1782902938\n|move|p2a: Ribombee|U-turn|p1a: Roaring Moon\n|-supereffective|p1a: Roaring Moon\n|-damage|p1a: Roaring Moon|138/270\n|\n|t:|1782902942\n|switch|p2a: Arceus|Arceus-Electric, L70|284/284|[from] U-turn\n|move|p1a: Roaring Moon|U-turn|p2a: Arceus\n|-damage|p2a: Arceus|212/284\n|\n|t:|1782902946\n|-end|p1a: Roaring Moon|Protosynthesis|[silent]\n|switch|p1a: Scovillain|Scovillain, L91, M|186/266|[from] U-turn\n|-activate|p1a: Scovillain|move: Sticky Web\n|-unboost|p1a: Scovillain|spe|1\n|\n|upkeep\n|turn|24\n|\n|t:|1782902958\n|move|p2a: Arceus|Recover|p2a: Arceus\n|-heal|p2a: Arceus|284/284\n|move|p1a: Scovillain|Leaf Storm|p2a: Arceus\n|-damage|p2a: Arceus|128/284\n|-unboost|p1a: Scovillain|spa|2\n|\n|upkeep\n|turn|25\n|\n|t:|1782902968\n|move|p2a: Arceus|Recover|p2a: Arceus\n|-heal|p2a: Arceus|270/284\n|move|p1a: Scovillain|Leaf Storm|p2a: Arceus\n|-damage|p2a: Arceus|194/284\n|-unboost|p1a: Scovillain|spa|2\n|\n|upkeep\n|turn|26\n|\n|t:|1782902971\n|move|p2a: Arceus|Calm Mind|p2a: Arceus\n|-boost|p2a: Arceus|spa|1\n|-boost|p2a: Arceus|spd|1\n|move|p1a: Scovillain|Leaf Storm|p2a: Arceus\n|-damage|p2a: Arceus|158/284\n|-unboost|p1a: Scovillain|spa|2\n|\n|upkeep\n|turn|27\n|\n|t:|1782902974\n|move|p2a: Arceus|Recover|p2a: Arceus\n|-heal|p2a: Arceus|284/284\n|move|p1a: Scovillain|Leaf Storm|p2a: Arceus\n|-damage|p2a: Arceus|256/284\n|\n|upkeep\n|turn|28\n|\n|t:|1782902977\n|move|p2a: Arceus|Ice Beam|p1a: Scovillain\n|-damage|p1a: Scovillain|87/266\n|-status|p1a: Scovillain|frz\n|-curestatus|p1a: Scovillain|frz|[msg]\n|move|p1a: Scovillain|Leaf Storm|p2a: Arceus\n|-damage|p2a: Arceus|228/284\n|\n|upkeep\n|turn|29\n|\n|t:|1782902980\n|switch|p1a: Roaring Moon|Roaring Moon, L72|138/270\n|-activate|p1a: Roaring Moon|move: Sticky Web\n|-unboost|p1a: Roaring Moon|spe|1\n|move|p2a: Arceus|Ice Beam|p1a: Roaring Moon\n|-supereffective|p1a: Roaring Moon\n|-damage|p1a: Roaring Moon|0 fnt\n|faint|p1a: Roaring Moon\n|-end|p1a: Roaring Moon|Protosynthesis|[silent]\n|\n|upkeep\n|\n|t:|1782902982\n|switch|p1a: Scovillain|Scovillain, L91, M|87/266\n|-activate|p1a: Scovillain|move: Sticky Web\n|-unboost|p1a: Scovillain|spe|1\n|turn|30\n|\n|t:|1782902985\n|move|p2a: Arceus|Ice Beam|p1a: Scovillain\n|-damage|p1a: Scovillain|0 fnt\n|faint|p1a: Scovillain\n|\n|upkeep\n|\n|t:|1782902987\n|switch|p1a: Hypno|Hypno, L95, M|257/315\n|-activate|p1a: Hypno|move: Sticky Web\n|-unboost|p1a: Hypno|spe|1\n|turn|31\n|\n|t:|1782902993\n|move|p1a: Hypno|Protect|p1a: Hypno\n|-singleturn|p1a: Hypno|Protect\n|move|p2a: Arceus|Judgment|p1a: Hypno\n|-activate|p1a: Hypno|move: Protect\n|\n|-heal|p1a: Hypno|276/315|[from] item: Leftovers\n|upkeep\n|turn|32\n|\n|t:|1782902996\n|move|p1a: Hypno|Protect|p1a: Hypno\n|-singleturn|p1a: Hypno|Protect\n|move|p2a: Arceus|Judgment|p1a: Hypno\n|-activate|p1a: Hypno|move: Protect\n|\n|-heal|p1a: Hypno|295/315|[from] item: Leftovers\n|upkeep\n|turn|33\n|\n|t:|1782902999\n|move|p1a: Hypno|Protect||[still]\n|-fail|p1a: Hypno\n|move|p2a: Arceus|Judgment|p1a: Hypno\n|-damage|p1a: Hypno|178/315\n|\n|-heal|p1a: Hypno|197/315|[from] item: Leftovers\n|upkeep\n|turn|34\n|\n|t:|1782903002\n|move|p1a: Hypno|Protect|p1a: Hypno\n|-singleturn|p1a: Hypno|Protect\n|move|p2a: Arceus|Calm Mind|p2a: Arceus\n|-boost|p2a: Arceus|spa|1\n|-boost|p2a: Arceus|spd|1\n|\n|-heal|p1a: Hypno|216/315|[from] item: Leftovers\n|upkeep\n|turn|35\n|\n|t:|1782903004\n|move|p1a: Hypno|Protect||[still]\n|-fail|p1a: Hypno\n|move|p2a: Arceus|Judgment|p1a: Hypno\n|-damage|p1a: Hypno|54/315\n|\n|-heal|p1a: Hypno|73/315|[from] item: Leftovers\n|upkeep\n|turn|36\n|\n|t:|1782903009\n|move|p1a: Hypno|Protect|p1a: Hypno\n|-singleturn|p1a: Hypno|Protect\n|move|p2a: Arceus|Judgment|p1a: Hypno\n|-activate|p1a: Hypno|move: Protect\n|\n|-heal|p1a: Hypno|92/315|[from] item: Leftovers\n|upkeep\n|turn|37\n|\n|t:|1782903013\n|move|p1a: Hypno|Protect||[still]\n|-fail|p1a: Hypno\n|move|p2a: Arceus|Judgment|p1a: Hypno\n|-damage|p1a: Hypno|0 fnt\n|faint|p1a: Hypno\n|\n|win|ElSrStinson\n|raw|forcemajor14's rating: 2115 &rarr; <strong>2092</strong><br />(-23 for losing)\n|raw|ElSrStinson's rating: 2071 &rarr; <strong>2094</strong><br />(+23 for winning)\n", "inputlog": ">version f8ac14003a5f27e1bdc8d8c59608a773c1cb96e5\n>start {\"formatid\":\"gen9randombattle\",\"seed\":\"sodium,3363ac3fbb400cbe0e249e2a44ff1e7a\",\"rated\":\"Rated battle\"}\n>player p1 {\"name\":\"forcemajor14\",\"avatar\":\"266\",\"rating\":2072,\"seed\":\"sodium,f5a068aed55d037a255e7dc71df777a2\"}\n>player p2 {\"name\":\"ElSrStinson\",\"avatar\":\"101\",\"rating\":2071,\"seed\":\"sodium,ede2d1b7f31f7f6cc064518c93b06115\"}\n>p1 move earthquake terastallize\n>p2 switch 2\n>p1 move rockpolish\n>p2 move knockoff\n>p1 move icepunch\n>p2 move bodypress\n>p1 move icepunch\n>p2 move synthesis\n>p1 move icepunch\n>p2 move synthesis\n>p1 switch 5\n>p2 move synthesis\n>p1 move nastyplot\n>p2 switch 5\n>p1 move thunderbolt\n>p2 move facade\n>p1 switch 2\n>p1 switch 5\n>p2 move facade\n>p1 switch 3\n>p1 move uturn\n>p2 move facade\n>p1 switch 5\n>p2 switch 6\n>p1 move leafstorm\n>p2 move rockpolish\n>p1 switch 6\n>p2 move bodypress\n>p1 switch 6\n>p2 move moonblast\n>p1 switch 6\n>p2 move bodypress\n>p1 switch 6\n>p2 move moonblast\n>p1 move energyball\n>p2 move bodypress\n>p2 switch 4\n>p1 switch 4\n>p2 move stickyweb\n>p1 move irondefense\n>p2 move uturn\n>p2 switch 5\n>p1 move irondefense\n>p2 move bodypress\n>p1 move bodypress\n>p2 move bodypress\n>p1 move bodypress\n>p2 move bodypress\n>p2 switch 5\n>p1 move heavyslam\n>p2 move moonblast\n>p1 switch 5\n>p1 move uturn\n>p2 move uturn\n>p2 switch 2\n>p1 switch 4\n>p1 move leafstorm\n>p2 move recover\n>p1 move leafstorm\n>p2 move recover\n>p1 move leafstorm\n>p2 move calmmind\n>p1 move leafstorm\n>p2 move recover\n>p1 move leafstorm\n>p2 move icebeam\n>p1 switch 4\n>p2 move icebeam\n>p1 switch 4\n>p1 move leafstorm\n>p2 move icebeam\n>p1 switch 6\n>p1 move protect\n>p2 move judgment\n>p1 move protect\n>p2 move judgment\n>p1 move protect\n>p2 move judgment\n>p1 move protect\n>p2 move calmmind\n>p1 move protect\n>p2 move judgment\n>p1 move protect\n>p2 move judgment\n>p1 move protect\n>p2 move judgment", "uploadtime": 1782903013, "views": 2, "formatid": "gen9randombattle", "rating": 2092, "private": 0, "password": null, "player_dets": [{"name": "forcemajor14", "avatar": "266", "rating": 2072, "seed": "sodium,f5a068aed55d037a255e7dc71df777a2"}, {"name": "ElSrStinson", "avatar": "101", "rating": 2071, "seed": "sodium,ede2d1b7f31f7f6cc064518c93b06115"}], "teams_full": [{"Rhyperior": {"name": "Rhyperior", "species": "Rhyperior", "speciesId": "rhyperior", "gender": "M", "shiny": false, "level": 82, "moves": ["icepunch", "rockpolish", "stoneedge", "earthquake"], "ability": "Solid Rock", "evs": {"hp": 85, "atk": 85, "def": 85, "spa": 85, "spd": 85, "spe": 85}, "ivs": {"hp": 31, "atk": 31, "def": 31, "spa": 31, "spd": 31, "spe": 31}, "item": "Weakness Policy", "teraType": "Ground", "role": "Bulky Setup", "bvs": {"hp": 115, "atk": 140, "def": 130, "spa": 55, "spd": 55, "spe": 40}, "stats": {"hp": 323, "atk": 277, "def": 260, "spa": 137, "spd": 137, "spe": 113}, "types": ["Ground", "Rock"]}, "Scovillain": {"name": "Scovillain", "species": "Scovillain", "speciesId": "scovillain", "gender": "M", "shiny": false, "level": 91, "moves": ["leafstorm", "flamethrower", "energyball", "overheat"], "ability": "Chlorophyll", "evs": {"hp": 85, "atk": 0, "def": 85, "spa": 85, "spd": 85, "spe": 85}, "ivs": {"hp": 31, "atk": 0, "def": 31, "spa": 31, "spd": 31, "spe": 31}, "item": "Choice Scarf", "teraType": "Grass", "role": "Fast Attacker", "bvs": {"hp": 65, "atk": 108, "def": 65, "spa": 108, "spd": 65, "spe": 75}, "stats": {"hp": 266, "atk": 201, "def": 170, "spa": 248, "spd": 170, "spe": 188}, "types": ["Grass", "Fire"]}, "Roaring Moon": {"name": "Roaring Moon", "species": "Roaring Moon", "speciesId": "roaringmoon", "gender": "N", "shiny": false, "level": 72, "moves": ["uturn", "knockoff", "ironhead", "outrage"], "ability": "Protosynthesis", "evs": {"hp": 85, "atk": 85, "def": 85, "spa": 85, "spd": 85, "spe": 85}, "ivs": {"hp": 31, "atk": 31, "def": 31, "spa": 31, "spd": 31, "spe": 31}, "item": "Choice Band", "teraType": "Dark", "role": "Bulky Attacker", "bvs": {"hp": 105, "atk": 139, "def": 71, "spa": 55, "spd": 101, "spe": 119}, "stats": {"hp": 270, "atk": 242, "def": 144, "spa": 121, "spd": 187, "spe": 213}, "types": ["Dragon", "Dark"]}, "Zamazenta": {"name": "Zamazenta", "species": "Zamazenta", "speciesId": "zamazentacrowned", "gender": "N", "shiny": false, "level": 68, "moves": ["heavyslam", "irondefense", "stoneedge", "bodypress"], "ability": "Dauntless Shield", "evs": {"hp": 85, "atk": 85, "def": 85, "spa": 85, "spd": 85, "spe": 85}, "ivs": {"hp": 31, "atk": 31, "def": 31, "spa": 31, "spd": 31, "spe": 31}, "item": "Rusted Shield", "teraType": "Fighting", "role": "Bulky Setup", "bvs": {"hp": 92, "atk": 120, "def": 140, "spa": 80, "spd": 140, "spe": 128}, "stats": {"hp": 238, "atk": 203, "def": 230, "spa": 149, "spd": 230, "spe": 214}, "types": ["Fighting", "Steel"]}, "Thundurus": {"name": "Thundurus", "species": "Thundurus", "speciesId": "thundurus", "gender": "M", "shiny": false, "level": 80, "moves": ["focusblast", "nastyplot", "thunderbolt", "terablast"], "ability": "Defiant", "evs": {"hp": 85, "atk": 85, "def": 85, "spa": 85, "spd": 85, "spe": 85}, "ivs": {"hp": 31, "atk": 31, "def": 31, "spa": 31, "spd": 31, "spe": 31}, "item": "Heavy-Duty Boots", "teraType": "Flying", "role": "Tera Blast user", "bvs": {"hp": 79, "atk": 115, "def": 70, "spa": 125, "spd": 80, "spe": 111}, "stats": {"hp": 258, "atk": 230, "def": 158, "spa": 246, "spd": 174, "spe": 224}, "types": ["Electric", "Flying"]}, "Hypno": {"name": "Hypno", "species": "Hypno", "speciesId": "hypno", "gender": "M", "shiny": false, "level": 95, "moves": ["protect", "psychicnoise", "focusblast", "toxic"], "ability": "Insomnia", "evs": {"hp": 85, "atk": 0, "def": 85, "spa": 85, "spd": 85, "spe": 85}, "ivs": {"hp": 31, "atk": 0, "def": 31, "spa": 31, "spd": 31, "spe": 31}, "item": "Leftovers", "teraType": "Dark", "role": "Bulky Attacker", "bvs": {"hp": 85, "atk": 73, "def": 70, "spa": 73, "spd": 115, "spe": 67}, "stats": {"hp": 315, "atk": 143, "def": 187, "spa": 193, "spd": 272, "spe": 181}, "types": ["Psychic"]}}, {"Arceus": {"name": "Arceus", "species": "Arceus-Electric", "speciesId": "arceuselectric", "gender": "N", "shiny": false, "level": 70, "moves": ["icebeam", "recover", "calmmind", "judgment"], "ability": "Multitype", "evs": {"hp": 85, "atk": 0, "def": 85, "spa": 85, "spd": 85, "spe": 85}, "ivs": {"hp": 31, "atk": 0, "def": 31, "spa": 31, "spd": 31, "spe": 31}, "item": "Zap Plate", "teraType": "Ice", "role": "Bulky Setup", "bvs": {"hp": 120, "atk": 120, "def": 120, "spa": 120, "spd": 120, "spe": 120}, "stats": {"hp": 284, "atk": 173, "def": 209, "spa": 209, "spd": 209, "spe": 209}, "types": ["Electric"]}, "Chesnaught": {"name": "Chesnaught", "species": "Chesnaught", "speciesId": "chesnaught", "gender": "M", "shiny": false, "level": 84, "moves": ["knockoff", "synthesis", "woodhammer", "bodypress"], "ability": "Bulletproof", "evs": {"hp": 85, "atk": 85, "def": 85, "spa": 85, "spd": 85, "spe": 85}, "ivs": {"hp": 31, "atk": 31, "def": 31, "spa": 31, "spd": 31, "spe": 31}, "item": "Rocky Helmet", "teraType": "Steel", "role": "Bulky Support", "bvs": {"hp": 88, "atk": 107, "def": 122, "spa": 74, "spd": 75, "spe": 64}, "stats": {"hp": 285, "atk": 228, "def": 253, "spa": 173, "spd": 174, "spe": 156}, "types": ["Grass", "Fighting"]}, "Yanmega": {"name": "Yanmega", "species": "Yanmega", "speciesId": "yanmega", "gender": "M", "shiny": false, "level": 82, "moves": ["airslash", "gigadrain", "bugbuzz", "uturn"], "ability": "Tinted Lens", "evs": {"hp": 85, "atk": 85, "def": 85, "spa": 85, "spd": 85, "spe": 85}, "ivs": {"hp": 31, "atk": 31, "def": 31, "spa": 31, "spd": 31, "spe": 31}, "item": "Choice Specs", "teraType": "Bug", "role": "Wallbreaker", "bvs": {"hp": 86, "atk": 76, "def": 86, "spa": 116, "spd": 56, "spe": 95}, "stats": {"hp": 275, "atk": 172, "def": 188, "spa": 237, "spd": 139, "spe": 203}, "types": ["Bug", "Flying"]}, "Ribombee": {"name": "Ribombee", "species": "Ribombee", "speciesId": "ribombee", "gender": "M", "shiny": false, "level": 83, "moves": ["stickyweb", "moonblast", "bugbuzz", "uturn"], "ability": "Shield Dust", "evs": {"hp": 85, "atk": 85, "def": 85, "spa": 85, "spd": 85, "spe": 85}, "ivs": {"hp": 31, "atk": 31, "def": 31, "spa": 31, "spd": 31, "spe": 31}, "item": "Heavy-Duty Boots", "teraType": "Ghost", "role": "Fast Support", "bvs": {"hp": 60, "atk": 55, "def": 60, "spa": 95, "spd": 70, "spe": 124}, "stats": {"hp": 235, "atk": 139, "def": 147, "spa": 205, "spd": 164, "spe": 254}, "types": ["Bug", "Fairy"]}, "Flareon": {"name": "Flareon", "species": "Flareon", "speciesId": "flareon", "gender": "M", "shiny": false, "level": 90, "moves": ["facade", "trailblaze", "willowisp", "flareblitz"], "ability": "Guts", "evs": {"hp": 85, "atk": 85, "def": 85, "spa": 85, "spd": 85, "spe": 85}, "ivs": {"hp": 31, "atk": 31, "def": 31, "spa": 31, "spd": 31, "spe": 31}, "item": "Toxic Orb", "teraType": "Normal", "role": "Setup Sweeper", "bvs": {"hp": 65, "atk": 130, "def": 60, "spa": 95, "spd": 110, "spe": 65}, "stats": {"hp": 263, "atk": 285, "def": 159, "spa": 222, "spd": 249, "spe": 168}, "types": ["Fire"]}, "Carbink": {"name": "Carbink", "species": "Carbink", "speciesId": "carbink", "gender": "N", "shiny": false, "level": 90, "moves": ["rockpolish", "irondefense", "bodypress", "moonblast"], "ability": "Sturdy", "evs": {"hp": 85, "atk": 0, "def": 85, "spa": 85, "spd": 85, "spe": 85}, "ivs": {"hp": 31, "atk": 0, "def": 31, "spa": 31, "spd": 31, "spe": 31}, "item": "Leftovers", "teraType": "Fighting", "role": "Fast Bulky Setup", "bvs": {"hp": 50, "atk": 50, "def": 150, "spa": 50, "spd": 150, "spe": 50}, "stats": {"hp": 236, "atk": 95, "def": 321, "spa": 141, "spd": 321, "spe": 141}, "types": ["Rock", "Fairy"]}}]}