{"id": "gen9randombattle-2641770626", "format": "[Gen 9] Random Battle", "players": ["Barry the Bad", "itsantknee"], "log": "|j|\u2606Barry the Bad\n|j|\u2606itsantknee\n|t:|1782839900\n|gametype|singles\n|player|p1|Barry the Bad|265|1590\n|player|p2|itsantknee|psychic-gen4|1553\n|gen|9\n|tier|[Gen 9] Random Battle\n|rated|\n|rule|Species Clause: Limit one of each Pok\u00e9mon\n|rule|HP Percentage Mod: HP is shown in percentages\n|rule|Sleep Clause Mod: Limit one foe put to sleep\n|rule|Illusion Level Mod: Illusion disguises the Pok\u00e9mon's true level\n|\n|t:|1782839900\n|teamsize|p1|6\n|teamsize|p2|6\n|start\n|switch|p1a: Palafin|Palafin, L77, F|281/281\n|switch|p2a: Chien-Pao|Chien-Pao, L72|234/234\n|-ability|p2a: Chien-Pao|Sword of Ruin\n|turn|1\n|inactive|Battle timer is ON: inactive players will automatically lose when time's up. (requested by Barry the Bad)\n|\n|t:|1782839919\n|detailschange|p1a: Palafin|Palafin-Hero, L77, F\n|switch|p1a: Sylveon|Sylveon, L85, F|300/300\n|move|p2a: Chien-Pao|Crunch|p1a: Sylveon\n|-resisted|p1a: Sylveon\n|-damage|p1a: Sylveon|213/300\n|\n|-heal|p1a: Sylveon|231/300|[from] item: Leftovers\n|upkeep\n|turn|2\n|\n|t:|1782839925\n|switch|p2a: Ampharos|Ampharos, L88, F|302/302\n|move|p1a: Sylveon|Hyper Voice|p2a: Ampharos\n|-damage|p2a: Ampharos|218/302\n|\n|-heal|p1a: Sylveon|249/300|[from] item: Leftovers\n|upkeep\n|turn|3\n|\n|t:|1782839929\n|move|p1a: Sylveon|Calm Mind|p1a: Sylveon\n|-boost|p1a: Sylveon|spa|1\n|-boost|p1a: Sylveon|spd|1\n|move|p2a: Ampharos|Thunderbolt|p1a: Sylveon\n|-damage|p1a: Sylveon|186/300\n|-status|p1a: Sylveon|par\n|\n|-heal|p1a: Sylveon|204/300 par|[from] item: Leftovers\n|upkeep\n|turn|4\n|\n|t:|1782839935\n|move|p2a: Ampharos|Volt Switch|p1a: Sylveon\n|-crit|p1a: Sylveon\n|-damage|p1a: Sylveon|101/300 par\n|\n|t:|1782839939\n|switch|p2a: Brambleghast|Brambleghast, L88, M|240/240|[from] Volt Switch\n|move|p1a: Sylveon|Wish|p1a: Sylveon\n|\n|-heal|p1a: Sylveon|119/300 par|[from] item: Leftovers\n|upkeep\n|turn|5\n|\n|t:|1782839942\n|move|p1a: Sylveon|Protect|p1a: Sylveon\n|-singleturn|p1a: Sylveon|Protect\n|move|p2a: Brambleghast|Substitute|p2a: Brambleghast\n|-start|p2a: Brambleghast|Substitute\n|-damage|p2a: Brambleghast|180/240\n|\n|-heal|p1a: Sylveon|269/300 par|[from] move: Wish|[wisher] Sylveon\n|-heal|p2a: Brambleghast|195/240|[from] item: Leftovers\n|-heal|p1a: Sylveon|287/300 par|[from] item: Leftovers\n|upkeep\n|turn|6\n|\n|t:|1782839950\n|move|p2a: Brambleghast|Power Whip|p1a: Sylveon\n|-damage|p1a: Sylveon|100/300 par\n|move|p1a: Sylveon|Hyper Voice|p2a: Brambleghast\n|-damage|p2a: Brambleghast|0 fnt\n|faint|p2a: Brambleghast\n|\n|-heal|p1a: Sylveon|118/300 par|[from] item: Leftovers\n|upkeep\n|\n|t:|1782839960\n|switch|p2a: Chien-Pao|Chien-Pao, L72|234/234\n|-ability|p2a: Chien-Pao|Sword of Ruin\n|turn|7\n|\n|t:|1782839965\n|move|p1a: Sylveon|Protect|p1a: Sylveon\n|-singleturn|p1a: Sylveon|Protect\n|move|p2a: Chien-Pao|Icicle Crash|p1a: Sylveon\n|-activate|p1a: Sylveon|move: Protect\n|\n|-heal|p1a: Sylveon|136/300 par|[from] item: Leftovers\n|upkeep\n|turn|8\n|\n|t:|1782839972\n|switch|p1a: Palafin|Palafin-Hero, L77, F|281/281\n|-activate|p1a: Palafin|ability: Zero to Hero\n|move|p2a: Chien-Pao|Icicle Crash|p1a: Palafin\n|-resisted|p1a: Palafin\n|-damage|p1a: Palafin|203/281\n|\n|-heal|p1a: Palafin|220/281|[from] item: Leftovers\n|upkeep\n|turn|9\n|\n|t:|1782839977\n|switch|p2a: Dusknoir|Dusknoir, L89, M|225/225\n|-item|p1a: Palafin|Leftovers|[from] ability: Frisk|[of] p2a: Dusknoir\n|move|p1a: Palafin|Bulk Up|p1a: Palafin\n|-boost|p1a: Palafin|atk|1\n|-boost|p1a: Palafin|def|1\n|\n|-heal|p1a: Palafin|237/281|[from] item: Leftovers\n|upkeep\n|turn|10\n|\n|t:|1782839985\n|move|p1a: Palafin|Wave Crash|p2a: Dusknoir\n|-damage|p2a: Dusknoir|65/225\n|-damage|p1a: Palafin|184/281|[from] Recoil\n|move|p2a: Dusknoir|Will-O-Wisp|p1a: Palafin\n|-status|p1a: Palafin|brn\n|\n|-heal|p1a: Palafin|201/281 brn|[from] item: Leftovers\n|-heal|p2a: Dusknoir|79/225|[from] item: Leftovers\n|-damage|p1a: Palafin|184/281 brn|[from] brn\n|upkeep\n|turn|11\n|\n|t:|1782839989\n|move|p1a: Palafin|Wave Crash|p2a: Dusknoir\n|-crit|p2a: Dusknoir\n|-damage|p2a: Dusknoir|0 fnt\n|faint|p2a: Dusknoir\n|-damage|p1a: Palafin|158/281 brn|[from] Recoil\n|\n|-heal|p1a: Palafin|175/281 brn|[from] item: Leftovers\n|-damage|p1a: Palafin|158/281 brn|[from] brn\n|upkeep\n|\n|t:|1782839994\n|switch|p2a: Lugia|Lugia, L73|275/275\n|turn|12\n|\n|t:|1782839999\n|switch|p1a: Golurk|Golurk, L87|297/297\n|move|p2a: Lugia|Calm Mind|p2a: Lugia\n|-boost|p2a: Lugia|spa|1\n|-boost|p2a: Lugia|spd|1\n|\n|upkeep\n|turn|13\n|\n|t:|1782840008\n|switch|p2a: Chien-Pao|Chien-Pao, L72|234/234\n|-ability|p2a: Chien-Pao|Sword of Ruin\n|move|p1a: Golurk|Poltergeist|p2a: Chien-Pao\n|-activate|p2a: Chien-Pao|move: Poltergeist|Choice Band\n|-resisted|p2a: Chien-Pao\n|-damage|p2a: Chien-Pao|121/234\n|-damage|p1a: Golurk|268/297|[from] item: Life Orb\n|\n|upkeep\n|turn|14\n|\n|t:|1782840015\n|switch|p1a: Sylveon|Sylveon, L85, F|136/300 par\n|move|p2a: Chien-Pao|Crunch|p1a: Sylveon\n|-resisted|p1a: Sylveon\n|-damage|p1a: Sylveon|38/300 par\n|-unboost|p1a: Sylveon|def|1\n|\n|-heal|p1a: Sylveon|56/300 par|[from] item: Leftovers\n|upkeep\n|turn|15\n|\n|t:|1782840018\n|move|p2a: Chien-Pao|Crunch|p1a: Sylveon\n|-resisted|p1a: Sylveon\n|-damage|p1a: Sylveon|0 fnt\n|faint|p1a: Sylveon\n|\n|upkeep\n|\n|t:|1782840020\n|switch|p1a: Blaziken|Blaziken, L76, F|247/247\n|turn|16\n|\n|t:|1782840027\n|switch|p2a: Ampharos|Ampharos, L88, F|218/302\n|move|p1a: Blaziken|Swords Dance|p1a: Blaziken\n|-boost|p1a: Blaziken|atk|2\n|\n|-ability|p1a: Blaziken|Speed Boost|boost\n|-boost|p1a: Blaziken|spe|1\n|upkeep\n|turn|17\n|\n|t:|1782840031\n|move|p1a: Blaziken|Close Combat|p2a: Ampharos\n|-damage|p2a: Ampharos|0 fnt\n|-unboost|p1a: Blaziken|def|1\n|-unboost|p1a: Blaziken|spd|1\n|-status|p1a: Blaziken|par|[from] ability: Static|[of] p2a: Ampharos\n|faint|p2a: Ampharos\n|-damage|p1a: Blaziken|223/247 par|[from] item: Life Orb\n|\n|-ability|p1a: Blaziken|Speed Boost|boost\n|-boost|p1a: Blaziken|spe|1\n|upkeep\n|\n|t:|1782840040\n|switch|p2a: Lugia|Lugia, L73|275/275\n|turn|18\n|\n|t:|1782840048\n|move|p2a: Lugia|Calm Mind|p2a: Lugia\n|-boost|p2a: Lugia|spa|1\n|-boost|p2a: Lugia|spd|1\n|move|p1a: Blaziken|Knock Off|p2a: Lugia\n|-supereffective|p2a: Lugia\n|-damage|p2a: Lugia|122/275\n|-enditem|p2a: Lugia|Heavy-Duty Boots|[from] move: Knock Off|[of] p1a: Blaziken\n|-damage|p1a: Blaziken|199/247 par|[from] item: Life Orb\n|\n|-ability|p1a: Blaziken|Speed Boost|boost\n|-boost|p1a: Blaziken|spe|1\n|upkeep\n|turn|19\n|\n|t:|1782840054\n|move|p1a: Blaziken|Knock Off|p2a: Lugia\n|-supereffective|p2a: Lugia\n|-damage|p2a: Lugia|0 fnt\n|faint|p2a: Lugia\n|-damage|p1a: Blaziken|175/247 par|[from] item: Life Orb\n|\n|-ability|p1a: Blaziken|Speed Boost|boost\n|-boost|p1a: Blaziken|spe|1\n|upkeep\n|-message|itsantknee forfeited.\n|\n|win|Barry the Bad\n|raw|Barry the Bad's rating: 1590 &rarr; <strong>1608</strong><br />(+18 for winning)\n|raw|itsantknee's rating: 1553 &rarr; <strong>1535</strong><br />(-18 for losing)\n|l|\u2606itsantknee\n|player|p2|\n", "inputlog": ">version f8ac14003a5f27e1bdc8d8c59608a773c1cb96e5\n>start {\"formatid\":\"gen9randombattle\",\"seed\":\"sodium,41e7ce6274e22cffac9731617c9891c9\",\"rated\":\"Rated battle\"}\n>player p1 {\"name\":\"Barry the Bad\",\"avatar\":\"265\",\"rating\":1590,\"seed\":\"sodium,337f23879c5ef43543b9631b7be65187\"}\n>player p2 {\"name\":\"itsantknee\",\"avatar\":\"psychic-gen4\",\"rating\":1553,\"seed\":\"sodium,3f7c1c096b4139830846301277f9eb6b\"}\n>p1 switch 4\n>p2 move crunch\n>p1 move hypervoice\n>p2 switch 6\n>p1 move calmmind\n>p2 move thunderbolt\n>p1 move wish\n>p2 move voltswitch\n>p2 switch 4\n>p1 move protect\n>p2 move substitute\n>p1 move hypervoice\n>p2 move powerwhip\n>p2 switch 6\n>p1 move protect\n>p2 move iciclecrash\n>p1 switch 4\n>p2 move iciclecrash\n>p1 move bulkup\n>p2 switch 5\n>p1 move wavecrash\n>p2 move willowisp\n>p1 move wavecrash\n>p2 move painsplit\n>p2 switch 2\n>p1 switch 3\n>p2 move calmmind\n>p1 move poltergeist\n>p2 switch 5\n>p1 switch 4\n>p2 move crunch\n>p1 move hypervoice\n>p2 move crunch\n>p1 switch 5\n>p1 move swordsdance\n>p2 switch 4\n>p1 move closecombat\n>p2 move thunderbolt\n>p2 switch 5\n>p1 move knockoff\n>p2 move calmmind\n>p1 move knockoff\n>p2 move earthpower\n>forcelose p2", "uploadtime": 1782840059, "views": 5, "formatid": "gen9randombattle", "rating": 1535, "private": 0, "password": null, "player_dets": [{"name": "Barry the Bad", "avatar": "265", "rating": 1590, "seed": "sodium,337f23879c5ef43543b9631b7be65187"}, {"name": "itsantknee", "avatar": "psychic-gen4", "rating": 1553, "seed": "sodium,3f7c1c096b4139830846301277f9eb6b"}], "teams_full": [{"Palafin": {"name": "Palafin", "species": "Palafin", "speciesId": "palafin", "gender": "F", "shiny": false, "level": 77, "moves": ["jetpunch", "drainpunch", "bulkup", "wavecrash"], "ability": "Zero to Hero", "evs": {"hp": 85, "atk": 85, "def": 85, "spa": 85, "spd": 85, "spe": 85}, "ivs": {"hp": 31, "atk": 31, "def": 31, "spa": 31, "spd": 31, "spe": 31}, "item": "Leftovers", "teraType": "Steel", "role": "Bulky Setup", "bvs": {"hp": 100, "atk": 70, "def": 72, "spa": 53, "spd": 62, "spe": 100}, "stats": {"hp": 281, "atk": 152, "def": 155, "spa": 126, "spd": 140, "spe": 199}, "types": ["Water"]}, "Ceruledge": {"name": "Ceruledge", "species": "Ceruledge", "speciesId": "ceruledge", "gender": "F", "shiny": false, "level": 78, "moves": ["swordsdance", "poltergeist", "closecombat", "bitterblade"], "ability": "Weak Armor", "evs": {"hp": 85, "atk": 85, "def": 85, "spa": 85, "spd": 85, "spe": 85}, "ivs": {"hp": 31, "atk": 31, "def": 31, "spa": 31, "spd": 31, "spe": 31}, "item": "Heavy-Duty Boots", "teraType": "Fighting", "role": "Setup Sweeper", "bvs": {"hp": 75, "atk": 125, "def": 80, "spa": 60, "spd": 100, "spe": 85}, "stats": {"hp": 245, "atk": 240, "def": 170, "spa": 139, "spd": 201, "spe": 178}, "types": ["Fire", "Ghost"]}, "Golurk": {"name": "Golurk", "species": "Golurk", "speciesId": "golurk", "gender": "N", "shiny": false, "level": 87, "moves": ["poltergeist", "earthquake", "stealthrock", "stoneedge"], "ability": "No Guard", "evs": {"hp": 85, "atk": 85, "def": 85, "spa": 85, "spd": 85, "spe": 85}, "ivs": {"hp": 31, "atk": 31, "def": 31, "spa": 31, "spd": 31, "spe": 31}, "item": "Life Orb", "teraType": "Ground", "role": "Wallbreaker", "bvs": {"hp": 89, "atk": 124, "def": 80, "spa": 55, "spd": 80, "spe": 55}, "stats": {"hp": 297, "atk": 266, "def": 189, "spa": 145, "spd": 189, "spe": 145}, "types": ["Ground", "Ghost"]}, "Sylveon": {"name": "Sylveon", "species": "Sylveon", "speciesId": "sylveon", "gender": "F", "shiny": false, "level": 85, "moves": ["wish", "hypervoice", "protect", "calmmind"], "ability": "Pixilate", "evs": {"hp": 85, "atk": 0, "def": 85, "spa": 85, "spd": 85, "spe": 85}, "ivs": {"hp": 31, "atk": 0, "def": 31, "spa": 31, "spd": 31, "spe": 31}, "item": "Leftovers", "teraType": "Steel", "role": "Bulky Setup", "bvs": {"hp": 95, "atk": 65, "def": 65, "spa": 110, "spd": 130, "spe": 60}, "stats": {"hp": 300, "atk": 115, "def": 159, "spa": 236, "spd": 270, "spe": 151}, "types": ["Fairy"]}, "Blaziken": {"name": "Blaziken", "species": "Blaziken", "speciesId": "blaziken", "gender": "F", "shiny": false, "level": 76, "moves": ["flareblitz", "knockoff", "closecombat", "swordsdance"], "ability": "Speed Boost", "evs": {"hp": 85, "atk": 85, "def": 85, "spa": 85, "spd": 85, "spe": 85}, "ivs": {"hp": 31, "atk": 31, "def": 31, "spa": 31, "spd": 31, "spe": 31}, "item": "Life Orb", "teraType": "Dark", "role": "Setup Sweeper", "bvs": {"hp": 80, "atk": 120, "def": 70, "spa": 110, "spd": 70, "spe": 80}, "stats": {"hp": 247, "atk": 226, "def": 150, "spa": 211, "spd": 150, "spe": 166}, "types": ["Fire", "Fighting"]}, "Serperior": {"name": "Serperior", "species": "Serperior", "speciesId": "serperior", "gender": "F", "shiny": false, "level": 79, "moves": ["leechseed", "dragonpulse", "leafstorm", "substitute"], "ability": "Contrary", "evs": {"hp": 85, "atk": 0, "def": 85, "spa": 85, "spd": 85, "spe": 85}, "ivs": {"hp": 31, "atk": 0, "def": 31, "spa": 31, "spd": 31, "spe": 31}, "item": "Leftovers", "teraType": "Dragon", "role": "Fast Attacker", "bvs": {"hp": 75, "atk": 75, "def": 95, "spa": 75, "spd": 95, "spe": 113}, "stats": {"hp": 248, "atk": 123, "def": 196, "spa": 164, "spd": 196, "spe": 224}, "types": ["Grass"]}}, {"Chien-Pao": {"name": "Chien-Pao", "species": "Chien-Pao", "speciesId": "chienpao", "gender": "N", "shiny": false, "level": 72, "moves": ["sacredsword", "iciclecrash", "iceshard", "crunch"], "ability": "Sword of Ruin", "evs": {"hp": 85, "atk": 85, "def": 85, "spa": 85, "spd": 85, "spe": 85}, "ivs": {"hp": 31, "atk": 31, "def": 31, "spa": 31, "spd": 31, "spe": 31}, "item": "Choice Band", "teraType": "Ice", "role": "Wallbreaker", "bvs": {"hp": 80, "atk": 120, "def": 80, "spa": 90, "spd": 65, "spe": 135}, "stats": {"hp": 234, "atk": 215, "def": 157, "spa": 172, "spd": 136, "spe": 236}, "types": ["Dark", "Ice"]}, "Lugia": {"name": "Lugia", "species": "Lugia", "speciesId": "lugia", "gender": "N", "shiny": false, "level": 73, "moves": ["calmmind", "recover", "earthpower", "aeroblast"], "ability": "Multiscale", "evs": {"hp": 85, "atk": 0, "def": 85, "spa": 85, "spd": 85, "spe": 85}, "ivs": {"hp": 31, "atk": 0, "def": 31, "spa": 31, "spd": 31, "spe": 31}, "item": "Heavy-Duty Boots", "teraType": "Ground", "role": "Bulky Setup", "bvs": {"hp": 106, "atk": 90, "def": 130, "spa": 90, "spd": 154, "spe": 110}, "stats": {"hp": 275, "atk": 136, "def": 232, "spa": 174, "spd": 267, "spe": 203}, "types": ["Psychic", "Flying"]}, "Cryogonal": {"name": "Cryogonal", "species": "Cryogonal", "speciesId": "cryogonal", "gender": "N", "shiny": false, "level": 89, "moves": ["rapidspin", "recover", "flashcannon", "freezedry"], "ability": "Levitate", "evs": {"hp": 85, "atk": 85, "def": 85, "spa": 85, "spd": 85, "spe": 85}, "ivs": {"hp": 31, "atk": 31, "def": 31, "spa": 31, "spd": 31, "spe": 31}, "item": "Heavy-Duty Boots", "teraType": "Steel", "role": "Bulky Support", "bvs": {"hp": 80, "atk": 50, "def": 50, "spa": 95, "spd": 135, "spe": 105}, "stats": {"hp": 287, "atk": 140, "def": 140, "spa": 220, "spd": 291, "spe": 238}, "types": ["Ice"]}, "Brambleghast": {"name": "Brambleghast", "species": "Brambleghast", "speciesId": "brambleghast", "gender": "M", "shiny": false, "level": 88, "moves": ["poltergeist", "leechseed", "powerwhip", "substitute"], "ability": "Wind Rider", "evs": {"hp": 85, "atk": 85, "def": 85, "spa": 85, "spd": 85, "spe": 85}, "ivs": {"hp": 31, "atk": 31, "def": 31, "spa": 31, "spd": 31, "spe": 31}, "item": "Leftovers", "teraType": "Steel", "role": "Fast Support", "bvs": {"hp": 55, "atk": 115, "def": 70, "spa": 80, "spd": 70, "spe": 90}, "stats": {"hp": 240, "atk": 253, "def": 173, "spa": 191, "spd": 173, "spe": 209}, "types": ["Grass", "Ghost"]}, "Dusknoir": {"name": "Dusknoir", "species": "Dusknoir", "speciesId": "dusknoir", "gender": "M", "shiny": false, "level": 89, "moves": ["poltergeist", "shadowsneak", "painsplit", "willowisp"], "ability": "Frisk", "evs": {"hp": 85, "atk": 85, "def": 85, "spa": 85, "spd": 85, "spe": 85}, "ivs": {"hp": 31, "atk": 31, "def": 31, "spa": 31, "spd": 31, "spe": 31}, "item": "Leftovers", "teraType": "Fairy", "role": "Bulky Support", "bvs": {"hp": 45, "atk": 100, "def": 135, "spa": 65, "spd": 135, "spe": 45}, "stats": {"hp": 225, "atk": 229, "def": 291, "spa": 166, "spd": 291, "spe": 131}, "types": ["Ghost"]}, "Ampharos": {"name": "Ampharos", "species": "Ampharos", "speciesId": "ampharos", "gender": "F", "shiny": false, "level": 88, "moves": ["thunderbolt", "dazzlinggleam", "focusblast", "voltswitch"], "ability": "Static", "evs": {"hp": 85, "atk": 0, "def": 85, "spa": 85, "spd": 85, "spe": 85}, "ivs": {"hp": 31, "atk": 0, "def": 31, "spa": 31, "spd": 31, "spe": 31}, "item": "Assault Vest", "teraType": "Fairy", "role": "AV Pivot", "bvs": {"hp": 90, "atk": 75, "def": 85, "spa": 115, "spd": 90, "spe": 55}, "stats": {"hp": 302, "atk": 137, "def": 200, "spa": 253, "spd": 209, "spe": 147}, "types": ["Electric"]}}]}