{"id": "gen9randombattle-2642142477", "format": "[Gen 9] Random Battle", "players": ["jnpr010334", "melkor64"], "log": "|j|\u2606jnpr010334\n|j|\u2606melkor64\n|t:|1782899063\n|gametype|singles\n|player|p1|jnpr010334|265|1705\n|player|p2|melkor64|hiker|1789\n|gen|9\n|tier|[Gen 9] Random Battle\n|rated|\n|rule|Species Clause: Limit one of each Pok\u00e9mon\n|rule|HP Percentage Mod: HP is shown in percentages\n|rule|Sleep Clause Mod: Limit one foe put to sleep\n|rule|Illusion Level Mod: Illusion disguises the Pok\u00e9mon's true level\n|\n|t:|1782899063\n|teamsize|p1|6\n|teamsize|p2|6\n|start\n|switch|p1a: Raichu|Raichu-Alola, L87, F|246/246\n|switch|p2a: Iron Valiant|Iron Valiant, L78|244/244\n|turn|1\n|inactive|Battle timer is ON: inactive players will automatically lose when time's up. (requested by melkor64)\n|inactive|jnpr010334 also wants the timer to be on.\n|\n|t:|1782899070\n|move|p1a: Raichu|Psyshock|p2a: Iron Valiant\n|-supereffective|p2a: Iron Valiant\n|-damage|p2a: Iron Valiant|0 fnt\n|faint|p2a: Iron Valiant\n|-end|p2a: Iron Valiant|Quark Drive|[silent]\n|\n|upkeep\n|\n|t:|1782899074\n|switch|p2a: Krookodile|Krookodile, L79, M|280/280\n|-ability|p2a: Krookodile|Intimidate|boost\n|-unboost|p1a: Raichu|atk|1\n|turn|2\n|\n|t:|1782899081\n|switch|p1a: Arceus|Arceus-Bug, L73|295/295\n|move|p2a: Krookodile|Earthquake|p1a: Arceus\n|-resisted|p1a: Arceus\n|-damage|p1a: Arceus|247/295\n|\n|upkeep\n|turn|3\n|\n|t:|1782899083\n|switch|p2a: Swanna|Swanna, L89, M|278/278\n|move|p1a: Arceus|Judgment|p2a: Swanna\n|-resisted|p2a: Swanna\n|-damage|p2a: Swanna|205/278\n|\n|upkeep\n|turn|4\n|\n|t:|1782899086\n|switch|p1a: Raichu|Raichu-Alola, L87, F|246/246\n|move|p2a: Swanna|Brave Bird|p1a: Raichu\n|-resisted|p1a: Raichu\n|-damage|p1a: Raichu|149/246\n|-damage|p2a: Swanna|173/278|[from] Recoil\n|\n|upkeep\n|turn|5\n|\n|t:|1782899089\n|switch|p2a: Krookodile|Krookodile, L79, M|280/280\n|-ability|p2a: Krookodile|Intimidate|boost\n|-unboost|p1a: Raichu|atk|1\n|move|p1a: Raichu|Volt Switch|p2a: Krookodile\n|-immune|p2a: Krookodile\n|\n|upkeep\n|turn|6\n|\n|t:|1782899093\n|switch|p1a: Braviary|Braviary, L85, M|309/309\n|move|p2a: Krookodile|Knock Off|p1a: Braviary\n|-damage|p1a: Braviary|201/309\n|-enditem|p1a: Braviary|Heavy-Duty Boots|[from] move: Knock Off|[of] p2a: Krookodile\n|\n|upkeep\n|turn|7\n|\n|t:|1782899100\n|switch|p2a: Swanna|Swanna, L89, M|173/278\n|move|p1a: Braviary|Brave Bird|p2a: Swanna\n|-crit|p2a: Swanna\n|-damage|p2a: Swanna|0 fnt\n|faint|p2a: Swanna\n|-damage|p1a: Braviary|144/309|[from] Recoil\n|\n|upkeep\n|\n|t:|1782899102\n|switch|p2a: Greninja|Greninja, L80, M|246/246\n|turn|8\n|\n|t:|1782899107\n|move|p2a: Greninja|Hydro Pump|p1a: Braviary\n|-crit|p1a: Braviary\n|-damage|p1a: Braviary|0 fnt\n|faint|p1a: Braviary\n|-ability|p2a: Greninja|Battle Bond|boost\n|-boost|p2a: Greninja|atk|1\n|-boost|p2a: Greninja|spa|1\n|-boost|p2a: Greninja|spe|1\n|-activate|p2a: Greninja|ability: Battle Bond\n|-damage|p2a: Greninja|222/246|[from] item: Life Orb\n|\n|upkeep\n|\n|t:|1782899109\n|switch|p1a: Vileplume|Vileplume, L85, F|266/266\n|turn|9\n|\n|t:|1782899116\n|-terastallize|p1a: Vileplume|Steel\n|move|p2a: Greninja|Ice Beam|p1a: Vileplume\n|-resisted|p1a: Vileplume\n|-damage|p1a: Vileplume|208/266\n|-damage|p2a: Greninja|198/246|[from] item: Life Orb\n|move|p1a: Vileplume|Giga Drain|p2a: Greninja\n|-supereffective|p2a: Greninja\n|-damage|p2a: Greninja|0 fnt\n|-heal|p1a: Vileplume|266/266|[from] drain|[of] p2a: Greninja\n|faint|p2a: Greninja\n|\n|upkeep\n|\n|t:|1782899119\n|switch|p2a: Krookodile|Krookodile, L79, M|280/280\n|-ability|p2a: Krookodile|Intimidate|boost\n|-unboost|p1a: Vileplume|atk|1\n|turn|10\n|\n|t:|1782899124\n|switch|p2a: Vivillon|Vivillon-Tundra, L83, F|268/268\n|switch|p1a: Mandibuzz|Mandibuzz, L85, F|326/326\n|\n|upkeep\n|turn|11\n|\n|t:|1782899135\n|move|p2a: Vivillon|Quiver Dance|p2a: Vivillon\n|-boost|p2a: Vivillon|spa|1\n|-boost|p2a: Vivillon|spd|1\n|-boost|p2a: Vivillon|spe|1\n|move|p1a: Mandibuzz|Brave Bird|p2a: Vivillon\n|-supereffective|p2a: Vivillon\n|-crit|p2a: Vivillon\n|-damage|p2a: Vivillon|0 fnt\n|faint|p2a: Vivillon\n|-damage|p1a: Mandibuzz|238/326|[from] Recoil\n|\n|upkeep\n|\n|t:|1782899138\n|switch|p2a: Seviper|Seviper, L93, M|287/287\n|turn|12\n|\n|t:|1782899142\n|move|p2a: Seviper|Switcheroo|p1a: Mandibuzz\n|-activate|p2a: Seviper|move: Trick|[of] p1a: Mandibuzz\n|-item|p1a: Mandibuzz|Choice Scarf|[from] move: Switcheroo\n|-item|p2a: Seviper|Heavy-Duty Boots|[from] move: Switcheroo\n|move|p1a: Mandibuzz|Knock Off|p2a: Seviper\n|-damage|p2a: Seviper|200/287\n|-enditem|p2a: Seviper|Heavy-Duty Boots|[from] move: Knock Off|[of] p1a: Mandibuzz\n|\n|upkeep\n|turn|13\n|\n|t:|1782899151\n|switch|p1a: Raichu|Raichu-Alola, L87, F|149/246\n|move|p2a: Seviper|Gunk Shot|p1a: Raichu\n|-damage|p1a: Raichu|0 fnt\n|faint|p1a: Raichu\n|\n|upkeep\n|\n|t:|1782899153\n|switch|p1a: Rotom|Rotom, L88|231/231\n|turn|14\n|\n|t:|1782899159\n|switch|p2a: Krookodile|Krookodile, L79, M|280/280\n|-ability|p2a: Krookodile|Intimidate|boost\n|-unboost|p1a: Rotom|atk|1\n|move|p1a: Rotom|Thunderbolt|p2a: Krookodile\n|-immune|p2a: Krookodile\n|\n|upkeep\n|turn|15\n|\n|t:|1782899169\n|switch|p1a: Arceus|Arceus-Bug, L73|247/295\n|move|p2a: Krookodile|Earthquake|p1a: Arceus\n|-resisted|p1a: Arceus\n|-damage|p1a: Arceus|202/295\n|\n|upkeep\n|turn|16\n|\n|t:|1782899174\n|switch|p2a: Seviper|Seviper, L93, M|200/287\n|move|p1a: Arceus|Judgment|p2a: Seviper\n|-resisted|p2a: Seviper\n|-damage|p2a: Seviper|131/287\n|\n|upkeep\n|turn|17\n|\n|t:|1782899181\n|move|p1a: Arceus|Judgment|p2a: Seviper\n|-resisted|p2a: Seviper\n|-damage|p2a: Seviper|66/287\n|move|p2a: Seviper|Earthquake|p1a: Arceus\n|-resisted|p1a: Arceus\n|-damage|p1a: Arceus|160/295\n|\n|upkeep\n|turn|18\n|\n|t:|1782899188\n|move|p1a: Arceus|Recover|p1a: Arceus\n|-heal|p1a: Arceus|295/295\n|move|p2a: Seviper|Gunk Shot|p1a: Arceus\n|-damage|p1a: Arceus|160/295\n|\n|upkeep\n|turn|19\n|\n|t:|1782899192\n|move|p1a: Arceus|Recover|p1a: Arceus\n|-heal|p1a: Arceus|295/295\n|move|p2a: Seviper|Gunk Shot|p1a: Arceus\n|-damage|p1a: Arceus|156/295\n|-status|p1a: Arceus|psn\n|\n|-damage|p1a: Arceus|120/295 psn|[from] psn\n|upkeep\n|turn|20\n|\n|t:|1782899194\n|switch|p2a: Krookodile|Krookodile, L79, M|280/280\n|-ability|p2a: Krookodile|Intimidate|boost\n|-unboost|p1a: Arceus|atk|1\n|move|p1a: Arceus|Recover|p1a: Arceus\n|-heal|p1a: Arceus|268/295 psn\n|\n|-damage|p1a: Arceus|232/295 psn|[from] psn\n|upkeep\n|turn|21\n|\n|t:|1782899200\n|move|p2a: Krookodile|Gunk Shot|p1a: Arceus\n|-damage|p1a: Arceus|150/295 psn\n|move|p1a: Arceus|Judgment|p2a: Krookodile\n|-supereffective|p2a: Krookodile\n|-damage|p2a: Krookodile|0 fnt\n|faint|p2a: Krookodile\n|\n|-damage|p1a: Arceus|114/295 psn|[from] psn\n|upkeep\n|-message|melkor64 forfeited.\n|\n|win|jnpr010334\n|raw|jnpr010334's rating: 1696 &rarr; <strong>1721</strong><br />(+25 for winning)\n|raw|melkor64's rating: 1789 &rarr; <strong>1764</strong><br />(-25 for losing)\n", "inputlog": ">version f8ac14003a5f27e1bdc8d8c59608a773c1cb96e5\n>start {\"formatid\":\"gen9randombattle\",\"seed\":\"sodium,3962535d8ce9f10abd42851eb6cf872d\",\"rated\":\"Rated battle\"}\n>player p1 {\"name\":\"jnpr010334\",\"avatar\":\"265\",\"rating\":1705,\"seed\":\"sodium,c5f01d6ffebe4d19347f3cd6cae805d1\"}\n>player p2 {\"name\":\"melkor64\",\"avatar\":\"hiker\",\"rating\":1789,\"seed\":\"sodium,67ca35516268c1724c6dc9ee160e7804\"}\n>p1 move psyshock\n>p2 move knockoff\n>p2 switch 3\n>p1 switch 2\n>p2 move earthquake\n>p1 move judgment\n>p2 switch 6\n>p1 switch 2\n>p2 move bravebird\n>p1 move voltswitch\n>p2 switch 6\n>p1 switch 5\n>p2 move knockoff\n>p1 move bravebird\n>p2 switch 6\n>p2 switch 2\n>p1 move closecombat\n>p2 move hydropump\n>p1 switch 6\n>p1 move gigadrain terastallize\n>p2 move icebeam\n>p2 switch 6\n>p1 switch 4\n>p2 switch 4\n>p1 move bravebird\n>p2 move quiverdance\n>p2 switch 5\n>p1 move knockoff\n>p2 move switcheroo\n>p1 switch 5\n>p2 move gunkshot\n>p1 switch 3\n>p1 move thunderbolt\n>p2 switch 4\n>p1 switch 2\n>p2 move earthquake\n>p1 move judgment\n>p2 switch 4\n>p1 move judgment\n>p2 move earthquake\n>p1 move recover\n>p2 move gunkshot\n>p1 move recover\n>p2 move gunkshot\n>p1 move recover\n>p2 switch 4\n>p1 move judgment\n>p2 move gunkshot\n>forcelose p2", "uploadtime": 1782899204, "views": 2, "formatid": "gen9randombattle", "rating": 1721, "private": 0, "password": null, "player_dets": [{"name": "jnpr010334", "avatar": "265", "rating": 1705, "seed": "sodium,c5f01d6ffebe4d19347f3cd6cae805d1"}, {"name": "melkor64", "avatar": "hiker", "rating": 1789, "seed": "sodium,67ca35516268c1724c6dc9ee160e7804"}], "teams_full": [{"Raichu": {"name": "Raichu", "species": "Raichu-Alola", "speciesId": "raichualola", "gender": "F", "shiny": false, "level": 87, "moves": ["grassknot", "voltswitch", "psyshock", "thunderbolt"], "ability": "Surge Surfer", "evs": {"hp": 85, "atk": 0, "def": 85, "spa": 85, "spd": 85, "spe": 85}, "ivs": {"hp": 31, "atk": 0, "def": 31, "spa": 31, "spd": 31, "spe": 31}, "item": "Choice Specs", "teraType": "Grass", "role": "Fast Attacker", "bvs": {"hp": 60, "atk": 85, "def": 50, "spa": 95, "spd": 85, "spe": 110}, "stats": {"hp": 246, "atk": 152, "def": 137, "spa": 215, "spd": 198, "spe": 241}, "types": ["Electric", "Psychic"]}, "Arceus": {"name": "Arceus", "species": "Arceus-Bug", "speciesId": "arceusbug", "gender": "N", "shiny": false, "level": 73, "moves": ["fireblast", "recover", "judgment", "calmmind"], "ability": "Multitype", "evs": {"hp": 81, "atk": 0, "def": 85, "spa": 85, "spd": 85, "spe": 85}, "ivs": {"hp": 31, "atk": 0, "def": 31, "spa": 31, "spd": 31, "spe": 31}, "item": "Insect Plate", "teraType": "Fire", "role": "Bulky Setup", "bvs": {"hp": 120, "atk": 120, "def": 120, "spa": 120, "spd": 120, "spe": 120}, "stats": {"hp": 295, "atk": 180, "def": 218, "spa": 218, "spd": 218, "spe": 218}, "types": ["Bug"]}, "Rotom": {"name": "Rotom", "species": "Rotom", "speciesId": "rotom", "gender": "N", "shiny": false, "level": 88, "moves": ["shadowball", "thunderbolt", "nastyplot", "willowisp"], "ability": "Levitate", "evs": {"hp": 85, "atk": 0, "def": 85, "spa": 85, "spd": 85, "spe": 85}, "ivs": {"hp": 31, "atk": 0, "def": 31, "spa": 31, "spd": 31, "spe": 31}, "item": "Life Orb", "teraType": "Electric", "role": "Fast Attacker", "bvs": {"hp": 50, "atk": 50, "def": 77, "spa": 95, "spd": 77, "spe": 91}, "stats": {"hp": 231, "atk": 93, "def": 186, "spa": 217, "spd": 186, "spe": 210}, "types": ["Electric", "Ghost"]}, "Mandibuzz": {"name": "Mandibuzz", "species": "Mandibuzz", "speciesId": "mandibuzz", "gender": "F", "shiny": false, "level": 85, "moves": ["bravebird", "roost", "knockoff", "defog"], "ability": "Overcoat", "evs": {"hp": 85, "atk": 85, "def": 85, "spa": 85, "spd": 85, "spe": 85}, "ivs": {"hp": 31, "atk": 31, "def": 31, "spa": 31, "spd": 31, "spe": 31}, "item": "Heavy-Duty Boots", "teraType": "Steel", "role": "Bulky Attacker", "bvs": {"hp": 110, "atk": 65, "def": 105, "spa": 55, "spd": 95, "spe": 80}, "stats": {"hp": 326, "atk": 159, "def": 227, "spa": 142, "spd": 210, "spe": 185}, "types": ["Dark", "Flying"]}, "Braviary": {"name": "Braviary", "species": "Braviary", "speciesId": "braviary", "gender": "M", "shiny": false, "level": 85, "moves": ["closecombat", "roost", "bulkup", "bravebird"], "ability": "Defiant", "evs": {"hp": 85, "atk": 85, "def": 85, "spa": 85, "spd": 85, "spe": 85}, "ivs": {"hp": 31, "atk": 31, "def": 31, "spa": 31, "spd": 31, "spe": 31}, "item": "Heavy-Duty Boots", "teraType": "Fighting", "role": "Fast Bulky Setup", "bvs": {"hp": 100, "atk": 123, "def": 75, "spa": 57, "spd": 75, "spe": 80}, "stats": {"hp": 309, "atk": 258, "def": 176, "spa": 146, "spd": 176, "spe": 185}, "types": ["Normal", "Flying"]}, "Vileplume": {"name": "Vileplume", "species": "Vileplume", "speciesId": "vileplume", "gender": "F", "shiny": false, "level": 85, "moves": ["sleeppowder", "sludgebomb", "gigadrain", "strengthsap"], "ability": "Effect Spore", "evs": {"hp": 85, "atk": 0, "def": 85, "spa": 85, "spd": 85, "spe": 85}, "ivs": {"hp": 31, "atk": 0, "def": 31, "spa": 31, "spd": 31, "spe": 31}, "item": "Leftovers", "teraType": "Steel", "role": "Bulky Attacker", "bvs": {"hp": 75, "atk": 80, "def": 85, "spa": 110, "spd": 90, "spe": 50}, "stats": {"hp": 266, "atk": 141, "def": 193, "spa": 236, "spd": 202, "spe": 134}, "types": ["Grass", "Poison"]}}, {"Iron Valiant": {"name": "Iron Valiant", "species": "Iron Valiant", "speciesId": "ironvaliant", "gender": "N", "shiny": false, "level": 78, "moves": ["swordsdance", "closecombat", "knockoff", "spiritbreak"], "ability": "Quark Drive", "evs": {"hp": 85, "atk": 85, "def": 85, "spa": 85, "spd": 85, "spe": 85}, "ivs": {"hp": 31, "atk": 31, "def": 31, "spa": 31, "spd": 31, "spe": 31}, "item": "Life Orb", "teraType": "Fighting", "role": "Setup Sweeper", "bvs": {"hp": 74, "atk": 130, "def": 90, "spa": 120, "spd": 60, "spe": 116}, "stats": {"hp": 244, "atk": 248, "def": 185, "spa": 232, "spd": 139, "spe": 226}, "types": ["Fairy", "Fighting"]}, "Greninja": {"name": "Greninja", "species": "Greninja-Bond", "speciesId": "greninjabond", "gender": "M", "shiny": false, "level": 80, "moves": ["darkpulse", "gunkshot", "icebeam", "hydropump"], "ability": "Battle Bond", "evs": {"hp": 85, "atk": 85, "def": 85, "spa": 85, "spd": 85, "spe": 85}, "ivs": {"hp": 31, "atk": 31, "def": 31, "spa": 31, "spd": 31, "spe": 31}, "item": "Life Orb", "teraType": "Poison", "role": "Fast Attacker", "bvs": {"hp": 72, "atk": 95, "def": 67, "spa": 103, "spd": 71, "spe": 122}, "stats": {"hp": 246, "atk": 198, "def": 153, "spa": 211, "spd": 160, "spe": 241}, "types": ["Water", "Dark"]}, "Krookodile": {"name": "Krookodile", "species": "Krookodile", "speciesId": "krookodile", "gender": "M", "shiny": false, "level": 79, "moves": ["earthquake", "gunkshot", "stoneedge", "knockoff"], "ability": "Intimidate", "evs": {"hp": 85, "atk": 85, "def": 85, "spa": 85, "spd": 85, "spe": 85}, "ivs": {"hp": 31, "atk": 31, "def": 31, "spa": 31, "spd": 31, "spe": 31}, "item": "Choice Scarf", "teraType": "Poison", "role": "Fast Attacker", "bvs": {"hp": 95, "atk": 117, "def": 80, "spa": 65, "spd": 70, "spe": 92}, "stats": {"hp": 280, "atk": 230, "def": 172, "spa": 148, "spd": 156, "spe": 191}, "types": ["Ground", "Dark"]}, "Vivillon": {"name": "Vivillon", "species": "Vivillon-Tundra", "speciesId": "vivillon", "gender": "F", "shiny": false, "level": 83, "moves": ["hurricane", "quiverdance", "terablast", "sleeppowder"], "ability": "Compound Eyes", "evs": {"hp": 85, "atk": 0, "def": 85, "spa": 85, "spd": 85, "spe": 85}, "ivs": {"hp": 31, "atk": 0, "def": 31, "spa": 31, "spd": 31, "spe": 31}, "item": "Heavy-Duty Boots", "teraType": "Ground", "role": "Tera Blast user", "bvs": {"hp": 80, "atk": 52, "def": 50, "spa": 90, "spd": 50, "spe": 89}, "stats": {"hp": 268, "atk": 91, "def": 131, "spa": 197, "spd": 131, "spe": 195}, "types": ["Bug", "Flying"]}, "Seviper": {"name": "Seviper", "species": "Seviper", "speciesId": "seviper", "gender": "M", "shiny": false, "level": 93, "moves": ["gunkshot", "earthquake", "switcheroo", "gigadrain"], "ability": "Infiltrator", "evs": {"hp": 85, "atk": 85, "def": 85, "spa": 85, "spd": 85, "spe": 85}, "ivs": {"hp": 31, "atk": 31, "def": 31, "spa": 31, "spd": 31, "spe": 31}, "item": "Choice Scarf", "teraType": "Ground", "role": "Fast Attacker", "bvs": {"hp": 73, "atk": 100, "def": 60, "spa": 100, "spd": 60, "spe": 65}, "stats": {"hp": 287, "atk": 239, "def": 164, "spa": 239, "spd": 164, "spe": 174}, "types": ["Poison"]}, "Swanna": {"name": "Swanna", "species": "Swanna", "speciesId": "swanna", "gender": "M", "shiny": false, "level": 89, "moves": ["bravebird", "hydropump", "defog", "roost"], "ability": "Hydration", "evs": {"hp": 85, "atk": 85, "def": 85, "spa": 85, "spd": 85, "spe": 85}, "ivs": {"hp": 31, "atk": 31, "def": 31, "spa": 31, "spd": 31, "spe": 31}, "item": "Heavy-Duty Boots", "teraType": "Ground", "role": "Bulky Support", "bvs": {"hp": 75, "atk": 87, "def": 63, "spa": 87, "spd": 63, "spe": 98}, "stats": {"hp": 278, "atk": 206, "def": 163, "spa": 206, "spd": 163, "spe": 225}, "types": ["Water", "Flying"]}}]}