{"id": "gen9randombattle-2641899438", "format": "[Gen 9] Random Battle", "players": ["angola_drip99", "testbotcif"], "log": "|j|\u2606angola_drip99\n|j|\u2606testbotcif\n|t:|1782855613\n|gametype|singles\n|player|p1|angola_drip99|170|1186\n|player|p2|testbotcif|266|1232\n|gen|9\n|tier|[Gen 9] Random Battle\n|rated|\n|rule|Species Clause: Limit one of each Pok\u00e9mon\n|rule|HP Percentage Mod: HP is shown in percentages\n|rule|Sleep Clause Mod: Limit one foe put to sleep\n|rule|Illusion Level Mod: Illusion disguises the Pok\u00e9mon's true level\n|\n|t:|1782855613\n|teamsize|p1|6\n|teamsize|p2|6\n|start\n|switch|p1a: Calyrex|Calyrex, L93|337/337\n|switch|p2a: Luvdisc|Luvdisc, M|247/247\n|-ability|p1a: Calyrex|Unnerve\n|turn|1\n|c|\u2606testbotcif|rlhf\n|inactive|Battle timer is ON: inactive players will automatically lose when time's up. (requested by testbotcif)\n|\n|t:|1782855629\n|switch|p2a: Ninetales|Ninetales-Alola, L78, M|242/242\n|-weather|Snowscape|[from] ability: Snow Warning|[of] p2a: Ninetales\n|move|p1a: Calyrex|Calm Mind|p1a: Calyrex\n|-boost|p1a: Calyrex|spa|1\n|-boost|p1a: Calyrex|spd|1\n|\n|-weather|Snowscape|[upkeep]\n|upkeep\n|turn|2\n|\n|t:|1782855641\n|move|p2a: Ninetales|Freeze-Dry|p1a: Calyrex\n|-supereffective|p1a: Calyrex\n|-damage|p1a: Calyrex|259/337\n|move|p1a: Calyrex|Psychic|p2a: Ninetales\n|-damage|p2a: Ninetales|104/242\n|\n|-weather|Snowscape|[upkeep]\n|-heal|p1a: Calyrex|280/337|[from] item: Leftovers\n|upkeep\n|turn|3\n|\n|t:|1782855652\n|move|p2a: Ninetales|Freeze-Dry|p1a: Calyrex\n|-supereffective|p1a: Calyrex\n|-damage|p1a: Calyrex|196/337\n|move|p1a: Calyrex|Psychic|p2a: Ninetales\n|-damage|p2a: Ninetales|0 fnt\n|faint|p2a: Ninetales\n|\n|-weather|Snowscape|[upkeep]\n|-heal|p1a: Calyrex|217/337|[from] item: Leftovers\n|upkeep\n|\n|t:|1782855652\n|switch|p2a: Tropius|Tropius, L91, M|328/328\n|turn|4\n|\n|t:|1782855665\n|move|p1a: Calyrex|Psychic|p2a: Tropius\n|-damage|p2a: Tropius|192/328\n|move|p2a: Tropius|Leech Seed|p1a: Calyrex\n|-immune|p1a: Calyrex\n|\n|-weather|Snowscape|[upkeep]\n|-heal|p1a: Calyrex|238/337|[from] item: Leftovers\n|upkeep\n|turn|5\n|\n|t:|1782855675\n|move|p2a: Tropius|Protect|p2a: Tropius\n|-singleturn|p2a: Tropius|Protect\n|move|p1a: Calyrex|Calm Mind|p1a: Calyrex\n|-boost|p1a: Calyrex|spa|1\n|-boost|p1a: Calyrex|spd|1\n|\n|-weather|none\n|-heal|p1a: Calyrex|259/337|[from] item: Leftovers\n|upkeep\n|turn|6\n|\n|t:|1782855685\n|move|p1a: Calyrex|Psychic|p2a: Tropius\n|-damage|p2a: Tropius|0 fnt\n|faint|p2a: Tropius\n|\n|-heal|p1a: Calyrex|280/337|[from] item: Leftovers\n|upkeep\n|\n|t:|1782855685\n|switch|p2a: Amoonguss|Amoonguss, L82, F|321/321\n|turn|7\n|\n|t:|1782855694\n|-terastallize|p2a: Amoonguss|Steel\n|move|p1a: Calyrex|Psychic|p2a: Amoonguss\n|-resisted|p2a: Amoonguss\n|-damage|p2a: Amoonguss|213/321\n|move|p2a: Amoonguss|Spore|p1a: Calyrex\n|-immune|p1a: Calyrex\n|\n|-heal|p1a: Calyrex|301/337|[from] item: Leftovers\n|-heal|p2a: Amoonguss|233/321|[from] item: Leftovers\n|upkeep\n|turn|8\n|\n|t:|1782855707\n|move|p1a: Calyrex|Calm Mind|p1a: Calyrex\n|-boost|p1a: Calyrex|spa|1\n|-boost|p1a: Calyrex|spd|1\n|move|p2a: Amoonguss|Giga Drain|p1a: Calyrex\n|-resisted|p1a: Calyrex\n|-damage|p1a: Calyrex|287/337\n|-heal|p2a: Amoonguss|240/321|[from] drain|[of] p1a: Calyrex\n|\n|-heal|p1a: Calyrex|308/337|[from] item: Leftovers\n|-heal|p2a: Amoonguss|260/321|[from] item: Leftovers\n|upkeep\n|turn|9\n|\n|t:|1782855718\n|move|p1a: Calyrex|Encore|p2a: Amoonguss\n|-start|p2a: Amoonguss|Encore\n|move|p2a: Amoonguss|Giga Drain|p1a: Calyrex\n|-resisted|p1a: Calyrex\n|-damage|p1a: Calyrex|293/337\n|-heal|p2a: Amoonguss|268/321|[from] drain|[of] p1a: Calyrex\n|\n|-heal|p1a: Calyrex|314/337|[from] item: Leftovers\n|-heal|p2a: Amoonguss|288/321|[from] item: Leftovers\n|upkeep\n|turn|10\n|\n|t:|1782855728\n|switch|p2a: Electrode|Electrode, L92|260/260\n|move|p1a: Calyrex|Calm Mind|p1a: Calyrex\n|-boost|p1a: Calyrex|spa|1\n|-boost|p1a: Calyrex|spd|1\n|\n|-heal|p1a: Calyrex|335/337|[from] item: Leftovers\n|upkeep\n|turn|11\n|\n|t:|1782855738\n|move|p2a: Electrode|Thunder Wave|p1a: Calyrex\n|-status|p1a: Calyrex|par\n|move|p1a: Calyrex|Giga Drain|p2a: Electrode\n|-damage|p2a: Electrode|0 fnt\n|-heal|p1a: Calyrex|337/337 par|[from] drain|[of] p2a: Electrode\n|faint|p2a: Electrode\n|\n|upkeep\n|\n|t:|1782855739\n|switch|p2a: Amoonguss|Amoonguss, L82, F, tera:Steel|321/321\n|turn|12\n|\n|t:|1782855751\n|move|p1a: Calyrex|Calm Mind|p1a: Calyrex\n|-boost|p1a: Calyrex|spa|1\n|-boost|p1a: Calyrex|spd|1\n|move|p2a: Amoonguss|Sludge Bomb|p1a: Calyrex\n|-supereffective|p1a: Calyrex\n|-damage|p1a: Calyrex|287/337 par\n|\n|-heal|p1a: Calyrex|308/337 par|[from] item: Leftovers\n|upkeep\n|turn|13\n|\n|t:|1782855760\n|move|p1a: Calyrex|Calm Mind|p1a: Calyrex\n|-boost|p1a: Calyrex|spa|1\n|-boost|p1a: Calyrex|spd|1\n|move|p2a: Amoonguss|Sludge Bomb|p1a: Calyrex\n|-supereffective|p1a: Calyrex\n|-damage|p1a: Calyrex|264/337 par\n|\n|-heal|p1a: Calyrex|285/337 par|[from] item: Leftovers\n|upkeep\n|turn|14\n|\n|t:|1782855771\n|move|p1a: Calyrex|Psychic|p2a: Amoonguss\n|-resisted|p2a: Amoonguss\n|-damage|p2a: Amoonguss|99/321\n|move|p2a: Amoonguss|Sludge Bomb|p1a: Calyrex\n|-supereffective|p1a: Calyrex\n|-damage|p1a: Calyrex|243/337 par\n|\n|-heal|p1a: Calyrex|264/337 par|[from] item: Leftovers\n|-heal|p2a: Amoonguss|119/321|[from] item: Leftovers\n|upkeep\n|turn|15\n|\n|t:|1782855781\n|move|p1a: Calyrex|Psychic|p2a: Amoonguss\n|-resisted|p2a: Amoonguss\n|-damage|p2a: Amoonguss|0 fnt\n|faint|p2a: Amoonguss\n|\n|-heal|p1a: Calyrex|285/337 par|[from] item: Leftovers\n|upkeep\n|\n|t:|1782855781\n|switch|p2a: Luvdisc|Luvdisc, M|247/247\n|turn|16\n|\n|t:|1782855790\n|move|p2a: Luvdisc|Substitute|p2a: Luvdisc\n|-start|p2a: Luvdisc|Substitute\n|-damage|p2a: Luvdisc|186/247\n|move|p1a: Calyrex|Giga Drain|p2a: Luvdisc\n|-supereffective|p2a: Luvdisc\n|-end|p2a: Luvdisc|Substitute\n|-heal|p1a: Calyrex|316/337 par|[from] drain|[of] p2a: Luvdisc\n|\n|-heal|p1a: Calyrex|337/337 par|[from] item: Leftovers\n|upkeep\n|turn|17\n|\n|t:|1782855802\n|move|p2a: Luvdisc|Endeavor|p1a: Calyrex\n|-damage|p1a: Calyrex|186/337 par\n|move|p1a: Calyrex|Giga Drain|p2a: Luvdisc\n|-supereffective|p2a: Luvdisc\n|-damage|p2a: Luvdisc|0 fnt\n|-heal|p1a: Calyrex|279/337 par|[from] drain|[of] p2a: Luvdisc\n|faint|p2a: Luvdisc\n|\n|-heal|p1a: Calyrex|300/337 par|[from] item: Leftovers\n|upkeep\n|\n|t:|1782855802\n|switch|p2a: Drednaw|Drednaw, L81, F|278/278\n|turn|18\n|\n|t:|1782855815\n|move|p2a: Drednaw|Shell Smash|p2a: Drednaw\n|-unboost|p2a: Drednaw|def|1\n|-unboost|p2a: Drednaw|spd|1\n|-boost|p2a: Drednaw|atk|2\n|-boost|p2a: Drednaw|spa|2\n|-boost|p2a: Drednaw|spe|2\n|-enditem|p2a: Drednaw|White Herb\n|-clearnegativeboost|p2a: Drednaw|[silent]\n|move|p1a: Calyrex|Giga Drain|p2a: Drednaw\n|-supereffective|p2a: Drednaw\n|-damage|p2a: Drednaw|0 fnt\n|-heal|p1a: Calyrex|337/337 par|[from] drain|[of] p2a: Drednaw\n|faint|p2a: Drednaw\n|\n|win|angola_drip99\n|raw|angola_drip99's rating: 1186 &rarr; <strong>1214</strong><br />(+28 for winning)\n|raw|testbotcif's rating: 1232 &rarr; <strong>1204</strong><br />(-28 for losing)\n", "inputlog": ">version f8ac14003a5f27e1bdc8d8c59608a773c1cb96e5\n>start {\"formatid\":\"gen9randombattle\",\"seed\":\"sodium,8d46c05433c9ddf142520511aa03c136\",\"rated\":\"Rated battle\"}\n>player p1 {\"name\":\"angola_drip99\",\"avatar\":\"170\",\"rating\":1186,\"seed\":\"sodium,bca5fc70e9ee7554d9f1eaebea2d1d95\"}\n>player p2 {\"name\":\"testbotcif\",\"avatar\":\"266\",\"rating\":1232,\"seed\":\"sodium,ef239db2950e39b8cafb46758dbe0fca\"}\n>chat \u2606testbotcif|rlhf\n>p1 move calmmind\n>p2 switch 4\n>p1 move psychic\n>p2 move freezedry\n>p1 move psychic\n>p2 move freezedry\n>p2 switch 2\n>p1 move psychic\n>p2 move leechseed\n>p1 move calmmind\n>p2 move protect\n>p1 move psychic\n>p2 move airslash\n>p2 switch 3\n>p1 move psychic\n>p2 move spore terastallize\n>p1 move calmmind\n>p2 move gigadrain\n>p1 move encore\n>p2 move stompingtantrum\n>p1 move calmmind\n>p2 switch 6\n>p1 move gigadrain\n>p2 move thunderwave\n>p2 switch 6\n>p1 move calmmind\n>p2 move sludgebomb\n>p1 move calmmind\n>p2 move sludgebomb\n>p1 move psychic\n>p2 move sludgebomb\n>p1 move psychic\n>p2 move spore\n>p2 switch 4\n>p1 move gigadrain\n>p2 move substitute\n>p1 move gigadrain\n>p2 move endeavor\n>p2 switch 5\n>p1 move gigadrain\n>p2 move shellsmash", "uploadtime": 1782855815, "views": 6, "formatid": "gen9randombattle", "rating": 1204, "private": 0, "password": null, "player_dets": [{"name": "angola_drip99", "avatar": "170", "rating": 1186, "seed": "sodium,bca5fc70e9ee7554d9f1eaebea2d1d95"}, {"name": "testbotcif", "avatar": "266", "rating": 1232, "seed": "sodium,ef239db2950e39b8cafb46758dbe0fca"}], "teams_full": [{"Calyrex": {"name": "Calyrex", "species": "Calyrex", "speciesId": "calyrex", "gender": "N", "shiny": false, "level": 93, "moves": ["calmmind", "encore", "psychic", "gigadrain"], "ability": "Unnerve", "evs": {"hp": 85, "atk": 0, "def": 85, "spa": 85, "spd": 85, "spe": 85}, "ivs": {"hp": 31, "atk": 0, "def": 31, "spa": 31, "spd": 31, "spe": 31}, "item": "Leftovers", "teraType": "Steel", "role": "Bulky Setup", "bvs": {"hp": 100, "atk": 80, "def": 80, "spa": 80, "spd": 80, "spe": 80}, "stats": {"hp": 337, "atk": 153, "def": 202, "spa": 202, "spd": 202, "spe": 202}, "types": ["Psychic", "Grass"]}, "Morpeko": {"name": "Morpeko", "species": "Morpeko", "speciesId": "morpeko", "gender": "F", "shiny": false, "level": 88, "moves": ["rapidspin", "protect", "partingshot", "aurawheel"], "ability": "Hunger Switch", "evs": {"hp": 85, "atk": 85, "def": 85, "spa": 85, "spd": 85, "spe": 85}, "ivs": {"hp": 31, "atk": 31, "def": 31, "spa": 31, "spd": 31, "spe": 31}, "item": "Heavy-Duty Boots", "teraType": "Electric", "role": "Fast Support", "bvs": {"hp": 58, "atk": 95, "def": 58, "spa": 70, "spd": 58, "spe": 97}, "stats": {"hp": 245, "atk": 217, "def": 152, "spa": 173, "spd": 152, "spe": 221}, "types": ["Electric", "Dark"]}, "Oricorio": {"name": "Oricorio", "species": "Oricorio-Pa'u", "speciesId": "oricoriopau", "gender": "M", "shiny": false, "level": 87, "moves": ["revelationdance", "quiverdance", "roost", "hurricane"], "ability": "Dancer", "evs": {"hp": 85, "atk": 0, "def": 85, "spa": 85, "spd": 85, "spe": 85}, "ivs": {"hp": 31, "atk": 0, "def": 31, "spa": 31, "spd": 31, "spe": 31}, "item": "Heavy-Duty Boots", "teraType": "Fighting", "role": "Setup Sweeper", "bvs": {"hp": 75, "atk": 70, "def": 70, "spa": 98, "spd": 70, "spe": 93}, "stats": {"hp": 272, "atk": 126, "def": 172, "spa": 220, "spd": 172, "spe": 212}, "types": ["Psychic", "Flying"]}, "Tornadus": {"name": "Tornadus", "species": "Tornadus-Therian", "speciesId": "tornadustherian", "gender": "M", "shiny": false, "level": 79, "moves": ["uturn", "knockoff", "bleakwindstorm", "heatwave"], "ability": "Regenerator", "evs": {"hp": 85, "atk": 85, "def": 85, "spa": 85, "spd": 85, "spe": 85}, "ivs": {"hp": 31, "atk": 31, "def": 31, "spa": 31, "spd": 31, "spe": 31}, "item": "Assault Vest", "teraType": "Dark", "role": "AV Pivot", "bvs": {"hp": 79, "atk": 100, "def": 80, "spa": 110, "spd": 90, "spe": 121}, "stats": {"hp": 254, "atk": 204, "def": 172, "spa": 219, "spd": 188, "spe": 237}, "types": ["Flying"]}, "Volcanion": {"name": "Volcanion", "species": "Volcanion", "speciesId": "volcanion", "gender": "N", "shiny": false, "level": 79, "moves": ["sludgebomb", "steameruption", "flamethrower", "flamecharge"], "ability": "Water Absorb", "evs": {"hp": 81, "atk": 85, "def": 85, "spa": 85, "spd": 85, "spe": 85}, "ivs": {"hp": 31, "atk": 31, "def": 31, "spa": 31, "spd": 31, "spe": 31}, "item": "Assault Vest", "teraType": "Water", "role": "Bulky Attacker", "bvs": {"hp": 80, "atk": 110, "def": 120, "spa": 130, "spd": 90, "spe": 70}, "stats": {"hp": 255, "atk": 219, "def": 235, "spa": 251, "spd": 188, "spe": 156}, "types": ["Fire", "Water"]}, "Banette": {"name": "Banette", "species": "Banette", "speciesId": "banette", "gender": "F", "shiny": false, "level": 93, "moves": ["shadowsneak", "poltergeist", "thunderwave", "gunkshot"], "ability": "Insomnia", "evs": {"hp": 85, "atk": 85, "def": 85, "spa": 85, "spd": 85, "spe": 85}, "ivs": {"hp": 31, "atk": 31, "def": 31, "spa": 31, "spd": 31, "spe": 31}, "item": "Life Orb", "teraType": "Ghost", "role": "Wallbreaker", "bvs": {"hp": 64, "atk": 115, "def": 65, "spa": 83, "spd": 63, "spe": 65}, "stats": {"hp": 270, "atk": 267, "def": 174, "spa": 207, "spd": 170, "spe": 174}, "types": ["Ghost"]}}, {"Luvdisc": {"name": "Luvdisc", "species": "Luvdisc", "speciesId": "luvdisc", "gender": "M", "shiny": false, "level": 100, "moves": ["whirlpool", "substitute", "surf", "endeavor"], "ability": "Swift Swim", "evs": {"hp": 81, "atk": 0, "def": 85, "spa": 85, "spd": 85, "spe": 85}, "ivs": {"hp": 31, "atk": 0, "def": 31, "spa": 31, "spd": 31, "spe": 31}, "item": "Heavy-Duty Boots", "teraType": "Ghost", "role": "Fast Support", "bvs": {"hp": 43, "atk": 30, "def": 55, "spa": 40, "spd": 65, "spe": 97}, "stats": {"hp": 247, "atk": 65, "def": 167, "spa": 137, "spd": 187, "spe": 251}, "types": ["Water"]}, "Tropius": {"name": "Tropius", "species": "Tropius", "speciesId": "tropius", "gender": "M", "shiny": false, "level": 91, "moves": ["leechseed", "protect", "substitute", "airslash"], "ability": "Harvest", "evs": {"hp": 85, "atk": 0, "def": 85, "spa": 85, "spd": 85, "spe": 85}, "ivs": {"hp": 31, "atk": 0, "def": 31, "spa": 31, "spd": 31, "spe": 31}, "item": "Sitrus Berry", "teraType": "Steel", "role": "Bulky Support", "bvs": {"hp": 99, "atk": 68, "def": 83, "spa": 72, "spd": 87, "spe": 51}, "stats": {"hp": 328, "atk": 128, "def": 203, "spa": 183, "spd": 210, "spe": 145}, "types": ["Grass", "Flying"]}, "Amoonguss": {"name": "Amoonguss", "species": "Amoonguss", "speciesId": "amoonguss", "gender": "F", "shiny": false, "level": 82, "moves": ["spore", "sludgebomb", "gigadrain", "stompingtantrum"], "ability": "Regenerator", "evs": {"hp": 85, "atk": 85, "def": 85, "spa": 85, "spd": 85, "spe": 85}, "ivs": {"hp": 31, "atk": 31, "def": 31, "spa": 31, "spd": 31, "spe": 31}, "item": "Leftovers", "teraType": "Steel", "role": "Bulky Attacker", "bvs": {"hp": 114, "atk": 85, "def": 70, "spa": 85, "spd": 80, "spe": 30}, "stats": {"hp": 321, "atk": 187, "def": 162, "spa": 187, "spd": 178, "spe": 96}, "types": ["Grass", "Poison"]}, "Ninetales": {"name": "Ninetales", "species": "Ninetales-Alola", "speciesId": "ninetalesalola", "gender": "M", "shiny": false, "level": 78, "moves": ["freezedry", "moonblast", "auroraveil", "blizzard"], "ability": "Snow Warning", "evs": {"hp": 85, "atk": 0, "def": 85, "spa": 85, "spd": 85, "spe": 85}, "ivs": {"hp": 31, "atk": 0, "def": 31, "spa": 31, "spd": 31, "spe": 31}, "item": "Light Clay", "teraType": "Steel", "role": "Fast Attacker", "bvs": {"hp": 73, "atk": 67, "def": 75, "spa": 81, "spd": 100, "spe": 109}, "stats": {"hp": 242, "atk": 109, "def": 162, "spa": 171, "spd": 201, "spe": 215}, "types": ["Ice", "Fairy"]}, "Drednaw": {"name": "Drednaw", "species": "Drednaw", "speciesId": "drednaw", "gender": "F", "shiny": false, "level": 81, "moves": ["stoneedge", "shellsmash", "liquidation", "crunch"], "ability": "Strong Jaw", "evs": {"hp": 85, "atk": 85, "def": 85, "spa": 85, "spd": 85, "spe": 85}, "ivs": {"hp": 31, "atk": 31, "def": 31, "spa": 31, "spd": 31, "spe": 31}, "item": "White Herb", "teraType": "Dark", "role": "Setup Sweeper", "bvs": {"hp": 90, "atk": 115, "def": 90, "spa": 48, "spd": 68, "spe": 74}, "stats": {"hp": 278, "atk": 233, "def": 192, "spa": 124, "spd": 157, "spe": 167}, "types": ["Water", "Rock"]}, "Electrode": {"name": "Electrode", "species": "Electrode", "speciesId": "electrode", "gender": "N", "shiny": false, "level": 92, "moves": ["taunt", "foulplay", "thunderbolt", "thunderwave"], "ability": "Static", "evs": {"hp": 85, "atk": 0, "def": 85, "spa": 85, "spd": 85, "spe": 85}, "ivs": {"hp": 31, "atk": 0, "def": 31, "spa": 31, "spd": 31, "spe": 31}, "item": "Leftovers", "teraType": "Dark", "role": "Fast Support", "bvs": {"hp": 60, "atk": 50, "def": 70, "spa": 80, "spd": 80, "spe": 150}, "stats": {"hp": 260, "atk": 97, "def": 181, "spa": 200, "spd": 200, "spe": 328}, "types": ["Electric"]}}]}