{"id": "gen9randombattle-2642155690", "format": "[Gen 9] Random Battle", "players": ["Galak0", "botbeater6767"], "log": "|j|\u203dGalak0\n|j|\u2606botbeater6767\n|t:|1782901804\n|gametype|singles\n|player|p1|Galak0|102|2259\n|player|p2|botbeater6767|265|2284\n|gen|9\n|tier|[Gen 9] Random Battle\n|rated|\n|rule|Species Clause: Limit one of each Pok\u00e9mon\n|rule|HP Percentage Mod: HP is shown in percentages\n|rule|Sleep Clause Mod: Limit one foe put to sleep\n|rule|Illusion Level Mod: Illusion disguises the Pok\u00e9mon's true level\n|\n|t:|1782901804\n|teamsize|p1|6\n|teamsize|p2|6\n|start\n|switch|p1a: Eelektross|Eelektross, L87, F|290/290\n|switch|p2a: Dialga|Dialga-Origin, L73|266/266\n|-ability|p2a: Dialga|Pressure\n|turn|1\n|c|\u2606botbeater6767|hf\n|inactive|Battle timer is ON: inactive players will automatically lose when time's up. (requested by botbeater6767)\n|\n|t:|1782901809\n|move|p2a: Dialga|Stealth Rock|p1a: Eelektross\n|-sidestart|p1: Galak0|move: Stealth Rock\n|move|p1a: Eelektross|Coil|p1a: Eelektross\n|-boost|p1a: Eelektross|atk|1\n|-boost|p1a: Eelektross|def|1\n|-boost|p1a: Eelektross|accuracy|1\n|\n|upkeep\n|turn|2\n|\n|t:|1782901811\n|-terastallize|p2a: Dialga|Dragon\n|move|p2a: Dialga|Draco Meteor|p1a: Eelektross\n|-damage|p1a: Eelektross|26/290\n|-unboost|p2a: Dialga|spa|2\n|move|p1a: Eelektross|Drain Punch|p2a: Dialga\n|-damage|p2a: Dialga|177/266\n|-heal|p1a: Eelektross|71/290|[from] drain|[of] p2a: Dialga\n|\n|-heal|p1a: Eelektross|89/290|[from] item: Leftovers\n|upkeep\n|turn|3\n|l|\u203dGalak0\n|inactive|Galak0 disconnected and has a minute to reconnect!\n|player|p1|\n|j|\u203dGalak0\n|inactive|Galak0 reconnected and has 125 seconds left.\n|player|p1|Galak0|102|\n|n|\u203dGalak0|galak0\n|n|\u203dGalak0|galak0\n|inactive|Galak0 has 120 seconds left.\n|\n|t:|1782901846\n|switch|p1a: Gothitelle|Gothitelle, L90, M|272/272\n|-damage|p1a: Gothitelle|238/272|[from] Stealth Rock\n|move|p2a: Dialga|Draco Meteor|p1a: Gothitelle\n|-damage|p1a: Gothitelle|140/272\n|-unboost|p2a: Dialga|spa|2\n|\n|upkeep\n|turn|4\n|\n|t:|1782901854\n|move|p1a: Gothitelle|Psychic|p2a: Dialga\n|-damage|p2a: Dialga|78/266\n|move|p2a: Dialga|Heavy Slam|p1a: Gothitelle\n|-damage|p1a: Gothitelle|40/272\n|\n|upkeep\n|turn|5\n|\n|t:|1782901859\n|move|p1a: Gothitelle|Psychic|p2a: Dialga\n|-damage|p2a: Dialga|0 fnt\n|faint|p2a: Dialga\n|\n|upkeep\n|\n|t:|1782901860\n|switch|p2a: Duraludon|Duraludon, L82, M|249/249\n|turn|6\n|\n|t:|1782901868\n|switch|p1a: Necrozma|Necrozma-Dusk-Mane, L69|248/248\n|-damage|p1a: Necrozma|233/248|[from] Stealth Rock\n|move|p2a: Duraludon|Flash Cannon|p1a: Necrozma\n|-resisted|p1a: Necrozma\n|-damage|p1a: Necrozma|182/248\n|\n|upkeep\n|turn|7\n|\n|t:|1782901871\n|move|p1a: Necrozma|Dragon Dance|p1a: Necrozma\n|-boost|p1a: Necrozma|atk|1\n|-boost|p1a: Necrozma|spe|1\n|move|p2a: Duraludon|Dragon Tail|p1a: Necrozma\n|-resisted|p1a: Necrozma\n|-damage|p1a: Necrozma|152/248\n|drag|p1a: Dragonite|Dragonite, L74, F|257/257\n|\n|upkeep\n|turn|8\n|\n|t:|1782901875\n|move|p1a: Dragonite|Earthquake|p2a: Duraludon\n|-supereffective|p2a: Duraludon\n|-damage|p2a: Duraludon|167/249\n|move|p2a: Duraludon|Dragon Tail|p1a: Dragonite\n|-supereffective|p1a: Dragonite\n|-damage|p1a: Dragonite|191/257\n|drag|p1a: Eelektross|Eelektross, L87, F|89/290\n|-damage|p1a: Eelektross|53/290|[from] Stealth Rock\n|\n|-heal|p1a: Eelektross|71/290|[from] item: Leftovers\n|upkeep\n|turn|9\n|\n|t:|1782901880\n|move|p2a: Duraludon|Draco Meteor|p1a: Eelektross\n|-damage|p1a: Eelektross|0 fnt\n|-unboost|p2a: Duraludon|spa|2\n|faint|p1a: Eelektross\n|\n|upkeep\n|\n|t:|1782901884\n|switch|p1a: Gothitelle|Gothitelle, L90, M|40/272\n|-damage|p1a: Gothitelle|6/272|[from] Stealth Rock\n|turn|10\n|\n|t:|1782901885\n|move|p1a: Gothitelle|Focus Blast|p2a: Duraludon|[miss]\n|-miss|p1a: Gothitelle|p2a: Duraludon\n|move|p2a: Duraludon|Body Press|p1a: Gothitelle\n|-resisted|p1a: Gothitelle\n|-damage|p1a: Gothitelle|0 fnt\n|faint|p1a: Gothitelle\n|\n|upkeep\n|\n|t:|1782901890\n|switch|p1a: Mudsdale|Mudsdale, L83, M|302/302\n|-damage|p1a: Mudsdale|284/302|[from] Stealth Rock\n|turn|11\n|\n|t:|1782901891\n|switch|p2a: Moltres|Moltres-Galar, L79|271/271\n|move|p1a: Mudsdale|Earthquake|p2a: Moltres\n|-immune|p2a: Moltres\n|\n|-heal|p1a: Mudsdale|302/302|[from] item: Leftovers\n|upkeep\n|turn|12\n|\n|t:|1782901894\n|move|p2a: Moltres|Nasty Plot|p2a: Moltres\n|-boost|p2a: Moltres|spa|2\n|move|p1a: Mudsdale|Roar|p2a: Moltres\n|drag|p2a: Duraludon|Duraludon, L82, M|167/249\n|\n|upkeep\n|turn|13\n|\n|t:|1782901896\n|switch|p2a: Moltres|Moltres-Galar, L79|271/271\n|move|p1a: Mudsdale|Earthquake|p2a: Moltres\n|-immune|p2a: Moltres\n|\n|upkeep\n|turn|14\n|\n|t:|1782901898\n|move|p2a: Moltres|Nasty Plot|p2a: Moltres\n|-boost|p2a: Moltres|spa|2\n|move|p1a: Mudsdale|Roar|p2a: Moltres\n|drag|p2a: Banette|Banette, L93, M|270/270\n|\n|upkeep\n|turn|15\n|\n|t:|1782901900\n|move|p2a: Banette|Poltergeist|p1a: Mudsdale\n|-activate|p1a: Mudsdale|move: Poltergeist|Leftovers\n|-damage|p1a: Mudsdale|102/302\n|-ability|p1a: Mudsdale|Stamina|boost\n|-boost|p1a: Mudsdale|def|1\n|-damage|p2a: Banette|243/270|[from] item: Life Orb\n|move|p1a: Mudsdale|Earthquake|p2a: Banette\n|-damage|p2a: Banette|93/270\n|\n|-heal|p1a: Mudsdale|120/302|[from] item: Leftovers\n|upkeep\n|turn|16\n|\n|t:|1782901904\n|move|p2a: Banette|Poltergeist|p1a: Mudsdale|[miss]\n|-miss|p2a: Banette|p1a: Mudsdale\n|move|p1a: Mudsdale|Earthquake|p2a: Banette\n|-damage|p2a: Banette|0 fnt\n|-start|p1a: Mudsdale|Disable|Earthquake|[from] ability: Cursed Body|[of] p2a: Banette\n|faint|p2a: Banette\n|\n|-heal|p1a: Mudsdale|138/302|[from] item: Leftovers\n|upkeep\n|\n|t:|1782901905\n|switch|p2a: Medicham|Medicham, L86, F|243/243\n|turn|17\n|\n|t:|1782901910\n|move|p2a: Medicham|Close Combat|p1a: Mudsdale\n|-damage|p1a: Mudsdale|0 fnt\n|-unboost|p2a: Medicham|def|1\n|-unboost|p2a: Medicham|spd|1\n|faint|p1a: Mudsdale\n|\n|upkeep\n|\n|t:|1782901915\n|switch|p1a: Dragonite|Dragonite, L74, F|191/257\n|turn|18\n|\n|t:|1782901918\n|switch|p2a: Duraludon|Duraludon, L82, M|167/249\n|move|p1a: Dragonite|Dragon Dance|p1a: Dragonite\n|-boost|p1a: Dragonite|atk|1\n|-boost|p1a: Dragonite|spe|1\n|\n|upkeep\n|turn|19\n|\n|t:|1782901922\n|-terastallize|p1a: Dragonite|Ground\n|move|p1a: Dragonite|Earthquake|p2a: Duraludon\n|-supereffective|p2a: Duraludon\n|-damage|p2a: Duraludon|0 fnt\n|faint|p2a: Duraludon\n|\n|upkeep\n|\n|t:|1782901923\n|switch|p2a: Medicham|Medicham, L86, F|243/243\n|turn|20\n|\n|t:|1782901928\n|move|p1a: Dragonite|Roost|p1a: Dragonite\n|-heal|p1a: Dragonite|257/257\n|move|p2a: Medicham|Zen Headbutt|p1a: Dragonite\n|-damage|p1a: Dragonite|165/257\n|\n|upkeep\n|turn|21\n|\n|t:|1782901933\n|move|p1a: Dragonite|Roost|p1a: Dragonite\n|-heal|p1a: Dragonite|257/257\n|move|p2a: Medicham|Zen Headbutt|p1a: Dragonite\n|-damage|p1a: Dragonite|152/257\n|\n|upkeep\n|turn|22\n|\n|t:|1782901934\n|move|p1a: Dragonite|Roost|p1a: Dragonite\n|-heal|p1a: Dragonite|257/257\n|move|p2a: Medicham|Zen Headbutt|p1a: Dragonite|[miss]\n|-miss|p2a: Medicham|p1a: Dragonite\n|\n|upkeep\n|turn|23\n|\n|t:|1782901937\n|move|p1a: Dragonite|Dragon Dance|p1a: Dragonite\n|-boost|p1a: Dragonite|atk|1\n|-boost|p1a: Dragonite|spe|1\n|move|p2a: Medicham|Zen Headbutt|p1a: Dragonite\n|-damage|p1a: Dragonite|155/257\n|\n|upkeep\n|turn|24\n|\n|t:|1782901939\n|move|p1a: Dragonite|Earthquake|p2a: Medicham\n|-damage|p2a: Medicham|3/243\n|move|p2a: Medicham|Zen Headbutt|p1a: Dragonite|[miss]\n|-miss|p2a: Medicham|p1a: Dragonite\n|\n|upkeep\n|turn|25\n|\n|t:|1782901942\n|switch|p2a: Moltres|Moltres-Galar, L79|271/271\n|move|p1a: Dragonite|Earthquake|p2a: Moltres\n|-immune|p2a: Moltres\n|\n|upkeep\n|turn|26\n|\n|t:|1782901945\n|move|p1a: Dragonite|Outrage|p2a: Moltres\n|-damage|p2a: Moltres|1/271\n|-ability|p2a: Moltres|Berserk|boost\n|-boost|p2a: Moltres|spa|1\n|move|p2a: Moltres|Hurricane|p1a: Dragonite\n|-damage|p1a: Dragonite|0 fnt\n|faint|p1a: Dragonite\n|\n|upkeep\n|\n|t:|1782901949\n|switch|p1a: Raging Bolt|Raging Bolt, L78|323/323\n|-damage|p1a: Raging Bolt|283/323|[from] Stealth Rock\n|turn|27\n|\n|t:|1782901953\n|move|p2a: Moltres|Rest|p2a: Moltres\n|-status|p2a: Moltres|slp|[from] move: Rest\n|-heal|p2a: Moltres|271/271 slp|[silent]\n|-enditem|p2a: Moltres|Chesto Berry|[eat]\n|-curestatus|p2a: Moltres|slp|[msg]\n|move|p1a: Raging Bolt|Discharge|p2a: Moltres\n|-supereffective|p2a: Moltres\n|-damage|p2a: Moltres|103/271\n|-status|p2a: Moltres|par\n|-ability|p2a: Moltres|Berserk|boost\n|-boost|p2a: Moltres|spa|1\n|\n|upkeep\n|turn|28\n|\n|t:|1782901955\n|switch|p2a: Pachirisu|Pachirisu, L96, M|271/271\n|move|p1a: Raging Bolt|Discharge|p2a: Pachirisu\n|-immune|p2a: Pachirisu|[from] ability: Volt Absorb\n|\n|upkeep\n|turn|29\n|\n|t:|1782901958\n|move|p2a: Pachirisu|Super Fang|p1a: Raging Bolt\n|-damage|p1a: Raging Bolt|142/323\n|move|p1a: Raging Bolt|Draco Meteor|p2a: Pachirisu\n|-damage|p2a: Pachirisu|145/271\n|-unboost|p1a: Raging Bolt|spa|2\n|\n|upkeep\n|turn|30\n|\n|t:|1782901962\n|-end|p1a: Raging Bolt|Protosynthesis|[silent]\n|switch|p1a: Necrozma|Necrozma-Dusk-Mane, L69|152/248\n|-damage|p1a: Necrozma|137/248|[from] Stealth Rock\n|move|p2a: Pachirisu|Super Fang|p1a: Necrozma\n|-damage|p1a: Necrozma|69/248\n|\n|upkeep\n|turn|31\n|\n|t:|1782901965\n|move|p2a: Pachirisu|Discharge|p1a: Necrozma\n|-damage|p1a: Necrozma|2/248\n|move|p1a: Necrozma|Dragon Dance|p1a: Necrozma\n|-boost|p1a: Necrozma|atk|1\n|-boost|p1a: Necrozma|spe|1\n|\n|upkeep\n|turn|32\n|\n|t:|1782901969\n|move|p2a: Pachirisu|Discharge|p1a: Necrozma\n|-damage|p1a: Necrozma|0 fnt\n|faint|p1a: Necrozma\n|\n|upkeep\n|l|\u203dGalak0\n|inactive|Galak0 disconnected and has a minute to reconnect!\n|player|p1|\n|inactive|Galak0 has 30 seconds to reconnect!\n|inactive|Galak0 has 20 seconds to reconnect!\n|inactive|Galak0 has 15 seconds to reconnect!\n|inactive|Galak0 has 10 seconds to reconnect!\n|inactive|Galak0 has 5 seconds to reconnect!\n|-message|Galak0 lost due to inactivity.\n|\n|win|botbeater6767\n|raw|Galak0's rating: 2259 &rarr; <strong>2240</strong><br />(-19 for losing)\n|raw|botbeater6767's rating: 2284 &rarr; <strong>2303</strong><br />(+19 for winning)\n", "inputlog": ">version f8ac14003a5f27e1bdc8d8c59608a773c1cb96e5\n>start {\"formatid\":\"gen9randombattle\",\"seed\":\"sodium,3aeb58f23e1a23a33e472ae401cbc68c\",\"rated\":\"Rated battle\"}\n>player p1 {\"name\":\"Galak0\",\"avatar\":\"102\",\"rating\":2259,\"seed\":\"sodium,b0d1282798a0858c9c2109076cdf29ff\"}\n>player p2 {\"name\":\"botbeater6767\",\"avatar\":\"265\",\"rating\":2284,\"seed\":\"sodium,6b661e625da458fa98a7c1acc18968af\"}\n>chat \u2606botbeater6767|hf\n>p1 move coil\n>p2 move stealthrock\n>p1 move drainpunch\n>p2 move dracometeor terastallize\n>p1 switch 3\n>p2 move dracometeor\n>p1 move psychic\n>p2 move heavyslam\n>p1 move psychic\n>p2 move heavyslam\n>p2 switch 5\n>p1 switch 2\n>p2 move flashcannon\n>p1 move dragondance\n>p2 move dragontail\n>p1 move earthquake\n>p2 move dragontail\n>p1 move drainpunch\n>p2 move dracometeor\n>p1 switch 2\n>p1 move focusblast\n>p2 move bodypress\n>p1 switch 6\n>p1 move earthquake\n>p2 switch 6\n>p1 move roar\n>p2 move nastyplot\n>p1 move earthquake\n>p2 switch 6\n>p1 move roar\n>p2 move nastyplot\n>p1 move earthquake\n>p2 move poltergeist\n>p1 move earthquake\n>p2 move poltergeist\n>p2 switch 3\n>p1 move heavyslam\n>p2 move closecombat\n>p1 switch 3\n>p1 move dragondance\n>p2 switch 6\n>p1 move earthquake terastallize\n>p2 move dragontail\n>p2 switch 6\n>p1 move roost\n>p2 move zenheadbutt\n>p1 move roost\n>p2 move zenheadbutt\n>p1 move roost\n>p2 move zenheadbutt\n>p1 move dragondance\n>p2 move zenheadbutt\n>p1 move earthquake\n>p2 move zenheadbutt\n>p1 move earthquake\n>p2 switch 2\n>p1 move outrage\n>p2 move hurricane\n>p1 switch 4\n>p1 move discharge\n>p2 move rest\n>p1 move discharge\n>p2 switch 4\n>p1 move dracometeor\n>p2 move superfang\n>p1 switch 5\n>p2 move superfang\n>p1 move dragondance\n>p2 move discharge\n>p1 move earthquake\n>p2 move discharge\n>forcelose p1", "uploadtime": 1782902029, "views": 6, "formatid": "gen9randombattle", "rating": 2240, "private": 0, "password": null, "player_dets": [{"name": "Galak0", "avatar": "102", "rating": 2259, "seed": "sodium,b0d1282798a0858c9c2109076cdf29ff"}, {"name": "botbeater6767", "avatar": "265", "rating": 2284, "seed": "sodium,6b661e625da458fa98a7c1acc18968af"}], "teams_full": [{"Eelektross": {"name": "Eelektross", "species": "Eelektross", "speciesId": "eelektross", "gender": "F", "shiny": false, "level": 87, "moves": ["drainpunch", "coil", "supercellslam", "knockoff"], "ability": "Levitate", "evs": {"hp": 85, "atk": 85, "def": 85, "spa": 85, "spd": 85, "spe": 85}, "ivs": {"hp": 31, "atk": 31, "def": 31, "spa": 31, "spd": 31, "spe": 31}, "item": "Leftovers", "teraType": "Fighting", "role": "Bulky Setup", "bvs": {"hp": 85, "atk": 115, "def": 80, "spa": 105, "spd": 80, "spe": 50}, "stats": {"hp": 290, "atk": 250, "def": 189, "spa": 232, "spd": 189, "spe": 137}, "types": ["Electric"]}, "Necrozma": {"name": "Necrozma", "species": "Necrozma-Dusk-Mane", "speciesId": "necrozmaduskmane", "gender": "N", "shiny": false, "level": 69, "moves": ["dragondance", "earthquake", "sunsteelstrike", "morningsun"], "ability": "Prism Armor", "evs": {"hp": 85, "atk": 85, "def": 85, "spa": 85, "spd": 85, "spe": 85}, "ivs": {"hp": 31, "atk": 31, "def": 31, "spa": 31, "spd": 31, "spe": 31}, "item": "Weakness Policy", "teraType": "Ground", "role": "Bulky Setup", "bvs": {"hp": 97, "atk": 157, "def": 127, "spa": 113, "spd": 109, "spe": 77}, "stats": {"hp": 248, "atk": 257, "def": 216, "spa": 196, "spd": 191, "spe": 147}, "types": ["Psychic", "Steel"]}, "Gothitelle": {"name": "Gothitelle", "species": "Gothitelle", "speciesId": "gothitelle", "gender": "M", "shiny": false, "level": 90, "moves": ["darkpulse", "trick", "focusblast", "psychic"], "ability": "Shadow Tag", "evs": {"hp": 85, "atk": 0, "def": 85, "spa": 85, "spd": 85, "spe": 85}, "ivs": {"hp": 31, "atk": 0, "def": 31, "spa": 31, "spd": 31, "spe": 31}, "item": "Choice Scarf", "teraType": "Steel", "role": "Fast Attacker", "bvs": {"hp": 70, "atk": 55, "def": 95, "spa": 95, "spd": 110, "spe": 65}, "stats": {"hp": 272, "atk": 104, "def": 222, "spa": 222, "spd": 249, "spe": 168}, "types": ["Psychic"]}, "Raging Bolt": {"name": "Raging Bolt", "species": "Raging Bolt", "speciesId": "ragingbolt", "gender": "N", "shiny": false, "level": 78, "moves": ["dracometeor", "discharge", "thunderclap", "voltswitch"], "ability": "Protosynthesis", "evs": {"hp": 85, "atk": 0, "def": 85, "spa": 85, "spd": 85, "spe": 85}, "ivs": {"hp": 31, "atk": 0, "def": 31, "spa": 31, "spd": 31, "spe": 31}, "item": "Assault Vest", "teraType": "Electric", "role": "AV Pivot", "bvs": {"hp": 125, "atk": 73, "def": 91, "spa": 137, "spd": 89, "spe": 75}, "stats": {"hp": 323, "atk": 118, "def": 187, "spa": 259, "spd": 184, "spe": 162}, "types": ["Electric", "Dragon"]}, "Dragonite": {"name": "Dragonite", "species": "Dragonite", "speciesId": "dragonite", "gender": "F", "shiny": false, "level": 74, "moves": ["earthquake", "outrage", "dragondance", "roost"], "ability": "Multiscale", "evs": {"hp": 85, "atk": 85, "def": 85, "spa": 85, "spd": 85, "spe": 85}, "ivs": {"hp": 31, "atk": 31, "def": 31, "spa": 31, "spd": 31, "spe": 31}, "item": "Heavy-Duty Boots", "teraType": "Ground", "role": "Bulky Setup", "bvs": {"hp": 91, "atk": 134, "def": 95, "spa": 100, "spd": 100, "spe": 80}, "stats": {"hp": 257, "atk": 241, "def": 184, "spa": 191, "spd": 191, "spe": 161}, "types": ["Dragon", "Flying"]}, "Mudsdale": {"name": "Mudsdale", "species": "Mudsdale", "speciesId": "mudsdale", "gender": "M", "shiny": false, "level": 83, "moves": ["heavyslam", "roar", "stealthrock", "earthquake"], "ability": "Stamina", "evs": {"hp": 85, "atk": 85, "def": 85, "spa": 85, "spd": 85, "spe": 85}, "ivs": {"hp": 31, "atk": 31, "def": 31, "spa": 31, "spd": 31, "spe": 31}, "item": "Leftovers", "teraType": "Steel", "role": "Bulky Attacker", "bvs": {"hp": 100, "atk": 125, "def": 100, "spa": 55, "spd": 85, "spe": 35}, "stats": {"hp": 302, "atk": 255, "def": 214, "spa": 139, "spd": 189, "spe": 106}, "types": ["Ground"]}}, {"Dialga": {"name": "Dialga", "species": "Dialga-Origin", "speciesId": "dialgaorigin", "gender": "N", "shiny": false, "level": 73, "moves": ["stealthrock", "heavyslam", "fireblast", "dracometeor"], "ability": "Pressure", "evs": {"hp": 85, "atk": 85, "def": 85, "spa": 85, "spd": 85, "spe": 85}, "ivs": {"hp": 31, "atk": 31, "def": 31, "spa": 31, "spd": 31, "spe": 31}, "item": "Adamant Crystal", "teraType": "Dragon", "role": "Fast Attacker", "bvs": {"hp": 100, "atk": 100, "def": 120, "spa": 150, "spd": 120, "spe": 90}, "stats": {"hp": 266, "atk": 188, "def": 218, "spa": 261, "spd": 218, "spe": 174}, "types": ["Steel", "Dragon"]}, "Banette": {"name": "Banette", "species": "Banette", "speciesId": "banette", "gender": "M", "shiny": false, "level": 93, "moves": ["gunkshot", "shadowsneak", "thunderwave", "poltergeist"], "ability": "Cursed Body", "evs": {"hp": 85, "atk": 85, "def": 85, "spa": 85, "spd": 85, "spe": 85}, "ivs": {"hp": 31, "atk": 31, "def": 31, "spa": 31, "spd": 31, "spe": 31}, "item": "Life Orb", "teraType": "Ghost", "role": "Wallbreaker", "bvs": {"hp": 64, "atk": 115, "def": 65, "spa": 83, "spd": 63, "spe": 65}, "stats": {"hp": 270, "atk": 267, "def": 174, "spa": 207, "spd": 170, "spe": 174}, "types": ["Ghost"]}, "Medicham": {"name": "Medicham", "species": "Medicham", "speciesId": "medicham", "gender": "F", "shiny": false, "level": 86, "moves": ["closecombat", "zenheadbutt", "poisonjab", "bulletpunch"], "ability": "Pure Power", "evs": {"hp": 85, "atk": 85, "def": 85, "spa": 85, "spd": 85, "spe": 85}, "ivs": {"hp": 31, "atk": 31, "def": 31, "spa": 31, "spd": 31, "spe": 31}, "item": "Choice Band", "teraType": "Fighting", "role": "Fast Attacker", "bvs": {"hp": 60, "atk": 60, "def": 75, "spa": 60, "spd": 75, "spe": 80}, "stats": {"hp": 243, "atk": 152, "def": 178, "spa": 152, "spd": 178, "spe": 187}, "types": ["Fighting", "Psychic"]}, "Pachirisu": {"name": "Pachirisu", "species": "Pachirisu", "speciesId": "pachirisu", "gender": "M", "shiny": false, "level": 96, "moves": ["encore", "uturn", "superfang", "discharge"], "ability": "Volt Absorb", "evs": {"hp": 85, "atk": 85, "def": 85, "spa": 85, "spd": 85, "spe": 85}, "ivs": {"hp": 31, "atk": 31, "def": 31, "spa": 31, "spd": 31, "spe": 31}, "item": "Heavy-Duty Boots", "teraType": "Flying", "role": "Fast Support", "bvs": {"hp": 60, "atk": 45, "def": 70, "spa": 45, "spd": 90, "spe": 95}, "stats": {"hp": 271, "atk": 141, "def": 189, "spa": 141, "spd": 227, "spe": 237}, "types": ["Electric"]}, "Duraludon": {"name": "Duraludon", "species": "Duraludon", "speciesId": "duraludon", "gender": "M", "shiny": false, "level": 82, "moves": ["dracometeor", "dragontail", "bodypress", "flashcannon"], "ability": "Light Metal", "evs": {"hp": 85, "atk": 85, "def": 85, "spa": 85, "spd": 85, "spe": 85}, "ivs": {"hp": 31, "atk": 31, "def": 31, "spa": 31, "spd": 31, "spe": 31}, "item": "Eviolite", "teraType": "Fighting", "role": "Bulky Attacker", "bvs": {"hp": 70, "atk": 95, "def": 115, "spa": 120, "spd": 50, "spe": 85}, "stats": {"hp": 249, "atk": 203, "def": 236, "spa": 244, "spd": 129, "spe": 187}, "types": ["Steel", "Dragon"]}, "Moltres": {"name": "Moltres", "species": "Moltres-Galar", "speciesId": "moltresgalar", "gender": "N", "shiny": false, "level": 79, "moves": ["hurricane", "rest", "fierywrath", "nastyplot"], "ability": "Berserk", "evs": {"hp": 81, "atk": 0, "def": 85, "spa": 85, "spd": 85, "spe": 85}, "ivs": {"hp": 31, "atk": 0, "def": 31, "spa": 31, "spd": 31, "spe": 31}, "item": "Chesto Berry", "teraType": "Dark", "role": "Bulky Setup", "bvs": {"hp": 90, "atk": 85, "def": 90, "spa": 100, "spd": 125, "spe": 90}, "stats": {"hp": 271, "atk": 139, "def": 188, "spa": 204, "spd": 243, "spe": 188}, "types": ["Dark", "Flying"]}}]}