{"id": "gen9randombattle-2641848900", "format": "[Gen 9] Random Battle", "players": ["Pepolo11", "Mr. Mt. Mooner"], "log": "|j|\u2606Pepolo11\n|j|\u2606Mr. Mt. Mooner\n|t:|1782849227\n|gametype|singles\n|player|p1|Pepolo11|ingo|1096\n|player|p2|Mr. Mt. Mooner|bruno|1143\n|gen|9\n|tier|[Gen 9] Random Battle\n|rated|\n|rule|Species Clause: Limit one of each Pok\u00e9mon\n|rule|HP Percentage Mod: HP is shown in percentages\n|rule|Sleep Clause Mod: Limit one foe put to sleep\n|rule|Illusion Level Mod: Illusion disguises the Pok\u00e9mon's true level\n|\n|t:|1782849227\n|teamsize|p1|6\n|teamsize|p2|6\n|start\n|switch|p1a: Cyclizar|Cyclizar, L83, M|252/252\n|switch|p2a: Magmortar|Magmortar, L88, F|275/275\n|turn|1\n|\n|t:|1782849237\n|move|p1a: Cyclizar|Shed Tail|p1a: Cyclizar\n|-start|p1a: Cyclizar|Substitute|[from] move: Shed Tail\n|-damage|p1a: Cyclizar|126/252\n|inactive|Battle timer is ON: inactive players will automatically lose when time's up. (requested by Mr. Mt. Mooner)\n|\n|t:|1782849242\n|switch|p1a: Gastrodon|Gastrodon, L86, M|331/331|[from] Shed Tail\n|move|p2a: Magmortar|Focus Blast|p1a: Gastrodon|[miss]\n|-miss|p2a: Magmortar|p1a: Gastrodon\n|\n|upkeep\n|turn|2\n|\n|t:|1782849259\n|switch|p2a: Comfey|Comfey, L85, M|225/225\n|move|p1a: Gastrodon|Stealth Rock|p2a: Comfey\n|-sidestart|p2: Mr. Mt. Mooner|move: Stealth Rock\n|\n|upkeep\n|turn|3\n|\n|t:|1782849265\n|move|p2a: Comfey|Encore|p1a: Gastrodon\n|-start|p1a: Gastrodon|Encore\n|move|p1a: Gastrodon|Stealth Rock||[still]\n|-fail|p1a: Gastrodon\n|\n|upkeep\n|turn|4\n|\n|t:|1782849280\n|switch|p1a: Kingambit|Kingambit, L74, M|270/270\n|move|p2a: Comfey|Calm Mind|p2a: Comfey\n|-boost|p2a: Comfey|spa|1\n|-boost|p2a: Comfey|spd|1\n|\n|upkeep\n|turn|5\n|inactive|Mr. Mt. Mooner has 120 seconds left.\n|\n|t:|1782849311\n|switch|p2a: Mamoswine|Mamoswine, L81, F|311/311\n|-damage|p2a: Mamoswine|273/311|[from] Stealth Rock\n|move|p1a: Kingambit|Iron Head|p2a: Mamoswine\n|-supereffective|p2a: Mamoswine\n|-damage|p2a: Mamoswine|79/311\n|\n|upkeep\n|turn|6\n|\n|t:|1782849320\n|move|p1a: Kingambit|Sucker Punch|p2a: Mamoswine\n|-damage|p2a: Mamoswine|0 fnt\n|faint|p2a: Mamoswine\n|\n|upkeep\n|inactive|Mr. Mt. Mooner has 120 seconds left.\n|\n|t:|1782849357\n|switch|p2a: Comfey|Comfey, L85, M|225/225\n|-damage|p2a: Comfey|197/225|[from] Stealth Rock\n|turn|7\n|\n|t:|1782849364\n|move|p2a: Comfey|Encore|p1a: Kingambit\n|-start|p1a: Kingambit|Encore\n|move|p1a: Kingambit|Sucker Punch||[still]\n|-fail|p1a: Kingambit\n|\n|-heal|p2a: Comfey|211/225|[from] item: Leftovers\n|upkeep\n|turn|8\n|\n|t:|1782849373\n|-end|p1a: Kingambit|fallenundefined|[silent]\n|switch|p1a: Gastrodon|Gastrodon, L86, M|331/331\n|move|p2a: Comfey|Calm Mind|p2a: Comfey\n|-boost|p2a: Comfey|spa|1\n|-boost|p2a: Comfey|spd|1\n|\n|-heal|p2a: Comfey|225/225|[from] item: Leftovers\n|upkeep\n|turn|9\n|\n|t:|1782849382\n|move|p2a: Comfey|Calm Mind|p2a: Comfey\n|-boost|p2a: Comfey|spa|1\n|-boost|p2a: Comfey|spd|1\n|move|p1a: Gastrodon|Sludge Bomb|p2a: Comfey\n|-supereffective|p2a: Comfey\n|-damage|p2a: Comfey|167/225\n|\n|-heal|p2a: Comfey|181/225|[from] item: Leftovers\n|upkeep\n|turn|10\n|inactive|Mr. Mt. Mooner has 120 seconds left.\n|\n|t:|1782849393\n|move|p2a: Comfey|Calm Mind|p2a: Comfey\n|-boost|p2a: Comfey|spa|1\n|-boost|p2a: Comfey|spd|1\n|move|p1a: Gastrodon|Sludge Bomb|p2a: Comfey\n|-supereffective|p2a: Comfey\n|-damage|p2a: Comfey|141/225\n|\n|-heal|p2a: Comfey|155/225|[from] item: Leftovers\n|upkeep\n|turn|11\n|inactive|Mr. Mt. Mooner has 120 seconds left.\n|\n|t:|1782849408\n|move|p2a: Comfey|Calm Mind|p2a: Comfey\n|-boost|p2a: Comfey|spa|1\n|-boost|p2a: Comfey|spd|1\n|move|p1a: Gastrodon|Sludge Bomb|p2a: Comfey\n|-supereffective|p2a: Comfey\n|-damage|p2a: Comfey|119/225\n|\n|-heal|p2a: Comfey|133/225|[from] item: Leftovers\n|upkeep\n|turn|12\n|\n|t:|1782849417\n|-terastallize|p1a: Gastrodon|Poison\n|move|p2a: Comfey|Draining Kiss|p1a: Gastrodon\n|-resisted|p1a: Gastrodon\n|-damage|p1a: Gastrodon|250/331\n|-heal|p2a: Comfey|194/225|[from] drain|[of] p1a: Gastrodon\n|move|p1a: Gastrodon|Sludge Bomb|p2a: Comfey\n|-supereffective|p2a: Comfey\n|-damage|p2a: Comfey|140/225\n|-status|p2a: Comfey|psn\n|\n|-heal|p2a: Comfey|154/225 psn|[from] item: Leftovers\n|-heal|p1a: Gastrodon|270/331|[from] item: Leftovers\n|-damage|p2a: Comfey|126/225 psn|[from] psn\n|upkeep\n|turn|13\n|inactive|Mr. Mt. Mooner has 120 seconds left.\n|\n|t:|1782849434\n|switch|p1a: Scyther|Scyther, L82, F|249/249\n|-terastallize|p2a: Comfey|Ground\n|move|p2a: Comfey|Tera Blast|p1a: Scyther|[anim] Tera Blast Ground\n|-immune|p1a: Scyther\n|\n|-heal|p2a: Comfey|140/225 psn|[from] item: Leftovers\n|-damage|p2a: Comfey|112/225 psn|[from] psn\n|upkeep\n|turn|14\n|\n|t:|1782849445\n|move|p2a: Comfey|Draining Kiss|p1a: Scyther\n|-damage|p1a: Scyther|102/249\n|-heal|p2a: Comfey|222/225 psn|[from] drain|[of] p1a: Scyther\n|move|p1a: Scyther|Dual Wingbeat|p2a: Comfey\n|-damage|p2a: Comfey|159/225 psn\n|-damage|p2a: Comfey|87/225 psn\n|-hitcount|p2a: Comfey|2\n|\n|-heal|p2a: Comfey|101/225 psn|[from] item: Leftovers\n|-damage|p2a: Comfey|73/225 psn|[from] psn\n|upkeep\n|turn|15\n|\n|t:|1782849458\n|move|p2a: Comfey|Draining Kiss|p1a: Scyther\n|-damage|p1a: Scyther|0 fnt\n|-heal|p2a: Comfey|150/225 psn|[from] drain|[of] p1a: Scyther\n|faint|p1a: Scyther\n|\n|-heal|p2a: Comfey|164/225 psn|[from] item: Leftovers\n|-damage|p2a: Comfey|136/225 psn|[from] psn\n|upkeep\n|\n|t:|1782849473\n|switch|p1a: Cyclizar|Cyclizar, L83, M|210/252\n|turn|16\n|\n|t:|1782849478\n|move|p2a: Comfey|Draining Kiss|p1a: Cyclizar\n|-supereffective|p1a: Cyclizar\n|-damage|p1a: Cyclizar|0 fnt\n|-heal|p2a: Comfey|225/225 psn|[from] drain|[of] p1a: Cyclizar\n|faint|p1a: Cyclizar\n|\n|-damage|p2a: Comfey|197/225 psn|[from] psn\n|upkeep\n|\n|t:|1782849485\n|switch|p1a: Pachirisu|Pachirisu, L96, F|271/271\n|turn|17\n|\n|t:|1782849490\n|move|p1a: Pachirisu|Super Fang|p2a: Comfey\n|-damage|p2a: Comfey|99/225 psn\n|move|p2a: Comfey|Tera Blast|p1a: Pachirisu|[anim] Tera Blast Ground\n|-supereffective|p1a: Pachirisu\n|-damage|p1a: Pachirisu|0 fnt\n|faint|p1a: Pachirisu\n|\n|-heal|p2a: Comfey|113/225 psn|[from] item: Leftovers\n|-damage|p2a: Comfey|85/225 psn|[from] psn\n|upkeep\n|\n|t:|1782849495\n|switch|p1a: Dragapult|Dragapult, L77, F|262/262\n|turn|18\n|\n|t:|1782849504\n|move|p2a: Comfey|Draining Kiss|p1a: Dragapult\n|-supereffective|p1a: Dragapult\n|-damage|p1a: Dragapult|0 fnt\n|-heal|p2a: Comfey|225/225 psn|[from] drain|[of] p1a: Dragapult\n|faint|p1a: Dragapult\n|\n|-damage|p2a: Comfey|197/225 psn|[from] psn\n|upkeep\n|-message|Pepolo11 forfeited.\n|\n|win|Mr. Mt. Mooner\n|raw|Pepolo11's rating: 1096 &rarr; <strong>1075</strong><br />(-21 for losing)\n|raw|Mr. Mt. Mooner's rating: 1143 &rarr; <strong>1165</strong><br />(+22 for winning)\n|l|\u2606Pepolo11\n|player|p1|\n", "inputlog": ">version f8ac14003a5f27e1bdc8d8c59608a773c1cb96e5\n>start {\"formatid\":\"gen9randombattle\",\"seed\":\"sodium,33f1e1ddbc8798c23dbc0524b6d70dbf\",\"rated\":\"Rated battle\"}\n>player p1 {\"name\":\"Pepolo11\",\"avatar\":\"ingo\",\"rating\":1096,\"seed\":\"sodium,f66a31f22a68696d5b0534638f185955\"}\n>player p2 {\"name\":\"Mr. Mt. Mooner\",\"avatar\":\"bruno\",\"rating\":1143,\"seed\":\"sodium,b3a4118621ceb066b487d99b6435837b\"}\n>p1 move shedtail\n>p2 move focusblast\n>p1 switch 2\n>p1 move stealthrock\n>p2 switch 5\n>p1 move sludgebomb\n>p2 move encore\n>p1 switch 3\n>p2 move calmmind\n>p1 move ironhead\n>p2 switch 3\n>p1 move suckerpunch\n>p2 move earthquake\n>p2 switch 3\n>p1 move ironhead\n>p2 move encore\n>p1 switch 3\n>p2 move calmmind\n>p1 move sludgebomb\n>p2 move calmmind\n>p1 move sludgebomb\n>p2 move calmmind\n>p1 move sludgebomb\n>p2 move calmmind\n>p1 move sludgebomb terastallize\n>p2 move drainingkiss\n>p1 switch 5\n>p2 move terablast terastallize\n>p1 move dualwingbeat\n>p2 move drainingkiss\n>p1 move dualwingbeat\n>p2 move drainingkiss\n>p1 switch 2\n>p1 move rapidspin\n>p2 move drainingkiss\n>p1 switch 6\n>p1 move superfang\n>p2 move terablast\n>p1 switch 4\n>p1 move uturn\n>p2 move drainingkiss\n>forcelose p1", "uploadtime": 1782849513, "views": 12, "formatid": "gen9randombattle", "rating": 1075, "private": 0, "password": null, "player_dets": [{"name": "Pepolo11", "avatar": "ingo", "rating": 1096, "seed": "sodium,f66a31f22a68696d5b0534638f185955"}, {"name": "Mr. Mt. Mooner", "avatar": "bruno", "rating": 1143, "seed": "sodium,b3a4118621ceb066b487d99b6435837b"}], "teams_full": [{"Cyclizar": {"name": "Cyclizar", "species": "Cyclizar", "speciesId": "cyclizar", "gender": "M", "shiny": false, "level": 83, "moves": ["rapidspin", "dracometeor", "taunt", "shedtail"], "ability": "Regenerator", "evs": {"hp": 85, "atk": 85, "def": 85, "spa": 85, "spd": 85, "spe": 85}, "ivs": {"hp": 31, "atk": 31, "def": 31, "spa": 31, "spd": 31, "spe": 31}, "item": "Heavy-Duty Boots", "teraType": "Fairy", "role": "Fast Support", "bvs": {"hp": 70, "atk": 95, "def": 65, "spa": 85, "spd": 65, "spe": 121}, "stats": {"hp": 252, "atk": 205, "def": 156, "spa": 189, "spd": 156, "spe": 249}, "types": ["Dragon", "Normal"]}, "Gastrodon": {"name": "Gastrodon", "species": "Gastrodon", "speciesId": "gastrodon", "gender": "M", "shiny": false, "level": 86, "moves": ["recover", "sludgebomb", "stealthrock", "earthquake"], "ability": "Storm Drain", "evs": {"hp": 85, "atk": 85, "def": 85, "spa": 85, "spd": 85, "spe": 85}, "ivs": {"hp": 31, "atk": 31, "def": 31, "spa": 31, "spd": 31, "spe": 31}, "item": "Leftovers", "teraType": "Poison", "role": "Bulky Support", "bvs": {"hp": 111, "atk": 83, "def": 68, "spa": 92, "spd": 82, "spe": 39}, "stats": {"hp": 331, "atk": 192, "def": 166, "spa": 207, "spd": 190, "spe": 116}, "types": ["Water", "Ground"]}, "Kingambit": {"name": "Kingambit", "species": "Kingambit", "speciesId": "kingambit", "gender": "M", "shiny": false, "level": 74, "moves": ["suckerpunch", "swordsdance", "ironhead", "kowtowcleave"], "ability": "Supreme Overlord", "evs": {"hp": 85, "atk": 85, "def": 85, "spa": 85, "spd": 85, "spe": 85}, "ivs": {"hp": 31, "atk": 31, "def": 31, "spa": 31, "spd": 31, "spe": 31}, "item": "Leftovers", "teraType": "Flying", "role": "Bulky Attacker", "bvs": {"hp": 100, "atk": 135, "def": 120, "spa": 60, "spd": 85, "spe": 50}, "stats": {"hp": 270, "atk": 243, "def": 221, "spa": 132, "spd": 169, "spe": 117}, "types": ["Dark", "Steel"]}, "Dragapult": {"name": "Dragapult", "species": "Dragapult", "speciesId": "dragapult", "gender": "F", "shiny": false, "level": 77, "moves": ["dracometeor", "fireblast", "shadowball", "uturn"], "ability": "Infiltrator", "evs": {"hp": 85, "atk": 85, "def": 85, "spa": 85, "spd": 85, "spe": 85}, "ivs": {"hp": 31, "atk": 31, "def": 31, "spa": 31, "spd": 31, "spe": 31}, "item": "Choice Specs", "teraType": "Dragon", "role": "Fast Attacker", "bvs": {"hp": 88, "atk": 120, "def": 75, "spa": 100, "spd": 75, "spe": 142}, "stats": {"hp": 262, "atk": 229, "def": 160, "spa": 199, "spd": 160, "spe": 263}, "types": ["Dragon", "Ghost"]}, "Scyther": {"name": "Scyther", "species": "Scyther", "speciesId": "scyther", "gender": "F", "shiny": false, "level": 82, "moves": ["closecombat", "dualwingbeat", "swordsdance", "bugbite"], "ability": "Technician", "evs": {"hp": 85, "atk": 85, "def": 85, "spa": 85, "spd": 85, "spe": 85}, "ivs": {"hp": 31, "atk": 31, "def": 31, "spa": 31, "spd": 31, "spe": 31}, "item": "Heavy-Duty Boots", "teraType": "Fighting", "role": "Setup Sweeper", "bvs": {"hp": 70, "atk": 110, "def": 80, "spa": 55, "spd": 80, "spe": 105}, "stats": {"hp": 249, "atk": 228, "def": 178, "spa": 137, "spd": 178, "spe": 219}, "types": ["Bug", "Flying"]}, "Pachirisu": {"name": "Pachirisu", "species": "Pachirisu", "speciesId": "pachirisu", "gender": "F", "shiny": false, "level": 96, "moves": ["superfang", "discharge", "uturn", "encore"], "ability": "Volt Absorb", "evs": {"hp": 85, "atk": 85, "def": 85, "spa": 85, "spd": 85, "spe": 85}, "ivs": {"hp": 31, "atk": 31, "def": 31, "spa": 31, "spd": 31, "spe": 31}, "item": "Heavy-Duty Boots", "teraType": "Flying", "role": "Fast Support", "bvs": {"hp": 60, "atk": 45, "def": 70, "spa": 45, "spd": 90, "spe": 95}, "stats": {"hp": 271, "atk": 141, "def": 189, "spa": 141, "spd": 227, "spe": 237}, "types": ["Electric"]}}, {"Magmortar": {"name": "Magmortar", "species": "Magmortar", "speciesId": "magmortar", "gender": "F", "shiny": false, "level": 88, "moves": ["taunt", "scorchingsands", "fireblast", "focusblast"], "ability": "Flame Body", "evs": {"hp": 85, "atk": 0, "def": 85, "spa": 85, "spd": 85, "spe": 85}, "ivs": {"hp": 31, "atk": 0, "def": 31, "spa": 31, "spd": 31, "spe": 31}, "item": "Heavy-Duty Boots", "teraType": "Fighting", "role": "Wallbreaker", "bvs": {"hp": 75, "atk": 95, "def": 67, "spa": 125, "spd": 95, "spe": 83}, "stats": {"hp": 275, "atk": 172, "def": 168, "spa": 270, "spd": 217, "spe": 196}, "types": ["Fire"]}, "Furret": {"name": "Furret", "species": "Furret", "speciesId": "furret", "gender": "M", "shiny": false, "level": 94, "moves": ["doubleedge", "brickbreak", "knockoff", "tidyup"], "ability": "Frisk", "evs": {"hp": 85, "atk": 85, "def": 85, "spa": 85, "spd": 85, "spe": 85}, "ivs": {"hp": 31, "atk": 31, "def": 31, "spa": 31, "spd": 31, "spe": 31}, "item": "Life Orb", "teraType": "Ghost", "role": "Setup Sweeper", "bvs": {"hp": 85, "atk": 76, "def": 64, "spa": 45, "spd": 55, "spe": 90}, "stats": {"hp": 312, "atk": 196, "def": 174, "spa": 138, "spd": 157, "spe": 223}, "types": ["Normal"]}, "Mamoswine": {"name": "Mamoswine", "species": "Mamoswine", "speciesId": "mamoswine", "gender": "F", "shiny": false, "level": 81, "moves": ["iceshard", "earthquake", "iciclecrash", "knockoff"], "ability": "Thick Fat", "evs": {"hp": 85, "atk": 85, "def": 85, "spa": 85, "spd": 85, "spe": 85}, "ivs": {"hp": 31, "atk": 31, "def": 31, "spa": 31, "spd": 31, "spe": 31}, "item": "Choice Band", "teraType": "Ice", "role": "Wallbreaker", "bvs": {"hp": 110, "atk": 130, "def": 80, "spa": 70, "spd": 60, "spe": 80}, "stats": {"hp": 311, "atk": 257, "def": 176, "spa": 160, "spd": 144, "spe": 176}, "types": ["Ice", "Ground"]}, "Oricorio": {"name": "Oricorio", "species": "Oricorio-Pom-Pom", "speciesId": "oricoriopompom", "gender": "M", "shiny": false, "level": 82, "moves": ["hurricane", "revelationdance", "roost", "quiverdance"], "ability": "Dancer", "evs": {"hp": 85, "atk": 0, "def": 85, "spa": 85, "spd": 85, "spe": 85}, "ivs": {"hp": 31, "atk": 0, "def": 31, "spa": 31, "spd": 31, "spe": 31}, "item": "Heavy-Duty Boots", "teraType": "Ground", "role": "Setup Sweeper", "bvs": {"hp": 75, "atk": 70, "def": 70, "spa": 98, "spd": 70, "spe": 93}, "stats": {"hp": 257, "atk": 119, "def": 162, "spa": 208, "spd": 162, "spe": 200}, "types": ["Electric", "Flying"]}, "Comfey": {"name": "Comfey", "species": "Comfey", "speciesId": "comfey", "gender": "M", "shiny": false, "level": 85, "moves": ["drainingkiss", "terablast", "calmmind", "encore"], "ability": "Triage", "evs": {"hp": 85, "atk": 0, "def": 85, "spa": 85, "spd": 85, "spe": 85}, "ivs": {"hp": 31, "atk": 0, "def": 31, "spa": 31, "spd": 31, "spe": 31}, "item": "Leftovers", "teraType": "Ground", "role": "Tera Blast user", "bvs": {"hp": 51, "atk": 52, "def": 90, "spa": 82, "spd": 110, "spe": 100}, "stats": {"hp": 225, "atk": 93, "def": 202, "spa": 188, "spd": 236, "spe": 219}, "types": ["Fairy"]}, "Gothitelle": {"name": "Gothitelle", "species": "Gothitelle", "speciesId": "gothitelle", "gender": "F", "shiny": false, "level": 90, "moves": ["thunderbolt", "psychicnoise", "calmmind", "focusblast"], "ability": "Shadow Tag", "evs": {"hp": 85, "atk": 0, "def": 85, "spa": 85, "spd": 85, "spe": 85}, "ivs": {"hp": 31, "atk": 0, "def": 31, "spa": 31, "spd": 31, "spe": 31}, "item": "Leftovers", "teraType": "Steel", "role": "Bulky Setup", "bvs": {"hp": 70, "atk": 55, "def": 95, "spa": 95, "spd": 110, "spe": 65}, "stats": {"hp": 272, "atk": 104, "def": 222, "spa": 222, "spd": 249, "spe": 168}, "types": ["Psychic"]}}]}