{"id": "gen9randombattle-2642101616", "format": "[Gen 9] Random Battle", "players": ["jsjsiis", "jnpr010334"], "log": "|j|\u2606jsjsiis\n|j|\u2606jnpr010334\n|t:|1782890238\n|gametype|singles\n|player|p1|jsjsiis|266|1953\n|player|p2|jnpr010334|265|1882\n|gen|9\n|tier|[Gen 9] Random Battle\n|rated|\n|rule|Species Clause: Limit one of each Pok\u00e9mon\n|rule|HP Percentage Mod: HP is shown in percentages\n|rule|Sleep Clause Mod: Limit one foe put to sleep\n|rule|Illusion Level Mod: Illusion disguises the Pok\u00e9mon's true level\n|\n|t:|1782890238\n|teamsize|p1|6\n|teamsize|p2|6\n|start\n|switch|p1a: Toucannon|Toucannon, L88, M|284/284\n|switch|p2a: Baxcalibur|Baxcalibur, L75, M|295/295\n|turn|1\n|inactive|Battle timer is ON: inactive players will automatically lose when time's up. (requested by jsjsiis)\n|inactive|jnpr010334 also wants the timer to be on.\n|\n|t:|1782890246\n|switch|p1a: Volcanion|Volcanion, L79|255/255\n|move|p2a: Baxcalibur|Icicle Crash|p1a: Volcanion\n|-resisted|p1a: Volcanion\n|-damage|p1a: Volcanion|222/255\n|\n|upkeep\n|turn|2\n|\n|t:|1782890252\n|switch|p2a: Vaporeon|Vaporeon, L86, F|364/364\n|move|p1a: Volcanion|Sludge Bomb|p2a: Vaporeon\n|-damage|p2a: Vaporeon|293/364\n|-status|p2a: Vaporeon|psn\n|\n|-heal|p2a: Vaporeon|315/364 psn|[from] item: Leftovers\n|-damage|p2a: Vaporeon|270/364 psn|[from] psn\n|upkeep\n|turn|3\n|\n|t:|1782890258\n|switch|p1a: Amoonguss|Amoonguss, L82, M|321/321\n|move|p2a: Vaporeon|Scald|p1a: Amoonguss\n|-resisted|p1a: Amoonguss\n|-damage|p1a: Amoonguss|264/321\n|-status|p1a: Amoonguss|brn\n|\n|-heal|p2a: Vaporeon|292/364 psn|[from] item: Leftovers\n|-heal|p1a: Amoonguss|284/321 brn|[from] item: Leftovers\n|-damage|p2a: Vaporeon|247/364 psn|[from] psn\n|-damage|p1a: Amoonguss|264/321 brn|[from] brn\n|upkeep\n|turn|4\n|\n|t:|1782890264\n|move|p2a: Vaporeon|Calm Mind|p2a: Vaporeon\n|-boost|p2a: Vaporeon|spa|1\n|-boost|p2a: Vaporeon|spd|1\n|move|p1a: Amoonguss|Spore||[still]\n|-fail|p1a: Amoonguss\n|\n|-heal|p2a: Vaporeon|269/364 psn|[from] item: Leftovers\n|-heal|p1a: Amoonguss|284/321 brn|[from] item: Leftovers\n|-damage|p2a: Vaporeon|224/364 psn|[from] psn\n|-damage|p1a: Amoonguss|264/321 brn|[from] brn\n|upkeep\n|turn|5\n|\n|t:|1782890267\n|move|p2a: Vaporeon|Calm Mind|p2a: Vaporeon\n|-boost|p2a: Vaporeon|spa|1\n|-boost|p2a: Vaporeon|spd|1\n|move|p1a: Amoonguss|Clear Smog|p2a: Vaporeon\n|-damage|p2a: Vaporeon|203/364 psn\n|-clearboost|p2a: Vaporeon\n|\n|-heal|p2a: Vaporeon|225/364 psn|[from] item: Leftovers\n|-heal|p1a: Amoonguss|284/321 brn|[from] item: Leftovers\n|-damage|p2a: Vaporeon|180/364 psn|[from] psn\n|-damage|p1a: Amoonguss|264/321 brn|[from] brn\n|upkeep\n|turn|6\n|\n|t:|1782890271\n|move|p2a: Vaporeon|Wish|p2a: Vaporeon\n|move|p1a: Amoonguss|Giga Drain|p2a: Vaporeon\n|-supereffective|p2a: Vaporeon\n|-damage|p2a: Vaporeon|60/364 psn\n|-heal|p1a: Amoonguss|321/321 brn|[from] drain|[of] p2a: Vaporeon\n|\n|-heal|p2a: Vaporeon|82/364 psn|[from] item: Leftovers\n|-damage|p2a: Vaporeon|37/364 psn|[from] psn\n|-damage|p1a: Amoonguss|301/321 brn|[from] brn\n|upkeep\n|turn|7\n|\n|t:|1782890275\n|move|p2a: Vaporeon|Protect|p2a: Vaporeon\n|-singleturn|p2a: Vaporeon|Protect\n|move|p1a: Amoonguss|Spore|p2a: Vaporeon\n|-activate|p2a: Vaporeon|move: Protect\n|\n|-heal|p2a: Vaporeon|219/364 psn|[from] move: Wish|[wisher] Vaporeon\n|-heal|p2a: Vaporeon|241/364 psn|[from] item: Leftovers\n|-heal|p1a: Amoonguss|321/321 brn|[from] item: Leftovers\n|-damage|p2a: Vaporeon|196/364 psn|[from] psn\n|-damage|p1a: Amoonguss|301/321 brn|[from] brn\n|upkeep\n|turn|8\n|\n|t:|1782890277\n|switch|p2a: Baxcalibur|Baxcalibur, L75, M|295/295\n|move|p1a: Amoonguss|Giga Drain|p2a: Baxcalibur\n|-resisted|p2a: Baxcalibur\n|-damage|p2a: Baxcalibur|256/295\n|-heal|p1a: Amoonguss|321/321 brn|[from] drain|[of] p2a: Baxcalibur\n|\n|-damage|p1a: Amoonguss|301/321 brn|[from] brn\n|upkeep\n|turn|9\n|\n|t:|1782890281\n|switch|p1a: Magearna|Magearna, L77|250/250\n|move|p2a: Baxcalibur|Icicle Crash|p1a: Magearna\n|-resisted|p1a: Magearna\n|-damage|p1a: Magearna|181/250\n|\n|-heal|p1a: Magearna|196/250|[from] item: Leftovers\n|upkeep\n|turn|10\n|\n|t:|1782890287\n|switch|p2a: Vaporeon|Vaporeon, L86, F|196/364 psn\n|move|p1a: Magearna|Calm Mind|p1a: Magearna\n|-boost|p1a: Magearna|spa|1\n|-boost|p1a: Magearna|spd|1\n|\n|-heal|p2a: Vaporeon|218/364 psn|[from] item: Leftovers\n|-heal|p1a: Magearna|211/250|[from] item: Leftovers\n|-damage|p2a: Vaporeon|173/364 psn|[from] psn\n|upkeep\n|turn|11\n|\n|t:|1782890291\n|move|p2a: Vaporeon|Scald|p1a: Magearna\n|-damage|p1a: Magearna|157/250\n|move|p1a: Magearna|Fleur Cannon|p2a: Vaporeon\n|-damage|p2a: Vaporeon|0 fnt\n|-unboost|p1a: Magearna|spa|2\n|faint|p2a: Vaporeon\n|-ability|p1a: Magearna|Soul-Heart|boost\n|-boost|p1a: Magearna|spa|1\n|\n|-heal|p1a: Magearna|172/250|[from] item: Leftovers\n|upkeep\n|\n|t:|1782890294\n|switch|p2a: Gyarados|Gyarados, L79, M|280/280\n|-ability|p2a: Gyarados|Intimidate|boost\n|-unboost|p1a: Magearna|atk|1\n|turn|12\n|\n|t:|1782890299\n|switch|p1a: Toucannon|Toucannon, L88, M|284/284\n|move|p2a: Gyarados|Dragon Dance|p2a: Gyarados\n|-boost|p2a: Gyarados|atk|1\n|-boost|p2a: Gyarados|spe|1\n|\n|upkeep\n|turn|13\n|\n|t:|1782890302\n|-terastallize|p2a: Gyarados|Flying\n|-singleturn|p1a: Toucannon|move: Beak Blast\n|move|p2a: Gyarados|Tera Blast|p1a: Toucannon|[anim] Tera Blast Flying\n|-damage|p1a: Toucannon|98/284\n|move|p1a: Toucannon|Beak Blast|p2a: Gyarados\n|-damage|p2a: Gyarados|117/280\n|\n|upkeep\n|turn|14\n|\n|t:|1782890306\n|-singleturn|p1a: Toucannon|move: Beak Blast\n|move|p2a: Gyarados|Tera Blast|p1a: Toucannon|[anim] Tera Blast Flying\n|-damage|p1a: Toucannon|0 fnt\n|faint|p1a: Toucannon\n|\n|upkeep\n|\n|t:|1782890309\n|switch|p1a: Volcanion|Volcanion, L79|222/255\n|turn|15\n|\n|t:|1782890313\n|move|p2a: Gyarados|Earthquake|p1a: Volcanion\n|-supereffective|p1a: Volcanion\n|-damage|p1a: Volcanion|22/255\n|move|p1a: Volcanion|Steam Eruption|p2a: Gyarados\n|-damage|p2a: Gyarados|0 fnt\n|faint|p2a: Gyarados\n|\n|upkeep\n|\n|t:|1782890315\n|switch|p2a: Baxcalibur|Baxcalibur, L75, M|256/295\n|turn|16\n|\n|t:|1782890318\n|move|p2a: Baxcalibur|Earthquake|p1a: Volcanion\n|-supereffective|p1a: Volcanion\n|-damage|p1a: Volcanion|0 fnt\n|faint|p1a: Volcanion\n|\n|upkeep\n|\n|t:|1782890320\n|switch|p1a: Gogoat|Gogoat, L88, F|360/360\n|turn|17\n|\n|t:|1782890325\n|switch|p2a: Dragonite|Dragonite, L74, M|257/257\n|move|p1a: Gogoat|Bulk Up|p1a: Gogoat\n|-boost|p1a: Gogoat|atk|1\n|-boost|p1a: Gogoat|def|1\n|\n|upkeep\n|turn|18\n|\n|t:|1782890327\n|move|p1a: Gogoat|Rock Slide|p2a: Dragonite|[miss]\n|-miss|p1a: Gogoat|p2a: Dragonite\n|move|p2a: Dragonite|Dragon Dance|p2a: Dragonite\n|-boost|p2a: Dragonite|atk|1\n|-boost|p2a: Dragonite|spe|1\n|\n|upkeep\n|turn|19\n|\n|t:|1782890331\n|move|p2a: Dragonite|Dragon Dance|p2a: Dragonite\n|-boost|p2a: Dragonite|atk|1\n|-boost|p2a: Dragonite|spe|1\n|move|p1a: Gogoat|Rock Slide|p2a: Dragonite\n|-supereffective|p2a: Dragonite\n|-damage|p2a: Dragonite|160/257\n|\n|upkeep\n|turn|20\n|\n|t:|1782890335\n|move|p2a: Dragonite|Outrage|p1a: Gogoat\n|-damage|p1a: Gogoat|149/360\n|move|p1a: Gogoat|Rock Slide|p2a: Dragonite\n|-supereffective|p2a: Dragonite\n|-damage|p2a: Dragonite|0 fnt\n|faint|p2a: Dragonite\n|\n|-heal|p1a: Gogoat|171/360|[from] item: Leftovers\n|upkeep\n|\n|t:|1782890339\n|switch|p2a: Baxcalibur|Baxcalibur, L75, M|256/295\n|turn|21\n|\n|t:|1782890341\n|-terastallize|p1a: Gogoat|Water\n|move|p2a: Baxcalibur|Icicle Crash|p1a: Gogoat\n|-resisted|p1a: Gogoat\n|-damage|p1a: Gogoat|111/360\n|move|p1a: Gogoat|Milk Drink|p1a: Gogoat\n|-heal|p1a: Gogoat|291/360\n|\n|-heal|p1a: Gogoat|313/360|[from] item: Leftovers\n|upkeep\n|turn|22\n|\n|t:|1782890344\n|switch|p2a: Chesnaught|Chesnaught, L84, M|285/285\n|move|p1a: Gogoat|Bulk Up|p1a: Gogoat\n|-boost|p1a: Gogoat|atk|1\n|-boost|p1a: Gogoat|def|1\n|\n|-heal|p1a: Gogoat|335/360|[from] item: Leftovers\n|upkeep\n|turn|23\n|\n|t:|1782890347\n|move|p1a: Gogoat|Horn Leech|p2a: Chesnaught\n|-resisted|p2a: Chesnaught\n|-damage|p2a: Chesnaught|214/285\n|-heal|p1a: Gogoat|360/360|[from] drain|[of] p2a: Chesnaught\n|move|p2a: Chesnaught|Wood Hammer|p1a: Gogoat\n|-ability|p1a: Gogoat|Sap Sipper|boost\n|-boost|p1a: Gogoat|atk|1\n|\n|-heal|p2a: Chesnaught|231/285|[from] item: Leftovers\n|upkeep\n|turn|24\n|\n|t:|1782890353\n|move|p1a: Gogoat|Horn Leech|p2a: Chesnaught\n|-resisted|p2a: Chesnaught\n|-damage|p2a: Chesnaught|151/285\n|move|p2a: Chesnaught|Synthesis|p2a: Chesnaught\n|-heal|p2a: Chesnaught|285/285\n|\n|upkeep\n|turn|25\n|\n|t:|1782890357\n|switch|p1a: Amoonguss|Amoonguss, L82, M|321/321 brn\n|move|p2a: Chesnaught|Body Press|p1a: Amoonguss\n|-resisted|p1a: Amoonguss\n|-damage|p1a: Amoonguss|258/321 brn\n|\n|-heal|p1a: Amoonguss|278/321 brn|[from] item: Leftovers\n|-damage|p1a: Amoonguss|258/321 brn|[from] brn\n|upkeep\n|turn|26\n|\n|t:|1782890361\n|switch|p2a: Baxcalibur|Baxcalibur, L75, M|256/295\n|move|p1a: Amoonguss|Clear Smog|p2a: Baxcalibur\n|-damage|p2a: Baxcalibur|201/295\n|-clearboost|p2a: Baxcalibur\n|\n|-heal|p1a: Amoonguss|278/321 brn|[from] item: Leftovers\n|-damage|p1a: Amoonguss|258/321 brn|[from] brn\n|upkeep\n|turn|27\n|\n|t:|1782890367\n|move|p2a: Baxcalibur|Icicle Crash|p1a: Amoonguss\n|-supereffective|p1a: Amoonguss\n|-damage|p1a: Amoonguss|0 fnt\n|faint|p1a: Amoonguss\n|\n|upkeep\n|\n|t:|1782890370\n|switch|p1a: Houndoom|Houndoom, L87, F|272/272\n|turn|28\n|\n|t:|1782890373\n|switch|p2a: Chesnaught|Chesnaught, L84, M|285/285\n|move|p1a: Houndoom|Nasty Plot|p1a: Houndoom\n|-boost|p1a: Houndoom|spa|2\n|\n|upkeep\n|turn|29\n|\n|t:|1782890379\n|move|p1a: Houndoom|Fire Blast|p2a: Chesnaught\n|-supereffective|p2a: Chesnaught\n|-damage|p2a: Chesnaught|0 fnt\n|faint|p2a: Chesnaught\n|\n|upkeep\n|\n|t:|1782890385\n|switch|p2a: Baxcalibur|Baxcalibur, L75, M|201/295\n|turn|30\n|\n|t:|1782890389\n|move|p1a: Houndoom|Fire Blast|p2a: Baxcalibur\n|-damage|p2a: Baxcalibur|0 fnt\n|faint|p2a: Baxcalibur\n|\n|upkeep\n|\n|t:|1782890391\n|switch|p2a: Skuntank|Skuntank, L84, F|310/310\n|turn|31\n|\n|t:|1782890394\n|move|p1a: Houndoom|Fire Blast|p2a: Skuntank\n|-damage|p2a: Skuntank|79/310\n|move|p2a: Skuntank|Gunk Shot|p1a: Houndoom\n|-damage|p1a: Houndoom|101/272\n|\n|upkeep\n|turn|32\n|\n|t:|1782890397\n|move|p1a: Houndoom|Dark Pulse|p2a: Skuntank\n|-resisted|p2a: Skuntank\n|-damage|p2a: Skuntank|0 fnt\n|faint|p2a: Skuntank\n|\n|win|jsjsiis\n|raw|jsjsiis's rating: 1953 &rarr; <strong>1968</strong><br />(+15 for winning)\n|raw|jnpr010334's rating: 1859 &rarr; <strong>1844</strong><br />(-15 for losing)\n", "inputlog": ">version f8ac14003a5f27e1bdc8d8c59608a773c1cb96e5\n>start {\"formatid\":\"gen9randombattle\",\"seed\":\"sodium,debb025e37ba5b77d6041a4351f6ae8a\",\"rated\":\"Rated battle\"}\n>player p1 {\"name\":\"jsjsiis\",\"avatar\":\"266\",\"rating\":1953,\"seed\":\"sodium,d1c06aaba945a4d2956c321fc6ab485e\"}\n>player p2 {\"name\":\"jnpr010334\",\"avatar\":\"265\",\"rating\":1882,\"seed\":\"sodium,1df1a6222ac1fe3551fe518897b11d23\"}\n>p1 switch 5\n>p2 move iciclecrash\n>p1 move sludgebomb\n>p2 switch 3\n>p1 switch 3\n>p2 move scald\n>p1 move spore\n>p2 move calmmind\n>p1 move clearsmog\n>p2 move calmmind\n>p1 move gigadrain\n>p2 move wish\n>p1 move spore\n>p2 move protect\n>p1 move gigadrain\n>p2 switch 3\n>p1 switch 6\n>p2 move iciclecrash\n>p1 move calmmind\n>p2 switch 3\n>p1 move fleurcannon\n>p2 move scald\n>p2 switch 4\n>p1 switch 5\n>p2 move dragondance\n>p1 move beakblast\n>p2 move terablast terastallize\n>p1 move beakblast\n>p2 move terablast\n>p1 switch 3\n>p1 move steameruption\n>p2 move earthquake\n>p2 switch 3\n>p1 move steameruption\n>p2 move earthquake\n>p1 switch 2\n>p1 move bulkup\n>p2 switch 6\n>p1 move rockslide\n>p2 move dragondance\n>p1 move rockslide\n>p2 move dragondance\n>p1 move rockslide\n>p2 move outrage\n>p2 switch 6\n>p1 move milkdrink terastallize\n>p2 move iciclecrash\n>p1 move bulkup\n>p2 switch 5\n>p1 move hornleech\n>p2 move woodhammer\n>p1 move hornleech\n>p2 move synthesis\n>p1 switch 6\n>p2 move bodypress\n>p1 move clearsmog\n>p2 switch 5\n>p1 move spore\n>p2 move iciclecrash\n>p1 switch 4\n>p1 move nastyplot\n>p2 switch 5\n>p1 move fireblast\n>p2 move bodypress\n>p2 switch 5\n>p1 move fireblast\n>p2 move glaiverush\n>p2 switch 2\n>p1 move fireblast\n>p2 move gunkshot\n>p1 move darkpulse\n>p2 move gunkshot", "uploadtime": 1782890397, "views": 2, "formatid": "gen9randombattle", "rating": 1844, "private": 0, "password": null, "player_dets": [{"name": "jsjsiis", "avatar": "266", "rating": 1953, "seed": "sodium,d1c06aaba945a4d2956c321fc6ab485e"}, {"name": "jnpr010334", "avatar": "265", "rating": 1882, "seed": "sodium,1df1a6222ac1fe3551fe518897b11d23"}], "teams_full": [{"Toucannon": {"name": "Toucannon", "species": "Toucannon", "speciesId": "toucannon", "gender": "M", "shiny": false, "level": 88, "moves": ["bulletseed", "boomburst", "roost", "beakblast"], "ability": "Skill Link", "evs": {"hp": 85, "atk": 85, "def": 85, "spa": 85, "spd": 85, "spe": 85}, "ivs": {"hp": 31, "atk": 31, "def": 31, "spa": 31, "spd": 31, "spe": 31}, "item": "Heavy-Duty Boots", "teraType": "Steel", "role": "Bulky Support", "bvs": {"hp": 80, "atk": 120, "def": 75, "spa": 75, "spd": 75, "spe": 60}, "stats": {"hp": 284, "atk": 261, "def": 182, "spa": 182, "spd": 182, "spe": 156}, "types": ["Normal", "Flying"]}, "Gogoat": {"name": "Gogoat", "species": "Gogoat", "speciesId": "gogoat", "gender": "F", "shiny": false, "level": 88, "moves": ["bulkup", "hornleech", "milkdrink", "rockslide"], "ability": "Sap Sipper", "evs": {"hp": 85, "atk": 85, "def": 85, "spa": 85, "spd": 85, "spe": 85}, "ivs": {"hp": 31, "atk": 31, "def": 31, "spa": 31, "spd": 31, "spe": 31}, "item": "Leftovers", "teraType": "Water", "role": "Bulky Setup", "bvs": {"hp": 123, "atk": 100, "def": 62, "spa": 97, "spd": 81, "spe": 68}, "stats": {"hp": 360, "atk": 226, "def": 159, "spa": 221, "spd": 193, "spe": 170}, "types": ["Grass"]}, "Amoonguss": {"name": "Amoonguss", "species": "Amoonguss", "speciesId": "amoonguss", "gender": "M", "shiny": false, "level": 82, "moves": ["clearsmog", "spore", "sludgebomb", "gigadrain"], "ability": "Regenerator", "evs": {"hp": 85, "atk": 0, "def": 85, "spa": 85, "spd": 85, "spe": 85}, "ivs": {"hp": 31, "atk": 0, "def": 31, "spa": 31, "spd": 31, "spe": 31}, "item": "Leftovers", "teraType": "Water", "role": "Bulky Support", "bvs": {"hp": 114, "atk": 85, "def": 70, "spa": 85, "spd": 80, "spe": 30}, "stats": {"hp": 321, "atk": 144, "def": 162, "spa": 187, "spd": 178, "spe": 96}, "types": ["Grass", "Poison"]}, "Houndoom": {"name": "Houndoom", "species": "Houndoom", "speciesId": "houndoom", "gender": "F", "shiny": false, "level": 87, "moves": ["sludgebomb", "fireblast", "nastyplot", "darkpulse"], "ability": "Flash Fire", "evs": {"hp": 85, "atk": 0, "def": 85, "spa": 85, "spd": 85, "spe": 85}, "ivs": {"hp": 31, "atk": 0, "def": 31, "spa": 31, "spd": 31, "spe": 31}, "item": "Heavy-Duty Boots", "teraType": "Poison", "role": "Fast Attacker", "bvs": {"hp": 75, "atk": 90, "def": 50, "spa": 110, "spd": 80, "spe": 95}, "stats": {"hp": 272, "atk": 161, "def": 137, "spa": 241, "spd": 189, "spe": 215}, "types": ["Dark", "Fire"]}, "Volcanion": {"name": "Volcanion", "species": "Volcanion", "speciesId": "volcanion", "gender": "N", "shiny": false, "level": 79, "moves": ["flamethrower", "steameruption", "flamecharge", "sludgebomb"], "ability": "Water Absorb", "evs": {"hp": 81, "atk": 85, "def": 85, "spa": 85, "spd": 85, "spe": 85}, "ivs": {"hp": 31, "atk": 31, "def": 31, "spa": 31, "spd": 31, "spe": 31}, "item": "Assault Vest", "teraType": "Fire", "role": "Bulky Attacker", "bvs": {"hp": 80, "atk": 110, "def": 120, "spa": 130, "spd": 90, "spe": 70}, "stats": {"hp": 255, "atk": 219, "def": 235, "spa": 251, "spd": 188, "spe": 156}, "types": ["Fire", "Water"]}, "Magearna": {"name": "Magearna", "species": "Magearna", "speciesId": "magearna", "gender": "N", "shiny": false, "level": 77, "moves": ["flashcannon", "fleurcannon", "shiftgear", "calmmind"], "ability": "Soul-Heart", "evs": {"hp": 85, "atk": 0, "def": 85, "spa": 85, "spd": 85, "spe": 85}, "ivs": {"hp": 31, "atk": 0, "def": 31, "spa": 31, "spd": 31, "spe": 31}, "item": "Leftovers", "teraType": "Flying", "role": "Bulky Setup", "bvs": {"hp": 80, "atk": 95, "def": 115, "spa": 130, "spd": 115, "spe": 65}, "stats": {"hp": 250, "atk": 151, "def": 222, "spa": 245, "spd": 222, "spe": 145}, "types": ["Steel", "Fairy"]}}, {"Baxcalibur": {"name": "Baxcalibur", "species": "Baxcalibur", "speciesId": "baxcalibur", "gender": "M", "shiny": false, "level": 75, "moves": ["iciclecrash", "glaiverush", "iceshard", "earthquake"], "ability": "Thermal Exchange", "evs": {"hp": 81, "atk": 85, "def": 85, "spa": 85, "spd": 85, "spe": 85}, "ivs": {"hp": 31, "atk": 31, "def": 31, "spa": 31, "spd": 31, "spe": 31}, "item": "Choice Band", "teraType": "Ground", "role": "Fast Attacker", "bvs": {"hp": 115, "atk": 145, "def": 92, "spa": 75, "spd": 86, "spe": 87}, "stats": {"hp": 295, "atk": 261, "def": 182, "spa": 156, "spd": 173, "spe": 174}, "types": ["Dragon", "Ice"]}, "Skuntank": {"name": "Skuntank", "species": "Skuntank", "speciesId": "skuntank", "gender": "F", "shiny": false, "level": 84, "moves": ["gunkshot", "knockoff", "fireblast", "suckerpunch"], "ability": "Aftermath", "evs": {"hp": 85, "atk": 85, "def": 85, "spa": 85, "spd": 85, "spe": 85}, "ivs": {"hp": 31, "atk": 31, "def": 31, "spa": 31, "spd": 31, "spe": 31}, "item": "Assault Vest", "teraType": "Dark", "role": "Fast Support", "bvs": {"hp": 103, "atk": 93, "def": 67, "spa": 71, "spd": 61, "spe": 84}, "stats": {"hp": 310, "atk": 204, "def": 161, "spa": 167, "spd": 151, "spe": 189}, "types": ["Poison", "Dark"]}, "Vaporeon": {"name": "Vaporeon", "species": "Vaporeon", "speciesId": "vaporeon", "gender": "F", "shiny": false, "level": 86, "moves": ["scald", "calmmind", "wish", "protect"], "ability": "Water Absorb", "evs": {"hp": 85, "atk": 0, "def": 85, "spa": 85, "spd": 85, "spe": 85}, "ivs": {"hp": 31, "atk": 0, "def": 31, "spa": 31, "spd": 31, "spe": 31}, "item": "Leftovers", "teraType": "Ground", "role": "Bulky Setup", "bvs": {"hp": 130, "atk": 65, "def": 60, "spa": 110, "spd": 95, "spe": 65}, "stats": {"hp": 364, "atk": 116, "def": 152, "spa": 238, "spd": 213, "spe": 161}, "types": ["Water"]}, "Gyarados": {"name": "Gyarados", "species": "Gyarados", "speciesId": "gyarados", "gender": "M", "shiny": false, "level": 79, "moves": ["waterfall", "earthquake", "dragondance", "terablast"], "ability": "Intimidate", "evs": {"hp": 85, "atk": 85, "def": 85, "spa": 85, "spd": 85, "spe": 85}, "ivs": {"hp": 31, "atk": 31, "def": 31, "spa": 31, "spd": 31, "spe": 31}, "item": "Heavy-Duty Boots", "teraType": "Flying", "role": "Tera Blast user", "bvs": {"hp": 95, "atk": 125, "def": 79, "spa": 60, "spd": 100, "spe": 81}, "stats": {"hp": 280, "atk": 243, "def": 170, "spa": 140, "spd": 204, "spe": 174}, "types": ["Water", "Flying"]}, "Chesnaught": {"name": "Chesnaught", "species": "Chesnaught", "speciesId": "chesnaught", "gender": "M", "shiny": false, "level": 84, "moves": ["bodypress", "knockoff", "woodhammer", "synthesis"], "ability": "Bulletproof", "evs": {"hp": 85, "atk": 85, "def": 85, "spa": 85, "spd": 85, "spe": 85}, "ivs": {"hp": 31, "atk": 31, "def": 31, "spa": 31, "spd": 31, "spe": 31}, "item": "Leftovers", "teraType": "Steel", "role": "Bulky Support", "bvs": {"hp": 88, "atk": 107, "def": 122, "spa": 74, "spd": 75, "spe": 64}, "stats": {"hp": 285, "atk": 228, "def": 253, "spa": 173, "spd": 174, "spe": 156}, "types": ["Grass", "Fighting"]}, "Dragonite": {"name": "Dragonite", "species": "Dragonite", "speciesId": "dragonite", "gender": "M", "shiny": false, "level": 74, "moves": ["dragondance", "outrage", "earthquake", "roost"], "ability": "Multiscale", "evs": {"hp": 85, "atk": 85, "def": 85, "spa": 85, "spd": 85, "spe": 85}, "ivs": {"hp": 31, "atk": 31, "def": 31, "spa": 31, "spd": 31, "spe": 31}, "item": "Heavy-Duty Boots", "teraType": "Ground", "role": "Bulky Setup", "bvs": {"hp": 91, "atk": 134, "def": 95, "spa": 100, "spd": 100, "spe": 80}, "stats": {"hp": 257, "atk": 241, "def": 184, "spa": 191, "spd": 191, "spe": 161}, "types": ["Dragon", "Flying"]}}]}