{"id": "gen9randombattle-2641972581", "format": "[Gen 9] Random Battle", "players": ["DGYYYY", "benjacsim"], "log": "|j|\u2606DGYYYY\n|j|\u2606benjacsim\n|t:|1782866947\n|gametype|singles\n|player|p1|DGYYYY|1|1164\n|player|p2|benjacsim|2|1124\n|gen|9\n|tier|[Gen 9] Random Battle\n|rated|\n|rule|Species Clause: Limit one of each Pok\u00e9mon\n|rule|HP Percentage Mod: HP is shown in percentages\n|rule|Sleep Clause Mod: Limit one foe put to sleep\n|rule|Illusion Level Mod: Illusion disguises the Pok\u00e9mon's true level\n|\n|t:|1782866947\n|teamsize|p1|6\n|teamsize|p2|6\n|start\n|switch|p1a: Porygon-Z|Porygon-Z, L83|277/277\n|switch|p2a: Oricorio|Oricorio-Sensu, L85, M|266/266\n|-ability|p1a: Porygon-Z|Download|boost\n|-boost|p1a: Porygon-Z|spa|1\n|turn|1\n|inactive|Battle timer is ON: inactive players will automatically lose when time's up. (requested by benjacsim)\n|\n|t:|1782866959\n|move|p2a: Oricorio|Quiver Dance|p2a: Oricorio\n|-boost|p2a: Oricorio|spa|1\n|-boost|p2a: Oricorio|spd|1\n|-boost|p2a: Oricorio|spe|1\n|move|p1a: Porygon-Z|Shadow Ball|p2a: Oricorio\n|-supereffective|p2a: Oricorio\n|-damage|p2a: Oricorio|45/266\n|-unboost|p2a: Oricorio|spd|1\n|-damage|p1a: Porygon-Z|250/277|[from] item: Life Orb\n|\n|upkeep\n|turn|2\n|\n|t:|1782866970\n|move|p2a: Oricorio|Hurricane|p1a: Porygon-Z\n|-damage|p1a: Porygon-Z|48/277\n|move|p1a: Porygon-Z|Shadow Ball|p2a: Oricorio\n|-supereffective|p2a: Oricorio\n|-damage|p2a: Oricorio|0 fnt\n|faint|p2a: Oricorio\n|-damage|p1a: Porygon-Z|21/277|[from] item: Life Orb\n|\n|upkeep\n|\n|t:|1782866978\n|switch|p2a: Sinistcha|Sinistcha, L83|254/254\n|turn|3\n|inactive|DGYYYY has 120 seconds left.\n|\n|t:|1782867013\n|move|p1a: Porygon-Z|Shadow Ball|p2a: Sinistcha\n|-supereffective|p2a: Sinistcha\n|-damage|p2a: Sinistcha|0 fnt\n|faint|p2a: Sinistcha\n|-damage|p1a: Porygon-Z|0 fnt|[from] item: Life Orb\n|faint|p1a: Porygon-Z\n|\n|upkeep\n|inactive|DGYYYY has 120 seconds left.\n|c|\u2606DGYYYY|0iq\n|inactive|DGYYYY has 90 seconds left.\n|inactive|DGYYYY has 60 seconds left.\n|\n|t:|1782867094\n|switch|p1a: Whimsicott|Whimsicott, L84, F|238/238\n|switch|p2a: Iron Hands|Iron Hands, L79|373/373\n|turn|4\n|\n|t:|1782867103\n|move|p1a: Whimsicott|Substitute|p1a: Whimsicott\n|-start|p1a: Whimsicott|Substitute\n|-damage|p1a: Whimsicott|179/238\n|move|p2a: Iron Hands|Ice Punch|p1a: Whimsicott\n|-supereffective|p1a: Whimsicott\n|-end|p1a: Whimsicott|Substitute\n|\n|-heal|p1a: Whimsicott|193/238|[from] item: Leftovers\n|upkeep\n|turn|5\n|\n|t:|1782867117\n|-terastallize|p1a: Whimsicott|Steel\n|move|p1a: Whimsicott|Substitute|p1a: Whimsicott\n|-start|p1a: Whimsicott|Substitute\n|-damage|p1a: Whimsicott|134/238\n|move|p2a: Iron Hands|Ice Punch|p1a: Whimsicott\n|-resisted|p1a: Whimsicott\n|-activate|p1a: Whimsicott|move: Substitute|[damage]\n|\n|-heal|p1a: Whimsicott|148/238|[from] item: Leftovers\n|upkeep\n|turn|6\n|\n|t:|1782867127\n|move|p1a: Whimsicott|Leech Seed|p2a: Iron Hands\n|-start|p2a: Iron Hands|move: Leech Seed\n|move|p2a: Iron Hands|Drain Punch|p1a: Whimsicott\n|-supereffective|p1a: Whimsicott\n|-end|p1a: Whimsicott|Substitute\n|\n|-heal|p1a: Whimsicott|162/238|[from] item: Leftovers\n|-damage|p2a: Iron Hands|327/373|[from] Leech Seed|[of] p1a: Whimsicott\n|-heal|p1a: Whimsicott|208/238|[silent]\n|upkeep\n|turn|7\n|\n|t:|1782867138\n|move|p1a: Whimsicott|Substitute|p1a: Whimsicott\n|-start|p1a: Whimsicott|Substitute\n|-damage|p1a: Whimsicott|149/238\n|move|p2a: Iron Hands|Drain Punch|p1a: Whimsicott\n|-supereffective|p1a: Whimsicott\n|-end|p1a: Whimsicott|Substitute\n|-heal|p2a: Iron Hands|357/373|[from] drain|[of] p1a: Whimsicott\n|\n|-heal|p1a: Whimsicott|163/238|[from] item: Leftovers\n|-damage|p2a: Iron Hands|311/373|[from] Leech Seed|[of] p1a: Whimsicott\n|-heal|p1a: Whimsicott|209/238|[silent]\n|upkeep\n|turn|8\n|\n|t:|1782867164\n|switch|p1a: Hitmonlee|Hitmonlee, L85, M|224/224\n|move|p2a: Iron Hands|Drain Punch|p1a: Hitmonlee\n|-crit|p1a: Hitmonlee\n|-damage|p1a: Hitmonlee|16/224\n|-heal|p2a: Iron Hands|373/373|[from] drain|[of] p1a: Hitmonlee\n|\n|-damage|p2a: Iron Hands|327/373|[from] Leech Seed|[of] p1a: Hitmonlee\n|-heal|p1a: Hitmonlee|62/224|[silent]\n|upkeep\n|turn|9\n|\n|t:|1782867178\n|move|p1a: Hitmonlee|Close Combat|p2a: Iron Hands\n|-damage|p2a: Iron Hands|191/373\n|-unboost|p1a: Hitmonlee|def|1\n|-unboost|p1a: Hitmonlee|spd|1\n|-enditem|p1a: Hitmonlee|White Herb\n|-clearnegativeboost|p1a: Hitmonlee|[silent]\n|move|p2a: Iron Hands|Drain Punch|p1a: Hitmonlee\n|-damage|p1a: Hitmonlee|0 fnt\n|-heal|p2a: Iron Hands|222/373|[from] drain|[of] p1a: Hitmonlee\n|faint|p1a: Hitmonlee\n|\n|upkeep\n|inactive|DGYYYY has 30 seconds left.\n|\n|t:|1782867196\n|switch|p1a: Golduck|Golduck, L90, M|290/290\n|-ability|p1a: Golduck|Cloud Nine\n|turn|10\n|inactive|DGYYYY has 30 seconds left.\n|\n|t:|1782867209\n|move|p1a: Golduck|Hydro Pump|p2a: Iron Hands\n|-damage|p2a: Iron Hands|113/373\n|move|p2a: Iron Hands|Thunder Punch|p1a: Golduck\n|-supereffective|p1a: Golduck\n|-damage|p1a: Golduck|110/290\n|\n|-heal|p1a: Golduck|128/290|[from] item: Leftovers\n|-damage|p2a: Iron Hands|67/373|[from] Leech Seed|[of] p1a: Golduck\n|-heal|p1a: Golduck|174/290|[silent]\n|upkeep\n|turn|11\n|inactive|DGYYYY has 30 seconds left.\n|inactive|DGYYYY has 20 seconds left.\n|\n|t:|1782867226\n|move|p1a: Golduck|Grass Knot|p2a: Iron Hands\n|-damage|p2a: Iron Hands|0 fnt\n|faint|p2a: Iron Hands\n|-end|p2a: Iron Hands|Quark Drive|[silent]\n|\n|-heal|p1a: Golduck|192/290|[from] item: Leftovers\n|upkeep\n|\n|t:|1782867230\n|switch|p2a: Electivire|Electivire, L84, F|263/263\n|turn|12\n|inactive|DGYYYY has 30 seconds left.\n|inactive|DGYYYY has 20 seconds left.\n|\n|t:|1782867246\n|move|p2a: Electivire|Supercell Slam|p1a: Golduck\n|-supereffective|p1a: Golduck\n|-damage|p1a: Golduck|0 fnt\n|faint|p1a: Golduck\n|\n|upkeep\n|inactive|DGYYYY has 25 seconds left this turn.\n|\n|t:|1782867251\n|switch|p1a: Whimsicott|Whimsicott, L84, F, tera:Steel|209/238\n|turn|13\n|inactive|DGYYYY has 30 seconds left.\n|\n|t:|1782867266\n|switch|p2a: Dugtrio|Dugtrio, L84, F|196/196\n|move|p1a: Whimsicott|Leech Seed|p2a: Dugtrio\n|-start|p2a: Dugtrio|move: Leech Seed\n|\n|-heal|p1a: Whimsicott|223/238|[from] item: Leftovers\n|-damage|p2a: Dugtrio|172/196|[from] Leech Seed|[of] p1a: Whimsicott\n|-heal|p1a: Whimsicott|238/238|[silent]\n|upkeep\n|turn|14\n|inactive|DGYYYY has 30 seconds left.\n|\n|t:|1782867281\n|move|p2a: Dugtrio|Earthquake|p1a: Whimsicott\n|-supereffective|p1a: Whimsicott\n|-damage|p1a: Whimsicott|0 fnt\n|faint|p1a: Whimsicott\n|\n|upkeep\n|inactive|DGYYYY has 30 seconds left.\n|\n|t:|1782867288\n|switch|p1a: Drednaw|Drednaw, L81, M|278/278\n|turn|15\n|\n|t:|1782867296\n|-terastallize|p2a: Dugtrio|Dark\n|move|p2a: Dugtrio|Earthquake|p1a: Drednaw\n|-supereffective|p1a: Drednaw\n|-damage|p1a: Drednaw|0 fnt\n|faint|p1a: Drednaw\n|\n|upkeep\n|c|\u2606benjacsim|0iq\n|inactive|DGYYYY has 30 seconds left.\n|c|\u2606DGYYYY|only counters xd\n|inactive|DGYYYY has 20 seconds left.\n|c|\u2606DGYYYY|still 0 iqman donde have anithyng more\n|inactive|DGYYYY has 15 seconds left.\n|inactive|DGYYYY has 10 seconds left.\n|c|\u2606DGYYYY|dumbas bitchyyyy\n|-message|DGYYYY forfeited.\n|\n|win|benjacsim\n", "inputlog": ">version f8ac14003a5f27e1bdc8d8c59608a773c1cb96e5\n>start {\"formatid\":\"gen9randombattle\",\"seed\":\"sodium,b97e29b72ca520f472843df21b3b9b72\",\"rated\":\"Rated battle\"}\n>player p1 {\"name\":\"DGYYYY\",\"avatar\":\"1\",\"rating\":1164,\"seed\":\"sodium,3598535a26eb33adcb6009f022879f1c\"}\n>player p2 {\"name\":\"benjacsim\",\"avatar\":\"2\",\"rating\":1124,\"seed\":\"sodium,f36d18b066279cb0527bce1ae2f136f5\"}\n>p1 move shadowball\n>p2 move quiverdance\n>p1 move shadowball\n>p2 move hurricane\n>p2 switch 5\n>p1 move shadowball\n>p2 move matchagotcha\n>chat \u2606DGYYYY|0iq\n>p1 switch 5\n>p2 switch 6\n>p1 move substitute\n>p2 move icepunch\n>p1 move substitute terastallize\n>p2 move icepunch\n>p1 move leechseed\n>p2 move drainpunch\n>p1 move substitute\n>p2 move drainpunch\n>p1 switch 4\n>p2 move drainpunch\n>p1 move closecombat\n>p2 move drainpunch\n>p1 switch 3\n>p1 move hydropump\n>p2 move thunderpunch\n>p1 move grassknot\n>p2 move voltswitch\n>p2 switch 3\n>p1 move encore\n>p2 move supercellslam\n>p1 switch 4\n>p1 move leechseed\n>p2 switch 4\n>p1 move moonblast\n>p2 move earthquake\n>p1 switch 2\n>p1 move shellsmash\n>p2 move earthquake terastallize\n>chat \u2606benjacsim|0iq\n>chat \u2606DGYYYY|only counters xd\n>chat \u2606DGYYYY|still 0 iqman donde have anithyng more\n>chat \u2606DGYYYY|dumbas bitchyyyy\n>forcelose p1", "uploadtime": 1782867328, "views": 8, "formatid": "gen9randombattle", "rating": null, "private": 0, "password": null, "player_dets": [{"name": "DGYYYY", "avatar": "1", "rating": 1164, "seed": "sodium,3598535a26eb33adcb6009f022879f1c"}, {"name": "benjacsim", "avatar": "2", "rating": 1124, "seed": "sodium,f36d18b066279cb0527bce1ae2f136f5"}], "teams_full": [{"Porygon-Z": {"name": "Porygon-Z", "species": "Porygon-Z", "speciesId": "porygonz", "gender": "N", "shiny": false, "level": 83, "moves": ["thunderbolt", "nastyplot", "shadowball", "triattack"], "ability": "Download", "evs": {"hp": 85, "atk": 0, "def": 85, "spa": 85, "spd": 85, "spe": 85}, "ivs": {"hp": 31, "atk": 0, "def": 31, "spa": 31, "spd": 31, "spe": 31}, "item": "Life Orb", "teraType": "Electric", "role": "Fast Attacker", "bvs": {"hp": 85, "atk": 80, "def": 70, "spa": 135, "spd": 75, "spe": 90}, "stats": {"hp": 277, "atk": 137, "def": 164, "spa": 272, "spd": 172, "spe": 197}, "types": ["Normal"]}, "Drednaw": {"name": "Drednaw", "species": "Drednaw", "speciesId": "drednaw", "gender": "M", "shiny": false, "level": 81, "moves": ["stoneedge", "earthquake", "shellsmash", "liquidation"], "ability": "Shell Armor", "evs": {"hp": 85, "atk": 85, "def": 85, "spa": 85, "spd": 85, "spe": 85}, "ivs": {"hp": 31, "atk": 31, "def": 31, "spa": 31, "spd": 31, "spe": 31}, "item": "White Herb", "teraType": "Water", "role": "Fast Bulky Setup", "bvs": {"hp": 90, "atk": 115, "def": 90, "spa": 48, "spd": 68, "spe": 74}, "stats": {"hp": 278, "atk": 233, "def": 192, "spa": 124, "spd": 157, "spe": 167}, "types": ["Water", "Rock"]}, "Golduck": {"name": "Golduck", "species": "Golduck", "speciesId": "golduck", "gender": "M", "shiny": false, "level": 90, "moves": ["encore", "hydropump", "grassknot", "nastyplot"], "ability": "Cloud Nine", "evs": {"hp": 85, "atk": 0, "def": 85, "spa": 85, "spd": 85, "spe": 85}, "ivs": {"hp": 31, "atk": 0, "def": 31, "spa": 31, "spd": 31, "spe": 31}, "item": "Leftovers", "teraType": "Water", "role": "Bulky Setup", "bvs": {"hp": 80, "atk": 82, "def": 78, "spa": 95, "spd": 80, "spe": 85}, "stats": {"hp": 290, "atk": 152, "def": 192, "spa": 222, "spd": 195, "spe": 204}, "types": ["Water"]}, "Hitmonlee": {"name": "Hitmonlee", "species": "Hitmonlee", "speciesId": "hitmonlee", "gender": "M", "shiny": false, "level": 85, "moves": ["closecombat", "knockoff", "stoneedge", "swordsdance"], "ability": "Unburden", "evs": {"hp": 85, "atk": 85, "def": 85, "spa": 85, "spd": 85, "spe": 85}, "ivs": {"hp": 31, "atk": 31, "def": 31, "spa": 31, "spd": 31, "spe": 31}, "item": "White Herb", "teraType": "Dark", "role": "Setup Sweeper", "bvs": {"hp": 50, "atk": 120, "def": 53, "spa": 35, "spd": 110, "spe": 87}, "stats": {"hp": 224, "atk": 253, "def": 139, "spa": 108, "spd": 236, "spe": 197}, "types": ["Fighting"]}, "Whimsicott": {"name": "Whimsicott", "species": "Whimsicott", "speciesId": "whimsicott", "gender": "F", "shiny": false, "level": 84, "moves": ["leechseed", "moonblast", "encore", "substitute"], "ability": "Prankster", "evs": {"hp": 85, "atk": 0, "def": 85, "spa": 85, "spd": 85, "spe": 85}, "ivs": {"hp": 31, "atk": 0, "def": 31, "spa": 31, "spd": 31, "spe": 31}, "item": "Leftovers", "teraType": "Steel", "role": "Bulky Support", "bvs": {"hp": 60, "atk": 67, "def": 85, "spa": 77, "spd": 75, "spe": 116}, "stats": {"hp": 238, "atk": 117, "def": 191, "spa": 178, "spd": 174, "spe": 243}, "types": ["Grass", "Fairy"]}, "Revavroom": {"name": "Revavroom", "species": "Revavroom", "speciesId": "revavroom", "gender": "M", "shiny": false, "level": 79, "moves": ["highhorsepower", "gunkshot", "shiftgear", "ironhead"], "ability": "Filter", "evs": {"hp": 85, "atk": 85, "def": 85, "spa": 85, "spd": 85, "spe": 85}, "ivs": {"hp": 31, "atk": 31, "def": 31, "spa": 31, "spd": 31, "spe": 31}, "item": "Life Orb", "teraType": "Ground", "role": "Fast Attacker", "bvs": {"hp": 80, "atk": 119, "def": 90, "spa": 54, "spd": 67, "spe": 90}, "stats": {"hp": 256, "atk": 234, "def": 188, "spa": 131, "spd": 151, "spe": 188}, "types": ["Steel", "Poison"]}}, {"Oricorio": {"name": "Oricorio", "species": "Oricorio-Sensu", "speciesId": "oricoriosensu", "gender": "M", "shiny": false, "level": 85, "moves": ["hurricane", "revelationdance", "roost", "quiverdance"], "ability": "Dancer", "evs": {"hp": 85, "atk": 0, "def": 85, "spa": 85, "spd": 85, "spe": 85}, "ivs": {"hp": 31, "atk": 0, "def": 31, "spa": 31, "spd": 31, "spe": 31}, "item": "Heavy-Duty Boots", "teraType": "Fighting", "role": "Setup Sweeper", "bvs": {"hp": 75, "atk": 70, "def": 70, "spa": 98, "spd": 70, "spe": 93}, "stats": {"hp": 266, "atk": 124, "def": 168, "spa": 215, "spd": 168, "spe": 207}, "types": ["Ghost", "Flying"]}, "Blastoise": {"name": "Blastoise", "species": "Blastoise", "speciesId": "blastoise", "gender": "F", "shiny": false, "level": 80, "moves": ["icebeam", "shellsmash", "hydropump", "earthquake"], "ability": "Torrent", "evs": {"hp": 85, "atk": 85, "def": 85, "spa": 85, "spd": 85, "spe": 85}, "ivs": {"hp": 31, "atk": 31, "def": 31, "spa": 31, "spd": 31, "spe": 31}, "item": "White Herb", "teraType": "Steel", "role": "Setup Sweeper", "bvs": {"hp": 79, "atk": 83, "def": 100, "spa": 85, "spd": 105, "spe": 78}, "stats": {"hp": 258, "atk": 179, "def": 206, "spa": 182, "spd": 214, "spe": 171}, "types": ["Water"]}, "Electivire": {"name": "Electivire", "species": "Electivire", "speciesId": "electivire", "gender": "F", "shiny": false, "level": 84, "moves": ["knockoff", "supercellslam", "icepunch", "earthquake"], "ability": "Motor Drive", "evs": {"hp": 85, "atk": 85, "def": 85, "spa": 85, "spd": 85, "spe": 85}, "ivs": {"hp": 31, "atk": 31, "def": 31, "spa": 31, "spd": 31, "spe": 31}, "item": "Choice Band", "teraType": "Dark", "role": "Fast Attacker", "bvs": {"hp": 75, "atk": 123, "def": 67, "spa": 95, "spd": 85, "spe": 95}, "stats": {"hp": 263, "atk": 255, "def": 161, "spa": 208, "spd": 191, "spe": 208}, "types": ["Electric"]}, "Dugtrio": {"name": "Dugtrio", "species": "Dugtrio", "speciesId": "dugtrio", "gender": "F", "shiny": false, "level": 84, "moves": ["suckerpunch", "stoneedge", "earthquake", "throatchop"], "ability": "Arena Trap", "evs": {"hp": 85, "atk": 85, "def": 85, "spa": 85, "spd": 85, "spe": 85}, "ivs": {"hp": 31, "atk": 31, "def": 31, "spa": 31, "spd": 31, "spe": 31}, "item": "Choice Band", "teraType": "Dark", "role": "Wallbreaker", "bvs": {"hp": 35, "atk": 100, "def": 50, "spa": 50, "spd": 70, "spe": 120}, "stats": {"hp": 196, "atk": 216, "def": 132, "spa": 132, "spd": 166, "spe": 250}, "types": ["Ground"]}, "Sinistcha": {"name": "Sinistcha", "species": "Sinistcha", "speciesId": "sinistcha", "gender": "N", "shiny": false, "level": 83, "moves": ["matchagotcha", "calmmind", "shadowball", "strengthsap"], "ability": "Heatproof", "evs": {"hp": 85, "atk": 0, "def": 85, "spa": 85, "spd": 85, "spe": 85}, "ivs": {"hp": 31, "atk": 0, "def": 31, "spa": 31, "spd": 31, "spe": 31}, "item": "Leftovers", "teraType": "Steel", "role": "Bulky Setup", "bvs": {"hp": 71, "atk": 60, "def": 106, "spa": 121, "spd": 80, "spe": 70}, "stats": {"hp": 254, "atk": 104, "def": 224, "spa": 249, "spd": 180, "spe": 164}, "types": ["Grass", "Ghost"]}, "Iron Hands": {"name": "Iron Hands", "species": "Iron Hands", "speciesId": "ironhands", "gender": "N", "shiny": false, "level": 79, "moves": ["voltswitch", "thunderpunch", "icepunch", "drainpunch"], "ability": "Quark Drive", "evs": {"hp": 85, "atk": 85, "def": 85, "spa": 85, "spd": 85, "spe": 85}, "ivs": {"hp": 31, "atk": 31, "def": 31, "spa": 31, "spd": 31, "spe": 31}, "item": "Assault Vest", "teraType": "Electric", "role": "AV Pivot", "bvs": {"hp": 154, "atk": 140, "def": 108, "spa": 50, "spd": 68, "spe": 50}, "stats": {"hp": 373, "atk": 267, "def": 216, "spa": 125, "spd": 153, "spe": 125}, "types": ["Fighting", "Electric"]}}]}