{"id": "gen9randombattle-2641588539", "format": "[Gen 9] Random Battle", "players": ["sarodiya", "a rabbit"], "log": "|badge|p1|bronze|gen9randombattle|100-9\n|html|<div class=\"broadcast-red\"><strong>This battle is required to be public due to one or more player having a season medal.</strong><br />During the public phase, you can discuss the state of the ladder <a href=\"/seasondiscussion\">in a special chatroom.</a></div>\n|uhtml|medal-msg|<div class=\"broadcast-blue\">Curious what those medals under the avatar are? PS now has Ladder Seasons! For more information, check out the <a href=\"https://www.smogon.com/forums/threads/3740067/\">thread on Smogon.</a></div>\n|j|\u2606sarodiya\n|j|\u2606a rabbit\n|t:|1782814001\n|gametype|singles\n|player|p1|sarodiya|265|2269\n|player|p2|a rabbit|#scl2breakers|2218\n|gen|9\n|tier|[Gen 9] Random Battle\n|rated|\n|rule|Species Clause: Limit one of each Pok\u00e9mon\n|rule|HP Percentage Mod: HP is shown in percentages\n|rule|Sleep Clause Mod: Limit one foe put to sleep\n|rule|Illusion Level Mod: Illusion disguises the Pok\u00e9mon's true level\n|\n|t:|1782814001\n|teamsize|p1|6\n|teamsize|p2|6\n|start\n|switch|p1a: Ariados|Ariados, L95, F|287/287\n|switch|p2a: Vileplume|Vileplume, L85, M|266/266\n|turn|1\n|inactive|Battle timer is ON: inactive players will automatically lose when time's up. (requested by sarodiya)\n|\n|t:|1782814020\n|move|p2a: Vileplume|Leech Seed|p1a: Ariados\n|-start|p1a: Ariados|move: Leech Seed\n|move|p1a: Ariados|Sticky Web|p2a: Vileplume\n|-sidestart|p2: a rabbit|move: Sticky Web\n|\n|-damage|p1a: Ariados|252/287|[from] Leech Seed|[of] p2a: Vileplume\n|upkeep\n|turn|2\n|\n|t:|1782814029\n|switch|p2a: Klawf|Klawf, L90, M|272/272\n|-activate|p2a: Klawf|move: Sticky Web\n|-unboost|p2a: Klawf|spe|1\n|switch|p1a: Pyroar|Pyroar, L88, F|295/295\n|-ability|p1a: Pyroar|Unnerve\n|\n|upkeep\n|turn|3\n|\n|t:|1782814037\n|switch|p1a: Garchomp|Garchomp, L74, M|282/282\n|move|p2a: Klawf|Stone Edge|p1a: Garchomp\n|-resisted|p1a: Garchomp\n|-damage|p1a: Garchomp|188/282\n|-damage|p2a: Klawf|245/272|[from] item: Life Orb\n|\n|upkeep\n|turn|4\n|\n|t:|1782814044\n|switch|p2a: Illumise|Illumise, L91, F|266/266\n|move|p1a: Garchomp|Stealth Rock|p2a: Illumise\n|-sidestart|p2: a rabbit|move: Stealth Rock\n|\n|upkeep\n|turn|5\n|\n|t:|1782814048\n|move|p2a: Illumise|Encore|p1a: Garchomp\n|-start|p1a: Garchomp|Encore\n|move|p1a: Garchomp|Stealth Rock||[still]\n|-fail|p1a: Garchomp\n|\n|upkeep\n|turn|6\n|\n|t:|1782814053\n|switch|p1a: Ariados|Ariados, L95, F|252/287\n|move|p2a: Illumise|Thunder Wave|p1a: Ariados|[miss]\n|-miss|p2a: Illumise|p1a: Ariados\n|\n|upkeep\n|turn|7\n|\n|t:|1782814059\n|switch|p2a: Klawf|Klawf, L90, M|272/272\n|-activate|p2a: Klawf|move: Sticky Web\n|-unboost|p2a: Klawf|spe|1\n|-damage|p2a: Klawf|238/272|[from] Stealth Rock\n|move|p1a: Ariados|Knock Off|p2a: Klawf\n|-damage|p2a: Klawf|177/272\n|-enditem|p2a: Klawf|Life Orb|[from] move: Knock Off|[of] p1a: Ariados\n|\n|upkeep\n|turn|8\n|\n|t:|1782814064\n|switch|p1a: Garchomp|Garchomp, L74, M|188/282\n|move|p2a: Klawf|Stealth Rock|p1a: Garchomp\n|-sidestart|p1: sarodiya|move: Stealth Rock\n|\n|upkeep\n|turn|9\n|\n|t:|1782814067\n|switch|p2a: Illumise|Illumise, L91, F|266/266\n|move|p1a: Garchomp|Spikes|p2a: Illumise\n|-sidestart|p2: a rabbit|Spikes\n|\n|upkeep\n|turn|10\n|j| lilboymp4\n|\n|t:|1782814070\n|move|p2a: Illumise|Bug Buzz|p1a: Garchomp\n|-damage|p1a: Garchomp|74/282\n|move|p1a: Garchomp|Spikes|p2a: Illumise\n|-sidestart|p2: a rabbit|Spikes\n|\n|upkeep\n|turn|11\n|\n|t:|1782814072\n|move|p2a: Illumise|Bug Buzz|p1a: Garchomp\n|-damage|p1a: Garchomp|0 fnt\n|faint|p1a: Garchomp\n|\n|upkeep\n|\n|t:|1782814077\n|switch|p1a: Ariados|Ariados, L95, F|252/287\n|-damage|p1a: Ariados|181/287|[from] Stealth Rock\n|turn|12\n|\n|t:|1782814083\n|switch|p2a: Registeel|Registeel, L81|262/262\n|-activate|p2a: Registeel|move: Sticky Web\n|-fail|p2a: Registeel|unboost|[from] ability: Clear Body|[of] p2a: Registeel\n|-damage|p2a: Registeel|246/262|[from] Stealth Rock\n|-damage|p2a: Registeel|203/262|[from] Spikes\n|move|p1a: Ariados|Megahorn|p2a: Registeel\n|-resisted|p2a: Registeel\n|-crit|p2a: Registeel\n|-damage|p2a: Registeel|126/262\n|\n|-heal|p2a: Registeel|142/262|[from] item: Leftovers\n|upkeep\n|turn|13\n|\n|t:|1782814088\n|move|p1a: Ariados|Knock Off|p2a: Registeel\n|-damage|p2a: Registeel|89/262\n|-enditem|p2a: Registeel|Leftovers|[from] move: Knock Off|[of] p1a: Ariados\n|move|p2a: Registeel|Thunder Wave|p1a: Ariados\n|-status|p1a: Ariados|par\n|\n|upkeep\n|turn|14\n|\n|t:|1782814092\n|switch|p1a: Pyroar|Pyroar, L88, F|295/295\n|-ability|p1a: Pyroar|Unnerve\n|move|p2a: Registeel|Iron Head|p1a: Pyroar\n|-resisted|p1a: Pyroar\n|-damage|p1a: Pyroar|259/295\n|\n|upkeep\n|turn|15\n|\n|t:|1782814096\n|move|p1a: Pyroar|Fire Blast|p2a: Registeel\n|-supereffective|p2a: Registeel\n|-damage|p2a: Registeel|0 fnt\n|faint|p2a: Registeel\n|\n|upkeep\n|\n|t:|1782814099\n|switch|p2a: Klawf|Klawf, L90, M|267/272\n|-activate|p2a: Klawf|move: Sticky Web\n|-unboost|p2a: Klawf|spe|1\n|-damage|p2a: Klawf|233/272|[from] Stealth Rock\n|-damage|p2a: Klawf|188/272|[from] Spikes\n|turn|16\n|\n|t:|1782814106\n|switch|p1a: Tauros|Tauros-Paldea-Combat, L82, M|257/257\n|-damage|p1a: Tauros|241/257|[from] Stealth Rock\n|-ability|p1a: Tauros|Intimidate|boost\n|-unboost|p2a: Klawf|atk|1\n|move|p2a: Klawf|Stone Edge|p1a: Tauros\n|-resisted|p1a: Tauros\n|-damage|p1a: Tauros|204/257\n|\n|upkeep\n|turn|17\n|\n|t:|1782814110\n|switch|p2a: Vileplume|Vileplume, L85, M|266/266\n|-activate|p2a: Vileplume|move: Sticky Web\n|-unboost|p2a: Vileplume|spe|1\n|-damage|p2a: Vileplume|233/266|[from] Stealth Rock\n|-damage|p2a: Vileplume|189/266|[from] Spikes\n|move|p1a: Tauros|Earthquake|p2a: Vileplume\n|-damage|p2a: Vileplume|80/266\n|\n|-heal|p2a: Vileplume|96/266|[from] item: Leftovers\n|upkeep\n|turn|18\n|\n|t:|1782814115\n|switch|p2a: Illumise|Illumise, L91, F|266/266\n|move|p1a: Tauros|Earthquake|p2a: Illumise\n|-resisted|p2a: Illumise\n|-damage|p2a: Illumise|210/266\n|\n|upkeep\n|turn|19\n|\n|t:|1782814119\n|switch|p1a: Ariados|Ariados, L95, F|181/287 par\n|-damage|p1a: Ariados|110/287 par|[from] Stealth Rock\n|switch|p2a: Klawf|Klawf, L90, M|272/272\n|-activate|p2a: Klawf|move: Sticky Web\n|-unboost|p2a: Klawf|spe|1\n|-damage|p2a: Klawf|238/272|[from] Stealth Rock\n|-damage|p2a: Klawf|193/272|[from] Spikes\n|\n|upkeep\n|turn|20\n|\n|t:|1782814126\n|switch|p1a: Tauros|Tauros-Paldea-Combat, L82, M|204/257\n|-damage|p1a: Tauros|188/257|[from] Stealth Rock\n|-ability|p1a: Tauros|Intimidate|boost\n|-unboost|p2a: Klawf|atk|1\n|move|p2a: Klawf|High Horsepower|p1a: Tauros\n|-damage|p1a: Tauros|140/257\n|\n|upkeep\n|turn|21\n|\n|t:|1782814131\n|switch|p2a: Vileplume|Vileplume, L85, M|96/266\n|-activate|p2a: Vileplume|move: Sticky Web\n|-unboost|p2a: Vileplume|spe|1\n|-damage|p2a: Vileplume|63/266|[from] Stealth Rock\n|-damage|p2a: Vileplume|19/266|[from] Spikes\n|move|p1a: Tauros|Close Combat|p2a: Vileplume\n|-resisted|p2a: Vileplume\n|-damage|p2a: Vileplume|0 fnt\n|-unboost|p1a: Tauros|def|1\n|-unboost|p1a: Tauros|spd|1\n|faint|p2a: Vileplume\n|\n|upkeep\n|\n|t:|1782814135\n|switch|p2a: Illumise|Illumise, L91, F|210/266\n|turn|22\n|\n|t:|1782814143\n|switch|p1a: Seviper|Seviper, L93, M|287/287\n|-damage|p1a: Seviper|252/287|[from] Stealth Rock\n|move|p2a: Illumise|Bug Buzz|p1a: Seviper\n|-resisted|p1a: Seviper\n|-damage|p1a: Seviper|202/287\n|\n|upkeep\n|turn|23\n|\n|t:|1782814148\n|move|p2a: Illumise|Thunder Wave|p1a: Seviper\n|-status|p1a: Seviper|par\n|cant|p1a: Seviper|par\n|\n|upkeep\n|turn|24\n|\n|t:|1782814153\n|switch|p2a: Klawf|Klawf, L90, M|272/272\n|-activate|p2a: Klawf|move: Sticky Web\n|-unboost|p2a: Klawf|spe|1\n|-damage|p2a: Klawf|238/272|[from] Stealth Rock\n|-damage|p2a: Klawf|193/272|[from] Spikes\n|move|p1a: Seviper|Knock Off|p2a: Klawf\n|-damage|p2a: Klawf|137/272\n|-damage|p1a: Seviper|174/287 par|[from] item: Life Orb\n|\n|upkeep\n|turn|25\n|\n|t:|1782814161\n|switch|p1a: Tauros|Tauros-Paldea-Combat, L82, M|140/257\n|-damage|p1a: Tauros|124/257|[from] Stealth Rock\n|-ability|p1a: Tauros|Intimidate|boost\n|-unboost|p2a: Klawf|atk|1\n|move|p2a: Klawf|High Horsepower|p1a: Tauros\n|-damage|p1a: Tauros|78/257\n|\n|upkeep\n|turn|26\n|\n|t:|1782814169\n|switch|p2a: Illumise|Illumise, L91, F|210/266\n|move|p1a: Tauros|Close Combat|p2a: Illumise\n|-resisted|p2a: Illumise\n|-damage|p2a: Illumise|99/266\n|-unboost|p1a: Tauros|def|1\n|-unboost|p1a: Tauros|spd|1\n|\n|upkeep\n|turn|27\n|\n|t:|1782814174\n|switch|p1a: Seviper|Seviper, L93, M|174/287 par\n|-damage|p1a: Seviper|139/287 par|[from] Stealth Rock\n|move|p2a: Illumise|Roost|p2a: Illumise\n|-heal|p2a: Illumise|232/266\n|-singleturn|p2a: Illumise|move: Roost\n|\n|upkeep\n|turn|28\n|\n|t:|1782814177\n|switch|p2a: Klawf|Klawf, L90, M|227/272\n|-activate|p2a: Klawf|move: Sticky Web\n|-unboost|p2a: Klawf|spe|1\n|-damage|p2a: Klawf|193/272|[from] Stealth Rock\n|-damage|p2a: Klawf|148/272|[from] Spikes\n|cant|p1a: Seviper|par\n|\n|upkeep\n|turn|29\n|\n|t:|1782814185\n|switch|p1a: Ariados|Ariados, L95, F|110/287 par\n|-damage|p1a: Ariados|39/287 par|[from] Stealth Rock\n|move|p2a: Klawf|High Horsepower|p1a: Ariados\n|-damage|p1a: Ariados|0 fnt\n|faint|p1a: Ariados\n|\n|upkeep\n|\n|t:|1782814186\n|switch|p1a: Tauros|Tauros-Paldea-Combat, L82, M|78/257\n|-damage|p1a: Tauros|62/257|[from] Stealth Rock\n|-ability|p1a: Tauros|Intimidate|boost\n|-unboost|p2a: Klawf|atk|1\n|turn|30\n|\n|t:|1782814192\n|switch|p2a: Illumise|Illumise, L91, F|232/266\n|move|p1a: Tauros|Close Combat|p2a: Illumise\n|-resisted|p2a: Illumise\n|-crit|p2a: Illumise\n|-damage|p2a: Illumise|70/266\n|-unboost|p1a: Tauros|def|1\n|-unboost|p1a: Tauros|spd|1\n|\n|upkeep\n|turn|31\n|\n|t:|1782814197\n|switch|p1a: Seviper|Seviper, L93, M|139/287 par\n|-damage|p1a: Seviper|104/287 par|[from] Stealth Rock\n|move|p2a: Illumise|Roost|p2a: Illumise\n|-heal|p2a: Illumise|203/266\n|-singleturn|p2a: Illumise|move: Roost\n|\n|upkeep\n|turn|32\n|\n|t:|1782814201\n|switch|p2a: Klawf|Klawf, L90, M|238/272\n|-activate|p2a: Klawf|move: Sticky Web\n|-unboost|p2a: Klawf|spe|1\n|-damage|p2a: Klawf|204/272|[from] Stealth Rock\n|-damage|p2a: Klawf|159/272|[from] Spikes\n|move|p1a: Seviper|Giga Drain|p2a: Klawf\n|-supereffective|p2a: Klawf\n|-damage|p2a: Klawf|0 fnt\n|-heal|p1a: Seviper|184/287 par|[from] drain|[of] p2a: Klawf\n|faint|p2a: Klawf\n|-damage|p1a: Seviper|156/287 par|[from] item: Life Orb\n|\n|upkeep\n|\n|t:|1782814225\n|switch|p2a: Suicune|Suicune, L82|298/298\n|-activate|p2a: Suicune|move: Sticky Web\n|-unboost|p2a: Suicune|spe|1\n|-damage|p2a: Suicune|261/298|[from] Stealth Rock\n|-damage|p2a: Suicune|212/298|[from] Spikes\n|-ability|p2a: Suicune|Pressure\n|turn|33\n|\n|t:|1782814231\n|switch|p1a: Lunala|Lunala, L70|308/308\n|-damage|p1a: Lunala|270/308|[from] Stealth Rock\n|move|p2a: Suicune|Scald|p1a: Lunala\n|-damage|p1a: Lunala|194/308\n|\n|-heal|p1a: Lunala|213/308|[from] item: Leftovers\n|-heal|p2a: Suicune|230/298|[from] item: Leftovers\n|upkeep\n|turn|34\n|\n|t:|1782814241\n|switch|p2a: Illumise|Illumise, L91, F|203/266\n|move|p1a: Lunala|Calm Mind|p1a: Lunala\n|-boost|p1a: Lunala|spa|1\n|-boost|p1a: Lunala|spd|1\n|\n|-heal|p1a: Lunala|232/308|[from] item: Leftovers\n|upkeep\n|turn|35\n|\n|t:|1782814244\n|move|p2a: Illumise|Thunder Wave|p1a: Lunala\n|-status|p1a: Lunala|par\n|move|p1a: Lunala|Moongeist Beam|p2a: Illumise\n|-damage|p2a: Illumise|73/266\n|\n|-heal|p1a: Lunala|251/308 par|[from] item: Leftovers\n|upkeep\n|turn|36\n|\n|t:|1782814248\n|move|p2a: Illumise|Roost|p2a: Illumise\n|-heal|p2a: Illumise|206/266\n|-singleturn|p2a: Illumise|move: Roost\n|cant|p1a: Lunala|par\n|\n|-heal|p1a: Lunala|270/308 par|[from] item: Leftovers\n|upkeep\n|turn|37\n|\n|t:|1782814256\n|move|p2a: Illumise|Encore|p1a: Lunala\n|-start|p1a: Lunala|Encore\n|move|p1a: Lunala|Moongeist Beam|p2a: Illumise\n|-damage|p2a: Illumise|76/266\n|\n|-heal|p1a: Lunala|289/308 par|[from] item: Leftovers\n|upkeep\n|turn|38\n|\n|t:|1782814265\n|switch|p1a: Pyroar|Pyroar, L88, F|259/295\n|-ability|p1a: Pyroar|Unnerve\n|move|p2a: Illumise|Roost|p2a: Illumise\n|-heal|p2a: Illumise|209/266\n|-singleturn|p2a: Illumise|move: Roost\n|\n|upkeep\n|turn|39\n|\n|t:|1782814269\n|move|p2a: Illumise|Thunder Wave|p1a: Pyroar\n|-status|p1a: Pyroar|par\n|move|p1a: Pyroar|Fire Blast|p2a: Illumise\n|-supereffective|p2a: Illumise\n|-damage|p2a: Illumise|0 fnt\n|faint|p2a: Illumise\n|\n|upkeep\n|\n|t:|1782814281\n|switch|p2a: Suicune|Suicune, L82|230/298\n|-activate|p2a: Suicune|move: Sticky Web\n|-unboost|p2a: Suicune|spe|1\n|-damage|p2a: Suicune|193/298|[from] Stealth Rock\n|-damage|p2a: Suicune|144/298|[from] Spikes\n|-ability|p2a: Suicune|Pressure\n|turn|40\n|\n|t:|1782814285\n|move|p2a: Suicune|Calm Mind|p2a: Suicune\n|-boost|p2a: Suicune|spa|1\n|-boost|p2a: Suicune|spd|1\n|cant|p1a: Pyroar|par\n|\n|-heal|p2a: Suicune|162/298|[from] item: Leftovers\n|upkeep\n|turn|41\n|\n|t:|1782814291\n|move|p2a: Suicune|Calm Mind|p2a: Suicune\n|-boost|p2a: Suicune|spa|1\n|-boost|p2a: Suicune|spd|1\n|move|p1a: Pyroar|Hyper Voice|p2a: Suicune\n|-damage|p2a: Suicune|116/298\n|\n|-heal|p2a: Suicune|134/298|[from] item: Leftovers\n|upkeep\n|turn|42\n|\n|t:|1782814293\n|move|p2a: Suicune|Scald|p1a: Pyroar\n|-supereffective|p1a: Pyroar\n|-crit|p1a: Pyroar\n|-damage|p1a: Pyroar|0 fnt\n|faint|p1a: Pyroar\n|\n|-heal|p2a: Suicune|152/298|[from] item: Leftovers\n|upkeep\n|\n|t:|1782814296\n|switch|p1a: Tauros|Tauros-Paldea-Combat, L82, M|62/257\n|-damage|p1a: Tauros|46/257|[from] Stealth Rock\n|-ability|p1a: Tauros|Intimidate|boost\n|-unboost|p2a: Suicune|atk|1\n|turn|43\n|\n|t:|1782814298\n|move|p1a: Tauros|Close Combat|p2a: Suicune\n|-damage|p2a: Suicune|0 fnt\n|-unboost|p1a: Tauros|def|1\n|-unboost|p1a: Tauros|spd|1\n|faint|p2a: Suicune\n|\n|upkeep\n|\n|t:|1782814302\n|switch|p2a: Ceruledge|Ceruledge, L78, F|245/245\n|turn|44\n|\n|t:|1782814307\n|switch|p1a: Lunala|Lunala, L70|289/308 par\n|-damage|p1a: Lunala|251/308 par|[from] Stealth Rock\n|move|p2a: Ceruledge|Swords Dance|p2a: Ceruledge\n|-boost|p2a: Ceruledge|atk|2\n|\n|-heal|p1a: Lunala|270/308 par|[from] item: Leftovers\n|upkeep\n|turn|45\n|\n|t:|1782814314\n|-terastallize|p2a: Ceruledge|Fire\n|move|p2a: Ceruledge|Poltergeist|p1a: Lunala\n|-activate|p1a: Lunala|move: Poltergeist|Leftovers\n|-supereffective|p1a: Lunala\n|-damage|p1a: Lunala|0 fnt\n|faint|p1a: Lunala\n|\n|upkeep\n|\n|t:|1782814318\n|switch|p1a: Tauros|Tauros-Paldea-Combat, L82, M|46/257\n|-damage|p1a: Tauros|30/257|[from] Stealth Rock\n|-ability|p1a: Tauros|Intimidate|boost\n|-unboost|p2a: Ceruledge|atk|1\n|turn|46\n|\n|t:|1782814321\n|move|p2a: Ceruledge|Shadow Sneak|p1a: Tauros\n|-damage|p1a: Tauros|0 fnt\n|faint|p1a: Tauros\n|\n|upkeep\n|l| lilboymp4\n|-message|sarodiya forfeited.\n|\n|win|a rabbit\n|raw|sarodiya's rating: 2269 &rarr; <strong>2246</strong><br />(-23 for losing)\n|raw|a rabbit's rating: 2218 &rarr; <strong>2241</strong><br />(+23 for winning)\n", "inputlog": ">version f8ac14003a5f27e1bdc8d8c59608a773c1cb96e5\n>start {\"formatid\":\"gen9randombattle\",\"seed\":\"sodium,15c5cbb13b17dfacaa104b1ee30325a8\",\"rated\":\"Rated battle\"}\n>player p1 {\"name\":\"sarodiya\",\"avatar\":\"265\",\"rating\":2269,\"seed\":\"sodium,778cb51162026b249ab659889ec478ff\"}\n>player p2 {\"name\":\"a rabbit\",\"avatar\":\"#scl2breakers\",\"rating\":2218,\"seed\":\"sodium,eec63c320f48339ad811264de0f8af48\"}\n>p1 move stickyweb\n>p2 move leechseed\n>p1 switch 5\n>p2 switch 5\n>p1 switch 2\n>p2 move stoneedge\n>p1 move stealthrock\n>p2 switch 2\n>p1 move spikes\n>p2 move encore\n>p1 switch 5\n>p2 move thunderwave\n>p1 move knockoff\n>p2 switch 2\n>p1 switch 5\n>p2 move stealthrock\n>p1 move spikes\n>p2 switch 2\n>p1 move spikes\n>p2 move bugbuzz\n>p1 move spikes\n>p2 move bugbuzz\n>p1 switch 5\n>p1 move megahorn\n>p2 switch 4\n>p1 move knockoff\n>p2 move thunderwave\n>p1 switch 2\n>p2 move ironhead\n>p1 move fireblast\n>p2 move thunderwave\n>p2 switch 2\n>p1 switch 4\n>p2 move stoneedge\n>p1 move earthquake\n>p2 switch 5\n>p1 move earthquake\n>p2 switch 4\n>p1 switch 2\n>p2 switch 5\n>p1 switch 2\n>p2 move highhorsepower\n>p1 move closecombat\n>p2 switch 4\n>p2 switch 5\n>p1 switch 3\n>p2 move bugbuzz\n>p1 move knockoff\n>p2 move thunderwave\n>p1 move knockoff\n>p2 switch 4\n>p1 switch 3\n>p2 move highhorsepower\n>p1 move closecombat\n>p2 switch 4\n>p1 switch 3\n>p2 move roost\n>p1 move gigadrain\n>p2 switch 4\n>p1 switch 2\n>p2 move highhorsepower\n>p1 switch 3\n>p1 move closecombat\n>p2 switch 4\n>p1 switch 2\n>p2 move roost\n>p1 move gigadrain\n>p2 switch 4\n>p2 switch 6\n>p1 switch 6\n>p2 move scald\n>p1 move calmmind\n>p2 switch 4\n>p1 move moongeistbeam\n>p2 move thunderwave\n>p1 move moongeistbeam\n>p2 move roost\n>p1 move moonblast\n>p2 move encore\n>p1 switch 4\n>p2 move roost\n>p1 move fireblast\n>p2 move thunderwave\n>p2 switch 4\n>p1 move hypervoice\n>p2 move calmmind\n>p1 move hypervoice\n>p2 move calmmind\n>p1 move taunt\n>p2 move scald\n>p1 switch 2\n>p1 move closecombat\n>p2 move scald\n>p2 switch 3\n>p1 switch 4\n>p2 move swordsdance\n>p1 move moongeistbeam\n>p2 move poltergeist terastallize\n>p1 switch 4\n>p1 move earthquake\n>p2 move shadowsneak\n>forcelose p1", "uploadtime": 1782814003, "views": 8, "formatid": "gen9randombattle", "rating": 2241, "private": 0, "password": null, "player_dets": [{"name": "sarodiya", "avatar": "265", "rating": 2269, "seed": "sodium,778cb51162026b249ab659889ec478ff"}, {"name": "a rabbit", "avatar": "#scl2breakers", "rating": 2218, "seed": "sodium,eec63c320f48339ad811264de0f8af48"}], "teams_full": [{"Ariados": {"name": "Ariados", "species": "Ariados", "speciesId": "ariados", "gender": "F", "shiny": false, "level": 95, "moves": ["knockoff", "poisonjab", "stickyweb", "megahorn"], "ability": "Swarm", "evs": {"hp": 85, "atk": 85, "def": 85, "spa": 85, "spd": 85, "spe": 85}, "ivs": {"hp": 31, "atk": 31, "def": 31, "spa": 31, "spd": 31, "spe": 31}, "item": "Focus Sash", "teraType": "Ghost", "role": "Fast Support", "bvs": {"hp": 70, "atk": 90, "def": 70, "spa": 60, "spd": 70, "spe": 40}, "stats": {"hp": 287, "atk": 225, "def": 187, "spa": 168, "spd": 187, "spe": 130}, "types": ["Bug", "Poison"]}, "Garchomp": {"name": "Garchomp", "species": "Garchomp", "speciesId": "garchomp", "gender": "M", "shiny": false, "level": 74, "moves": ["outrage", "spikes", "earthquake", "stealthrock"], "ability": "Rough Skin", "evs": {"hp": 85, "atk": 85, "def": 85, "spa": 85, "spd": 85, "spe": 85}, "ivs": {"hp": 31, "atk": 31, "def": 31, "spa": 31, "spd": 31, "spe": 31}, "item": "Rocky Helmet", "teraType": "Steel", "role": "Fast Support", "bvs": {"hp": 108, "atk": 130, "def": 95, "spa": 80, "spd": 85, "spe": 102}, "stats": {"hp": 282, "atk": 235, "def": 184, "spa": 161, "spd": 169, "spe": 194}, "types": ["Dragon", "Ground"]}, "Seviper": {"name": "Seviper", "species": "Seviper", "speciesId": "seviper", "gender": "M", "shiny": false, "level": 93, "moves": ["earthquake", "knockoff", "gunkshot", "gigadrain"], "ability": "Infiltrator", "evs": {"hp": 85, "atk": 85, "def": 85, "spa": 85, "spd": 85, "spe": 85}, "ivs": {"hp": 31, "atk": 31, "def": 31, "spa": 31, "spd": 31, "spe": 31}, "item": "Life Orb", "teraType": "Grass", "role": "Fast Attacker", "bvs": {"hp": 73, "atk": 100, "def": 60, "spa": 100, "spd": 60, "spe": 65}, "stats": {"hp": 287, "atk": 239, "def": 164, "spa": 239, "spd": 164, "spe": 174}, "types": ["Poison"]}, "Tauros": {"name": "Tauros", "species": "Tauros-Paldea-Combat", "speciesId": "taurospaldeacombat", "gender": "M", "shiny": false, "level": 82, "moves": ["earthquake", "ironhead", "closecombat", "throatchop"], "ability": "Intimidate", "evs": {"hp": 85, "atk": 85, "def": 85, "spa": 85, "spd": 85, "spe": 85}, "ivs": {"hp": 31, "atk": 31, "def": 31, "spa": 31, "spd": 31, "spe": 31}, "item": "Choice Band", "teraType": "Dark", "role": "Wallbreaker", "bvs": {"hp": 75, "atk": 110, "def": 105, "spa": 30, "spd": 70, "spe": 100}, "stats": {"hp": 257, "atk": 228, "def": 219, "spa": 96, "spd": 162, "spe": 211}, "types": ["Fighting"]}, "Pyroar": {"name": "Pyroar", "species": "Pyroar", "speciesId": "pyroar", "gender": "F", "shiny": false, "level": 88, "moves": ["hypervoice", "taunt", "fireblast", "darkpulse"], "ability": "Unnerve", "evs": {"hp": 85, "atk": 0, "def": 85, "spa": 85, "spd": 85, "spe": 85}, "ivs": {"hp": 31, "atk": 0, "def": 31, "spa": 31, "spd": 31, "spe": 31}, "item": "Heavy-Duty Boots", "teraType": "Fire", "role": "Fast Attacker", "bvs": {"hp": 86, "atk": 68, "def": 72, "spa": 109, "spd": 66, "spe": 106}, "stats": {"hp": 295, "atk": 124, "def": 177, "spa": 242, "spd": 166, "spe": 237}, "types": ["Fire", "Normal"]}, "Lunala": {"name": "Lunala", "species": "Lunala", "speciesId": "lunala", "gender": "N", "shiny": false, "level": 70, "moves": ["calmmind", "moonblast", "moonlight", "moongeistbeam"], "ability": "Shadow Shield", "evs": {"hp": 85, "atk": 0, "def": 85, "spa": 85, "spd": 85, "spe": 85}, "ivs": {"hp": 31, "atk": 0, "def": 31, "spa": 31, "spd": 31, "spe": 31}, "item": "Leftovers", "teraType": "Fairy", "role": "Bulky Setup", "bvs": {"hp": 137, "atk": 113, "def": 89, "spa": 137, "spd": 107, "spe": 97}, "stats": {"hp": 308, "atk": 163, "def": 166, "spa": 233, "spd": 191, "spe": 177}, "types": ["Psychic", "Ghost"]}}, {"Vileplume": {"name": "Vileplume", "species": "Vileplume", "speciesId": "vileplume", "gender": "M", "shiny": false, "level": 85, "moves": ["leechseed", "strengthsap", "gigadrain", "sludgebomb"], "ability": "Effect Spore", "evs": {"hp": 85, "atk": 0, "def": 85, "spa": 85, "spd": 85, "spe": 85}, "ivs": {"hp": 31, "atk": 0, "def": 31, "spa": 31, "spd": 31, "spe": 31}, "item": "Leftovers", "teraType": "Water", "role": "Bulky Attacker", "bvs": {"hp": 75, "atk": 80, "def": 85, "spa": 110, "spd": 90, "spe": 50}, "stats": {"hp": 266, "atk": 141, "def": 193, "spa": 236, "spd": 202, "spe": 134}, "types": ["Grass", "Poison"]}, "Illumise": {"name": "Illumise", "species": "Illumise", "speciesId": "illumise", "gender": "F", "shiny": false, "level": 91, "moves": ["thunderwave", "encore", "roost", "bugbuzz"], "ability": "Prankster", "evs": {"hp": 85, "atk": 0, "def": 85, "spa": 85, "spd": 85, "spe": 85}, "ivs": {"hp": 31, "atk": 0, "def": 31, "spa": 31, "spd": 31, "spe": 31}, "item": "Heavy-Duty Boots", "teraType": "Water", "role": "Bulky Support", "bvs": {"hp": 65, "atk": 47, "def": 75, "spa": 73, "spd": 85, "spe": 85}, "stats": {"hp": 266, "atk": 90, "def": 188, "spa": 185, "spd": 207, "spe": 207}, "types": ["Bug"]}, "Ceruledge": {"name": "Ceruledge", "species": "Ceruledge", "speciesId": "ceruledge", "gender": "F", "shiny": false, "level": 78, "moves": ["poltergeist", "bitterblade", "shadowsneak", "swordsdance"], "ability": "Weak Armor", "evs": {"hp": 85, "atk": 85, "def": 85, "spa": 85, "spd": 85, "spe": 85}, "ivs": {"hp": 31, "atk": 31, "def": 31, "spa": 31, "spd": 31, "spe": 31}, "item": "Heavy-Duty Boots", "teraType": "Fire", "role": "Setup Sweeper", "bvs": {"hp": 75, "atk": 125, "def": 80, "spa": 60, "spd": 100, "spe": 85}, "stats": {"hp": 245, "atk": 240, "def": 170, "spa": 139, "spd": 201, "spe": 178}, "types": ["Fire", "Ghost"]}, "Registeel": {"name": "Registeel", "species": "Registeel", "speciesId": "registeel", "gender": "N", "shiny": false, "level": 81, "moves": ["bodypress", "irondefense", "thunderwave", "ironhead"], "ability": "Clear Body", "evs": {"hp": 85, "atk": 85, "def": 85, "spa": 85, "spd": 85, "spe": 85}, "ivs": {"hp": 31, "atk": 31, "def": 31, "spa": 31, "spd": 31, "spe": 31}, "item": "Leftovers", "teraType": "Fighting", "role": "Bulky Support", "bvs": {"hp": 80, "atk": 75, "def": 150, "spa": 75, "spd": 150, "spe": 50}, "stats": {"hp": 262, "atk": 168, "def": 290, "spa": 168, "spd": 290, "spe": 128}, "types": ["Steel"]}, "Klawf": {"name": "Klawf", "species": "Klawf", "speciesId": "klawf", "gender": "M", "shiny": false, "level": 90, "moves": ["stealthrock", "knockoff", "highhorsepower", "stoneedge"], "ability": "Regenerator", "evs": {"hp": 85, "atk": 85, "def": 85, "spa": 85, "spd": 85, "spe": 85}, "ivs": {"hp": 31, "atk": 31, "def": 31, "spa": 31, "spd": 31, "spe": 31}, "item": "Life Orb", "teraType": "Ground", "role": "Fast Attacker", "bvs": {"hp": 70, "atk": 100, "def": 115, "spa": 35, "spd": 55, "spe": 75}, "stats": {"hp": 272, "atk": 231, "def": 258, "spa": 114, "spd": 150, "spe": 186}, "types": ["Rock"]}, "Suicune": {"name": "Suicune", "species": "Suicune", "speciesId": "suicune", "gender": "N", "shiny": false, "level": 82, "moves": ["sleeptalk", "scald", "calmmind", "rest"], "ability": "Pressure", "evs": {"hp": 85, "atk": 0, "def": 85, "spa": 85, "spd": 85, "spe": 85}, "ivs": {"hp": 31, "atk": 0, "def": 31, "spa": 31, "spd": 31, "spe": 31}, "item": "Leftovers", "teraType": "Steel", "role": "Bulky Attacker", "bvs": {"hp": 100, "atk": 75, "def": 115, "spa": 90, "spd": 115, "spe": 85}, "stats": {"hp": 298, "atk": 127, "def": 236, "spa": 195, "spd": 236, "spe": 187}, "types": ["Water"]}}]}