{"id": "gen9randombattle-2642045872", "format": "[Gen 9] Random Battle", "players": ["darkchyldemagik", "RainbowRoxy890"], "log": "|j|\u2606darkchyldemagik\n|j|\u2606RainbowRoxy890\n|t:|1782878736\n|gametype|singles\n|player|p1|darkchyldemagik|bellelba|1843\n|player|p2|RainbowRoxy890|265|1840\n|gen|9\n|tier|[Gen 9] Random Battle\n|rated|\n|rule|Species Clause: Limit one of each Pok\u00e9mon\n|rule|HP Percentage Mod: HP is shown in percentages\n|rule|Sleep Clause Mod: Limit one foe put to sleep\n|rule|Illusion Level Mod: Illusion disguises the Pok\u00e9mon's true level\n|\n|t:|1782878736\n|teamsize|p1|6\n|teamsize|p2|6\n|start\n|switch|p1a: Grafaiai|Grafaiai, L86, F|249/249\n|switch|p2a: Sableye|Sableye, L88, M|231/231\n|turn|1\n|inactive|Battle timer is ON: inactive players will automatically lose when time's up. (requested by RainbowRoxy890)\n|inactive|darkchyldemagik has 120 seconds left.\n|\n|t:|1782878769\n|switch|p1a: Gastrodon|Gastrodon-East, L86, F|331/331\n|move|p2a: Sableye|Knock Off|p1a: Gastrodon\n|-damage|p1a: Gastrodon|223/331\n|-enditem|p1a: Gastrodon|Leftovers|[from] move: Knock Off|[of] p2a: Sableye\n|\n|upkeep\n|turn|2\n|\n|t:|1782878776\n|switch|p2a: Venusaur|Venusaur, L84, M|272/272\n|move|p1a: Gastrodon|Stealth Rock|p2a: Venusaur\n|-sidestart|p2: RainbowRoxy890|move: Stealth Rock\n|\n|upkeep\n|turn|3\n|\n|t:|1782878786\n|switch|p1a: Tinkaton|Tinkaton, L82, F|274/274\n|-ability|p1a: Tinkaton|Mold Breaker\n|move|p2a: Venusaur|Substitute|p2a: Venusaur\n|-start|p2a: Venusaur|Substitute\n|-damage|p2a: Venusaur|204/272\n|\n|-heal|p2a: Venusaur|221/272|[from] item: Leftovers\n|upkeep\n|turn|4\n|\n|t:|1782878796\n|move|p1a: Tinkaton|Gigaton Hammer|p2a: Venusaur\n|-end|p2a: Venusaur|Substitute\n|move|p2a: Venusaur|Leech Seed|p1a: Tinkaton\n|-start|p1a: Tinkaton|move: Leech Seed\n|\n|-heal|p2a: Venusaur|238/272|[from] item: Leftovers\n|-damage|p1a: Tinkaton|240/274|[from] Leech Seed|[of] p2a: Venusaur\n|-heal|p2a: Venusaur|272/272|[silent]\n|upkeep\n|turn|5\n|\n|t:|1782878809\n|switch|p1a: Hydrapple|Hydrapple, L83, F|312/312\n|move|p2a: Venusaur|Sleep Powder|p1a: Hydrapple\n|-immune|p1a: Hydrapple\n|\n|upkeep\n|turn|6\n|\n|t:|1782878831\n|switch|p1a: Tinkaton|Tinkaton, L82, F|240/274\n|-ability|p1a: Tinkaton|Mold Breaker\n|move|p2a: Venusaur|Sludge Bomb|p1a: Tinkaton\n|-immune|p1a: Tinkaton\n|\n|-heal|p1a: Tinkaton|257/274|[from] item: Leftovers\n|upkeep\n|turn|7\n|\n|t:|1782878849\n|move|p1a: Tinkaton|Gigaton Hammer|p2a: Venusaur\n|-damage|p2a: Venusaur|127/272\n|move|p2a: Venusaur|Sleep Powder|p1a: Tinkaton\n|-status|p1a: Tinkaton|slp|[from] move: Sleep Powder\n|\n|-heal|p1a: Tinkaton|274/274 slp|[from] item: Leftovers\n|-heal|p2a: Venusaur|144/272|[from] item: Leftovers\n|upkeep\n|turn|8\n|\n|t:|1782878860\n|cant|p1a: Tinkaton|slp\n|move|p2a: Venusaur|Leech Seed|p1a: Tinkaton\n|-start|p1a: Tinkaton|move: Leech Seed\n|\n|-heal|p2a: Venusaur|161/272|[from] item: Leftovers\n|-damage|p1a: Tinkaton|240/274 slp|[from] Leech Seed|[of] p2a: Venusaur\n|-heal|p2a: Venusaur|195/272|[silent]\n|upkeep\n|turn|9\n|\n|t:|1782878867\n|switch|p1a: Hydrapple|Hydrapple, L83, F|312/312\n|switch|p2a: Donphan|Donphan, L84, F|288/288\n|-damage|p2a: Donphan|270/288|[from] Stealth Rock\n|\n|upkeep\n|turn|10\n|\n|t:|1782878891\n|switch|p1a: Beartic|Beartic, L91, F|321/321\n|-terastallize|p2a: Donphan|Dragon\n|move|p2a: Donphan|Ice Spinner|p1a: Beartic\n|-resisted|p1a: Beartic\n|-damage|p1a: Beartic|289/321\n|\n|upkeep\n|turn|11\n|\n|t:|1782878904\n|switch|p2a: Sableye|Sableye, L88, M|231/231\n|-damage|p2a: Sableye|203/231|[from] Stealth Rock\n|move|p1a: Beartic|Icicle Crash|p2a: Sableye\n|-damage|p2a: Sableye|55/231\n|\n|-heal|p2a: Sableye|69/231|[from] item: Leftovers\n|upkeep\n|turn|12\n|\n|t:|1782878912\n|switch|p1a: Hydrapple|Hydrapple, L83, F|312/312\n|move|p2a: Sableye|Thunder Wave|p1a: Hydrapple\n|-status|p1a: Hydrapple|par\n|\n|-heal|p2a: Sableye|83/231|[from] item: Leftovers\n|upkeep\n|turn|13\n|\n|t:|1782878919\n|move|p2a: Sableye|Knock Off|p1a: Hydrapple\n|-damage|p1a: Hydrapple|230/312 par\n|-enditem|p1a: Hydrapple|Life Orb|[from] move: Knock Off|[of] p2a: Sableye\n|move|p1a: Hydrapple|Fickle Beam|p2a: Sableye\n|-damage|p2a: Sableye|0 fnt\n|faint|p2a: Sableye\n|\n|upkeep\n|\n|t:|1782878931\n|switch|p2a: Heatran|Heatran, L79, M|273/273\n|-damage|p2a: Heatran|239/273|[from] Stealth Rock\n|-item|p2a: Heatran|Air Balloon\n|turn|14\n|\n|t:|1782878950\n|switch|p1a: Lugia|Lugia, L73|275/275\n|move|p2a: Heatran|Stealth Rock|p1a: Lugia\n|-sidestart|p1: darkchyldemagik|move: Stealth Rock\n|\n|upkeep\n|turn|15\n|\n|t:|1782878959\n|move|p1a: Lugia|Aeroblast|p2a: Heatran\n|-resisted|p2a: Heatran\n|-damage|p2a: Heatran|205/273\n|-enditem|p2a: Heatran|Air Balloon\n|move|p2a: Heatran|Magma Storm|p1a: Lugia\n|-damage|p1a: Lugia|229/275\n|-activate|p1a: Lugia|move: Magma Storm|[of] p2a: Heatran\n|\n|-damage|p1a: Lugia|195/275|[from] move: Magma Storm|[partiallytrapped]\n|upkeep\n|turn|16\n|\n|t:|1782878969\n|switch|p2a: Donphan|Donphan, L84, F, tera:Dragon|270/288\n|-damage|p2a: Donphan|234/288|[from] Stealth Rock\n|move|p1a: Lugia|Calm Mind|p1a: Lugia\n|-boost|p1a: Lugia|spa|1\n|-boost|p1a: Lugia|spd|1\n|\n|-end|p1a: Lugia|Magma Storm|[partiallytrapped]|[silent]\n|upkeep\n|turn|17\n|\n|t:|1782878981\n|move|p1a: Lugia|Recover|p1a: Lugia\n|-heal|p1a: Lugia|275/275\n|move|p2a: Donphan|Rapid Spin|p1a: Lugia\n|-damage|p1a: Lugia|258/275\n|-boost|p2a: Donphan|spe|1\n|-sideend|p2: RainbowRoxy890|Stealth Rock|[from] move: Rapid Spin|[of] p2a: Donphan\n|\n|upkeep\n|turn|18\n|\n|t:|1782878989\n|move|p1a: Lugia|Aeroblast|p2a: Donphan\n|-damage|p2a: Donphan|141/288\n|move|p2a: Donphan|Knock Off|p1a: Lugia\n|-supereffective|p1a: Lugia\n|-damage|p1a: Lugia|132/275\n|-enditem|p1a: Lugia|Heavy-Duty Boots|[from] move: Knock Off|[of] p2a: Donphan\n|\n|upkeep\n|turn|19\n|\n|t:|1782878998\n|move|p1a: Lugia|Aeroblast|p2a: Donphan|[miss]\n|-miss|p1a: Lugia|p2a: Donphan\n|move|p2a: Donphan|Ice Spinner|p1a: Lugia\n|-supereffective|p1a: Lugia\n|-damage|p1a: Lugia|22/275\n|\n|upkeep\n|turn|20\n|\n|t:|1782879003\n|move|p1a: Lugia|Aeroblast|p2a: Donphan\n|-damage|p2a: Donphan|47/288\n|move|p2a: Donphan|Earthquake|p1a: Lugia\n|-immune|p1a: Lugia\n|\n|upkeep\n|turn|21\n|\n|t:|1782879008\n|move|p1a: Lugia|Earth Power|p2a: Donphan\n|-damage|p2a: Donphan|0 fnt\n|faint|p2a: Donphan\n|\n|upkeep\n|\n|t:|1782879012\n|switch|p2a: Kilowattrel|Kilowattrel, L83, M|252/252\n|turn|22\n|\n|t:|1782879017\n|move|p2a: Kilowattrel|U-turn|p1a: Lugia\n|-damage|p1a: Lugia|0 fnt\n|faint|p1a: Lugia\n|\n|t:|1782879020\n|switch|p2a: Heatran|Heatran, L79, M|205/273|[from] U-turn\n|\n|upkeep\n|\n|t:|1782879044\n|switch|p1a: Gastrodon|Gastrodon-East, L86, F|223/331\n|-damage|p1a: Gastrodon|203/331|[from] Stealth Rock\n|turn|23\n|\n|t:|1782879065\n|switch|p2a: Venusaur|Venusaur, L84, M|195/272\n|move|p1a: Gastrodon|Recover|p1a: Gastrodon\n|-heal|p1a: Gastrodon|331/331\n|\n|-heal|p2a: Venusaur|212/272|[from] item: Leftovers\n|upkeep\n|turn|24\n|\n|t:|1782879071\n|switch|p1a: Tinkaton|Tinkaton, L82, F|240/274 slp\n|-damage|p1a: Tinkaton|223/274 slp|[from] Stealth Rock\n|-ability|p1a: Tinkaton|Mold Breaker\n|move|p2a: Venusaur|Leech Seed|p1a: Tinkaton\n|-start|p1a: Tinkaton|move: Leech Seed\n|\n|-heal|p1a: Tinkaton|240/274 slp|[from] item: Leftovers\n|-heal|p2a: Venusaur|229/272|[from] item: Leftovers\n|-damage|p1a: Tinkaton|206/274 slp|[from] Leech Seed|[of] p2a: Venusaur\n|-heal|p2a: Venusaur|263/272|[silent]\n|upkeep\n|turn|25\n|\n|t:|1782879083\n|switch|p2a: Infernape|Infernape, L82, M|259/259\n|-curestatus|p1a: Tinkaton|slp|[msg]\n|move|p1a: Tinkaton|Gigaton Hammer|p2a: Infernape\n|-resisted|p2a: Infernape\n|-damage|p2a: Infernape|184/259\n|\n|-heal|p1a: Tinkaton|223/274|[from] item: Leftovers\n|-damage|p1a: Tinkaton|189/274|[from] Leech Seed|[of] p2a: Infernape\n|-heal|p2a: Infernape|218/259|[silent]\n|upkeep\n|turn|26\n|\n|t:|1782879092\n|switch|p1a: Gastrodon|Gastrodon-East, L86, F|331/331\n|-damage|p1a: Gastrodon|311/331|[from] Stealth Rock\n|move|p2a: Infernape|Close Combat|p1a: Gastrodon\n|-damage|p1a: Gastrodon|120/331\n|-unboost|p2a: Infernape|def|1\n|-unboost|p2a: Infernape|spd|1\n|-damage|p2a: Infernape|193/259|[from] item: Life Orb\n|\n|upkeep\n|turn|27\n|\n|t:|1782879104\n|move|p2a: Infernape|Close Combat|p1a: Gastrodon\n|-damage|p1a: Gastrodon|0 fnt\n|-unboost|p2a: Infernape|def|1\n|-unboost|p2a: Infernape|spd|1\n|faint|p1a: Gastrodon\n|-damage|p2a: Infernape|168/259|[from] item: Life Orb\n|\n|upkeep\n|\n|t:|1782879110\n|switch|p1a: Beartic|Beartic, L91, F|289/321\n|turn|28\n|\n|t:|1782879118\n|switch|p2a: Venusaur|Venusaur, L84, M|263/272\n|move|p1a: Beartic|Swords Dance|p1a: Beartic\n|-boost|p1a: Beartic|atk|2\n|\n|-heal|p2a: Venusaur|272/272|[from] item: Leftovers\n|upkeep\n|turn|29\n|\n|t:|1782879133\n|move|p2a: Venusaur|Sleep Powder|p1a: Beartic\n|-status|p1a: Beartic|slp|[from] move: Sleep Powder\n|cant|p1a: Beartic|slp\n|\n|upkeep\n|turn|30\n|\n|t:|1782879138\n|move|p2a: Venusaur|Leech Seed|p1a: Beartic\n|-start|p1a: Beartic|move: Leech Seed\n|-curestatus|p1a: Beartic|slp|[msg]\n|move|p1a: Beartic|Icicle Crash|p2a: Venusaur\n|-supereffective|p2a: Venusaur\n|-damage|p2a: Venusaur|0 fnt\n|faint|p2a: Venusaur\n|\n|upkeep\n|\n|t:|1782879142\n|switch|p2a: Infernape|Infernape, L82, M|168/259\n|turn|31\n|\n|t:|1782879146\n|move|p1a: Beartic|Aqua Jet|p2a: Infernape\n|-supereffective|p2a: Infernape\n|-damage|p2a: Infernape|0 fnt\n|faint|p2a: Infernape\n|\n|upkeep\n|\n|t:|1782879151\n|switch|p2a: Heatran|Heatran, L79, M|205/273\n|turn|32\n|\n|t:|1782879158\n|-terastallize|p1a: Beartic|Ground\n|move|p2a: Heatran|Magma Storm|p1a: Beartic|[miss]\n|-miss|p2a: Heatran|p1a: Beartic\n|move|p1a: Beartic|Earthquake|p2a: Heatran\n|-supereffective|p2a: Heatran\n|-damage|p2a: Heatran|0 fnt\n|faint|p2a: Heatran\n|\n|upkeep\n|-message|RainbowRoxy890 forfeited.\n|\n|win|darkchyldemagik\n|raw|darkchyldemagik's rating: 1843 &rarr; <strong>1863</strong><br />(+20 for winning)\n|raw|RainbowRoxy890's rating: 1840 &rarr; <strong>1820</strong><br />(-20 for losing)\n|l|\u2606RainbowRoxy890\n|player|p2|\n", "inputlog": ">version f8ac14003a5f27e1bdc8d8c59608a773c1cb96e5\n>start {\"formatid\":\"gen9randombattle\",\"seed\":\"sodium,02f1fe1d9db26a69e17458090771640a\",\"rated\":\"Rated battle\"}\n>player p1 {\"name\":\"darkchyldemagik\",\"avatar\":\"bellelba\",\"rating\":1843,\"seed\":\"sodium,b74c9cfd95a9ce5015db832366a6e768\"}\n>player p2 {\"name\":\"RainbowRoxy890\",\"avatar\":\"265\",\"rating\":1840,\"seed\":\"sodium,40bbbb1c9c1be9105df0364eb66c31e4\"}\n>p1 switch 3\n>p2 move knockoff\n>p1 move stealthrock\n>p2 switch 3\n>p1 switch 4\n>p2 move substitute\n>p1 move gigatonhammer\n>p2 move leechseed\n>p1 switch 6\n>p2 move sleeppowder\n>p1 switch 6\n>p2 move sludgebomb\n>p1 move gigatonhammer\n>p2 move sleeppowder\n>p1 move swordsdance\n>p2 move leechseed\n>p1 switch 6\n>p2 switch 6\n>p1 switch 5\n>p2 move icespinner terastallize\n>p1 move iciclecrash\n>p2 switch 3\n>p1 switch 5\n>p2 move thunderwave\n>p1 move ficklebeam\n>p2 move knockoff\n>p2 switch 2\n>p1 switch 2\n>p2 move stealthrock\n>p1 move aeroblast\n>p2 move magmastorm\n>p1 move calmmind\n>p2 switch 3\n>p1 move recover\n>p2 move rapidspin\n>p1 move aeroblast\n>p2 move knockoff\n>p1 move aeroblast\n>p2 move icespinner\n>p1 move aeroblast\n>p2 move earthquake\n>p1 move earthpower\n>p2 move knockoff\n>p2 switch 5\n>p1 move aeroblast\n>p2 move uturn\n>p2 switch 3\n>p1 switch 4\n>p1 move recover\n>p2 switch 6\n>p1 switch 6\n>p2 move leechseed\n>p1 move gigatonhammer\n>p2 switch 4\n>p1 switch 6\n>p2 move closecombat\n>p1 move earthquake\n>p2 move closecombat\n>p1 switch 5\n>p1 move swordsdance\n>p2 switch 4\n>p1 move iciclecrash\n>p2 move sleeppowder\n>p1 move iciclecrash\n>p2 move leechseed\n>p2 switch 4\n>p1 move aquajet\n>p2 move closecombat\n>p2 switch 6\n>p1 move earthquake terastallize\n>p2 move magmastorm\n>forcelose p2", "uploadtime": 1782879164, "views": 2, "formatid": "gen9randombattle", "rating": 1820, "private": 0, "password": null, "player_dets": [{"name": "darkchyldemagik", "avatar": "bellelba", "rating": 1843, "seed": "sodium,b74c9cfd95a9ce5015db832366a6e768"}, {"name": "RainbowRoxy890", "avatar": "265", "rating": 1840, "seed": "sodium,40bbbb1c9c1be9105df0364eb66c31e4"}], "teams_full": [{"Grafaiai": {"name": "Grafaiai", "species": "Grafaiai", "speciesId": "grafaiai", "gender": "F", "shiny": false, "level": 86, "moves": ["lowkick", "gunkshot", "swordsdance", "knockoff"], "ability": "Poison Touch", "evs": {"hp": 85, "atk": 85, "def": 85, "spa": 85, "spd": 85, "spe": 85}, "ivs": {"hp": 31, "atk": 31, "def": 31, "spa": 31, "spd": 31, "spe": 31}, "item": "Life Orb", "teraType": "Dark", "role": "Setup Sweeper", "bvs": {"hp": 63, "atk": 95, "def": 65, "spa": 80, "spd": 72, "spe": 110}, "stats": {"hp": 249, "atk": 213, "def": 161, "spa": 187, "spd": 173, "spe": 238}, "types": ["Poison", "Normal"]}, "Lugia": {"name": "Lugia", "species": "Lugia", "speciesId": "lugia", "gender": "N", "shiny": false, "level": 73, "moves": ["earthpower", "calmmind", "recover", "aeroblast"], "ability": "Multiscale", "evs": {"hp": 85, "atk": 0, "def": 85, "spa": 85, "spd": 85, "spe": 85}, "ivs": {"hp": 31, "atk": 0, "def": 31, "spa": 31, "spd": 31, "spe": 31}, "item": "Heavy-Duty Boots", "teraType": "Steel", "role": "Bulky Setup", "bvs": {"hp": 106, "atk": 90, "def": 130, "spa": 90, "spd": 154, "spe": 110}, "stats": {"hp": 275, "atk": 136, "def": 232, "spa": 174, "spd": 267, "spe": 203}, "types": ["Psychic", "Flying"]}, "Gastrodon": {"name": "Gastrodon", "species": "Gastrodon-East", "speciesId": "gastrodon", "gender": "F", "shiny": false, "level": 86, "moves": ["stealthrock", "surf", "recover", "earthquake"], "ability": "Storm Drain", "evs": {"hp": 85, "atk": 85, "def": 85, "spa": 85, "spd": 85, "spe": 85}, "ivs": {"hp": 31, "atk": 31, "def": 31, "spa": 31, "spd": 31, "spe": 31}, "item": "Leftovers", "teraType": "Steel", "role": "Bulky Attacker", "bvs": {"hp": 111, "atk": 83, "def": 68, "spa": 92, "spd": 82, "spe": 39}, "stats": {"hp": 331, "atk": 192, "def": 166, "spa": 207, "spd": 190, "spe": 116}, "types": ["Water", "Ground"]}, "Tinkaton": {"name": "Tinkaton", "species": "Tinkaton", "speciesId": "tinkaton", "gender": "F", "shiny": false, "level": 82, "moves": ["playrough", "gigatonhammer", "swordsdance", "protect"], "ability": "Mold Breaker", "evs": {"hp": 85, "atk": 85, "def": 85, "spa": 85, "spd": 85, "spe": 85}, "ivs": {"hp": 31, "atk": 31, "def": 31, "spa": 31, "spd": 31, "spe": 31}, "item": "Leftovers", "teraType": "Steel", "role": "Bulky Setup", "bvs": {"hp": 85, "atk": 75, "def": 77, "spa": 70, "spd": 105, "spe": 94}, "stats": {"hp": 274, "atk": 170, "def": 173, "spa": 162, "spd": 219, "spe": 201}, "types": ["Fairy", "Steel"]}, "Beartic": {"name": "Beartic", "species": "Beartic", "speciesId": "beartic", "gender": "F", "shiny": false, "level": 91, "moves": ["aquajet", "iciclecrash", "swordsdance", "earthquake"], "ability": "Swift Swim", "evs": {"hp": 85, "atk": 85, "def": 85, "spa": 85, "spd": 85, "spe": 85}, "ivs": {"hp": 31, "atk": 31, "def": 31, "spa": 31, "spd": 31, "spe": 31}, "item": "Heavy-Duty Boots", "teraType": "Ground", "role": "Wallbreaker", "bvs": {"hp": 95, "atk": 130, "def": 80, "spa": 70, "spd": 80, "spe": 50}, "stats": {"hp": 321, "atk": 288, "def": 197, "spa": 179, "spd": 197, "spe": 143}, "types": ["Ice"]}, "Hydrapple": {"name": "Hydrapple", "species": "Hydrapple", "speciesId": "hydrapple", "gender": "F", "shiny": false, "level": 83, "moves": ["ficklebeam", "earthpower", "gigadrain", "nastyplot"], "ability": "Regenerator", "evs": {"hp": 85, "atk": 0, "def": 85, "spa": 85, "spd": 85, "spe": 85}, "ivs": {"hp": 31, "atk": 0, "def": 31, "spa": 31, "spd": 31, "spe": 31}, "item": "Life Orb", "teraType": "Steel", "role": "Fast Bulky Setup", "bvs": {"hp": 106, "atk": 80, "def": 110, "spa": 120, "spd": 80, "spe": 44}, "stats": {"hp": 312, "atk": 137, "def": 230, "spa": 247, "spd": 180, "spe": 121}, "types": ["Grass", "Dragon"]}}, {"Sableye": {"name": "Sableye", "species": "Sableye", "speciesId": "sableye", "gender": "M", "shiny": false, "level": 88, "moves": ["encore", "knockoff", "recover", "thunderwave"], "ability": "Prankster", "evs": {"hp": 85, "atk": 85, "def": 85, "spa": 85, "spd": 85, "spe": 85}, "ivs": {"hp": 31, "atk": 31, "def": 31, "spa": 31, "spd": 31, "spe": 31}, "item": "Leftovers", "teraType": "Steel", "role": "Bulky Support", "bvs": {"hp": 50, "atk": 75, "def": 75, "spa": 65, "spd": 65, "spe": 50}, "stats": {"hp": 231, "atk": 182, "def": 182, "spa": 165, "spd": 165, "spe": 138}, "types": ["Dark", "Ghost"]}, "Heatran": {"name": "Heatran", "species": "Heatran", "speciesId": "heatran", "gender": "M", "shiny": false, "level": 79, "moves": ["stealthrock", "magmastorm", "earthpower", "heavyslam"], "ability": "Flash Fire", "evs": {"hp": 85, "atk": 85, "def": 85, "spa": 85, "spd": 85, "spe": 85}, "ivs": {"hp": 31, "atk": 31, "def": 31, "spa": 31, "spd": 31, "spe": 31}, "item": "Air Balloon", "teraType": "Flying", "role": "Bulky Support", "bvs": {"hp": 91, "atk": 90, "def": 106, "spa": 130, "spd": 106, "spe": 77}, "stats": {"hp": 273, "atk": 188, "def": 213, "spa": 251, "spd": 213, "spe": 167}, "types": ["Fire", "Steel"]}, "Venusaur": {"name": "Venusaur", "species": "Venusaur", "speciesId": "venusaur", "gender": "M", "shiny": false, "level": 84, "moves": ["substitute", "sludgebomb", "leechseed", "sleeppowder"], "ability": "Chlorophyll", "evs": {"hp": 85, "atk": 0, "def": 85, "spa": 85, "spd": 85, "spe": 85}, "ivs": {"hp": 31, "atk": 0, "def": 31, "spa": 31, "spd": 31, "spe": 31}, "item": "Leftovers", "teraType": "Water", "role": "Bulky Support", "bvs": {"hp": 80, "atk": 82, "def": 83, "spa": 100, "spd": 100, "spe": 80}, "stats": {"hp": 272, "atk": 142, "def": 188, "spa": 216, "spd": 216, "spe": 183}, "types": ["Grass", "Poison"]}, "Infernape": {"name": "Infernape", "species": "Infernape", "speciesId": "infernape", "gender": "M", "shiny": false, "level": 82, "moves": ["overheat", "knockoff", "closecombat", "gunkshot"], "ability": "Blaze", "evs": {"hp": 85, "atk": 85, "def": 85, "spa": 85, "spd": 85, "spe": 85}, "ivs": {"hp": 31, "atk": 31, "def": 31, "spa": 31, "spd": 31, "spe": 31}, "item": "Life Orb", "teraType": "Dark", "role": "Fast Attacker", "bvs": {"hp": 76, "atk": 104, "def": 71, "spa": 104, "spd": 71, "spe": 108}, "stats": {"hp": 259, "atk": 218, "def": 164, "spa": 218, "spd": 164, "spe": 224}, "types": ["Fire", "Fighting"]}, "Kilowattrel": {"name": "Kilowattrel", "species": "Kilowattrel", "speciesId": "kilowattrel", "gender": "M", "shiny": false, "level": 83, "moves": ["hurricane", "roost", "uturn", "discharge"], "ability": "Volt Absorb", "evs": {"hp": 85, "atk": 85, "def": 85, "spa": 85, "spd": 85, "spe": 85}, "ivs": {"hp": 31, "atk": 31, "def": 31, "spa": 31, "spd": 31, "spe": 31}, "item": "Heavy-Duty Boots", "teraType": "Steel", "role": "Bulky Attacker", "bvs": {"hp": 70, "atk": 70, "def": 60, "spa": 105, "spd": 60, "spe": 125}, "stats": {"hp": 252, "atk": 164, "def": 147, "spa": 222, "spd": 147, "spe": 255}, "types": ["Electric", "Flying"]}, "Donphan": {"name": "Donphan", "species": "Donphan", "speciesId": "donphan", "gender": "F", "shiny": false, "level": 84, "moves": ["knockoff", "earthquake", "icespinner", "rapidspin"], "ability": "Sturdy", "evs": {"hp": 85, "atk": 85, "def": 85, "spa": 85, "spd": 85, "spe": 85}, "ivs": {"hp": 31, "atk": 31, "def": 31, "spa": 31, "spd": 31, "spe": 31}, "item": "Assault Vest", "teraType": "Dragon", "role": "Bulky Support", "bvs": {"hp": 90, "atk": 120, "def": 120, "spa": 60, "spd": 60, "spe": 50}, "stats": {"hp": 288, "atk": 250, "def": 250, "spa": 149, "spd": 149, "spe": 132}, "types": ["Ground"]}}]}