{"id": "gen9randombattle-2641887740", "format": "[Gen 9] Random Battle", "players": ["claydolconnoisseur", "faszomatszopodbe"], "log": "|j|\u2606claydolconnoisseur\n|j|\u2606faszomatszopodbe\n|t:|1782854037\n|gametype|singles\n|player|p1|claydolconnoisseur|burglar-gen1|1335\n|player|p2|faszomatszopodbe|102|1346\n|gen|9\n|tier|[Gen 9] Random Battle\n|rated|\n|rule|Species Clause: Limit one of each Pok\u00e9mon\n|rule|HP Percentage Mod: HP is shown in percentages\n|rule|Sleep Clause Mod: Limit one foe put to sleep\n|rule|Illusion Level Mod: Illusion disguises the Pok\u00e9mon's true level\n|\n|t:|1782854037\n|teamsize|p1|6\n|teamsize|p2|6\n|start\n|switch|p1a: Piloswine|Piloswine, L85, M|309/309\n|switch|p2a: Chien-Pao|Chien-Pao, L72|234/234\n|-ability|p2a: Chien-Pao|Sword of Ruin\n|turn|1\n|inactive|Battle timer is ON: inactive players will automatically lose when time's up. (requested by claydolconnoisseur)\n|\n|t:|1782854057\n|move|p2a: Chien-Pao|Sacred Sword|p1a: Piloswine\n|-supereffective|p1a: Piloswine\n|-damage|p1a: Piloswine|141/309\n|move|p1a: Piloswine|Earthquake|p2a: Chien-Pao\n|-damage|p2a: Chien-Pao|90/234\n|\n|upkeep\n|turn|2\n|inactive|claydolconnoisseur has 120 seconds left.\n|\n|t:|1782854095\n|switch|p1a: Scyther|Scyther, L82, M|249/249\n|move|p2a: Chien-Pao|Sacred Sword|p1a: Scyther\n|-resisted|p1a: Scyther\n|-damage|p1a: Scyther|219/249\n|\n|upkeep\n|turn|3\n|inactive|claydolconnoisseur has 120 seconds left.\n|\n|t:|1782854123\n|switch|p2a: Ceruledge|Ceruledge, L78, F|245/245\n|move|p1a: Scyther|U-turn|p2a: Ceruledge\n|-resisted|p2a: Ceruledge\n|-damage|p2a: Ceruledge|224/245\n|-ability|p2a: Ceruledge|Weak Armor|boost\n|-unboost|p2a: Ceruledge|def|1\n|-boost|p2a: Ceruledge|spe|2\n|\n|t:|1782854134\n|switch|p1a: Piloswine|Piloswine, L85, M|141/309|[from] U-turn\n|\n|upkeep\n|turn|4\n|\n|t:|1782854149\n|move|p2a: Ceruledge|Bitter Blade|p1a: Piloswine\n|-supereffective|p1a: Piloswine\n|-damage|p1a: Piloswine|69/309\n|-heal|p2a: Ceruledge|245/245|[from] drain|[of] p1a: Piloswine\n|move|p1a: Piloswine|Earthquake|p2a: Ceruledge\n|-supereffective|p2a: Ceruledge\n|-damage|p2a: Ceruledge|0 fnt\n|faint|p2a: Ceruledge\n|\n|upkeep\n|\n|t:|1782854160\n|switch|p2a: Chien-Pao|Chien-Pao, L72|90/234\n|-ability|p2a: Chien-Pao|Sword of Ruin\n|turn|5\n|\n|t:|1782854171\n|move|p2a: Chien-Pao|Icicle Crash|p1a: Piloswine|[miss]\n|-miss|p2a: Chien-Pao|p1a: Piloswine\n|move|p1a: Piloswine|Earthquake|p2a: Chien-Pao\n|-damage|p2a: Chien-Pao|0 fnt\n|faint|p2a: Chien-Pao\n|\n|upkeep\n|\n|t:|1782854178\n|switch|p2a: Iron Jugulis|Iron Jugulis, L77|271/271\n|turn|6\n|\n|t:|1782854184\n|move|p2a: Iron Jugulis|U-turn|p1a: Piloswine\n|-damage|p1a: Piloswine|42/309\n|\n|t:|1782854191\n|-end|p2a: Iron Jugulis|Quark Drive|[silent]\n|switch|p2a: Tauros|Tauros-Paldea-Combat, L82, M|257/257|[from] U-turn\n|-ability|p2a: Tauros|Intimidate|boost\n|-unboost|p1a: Piloswine|atk|1\n|move|p1a: Piloswine|Icicle Crash|p2a: Tauros\n|-damage|p2a: Tauros|202/257\n|\n|upkeep\n|turn|7\n|\n|t:|1782854204\n|move|p2a: Tauros|Iron Head|p1a: Piloswine\n|-supereffective|p1a: Piloswine\n|-damage|p1a: Piloswine|0 fnt\n|faint|p1a: Piloswine\n|-damage|p2a: Tauros|177/257|[from] item: Life Orb\n|\n|upkeep\n|\n|t:|1782854213\n|switch|p1a: Clodsire|Clodsire, L81, M|343/343\n|turn|8\n|\n|t:|1782854222\n|move|p2a: Tauros|Bulk Up|p2a: Tauros\n|-boost|p2a: Tauros|atk|1\n|-boost|p2a: Tauros|def|1\n|move|p1a: Clodsire|Toxic Spikes|p2a: Tauros\n|-sidestart|p2: faszomatszopodbe|move: Toxic Spikes\n|\n|upkeep\n|turn|9\n|\n|t:|1782854229\n|move|p2a: Tauros|Bulk Up|p2a: Tauros\n|-boost|p2a: Tauros|atk|1\n|-boost|p2a: Tauros|def|1\n|move|p1a: Clodsire|Earthquake|p2a: Tauros\n|-damage|p2a: Tauros|101/257\n|\n|upkeep\n|turn|10\n|\n|t:|1782854236\n|move|p2a: Tauros|Earthquake|p1a: Clodsire\n|-supereffective|p1a: Clodsire\n|-damage|p1a: Clodsire|83/343\n|-damage|p2a: Tauros|76/257|[from] item: Life Orb\n|move|p1a: Clodsire|Earthquake|p2a: Tauros\n|-damage|p2a: Tauros|3/257\n|\n|-heal|p1a: Clodsire|104/343|[from] item: Leftovers\n|upkeep\n|turn|11\n|\n|t:|1782854246\n|switch|p1a: Scyther|Scyther, L82, M|219/249\n|move|p2a: Tauros|Earthquake|p1a: Scyther\n|-immune|p1a: Scyther\n|\n|upkeep\n|turn|12\n|\n|t:|1782854254\n|move|p1a: Scyther|U-turn|p2a: Tauros\n|-resisted|p2a: Tauros\n|-damage|p2a: Tauros|0 fnt\n|faint|p2a: Tauros\n|\n|t:|1782854259\n|switch|p1a: Clodsire|Clodsire, L81, M|104/343|[from] U-turn\n|\n|-heal|p1a: Clodsire|125/343|[from] item: Leftovers\n|upkeep\n|\n|t:|1782854265\n|switch|p2a: Okidogi|Okidogi, L77, M|262/262\n|-sideend|p2: faszomatszopodbe|move: Toxic Spikes|[of] p2a: Okidogi\n|turn|13\n|\n|t:|1782854280\n|-terastallize|p2a: Okidogi|Dark\n|move|p2a: Okidogi|Knock Off|p1a: Clodsire\n|-damage|p1a: Clodsire|0 fnt\n|-enditem|p1a: Clodsire|Leftovers|[from] move: Knock Off|[of] p2a: Okidogi\n|faint|p1a: Clodsire\n|\n|upkeep\n|\n|t:|1782854287\n|switch|p1a: Scyther|Scyther, L82, M|219/249\n|turn|14\n|\n|t:|1782854293\n|move|p1a: Scyther|Close Combat|p2a: Okidogi\n|-supereffective|p2a: Okidogi\n|-damage|p2a: Okidogi|112/262\n|-unboost|p1a: Scyther|def|1\n|-unboost|p1a: Scyther|spd|1\n|move|p2a: Okidogi|Knock Off|p1a: Scyther\n|-damage|p1a: Scyther|50/249\n|-enditem|p1a: Scyther|Heavy-Duty Boots|[from] move: Knock Off|[of] p2a: Okidogi\n|\n|-heal|p2a: Okidogi|128/262|[from] item: Leftovers\n|upkeep\n|turn|15\n|\n|t:|1782854316\n|move|p1a: Scyther|U-turn|p2a: Okidogi\n|-supereffective|p2a: Okidogi\n|-damage|p2a: Okidogi|0 fnt\n|faint|p2a: Okidogi\n|\n|t:|1782854328\n|switch|p1a: Pikachu|Pikachu-Kalos, L93, F|216/216|[from] U-turn\n|\n|upkeep\n|\n|t:|1782854333\n|switch|p2a: Dunsparce|Dunsparce, L86, M|312/312\n|turn|16\n|\n|t:|1782854341\n|move|p1a: Pikachu|Fake Out|p2a: Dunsparce\n|-damage|p2a: Dunsparce|275/312\n|cant|p2a: Dunsparce|flinch\n|\n|upkeep\n|turn|17\n|\n|t:|1782854347\n|move|p1a: Pikachu|Volt Tackle|p2a: Dunsparce\n|-damage|p2a: Dunsparce|119/312\n|-damage|p1a: Pikachu|165/216|[from] Recoil\n|move|p2a: Dunsparce|Coil|p2a: Dunsparce\n|-boost|p2a: Dunsparce|atk|1\n|-boost|p2a: Dunsparce|def|1\n|-boost|p2a: Dunsparce|accuracy|1\n|\n|upkeep\n|turn|18\n|\n|t:|1782854361\n|move|p1a: Pikachu|Surf|p2a: Dunsparce\n|-damage|p2a: Dunsparce|41/312\n|move|p2a: Dunsparce|Roost|p2a: Dunsparce\n|-heal|p2a: Dunsparce|197/312\n|-singleturn|p2a: Dunsparce|move: Roost\n|\n|upkeep\n|turn|19\n|\n|t:|1782854376\n|move|p1a: Pikachu|Volt Tackle|p2a: Dunsparce\n|-damage|p2a: Dunsparce|95/312\n|-damage|p1a: Pikachu|131/216|[from] Recoil\n|move|p2a: Dunsparce|Coil|p2a: Dunsparce\n|-boost|p2a: Dunsparce|atk|1\n|-boost|p2a: Dunsparce|def|1\n|-boost|p2a: Dunsparce|accuracy|1\n|\n|upkeep\n|turn|20\n|\n|t:|1782854384\n|-terastallize|p1a: Pikachu|Water\n|move|p1a: Pikachu|Surf|p2a: Dunsparce\n|-damage|p2a: Dunsparce|0 fnt\n|faint|p2a: Dunsparce\n|\n|upkeep\n|-message|faszomatszopodbe forfeited.\n|\n|win|claydolconnoisseur\n|raw|claydolconnoisseur's rating: 1335 &rarr; <strong>1356</strong><br />(+21 for winning)\n|raw|faszomatszopodbe's rating: 1346 &rarr; <strong>1325</strong><br />(-21 for losing)\n|l|\u2606faszomatszopodbe\n|player|p2|\n", "inputlog": ">version f8ac14003a5f27e1bdc8d8c59608a773c1cb96e5\n>start {\"formatid\":\"gen9randombattle\",\"seed\":\"sodium,c8ee2616efc676b758e72a77fb070899\",\"rated\":\"Rated battle\"}\n>player p1 {\"name\":\"claydolconnoisseur\",\"avatar\":\"burglar-gen1\",\"rating\":1335,\"seed\":\"sodium,01efa730ce78ec714fa58e7883b933b4\"}\n>player p2 {\"name\":\"faszomatszopodbe\",\"avatar\":\"102\",\"rating\":1346,\"seed\":\"sodium,6cca2d0a793c00a162c1abe9c9341b81\"}\n>p1 move earthquake\n>p2 move sacredsword\n>p1 switch 2\n>p2 move sacredsword\n>p1 move uturn\n>p2 switch 4\n>p1 switch 2\n>p1 move earthquake\n>p2 move bitterblade\n>p2 switch 4\n>p1 move earthquake\n>p2 move iciclecrash\n>p2 switch 2\n>p1 move iciclecrash\n>p2 move uturn\n>p2 switch 5\n>p1 move roar\n>p2 move ironhead\n>p1 switch 3\n>p1 move toxicspikes\n>p2 move bulkup\n>p1 move earthquake\n>p2 move bulkup\n>p1 move earthquake\n>p2 move earthquake\n>p1 switch 2\n>p2 move earthquake\n>p1 move uturn\n>p2 move ironhead\n>p1 switch 2\n>p2 switch 3\n>p1 move earthquake\n>p2 move knockoff terastallize\n>p1 switch 2\n>p1 move closecombat\n>p2 move knockoff\n>p1 move uturn\n>p2 move knockoff\n>p1 switch 5\n>p2 switch 6\n>p1 move fakeout\n>p2 move coil\n>p1 move volttackle\n>p2 move coil\n>p1 move surf\n>p2 move roost\n>p1 move volttackle\n>p2 move coil\n>p1 move surf terastallize\n>p2 move roost\n>forcelose p2", "uploadtime": 1782854393, "views": 5, "formatid": "gen9randombattle", "rating": 1325, "private": 0, "password": null, "player_dets": [{"name": "claydolconnoisseur", "avatar": "burglar-gen1", "rating": 1335, "seed": "sodium,01efa730ce78ec714fa58e7883b933b4"}, {"name": "faszomatszopodbe", "avatar": "102", "rating": 1346, "seed": "sodium,6cca2d0a793c00a162c1abe9c9341b81"}], "teams_full": [{"Piloswine": {"name": "Piloswine", "species": "Piloswine", "speciesId": "piloswine", "gender": "M", "shiny": false, "level": 85, "moves": ["iciclecrash", "roar", "iceshard", "earthquake"], "ability": "Thick Fat", "evs": {"hp": 85, "atk": 85, "def": 85, "spa": 85, "spd": 85, "spe": 85}, "ivs": {"hp": 31, "atk": 31, "def": 31, "spa": 31, "spd": 31, "spe": 31}, "item": "Eviolite", "teraType": "Poison", "role": "Bulky Support", "bvs": {"hp": 100, "atk": 100, "def": 80, "spa": 60, "spd": 60, "spe": 50}, "stats": {"hp": 309, "atk": 219, "def": 185, "spa": 151, "spd": 151, "spe": 134}, "types": ["Ice", "Ground"]}, "Scyther": {"name": "Scyther", "species": "Scyther", "speciesId": "scyther", "gender": "M", "shiny": false, "level": 82, "moves": ["closecombat", "defog", "uturn", "dualwingbeat"], "ability": "Technician", "evs": {"hp": 85, "atk": 85, "def": 85, "spa": 85, "spd": 85, "spe": 85}, "ivs": {"hp": 31, "atk": 31, "def": 31, "spa": 31, "spd": 31, "spe": 31}, "item": "Heavy-Duty Boots", "teraType": "Fighting", "role": "Fast Support", "bvs": {"hp": 70, "atk": 110, "def": 80, "spa": 55, "spd": 80, "spe": 105}, "stats": {"hp": 249, "atk": 228, "def": 178, "spa": 137, "spd": 178, "spe": 219}, "types": ["Bug", "Flying"]}, "Clodsire": {"name": "Clodsire", "species": "Clodsire", "speciesId": "clodsire", "gender": "M", "shiny": false, "level": 81, "moves": ["toxicspikes", "recover", "poisonjab", "earthquake"], "ability": "Unaware", "evs": {"hp": 85, "atk": 85, "def": 85, "spa": 85, "spd": 85, "spe": 85}, "ivs": {"hp": 31, "atk": 31, "def": 31, "spa": 31, "spd": 31, "spe": 31}, "item": "Leftovers", "teraType": "Steel", "role": "Bulky Attacker", "bvs": {"hp": 130, "atk": 75, "def": 60, "spa": 45, "spd": 100, "spe": 20}, "stats": {"hp": 343, "atk": 168, "def": 144, "spa": 120, "spd": 209, "spe": 79}, "types": ["Poison", "Ground"]}, "Electivire": {"name": "Electivire", "species": "Electivire", "speciesId": "electivire", "gender": "M", "shiny": false, "level": 84, "moves": ["knockoff", "earthquake", "supercellslam", "flamethrower"], "ability": "Motor Drive", "evs": {"hp": 85, "atk": 85, "def": 85, "spa": 85, "spd": 85, "spe": 85}, "ivs": {"hp": 31, "atk": 31, "def": 31, "spa": 31, "spd": 31, "spe": 31}, "item": "Life Orb", "teraType": "Dark", "role": "Fast Attacker", "bvs": {"hp": 75, "atk": 123, "def": 67, "spa": 95, "spd": 85, "spe": 95}, "stats": {"hp": 263, "atk": 255, "def": 161, "spa": 208, "spd": 191, "spe": 208}, "types": ["Electric"]}, "Pikachu": {"name": "Pikachu", "species": "Pikachu-Kalos", "speciesId": "pikachu", "gender": "F", "shiny": false, "level": 93, "moves": ["voltswitch", "volttackle", "surf", "fakeout"], "ability": "Lightning Rod", "evs": {"hp": 85, "atk": 85, "def": 85, "spa": 85, "spd": 85, "spe": 85}, "ivs": {"hp": 31, "atk": 31, "def": 31, "spa": 31, "spd": 31, "spe": 31}, "item": "Light Ball", "teraType": "Water", "role": "Fast Attacker", "bvs": {"hp": 35, "atk": 55, "def": 40, "spa": 50, "spd": 50, "spe": 90}, "stats": {"hp": 216, "atk": 155, "def": 127, "spa": 146, "spd": 146, "spe": 220}, "types": ["Electric"]}, "Moltres": {"name": "Moltres", "species": "Moltres-Galar", "speciesId": "moltresgalar", "gender": "N", "shiny": false, "level": 79, "moves": ["rest", "hurricane", "fierywrath", "nastyplot"], "ability": "Berserk", "evs": {"hp": 81, "atk": 0, "def": 85, "spa": 85, "spd": 85, "spe": 85}, "ivs": {"hp": 31, "atk": 0, "def": 31, "spa": 31, "spd": 31, "spe": 31}, "item": "Chesto Berry", "teraType": "Steel", "role": "Bulky Setup", "bvs": {"hp": 90, "atk": 85, "def": 90, "spa": 100, "spd": 125, "spe": 90}, "stats": {"hp": 271, "atk": 139, "def": 188, "spa": 204, "spd": 243, "spe": 188}, "types": ["Dark", "Flying"]}}, {"Chien-Pao": {"name": "Chien-Pao", "species": "Chien-Pao", "speciesId": "chienpao", "gender": "N", "shiny": false, "level": 72, "moves": ["crunch", "iciclecrash", "iceshard", "sacredsword"], "ability": "Sword of Ruin", "evs": {"hp": 85, "atk": 85, "def": 85, "spa": 85, "spd": 85, "spe": 85}, "ivs": {"hp": 31, "atk": 31, "def": 31, "spa": 31, "spd": 31, "spe": 31}, "item": "Choice Band", "teraType": "Fighting", "role": "Wallbreaker", "bvs": {"hp": 80, "atk": 120, "def": 80, "spa": 90, "spd": 65, "spe": 135}, "stats": {"hp": 234, "atk": 215, "def": 157, "spa": 172, "spd": 136, "spe": 236}, "types": ["Dark", "Ice"]}, "Iron Jugulis": {"name": "Iron Jugulis", "species": "Iron Jugulis", "speciesId": "ironjugulis", "gender": "N", "shiny": false, "level": 77, "moves": ["hurricane", "earthpower", "uturn", "darkpulse"], "ability": "Quark Drive", "evs": {"hp": 85, "atk": 85, "def": 85, "spa": 85, "spd": 85, "spe": 85}, "ivs": {"hp": 31, "atk": 31, "def": 31, "spa": 31, "spd": 31, "spe": 31}, "item": "Choice Specs", "teraType": "Ground", "role": "Wallbreaker", "bvs": {"hp": 94, "atk": 80, "def": 86, "spa": 122, "spd": 80, "spe": 108}, "stats": {"hp": 271, "atk": 168, "def": 177, "spa": 232, "spd": 168, "spe": 211}, "types": ["Dark", "Flying"]}, "Okidogi": {"name": "Okidogi", "species": "Okidogi", "speciesId": "okidogi", "gender": "M", "shiny": false, "level": 77, "moves": ["drainpunch", "bulkup", "knockoff", "gunkshot"], "ability": "Toxic Chain", "evs": {"hp": 85, "atk": 85, "def": 85, "spa": 85, "spd": 85, "spe": 85}, "ivs": {"hp": 31, "atk": 31, "def": 31, "spa": 31, "spd": 31, "spe": 31}, "item": "Leftovers", "teraType": "Dark", "role": "Bulky Setup", "bvs": {"hp": 88, "atk": 128, "def": 115, "spa": 58, "spd": 86, "spe": 80}, "stats": {"hp": 262, "atk": 242, "def": 222, "spa": 134, "spd": 177, "spe": 168}, "types": ["Poison", "Fighting"]}, "Ceruledge": {"name": "Ceruledge", "species": "Ceruledge", "speciesId": "ceruledge", "gender": "F", "shiny": false, "level": 78, "moves": ["poltergeist", "bitterblade", "closecombat", "swordsdance"], "ability": "Weak Armor", "evs": {"hp": 85, "atk": 85, "def": 85, "spa": 85, "spd": 85, "spe": 85}, "ivs": {"hp": 31, "atk": 31, "def": 31, "spa": 31, "spd": 31, "spe": 31}, "item": "Heavy-Duty Boots", "teraType": "Fighting", "role": "Setup Sweeper", "bvs": {"hp": 75, "atk": 125, "def": 80, "spa": 60, "spd": 100, "spe": 85}, "stats": {"hp": 245, "atk": 240, "def": 170, "spa": 139, "spd": 201, "spe": 178}, "types": ["Fire", "Ghost"]}, "Tauros": {"name": "Tauros", "species": "Tauros-Paldea-Combat", "speciesId": "taurospaldeacombat", "gender": "M", "shiny": false, "level": 82, "moves": ["bulkup", "closecombat", "ironhead", "earthquake"], "ability": "Intimidate", "evs": {"hp": 85, "atk": 85, "def": 85, "spa": 85, "spd": 85, "spe": 85}, "ivs": {"hp": 31, "atk": 31, "def": 31, "spa": 31, "spd": 31, "spe": 31}, "item": "Life Orb", "teraType": "Fighting", "role": "Wallbreaker", "bvs": {"hp": 75, "atk": 110, "def": 105, "spa": 30, "spd": 70, "spe": 100}, "stats": {"hp": 257, "atk": 228, "def": 219, "spa": 96, "spd": 162, "spe": 211}, "types": ["Fighting"]}, "Dunsparce": {"name": "Dunsparce", "species": "Dunsparce", "speciesId": "dunsparce", "gender": "M", "shiny": false, "level": 86, "moves": ["coil", "earthquake", "roost", "bodyslam"], "ability": "Serene Grace", "evs": {"hp": 85, "atk": 85, "def": 85, "spa": 85, "spd": 85, "spe": 85}, "ivs": {"hp": 31, "atk": 31, "def": 31, "spa": 31, "spd": 31, "spe": 31}, "item": "Eviolite", "teraType": "Ground", "role": "Bulky Setup", "bvs": {"hp": 100, "atk": 70, "def": 70, "spa": 65, "spd": 65, "spe": 45}, "stats": {"hp": 312, "atk": 170, "def": 170, "spa": 161, "spd": 161, "spe": 127}, "types": ["Normal"]}}]}