{"id": "gen9randombattle-2642227597", "format": "[Gen 9] Random Battle", "players": ["FireSide_01", "Dark link 360"], "log": "|j|\u2606FireSide_01\n|j|\u2606Dark link 360\n|t:|1782913787\n|gametype|singles\n|player|p1|FireSide_01|janine|1913\n|player|p2|Dark link 360|1|1868\n|gen|9\n|tier|[Gen 9] Random Battle\n|rated|\n|rule|Species Clause: Limit one of each Pok\u00e9mon\n|rule|HP Percentage Mod: HP is shown in percentages\n|rule|Sleep Clause Mod: Limit one foe put to sleep\n|rule|Illusion Level Mod: Illusion disguises the Pok\u00e9mon's true level\n|\n|t:|1782913787\n|teamsize|p1|6\n|teamsize|p2|6\n|start\n|switch|p1a: Pawmot|Pawmot, L80, F|243/243\n|switch|p2a: Cloyster|Cloyster, L80, M|211/211\n|turn|1\n|inactive|Battle timer is ON: inactive players will automatically lose when time's up. (requested by FireSide_01)\n|\n|t:|1782913799\n|switch|p2a: Dragalge|Dragalge, L88, F|258/258\n|move|p1a: Pawmot|Double Shock|p2a: Dragalge\n|-resisted|p2a: Dragalge\n|-damage|p2a: Dragalge|174/258\n|-start|p1a: Pawmot|typechange|???/Fighting|[from] move: Double Shock\n|-damage|p1a: Pawmot|219/243|[from] item: Life Orb\n|\n|upkeep\n|turn|2\n|\n|t:|1782913812\n|switch|p1a: Mesprit|Mesprit, L85|275/275\n|move|p2a: Dragalge|Sludge Wave|p1a: Mesprit\n|-damage|p1a: Mesprit|93/275\n|\n|-heal|p1a: Mesprit|110/275|[from] item: Leftovers\n|upkeep\n|turn|3\n|\n|t:|1782913819\n|switch|p2a: Darkrai|Darkrai, L77|234/234\n|move|p1a: Mesprit|Stealth Rock|p2a: Darkrai\n|-sidestart|p2: Dark link 360|move: Stealth Rock\n|\n|-heal|p1a: Mesprit|127/275|[from] item: Leftovers\n|upkeep\n|turn|4\n|\n|t:|1782913837\n|switch|p1a: Scrafty|Scrafty, L83, M|244/244\n|move|p2a: Darkrai|Nasty Plot|p2a: Darkrai\n|-boost|p2a: Darkrai|spa|2\n|\n|upkeep\n|turn|5\n|\n|t:|1782913847\n|-terastallize|p2a: Darkrai|Poison\n|move|p2a: Darkrai|Sludge Bomb|p1a: Scrafty\n|-damage|p1a: Scrafty|18/244\n|-damage|p2a: Darkrai|211/234|[from] item: Life Orb\n|move|p1a: Scrafty|Drain Punch|p2a: Darkrai\n|-resisted|p2a: Darkrai\n|-damage|p2a: Darkrai|170/234\n|-heal|p1a: Scrafty|39/244|[from] drain|[of] p2a: Darkrai\n|\n|-heal|p1a: Scrafty|54/244|[from] item: Leftovers\n|upkeep\n|turn|6\n|\n|t:|1782913853\n|move|p2a: Darkrai|Sludge Bomb|p1a: Scrafty\n|-damage|p1a: Scrafty|0 fnt\n|faint|p1a: Scrafty\n|-damage|p2a: Darkrai|147/234|[from] item: Life Orb\n|\n|upkeep\n|\n|t:|1782913875\n|switch|p1a: Spectrier|Spectrier, L75|274/274\n|turn|7\n|\n|t:|1782913880\n|-terastallize|p1a: Spectrier|Fighting\n|move|p1a: Spectrier|Nasty Plot|p1a: Spectrier\n|-boost|p1a: Spectrier|spa|2\n|move|p2a: Darkrai|Dark Pulse|p1a: Spectrier\n|-resisted|p1a: Spectrier\n|-crit|p1a: Spectrier\n|-damage|p1a: Spectrier|60/274\n|-damage|p2a: Darkrai|124/234|[from] item: Life Orb\n|\n|upkeep\n|turn|8\n|\n|t:|1782913891\n|switch|p2a: Dragalge|Dragalge, L88, F|174/258\n|-damage|p2a: Dragalge|142/258|[from] Stealth Rock\n|move|p1a: Spectrier|Shadow Ball|p2a: Dragalge\n|-damage|p2a: Dragalge|0 fnt\n|faint|p2a: Dragalge\n|-ability|p1a: Spectrier|Grim Neigh|boost\n|-boost|p1a: Spectrier|spa|1\n|-damage|p1a: Spectrier|33/274|[from] item: Life Orb\n|\n|upkeep\n|\n|t:|1782913895\n|switch|p2a: Wugtrio|Wugtrio, L91, F|212/212\n|-damage|p2a: Wugtrio|186/212|[from] Stealth Rock\n|turn|9\n|\n|t:|1782913913\n|switch|p1a: Serperior|Serperior, L79, F|248/248\n|move|p2a: Wugtrio|Liquidation|p1a: Serperior\n|-resisted|p1a: Serperior\n|-damage|p1a: Serperior|170/248\n|\n|upkeep\n|turn|10\n|\n|t:|1782913921\n|switch|p2a: Skarmory|Skarmory, L80, M|235/235\n|-damage|p2a: Skarmory|206/235|[from] Stealth Rock\n|move|p1a: Serperior|Leaf Storm|p2a: Skarmory\n|-resisted|p2a: Skarmory\n|-damage|p2a: Skarmory|167/235\n|-boost|p1a: Serperior|spa|2\n|-damage|p1a: Serperior|146/248|[from] item: Life Orb\n|\n|-heal|p2a: Skarmory|181/235|[from] item: Leftovers\n|upkeep\n|turn|11\n|\n|t:|1782913924\n|move|p1a: Serperior|Glare|p2a: Skarmory\n|-status|p2a: Skarmory|par\n|cant|p2a: Skarmory|par\n|\n|-heal|p2a: Skarmory|195/235 par|[from] item: Leftovers\n|upkeep\n|turn|12\n|\n|t:|1782913930\n|move|p1a: Serperior|Leaf Storm|p2a: Skarmory\n|-resisted|p2a: Skarmory\n|-damage|p2a: Skarmory|108/235 par\n|-boost|p1a: Serperior|spa|2\n|-damage|p1a: Serperior|122/248|[from] item: Life Orb\n|move|p2a: Skarmory|Brave Bird|p1a: Serperior\n|-supereffective|p1a: Serperior\n|-damage|p1a: Serperior|0 fnt\n|faint|p1a: Serperior\n|-damage|p2a: Skarmory|68/235 par|[from] Recoil\n|\n|-heal|p2a: Skarmory|82/235 par|[from] item: Leftovers\n|upkeep\n|\n|t:|1782913939\n|switch|p1a: Galvantula|Galvantula, L82, M|249/249\n|turn|13\n|\n|t:|1782913945\n|move|p1a: Galvantula|Sticky Web|p2a: Skarmory\n|-sidestart|p2: Dark link 360|move: Sticky Web\n|move|p2a: Skarmory|Brave Bird|p1a: Galvantula\n|-damage|p1a: Galvantula|120/249\n|-damage|p2a: Skarmory|39/235 par|[from] Recoil\n|\n|-heal|p2a: Skarmory|53/235 par|[from] item: Leftovers\n|upkeep\n|turn|14\n|\n|t:|1782913956\n|move|p1a: Galvantula|Thunder|p2a: Skarmory\n|-supereffective|p2a: Skarmory\n|-damage|p2a: Skarmory|0 fnt\n|faint|p2a: Skarmory\n|\n|upkeep\n|\n|t:|1782913961\n|switch|p2a: Chandelure|Chandelure, L83, M|235/235\n|-damage|p2a: Chandelure|177/235|[from] Stealth Rock\n|-activate|p2a: Chandelure|move: Sticky Web\n|-unboost|p2a: Chandelure|spe|1\n|turn|15\n|\n|t:|1782913969\n|move|p1a: Galvantula|Thunder|p2a: Chandelure\n|-damage|p2a: Chandelure|57/235\n|-status|p2a: Chandelure|par\n|cant|p2a: Chandelure|par\n|\n|-heal|p2a: Chandelure|71/235 par|[from] item: Leftovers\n|upkeep\n|turn|16\n|\n|t:|1782913974\n|move|p1a: Galvantula|Thunder|p2a: Chandelure\n|-damage|p2a: Chandelure|0 fnt\n|faint|p2a: Chandelure\n|\n|upkeep\n|\n|t:|1782913985\n|switch|p2a: Cloyster|Cloyster, L80, M|211/211\n|-damage|p2a: Cloyster|159/211|[from] Stealth Rock\n|-activate|p2a: Cloyster|move: Sticky Web\n|-unboost|p2a: Cloyster|spe|1\n|-enditem|p2a: Cloyster|White Herb\n|-clearnegativeboost|p2a: Cloyster|[silent]\n|turn|17\n|\n|t:|1782913992\n|move|p1a: Galvantula|Energy Ball|p2a: Cloyster\n|-supereffective|p2a: Cloyster\n|-damage|p2a: Cloyster|0 fnt\n|faint|p2a: Cloyster\n|\n|upkeep\n|-message|Dark link 360 forfeited.\n|\n|win|FireSide_01\n|raw|FireSide_01's rating: 1913 &rarr; <strong>1930</strong><br />(+17 for winning)\n|raw|Dark link 360's rating: 1868 &rarr; <strong>1851</strong><br />(-17 for losing)\n", "inputlog": ">version f8ac14003a5f27e1bdc8d8c59608a773c1cb96e5\n>start {\"formatid\":\"gen9randombattle\",\"seed\":\"sodium,91da19aa079a85ca8804804744c685e8\",\"rated\":\"Rated battle\"}\n>player p1 {\"name\":\"FireSide_01\",\"avatar\":\"janine\",\"rating\":1913,\"seed\":\"sodium,a004138cfa9e0b1d283ef1a9f2d3c501\"}\n>player p2 {\"name\":\"Dark link 360\",\"avatar\":\"1\",\"rating\":1868,\"seed\":\"sodium,6b63ab34d5f45e44e9f8aa523e82a9e3\"}\n>p1 move doubleshock\n>p2 switch 4\n>p1 switch 6\n>p2 move sludgewave\n>p1 move stealthrock\n>p2 switch 2\n>p1 switch 3\n>p2 move nastyplot\n>p1 move drainpunch\n>p2 move sludgebomb terastallize\n>p1 move knockoff\n>p2 move sludgebomb\n>p1 switch 2\n>p1 move nastyplot terastallize\n>p2 move darkpulse\n>p1 move shadowball\n>p2 switch 2\n>p2 switch 5\n>p1 switch 5\n>p2 move liquidation\n>p1 move leafstorm\n>p2 switch 3\n>p1 move glare\n>p2 move bravebird\n>p1 move leafstorm\n>p2 move bravebird\n>p1 switch 4\n>p1 move stickyweb\n>p2 move bravebird\n>p1 move thunder\n>p2 move bravebird\n>p2 switch 6\n>p1 move thunder\n>p2 move fireblast\n>p1 move thunder\n>p2 move fireblast\n>p2 switch 4\n>p1 move energyball\n>p2 move shellsmash\n>forcelose p2", "uploadtime": 1782913996, "views": 2, "formatid": "gen9randombattle", "rating": 1851, "private": 0, "password": null, "player_dets": [{"name": "FireSide_01", "avatar": "janine", "rating": 1913, "seed": "sodium,a004138cfa9e0b1d283ef1a9f2d3c501"}, {"name": "Dark link 360", "avatar": "1", "rating": 1868, "seed": "sodium,6b63ab34d5f45e44e9f8aa523e82a9e3"}], "teams_full": [{"Pawmot": {"name": "Pawmot", "species": "Pawmot", "speciesId": "pawmot", "gender": "F", "shiny": false, "level": 80, "moves": ["closecombat", "revivalblessing", "doubleshock", "knockoff"], "ability": "Volt Absorb", "evs": {"hp": 85, "atk": 85, "def": 85, "spa": 85, "spd": 85, "spe": 85}, "ivs": {"hp": 31, "atk": 31, "def": 31, "spa": 31, "spd": 31, "spe": 31}, "item": "Life Orb", "teraType": "Electric", "role": "Fast Attacker", "bvs": {"hp": 70, "atk": 115, "def": 70, "spa": 70, "spd": 60, "spe": 105}, "stats": {"hp": 243, "atk": 230, "def": 158, "spa": 158, "spd": 142, "spe": 214}, "types": ["Electric", "Fighting"]}, "Spectrier": {"name": "Spectrier", "species": "Spectrier", "speciesId": "spectrier", "gender": "N", "shiny": false, "level": 75, "moves": ["nastyplot", "terablast", "willowisp", "shadowball"], "ability": "Grim Neigh", "evs": {"hp": 85, "atk": 0, "def": 85, "spa": 85, "spd": 85, "spe": 85}, "ivs": {"hp": 31, "atk": 0, "def": 31, "spa": 31, "spd": 31, "spe": 31}, "item": "Life Orb", "teraType": "Fighting", "role": "Tera Blast user", "bvs": {"hp": 100, "atk": 65, "def": 60, "spa": 145, "spd": 80, "spe": 130}, "stats": {"hp": 274, "atk": 102, "def": 134, "spa": 261, "spd": 164, "spe": 239}, "types": ["Ghost"]}, "Scrafty": {"name": "Scrafty", "species": "Scrafty", "speciesId": "scrafty", "gender": "M", "shiny": false, "level": 83, "moves": ["rest", "drainpunch", "bulkup", "knockoff"], "ability": "Shed Skin", "evs": {"hp": 85, "atk": 85, "def": 85, "spa": 85, "spd": 85, "spe": 85}, "ivs": {"hp": 31, "atk": 31, "def": 31, "spa": 31, "spd": 31, "spe": 31}, "item": "Leftovers", "teraType": "Poison", "role": "Bulky Setup", "bvs": {"hp": 65, "atk": 90, "def": 115, "spa": 45, "spd": 115, "spe": 58}, "stats": {"hp": 244, "atk": 197, "def": 239, "spa": 122, "spd": 239, "spe": 144}, "types": ["Dark", "Fighting"]}, "Galvantula": {"name": "Galvantula", "species": "Galvantula", "speciesId": "galvantula", "gender": "M", "shiny": false, "level": 82, "moves": ["bugbuzz", "energyball", "stickyweb", "thunder"], "ability": "Compound Eyes", "evs": {"hp": 85, "atk": 0, "def": 85, "spa": 85, "spd": 85, "spe": 85}, "ivs": {"hp": 31, "atk": 0, "def": 31, "spa": 31, "spd": 31, "spe": 31}, "item": "Heavy-Duty Boots", "teraType": "Electric", "role": "Fast Support", "bvs": {"hp": 70, "atk": 77, "def": 60, "spa": 97, "spd": 60, "spe": 108}, "stats": {"hp": 249, "atk": 131, "def": 146, "spa": 206, "spd": 146, "spe": 224}, "types": ["Bug", "Electric"]}, "Serperior": {"name": "Serperior", "species": "Serperior", "speciesId": "serperior", "gender": "F", "shiny": false, "level": 79, "moves": ["synthesis", "leafstorm", "glare", "dragonpulse"], "ability": "Contrary", "evs": {"hp": 85, "atk": 0, "def": 85, "spa": 85, "spd": 85, "spe": 85}, "ivs": {"hp": 31, "atk": 0, "def": 31, "spa": 31, "spd": 31, "spe": 31}, "item": "Life Orb", "teraType": "Grass", "role": "Fast Attacker", "bvs": {"hp": 75, "atk": 75, "def": 95, "spa": 75, "spd": 95, "spe": 113}, "stats": {"hp": 248, "atk": 123, "def": 196, "spa": 164, "spd": 196, "spe": 224}, "types": ["Grass"]}, "Mesprit": {"name": "Mesprit", "species": "Mesprit", "speciesId": "mesprit", "gender": "N", "shiny": false, "level": 85, "moves": ["psychicnoise", "thunderwave", "knockoff", "stealthrock"], "ability": "Levitate", "evs": {"hp": 85, "atk": 85, "def": 85, "spa": 85, "spd": 85, "spe": 85}, "ivs": {"hp": 31, "atk": 31, "def": 31, "spa": 31, "spd": 31, "spe": 31}, "item": "Leftovers", "teraType": "Dark", "role": "Bulky Support", "bvs": {"hp": 80, "atk": 105, "def": 105, "spa": 105, "spd": 105, "spe": 80}, "stats": {"hp": 275, "atk": 227, "def": 227, "spa": 227, "spd": 227, "spe": 185}, "types": ["Psychic"]}}, {"Cloyster": {"name": "Cloyster", "species": "Cloyster", "speciesId": "cloyster", "gender": "M", "shiny": false, "level": 80, "moves": ["shellsmash", "drillrun", "iciclespear", "rockblast"], "ability": "Skill Link", "evs": {"hp": 85, "atk": 85, "def": 85, "spa": 85, "spd": 85, "spe": 85}, "ivs": {"hp": 31, "atk": 31, "def": 31, "spa": 31, "spd": 31, "spe": 31}, "item": "White Herb", "teraType": "Ground", "role": "Fast Attacker", "bvs": {"hp": 50, "atk": 95, "def": 180, "spa": 85, "spd": 45, "spe": 70}, "stats": {"hp": 211, "atk": 198, "def": 334, "spa": 182, "spd": 118, "spe": 158}, "types": ["Water", "Ice"]}, "Darkrai": {"name": "Darkrai", "species": "Darkrai", "speciesId": "darkrai", "gender": "N", "shiny": false, "level": 77, "moves": ["focusblast", "sludgebomb", "nastyplot", "darkpulse"], "ability": "Bad Dreams", "evs": {"hp": 85, "atk": 0, "def": 85, "spa": 85, "spd": 85, "spe": 85}, "ivs": {"hp": 31, "atk": 0, "def": 31, "spa": 31, "spd": 31, "spe": 31}, "item": "Life Orb", "teraType": "Poison", "role": "Setup Sweeper", "bvs": {"hp": 70, "atk": 90, "def": 90, "spa": 135, "spd": 90, "spe": 125}, "stats": {"hp": 234, "atk": 143, "def": 183, "spa": 252, "spd": 183, "spe": 237}, "types": ["Dark"]}, "Skarmory": {"name": "Skarmory", "species": "Skarmory", "speciesId": "skarmory", "gender": "M", "shiny": false, "level": 80, "moves": ["whirlwind", "bravebird", "stealthrock", "roost"], "ability": "Sturdy", "evs": {"hp": 85, "atk": 85, "def": 85, "spa": 85, "spd": 85, "spe": 85}, "ivs": {"hp": 31, "atk": 31, "def": 31, "spa": 31, "spd": 31, "spe": 31}, "item": "Leftovers", "teraType": "Dragon", "role": "Bulky Support", "bvs": {"hp": 65, "atk": 80, "def": 140, "spa": 40, "spd": 70, "spe": 70}, "stats": {"hp": 235, "atk": 174, "def": 270, "spa": 110, "spd": 158, "spe": 158}, "types": ["Steel", "Flying"]}, "Dragalge": {"name": "Dragalge", "species": "Dragalge", "speciesId": "dragalge", "gender": "F", "shiny": false, "level": 88, "moves": ["flipturn", "sludgewave", "focusblast", "dracometeor"], "ability": "Adaptability", "evs": {"hp": 85, "atk": 85, "def": 85, "spa": 85, "spd": 85, "spe": 85}, "ivs": {"hp": 31, "atk": 31, "def": 31, "spa": 31, "spd": 31, "spe": 31}, "item": "Choice Specs", "teraType": "Fighting", "role": "Bulky Attacker", "bvs": {"hp": 65, "atk": 75, "def": 90, "spa": 97, "spd": 123, "spe": 44}, "stats": {"hp": 258, "atk": 182, "def": 209, "spa": 221, "spd": 267, "spe": 128}, "types": ["Poison", "Dragon"]}, "Wugtrio": {"name": "Wugtrio", "species": "Wugtrio", "speciesId": "wugtrio", "gender": "F", "shiny": false, "level": 91, "moves": ["stompingtantrum", "liquidation", "aquajet", "throatchop"], "ability": "Gooey", "evs": {"hp": 85, "atk": 85, "def": 85, "spa": 85, "spd": 85, "spe": 85}, "ivs": {"hp": 31, "atk": 31, "def": 31, "spa": 31, "spd": 31, "spe": 31}, "item": "Choice Band", "teraType": "Ground", "role": "Fast Attacker", "bvs": {"hp": 35, "atk": 100, "def": 50, "spa": 50, "spd": 70, "spe": 120}, "stats": {"hp": 212, "atk": 234, "def": 143, "spa": 143, "spd": 179, "spe": 270}, "types": ["Water"]}, "Chandelure": {"name": "Chandelure", "species": "Chandelure", "speciesId": "chandelure", "gender": "M", "shiny": false, "level": 83, "moves": ["fireblast", "calmmind", "shadowball", "substitute"], "ability": "Flame Body", "evs": {"hp": 85, "atk": 0, "def": 85, "spa": 85, "spd": 85, "spe": 85}, "ivs": {"hp": 31, "atk": 0, "def": 31, "spa": 31, "spd": 31, "spe": 31}, "item": "Leftovers", "teraType": "Ghost", "role": "Fast Bulky Setup", "bvs": {"hp": 60, "atk": 55, "def": 90, "spa": 145, "spd": 90, "spe": 80}, "stats": {"hp": 235, "atk": 96, "def": 197, "spa": 288, "spd": 197, "spe": 180}, "types": ["Ghost", "Fire"]}}]}