{"id": "gen9randombattle-2642108333", "format": "[Gen 9] Random Battle", "players": ["forcemajor14", "1v1saregood"], "log": "|j|\u2606forcemajor14\n|j|\u26061v1saregood\n|t:|1782891709\n|gametype|singles\n|player|p1|forcemajor14|266|1952\n|player|p2|1v1saregood|preschooler|1977\n|gen|9\n|tier|[Gen 9] Random Battle\n|rated|\n|rule|Species Clause: Limit one of each Pok\u00e9mon\n|rule|HP Percentage Mod: HP is shown in percentages\n|rule|Sleep Clause Mod: Limit one foe put to sleep\n|rule|Illusion Level Mod: Illusion disguises the Pok\u00e9mon's true level\n|\n|t:|1782891709\n|teamsize|p1|6\n|teamsize|p2|6\n|start\n|switch|p1a: Slowking|Slowking, L88, F|310/310\n|switch|p2a: Rayquaza|Rayquaza, L72|270/270\n|-ability|p2a: Rayquaza|Air Lock\n|turn|1\n|inactive|Battle timer is ON: inactive players will automatically lose when time's up. (requested by 1v1saregood)\n|\n|t:|1782891716\n|move|p2a: Rayquaza|Swords Dance|p2a: Rayquaza\n|-boost|p2a: Rayquaza|atk|2\n|move|p1a: Slowking|Thunder Wave|p2a: Rayquaza\n|-status|p2a: Rayquaza|par\n|\n|upkeep\n|turn|2\n|inactive|forcemajor14 also wants the timer to be on.\n|\n|t:|1782891728\n|switch|p1a: Forretress|Forretress, L84, F|263/263\n|move|p2a: Rayquaza|Scale Shot|p1a: Forretress\n|-resisted|p1a: Forretress\n|-damage|p1a: Forretress|242/263\n|-resisted|p1a: Forretress\n|-damage|p1a: Forretress|221/263\n|-resisted|p1a: Forretress\n|-damage|p1a: Forretress|200/263\n|-resisted|p1a: Forretress\n|-damage|p1a: Forretress|181/263\n|-resisted|p1a: Forretress\n|-damage|p1a: Forretress|160/263\n|-hitcount|p1a: Forretress|5\n|-unboost|p2a: Rayquaza|def|1\n|-boost|p2a: Rayquaza|spe|1\n|\n|-heal|p1a: Forretress|176/263|[from] item: Leftovers\n|upkeep\n|turn|3\n|\n|t:|1782891733\n|cant|p2a: Rayquaza|par\n|move|p1a: Forretress|Stealth Rock|p2a: Rayquaza\n|-sidestart|p2: 1v1saregood|move: Stealth Rock\n|\n|-heal|p1a: Forretress|192/263|[from] item: Leftovers\n|upkeep\n|turn|4\n|\n|t:|1782891738\n|move|p2a: Rayquaza|Scale Shot|p1a: Forretress\n|-resisted|p1a: Forretress\n|-damage|p1a: Forretress|172/263\n|-resisted|p1a: Forretress\n|-damage|p1a: Forretress|153/263\n|-resisted|p1a: Forretress\n|-damage|p1a: Forretress|134/263\n|-resisted|p1a: Forretress\n|-damage|p1a: Forretress|113/263\n|-hitcount|p1a: Forretress|4\n|-unboost|p2a: Rayquaza|def|1\n|-boost|p2a: Rayquaza|spe|1\n|move|p1a: Forretress|Iron Head|p2a: Rayquaza\n|-damage|p2a: Rayquaza|80/270 par\n|\n|-heal|p1a: Forretress|129/263|[from] item: Leftovers\n|upkeep\n|turn|5\n|\n|t:|1782891741\n|move|p2a: Rayquaza|Dragon Ascent|p1a: Forretress\n|-damage|p1a: Forretress|0 fnt\n|-unboost|p2a: Rayquaza|def|1\n|-unboost|p2a: Rayquaza|spd|1\n|faint|p1a: Forretress\n|\n|upkeep\n|\n|t:|1782891742\n|switch|p1a: Jumpluff|Jumpluff, L87, F|271/271\n|turn|6\n|\n|t:|1782891747\n|move|p1a: Jumpluff|Acrobatics|p2a: Rayquaza\n|-damage|p2a: Rayquaza|0 fnt\n|faint|p2a: Rayquaza\n|\n|upkeep\n|\n|t:|1782891764\n|switch|p2a: Charizard|Charizard, L85, M|271/271\n|turn|7\n|\n|t:|1782891770\n|switch|p1a: Slowking|Slowking, L88, F|310/310\n|move|p2a: Charizard|Flamethrower|p1a: Slowking\n|-resisted|p1a: Slowking\n|-damage|p1a: Slowking|267/310\n|\n|-heal|p1a: Slowking|286/310|[from] item: Leftovers\n|upkeep\n|turn|8\n|\n|t:|1782891778\n|switch|p2a: Illumise|Illumise, L91, F|266/266\n|move|p1a: Slowking|Scald|p2a: Illumise\n|-damage|p2a: Illumise|182/266\n|\n|-heal|p1a: Slowking|305/310|[from] item: Leftovers\n|upkeep\n|turn|9\n|\n|t:|1782891782\n|switch|p1a: Pincurchin|Pincurchin, M|258/258\n|-fieldstart|move: Electric Terrain|[from] ability: Electric Surge|[of] p1a: Pincurchin\n|move|p2a: Illumise|Thunder Wave|p1a: Pincurchin|[miss]\n|-miss|p2a: Illumise|p1a: Pincurchin\n|\n|upkeep\n|turn|10\n|\n|t:|1782891791\n|move|p2a: Illumise|Bug Buzz|p1a: Pincurchin\n|-damage|p1a: Pincurchin|176/258\n|move|p1a: Pincurchin|Zing Zap|p2a: Illumise\n|-damage|p2a: Illumise|7/266\n|\n|-heal|p1a: Pincurchin|192/258|[from] item: Leftovers\n|upkeep\n|turn|11\n|\n|t:|1782891801\n|move|p2a: Illumise|Encore|p1a: Pincurchin\n|-start|p1a: Pincurchin|Encore\n|move|p1a: Pincurchin|Zing Zap|p2a: Illumise\n|-damage|p2a: Illumise|0 fnt\n|faint|p2a: Illumise\n|\n|-heal|p1a: Pincurchin|208/258|[from] item: Leftovers\n|upkeep\n|\n|t:|1782891802\n|switch|p2a: Kommo-o|Kommo-o, L78, M|245/245\n|-damage|p2a: Kommo-o|230/245|[from] Stealth Rock\n|turn|12\n|\n|t:|1782891805\n|switch|p1a: Slowking|Slowking, L88, F|310/310\n|move|p2a: Kommo-o|Clangorous Soul|p2a: Kommo-o\n|-boost|p2a: Kommo-o|atk|1\n|-boost|p2a: Kommo-o|def|1\n|-boost|p2a: Kommo-o|spa|1\n|-boost|p2a: Kommo-o|spd|1\n|-boost|p2a: Kommo-o|spe|1\n|-damage|p2a: Kommo-o|150/245\n|-enditem|p2a: Kommo-o|Throat Spray\n|-boost|p2a: Kommo-o|spa|1|[from] item: Throat Spray\n|\n|upkeep\n|turn|13\n|\n|t:|1782891813\n|move|p2a: Kommo-o|Clanging Scales|p1a: Slowking\n|-damage|p1a: Slowking|136/310\n|-unboost|p2a: Kommo-o|def|1\n|move|p1a: Slowking|Thunder Wave|p2a: Kommo-o\n|-status|p2a: Kommo-o|par\n|\n|-heal|p1a: Slowking|155/310|[from] item: Leftovers\n|-fieldend|move: Electric Terrain\n|upkeep\n|turn|14\n|\n|t:|1782891817\n|switch|p1a: Venusaur|Venusaur, L84, F|272/272\n|cant|p2a: Kommo-o|par\n|\n|upkeep\n|turn|15\n|\n|t:|1782891822\n|move|p1a: Venusaur|Sludge Bomb|p2a: Kommo-o\n|-damage|p2a: Kommo-o|84/245 par\n|cant|p2a: Kommo-o|par\n|\n|upkeep\n|turn|16\n|\n|t:|1782891829\n|move|p1a: Venusaur|Earth Power|p2a: Kommo-o\n|-damage|p2a: Kommo-o|42/245 par\n|move|p2a: Kommo-o|Clanging Scales|p1a: Venusaur\n|-damage|p1a: Venusaur|88/272\n|-unboost|p2a: Kommo-o|def|1\n|\n|-heal|p1a: Venusaur|105/272|[from] item: Leftovers\n|upkeep\n|turn|17\n|\n|t:|1782891833\n|move|p1a: Venusaur|Synthesis|p1a: Venusaur\n|-heal|p1a: Venusaur|241/272\n|cant|p2a: Kommo-o|par\n|\n|-heal|p1a: Venusaur|258/272|[from] item: Leftovers\n|upkeep\n|turn|18\n|\n|t:|1782891836\n|move|p1a: Venusaur|Earth Power|p2a: Kommo-o\n|-damage|p2a: Kommo-o|2/245 par\n|cant|p2a: Kommo-o|par\n|\n|-heal|p1a: Venusaur|272/272|[from] item: Leftovers\n|upkeep\n|turn|19\n|\n|t:|1782891841\n|move|p1a: Venusaur|Earth Power|p2a: Kommo-o\n|-damage|p2a: Kommo-o|0 fnt\n|faint|p2a: Kommo-o\n|\n|upkeep\n|c|\u26061v1saregood|4/5\n|\n|t:|1782891854\n|switch|p2a: Charizard|Charizard, L85, M|271/271\n|turn|20\n|\n|t:|1782891862\n|switch|p1a: Slowking|Slowking, L88, F|258/310\n|move|p2a: Charizard|Hurricane|p1a: Slowking|[miss]\n|-miss|p2a: Charizard|p1a: Slowking\n|\n|-heal|p1a: Slowking|277/310|[from] item: Leftovers\n|upkeep\n|turn|21\n|\n|t:|1782891875\n|move|p2a: Charizard|Hurricane|p1a: Slowking\n|-damage|p1a: Slowking|178/310\n|-start|p1a: Slowking|confusion\n|-activate|p1a: Slowking|confusion\n|move|p1a: Slowking|Scald|p2a: Charizard\n|-supereffective|p2a: Charizard\n|-damage|p2a: Charizard|73/271\n|\n|-heal|p1a: Slowking|197/310|[from] item: Leftovers\n|upkeep\n|turn|22\n|\n|t:|1782891880\n|move|p2a: Charizard|Hurricane|p1a: Slowking\n|-damage|p1a: Slowking|88/310\n|-activate|p1a: Slowking|confusion\n|move|p1a: Slowking|Scald|p2a: Charizard\n|-supereffective|p2a: Charizard\n|-damage|p2a: Charizard|0 fnt\n|faint|p2a: Charizard\n|\n|-heal|p1a: Slowking|107/310|[from] item: Leftovers\n|upkeep\n|\n|t:|1782891882\n|switch|p2a: Mienshao|Mienshao, L83, F|243/243\n|-damage|p2a: Mienshao|228/243|[from] Stealth Rock\n|turn|23\n|\n|t:|1782891884\n|switch|p1a: Jumpluff|Jumpluff, L87, F|271/271\n|move|p2a: Mienshao|U-turn|p1a: Jumpluff\n|-damage|p1a: Jumpluff|174/271\n|\n|t:|1782891886\n|switch|p2a: Bastiodon|Bastiodon, L89, M|252/252|[from] U-turn\n|-damage|p2a: Bastiodon|237/252|[from] Stealth Rock\n|\n|upkeep\n|turn|24\n|\n|t:|1782891891\n|move|p1a: Jumpluff|Leech Seed|p2a: Bastiodon\n|-start|p2a: Bastiodon|move: Leech Seed\n|move|p2a: Bastiodon|Iron Defense|p2a: Bastiodon\n|-boost|p2a: Bastiodon|def|2\n|\n|-damage|p2a: Bastiodon|206/252|[from] Leech Seed|[of] p1a: Jumpluff\n|-heal|p1a: Jumpluff|205/271|[silent]\n|upkeep\n|turn|25\n|\n|t:|1782891897\n|switch|p1a: Slowking|Slowking, L88, F|210/310\n|move|p2a: Bastiodon|Iron Defense|p2a: Bastiodon\n|-boost|p2a: Bastiodon|def|2\n|\n|-heal|p1a: Slowking|229/310|[from] item: Leftovers\n|-damage|p2a: Bastiodon|175/252|[from] Leech Seed|[of] p1a: Slowking\n|-heal|p1a: Slowking|260/310|[silent]\n|upkeep\n|turn|26\n|\n|t:|1782891905\n|switch|p2a: Mienshao|Mienshao, L83, F|228/243\n|-damage|p2a: Mienshao|213/243|[from] Stealth Rock\n|move|p1a: Slowking|Scald|p2a: Mienshao\n|-damage|p2a: Mienshao|83/243\n|\n|-heal|p1a: Slowking|279/310|[from] item: Leftovers\n|upkeep\n|turn|27\n|\n|t:|1782891908\n|move|p2a: Mienshao|Knock Off|p1a: Slowking\n|-supereffective|p1a: Slowking\n|-damage|p1a: Slowking|47/310\n|-enditem|p1a: Slowking|Leftovers|[from] move: Knock Off|[of] p2a: Mienshao\n|move|p1a: Slowking|Psyshock|p2a: Mienshao\n|-supereffective|p2a: Mienshao\n|-damage|p2a: Mienshao|0 fnt\n|faint|p2a: Mienshao\n|\n|upkeep\n|-message|1v1saregood forfeited.\n|\n|win|forcemajor14\n|raw|forcemajor14's rating: 2006 &rarr; <strong>2024</strong><br />(+18 for winning)\n|raw|1v1saregood's rating: 1977 &rarr; <strong>1959</strong><br />(-18 for losing)\n", "inputlog": ">version f8ac14003a5f27e1bdc8d8c59608a773c1cb96e5\n>start {\"formatid\":\"gen9randombattle\",\"seed\":\"sodium,41396f1a81493d61202005c80356ca91\",\"rated\":\"Rated battle\"}\n>player p1 {\"name\":\"forcemajor14\",\"avatar\":\"266\",\"rating\":1952,\"seed\":\"sodium,2007945a702e7b16b1135fc3fcc68355\"}\n>player p2 {\"name\":\"1v1saregood\",\"avatar\":\"preschooler\",\"rating\":1977,\"seed\":\"sodium,335aee01232a223035fae87900c3b8d9\"}\n>p1 move thunderwave\n>p2 move swordsdance\n>p1 switch 3\n>p2 move scaleshot\n>p1 move stealthrock\n>p2 move dragonascent\n>p1 move ironhead\n>p2 move scaleshot\n>p1 move ironhead\n>p2 move dragonascent\n>p1 switch 2\n>p1 move acrobatics\n>p2 move dragonascent\n>p2 switch 3\n>p1 switch 3\n>p2 move flamethrower\n>p1 move scald\n>p2 switch 4\n>p1 switch 6\n>p2 move thunderwave\n>p1 move zingzap\n>p2 move bugbuzz\n>p1 move zingzap\n>p2 move encore\n>p2 switch 2\n>p1 switch 6\n>p2 move clangoroussoul\n>p1 move thunderwave\n>p2 move clangingscales\n>p1 switch 5\n>p2 move clangingscales\n>p1 move sludgebomb\n>p2 move clangingscales\n>p1 move earthpower\n>p2 move clangingscales\n>p1 move synthesis\n>p2 move clangingscales\n>p1 move earthpower\n>p2 move clangingscales\n>p1 move earthpower\n>p2 move clangingscales\n>chat \u26061v1saregood|4/5\n>p2 switch 4\n>p1 switch 5\n>p2 move hurricane\n>p1 move scald\n>p2 move hurricane\n>p1 move scald\n>p2 move hurricane\n>p2 switch 5\n>p1 switch 3\n>p2 move uturn\n>p2 switch 6\n>p1 move leechseed\n>p2 move irondefense\n>p1 switch 3\n>p2 move irondefense\n>p1 move scald\n>p2 switch 6\n>p1 move psyshock\n>p2 move knockoff\n>forcelose p2", "uploadtime": 1782891915, "views": 2, "formatid": "gen9randombattle", "rating": 1959, "private": 0, "password": null, "player_dets": [{"name": "forcemajor14", "avatar": "266", "rating": 1952, "seed": "sodium,2007945a702e7b16b1135fc3fcc68355"}, {"name": "1v1saregood", "avatar": "preschooler", "rating": 1977, "seed": "sodium,335aee01232a223035fae87900c3b8d9"}], "teams_full": [{"Slowking": {"name": "Slowking", "species": "Slowking", "speciesId": "slowking", "gender": "F", "shiny": false, "level": 88, "moves": ["psyshock", "scald", "thunderwave", "slackoff"], "ability": "Regenerator", "evs": {"hp": 85, "atk": 0, "def": 85, "spa": 85, "spd": 85, "spe": 85}, "ivs": {"hp": 31, "atk": 0, "def": 31, "spa": 31, "spd": 31, "spe": 31}, "item": "Leftovers", "teraType": "Dragon", "role": "Bulky Attacker", "bvs": {"hp": 95, "atk": 75, "def": 80, "spa": 100, "spd": 110, "spe": 30}, "stats": {"hp": 310, "atk": 137, "def": 191, "spa": 226, "spd": 244, "spe": 103}, "types": ["Water", "Psychic"]}, "Jumpluff": {"name": "Jumpluff", "species": "Jumpluff", "speciesId": "jumpluff", "gender": "F", "shiny": false, "level": 87, "moves": ["substitute", "strengthsap", "acrobatics", "leechseed"], "ability": "Infiltrator", "evs": {"hp": 81, "atk": 85, "def": 85, "spa": 85, "spd": 85, "spe": 85}, "ivs": {"hp": 31, "atk": 31, "def": 31, "spa": 31, "spd": 31, "spe": 31}, "item": "", "teraType": "Steel", "role": "Bulky Support", "bvs": {"hp": 75, "atk": 55, "def": 70, "spa": 55, "spd": 95, "spe": 110}, "stats": {"hp": 271, "atk": 145, "def": 172, "spa": 145, "spd": 215, "spe": 241}, "types": ["Grass", "Flying"]}, "Forretress": {"name": "Forretress", "species": "Forretress", "speciesId": "forretress", "gender": "F", "shiny": false, "level": 84, "moves": ["rapidspin", "ironhead", "stealthrock", "thunderwave"], "ability": "Sturdy", "evs": {"hp": 85, "atk": 85, "def": 85, "spa": 85, "spd": 85, "spe": 85}, "ivs": {"hp": 31, "atk": 31, "def": 31, "spa": 31, "spd": 31, "spe": 31}, "item": "Leftovers", "teraType": "Water", "role": "Bulky Support", "bvs": {"hp": 75, "atk": 90, "def": 140, "spa": 60, "spd": 60, "spe": 40}, "stats": {"hp": 263, "atk": 199, "def": 283, "spa": 149, "spd": 149, "spe": 115}, "types": ["Bug", "Steel"]}, "Blaziken": {"name": "Blaziken", "species": "Blaziken", "speciesId": "blaziken", "gender": "M", "shiny": false, "level": 76, "moves": ["knockoff", "flareblitz", "swordsdance", "closecombat"], "ability": "Speed Boost", "evs": {"hp": 85, "atk": 85, "def": 85, "spa": 85, "spd": 85, "spe": 85}, "ivs": {"hp": 31, "atk": 31, "def": 31, "spa": 31, "spd": 31, "spe": 31}, "item": "Life Orb", "teraType": "Dark", "role": "Setup Sweeper", "bvs": {"hp": 80, "atk": 120, "def": 70, "spa": 110, "spd": 70, "spe": 80}, "stats": {"hp": 247, "atk": 226, "def": 150, "spa": 211, "spd": 150, "spe": 166}, "types": ["Fire", "Fighting"]}, "Venusaur": {"name": "Venusaur", "species": "Venusaur", "speciesId": "venusaur", "gender": "F", "shiny": false, "level": 84, "moves": ["synthesis", "toxic", "sludgebomb", "earthpower"], "ability": "Chlorophyll", "evs": {"hp": 85, "atk": 0, "def": 85, "spa": 85, "spd": 85, "spe": 85}, "ivs": {"hp": 31, "atk": 0, "def": 31, "spa": 31, "spd": 31, "spe": 31}, "item": "Leftovers", "teraType": "Water", "role": "Bulky Attacker", "bvs": {"hp": 80, "atk": 82, "def": 83, "spa": 100, "spd": 100, "spe": 80}, "stats": {"hp": 272, "atk": 142, "def": 188, "spa": 216, "spd": 216, "spe": 183}, "types": ["Grass", "Poison"]}, "Pincurchin": {"name": "Pincurchin", "species": "Pincurchin", "speciesId": "pincurchin", "gender": "M", "shiny": false, "level": 100, "moves": ["recover", "liquidation", "zingzap", "curse"], "ability": "Electric Surge", "evs": {"hp": 85, "atk": 85, "def": 85, "spa": 85, "spd": 85, "spe": 85}, "ivs": {"hp": 31, "atk": 31, "def": 31, "spa": 31, "spd": 31, "spe": 31}, "item": "Leftovers", "teraType": "Water", "role": "Bulky Setup", "bvs": {"hp": 48, "atk": 101, "def": 95, "spa": 91, "spd": 85, "spe": 15}, "stats": {"hp": 258, "atk": 259, "def": 247, "spa": 239, "spd": 227, "spe": 87}, "types": ["Electric"]}}, {"Rayquaza": {"name": "Rayquaza", "species": "Rayquaza", "speciesId": "rayquaza", "gender": "N", "shiny": false, "level": 72, "moves": ["swordsdance", "dragonascent", "earthquake", "scaleshot"], "ability": "Air Lock", "evs": {"hp": 85, "atk": 85, "def": 85, "spa": 85, "spd": 85, "spe": 85}, "ivs": {"hp": 31, "atk": 31, "def": 31, "spa": 31, "spd": 31, "spe": 31}, "item": "Loaded Dice", "teraType": "Dragon", "role": "Fast Bulky Setup", "bvs": {"hp": 105, "atk": 150, "def": 90, "spa": 150, "spd": 90, "spe": 95}, "stats": {"hp": 270, "atk": 258, "def": 172, "spa": 258, "spd": 172, "spe": 179}, "types": ["Dragon", "Flying"]}, "Kommo-o": {"name": "Kommo-o", "species": "Kommo-o", "speciesId": "kommoo", "gender": "M", "shiny": false, "level": 78, "moves": ["clangoroussoul", "clangingscales", "ironhead", "drainpunch"], "ability": "Soundproof", "evs": {"hp": 85, "atk": 85, "def": 85, "spa": 85, "spd": 85, "spe": 85}, "ivs": {"hp": 31, "atk": 31, "def": 31, "spa": 31, "spd": 31, "spe": 31}, "item": "Throat Spray", "teraType": "Steel", "role": "Fast Bulky Setup", "bvs": {"hp": 75, "atk": 110, "def": 125, "spa": 100, "spd": 105, "spe": 85}, "stats": {"hp": 245, "atk": 217, "def": 240, "spa": 201, "spd": 209, "spe": 178}, "types": ["Dragon", "Fighting"]}, "Charizard": {"name": "Charizard", "species": "Charizard", "speciesId": "charizard", "gender": "M", "shiny": false, "level": 85, "moves": ["flamethrower", "focusblast", "hurricane", "earthquake"], "ability": "Blaze", "evs": {"hp": 85, "atk": 85, "def": 85, "spa": 85, "spd": 85, "spe": 85}, "ivs": {"hp": 31, "atk": 31, "def": 31, "spa": 31, "spd": 31, "spe": 31}, "item": "Heavy-Duty Boots", "teraType": "Ground", "role": "Fast Attacker", "bvs": {"hp": 78, "atk": 84, "def": 78, "spa": 109, "spd": 85, "spe": 100}, "stats": {"hp": 271, "atk": 192, "def": 181, "spa": 234, "spd": 193, "spe": 219}, "types": ["Fire", "Flying"]}, "Illumise": {"name": "Illumise", "species": "Illumise", "speciesId": "illumise", "gender": "F", "shiny": false, "level": 91, "moves": ["thunderwave", "encore", "roost", "bugbuzz"], "ability": "Prankster", "evs": {"hp": 85, "atk": 0, "def": 85, "spa": 85, "spd": 85, "spe": 85}, "ivs": {"hp": 31, "atk": 0, "def": 31, "spa": 31, "spd": 31, "spe": 31}, "item": "Heavy-Duty Boots", "teraType": "Steel", "role": "Bulky Support", "bvs": {"hp": 65, "atk": 47, "def": 75, "spa": 73, "spd": 85, "spe": 85}, "stats": {"hp": 266, "atk": 90, "def": 188, "spa": 185, "spd": 207, "spe": 207}, "types": ["Bug"]}, "Mienshao": {"name": "Mienshao", "species": "Mienshao", "speciesId": "mienshao", "gender": "F", "shiny": false, "level": 83, "moves": ["knockoff", "stoneedge", "uturn", "highjumpkick"], "ability": "Reckless", "evs": {"hp": 81, "atk": 85, "def": 85, "spa": 85, "spd": 85, "spe": 85}, "ivs": {"hp": 31, "atk": 31, "def": 31, "spa": 31, "spd": 31, "spe": 31}, "item": "Choice Band", "teraType": "Fighting", "role": "Wallbreaker", "bvs": {"hp": 65, "atk": 125, "def": 60, "spa": 95, "spd": 60, "spe": 105}, "stats": {"hp": 243, "atk": 255, "def": 147, "spa": 205, "spd": 147, "spe": 222}, "types": ["Fighting"]}, "Bastiodon": {"name": "Bastiodon", "species": "Bastiodon", "speciesId": "bastiodon", "gender": "M", "shiny": false, "level": 89, "moves": ["rest", "bodypress", "foulplay", "irondefense"], "ability": "Soundproof", "evs": {"hp": 85, "atk": 0, "def": 85, "spa": 85, "spd": 85, "spe": 85}, "ivs": {"hp": 31, "atk": 0, "def": 31, "spa": 31, "spd": 31, "spe": 31}, "item": "Chesto Berry", "teraType": "Fighting", "role": "Bulky Setup", "bvs": {"hp": 60, "atk": 52, "def": 168, "spa": 47, "spd": 138, "spe": 30}, "stats": {"hp": 252, "atk": 97, "def": 350, "spa": 134, "spd": 296, "spe": 104}, "types": ["Rock", "Steel"]}}]}