{"id": "gen9randombattle-2642144194", "format": "[Gen 9] Random Battle", "players": ["jsjsiis", "eheg"], "log": "|j|\u2606jsjsiis\n|j|\u2606eheg\n|t:|1782899423\n|gametype|singles\n|player|p1|jsjsiis|265|2018\n|player|p2|eheg|1|1964\n|gen|9\n|tier|[Gen 9] Random Battle\n|rated|\n|rule|Species Clause: Limit one of each Pok\u00e9mon\n|rule|HP Percentage Mod: HP is shown in percentages\n|rule|Sleep Clause Mod: Limit one foe put to sleep\n|rule|Illusion Level Mod: Illusion disguises the Pok\u00e9mon's true level\n|\n|t:|1782899423\n|teamsize|p1|6\n|teamsize|p2|6\n|start\n|switch|p1a: Duraludon|Duraludon, L82, M|249/249\n|switch|p2a: Volbeat|Volbeat, L90, M|263/263\n|turn|1\n|\n|t:|1782899434\n|switch|p1a: Swampert|Swampert, L83, F|302/302\n|move|p2a: Volbeat|Thunder Wave|p1a: Swampert\n|-immune|p1a: Swampert\n|\n|upkeep\n|turn|2\n|inactive|Battle timer is ON: inactive players will automatically lose when time's up. (requested by jsjsiis)\n|\n|t:|1782899444\n|move|p2a: Volbeat|Lunge|p1a: Swampert\n|-damage|p1a: Swampert|220/302\n|-unboost|p1a: Swampert|atk|1\n|move|p1a: Swampert|Yawn|p2a: Volbeat\n|-start|p2a: Volbeat|move: Yawn|[of] p1a: Swampert\n|\n|-heal|p1a: Swampert|238/302|[from] item: Leftovers\n|upkeep\n|turn|3\n|\n|t:|1782899455\n|switch|p2a: Espeon|Espeon, L84, M|246/246\n|move|p1a: Swampert|Stealth Rock|p2a: Espeon\n|move|p2a: Espeon|Stealth Rock|p1a: Swampert|[from] ability: Magic Bounce\n|-sidestart|p1: jsjsiis|move: Stealth Rock\n|\n|-heal|p1a: Swampert|256/302|[from] item: Leftovers\n|upkeep\n|turn|4\n|\n|t:|1782899465\n|move|p2a: Espeon|Psychic|p1a: Swampert\n|-damage|p1a: Swampert|88/302\n|move|p1a: Swampert|Flip Turn|p2a: Espeon\n|-damage|p2a: Espeon|156/246\n|\n|t:|1782899471\n|switch|p1a: Hoopa|Hoopa-Unbound, L80|259/259|[from] Flip Turn\n|-damage|p1a: Hoopa|227/259|[from] Stealth Rock\n|\n|upkeep\n|turn|5\n|\n|t:|1782899478\n|switch|p2a: Qwilfish|Qwilfish, L86, F|252/252\n|-ability|p2a: Qwilfish|Intimidate|boost\n|-unboost|p1a: Hoopa|atk|1\n|move|p1a: Hoopa|Hyperspace Fury|p2a: Qwilfish\n|-damage|p2a: Qwilfish|159/252\n|-unboost|p1a: Hoopa|def|1\n|\n|-heal|p2a: Qwilfish|174/252|[from] item: Leftovers\n|upkeep\n|turn|6\n|\n|t:|1782899492\n|switch|p2a: Volbeat|Volbeat, L90, M|263/263\n|switch|p1a: Duraludon|Duraludon, L82, M|249/249\n|-damage|p1a: Duraludon|234/249|[from] Stealth Rock\n|\n|upkeep\n|turn|7\n|\n|t:|1782899499\n|switch|p1a: Swampert|Swampert, L83, F|88/302\n|-damage|p1a: Swampert|70/302|[from] Stealth Rock\n|move|p2a: Volbeat|Thunder Wave|p1a: Swampert\n|-immune|p1a: Swampert\n|\n|-heal|p1a: Swampert|88/302|[from] item: Leftovers\n|upkeep\n|turn|8\n|\n|t:|1782899508\n|move|p2a: Volbeat|Lunge|p1a: Swampert\n|-damage|p1a: Swampert|1/302\n|-unboost|p1a: Swampert|atk|1\n|move|p1a: Swampert|Flip Turn|p2a: Volbeat\n|-damage|p2a: Volbeat|191/263\n|\n|t:|1782899514\n|switch|p1a: Ceruledge|Ceruledge, L78, F|245/245|[from] Flip Turn\n|\n|upkeep\n|turn|9\n|\n|t:|1782899519\n|move|p2a: Volbeat|Thunder Wave|p1a: Ceruledge\n|-status|p1a: Ceruledge|par\n|move|p1a: Ceruledge|Bitter Blade|p2a: Volbeat\n|-supereffective|p2a: Volbeat\n|-damage|p2a: Volbeat|0 fnt\n|faint|p2a: Volbeat\n|\n|upkeep\n|\n|t:|1782899534\n|switch|p2a: Poliwrath|Poliwrath, L88, F|302/302\n|turn|10\n|\n|t:|1782899538\n|switch|p1a: Swampert|Swampert, L83, F|1/302\n|-damage|p1a: Swampert|0 fnt|[from] Stealth Rock\n|faint|p1a: Swampert\n|move|p2a: Poliwrath|Bulk Up|p2a: Poliwrath\n|-boost|p2a: Poliwrath|atk|1\n|-boost|p2a: Poliwrath|def|1\n|\n|upkeep\n|\n|t:|1782899549\n|switch|p1a: Grumpig|Grumpig, L92, M|297/297\n|-damage|p1a: Grumpig|260/297|[from] Stealth Rock\n|turn|11\n|\n|t:|1782899553\n|switch|p2a: Espeon|Espeon, L84, M|156/246\n|move|p1a: Grumpig|Psyshock|p2a: Espeon\n|-resisted|p2a: Espeon\n|-damage|p2a: Espeon|57/246\n|\n|upkeep\n|turn|12\n|\n|t:|1782899561\n|move|p2a: Espeon|Shadow Ball|p1a: Grumpig\n|-supereffective|p1a: Grumpig\n|-crit|p1a: Grumpig\n|-damage|p1a: Grumpig|30/297\n|move|p1a: Grumpig|Psyshock|p2a: Espeon\n|-resisted|p2a: Espeon\n|-damage|p2a: Espeon|0 fnt\n|faint|p2a: Espeon\n|\n|upkeep\n|\n|t:|1782899571\n|switch|p2a: Lilligant|Lilligant, L86, F|261/261\n|turn|13\n|\n|t:|1782899589\n|move|p2a: Lilligant|Sleep Powder|p1a: Grumpig\n|-status|p1a: Grumpig|slp|[from] move: Sleep Powder\n|cant|p1a: Grumpig|slp\n|\n|upkeep\n|turn|14\n|\n|t:|1782899593\n|move|p2a: Lilligant|Quiver Dance|p2a: Lilligant\n|-boost|p2a: Lilligant|spa|1\n|-boost|p2a: Lilligant|spd|1\n|-boost|p2a: Lilligant|spe|1\n|cant|p1a: Grumpig|slp\n|\n|upkeep\n|turn|15\n|\n|t:|1782899599\n|move|p2a: Lilligant|Quiver Dance|p2a: Lilligant\n|-boost|p2a: Lilligant|spa|1\n|-boost|p2a: Lilligant|spd|1\n|-boost|p2a: Lilligant|spe|1\n|-curestatus|p1a: Grumpig|slp|[msg]\n|move|p1a: Grumpig|Psyshock|p2a: Lilligant\n|-damage|p2a: Lilligant|107/261\n|\n|upkeep\n|turn|16\n|\n|t:|1782899607\n|move|p2a: Lilligant|Sleep Powder|p1a: Grumpig\n|-status|p1a: Grumpig|slp|[from] move: Sleep Powder\n|cant|p1a: Grumpig|slp\n|\n|upkeep\n|turn|17\n|\n|t:|1782899613\n|move|p2a: Lilligant|Quiver Dance|p2a: Lilligant\n|-boost|p2a: Lilligant|spa|1\n|-boost|p2a: Lilligant|spd|1\n|-boost|p2a: Lilligant|spe|1\n|cant|p1a: Grumpig|slp\n|\n|upkeep\n|turn|18\n|\n|t:|1782899618\n|move|p2a: Lilligant|Petal Dance|p1a: Grumpig\n|-damage|p1a: Grumpig|0 fnt\n|faint|p1a: Grumpig\n|-damage|p2a: Lilligant|81/261|[from] item: Life Orb\n|\n|upkeep\n|\n|t:|1782899622\n|switch|p1a: Tornadus|Tornadus, L82, M|264/264\n|turn|19\n|\n|t:|1782899626\n|move|p2a: Lilligant|Petal Dance|p1a: Tornadus|[from] lockedmove\n|-resisted|p1a: Tornadus\n|-damage|p1a: Tornadus|0 fnt\n|faint|p1a: Tornadus\n|-damage|p2a: Lilligant|55/261|[from] item: Life Orb\n|\n|upkeep\n|\n|t:|1782899633\n|switch|p1a: Duraludon|Duraludon, L82, M|234/249\n|-damage|p1a: Duraludon|219/249|[from] Stealth Rock\n|turn|20\n|\n|t:|1782899638\n|move|p2a: Lilligant|Petal Dance|p1a: Duraludon|[from] lockedmove\n|-resisted|p1a: Duraludon\n|-damage|p1a: Duraludon|93/249\n|-damage|p2a: Lilligant|29/261|[from] item: Life Orb\n|move|p1a: Duraludon|Body Press|p2a: Lilligant\n|-damage|p2a: Lilligant|0 fnt\n|faint|p2a: Lilligant\n|\n|upkeep\n|\n|t:|1782899648\n|switch|p2a: Poliwrath|Poliwrath, L88, F|302/302\n|turn|21\n|\n|t:|1782899653\n|move|p1a: Duraludon|Iron Defense|p1a: Duraludon\n|-boost|p1a: Duraludon|def|2\n|move|p2a: Poliwrath|Bulk Up|p2a: Poliwrath\n|-boost|p2a: Poliwrath|atk|1\n|-boost|p2a: Poliwrath|def|1\n|\n|upkeep\n|turn|22\n|\n|t:|1782899660\n|move|p1a: Duraludon|Body Press|p2a: Poliwrath\n|-damage|p2a: Poliwrath|225/302\n|move|p2a: Poliwrath|Drain Punch|p1a: Duraludon\n|-supereffective|p1a: Duraludon\n|-damage|p1a: Duraludon|25/249\n|-heal|p2a: Poliwrath|259/302|[from] drain|[of] p1a: Duraludon\n|\n|-heal|p2a: Poliwrath|277/302|[from] item: Leftovers\n|upkeep\n|turn|23\n|\n|t:|1782899668\n|move|p1a: Duraludon|Draco Meteor|p2a: Poliwrath\n|-damage|p2a: Poliwrath|136/302\n|-unboost|p1a: Duraludon|spa|2\n|move|p2a: Poliwrath|Drain Punch|p1a: Duraludon\n|-supereffective|p1a: Duraludon\n|-damage|p1a: Duraludon|0 fnt\n|-heal|p2a: Poliwrath|149/302|[from] drain|[of] p1a: Duraludon\n|faint|p1a: Duraludon\n|\n|-heal|p2a: Poliwrath|167/302|[from] item: Leftovers\n|upkeep\n|\n|t:|1782899671\n|switch|p1a: Hoopa|Hoopa-Unbound, L80|227/259\n|-damage|p1a: Hoopa|195/259|[from] Stealth Rock\n|turn|24\n|\n|t:|1782899682\n|switch|p1a: Ceruledge|Ceruledge, L78, F|245/245 par\n|move|p2a: Poliwrath|Knock Off|p1a: Ceruledge\n|-supereffective|p1a: Ceruledge\n|-damage|p1a: Ceruledge|9/245 par\n|-ability|p1a: Ceruledge|Weak Armor|boost\n|-unboost|p1a: Ceruledge|def|1\n|-boost|p1a: Ceruledge|spe|2\n|-enditem|p1a: Ceruledge|Heavy-Duty Boots|[from] move: Knock Off|[of] p2a: Poliwrath\n|\n|-heal|p2a: Poliwrath|185/302|[from] item: Leftovers\n|upkeep\n|turn|25\n|\n|t:|1782899693\n|cant|p1a: Ceruledge|par\n|move|p2a: Poliwrath|Liquidation|p1a: Ceruledge\n|-supereffective|p1a: Ceruledge\n|-damage|p1a: Ceruledge|0 fnt\n|faint|p1a: Ceruledge\n|\n|-heal|p2a: Poliwrath|203/302|[from] item: Leftovers\n|upkeep\n|\n|t:|1782899695\n|switch|p1a: Hoopa|Hoopa-Unbound, L80|195/259\n|-damage|p1a: Hoopa|163/259|[from] Stealth Rock\n|turn|26\n|\n|t:|1782899704\n|move|p1a: Hoopa|Psychic|p2a: Poliwrath\n|-supereffective|p2a: Poliwrath\n|-damage|p2a: Poliwrath|0 fnt\n|faint|p2a: Poliwrath\n|\n|upkeep\n|\n|t:|1782899709\n|switch|p2a: Qwilfish|Qwilfish, L86, F|174/252\n|-ability|p2a: Qwilfish|Intimidate|boost\n|-unboost|p1a: Hoopa|atk|1\n|turn|27\n|\n|t:|1782899714\n|-terastallize|p2a: Qwilfish|Dark\n|move|p2a: Qwilfish|Thunder Wave|p1a: Hoopa\n|-status|p1a: Hoopa|par\n|move|p1a: Hoopa|Psychic|p2a: Qwilfish\n|-immune|p2a: Qwilfish\n|\n|-heal|p2a: Qwilfish|189/252|[from] item: Leftovers\n|upkeep\n|turn|28\n|\n|t:|1782899723\n|-terastallize|p1a: Hoopa|Fighting\n|move|p2a: Qwilfish|Waterfall|p1a: Hoopa\n|-damage|p1a: Hoopa|42/259 par\n|move|p1a: Hoopa|Focus Blast|p2a: Qwilfish|[miss]\n|-miss|p1a: Hoopa|p2a: Qwilfish\n|\n|-heal|p2a: Qwilfish|204/252|[from] item: Leftovers\n|upkeep\n|turn|29\n|-message|jsjsiis forfeited.\n|\n|win|eheg\n|raw|jsjsiis's rating: 2018 &rarr; <strong>1995</strong><br />(-23 for losing)\n|raw|eheg's rating: 1964 &rarr; <strong>1987</strong><br />(+23 for winning)\n", "inputlog": ">version f8ac14003a5f27e1bdc8d8c59608a773c1cb96e5\n>start {\"formatid\":\"gen9randombattle\",\"seed\":\"sodium,1269471a118d084301580f9eea17942f\",\"rated\":\"Rated battle\"}\n>player p1 {\"name\":\"jsjsiis\",\"avatar\":\"265\",\"rating\":2018,\"seed\":\"sodium,932712034551193a975b99d3449a4aee\"}\n>player p2 {\"name\":\"eheg\",\"avatar\":\"1\",\"rating\":1964,\"seed\":\"sodium,95fd38195cbd59089db4cebe52f93959\"}\n>p1 switch 6\n>p2 move thunderwave\n>p1 move yawn\n>p2 move lunge\n>p1 move stealthrock\n>p2 switch 6\n>p1 move flipturn\n>p2 move psychic\n>p1 switch 4\n>p1 move hyperspacefury\n>p2 switch 3\n>p1 switch 6\n>p2 switch 6\n>p1 switch 4\n>p2 move thunderwave\n>p1 move flipturn\n>p2 move lunge\n>p1 switch 2\n>p1 move bitterblade\n>p2 move thunderwave\n>p2 switch 5\n>p1 switch 2\n>p2 move bulkup\n>p1 switch 5\n>p1 move psyshock\n>p2 switch 3\n>p1 move psyshock\n>p2 move shadowball\n>p2 switch 2\n>p1 move psyshock\n>p2 move sleeppowder\n>p1 move psyshock\n>p2 move quiverdance\n>p1 move psyshock\n>p2 move quiverdance\n>p1 move psyshock\n>p2 move sleeppowder\n>p1 move psyshock\n>p2 move quiverdance\n>p1 move psyshock\n>p2 move petaldance\n>p1 switch 3\n>p1 move bleakwindstorm\n>p2 move petaldance\n>p1 switch 4\n>p1 move bodypress\n>p2 move petaldance\n>p2 switch 3\n>p1 move irondefense\n>p2 move bulkup\n>p1 move bodypress\n>p2 move drainpunch\n>p1 move dracometeor\n>p2 move drainpunch\n>p1 switch 6\n>p1 switch 2\n>p2 move knockoff\n>p1 move poltergeist\n>p2 move liquidation\n>p1 switch 2\n>p1 move psychic\n>p2 move knockoff\n>p2 switch 6\n>p1 move psychic\n>p2 move thunderwave terastallize\n>p1 move focusblast terastallize\n>p2 move waterfall\n>forcelose p1", "uploadtime": 1782899728, "views": 2, "formatid": "gen9randombattle", "rating": 1987, "private": 0, "password": null, "player_dets": [{"name": "jsjsiis", "avatar": "265", "rating": 2018, "seed": "sodium,932712034551193a975b99d3449a4aee"}, {"name": "eheg", "avatar": "1", "rating": 1964, "seed": "sodium,95fd38195cbd59089db4cebe52f93959"}], "teams_full": [{"Duraludon": {"name": "Duraludon", "species": "Duraludon", "speciesId": "duraludon", "gender": "M", "shiny": false, "level": 82, "moves": ["bodypress", "dracometeor", "irondefense", "flashcannon"], "ability": "Light Metal", "evs": {"hp": 85, "atk": 0, "def": 85, "spa": 85, "spd": 85, "spe": 85}, "ivs": {"hp": 31, "atk": 0, "def": 31, "spa": 31, "spd": 31, "spe": 31}, "item": "Eviolite", "teraType": "Fighting", "role": "Bulky Attacker", "bvs": {"hp": 70, "atk": 95, "def": 115, "spa": 120, "spd": 50, "spe": 85}, "stats": {"hp": 249, "atk": 160, "def": 236, "spa": 244, "spd": 129, "spe": 187}, "types": ["Steel", "Dragon"]}, "Ceruledge": {"name": "Ceruledge", "species": "Ceruledge", "speciesId": "ceruledge", "gender": "F", "shiny": false, "level": 78, "moves": ["swordsdance", "closecombat", "poltergeist", "bitterblade"], "ability": "Weak Armor", "evs": {"hp": 85, "atk": 85, "def": 85, "spa": 85, "spd": 85, "spe": 85}, "ivs": {"hp": 31, "atk": 31, "def": 31, "spa": 31, "spd": 31, "spe": 31}, "item": "Heavy-Duty Boots", "teraType": "Ghost", "role": "Setup Sweeper", "bvs": {"hp": 75, "atk": 125, "def": 80, "spa": 60, "spd": 100, "spe": 85}, "stats": {"hp": 245, "atk": 240, "def": 170, "spa": 139, "spd": 201, "spe": 178}, "types": ["Fire", "Ghost"]}, "Tornadus": {"name": "Tornadus", "species": "Tornadus", "speciesId": "tornadus", "gender": "M", "shiny": false, "level": 82, "moves": ["grassknot", "nastyplot", "focusblast", "bleakwindstorm"], "ability": "Prankster", "evs": {"hp": 85, "atk": 0, "def": 85, "spa": 85, "spd": 85, "spe": 85}, "ivs": {"hp": 31, "atk": 0, "def": 31, "spa": 31, "spd": 31, "spe": 31}, "item": "Heavy-Duty Boots", "teraType": "Flying", "role": "Fast Attacker", "bvs": {"hp": 79, "atk": 115, "def": 70, "spa": 125, "spd": 80, "spe": 111}, "stats": {"hp": 264, "atk": 193, "def": 162, "spa": 252, "spd": 178, "spe": 229}, "types": ["Flying"]}, "Hoopa": {"name": "Hoopa", "species": "Hoopa-Unbound", "speciesId": "hoopaunbound", "gender": "N", "shiny": false, "level": 80, "moves": ["focusblast", "hyperspacefury", "psychic", "gunkshot"], "ability": "Magician", "evs": {"hp": 85, "atk": 85, "def": 85, "spa": 85, "spd": 85, "spe": 85}, "ivs": {"hp": 31, "atk": 31, "def": 31, "spa": 31, "spd": 31, "spe": 31}, "item": "Assault Vest", "teraType": "Fighting", "role": "Bulky Attacker", "bvs": {"hp": 80, "atk": 160, "def": 60, "spa": 170, "spd": 130, "spe": 80}, "stats": {"hp": 259, "atk": 302, "def": 142, "spa": 318, "spd": 254, "spe": 174}, "types": ["Psychic", "Dark"]}, "Grumpig": {"name": "Grumpig", "species": "Grumpig", "speciesId": "grumpig", "gender": "M", "shiny": false, "level": 92, "moves": ["shadowball", "earthpower", "psyshock", "focusblast"], "ability": "Thick Fat", "evs": {"hp": 85, "atk": 0, "def": 85, "spa": 85, "spd": 85, "spe": 85}, "ivs": {"hp": 31, "atk": 0, "def": 31, "spa": 31, "spd": 31, "spe": 31}, "item": "Choice Specs", "teraType": "Fighting", "role": "Bulky Attacker", "bvs": {"hp": 80, "atk": 45, "def": 65, "spa": 90, "spd": 110, "spe": 80}, "stats": {"hp": 297, "atk": 87, "def": 172, "spa": 218, "spd": 255, "spe": 200}, "types": ["Psychic"]}, "Swampert": {"name": "Swampert", "species": "Swampert", "speciesId": "swampert", "gender": "F", "shiny": false, "level": 83, "moves": ["stealthrock", "yawn", "earthquake", "flipturn"], "ability": "Torrent", "evs": {"hp": 85, "atk": 85, "def": 85, "spa": 85, "spd": 85, "spe": 85}, "ivs": {"hp": 31, "atk": 31, "def": 31, "spa": 31, "spd": 31, "spe": 31}, "item": "Leftovers", "teraType": "Poison", "role": "Bulky Support", "bvs": {"hp": 100, "atk": 110, "def": 90, "spa": 85, "spd": 90, "spe": 60}, "stats": {"hp": 302, "atk": 230, "def": 197, "spa": 189, "spd": 197, "spe": 147}, "types": ["Water", "Ground"]}}, {"Volbeat": {"name": "Volbeat", "species": "Volbeat", "speciesId": "volbeat", "gender": "M", "shiny": false, "level": 90, "moves": ["lunge", "thunderwave", "roost", "encore"], "ability": "Prankster", "evs": {"hp": 85, "atk": 85, "def": 85, "spa": 85, "spd": 85, "spe": 85}, "ivs": {"hp": 31, "atk": 31, "def": 31, "spa": 31, "spd": 31, "spe": 31}, "item": "Heavy-Duty Boots", "teraType": "Steel", "role": "Bulky Attacker", "bvs": {"hp": 65, "atk": 73, "def": 75, "spa": 47, "spd": 85, "spe": 85}, "stats": {"hp": 263, "atk": 183, "def": 186, "spa": 136, "spd": 204, "spe": 204}, "types": ["Bug"]}, "Lilligant": {"name": "Lilligant", "species": "Lilligant", "speciesId": "lilligant", "gender": "F", "shiny": false, "level": 86, "moves": ["quiverdance", "alluringvoice", "petaldance", "sleeppowder"], "ability": "Own Tempo", "evs": {"hp": 85, "atk": 0, "def": 85, "spa": 85, "spd": 85, "spe": 85}, "ivs": {"hp": 31, "atk": 0, "def": 31, "spa": 31, "spd": 31, "spe": 31}, "item": "Life Orb", "teraType": "Grass", "role": "Setup Sweeper", "bvs": {"hp": 70, "atk": 60, "def": 75, "spa": 110, "spd": 75, "spe": 90}, "stats": {"hp": 261, "atk": 108, "def": 178, "spa": 238, "spd": 178, "spe": 204}, "types": ["Grass"]}, "Qwilfish": {"name": "Qwilfish", "species": "Qwilfish", "speciesId": "qwilfish", "gender": "F", "shiny": false, "level": 86, "moves": ["waterfall", "gunkshot", "destinybond", "thunderwave"], "ability": "Intimidate", "evs": {"hp": 85, "atk": 85, "def": 85, "spa": 85, "spd": 85, "spe": 85}, "ivs": {"hp": 31, "atk": 31, "def": 31, "spa": 31, "spd": 31, "spe": 31}, "item": "Leftovers", "teraType": "Dark", "role": "Bulky Support", "bvs": {"hp": 65, "atk": 95, "def": 85, "spa": 55, "spd": 55, "spe": 85}, "stats": {"hp": 252, "atk": 213, "def": 195, "spa": 144, "spd": 144, "spe": 195}, "types": ["Water", "Poison"]}, "Sandaconda": {"name": "Sandaconda", "species": "Sandaconda", "speciesId": "sandaconda", "gender": "F", "shiny": false, "level": 84, "moves": ["glare", "stoneedge", "earthquake", "rest"], "ability": "Shed Skin", "evs": {"hp": 85, "atk": 85, "def": 85, "spa": 85, "spd": 85, "spe": 85}, "ivs": {"hp": 31, "atk": 31, "def": 31, "spa": 31, "spd": 31, "spe": 31}, "item": "Leftovers", "teraType": "Water", "role": "Bulky Attacker", "bvs": {"hp": 72, "atk": 107, "def": 125, "spa": 65, "spd": 70, "spe": 71}, "stats": {"hp": 258, "atk": 228, "def": 258, "spa": 157, "spd": 166, "spe": 167}, "types": ["Ground"]}, "Poliwrath": {"name": "Poliwrath", "species": "Poliwrath", "speciesId": "poliwrath", "gender": "F", "shiny": false, "level": 88, "moves": ["bulkup", "liquidation", "knockoff", "drainpunch"], "ability": "Water Absorb", "evs": {"hp": 85, "atk": 85, "def": 85, "spa": 85, "spd": 85, "spe": 85}, "ivs": {"hp": 31, "atk": 31, "def": 31, "spa": 31, "spd": 31, "spe": 31}, "item": "Leftovers", "teraType": "Fighting", "role": "Bulky Setup", "bvs": {"hp": 90, "atk": 95, "def": 95, "spa": 70, "spd": 90, "spe": 70}, "stats": {"hp": 302, "atk": 217, "def": 217, "spa": 173, "spd": 209, "spe": 173}, "types": ["Water", "Fighting"]}, "Espeon": {"name": "Espeon", "species": "Espeon", "speciesId": "espeon", "gender": "M", "shiny": false, "level": 84, "moves": ["psychic", "alluringvoice", "trick", "shadowball"], "ability": "Magic Bounce", "evs": {"hp": 85, "atk": 0, "def": 85, "spa": 85, "spd": 85, "spe": 85}, "ivs": {"hp": 31, "atk": 0, "def": 31, "spa": 31, "spd": 31, "spe": 31}, "item": "Choice Specs", "teraType": "Psychic", "role": "Fast Attacker", "bvs": {"hp": 65, "atk": 65, "def": 60, "spa": 130, "spd": 95, "spe": 110}, "stats": {"hp": 246, "atk": 114, "def": 149, "spa": 267, "spd": 208, "spe": 233}, "types": ["Psychic"]}}]}