{"id": "gen9randombattle-2642048870", "format": "[Gen 9] Random Battle", "players": ["testbotcif", "WakaDiorr"], "log": "|j|\u2606testbotcif\n|j|\u2606WakaDiorr\n|t:|1782879304\n|gametype|singles\n|player|p1|testbotcif|1|1363\n|player|p2|WakaDiorr|n|1364\n|gen|9\n|tier|[Gen 9] Random Battle\n|rated|\n|rule|Species Clause: Limit one of each Pok\u00e9mon\n|rule|HP Percentage Mod: HP is shown in percentages\n|rule|Sleep Clause Mod: Limit one foe put to sleep\n|rule|Illusion Level Mod: Illusion disguises the Pok\u00e9mon's true level\n|\n|t:|1782879304\n|teamsize|p1|6\n|teamsize|p2|6\n|start\n|switch|p1a: Bombirdier|Bombirdier, L85, F|258/258\n|switch|p2a: Hatterene|Hatterene, L85, F|236/236\n|turn|1\n|inactive|Battle timer is ON: inactive players will automatically lose when time's up. (requested by testbotcif)\n|c|\u2606testbotcif|rlhf\n|\n|t:|1782879317\n|move|p1a: Bombirdier|Knock Off|p2a: Hatterene\n|-damage|p2a: Hatterene|136/236\n|-enditem|p2a: Hatterene|Leftovers|[from] move: Knock Off|[of] p1a: Bombirdier\n|move|p2a: Hatterene|Draining Kiss|p1a: Bombirdier\n|-supereffective|p1a: Bombirdier\n|-damage|p1a: Bombirdier|120/258\n|-heal|p2a: Hatterene|236/236|[from] drain|[of] p1a: Bombirdier\n|\n|upkeep\n|turn|2\n|\n|t:|1782879325\n|move|p1a: Bombirdier|Brave Bird|p2a: Hatterene\n|-damage|p2a: Hatterene|97/236\n|-damage|p1a: Bombirdier|74/258|[from] Recoil\n|move|p2a: Hatterene|Draining Kiss|p1a: Bombirdier\n|-supereffective|p1a: Bombirdier\n|-damage|p1a: Bombirdier|0 fnt\n|-heal|p2a: Hatterene|153/236|[from] drain|[of] p1a: Bombirdier\n|faint|p1a: Bombirdier\n|\n|upkeep\n|\n|t:|1782879325\n|switch|p1a: Rotom|Rotom-Frost, L87|229/229\n|turn|3\n|\n|t:|1782879342\n|move|p1a: Rotom|Thunderbolt|p2a: Hatterene\n|-damage|p2a: Hatterene|53/236\n|move|p2a: Hatterene|Mystical Fire|p1a: Rotom\n|-supereffective|p1a: Rotom\n|-damage|p1a: Rotom|109/229\n|-unboost|p1a: Rotom|spa|1\n|\n|upkeep\n|turn|4\n|\n|t:|1782879349\n|move|p1a: Rotom|Thunderbolt|p2a: Hatterene\n|-damage|p2a: Hatterene|0 fnt\n|faint|p2a: Hatterene\n|\n|upkeep\n|\n|t:|1782879362\n|switch|p2a: Sceptile|Sceptile, L87, F|264/264\n|turn|5\n|\n|t:|1782879369\n|move|p2a: Sceptile|Focus Blast|p1a: Rotom\n|-supereffective|p1a: Rotom\n|-damage|p1a: Rotom|0 fnt\n|faint|p1a: Rotom\n|-damage|p2a: Sceptile|238/264|[from] item: Life Orb\n|\n|upkeep\n|\n|t:|1782879369\n|switch|p1a: Ninetales|Ninetales-Alola, L78, M|242/242\n|-weather|Snowscape|[from] ability: Snow Warning|[of] p1a: Ninetales\n|turn|6\n|\n|t:|1782879388\n|move|p2a: Sceptile|Shed Tail|p2a: Sceptile\n|-start|p2a: Sceptile|Substitute|[from] move: Shed Tail\n|-damage|p2a: Sceptile|106/264\n|\n|t:|1782879397\n|switch|p2a: Klefki|Klefki, L84, M|233/233|[from] Shed Tail\n|move|p1a: Ninetales|Nasty Plot|p1a: Ninetales\n|-boost|p1a: Ninetales|spa|2\n|\n|-weather|Snowscape|[upkeep]\n|upkeep\n|turn|7\n|\n|t:|1782879406\n|move|p2a: Klefki|Thunder Wave|p1a: Ninetales\n|-status|p1a: Ninetales|par\n|move|p1a: Ninetales|Aurora Veil|p1a: Ninetales\n|-sidestart|p1: testbotcif|move: Aurora Veil\n|\n|-weather|Snowscape|[upkeep]\n|upkeep\n|turn|8\n|\n|t:|1782879411\n|move|p2a: Klefki|Spikes|p1a: Ninetales\n|-sidestart|p1: testbotcif|Spikes\n|move|p1a: Ninetales|Nasty Plot|p1a: Ninetales\n|-boost|p1a: Ninetales|spa|2\n|\n|-weather|Snowscape|[upkeep]\n|upkeep\n|turn|9\n|\n|t:|1782879414\n|move|p2a: Klefki|Spikes|p1a: Ninetales\n|-sidestart|p1: testbotcif|Spikes\n|move|p1a: Ninetales|Blizzard|p2a: Klefki\n|-resisted|p2a: Klefki\n|-end|p2a: Klefki|Substitute\n|\n|-weather|Snowscape|[upkeep]\n|upkeep\n|turn|10\n|\n|t:|1782879417\n|move|p2a: Klefki|Spikes|p1a: Ninetales\n|-sidestart|p1: testbotcif|Spikes\n|move|p1a: Ninetales|Nasty Plot|p1a: Ninetales\n|-boost|p1a: Ninetales|spa|2\n|\n|-weather|none\n|upkeep\n|turn|11\n|\n|t:|1782879435\n|move|p2a: Klefki|Foul Play|p1a: Ninetales\n|-resisted|p1a: Ninetales\n|-damage|p1a: Ninetales|231/242 par\n|move|p1a: Ninetales|Blizzard|p2a: Klefki\n|-resisted|p2a: Klefki\n|-damage|p2a: Klefki|47/233\n|\n|-heal|p2a: Klefki|61/233|[from] item: Leftovers\n|upkeep\n|turn|12\n|\n|t:|1782879442\n|move|p2a: Klefki|Dazzling Gleam|p1a: Ninetales\n|-damage|p1a: Ninetales|194/242 par\n|move|p1a: Ninetales|Blizzard|p2a: Klefki\n|-resisted|p2a: Klefki\n|-damage|p2a: Klefki|0 fnt\n|faint|p2a: Klefki\n|\n|upkeep\n|\n|t:|1782879452\n|switch|p2a: Sceptile|Sceptile, L87, F|106/264\n|turn|13\n|\n|t:|1782879457\n|move|p2a: Sceptile|Leaf Storm|p1a: Ninetales\n|-damage|p1a: Ninetales|100/242 par\n|-unboost|p2a: Sceptile|spa|2\n|-damage|p2a: Sceptile|80/264|[from] item: Life Orb\n|cant|p1a: Ninetales|par\n|\n|upkeep\n|turn|14\n|\n|t:|1782879465\n|move|p2a: Sceptile|Earthquake|p1a: Ninetales\n|-damage|p1a: Ninetales|43/242 par\n|-damage|p2a: Sceptile|54/264|[from] item: Life Orb\n|move|p1a: Ninetales|Blizzard|p2a: Sceptile\n|-supereffective|p2a: Sceptile\n|-damage|p2a: Sceptile|0 fnt\n|faint|p2a: Sceptile\n|\n|-sideend|p1: testbotcif|move: Aurora Veil\n|upkeep\n|\n|t:|1782879471\n|switch|p2a: Floatzel|Floatzel, L86, F|286/286\n|turn|15\n|\n|t:|1782879478\n|move|p2a: Floatzel|Wave Crash|p1a: Ninetales\n|-damage|p1a: Ninetales|0 fnt\n|faint|p1a: Ninetales\n|-damage|p2a: Floatzel|272/286|[from] Recoil\n|\n|upkeep\n|\n|t:|1782879479\n|switch|p1a: Duraludon|Duraludon, L82, F|249/249\n|-damage|p1a: Duraludon|187/249|[from] Spikes\n|turn|16\n|\n|t:|1782879490\n|switch|p2a: Plusle|Plusle, L95, M|268/268\n|move|p1a: Duraludon|Draco Meteor|p2a: Plusle\n|-damage|p2a: Plusle|123/268\n|-unboost|p1a: Duraludon|spa|2\n|\n|upkeep\n|turn|17\n|\n|t:|1782879496\n|move|p2a: Plusle|Nasty Plot|p2a: Plusle\n|-boost|p2a: Plusle|spa|2\n|move|p1a: Duraludon|Dragon Tail|p2a: Plusle\n|-damage|p2a: Plusle|41/268\n|drag|p2a: Floatzel|Floatzel, L86, F|272/286\n|\n|upkeep\n|turn|18\n|\n|t:|1782879504\n|move|p2a: Floatzel|Crunch|p1a: Duraludon\n|-damage|p1a: Duraludon|135/249\n|move|p1a: Duraludon|Dragon Tail|p2a: Floatzel\n|-damage|p2a: Floatzel|188/286\n|drag|p2a: Plusle|Plusle, L95, M|41/268\n|\n|upkeep\n|turn|19\n|\n|t:|1782879512\n|move|p2a: Plusle|Alluring Voice|p1a: Duraludon\n|-damage|p1a: Duraludon|52/249\n|-damage|p2a: Plusle|15/268|[from] item: Life Orb\n|move|p1a: Duraludon|Dragon Tail|p2a: Plusle\n|-damage|p2a: Plusle|0 fnt\n|faint|p2a: Plusle\n|\n|upkeep\n|\n|t:|1782879520\n|switch|p2a: Samurott|Samurott, L88, F|310/310\n|turn|20\n|\n|t:|1782879528\n|move|p2a: Samurott|Knock Off|p1a: Duraludon\n|-damage|p1a: Duraludon|8/249\n|-enditem|p1a: Duraludon|Eviolite|[from] move: Knock Off|[of] p2a: Samurott\n|move|p1a: Duraludon|Dragon Tail|p2a: Samurott|[miss]\n|-miss|p1a: Duraludon|p2a: Samurott\n|\n|upkeep\n|turn|21\n|\n|t:|1782879534\n|move|p2a: Samurott|Ice Beam|p1a: Duraludon\n|-damage|p1a: Duraludon|0 fnt\n|faint|p1a: Duraludon\n|\n|upkeep\n|\n|t:|1782879534\n|switch|p1a: Roaring Moon|Roaring Moon, L72|270/270\n|-damage|p1a: Roaring Moon|203/270|[from] Spikes\n|turn|22\n|\n|t:|1782879541\n|move|p1a: Roaring Moon|Dragon Dance|p1a: Roaring Moon\n|-boost|p1a: Roaring Moon|atk|1\n|-boost|p1a: Roaring Moon|spe|1\n|move|p2a: Samurott|Ice Beam|p1a: Roaring Moon\n|-supereffective|p1a: Roaring Moon\n|-damage|p1a: Roaring Moon|55/270\n|\n|upkeep\n|turn|23\n|\n|t:|1782879547\n|move|p1a: Roaring Moon|Outrage|p2a: Samurott\n|-damage|p2a: Samurott|115/310\n|move|p2a: Samurott|Ice Beam|p1a: Roaring Moon\n|-supereffective|p1a: Roaring Moon\n|-damage|p1a: Roaring Moon|0 fnt\n|faint|p1a: Roaring Moon\n|-end|p1a: Roaring Moon|Protosynthesis|[silent]\n|\n|upkeep\n|\n|t:|1782879547\n|switch|p1a: Torterra|Torterra, L78, F|276/276\n|-damage|p1a: Torterra|207/276|[from] Spikes\n|turn|24\n|\n|t:|1782879556\n|-terastallize|p1a: Torterra|Grass\n|move|p2a: Samurott|Ice Beam|p1a: Torterra\n|-supereffective|p1a: Torterra\n|-damage|p1a: Torterra|41/276\n|move|p1a: Torterra|Shell Smash|p1a: Torterra\n|-unboost|p1a: Torterra|def|1\n|-unboost|p1a: Torterra|spd|1\n|-boost|p1a: Torterra|atk|2\n|-boost|p1a: Torterra|spa|2\n|-boost|p1a: Torterra|spe|2\n|\n|upkeep\n|turn|25\n|\n|t:|1782879565\n|-terastallize|p2a: Samurott|Grass\n|move|p1a: Torterra|Bullet Seed|p2a: Samurott\n|-resisted|p2a: Samurott\n|-damage|p2a: Samurott|69/310\n|-resisted|p2a: Samurott\n|-damage|p2a: Samurott|19/310\n|-resisted|p2a: Samurott\n|-damage|p2a: Samurott|0 fnt\n|faint|p2a: Samurott\n|-hitcount|p2: Samurott|3\n|\n|upkeep\n|\n|t:|1782879570\n|switch|p2a: Floatzel|Floatzel, L86, F|188/286\n|turn|26\n|\n|t:|1782879579\n|move|p1a: Torterra|Bullet Seed|p2a: Floatzel\n|-supereffective|p2a: Floatzel\n|-damage|p2a: Floatzel|0 fnt\n|faint|p2a: Floatzel\n|-hitcount|p2: Floatzel|1\n|\n|win|testbotcif\n|raw|testbotcif's rating: 1363 &rarr; <strong>1383</strong><br />(+20 for winning)\n|raw|WakaDiorr's rating: 1364 &rarr; <strong>1344</strong><br />(-20 for losing)\n", "inputlog": ">version f8ac14003a5f27e1bdc8d8c59608a773c1cb96e5\n>start {\"formatid\":\"gen9randombattle\",\"seed\":\"sodium,64a495764a6c2422992fbbcbebcfacb2\",\"rated\":\"Rated battle\"}\n>player p1 {\"name\":\"testbotcif\",\"avatar\":\"1\",\"rating\":1363,\"seed\":\"sodium,0a4d8193539096038703b5f49b27efc6\"}\n>player p2 {\"name\":\"WakaDiorr\",\"avatar\":\"n\",\"rating\":1364,\"seed\":\"sodium,cf5f943ba53e9710dd3bb5e0e7af3795\"}\n>chat \u2606testbotcif|rlhf\n>p1 move knockoff\n>p2 move drainingkiss\n>p1 move bravebird\n>p2 move drainingkiss\n>p1 switch 2\n>p1 move thunderbolt\n>p2 move mysticalfire\n>p1 move thunderbolt\n>p2 move mysticalfire\n>p2 switch 5\n>p1 move blizzard\n>p2 move focusblast\n>p1 switch 5\n>p1 move nastyplot\n>p2 move shedtail\n>p2 switch 2\n>p1 move auroraveil\n>p2 move thunderwave\n>p1 move nastyplot\n>p2 move spikes\n>p1 move blizzard\n>p2 move spikes\n>p1 move nastyplot\n>p2 move spikes\n>p1 move blizzard\n>p2 move foulplay\n>p1 move blizzard\n>p2 move dazzlinggleam\n>p2 switch 2\n>p1 move blizzard\n>p2 move leafstorm\n>p1 move blizzard\n>p2 move earthquake\n>p2 switch 3\n>p1 move moonblast\n>p2 move wavecrash\n>p1 switch 4\n>p1 move dracometeor\n>p2 switch 6\n>p1 move dragontail\n>p2 move nastyplot\n>p1 move dragontail\n>p2 move crunch\n>p1 move dragontail\n>p2 move alluringvoice\n>p2 switch 4\n>p1 move dragontail\n>p2 move knockoff\n>p1 move dragontail\n>p2 move icebeam\n>p1 switch 3\n>p1 move dragondance\n>p2 move icebeam\n>p1 move outrage\n>p2 move icebeam\n>p1 switch 6\n>p1 move shellsmash terastallize\n>p2 move icebeam\n>p1 move bulletseed\n>p2 move icebeam terastallize\n>p2 switch 6\n>p1 move bulletseed\n>p2 move icespinner", "uploadtime": 1782879579, "views": 4, "formatid": "gen9randombattle", "rating": 1344, "private": 0, "password": null, "player_dets": [{"name": "testbotcif", "avatar": "1", "rating": 1363, "seed": "sodium,0a4d8193539096038703b5f49b27efc6"}, {"name": "WakaDiorr", "avatar": "n", "rating": 1364, "seed": "sodium,cf5f943ba53e9710dd3bb5e0e7af3795"}], "teams_full": [{"Bombirdier": {"name": "Bombirdier", "species": "Bombirdier", "speciesId": "bombirdier", "gender": "F", "shiny": false, "level": 85, "moves": ["roost", "bravebird", "stoneedge", "knockoff"], "ability": "Rocky Payload", "evs": {"hp": 85, "atk": 85, "def": 85, "spa": 85, "spd": 85, "spe": 85}, "ivs": {"hp": 31, "atk": 31, "def": 31, "spa": 31, "spd": 31, "spe": 31}, "item": "Heavy-Duty Boots", "teraType": "Rock", "role": "Fast Attacker", "bvs": {"hp": 70, "atk": 103, "def": 85, "spa": 60, "spd": 85, "spe": 82}, "stats": {"hp": 258, "atk": 224, "def": 193, "spa": 151, "spd": 193, "spe": 188}, "types": ["Flying", "Dark"]}, "Rotom": {"name": "Rotom", "species": "Rotom-Frost", "speciesId": "rotomfrost", "gender": "N", "shiny": false, "level": 87, "moves": ["blizzard", "willowisp", "voltswitch", "thunderbolt"], "ability": "Levitate", "evs": {"hp": 85, "atk": 0, "def": 85, "spa": 85, "spd": 85, "spe": 85}, "ivs": {"hp": 31, "atk": 0, "def": 31, "spa": 31, "spd": 31, "spe": 31}, "item": "Heavy-Duty Boots", "teraType": "Electric", "role": "Fast Attacker", "bvs": {"hp": 50, "atk": 65, "def": 107, "spa": 105, "spd": 107, "spe": 86}, "stats": {"hp": 229, "atk": 118, "def": 236, "spa": 232, "spd": 236, "spe": 199}, "types": ["Electric", "Ice"]}, "Roaring Moon": {"name": "Roaring Moon", "species": "Roaring Moon", "speciesId": "roaringmoon", "gender": "N", "shiny": false, "level": 72, "moves": ["knockoff", "outrage", "dragondance", "roost"], "ability": "Protosynthesis", "evs": {"hp": 85, "atk": 85, "def": 85, "spa": 85, "spd": 85, "spe": 85}, "ivs": {"hp": 31, "atk": 31, "def": 31, "spa": 31, "spd": 31, "spe": 31}, "item": "Lum Berry", "teraType": "Dragon", "role": "Setup Sweeper", "bvs": {"hp": 105, "atk": 139, "def": 71, "spa": 55, "spd": 101, "spe": 119}, "stats": {"hp": 270, "atk": 242, "def": 144, "spa": 121, "spd": 187, "spe": 213}, "types": ["Dragon", "Dark"]}, "Duraludon": {"name": "Duraludon", "species": "Duraludon", "speciesId": "duraludon", "gender": "F", "shiny": false, "level": 82, "moves": ["flashcannon", "bodypress", "dracometeor", "dragontail"], "ability": "Light Metal", "evs": {"hp": 85, "atk": 85, "def": 85, "spa": 85, "spd": 85, "spe": 85}, "ivs": {"hp": 31, "atk": 31, "def": 31, "spa": 31, "spd": 31, "spe": 31}, "item": "Eviolite", "teraType": "Fighting", "role": "Bulky Attacker", "bvs": {"hp": 70, "atk": 95, "def": 115, "spa": 120, "spd": 50, "spe": 85}, "stats": {"hp": 249, "atk": 203, "def": 236, "spa": 244, "spd": 129, "spe": 187}, "types": ["Steel", "Dragon"]}, "Ninetales": {"name": "Ninetales", "species": "Ninetales-Alola", "speciesId": "ninetalesalola", "gender": "M", "shiny": false, "level": 78, "moves": ["blizzard", "nastyplot", "auroraveil", "moonblast"], "ability": "Snow Warning", "evs": {"hp": 85, "atk": 0, "def": 85, "spa": 85, "spd": 85, "spe": 85}, "ivs": {"hp": 31, "atk": 0, "def": 31, "spa": 31, "spd": 31, "spe": 31}, "item": "Light Clay", "teraType": "Water", "role": "Fast Support", "bvs": {"hp": 73, "atk": 67, "def": 75, "spa": 81, "spd": 100, "spe": 109}, "stats": {"hp": 242, "atk": 109, "def": 162, "spa": 171, "spd": 201, "spe": 215}, "types": ["Ice", "Fairy"]}, "Torterra": {"name": "Torterra", "species": "Torterra", "speciesId": "torterra", "gender": "F", "shiny": false, "level": 78, "moves": ["rockblast", "headlongrush", "bulletseed", "shellsmash"], "ability": "Overgrow", "evs": {"hp": 85, "atk": 85, "def": 85, "spa": 85, "spd": 85, "spe": 85}, "ivs": {"hp": 31, "atk": 31, "def": 31, "spa": 31, "spd": 31, "spe": 31}, "item": "Loaded Dice", "teraType": "Grass", "role": "Setup Sweeper", "bvs": {"hp": 95, "atk": 109, "def": 105, "spa": 75, "spd": 85, "spe": 56}, "stats": {"hp": 276, "atk": 215, "def": 209, "spa": 162, "spd": 178, "spe": 132}, "types": ["Grass", "Ground"]}}, {"Hatterene": {"name": "Hatterene", "species": "Hatterene", "speciesId": "hatterene", "gender": "F", "shiny": false, "level": 85, "moves": ["drainingkiss", "psychic", "calmmind", "mysticalfire"], "ability": "Magic Bounce", "evs": {"hp": 85, "atk": 0, "def": 85, "spa": 85, "spd": 85, "spe": 85}, "ivs": {"hp": 31, "atk": 0, "def": 31, "spa": 31, "spd": 31, "spe": 31}, "item": "Leftovers", "teraType": "Fairy", "role": "Bulky Setup", "bvs": {"hp": 57, "atk": 90, "def": 95, "spa": 136, "spd": 103, "spe": 29}, "stats": {"hp": 236, "atk": 158, "def": 210, "spa": 280, "spd": 224, "spe": 98}, "types": ["Psychic", "Fairy"]}, "Klefki": {"name": "Klefki", "species": "Klefki", "speciesId": "klefki", "gender": "M", "shiny": false, "level": 84, "moves": ["spikes", "thunderwave", "foulplay", "dazzlinggleam"], "ability": "Prankster", "evs": {"hp": 85, "atk": 0, "def": 85, "spa": 85, "spd": 85, "spe": 85}, "ivs": {"hp": 31, "atk": 0, "def": 31, "spa": 31, "spd": 31, "spe": 31}, "item": "Leftovers", "teraType": "Flying", "role": "Bulky Attacker", "bvs": {"hp": 57, "atk": 80, "def": 91, "spa": 80, "spd": 87, "spe": 75}, "stats": {"hp": 233, "atk": 139, "def": 201, "spa": 183, "spd": 194, "spe": 174}, "types": ["Steel", "Fairy"]}, "Floatzel": {"name": "Floatzel", "species": "Floatzel", "speciesId": "floatzel", "gender": "F", "shiny": false, "level": 86, "moves": ["crunch", "wavecrash", "flipturn", "icespinner"], "ability": "Water Veil", "evs": {"hp": 85, "atk": 85, "def": 85, "spa": 85, "spd": 85, "spe": 85}, "ivs": {"hp": 31, "atk": 31, "def": 31, "spa": 31, "spd": 31, "spe": 31}, "item": "Choice Band", "teraType": "Water", "role": "Wallbreaker", "bvs": {"hp": 85, "atk": 105, "def": 55, "spa": 85, "spd": 50, "spe": 115}, "stats": {"hp": 286, "atk": 230, "def": 144, "spa": 195, "spd": 135, "spe": 247}, "types": ["Water"]}, "Samurott": {"name": "Samurott", "species": "Samurott", "speciesId": "samurott", "gender": "F", "shiny": false, "level": 88, "moves": ["hydropump", "grassknot", "icebeam", "knockoff"], "ability": "Torrent", "evs": {"hp": 85, "atk": 85, "def": 85, "spa": 85, "spd": 85, "spe": 85}, "ivs": {"hp": 31, "atk": 31, "def": 31, "spa": 31, "spd": 31, "spe": 31}, "item": "Assault Vest", "teraType": "Grass", "role": "AV Pivot", "bvs": {"hp": 95, "atk": 100, "def": 85, "spa": 108, "spd": 70, "spe": 70}, "stats": {"hp": 310, "atk": 226, "def": 200, "spa": 240, "spd": 173, "spe": 173}, "types": ["Water"]}, "Sceptile": {"name": "Sceptile", "species": "Sceptile", "speciesId": "sceptile", "gender": "F", "shiny": false, "level": 87, "moves": ["earthquake", "focusblast", "shedtail", "leafstorm"], "ability": "Overgrow", "evs": {"hp": 85, "atk": 85, "def": 85, "spa": 85, "spd": 85, "spe": 85}, "ivs": {"hp": 31, "atk": 31, "def": 31, "spa": 31, "spd": 31, "spe": 31}, "item": "Life Orb", "teraType": "Ground", "role": "Fast Attacker", "bvs": {"hp": 70, "atk": 85, "def": 65, "spa": 105, "spd": 85, "spe": 120}, "stats": {"hp": 264, "atk": 198, "def": 163, "spa": 232, "spd": 198, "spe": 259}, "types": ["Grass"]}, "Plusle": {"name": "Plusle", "species": "Plusle", "speciesId": "plusle", "gender": "M", "shiny": false, "level": 95, "moves": ["thunderbolt", "alluringvoice", "nastyplot", "grassknot"], "ability": "Lightning Rod", "evs": {"hp": 85, "atk": 0, "def": 85, "spa": 85, "spd": 85, "spe": 85}, "ivs": {"hp": 31, "atk": 0, "def": 31, "spa": 31, "spd": 31, "spe": 31}, "item": "Life Orb", "teraType": "Grass", "role": "Setup Sweeper", "bvs": {"hp": 60, "atk": 50, "def": 40, "spa": 85, "spd": 75, "spe": 95}, "stats": {"hp": 268, "atk": 100, "def": 130, "spa": 215, "spd": 196, "spe": 234}, "types": ["Electric"]}}]}