{"id": "gen9randombattle-2642021686", "format": "[Gen 9] Random Battle", "players": ["meisterschwartz", "eyyyy95"], "log": "|j|\u2606meisterschwartz\n|j|\u2606eyyyy95\n|t:|1782874629\n|gametype|singles\n|player|p1|meisterschwartz|170|1584\n|player|p2|eyyyy95|169|1614\n|gen|9\n|tier|[Gen 9] Random Battle\n|rated|\n|rule|Species Clause: Limit one of each Pok\u00e9mon\n|rule|HP Percentage Mod: HP is shown in percentages\n|rule|Sleep Clause Mod: Limit one foe put to sleep\n|rule|Illusion Level Mod: Illusion disguises the Pok\u00e9mon's true level\n|\n|t:|1782874629\n|teamsize|p1|6\n|teamsize|p2|6\n|start\n|switch|p1a: Flamigo|Flamigo, L82, M|269/269\n|switch|p2a: Umbreon|Umbreon, L84, M|297/297\n|turn|1\n|inactive|Battle timer is ON: inactive players will automatically lose when time's up. (requested by eyyyy95)\n|\n|t:|1782874645\n|switch|p2a: Dipplin|Dipplin, L88, M|284/284\n|move|p1a: Flamigo|U-turn|p2a: Dipplin\n|-supereffective|p2a: Dipplin\n|-damage|p2a: Dipplin|196/284\n|\n|t:|1782874656\n|switch|p1a: Toxapex|Toxapex, L82, F|216/216|[from] U-turn\n|\n|upkeep\n|turn|2\n|\n|t:|1782874679\n|move|p2a: Dipplin|Giga Drain|p1a: Toxapex\n|-damage|p1a: Toxapex|156/216\n|-heal|p2a: Dipplin|226/284|[from] drain|[of] p1a: Toxapex\n|move|p1a: Toxapex|Toxic Spikes|p2a: Dipplin\n|-sidestart|p2: eyyyy95|move: Toxic Spikes\n|\n|-heal|p1a: Toxapex|169/216|[from] item: Leftovers\n|upkeep\n|turn|3\n|\n|t:|1782874693\n|move|p2a: Dipplin|Giga Drain|p1a: Toxapex\n|-damage|p1a: Toxapex|108/216\n|-heal|p2a: Dipplin|257/284|[from] drain|[of] p1a: Toxapex\n|move|p1a: Toxapex|Toxic Spikes|p2a: Dipplin\n|-sidestart|p2: eyyyy95|move: Toxic Spikes\n|\n|-heal|p1a: Toxapex|121/216|[from] item: Leftovers\n|upkeep\n|turn|4\n|inactive|eyyyy95 has 120 seconds left.\n|\n|t:|1782874724\n|switch|p1a: Flamigo|Flamigo, L82, M|269/269\n|move|p2a: Dipplin|Giga Drain|p1a: Flamigo\n|-resisted|p1a: Flamigo\n|-damage|p1a: Flamigo|209/269\n|-heal|p2a: Dipplin|284/284|[from] drain|[of] p1a: Flamigo\n|\n|upkeep\n|turn|5\n|\n|t:|1782874747\n|switch|p2a: Delphox|Delphox, L84, F|263/263\n|-status|p2a: Delphox|tox\n|move|p1a: Flamigo|U-turn|p2a: Delphox\n|-damage|p2a: Delphox|167/263 tox\n|\n|t:|1782874757\n|switch|p1a: Azelf|Azelf, L82|257/257|[from] U-turn\n|\n|-damage|p2a: Delphox|151/263 tox|[from] psn\n|upkeep\n|turn|6\n|inactive|eyyyy95 has 90 seconds left.\n|\n|t:|1782874787\n|move|p1a: Azelf|Knock Off|p2a: Delphox\n|-supereffective|p2a: Delphox\n|-damage|p2a: Delphox|0 fnt\n|-enditem|p2a: Delphox|Choice Specs|[from] move: Knock Off|[of] p1a: Azelf\n|faint|p2a: Delphox\n|\n|upkeep\n|\n|t:|1782874792\n|switch|p2a: Cinderace|Cinderace, L77, F|249/249\n|turn|7\n|\n|t:|1782874797\n|move|p1a: Azelf|Psychic|p2a: Cinderace\n|-damage|p2a: Cinderace|104/249\n|move|p2a: Cinderace|Court Change|p2a: Cinderace\n|-start|p2a: Cinderace|typechange|Normal|[from] ability: Libero\n|-swapsideconditions\n|-activate|p2a: Cinderace|move: Court Change\n|\n|upkeep\n|turn|8\n|inactive|eyyyy95 has 90 seconds left.\n|\n|t:|1782874835\n|switch|p2a: Umbreon|Umbreon, L84, M|297/297\n|move|p1a: Azelf|Knock Off|p2a: Umbreon\n|-resisted|p2a: Umbreon\n|-damage|p2a: Umbreon|264/297\n|-enditem|p2a: Umbreon|Leftovers|[from] move: Knock Off|[of] p1a: Azelf\n|\n|upkeep\n|turn|9\n|\n|t:|1782874846\n|switch|p1a: Toxapex|Toxapex, L82, F|193/216\n|-sideend|p1: meisterschwartz|move: Toxic Spikes|[of] p1a: Toxapex\n|move|p2a: Umbreon|Foul Play|p1a: Toxapex\n|-damage|p1a: Toxapex|148/216\n|\n|-heal|p1a: Toxapex|161/216|[from] item: Leftovers\n|upkeep\n|turn|10\n|inactive|eyyyy95 has 60 seconds left.\n|\n|t:|1782874873\n|move|p2a: Umbreon|Wish|p2a: Umbreon\n|move|p1a: Toxapex|Toxic Spikes|p2a: Umbreon\n|-sidestart|p2: eyyyy95|move: Toxic Spikes\n|\n|-heal|p1a: Toxapex|174/216|[from] item: Leftovers\n|upkeep\n|turn|11\n|inactive|eyyyy95 has 60 seconds left.\n|\n|t:|1782874886\n|switch|p2a: Cinderace|Cinderace, L77, F|104/249\n|move|p1a: Toxapex|Liquidation|p2a: Cinderace\n|-supereffective|p2a: Cinderace\n|-damage|p2a: Cinderace|0 fnt\n|faint|p2a: Cinderace\n|\n|-heal|p1a: Toxapex|187/216|[from] item: Leftovers\n|upkeep\n|inactive|eyyyy95 has 60 seconds left.\n|-message|eyyyy95 forfeited.\n|\n|win|meisterschwartz\n|raw|meisterschwartz's rating: 1584 &rarr; <strong>1606</strong><br />(+22 for winning)\n|raw|eyyyy95's rating: 1614 &rarr; <strong>1592</strong><br />(-22 for losing)\n|l|\u2606eyyyy95\n|player|p2|\n", "inputlog": ">version f8ac14003a5f27e1bdc8d8c59608a773c1cb96e5\n>start {\"formatid\":\"gen9randombattle\",\"seed\":\"sodium,5e1a5e313e6d3b624fadd76d28b715a6\",\"rated\":\"Rated battle\"}\n>player p1 {\"name\":\"meisterschwartz\",\"avatar\":\"170\",\"rating\":1584,\"seed\":\"sodium,baf08381c4379a70ac7ae53c0b806d53\"}\n>player p2 {\"name\":\"eyyyy95\",\"avatar\":\"169\",\"rating\":1614,\"seed\":\"sodium,34a9817d4851f4a2ac0c42f0ee488bf5\"}\n>p1 move uturn\n>p2 switch 5\n>p1 switch 4\n>p1 move toxicspikes\n>p2 move gigadrain\n>p1 move toxicspikes\n>p2 move gigadrain\n>p1 switch 4\n>p2 move gigadrain\n>p1 move uturn\n>p2 switch 3\n>p1 switch 6\n>p1 move knockoff\n>p2 move fireblast\n>p2 switch 2\n>p1 move psychic\n>p2 move courtchange\n>p1 move knockoff\n>p2 switch 5\n>p1 switch 4\n>p2 move foulplay\n>p1 move toxicspikes\n>p2 move wish\n>p1 move liquidation\n>p2 switch 5\n>forcelose p2", "uploadtime": 1782875002, "views": 4, "formatid": "gen9randombattle", "rating": 1592, "private": 0, "password": null, "player_dets": [{"name": "meisterschwartz", "avatar": "170", "rating": 1584, "seed": "sodium,baf08381c4379a70ac7ae53c0b806d53"}, {"name": "eyyyy95", "avatar": "169", "rating": 1614, "seed": "sodium,34a9817d4851f4a2ac0c42f0ee488bf5"}], "teams_full": [{"Flamigo": {"name": "Flamigo", "species": "Flamigo", "speciesId": "flamigo", "gender": "M", "shiny": false, "level": 82, "moves": ["uturn", "closecombat", "bravebird", "throatchop"], "ability": "Scrappy", "evs": {"hp": 85, "atk": 85, "def": 85, "spa": 85, "spd": 85, "spe": 85}, "ivs": {"hp": 31, "atk": 31, "def": 31, "spa": 31, "spd": 31, "spe": 31}, "item": "Choice Band", "teraType": "Fighting", "role": "Fast Attacker", "bvs": {"hp": 82, "atk": 115, "def": 74, "spa": 75, "spd": 64, "spe": 90}, "stats": {"hp": 269, "atk": 236, "def": 169, "spa": 170, "spd": 152, "spe": 195}, "types": ["Flying", "Fighting"]}, "Chesnaught": {"name": "Chesnaught", "species": "Chesnaught", "speciesId": "chesnaught", "gender": "F", "shiny": false, "level": 84, "moves": ["trailblaze", "synthesis", "irondefense", "bodypress"], "ability": "Bulletproof", "evs": {"hp": 85, "atk": 85, "def": 85, "spa": 85, "spd": 85, "spe": 85}, "ivs": {"hp": 31, "atk": 31, "def": 31, "spa": 31, "spd": 31, "spe": 31}, "item": "Leftovers", "teraType": "Steel", "role": "Fast Bulky Setup", "bvs": {"hp": 88, "atk": 107, "def": 122, "spa": 74, "spd": 75, "spe": 64}, "stats": {"hp": 285, "atk": 228, "def": 253, "spa": 173, "spd": 174, "spe": 156}, "types": ["Grass", "Fighting"]}, "Masquerain": {"name": "Masquerain", "species": "Masquerain", "speciesId": "masquerain", "gender": "F", "shiny": false, "level": 87, "moves": ["bugbuzz", "quiverdance", "hurricane", "hydropump"], "ability": "Intimidate", "evs": {"hp": 85, "atk": 0, "def": 85, "spa": 85, "spd": 85, "spe": 85}, "ivs": {"hp": 31, "atk": 0, "def": 31, "spa": 31, "spd": 31, "spe": 31}, "item": "Heavy-Duty Boots", "teraType": "Water", "role": "Setup Sweeper", "bvs": {"hp": 70, "atk": 60, "def": 62, "spa": 100, "spd": 82, "spe": 80}, "stats": {"hp": 264, "atk": 109, "def": 158, "spa": 224, "spd": 192, "spe": 189}, "types": ["Bug", "Flying"]}, "Toxapex": {"name": "Toxapex", "species": "Toxapex", "speciesId": "toxapex", "gender": "F", "shiny": false, "level": 82, "moves": ["liquidation", "toxicspikes", "recover", "haze"], "ability": "Regenerator", "evs": {"hp": 85, "atk": 85, "def": 85, "spa": 85, "spd": 85, "spe": 85}, "ivs": {"hp": 31, "atk": 31, "def": 31, "spa": 31, "spd": 31, "spe": 31}, "item": "Leftovers", "teraType": "Grass", "role": "Bulky Support", "bvs": {"hp": 50, "atk": 63, "def": 152, "spa": 53, "spd": 142, "spe": 35}, "stats": {"hp": 216, "atk": 150, "def": 296, "spa": 134, "spd": 280, "spe": 105}, "types": ["Poison", "Water"]}, "Orthworm": {"name": "Orthworm", "species": "Orthworm", "speciesId": "orthworm", "gender": "F", "shiny": false, "level": 88, "moves": ["heavyslam", "bodypress", "stealthrock", "shedtail"], "ability": "Earth Eater", "evs": {"hp": 85, "atk": 85, "def": 85, "spa": 85, "spd": 85, "spe": 85}, "ivs": {"hp": 31, "atk": 31, "def": 31, "spa": 31, "spd": 31, "spe": 31}, "item": "Leftovers", "teraType": "Fighting", "role": "Bulky Attacker", "bvs": {"hp": 70, "atk": 85, "def": 145, "spa": 60, "spd": 55, "spe": 65}, "stats": {"hp": 266, "atk": 200, "def": 305, "spa": 156, "spd": 147, "spe": 165}, "types": ["Steel"]}, "Azelf": {"name": "Azelf", "species": "Azelf", "speciesId": "azelf", "gender": "N", "shiny": false, "level": 82, "moves": ["fireblast", "knockoff", "psychic", "explosion"], "ability": "Levitate", "evs": {"hp": 85, "atk": 85, "def": 85, "spa": 85, "spd": 85, "spe": 85}, "ivs": {"hp": 31, "atk": 31, "def": 31, "spa": 31, "spd": 31, "spe": 31}, "item": "Assault Vest", "teraType": "Fire", "role": "Fast Support", "bvs": {"hp": 75, "atk": 125, "def": 70, "spa": 125, "spd": 70, "spe": 115}, "stats": {"hp": 257, "atk": 252, "def": 162, "spa": 252, "spd": 162, "spe": 236}, "types": ["Psychic"]}}, {"Umbreon": {"name": "Umbreon", "species": "Umbreon", "speciesId": "umbreon", "gender": "M", "shiny": false, "level": 84, "moves": ["wish", "toxic", "foulplay", "protect"], "ability": "Synchronize", "evs": {"hp": 85, "atk": 0, "def": 85, "spa": 85, "spd": 85, "spe": 85}, "ivs": {"hp": 31, "atk": 0, "def": 31, "spa": 31, "spd": 31, "spe": 31}, "item": "Leftovers", "teraType": "Poison", "role": "Bulky Support", "bvs": {"hp": 95, "atk": 65, "def": 110, "spa": 60, "spd": 130, "spe": 65}, "stats": {"hp": 297, "atk": 114, "def": 233, "spa": 149, "spd": 267, "spe": 157}, "types": ["Dark"]}, "Cinderace": {"name": "Cinderace", "species": "Cinderace", "speciesId": "cinderace", "gender": "F", "shiny": false, "level": 77, "moves": ["highjumpkick", "courtchange", "pyroball", "gunkshot"], "ability": "Libero", "evs": {"hp": 81, "atk": 85, "def": 85, "spa": 85, "spd": 85, "spe": 85}, "ivs": {"hp": 31, "atk": 31, "def": 31, "spa": 31, "spd": 31, "spe": 31}, "item": "Heavy-Duty Boots", "teraType": "Fighting", "role": "Fast Attacker", "bvs": {"hp": 80, "atk": 116, "def": 75, "spa": 65, "spd": 75, "spe": 119}, "stats": {"hp": 249, "atk": 223, "def": 160, "spa": 145, "spd": 160, "spe": 228}, "types": ["Fire"]}, "Delphox": {"name": "Delphox", "species": "Delphox", "speciesId": "delphox", "gender": "F", "shiny": false, "level": 84, "moves": ["focusblast", "grassknot", "psyshock", "fireblast"], "ability": "Blaze", "evs": {"hp": 85, "atk": 0, "def": 85, "spa": 85, "spd": 85, "spe": 85}, "ivs": {"hp": 31, "atk": 0, "def": 31, "spa": 31, "spd": 31, "spe": 31}, "item": "Choice Specs", "teraType": "Fighting", "role": "Fast Attacker", "bvs": {"hp": 75, "atk": 69, "def": 72, "spa": 114, "spd": 100, "spe": 104}, "stats": {"hp": 263, "atk": 120, "def": 169, "spa": 240, "spd": 216, "spe": 223}, "types": ["Fire", "Psychic"]}, "Floatzel": {"name": "Floatzel", "species": "Floatzel", "speciesId": "floatzel", "gender": "M", "shiny": false, "level": 86, "moves": ["bulkup", "wavecrash", "taunt", "icespinner"], "ability": "Water Veil", "evs": {"hp": 85, "atk": 85, "def": 85, "spa": 85, "spd": 85, "spe": 85}, "ivs": {"hp": 31, "atk": 31, "def": 31, "spa": 31, "spd": 31, "spe": 31}, "item": "Leftovers", "teraType": "Steel", "role": "Bulky Setup", "bvs": {"hp": 85, "atk": 105, "def": 55, "spa": 85, "spd": 50, "spe": 115}, "stats": {"hp": 286, "atk": 230, "def": 144, "spa": 195, "spd": 135, "spe": 247}, "types": ["Water"]}, "Dipplin": {"name": "Dipplin", "species": "Dipplin", "speciesId": "dipplin", "gender": "M", "shiny": false, "level": 88, "moves": ["suckerpunch", "recover", "gigadrain", "dragonpulse"], "ability": "Sticky Hold", "evs": {"hp": 85, "atk": 85, "def": 85, "spa": 85, "spd": 85, "spe": 85}, "ivs": {"hp": 31, "atk": 31, "def": 31, "spa": 31, "spd": 31, "spe": 31}, "item": "Eviolite", "teraType": "Steel", "role": "Bulky Attacker", "bvs": {"hp": 80, "atk": 80, "def": 110, "spa": 95, "spd": 80, "spe": 40}, "stats": {"hp": 284, "atk": 191, "def": 244, "spa": 217, "spd": 191, "spe": 121}, "types": ["Grass", "Dragon"]}, "Greedent": {"name": "Greedent", "species": "Greedent", "speciesId": "greedent", "gender": "F", "shiny": false, "level": 86, "moves": ["knockoff", "doubleedge", "swordsdance", "earthquake"], "ability": "Cheek Pouch", "evs": {"hp": 85, "atk": 85, "def": 85, "spa": 85, "spd": 85, "spe": 85}, "ivs": {"hp": 31, "atk": 31, "def": 31, "spa": 31, "spd": 31, "spe": 31}, "item": "Sitrus Berry", "teraType": "Ghost", "role": "Bulky Setup", "bvs": {"hp": 120, "atk": 95, "def": 95, "spa": 55, "spd": 75, "spe": 20}, "stats": {"hp": 347, "atk": 213, "def": 213, "spa": 144, "spd": 178, "spe": 84}, "types": ["Normal"]}}]}