{"id": "gen9randombattle-2641960150", "format": "[Gen 9] Random Battle", "players": ["PikaTru", "notmetbh102"], "log": "|j|\u2606PikaTru\n|j|\u2606notmetbh102\n|t:|1782865093\n|gametype|singles\n|player|p1|PikaTru|1|1966\n|player|p2|notmetbh102|265|1982\n|gen|9\n|tier|[Gen 9] Random Battle\n|rated|\n|rule|Species Clause: Limit one of each Pok\u00e9mon\n|rule|HP Percentage Mod: HP is shown in percentages\n|rule|Sleep Clause Mod: Limit one foe put to sleep\n|rule|Illusion Level Mod: Illusion disguises the Pok\u00e9mon's true level\n|\n|t:|1782865093\n|teamsize|p1|6\n|teamsize|p2|6\n|start\n|switch|p1a: Toucannon|Toucannon, L88, M|284/284\n|switch|p2a: Skarmory|Skarmory, L80, F|235/235\n|turn|1\n|inactive|Battle timer is ON: inactive players will automatically lose when time's up. (requested by notmetbh102)\n|c|\u2606notmetbh102|hf\n|\n|t:|1782865106\n|switch|p1a: Chi-Yu|Chi-Yu, L77|211/211\n|-ability|p1a: Chi-Yu|Beads of Ruin\n|move|p2a: Skarmory|Stealth Rock|p1a: Chi-Yu\n|-sidestart|p1: PikaTru|move: Stealth Rock\n|\n|upkeep\n|turn|2\n|\n|t:|1782865110\n|switch|p2a: Heatran|Heatran, L79, F|273/273\n|move|p1a: Chi-Yu|Fire Blast|p2a: Heatran\n|-start|p2a: Heatran|ability: Flash Fire\n|\n|upkeep\n|turn|3\n|\n|t:|1782865119\n|switch|p1a: Toucannon|Toucannon, L88, M|284/284\n|move|p2a: Heatran|Earth Power|p1a: Toucannon\n|-immune|p1a: Toucannon\n|\n|upkeep\n|turn|4\n|\n|t:|1782865126\n|move|p2a: Heatran|Lava Plume|p1a: Toucannon\n|-damage|p1a: Toucannon|127/284\n|move|p1a: Toucannon|Boomburst|p2a: Heatran\n|-resisted|p2a: Heatran\n|-damage|p2a: Heatran|232/273\n|\n|upkeep\n|turn|5\n|\n|t:|1782865142\n|switch|p1a: Kyogre|Kyogre, L71|259/259\n|-damage|p1a: Kyogre|227/259|[from] Stealth Rock\n|-weather|RainDance|[from] ability: Drizzle|[of] p1a: Kyogre\n|move|p2a: Heatran|Lava Plume|p1a: Kyogre\n|-resisted|p1a: Kyogre\n|-damage|p1a: Kyogre|200/259\n|-status|p1a: Kyogre|brn\n|\n|-weather|RainDance|[upkeep]\n|-damage|p1a: Kyogre|184/259 brn|[from] brn\n|upkeep\n|turn|6\n|\n|t:|1782865146\n|-end|p2a: Heatran|ability: Flash Fire|[silent]\n|switch|p2a: Iron Leaves|Iron Leaves, L80|275/275\n|move|p1a: Kyogre|Water Spout|p2a: Iron Leaves\n|-resisted|p2a: Iron Leaves\n|-damage|p2a: Iron Leaves|194/275\n|\n|-weather|RainDance|[upkeep]\n|-damage|p1a: Kyogre|168/259 brn|[from] brn\n|upkeep\n|turn|7\n|\n|t:|1782865155\n|switch|p1a: Vileplume|Vileplume, L85, M|266/266\n|-damage|p1a: Vileplume|233/266|[from] Stealth Rock\n|move|p2a: Iron Leaves|Swords Dance|p2a: Iron Leaves\n|-boost|p2a: Iron Leaves|atk|2\n|\n|-weather|RainDance|[upkeep]\n|-heal|p1a: Vileplume|249/266|[from] item: Leftovers\n|upkeep\n|turn|8\n|\n|t:|1782865162\n|-terastallize|p1a: Vileplume|Water\n|move|p2a: Iron Leaves|Psyblade|p1a: Vileplume\n|-damage|p1a: Vileplume|0 fnt\n|faint|p1a: Vileplume\n|-damage|p2a: Iron Leaves|167/275|[from] item: Life Orb\n|\n|-weather|RainDance|[upkeep]\n|upkeep\n|\n|t:|1782865167\n|switch|p1a: Cinccino|Cinccino, L83, F|260/260\n|-damage|p1a: Cinccino|228/260|[from] Stealth Rock\n|turn|9\n|\n|t:|1782865171\n|-end|p2a: Iron Leaves|Quark Drive|[silent]\n|switch|p2a: Heatran|Heatran, L79, F|232/273\n|move|p1a: Cinccino|U-turn|p2a: Heatran\n|-resisted|p2a: Heatran\n|-damage|p2a: Heatran|220/273\n|\n|t:|1782865175\n|switch|p1a: Kyogre|Kyogre, L71|168/259 brn|[from] U-turn\n|-damage|p1a: Kyogre|136/259 brn|[from] Stealth Rock\n|\n|-weather|none\n|-damage|p1a: Kyogre|120/259 brn|[from] brn\n|upkeep\n|turn|10\n|\n|t:|1782865181\n|move|p1a: Kyogre|Ice Beam|p2a: Heatran\n|-resisted|p2a: Heatran\n|-damage|p2a: Heatran|210/273\n|move|p2a: Heatran|Earth Power|p1a: Kyogre\n|-damage|p1a: Kyogre|64/259 brn\n|\n|-damage|p1a: Kyogre|48/259 brn|[from] brn\n|upkeep\n|turn|11\n|-message|PikaTru forfeited.\n|\n|win|notmetbh102\n|raw|PikaTru's rating: 1966 &rarr; <strong>1947</strong><br />(-19 for losing)\n|raw|notmetbh102's rating: 1982 &rarr; <strong>2001</strong><br />(+19 for winning)\n|c|\u2606notmetbh102|gg\n|l|\u2606PikaTru\n|player|p1|\n", "inputlog": ">version f8ac14003a5f27e1bdc8d8c59608a773c1cb96e5\n>start {\"formatid\":\"gen9randombattle\",\"seed\":\"sodium,f99096800a047f0c8d774f5739abf414\",\"rated\":\"Rated battle\"}\n>player p1 {\"name\":\"PikaTru\",\"avatar\":\"1\",\"rating\":1966,\"seed\":\"sodium,cf6b000d2bb85f827b0c7f4a381ce6ce\"}\n>player p2 {\"name\":\"notmetbh102\",\"avatar\":\"265\",\"rating\":1982,\"seed\":\"sodium,5dea9efd024db551d231e975fa5b8785\"}\n>chat \u2606notmetbh102|hf\n>p1 switch 4\n>p2 move stealthrock\n>p1 move fireblast\n>p2 switch 4\n>p1 switch 4\n>p2 move earthpower\n>p1 move boomburst\n>p2 move lavaplume\n>p1 switch 3\n>p2 move lavaplume\n>p1 move waterspout\n>p2 switch 2\n>p1 switch 2\n>p2 move swordsdance\n>p1 move sludgebomb terastallize\n>p2 move psyblade\n>p1 switch 5\n>p1 move uturn\n>p2 switch 2\n>p1 switch 2\n>p1 move icebeam\n>p2 move earthpower\n>forcelose p1", "uploadtime": 1782865185, "views": 3, "formatid": "gen9randombattle", "rating": 1947, "private": 0, "password": null, "player_dets": [{"name": "PikaTru", "avatar": "1", "rating": 1966, "seed": "sodium,cf6b000d2bb85f827b0c7f4a381ce6ce"}, {"name": "notmetbh102", "avatar": "265", "rating": 1982, "seed": "sodium,5dea9efd024db551d231e975fa5b8785"}], "teams_full": [{"Toucannon": {"name": "Toucannon", "species": "Toucannon", "speciesId": "toucannon", "gender": "M", "shiny": false, "level": 88, "moves": ["beakblast", "boomburst", "bulletseed", "roost"], "ability": "Skill Link", "evs": {"hp": 85, "atk": 85, "def": 85, "spa": 85, "spd": 85, "spe": 85}, "ivs": {"hp": 31, "atk": 31, "def": 31, "spa": 31, "spd": 31, "spe": 31}, "item": "Heavy-Duty Boots", "teraType": "Steel", "role": "Bulky Support", "bvs": {"hp": 80, "atk": 120, "def": 75, "spa": 75, "spd": 75, "spe": 60}, "stats": {"hp": 284, "atk": 261, "def": 182, "spa": 182, "spd": 182, "spe": 156}, "types": ["Normal", "Flying"]}, "Vileplume": {"name": "Vileplume", "species": "Vileplume", "speciesId": "vileplume", "gender": "M", "shiny": false, "level": 85, "moves": ["sludgebomb", "sleeppowder", "gigadrain", "strengthsap"], "ability": "Effect Spore", "evs": {"hp": 85, "atk": 0, "def": 85, "spa": 85, "spd": 85, "spe": 85}, "ivs": {"hp": 31, "atk": 0, "def": 31, "spa": 31, "spd": 31, "spe": 31}, "item": "Leftovers", "teraType": "Water", "role": "Bulky Attacker", "bvs": {"hp": 75, "atk": 80, "def": 85, "spa": 110, "spd": 90, "spe": 50}, "stats": {"hp": 266, "atk": 141, "def": 193, "spa": 236, "spd": 202, "spe": 134}, "types": ["Grass", "Poison"]}, "Kyogre": {"name": "Kyogre", "species": "Kyogre", "speciesId": "kyogre", "gender": "N", "shiny": false, "level": 71, "moves": ["thunder", "icebeam", "waterspout", "originpulse"], "ability": "Drizzle", "evs": {"hp": 85, "atk": 0, "def": 85, "spa": 85, "spd": 85, "spe": 85}, "ivs": {"hp": 31, "atk": 0, "def": 31, "spa": 31, "spd": 31, "spe": 31}, "item": "Choice Scarf", "teraType": "Water", "role": "Fast Attacker", "bvs": {"hp": 100, "atk": 100, "def": 90, "spa": 150, "spd": 140, "spe": 90}, "stats": {"hp": 259, "atk": 147, "def": 169, "spa": 254, "spd": 240, "spe": 169}, "types": ["Water"]}, "Chi-Yu": {"name": "Chi-Yu", "species": "Chi-Yu", "speciesId": "chiyu", "gender": "N", "shiny": false, "level": 77, "moves": ["nastyplot", "psychic", "darkpulse", "fireblast"], "ability": "Beads of Ruin", "evs": {"hp": 85, "atk": 0, "def": 85, "spa": 85, "spd": 85, "spe": 85}, "ivs": {"hp": 31, "atk": 0, "def": 31, "spa": 31, "spd": 31, "spe": 31}, "item": "Heavy-Duty Boots", "teraType": "Fire", "role": "Setup Sweeper", "bvs": {"hp": 55, "atk": 80, "def": 80, "spa": 135, "spd": 120, "spe": 100}, "stats": {"hp": 211, "atk": 128, "def": 168, "spa": 252, "spd": 229, "spe": 199}, "types": ["Dark", "Fire"]}, "Cinccino": {"name": "Cinccino", "species": "Cinccino", "speciesId": "cinccino", "gender": "F", "shiny": false, "level": 83, "moves": ["tailslap", "tripleaxel", "bulletseed", "uturn"], "ability": "Technician", "evs": {"hp": 85, "atk": 85, "def": 85, "spa": 85, "spd": 85, "spe": 85}, "ivs": {"hp": 31, "atk": 31, "def": 31, "spa": 31, "spd": 31, "spe": 31}, "item": "Loaded Dice", "teraType": "Grass", "role": "Fast Attacker", "bvs": {"hp": 75, "atk": 95, "def": 60, "spa": 65, "spd": 60, "spe": 115}, "stats": {"hp": 260, "atk": 205, "def": 147, "spa": 156, "spd": 147, "spe": 239}, "types": ["Normal"]}, "Houndoom": {"name": "Houndoom", "species": "Houndoom", "speciesId": "houndoom", "gender": "M", "shiny": false, "level": 87, "moves": ["fireblast", "darkpulse", "nastyplot", "suckerpunch"], "ability": "Flash Fire", "evs": {"hp": 85, "atk": 85, "def": 85, "spa": 85, "spd": 85, "spe": 85}, "ivs": {"hp": 31, "atk": 31, "def": 31, "spa": 31, "spd": 31, "spe": 31}, "item": "Heavy-Duty Boots", "teraType": "Fire", "role": "Fast Attacker", "bvs": {"hp": 75, "atk": 90, "def": 50, "spa": 110, "spd": 80, "spe": 95}, "stats": {"hp": 272, "atk": 206, "def": 137, "spa": 241, "spd": 189, "spe": 215}, "types": ["Dark", "Fire"]}}, {"Skarmory": {"name": "Skarmory", "species": "Skarmory", "speciesId": "skarmory", "gender": "F", "shiny": false, "level": 80, "moves": ["spikes", "roost", "bravebird", "stealthrock"], "ability": "Sturdy", "evs": {"hp": 85, "atk": 85, "def": 85, "spa": 85, "spd": 85, "spe": 85}, "ivs": {"hp": 31, "atk": 31, "def": 31, "spa": 31, "spd": 31, "spe": 31}, "item": "Leftovers", "teraType": "Dragon", "role": "Bulky Support", "bvs": {"hp": 65, "atk": 80, "def": 140, "spa": 40, "spd": 70, "spe": 70}, "stats": {"hp": 235, "atk": 174, "def": 270, "spa": 110, "spd": 158, "spe": 158}, "types": ["Steel", "Flying"]}, "Iron Leaves": {"name": "Iron Leaves", "species": "Iron Leaves", "speciesId": "ironleaves", "gender": "N", "shiny": false, "level": 80, "moves": ["closecombat", "swordsdance", "leafblade", "psyblade"], "ability": "Quark Drive", "evs": {"hp": 85, "atk": 85, "def": 85, "spa": 85, "spd": 85, "spe": 85}, "ivs": {"hp": 31, "atk": 31, "def": 31, "spa": 31, "spd": 31, "spe": 31}, "item": "Life Orb", "teraType": "Fighting", "role": "Wallbreaker", "bvs": {"hp": 90, "atk": 130, "def": 88, "spa": 70, "spd": 108, "spe": 104}, "stats": {"hp": 275, "atk": 254, "def": 187, "spa": 158, "spd": 219, "spe": 213}, "types": ["Grass", "Psychic"]}, "Chesnaught": {"name": "Chesnaught", "species": "Chesnaught", "speciesId": "chesnaught", "gender": "M", "shiny": false, "level": 84, "moves": ["bodypress", "synthesis", "spikes", "woodhammer"], "ability": "Bulletproof", "evs": {"hp": 85, "atk": 85, "def": 85, "spa": 85, "spd": 85, "spe": 85}, "ivs": {"hp": 31, "atk": 31, "def": 31, "spa": 31, "spd": 31, "spe": 31}, "item": "Rocky Helmet", "teraType": "Water", "role": "Bulky Support", "bvs": {"hp": 88, "atk": 107, "def": 122, "spa": 74, "spd": 75, "spe": 64}, "stats": {"hp": 285, "atk": 228, "def": 253, "spa": 173, "spd": 174, "spe": 156}, "types": ["Grass", "Fighting"]}, "Heatran": {"name": "Heatran", "species": "Heatran", "speciesId": "heatran", "gender": "F", "shiny": false, "level": 79, "moves": ["heavyslam", "magmastorm", "lavaplume", "earthpower"], "ability": "Flash Fire", "evs": {"hp": 85, "atk": 85, "def": 85, "spa": 85, "spd": 85, "spe": 85}, "ivs": {"hp": 31, "atk": 31, "def": 31, "spa": 31, "spd": 31, "spe": 31}, "item": "Assault Vest", "teraType": "Grass", "role": "Bulky Support", "bvs": {"hp": 91, "atk": 90, "def": 106, "spa": 130, "spd": 106, "spe": 77}, "stats": {"hp": 273, "atk": 188, "def": 213, "spa": 251, "spd": 213, "spe": 167}, "types": ["Fire", "Steel"]}, "Electivire": {"name": "Electivire", "species": "Electivire", "speciesId": "electivire", "gender": "F", "shiny": false, "level": 84, "moves": ["earthquake", "bulkup", "icepunch", "supercellslam"], "ability": "Motor Drive", "evs": {"hp": 85, "atk": 85, "def": 85, "spa": 85, "spd": 85, "spe": 85}, "ivs": {"hp": 31, "atk": 31, "def": 31, "spa": 31, "spd": 31, "spe": 31}, "item": "Life Orb", "teraType": "Flying", "role": "Setup Sweeper", "bvs": {"hp": 75, "atk": 123, "def": 67, "spa": 95, "spd": 85, "spe": 95}, "stats": {"hp": 263, "atk": 255, "def": 161, "spa": 208, "spd": 191, "spe": 208}, "types": ["Electric"]}, "Dodrio": {"name": "Dodrio", "species": "Dodrio", "speciesId": "dodrio", "gender": "M", "shiny": false, "level": 85, "moves": ["doubleedge", "bravebird", "knockoff", "drillrun"], "ability": "Early Bird", "evs": {"hp": 85, "atk": 85, "def": 85, "spa": 85, "spd": 85, "spe": 85}, "ivs": {"hp": 31, "atk": 31, "def": 31, "spa": 31, "spd": 31, "spe": 31}, "item": "Choice Band", "teraType": "Flying", "role": "Fast Attacker", "bvs": {"hp": 60, "atk": 110, "def": 70, "spa": 60, "spd": 60, "spe": 110}, "stats": {"hp": 241, "atk": 236, "def": 168, "spa": 151, "spd": 151, "spe": 236}, "types": ["Normal", "Flying"]}}]}