{"id": "gen9randombattle-2642223025", "format": "[Gen 9] Random Battle", "players": ["lekkerinten", "jnpr010334"], "log": "|j|\u2606lekkerinten\n|j|\u2606jnpr010334\n|t:|1782913160\n|gametype|singles\n|player|p1|lekkerinten|guitarist-gen4|1992\n|player|p2|jnpr010334|265|1952\n|gen|9\n|tier|[Gen 9] Random Battle\n|rated|\n|rule|Species Clause: Limit one of each Pok\u00e9mon\n|rule|HP Percentage Mod: HP is shown in percentages\n|rule|Sleep Clause Mod: Limit one foe put to sleep\n|rule|Illusion Level Mod: Illusion disguises the Pok\u00e9mon's true level\n|\n|t:|1782913160\n|teamsize|p1|6\n|teamsize|p2|6\n|start\n|switch|p1a: Emboar|Emboar, L84, M|322/322\n|switch|p2a: Cinderace|Cinderace, L77, F|249/249\n|turn|1\n|inactive|Battle timer is ON: inactive players will automatically lose when time's up. (requested by lekkerinten)\n|inactive|jnpr010334 also wants the timer to be on.\n|\n|t:|1782913176\n|switch|p2a: Tornadus|Tornadus-Therian, L79, M|254/254\n|move|p1a: Emboar|Flare Blitz|p2a: Tornadus\n|-damage|p2a: Tornadus|0 fnt\n|faint|p2a: Tornadus\n|-damage|p1a: Emboar|238/322|[from] Recoil\n|\n|upkeep\n|\n|t:|1782913180\n|switch|p2a: Porygon-Z|Porygon-Z, L83|277/277\n|-ability|p2a: Porygon-Z|Download|boost\n|-boost|p2a: Porygon-Z|spa|1\n|turn|2\n|\n|t:|1782913184\n|move|p2a: Porygon-Z|Tri Attack|p1a: Emboar\n|-damage|p1a: Emboar|0 fnt\n|faint|p1a: Emboar\n|-damage|p2a: Porygon-Z|250/277|[from] item: Life Orb\n|\n|upkeep\n|\n|t:|1782913187\n|switch|p1a: Noctowl|Noctowl, L95, M|344/344\n|turn|3\n|\n|t:|1782913192\n|move|p2a: Porygon-Z|Ice Beam|p1a: Noctowl\n|-supereffective|p1a: Noctowl\n|-damage|p1a: Noctowl|71/344\n|-damage|p2a: Porygon-Z|223/277|[from] item: Life Orb\n|move|p1a: Noctowl|Hyper Voice|p2a: Porygon-Z\n|-damage|p2a: Porygon-Z|88/277\n|\n|upkeep\n|turn|4\n|\n|t:|1782913201\n|switch|p1a: Milotic|Milotic, L83, F|293/293\n|move|p2a: Porygon-Z|Tri Attack|p1a: Milotic\n|-damage|p1a: Milotic|136/293\n|-damage|p2a: Porygon-Z|61/277|[from] item: Life Orb\n|\n|-heal|p1a: Milotic|154/293|[from] item: Leftovers\n|upkeep\n|turn|5\n|\n|t:|1782913205\n|move|p2a: Porygon-Z|Tri Attack|p1a: Milotic\n|-damage|p1a: Milotic|0 fnt\n|faint|p1a: Milotic\n|-damage|p2a: Porygon-Z|34/277|[from] item: Life Orb\n|\n|upkeep\n|\n|t:|1782913206\n|switch|p1a: Electrode|Electrode-Hisui, L87|246/246\n|turn|6\n|\n|t:|1782913211\n|switch|p2a: Piloswine|Piloswine, L85, M|309/309\n|move|p1a: Electrode|Thunderbolt|p2a: Piloswine\n|-immune|p2a: Piloswine\n|\n|upkeep\n|turn|7\n|\n|t:|1782913214\n|move|p1a: Electrode|Leech Seed|p2a: Piloswine\n|-start|p2a: Piloswine|move: Leech Seed\n|move|p2a: Piloswine|Stealth Rock|p1a: Electrode\n|-sidestart|p1: lekkerinten|move: Stealth Rock\n|\n|-damage|p2a: Piloswine|271/309|[from] Leech Seed|[of] p1a: Electrode\n|upkeep\n|turn|8\n|\n|t:|1782913217\n|switch|p2a: Latios|Latios, L78, M|253/253\n|move|p1a: Electrode|Substitute|p1a: Electrode\n|-start|p1a: Electrode|Substitute\n|-damage|p1a: Electrode|185/246\n|\n|-heal|p1a: Electrode|200/246|[from] item: Leftovers\n|upkeep\n|turn|9\n|\n|t:|1782913220\n|move|p1a: Electrode|Leech Seed|p2a: Latios\n|-start|p2a: Latios|move: Leech Seed\n|move|p2a: Latios|Luster Purge|p1a: Electrode\n|-end|p1a: Electrode|Substitute\n|\n|-heal|p1a: Electrode|215/246|[from] item: Leftovers\n|-damage|p2a: Latios|222/253|[from] Leech Seed|[of] p1a: Electrode\n|-heal|p1a: Electrode|246/246|[silent]\n|upkeep\n|turn|10\n|\n|t:|1782913224\n|switch|p1a: Noctowl|Noctowl, L95, M|71/344\n|switch|p2a: Piloswine|Piloswine, L85, M|271/309\n|\n|upkeep\n|turn|11\n|\n|t:|1782913229\n|move|p1a: Noctowl|Roost|p1a: Noctowl\n|-heal|p1a: Noctowl|243/344\n|-singleturn|p1a: Noctowl|move: Roost\n|move|p2a: Piloswine|Icicle Crash|p1a: Noctowl\n|-damage|p1a: Noctowl|113/344\n|\n|upkeep\n|turn|12\n|\n|t:|1782913235\n|move|p1a: Noctowl|Roost|p1a: Noctowl\n|-heal|p1a: Noctowl|285/344\n|-singleturn|p1a: Noctowl|move: Roost\n|move|p2a: Piloswine|Icicle Crash|p1a: Noctowl\n|-crit|p1a: Noctowl\n|-damage|p1a: Noctowl|108/344\n|\n|upkeep\n|turn|13\n|\n|t:|1782913239\n|move|p1a: Noctowl|Roost|p1a: Noctowl\n|-heal|p1a: Noctowl|280/344\n|-singleturn|p1a: Noctowl|move: Roost\n|move|p2a: Piloswine|Icicle Crash|p1a: Noctowl\n|-damage|p1a: Noctowl|162/344\n|\n|upkeep\n|turn|14\n|\n|t:|1782913244\n|move|p1a: Noctowl|Roost|p1a: Noctowl\n|-heal|p1a: Noctowl|334/344\n|-singleturn|p1a: Noctowl|move: Roost\n|move|p2a: Piloswine|Icicle Crash|p1a: Noctowl\n|-damage|p1a: Noctowl|198/344\n|\n|upkeep\n|turn|15\n|\n|t:|1782913248\n|move|p1a: Noctowl|Hyper Voice|p2a: Piloswine\n|-damage|p2a: Piloswine|181/309\n|move|p2a: Piloswine|Icicle Crash|p1a: Noctowl\n|-supereffective|p1a: Noctowl\n|-damage|p1a: Noctowl|0 fnt\n|faint|p1a: Noctowl\n|\n|upkeep\n|\n|t:|1782913256\n|switch|p1a: Lapras|Lapras, L87, F|367/367\n|-damage|p1a: Lapras|276/367|[from] Stealth Rock\n|turn|16\n|\n|t:|1782913263\n|move|p1a: Lapras|Sparkling Aria|p2a: Piloswine\n|-supereffective|p2a: Piloswine\n|-crit|p2a: Piloswine\n|-damage|p2a: Piloswine|0 fnt\n|faint|p2a: Piloswine\n|\n|upkeep\n|\n|t:|1782913265\n|switch|p2a: Porygon-Z|Porygon-Z, L83|34/277\n|-ability|p2a: Porygon-Z|Download|boost\n|-boost|p2a: Porygon-Z|atk|1\n|turn|17\n|\n|t:|1782913269\n|move|p2a: Porygon-Z|Tri Attack|p1a: Lapras\n|-damage|p1a: Lapras|158/367\n|-damage|p2a: Porygon-Z|7/277|[from] item: Life Orb\n|move|p1a: Lapras|Sparkling Aria|p2a: Porygon-Z\n|-damage|p2a: Porygon-Z|0 fnt\n|faint|p2a: Porygon-Z\n|\n|upkeep\n|\n|t:|1782913271\n|switch|p2a: Latios|Latios, L78, M|222/253\n|turn|18\n|\n|t:|1782913277\n|move|p2a: Latios|Luster Purge|p1a: Lapras\n|-damage|p1a: Lapras|8/367\n|-unboost|p1a: Lapras|spd|1\n|move|p1a: Lapras|Sparkling Aria|p2a: Latios\n|-resisted|p2a: Latios\n|-damage|p2a: Latios|156/253\n|\n|upkeep\n|turn|19\n|\n|t:|1782913279\n|move|p2a: Latios|Luster Purge|p1a: Lapras\n|-damage|p1a: Lapras|0 fnt\n|faint|p1a: Lapras\n|\n|upkeep\n|\n|t:|1782913282\n|switch|p1a: Electrode|Electrode-Hisui, L87|246/246\n|-damage|p1a: Electrode|216/246|[from] Stealth Rock\n|turn|20\n|\n|t:|1782913288\n|-terastallize|p2a: Latios|Steel\n|move|p1a: Electrode|Giga Drain|p2a: Latios\n|-resisted|p2a: Latios\n|-damage|p2a: Latios|122/253\n|-heal|p1a: Electrode|233/246|[from] drain|[of] p2a: Latios\n|move|p2a: Latios|Luster Purge|p1a: Electrode\n|-damage|p1a: Electrode|53/246\n|-unboost|p1a: Electrode|spd|1\n|\n|-heal|p1a: Electrode|68/246|[from] item: Leftovers\n|upkeep\n|turn|21\n|\n|t:|1782913295\n|switch|p2a: Cinderace|Cinderace, L77, F|249/249\n|move|p1a: Electrode|Thunderbolt|p2a: Cinderace\n|-damage|p2a: Cinderace|146/249\n|\n|-heal|p1a: Electrode|83/246|[from] item: Leftovers\n|upkeep\n|turn|22\n|\n|t:|1782913299\n|move|p1a: Electrode|Thunderbolt|p2a: Cinderace\n|-damage|p2a: Cinderace|47/249\n|move|p2a: Cinderace|Pyro Ball|p1a: Electrode\n|-supereffective|p1a: Electrode\n|-damage|p1a: Electrode|0 fnt\n|faint|p1a: Electrode\n|\n|upkeep\n|\n|t:|1782913301\n|switch|p1a: Iron Leaves|Iron Leaves, L80|275/275\n|-damage|p1a: Iron Leaves|241/275|[from] Stealth Rock\n|turn|23\n|\n|t:|1782913305\n|-terastallize|p1a: Iron Leaves|Fighting\n|move|p2a: Cinderace|Pyro Ball|p1a: Iron Leaves\n|-damage|p1a: Iron Leaves|108/275\n|-status|p1a: Iron Leaves|brn\n|move|p1a: Iron Leaves|Leaf Blade|p2a: Cinderace\n|-resisted|p2a: Cinderace\n|-damage|p2a: Cinderace|5/249\n|-damage|p1a: Iron Leaves|81/275 brn|[from] item: Life Orb\n|\n|-damage|p1a: Iron Leaves|64/275 brn|[from] brn\n|upkeep\n|turn|24\n|-message|lekkerinten forfeited.\n|\n|win|jnpr010334\n|raw|lekkerinten's rating: 1992 &rarr; <strong>1972</strong><br />(-20 for losing)\n|raw|jnpr010334's rating: 1986 &rarr; <strong>2006</strong><br />(+20 for winning)\n|l|\u2606lekkerinten\n|player|p1|\n", "inputlog": ">version f8ac14003a5f27e1bdc8d8c59608a773c1cb96e5\n>start {\"formatid\":\"gen9randombattle\",\"seed\":\"sodium,83e11174e204717604f347ffd5adb3fe\",\"rated\":\"Rated battle\"}\n>player p1 {\"name\":\"lekkerinten\",\"avatar\":\"guitarist-gen4\",\"rating\":1992,\"seed\":\"sodium,fa315c0c82f92f347df42b14ae2a8be7\"}\n>player p2 {\"name\":\"jnpr010334\",\"avatar\":\"265\",\"rating\":1952,\"seed\":\"sodium,90400ef21341f36b87a7b6e59fef5682\"}\n>p1 move flareblitz\n>p2 switch 5\n>p2 switch 4\n>p1 move flareblitz\n>p2 move triattack\n>p1 switch 6\n>p1 move hypervoice\n>p2 move icebeam\n>p1 switch 2\n>p2 move triattack\n>p1 move recover\n>p2 move triattack\n>p1 switch 5\n>p1 move thunderbolt\n>p2 switch 2\n>p1 move leechseed\n>p2 move stealthrock\n>p1 move substitute\n>p2 switch 6\n>p1 move leechseed\n>p2 move lusterpurge\n>p1 switch 2\n>p2 switch 6\n>p1 move roost\n>p2 move iciclecrash\n>p1 move roost\n>p2 move iciclecrash\n>p1 move roost\n>p2 move iciclecrash\n>p1 move roost\n>p2 move iciclecrash\n>p1 move hypervoice\n>p2 move iciclecrash\n>p1 switch 4\n>p1 move sparklingaria\n>p2 move roar\n>p2 switch 2\n>p1 move sparklingaria\n>p2 move triattack\n>p2 switch 6\n>p1 move sparklingaria\n>p2 move lusterpurge\n>p1 move sparklingaria\n>p2 move lusterpurge\n>p1 switch 2\n>p1 move gigadrain\n>p2 move lusterpurge terastallize\n>p1 move thunderbolt\n>p2 switch 5\n>p1 move thunderbolt\n>p2 move pyroball\n>p1 switch 3\n>p1 move leafblade terastallize\n>p2 move pyroball\n>forcelose p1", "uploadtime": 1782913310, "views": 4, "formatid": "gen9randombattle", "rating": 1972, "private": 0, "password": null, "player_dets": [{"name": "lekkerinten", "avatar": "guitarist-gen4", "rating": 1992, "seed": "sodium,fa315c0c82f92f347df42b14ae2a8be7"}, {"name": "jnpr010334", "avatar": "265", "rating": 1952, "seed": "sodium,90400ef21341f36b87a7b6e59fef5682"}], "teams_full": [{"Emboar": {"name": "Emboar", "species": "Emboar", "speciesId": "emboar", "gender": "M", "shiny": false, "level": 84, "moves": ["flareblitz", "closecombat", "knockoff", "wildcharge"], "ability": "Reckless", "evs": {"hp": 85, "atk": 85, "def": 85, "spa": 85, "spd": 85, "spe": 85}, "ivs": {"hp": 31, "atk": 31, "def": 31, "spa": 31, "spd": 31, "spe": 31}, "item": "Choice Band", "teraType": "Fire", "role": "Fast Attacker", "bvs": {"hp": 110, "atk": 123, "def": 65, "spa": 100, "spd": 65, "spe": 65}, "stats": {"hp": 322, "atk": 255, "def": 157, "spa": 216, "spd": 157, "spe": 157}, "types": ["Fire", "Fighting"]}, "Milotic": {"name": "Milotic", "species": "Milotic", "speciesId": "milotic", "gender": "F", "shiny": false, "level": 83, "moves": ["recover", "dragontail", "icebeam", "scald"], "ability": "Competitive", "evs": {"hp": 85, "atk": 85, "def": 85, "spa": 85, "spd": 85, "spe": 85}, "ivs": {"hp": 31, "atk": 31, "def": 31, "spa": 31, "spd": 31, "spe": 31}, "item": "Leftovers", "teraType": "Dragon", "role": "Bulky Attacker", "bvs": {"hp": 95, "atk": 60, "def": 79, "spa": 100, "spd": 125, "spe": 81}, "stats": {"hp": 293, "atk": 147, "def": 179, "spa": 214, "spd": 255, "spe": 182}, "types": ["Water"]}, "Iron Leaves": {"name": "Iron Leaves", "species": "Iron Leaves", "speciesId": "ironleaves", "gender": "N", "shiny": false, "level": 80, "moves": ["swordsdance", "closecombat", "leafblade", "psyblade"], "ability": "Quark Drive", "evs": {"hp": 85, "atk": 85, "def": 85, "spa": 85, "spd": 85, "spe": 85}, "ivs": {"hp": 31, "atk": 31, "def": 31, "spa": 31, "spd": 31, "spe": 31}, "item": "Life Orb", "teraType": "Fighting", "role": "Wallbreaker", "bvs": {"hp": 90, "atk": 130, "def": 88, "spa": 70, "spd": 108, "spe": 104}, "stats": {"hp": 275, "atk": 254, "def": 187, "spa": 158, "spd": 219, "spe": 213}, "types": ["Grass", "Psychic"]}, "Lapras": {"name": "Lapras", "species": "Lapras", "speciesId": "lapras", "gender": "F", "shiny": false, "level": 87, "moves": ["icebeam", "hydropump", "sparklingaria", "freezedry"], "ability": "Water Absorb", "evs": {"hp": 81, "atk": 0, "def": 85, "spa": 85, "spd": 85, "spe": 85}, "ivs": {"hp": 31, "atk": 0, "def": 31, "spa": 31, "spd": 31, "spe": 31}, "item": "Choice Specs", "teraType": "Water", "role": "Wallbreaker", "bvs": {"hp": 130, "atk": 85, "def": 80, "spa": 85, "spd": 95, "spe": 60}, "stats": {"hp": 367, "atk": 152, "def": 189, "spa": 198, "spd": 215, "spe": 154}, "types": ["Water", "Ice"]}, "Electrode": {"name": "Electrode", "species": "Electrode-Hisui", "speciesId": "electrodehisui", "gender": "N", "shiny": false, "level": 87, "moves": ["leechseed", "substitute", "gigadrain", "thunderbolt"], "ability": "Soundproof", "evs": {"hp": 85, "atk": 0, "def": 85, "spa": 85, "spd": 85, "spe": 85}, "ivs": {"hp": 31, "atk": 0, "def": 31, "spa": 31, "spd": 31, "spe": 31}, "item": "Leftovers", "teraType": "Poison", "role": "Fast Support", "bvs": {"hp": 60, "atk": 50, "def": 70, "spa": 80, "spd": 80, "spe": 150}, "stats": {"hp": 246, "atk": 92, "def": 172, "spa": 189, "spd": 189, "spe": 311}, "types": ["Electric", "Grass"]}, "Noctowl": {"name": "Noctowl", "species": "Noctowl", "speciesId": "noctowl", "gender": "M", "shiny": false, "level": 95, "moves": ["hypervoice", "roost", "hurricane", "nastyplot"], "ability": "Tinted Lens", "evs": {"hp": 85, "atk": 0, "def": 85, "spa": 85, "spd": 85, "spe": 85}, "ivs": {"hp": 31, "atk": 0, "def": 31, "spa": 31, "spd": 31, "spe": 31}, "item": "Heavy-Duty Boots", "teraType": "Steel", "role": "Bulky Attacker", "bvs": {"hp": 100, "atk": 50, "def": 50, "spa": 86, "spd": 96, "spe": 70}, "stats": {"hp": 344, "atk": 100, "def": 149, "spa": 217, "spd": 236, "spe": 187}, "types": ["Normal", "Flying"]}}, {"Cinderace": {"name": "Cinderace", "species": "Cinderace", "speciesId": "cinderace", "gender": "F", "shiny": false, "level": 77, "moves": ["highjumpkick", "gunkshot", "courtchange", "pyroball"], "ability": "Libero", "evs": {"hp": 81, "atk": 85, "def": 85, "spa": 85, "spd": 85, "spe": 85}, "ivs": {"hp": 31, "atk": 31, "def": 31, "spa": 31, "spd": 31, "spe": 31}, "item": "Heavy-Duty Boots", "teraType": "Fighting", "role": "Fast Attacker", "bvs": {"hp": 80, "atk": 116, "def": 75, "spa": 65, "spd": 75, "spe": 119}, "stats": {"hp": 249, "atk": 223, "def": 160, "spa": 145, "spd": 160, "spe": 228}, "types": ["Fire"]}, "Piloswine": {"name": "Piloswine", "species": "Piloswine", "speciesId": "piloswine", "gender": "M", "shiny": false, "level": 85, "moves": ["earthquake", "roar", "stealthrock", "iciclecrash"], "ability": "Thick Fat", "evs": {"hp": 85, "atk": 85, "def": 85, "spa": 85, "spd": 85, "spe": 85}, "ivs": {"hp": 31, "atk": 31, "def": 31, "spa": 31, "spd": 31, "spe": 31}, "item": "Eviolite", "teraType": "Poison", "role": "Bulky Support", "bvs": {"hp": 100, "atk": 100, "def": 80, "spa": 60, "spd": 60, "spe": 50}, "stats": {"hp": 309, "atk": 219, "def": 185, "spa": 151, "spd": 151, "spe": 134}, "types": ["Ice", "Ground"]}, "Carbink": {"name": "Carbink", "species": "Carbink", "speciesId": "carbink", "gender": "N", "shiny": false, "level": 90, "moves": ["bodypress", "moonblast", "rest", "irondefense"], "ability": "Clear Body", "evs": {"hp": 85, "atk": 0, "def": 85, "spa": 85, "spd": 85, "spe": 85}, "ivs": {"hp": 31, "atk": 0, "def": 31, "spa": 31, "spd": 31, "spe": 31}, "item": "Chesto Berry", "teraType": "Fighting", "role": "Fast Bulky Setup", "bvs": {"hp": 50, "atk": 50, "def": 150, "spa": 50, "spd": 150, "spe": 50}, "stats": {"hp": 236, "atk": 95, "def": 321, "spa": 141, "spd": 321, "spe": 141}, "types": ["Rock", "Fairy"]}, "Porygon-Z": {"name": "Porygon-Z", "species": "Porygon-Z", "speciesId": "porygonz", "gender": "N", "shiny": false, "level": 83, "moves": ["triattack", "icebeam", "shadowball", "nastyplot"], "ability": "Download", "evs": {"hp": 85, "atk": 0, "def": 85, "spa": 85, "spd": 85, "spe": 85}, "ivs": {"hp": 31, "atk": 0, "def": 31, "spa": 31, "spd": 31, "spe": 31}, "item": "Life Orb", "teraType": "Ghost", "role": "Fast Attacker", "bvs": {"hp": 85, "atk": 80, "def": 70, "spa": 135, "spd": 75, "spe": 90}, "stats": {"hp": 277, "atk": 137, "def": 164, "spa": 272, "spd": 172, "spe": 197}, "types": ["Normal"]}, "Tornadus": {"name": "Tornadus", "species": "Tornadus-Therian", "speciesId": "tornadustherian", "gender": "M", "shiny": false, "level": 79, "moves": ["bleakwindstorm", "heatwave", "grassknot", "uturn"], "ability": "Regenerator", "evs": {"hp": 85, "atk": 85, "def": 85, "spa": 85, "spd": 85, "spe": 85}, "ivs": {"hp": 31, "atk": 31, "def": 31, "spa": 31, "spd": 31, "spe": 31}, "item": "Choice Specs", "teraType": "Fire", "role": "Fast Attacker", "bvs": {"hp": 79, "atk": 100, "def": 80, "spa": 110, "spd": 90, "spe": 121}, "stats": {"hp": 254, "atk": 204, "def": 172, "spa": 219, "spd": 188, "spe": 237}, "types": ["Flying"]}, "Latios": {"name": "Latios", "species": "Latios", "speciesId": "latios", "gender": "M", "shiny": false, "level": 78, "moves": ["aurasphere", "dracometeor", "lusterpurge", "flipturn"], "ability": "Levitate", "evs": {"hp": 85, "atk": 85, "def": 85, "spa": 85, "spd": 85, "spe": 85}, "ivs": {"hp": 31, "atk": 31, "def": 31, "spa": 31, "spd": 31, "spe": 31}, "item": "Choice Specs", "teraType": "Steel", "role": "Fast Attacker", "bvs": {"hp": 80, "atk": 90, "def": 80, "spa": 130, "spd": 110, "spe": 110}, "stats": {"hp": 253, "atk": 185, "def": 170, "spa": 248, "spd": 217, "spe": 217}, "types": ["Dragon", "Psychic"]}}]}