{"id": "gen9randombattle-2642205212", "format": "[Gen 9] Random Battle", "players": ["qianxiao7274", "testbotcif"], "log": "|j|\u2606qianxiao7274\n|j|\u2606testbotcif\n|t:|1782910585\n|gametype|singles\n|player|p1|qianxiao7274|101|1419\n|player|p2|testbotcif|1|1480\n|gen|9\n|tier|[Gen 9] Random Battle\n|rated|\n|rule|Species Clause: Limit one of each Pok\u00e9mon\n|rule|HP Percentage Mod: HP is shown in percentages\n|rule|Sleep Clause Mod: Limit one foe put to sleep\n|rule|Illusion Level Mod: Illusion disguises the Pok\u00e9mon's true level\n|\n|t:|1782910585\n|teamsize|p1|6\n|teamsize|p2|6\n|start\n|switch|p1a: Rayquaza|Rayquaza, L72|270/270\n|switch|p2a: Kingdra|Kingdra, L84, M|263/263\n|-ability|p1a: Rayquaza|Air Lock\n|turn|1\n|c|\u2606testbotcif|rlhf\n|inactive|Battle timer is ON: inactive players will automatically lose when time's up. (requested by qianxiao7274)\n|inactive|testbotcif also wants the timer to be on.\n|\n|t:|1782910611\n|move|p2a: Kingdra|Draco Meteor|p1a: Rayquaza\n|-supereffective|p1a: Rayquaza\n|-damage|p1a: Rayquaza|0 fnt\n|-unboost|p2a: Kingdra|spa|2\n|faint|p1a: Rayquaza\n|-damage|p2a: Kingdra|237/263|[from] item: Life Orb\n|\n|upkeep\n|\n|t:|1782910625\n|switch|p1a: Delibird|Delibird, F|252/252\n|turn|2\n|\n|t:|1782910641\n|move|p1a: Delibird|Ice Spinner|p2a: Kingdra\n|-damage|p2a: Kingdra|122/263\n|move|p2a: Kingdra|Wave Crash|p1a: Delibird\n|-damage|p1a: Delibird|52/252\n|-damage|p2a: Kingdra|56/263|[from] Recoil\n|-damage|p2a: Kingdra|30/263|[from] item: Life Orb\n|\n|upkeep\n|turn|3\n|\n|t:|1782910652\n|move|p1a: Delibird|Ice Shard|p2a: Kingdra\n|-damage|p2a: Kingdra|0 fnt\n|faint|p2a: Kingdra\n|\n|upkeep\n|\n|t:|1782910653\n|switch|p2a: Scizor|Scizor, L79, M|240/240\n|turn|4\n|\n|t:|1782910667\n|move|p1a: Delibird|Ice Shard|p2a: Scizor\n|-resisted|p2a: Scizor\n|-damage|p2a: Scizor|213/240\n|move|p2a: Scizor|Bullet Punch|p1a: Delibird\n|-supereffective|p1a: Delibird\n|-damage|p1a: Delibird|0 fnt\n|faint|p1a: Delibird\n|\n|upkeep\n|\n|t:|1782910681\n|switch|p1a: Slaking|Slaking, L84, F|389/389\n|turn|5\n|\n|t:|1782910687\n|move|p2a: Scizor|Bullet Punch|p1a: Slaking\n|-damage|p1a: Slaking|301/389\n|move|p1a: Slaking|Knock Off|p2a: Scizor\n|-damage|p2a: Scizor|57/240\n|-enditem|p2a: Scizor|Choice Band|[from] move: Knock Off|[of] p1a: Slaking\n|\n|upkeep\n|turn|6\n|\n|t:|1782910699\n|switch|p1a: Skuntank|Skuntank, L84, M|310/310\n|move|p2a: Scizor|Close Combat|p1a: Skuntank\n|-damage|p1a: Skuntank|185/310\n|-unboost|p2a: Scizor|def|1\n|-unboost|p2a: Scizor|spd|1\n|\n|upkeep\n|turn|7\n|\n|t:|1782910710\n|move|p1a: Skuntank|Toxic Spikes|p2a: Scizor\n|-sidestart|p2: testbotcif|move: Toxic Spikes\n|move|p2a: Scizor|Close Combat|p1a: Skuntank\n|-damage|p1a: Skuntank|78/310\n|-unboost|p2a: Scizor|def|1\n|-unboost|p2a: Scizor|spd|1\n|\n|upkeep\n|turn|8\n|\n|t:|1782910719\n|move|p1a: Skuntank|Sucker Punch|p2a: Scizor\n|-damage|p2a: Scizor|0 fnt\n|faint|p2a: Scizor\n|-damage|p1a: Skuntank|47/310|[from] item: Life Orb\n|\n|upkeep\n|\n|t:|1782910719\n|switch|p2a: Klawf|Klawf, L90, M|272/272\n|-status|p2a: Klawf|psn\n|turn|9\n|\n|t:|1782910744\n|move|p1a: Skuntank|Knock Off|p2a: Klawf\n|-damage|p2a: Klawf|169/272 psn\n|-enditem|p2a: Klawf|Scope Lens|[from] move: Knock Off|[of] p1a: Skuntank\n|-damage|p1a: Skuntank|16/310|[from] item: Life Orb\n|move|p2a: Klawf|Swords Dance|p2a: Klawf\n|-boost|p2a: Klawf|atk|2\n|\n|-damage|p2a: Klawf|135/272 psn|[from] psn\n|upkeep\n|turn|10\n|inactive|qianxiao7274 has 120 seconds left.\n|\n|t:|1782910764\n|move|p1a: Skuntank|Gunk Shot|p2a: Klawf\n|-resisted|p2a: Klawf\n|-damage|p2a: Klawf|69/272 psn\n|-damage|p1a: Skuntank|0 fnt|[from] item: Life Orb\n|faint|p1a: Skuntank\n|move|p2a: Klawf|Stone Edge|p1: Skuntank|[notarget]\n|-fail|p2a: Klawf\n|\n|-damage|p2a: Klawf|35/272 psn|[from] psn\n|upkeep\n|inactive|qianxiao7274 has 120 seconds left.\n|\n|t:|1782910780\n|switch|p1a: Mewtwo|Mewtwo, L72|272/272\n|-ability|p1a: Mewtwo|Unnerve\n|turn|11\n|\n|t:|1782910788\n|move|p1a: Mewtwo|Psystrike|p2a: Klawf\n|-damage|p2a: Klawf|0 fnt\n|faint|p2a: Klawf\n|-damage|p1a: Mewtwo|245/272|[from] item: Life Orb\n|\n|upkeep\n|\n|t:|1782910788\n|switch|p2a: Shiftry|Shiftry, L89, M|305/305\n|-status|p2a: Shiftry|psn\n|turn|12\n|inactive|qianxiao7274 has 120 seconds left.\n|\n|t:|1782910803\n|-terastallize|p1a: Mewtwo|Fighting\n|move|p1a: Mewtwo|Nasty Plot|p1a: Mewtwo\n|-boost|p1a: Mewtwo|spa|2\n|move|p2a: Shiftry|Knock Off|p1a: Mewtwo\n|-resisted|p1a: Mewtwo\n|-damage|p1a: Mewtwo|155/272\n|-enditem|p1a: Mewtwo|Life Orb|[from] move: Knock Off|[of] p2a: Shiftry\n|-damage|p2a: Shiftry|275/305 psn|[from] item: Life Orb\n|\n|-damage|p2a: Shiftry|237/305 psn|[from] psn\n|upkeep\n|turn|13\n|inactive|qianxiao7274 has 120 seconds left.\n|\n|t:|1782910816\n|move|p1a: Mewtwo|Aura Sphere|p2a: Shiftry\n|-supereffective|p2a: Shiftry\n|-damage|p2a: Shiftry|0 fnt\n|faint|p2a: Shiftry\n|\n|upkeep\n|\n|t:|1782910816\n|switch|p2a: Oricorio|Oricorio, L84, M|263/263\n|turn|14\n|inactive|qianxiao7274 has 120 seconds left.\n|\n|t:|1782910830\n|move|p1a: Mewtwo|Psystrike|p2a: Oricorio\n|-damage|p2a: Oricorio|0 fnt\n|faint|p2a: Oricorio\n|\n|upkeep\n|\n|t:|1782910831\n|switch|p2a: Hariyama|Hariyama, L87, M|392/392\n|-status|p2a: Hariyama|psn\n|turn|15\n|\n|t:|1782910839\n|-terastallize|p2a: Hariyama|Normal\n|move|p1a: Mewtwo|Psystrike|p2a: Hariyama\n|-damage|p2a: Hariyama|92/392 psn\n|move|p2a: Hariyama|Close Combat|p1a: Mewtwo\n|-damage|p1a: Mewtwo|0 fnt\n|-unboost|p2a: Hariyama|def|1\n|-unboost|p2a: Hariyama|spd|1\n|faint|p1a: Mewtwo\n|\n|-damage|p2a: Hariyama|43/392 psn|[from] psn\n|upkeep\n|\n|t:|1782910853\n|switch|p1a: Slaking|Slaking, L84, F|301/389\n|turn|16\n|\n|t:|1782910857\n|move|p1a: Slaking|Knock Off|p2a: Hariyama\n|-damage|p2a: Hariyama|0 fnt\n|-enditem|p2a: Hariyama|Flame Orb|[from] move: Knock Off|[of] p1a: Slaking\n|faint|p2a: Hariyama\n|\n|win|qianxiao7274\n|raw|qianxiao7274's rating: 1419 &rarr; <strong>1442</strong><br />(+23 for winning)\n|raw|testbotcif's rating: 1480 &rarr; <strong>1457</strong><br />(-23 for losing)\n", "inputlog": ">version f8ac14003a5f27e1bdc8d8c59608a773c1cb96e5\n>start {\"formatid\":\"gen9randombattle\",\"seed\":\"sodium,36b5734f324cbc7c153a0768eaebdb42\",\"rated\":\"Rated battle\"}\n>player p1 {\"name\":\"qianxiao7274\",\"avatar\":\"101\",\"rating\":1419,\"seed\":\"sodium,728740386eaa13b185e58f7d2a9efd93\"}\n>player p2 {\"name\":\"testbotcif\",\"avatar\":\"1\",\"rating\":1480,\"seed\":\"sodium,3b64a64ffde66fc62f86e609ecdf2bc7\"}\n>chat \u2606testbotcif|rlhf\n>p1 move scaleshot\n>p2 move dracometeor\n>p1 switch 4\n>p1 move icespinner\n>p2 move wavecrash\n>p1 move iceshard\n>p2 move wavecrash\n>p2 switch 5\n>p1 move iceshard\n>p2 move bulletpunch\n>p1 switch 6\n>p1 move knockoff\n>p2 move bulletpunch\n>p1 switch 3\n>p2 move closecombat\n>p1 move toxicspikes\n>p2 move closecombat\n>p1 move suckerpunch\n>p2 move bulletpunch\n>p2 switch 2\n>p1 move knockoff\n>p2 move swordsdance\n>p1 move gunkshot\n>p2 move stoneedge\n>p1 switch 5\n>p1 move psystrike\n>p2 move knockoff\n>p2 switch 4\n>p1 move nastyplot terastallize\n>p2 move knockoff\n>p1 move aurasphere\n>p2 move leafblade\n>p2 switch 3\n>p1 move psystrike\n>p2 move hurricane\n>p2 switch 6\n>p1 move psystrike\n>p2 move closecombat terastallize\n>p1 switch 3\n>p1 move knockoff\n>p2 move closecombat", "uploadtime": 1782910857, "views": 3, "formatid": "gen9randombattle", "rating": 1442, "private": 0, "password": null, "player_dets": [{"name": "qianxiao7274", "avatar": "101", "rating": 1419, "seed": "sodium,728740386eaa13b185e58f7d2a9efd93"}, {"name": "testbotcif", "avatar": "1", "rating": 1480, "seed": "sodium,3b64a64ffde66fc62f86e609ecdf2bc7"}], "teams_full": [{"Rayquaza": {"name": "Rayquaza", "species": "Rayquaza", "speciesId": "rayquaza", "gender": "N", "shiny": false, "level": 72, "moves": ["dragonascent", "scaleshot", "earthquake", "swordsdance"], "ability": "Air Lock", "evs": {"hp": 85, "atk": 85, "def": 85, "spa": 85, "spd": 85, "spe": 85}, "ivs": {"hp": 31, "atk": 31, "def": 31, "spa": 31, "spd": 31, "spe": 31}, "item": "Loaded Dice", "teraType": "Steel", "role": "Fast Bulky Setup", "bvs": {"hp": 105, "atk": 150, "def": 90, "spa": 150, "spd": 90, "spe": 95}, "stats": {"hp": 270, "atk": 258, "def": 172, "spa": 258, "spd": 172, "spe": 179}, "types": ["Dragon", "Flying"]}, "Meowstic": {"name": "Meowstic", "species": "Meowstic", "speciesId": "meowstic", "gender": "M", "shiny": false, "level": 89, "moves": ["lightscreen", "yawn", "psychicnoise", "reflect"], "ability": "Prankster", "evs": {"hp": 85, "atk": 0, "def": 85, "spa": 85, "spd": 85, "spe": 85}, "ivs": {"hp": 31, "atk": 0, "def": 31, "spa": 31, "spd": 31, "spe": 31}, "item": "Light Clay", "teraType": "Fairy", "role": "Bulky Support", "bvs": {"hp": 74, "atk": 48, "def": 76, "spa": 83, "spd": 81, "spe": 104}, "stats": {"hp": 277, "atk": 90, "def": 186, "spa": 199, "spd": 195, "spe": 236}, "types": ["Psychic"]}, "Skuntank": {"name": "Skuntank", "species": "Skuntank", "speciesId": "skuntank", "gender": "M", "shiny": false, "level": 84, "moves": ["toxicspikes", "knockoff", "suckerpunch", "gunkshot"], "ability": "Aftermath", "evs": {"hp": 85, "atk": 85, "def": 85, "spa": 85, "spd": 85, "spe": 85}, "ivs": {"hp": 31, "atk": 31, "def": 31, "spa": 31, "spd": 31, "spe": 31}, "item": "Life Orb", "teraType": "Dark", "role": "Fast Support", "bvs": {"hp": 103, "atk": 93, "def": 67, "spa": 71, "spd": 61, "spe": 84}, "stats": {"hp": 310, "atk": 204, "def": 161, "spa": 167, "spd": 151, "spe": 189}, "types": ["Poison", "Dark"]}, "Delibird": {"name": "Delibird", "species": "Delibird", "speciesId": "delibird", "gender": "F", "shiny": false, "level": 100, "moves": ["drillrun", "bravebird", "icespinner", "iceshard"], "ability": "Hustle", "evs": {"hp": 85, "atk": 85, "def": 85, "spa": 85, "spd": 85, "spe": 85}, "ivs": {"hp": 31, "atk": 31, "def": 31, "spa": 31, "spd": 31, "spe": 31}, "item": "Heavy-Duty Boots", "teraType": "Ground", "role": "Fast Attacker", "bvs": {"hp": 45, "atk": 55, "def": 45, "spa": 65, "spd": 45, "spe": 75}, "stats": {"hp": 252, "atk": 167, "def": 147, "spa": 187, "spd": 147, "spe": 207}, "types": ["Ice", "Flying"]}, "Mewtwo": {"name": "Mewtwo", "species": "Mewtwo", "speciesId": "mewtwo", "gender": "N", "shiny": false, "level": 72, "moves": ["nastyplot", "darkpulse", "psystrike", "aurasphere"], "ability": "Unnerve", "evs": {"hp": 85, "atk": 0, "def": 85, "spa": 85, "spd": 85, "spe": 85}, "ivs": {"hp": 31, "atk": 0, "def": 31, "spa": 31, "spd": 31, "spe": 31}, "item": "Life Orb", "teraType": "Fighting", "role": "Setup Sweeper", "bvs": {"hp": 106, "atk": 110, "def": 90, "spa": 154, "spd": 90, "spe": 130}, "stats": {"hp": 272, "atk": 163, "def": 172, "spa": 264, "spd": 172, "spe": 229}, "types": ["Psychic"]}, "Slaking": {"name": "Slaking", "species": "Slaking", "speciesId": "slaking", "gender": "F", "shiny": false, "level": 84, "moves": ["earthquake", "doubleedge", "gigaimpact", "knockoff"], "ability": "Truant", "evs": {"hp": 85, "atk": 85, "def": 85, "spa": 85, "spd": 85, "spe": 85}, "ivs": {"hp": 31, "atk": 31, "def": 31, "spa": 31, "spd": 31, "spe": 31}, "item": "Choice Band", "teraType": "Ground", "role": "Wallbreaker", "bvs": {"hp": 150, "atk": 160, "def": 100, "spa": 95, "spd": 65, "spe": 100}, "stats": {"hp": 389, "atk": 317, "def": 216, "spa": 208, "spd": 157, "spe": 216}, "types": ["Normal"]}}, {"Kingdra": {"name": "Kingdra", "species": "Kingdra", "speciesId": "kingdra", "gender": "M", "shiny": false, "level": 84, "moves": ["dracometeor", "wavecrash", "raindance", "hurricane"], "ability": "Swift Swim", "evs": {"hp": 85, "atk": 85, "def": 85, "spa": 85, "spd": 85, "spe": 85}, "ivs": {"hp": 31, "atk": 31, "def": 31, "spa": 31, "spd": 31, "spe": 31}, "item": "Life Orb", "teraType": "Water", "role": "Fast Attacker", "bvs": {"hp": 75, "atk": 95, "def": 95, "spa": 95, "spd": 95, "spe": 85}, "stats": {"hp": 263, "atk": 208, "def": 208, "spa": 208, "spd": 208, "spe": 191}, "types": ["Water", "Dragon"]}, "Klawf": {"name": "Klawf", "species": "Klawf", "speciesId": "klawf", "gender": "M", "shiny": false, "level": 90, "moves": ["stoneedge", "knockoff", "swordsdance", "highhorsepower"], "ability": "Anger Shell", "evs": {"hp": 85, "atk": 85, "def": 85, "spa": 85, "spd": 85, "spe": 85}, "ivs": {"hp": 31, "atk": 31, "def": 31, "spa": 31, "spd": 31, "spe": 31}, "item": "Scope Lens", "teraType": "Dark", "role": "Setup Sweeper", "bvs": {"hp": 70, "atk": 100, "def": 115, "spa": 35, "spd": 55, "spe": 75}, "stats": {"hp": 272, "atk": 231, "def": 258, "spa": 114, "spd": 150, "spe": 186}, "types": ["Rock"]}, "Oricorio": {"name": "Oricorio", "species": "Oricorio", "speciesId": "oricorio", "gender": "M", "shiny": false, "level": 84, "moves": ["roost", "hurricane", "quiverdance", "revelationdance"], "ability": "Dancer", "evs": {"hp": 85, "atk": 0, "def": 85, "spa": 85, "spd": 85, "spe": 85}, "ivs": {"hp": 31, "atk": 0, "def": 31, "spa": 31, "spd": 31, "spe": 31}, "item": "Heavy-Duty Boots", "teraType": "Ground", "role": "Setup Sweeper", "bvs": {"hp": 75, "atk": 70, "def": 70, "spa": 98, "spd": 70, "spe": 93}, "stats": {"hp": 263, "atk": 122, "def": 166, "spa": 213, "spd": 166, "spe": 204}, "types": ["Fire", "Flying"]}, "Shiftry": {"name": "Shiftry", "species": "Shiftry", "speciesId": "shiftry", "gender": "M", "shiny": false, "level": 89, "moves": ["leafblade", "knockoff", "lowkick", "tailwind"], "ability": "Wind Rider", "evs": {"hp": 85, "atk": 85, "def": 85, "spa": 85, "spd": 85, "spe": 85}, "ivs": {"hp": 31, "atk": 31, "def": 31, "spa": 31, "spd": 31, "spe": 31}, "item": "Life Orb", "teraType": "Fighting", "role": "Setup Sweeper", "bvs": {"hp": 90, "atk": 100, "def": 60, "spa": 90, "spd": 60, "spe": 80}, "stats": {"hp": 305, "atk": 229, "def": 158, "spa": 211, "spd": 158, "spe": 193}, "types": ["Grass", "Dark"]}, "Scizor": {"name": "Scizor", "species": "Scizor", "speciesId": "scizor", "gender": "M", "shiny": false, "level": 79, "moves": ["uturn", "knockoff", "bulletpunch", "closecombat"], "ability": "Technician", "evs": {"hp": 85, "atk": 85, "def": 85, "spa": 85, "spd": 85, "spe": 85}, "ivs": {"hp": 31, "atk": 31, "def": 31, "spa": 31, "spd": 31, "spe": 31}, "item": "Choice Band", "teraType": "Steel", "role": "Wallbreaker", "bvs": {"hp": 70, "atk": 130, "def": 100, "spa": 55, "spd": 80, "spe": 65}, "stats": {"hp": 240, "atk": 251, "def": 204, "spa": 132, "spd": 172, "spe": 148}, "types": ["Bug", "Steel"]}, "Hariyama": {"name": "Hariyama", "species": "Hariyama", "speciesId": "hariyama", "gender": "M", "shiny": false, "level": 87, "moves": ["facade", "fakeout", "knockoff", "closecombat"], "ability": "Guts", "evs": {"hp": 85, "atk": 85, "def": 85, "spa": 85, "spd": 85, "spe": 85}, "ivs": {"hp": 31, "atk": 31, "def": 31, "spa": 31, "spd": 31, "spe": 31}, "item": "Flame Orb", "teraType": "Normal", "role": "Wallbreaker", "bvs": {"hp": 144, "atk": 120, "def": 60, "spa": 40, "spd": 60, "spe": 50}, "stats": {"hp": 392, "atk": 259, "def": 154, "spa": 119, "spd": 154, "spe": 137}, "types": ["Fighting"]}}]}