{"id": "gen9randombattle-2642018142", "format": "[Gen 9] Random Battle", "players": ["framegame321", "forcemajor14"], "log": "|j|\u2606framegame321\n|j|\u2606forcemajor14\n|t:|1782874063\n|gametype|singles\n|player|p1|framegame321|102|2007\n|player|p2|forcemajor14|169|1971\n|gen|9\n|tier|[Gen 9] Random Battle\n|rated|\n|rule|Species Clause: Limit one of each Pok\u00e9mon\n|rule|HP Percentage Mod: HP is shown in percentages\n|rule|Sleep Clause Mod: Limit one foe put to sleep\n|rule|Illusion Level Mod: Illusion disguises the Pok\u00e9mon's true level\n|\n|t:|1782874063\n|teamsize|p1|6\n|teamsize|p2|6\n|start\n|switch|p1a: Baxcalibur|Baxcalibur, L75, F|295/295\n|switch|p2a: Ogerpon|Ogerpon, L80, F|259/259\n|turn|1\n|\n|t:|1782874070\n|move|p2a: Ogerpon|U-turn|p1a: Baxcalibur\n|-damage|p1a: Baxcalibur|240/295\n|inactive|Battle timer is ON: inactive players will automatically lose when time's up. (requested by forcemajor14)\n|\n|t:|1782874076\n|switch|p2a: Mimikyu|Mimikyu, L79, M|216/216|[from] U-turn\n|move|p1a: Baxcalibur|Icicle Crash|p2a: Mimikyu\n|-activate|p2a: Mimikyu|ability: Disguise\n|-damage|p2a: Mimikyu|216/216\n|detailschange|p2a: Mimikyu|Mimikyu-Busted, L79, M\n|-damage|p2a: Mimikyu|189/216|[from] pokemon: Mimikyu-Busted\n|\n|upkeep\n|turn|2\n|\n|t:|1782874084\n|switch|p1a: Pincurchin|Pincurchin, F|258/258\n|-fieldstart|move: Electric Terrain|[from] ability: Electric Surge|[of] p1a: Pincurchin\n|move|p2a: Mimikyu|Play Rough|p1a: Pincurchin\n|-damage|p1a: Pincurchin|172/258\n|-damage|p2a: Mimikyu|168/216|[from] item: Life Orb\n|\n|-heal|p1a: Pincurchin|188/258|[from] item: Leftovers\n|upkeep\n|turn|3\n|\n|t:|1782874090\n|switch|p2a: Ogerpon|Ogerpon, L80, F|259/259\n|move|p1a: Pincurchin|Scald|p2a: Ogerpon\n|-resisted|p2a: Ogerpon\n|-damage|p2a: Ogerpon|219/259\n|\n|-heal|p1a: Pincurchin|204/258|[from] item: Leftovers\n|upkeep\n|turn|4\n|\n|t:|1782874104\n|switch|p1a: Baxcalibur|Baxcalibur, L75, F|240/295\n|move|p2a: Ogerpon|Spikes|p1a: Baxcalibur\n|-sidestart|p1: framegame321|Spikes\n|\n|upkeep\n|turn|5\n|\n|t:|1782874109\n|move|p2a: Ogerpon|U-turn|p1a: Baxcalibur\n|-damage|p1a: Baxcalibur|178/295\n|\n|t:|1782874110\n|switch|p2a: Grimmsnarl|Grimmsnarl, L83, M|293/293|[from] U-turn\n|move|p1a: Baxcalibur|Icicle Crash|p2a: Grimmsnarl\n|-damage|p2a: Grimmsnarl|107/293\n|\n|upkeep\n|turn|6\n|\n|t:|1782874114\n|move|p2a: Grimmsnarl|Parting Shot|p1a: Baxcalibur\n|-unboost|p1a: Baxcalibur|atk|1\n|-unboost|p1a: Baxcalibur|spa|1\n|\n|t:|1782874116\n|switch|p2a: Greedent|Greedent, L86, M|347/347|[from] Parting Shot\n|move|p1a: Baxcalibur|Icicle Crash|p2a: Greedent\n|-damage|p2a: Greedent|254/347\n|\n|-fieldend|move: Electric Terrain\n|upkeep\n|turn|7\n|\n|t:|1782874121\n|switch|p1a: Pincurchin|Pincurchin, F|204/258\n|-damage|p1a: Pincurchin|172/258|[from] Spikes\n|-fieldstart|move: Electric Terrain|[from] ability: Electric Surge|[of] p1a: Pincurchin\n|move|p2a: Greedent|Swords Dance|p2a: Greedent\n|-boost|p2a: Greedent|atk|2\n|\n|-heal|p1a: Pincurchin|188/258|[from] item: Leftovers\n|upkeep\n|turn|8\n|\n|t:|1782874126\n|move|p1a: Pincurchin|Scald|p2a: Greedent\n|-damage|p2a: Greedent|169/347\n|-enditem|p2a: Greedent|Sitrus Berry|[eat]\n|-heal|p2a: Greedent|255/347|[from] item: Sitrus Berry\n|-heal|p2a: Greedent|347/347|[from] ability: Cheek Pouch\n|move|p2a: Greedent|Earthquake|p1a: Pincurchin\n|-supereffective|p1a: Pincurchin\n|-damage|p1a: Pincurchin|0 fnt\n|faint|p1a: Pincurchin\n|\n|upkeep\n|\n|t:|1782874134\n|switch|p1a: Falinks|Falinks, L84|246/246\n|-damage|p1a: Falinks|216/246|[from] Spikes\n|turn|9\n|\n|t:|1782874138\n|move|p1a: Falinks|Close Combat|p2a: Greedent\n|-supereffective|p2a: Greedent\n|-damage|p2a: Greedent|51/347\n|-unboost|p1a: Falinks|def|1\n|-unboost|p1a: Falinks|spd|1\n|-damage|p1a: Falinks|192/246|[from] item: Life Orb\n|move|p2a: Greedent|Double-Edge|p1a: Falinks\n|-damage|p1a: Falinks|0 fnt\n|faint|p1a: Falinks\n|-damage|p2a: Greedent|0 fnt|[from] Recoil\n|faint|p2a: Greedent\n|\n|upkeep\n|\n|t:|1782874145\n|switch|p1a: Garganacl|Garganacl, L80, F|291/291\n|switch|p2a: Flamigo|Flamigo, L82, M|269/269\n|-damage|p1a: Garganacl|255/291|[from] Spikes\n|turn|10\n|\n|t:|1782874153\n|switch|p1a: Yanmega|Yanmega, L82, F|275/275\n|-terastallize|p2a: Flamigo|Fighting\n|move|p2a: Flamigo|Close Combat|p1a: Yanmega\n|-resisted|p1a: Yanmega\n|-damage|p1a: Yanmega|202/275\n|-unboost|p2a: Flamigo|def|1\n|-unboost|p2a: Flamigo|spd|1\n|\n|upkeep\n|turn|11\n|\n|t:|1782874160\n|switch|p2a: Grimmsnarl|Grimmsnarl, L83, M|107/293\n|move|p1a: Yanmega|Bug Buzz|p2a: Grimmsnarl\n|-damage|p2a: Grimmsnarl|0 fnt\n|faint|p2a: Grimmsnarl\n|\n|-fieldend|move: Electric Terrain\n|upkeep\n|\n|t:|1782874161\n|switch|p2a: Flamigo|Flamigo, L82, M, tera:Fighting|269/269\n|turn|12\n|\n|t:|1782874165\n|move|p1a: Yanmega|Bug Buzz|p2a: Flamigo\n|-resisted|p2a: Flamigo\n|-damage|p2a: Flamigo|59/269\n|move|p2a: Flamigo|Brave Bird|p1a: Yanmega\n|-supereffective|p1a: Yanmega\n|-damage|p1a: Yanmega|0 fnt\n|faint|p1a: Yanmega\n|-damage|p2a: Flamigo|0 fnt|[from] Recoil\n|faint|p2a: Flamigo\n|\n|upkeep\n|\n|t:|1782874172\n|switch|p1a: Baxcalibur|Baxcalibur, L75, F|178/295\n|switch|p2a: Mimikyu|Mimikyu-Busted, L79, M|168/216\n|-damage|p1a: Baxcalibur|142/295|[from] Spikes\n|turn|13\n|\n|t:|1782874177\n|move|p1a: Baxcalibur|Ice Shard|p2a: Mimikyu\n|-damage|p2a: Mimikyu|89/216\n|move|p2a: Mimikyu|Play Rough|p1a: Baxcalibur\n|-supereffective|p1a: Baxcalibur\n|-damage|p1a: Baxcalibur|0 fnt\n|faint|p1a: Baxcalibur\n|-damage|p2a: Mimikyu|68/216|[from] item: Life Orb\n|\n|upkeep\n|\n|t:|1782874187\n|switch|p1a: Garganacl|Garganacl, L80, F|255/291\n|-damage|p1a: Garganacl|219/291|[from] Spikes\n|turn|14\n|\n|t:|1782874192\n|switch|p2a: Brambleghast|Brambleghast, L88, M|240/240\n|move|p1a: Garganacl|Iron Defense|p1a: Garganacl\n|-boost|p1a: Garganacl|def|2\n|\n|-heal|p1a: Garganacl|237/291|[from] item: Leftovers\n|upkeep\n|turn|15\n|\n|t:|1782874196\n|move|p2a: Brambleghast|Leech Seed|p1a: Garganacl\n|-start|p1a: Garganacl|move: Leech Seed\n|move|p1a: Garganacl|Salt Cure|p2a: Brambleghast\n|-damage|p2a: Brambleghast|197/240\n|-start|p2a: Brambleghast|Salt Cure\n|\n|-heal|p2a: Brambleghast|212/240|[from] item: Leftovers\n|-heal|p1a: Garganacl|255/291|[from] item: Leftovers\n|-damage|p1a: Garganacl|219/291|[from] Leech Seed|[of] p2a: Brambleghast\n|-heal|p2a: Brambleghast|240/240|[silent]\n|-damage|p2a: Brambleghast|210/240|[from] Salt Cure\n|upkeep\n|turn|16\n|\n|t:|1782874199\n|switch|p1a: Salamence|Salamence, L77, M|273/273\n|move|p2a: Brambleghast|Substitute|p2a: Brambleghast\n|-start|p2a: Brambleghast|Substitute\n|-damage|p2a: Brambleghast|150/240\n|\n|-heal|p2a: Brambleghast|165/240|[from] item: Leftovers\n|-damage|p2a: Brambleghast|135/240|[from] Salt Cure\n|upkeep\n|turn|17\n|\n|t:|1782874206\n|move|p2a: Brambleghast|Leech Seed|p1a: Salamence\n|-start|p1a: Salamence|move: Leech Seed\n|move|p1a: Salamence|Dragon Dance|p1a: Salamence\n|-boost|p1a: Salamence|atk|1\n|-boost|p1a: Salamence|spe|1\n|\n|-heal|p2a: Brambleghast|150/240|[from] item: Leftovers\n|-damage|p1a: Salamence|239/273|[from] Leech Seed|[of] p2a: Brambleghast\n|-heal|p2a: Brambleghast|184/240|[silent]\n|-damage|p2a: Brambleghast|154/240|[from] Salt Cure\n|upkeep\n|turn|18\n|\n|t:|1782874209\n|move|p1a: Salamence|Dual Wingbeat|p2a: Brambleghast\n|-supereffective|p2a: Brambleghast\n|-end|p2a: Brambleghast|Substitute\n|-supereffective|p2a: Brambleghast\n|-damage|p2a: Brambleghast|0 fnt\n|faint|p2a: Brambleghast\n|-ability|p1a: Salamence|Moxie|boost\n|-boost|p1a: Salamence|atk|1\n|-hitcount|p2: Brambleghast|2\n|\n|upkeep\n|\n|t:|1782874211\n|switch|p2a: Mimikyu|Mimikyu-Busted, L79, M|68/216\n|turn|19\n|\n|t:|1782874219\n|move|p2a: Mimikyu|Shadow Sneak|p1a: Salamence\n|-damage|p1a: Salamence|188/273\n|-damage|p2a: Mimikyu|47/216|[from] item: Life Orb\n|move|p1a: Salamence|Earthquake|p2a: Mimikyu\n|-damage|p2a: Mimikyu|0 fnt\n|faint|p2a: Mimikyu\n|-ability|p1a: Salamence|Moxie|boost\n|-boost|p1a: Salamence|atk|1\n|\n|upkeep\n|\n|t:|1782874222\n|switch|p2a: Ogerpon|Ogerpon, L80, F|219/259\n|turn|20\n|\n|t:|1782874225\n|move|p1a: Salamence|Dual Wingbeat|p2a: Ogerpon\n|-supereffective|p2a: Ogerpon\n|-damage|p2a: Ogerpon|0 fnt\n|faint|p2a: Ogerpon\n|-hitcount|p2: Ogerpon|1\n|\n|win|framegame321\n|raw|framegame321's rating: 2007 &rarr; <strong>2023</strong><br />(+16 for winning)\n|raw|forcemajor14's rating: 1931 &rarr; <strong>1915</strong><br />(-16 for losing)\n", "inputlog": ">version f8ac14003a5f27e1bdc8d8c59608a773c1cb96e5\n>start {\"formatid\":\"gen9randombattle\",\"seed\":\"sodium,f7d308d02a510b1ca751f35a5cd2a5f2\",\"rated\":\"Rated battle\"}\n>player p1 {\"name\":\"framegame321\",\"avatar\":\"102\",\"rating\":2007,\"seed\":\"sodium,1bee35a1ed658728ef24b02ac64b8372\"}\n>player p2 {\"name\":\"forcemajor14\",\"avatar\":\"169\",\"rating\":1971,\"seed\":\"sodium,96d4330e4f64e4babc5998fbf6a2a55e\"}\n>p1 move iciclecrash\n>p2 move uturn\n>p2 switch 3\n>p1 switch 5\n>p2 move playrough\n>p1 move scald\n>p2 switch 3\n>p1 switch 5\n>p2 move spikes\n>p1 move iciclecrash\n>p2 move uturn\n>p2 switch 2\n>p1 move iciclecrash\n>p2 move partingshot\n>p2 switch 5\n>p1 switch 5\n>p2 move swordsdance\n>p1 move scald\n>p2 move earthquake\n>p1 switch 4\n>p1 move closecombat\n>p2 move doubleedge\n>p1 switch 3\n>p2 switch 6\n>p1 switch 2\n>p2 move closecombat terastallize\n>p1 move bugbuzz\n>p2 switch 5\n>p2 switch 5\n>p1 move bugbuzz\n>p2 move bravebird\n>p1 switch 5\n>p2 switch 3\n>p1 move iceshard\n>p2 move playrough\n>p1 switch 2\n>p1 move irondefense\n>p2 switch 4\n>p1 move saltcure\n>p2 move leechseed\n>p1 switch 6\n>p2 move substitute\n>p1 move dragondance\n>p2 move leechseed\n>p1 move dualwingbeat\n>p2 move poltergeist\n>p2 switch 4\n>p1 move earthquake\n>p2 move shadowsneak\n>p2 switch 2\n>p1 move dualwingbeat\n>p2 move ivycudgel", "uploadtime": 1782874226, "views": 4, "formatid": "gen9randombattle", "rating": 1915, "private": 0, "password": null, "player_dets": [{"name": "framegame321", "avatar": "102", "rating": 2007, "seed": "sodium,1bee35a1ed658728ef24b02ac64b8372"}, {"name": "forcemajor14", "avatar": "169", "rating": 1971, "seed": "sodium,96d4330e4f64e4babc5998fbf6a2a55e"}], "teams_full": [{"Baxcalibur": {"name": "Baxcalibur", "species": "Baxcalibur", "speciesId": "baxcalibur", "gender": "F", "shiny": false, "level": 75, "moves": ["iciclecrash", "iceshard", "earthquake", "glaiverush"], "ability": "Thermal Exchange", "evs": {"hp": 81, "atk": 85, "def": 85, "spa": 85, "spd": 85, "spe": 85}, "ivs": {"hp": 31, "atk": 31, "def": 31, "spa": 31, "spd": 31, "spe": 31}, "item": "Choice Band", "teraType": "Dragon", "role": "Fast Attacker", "bvs": {"hp": 115, "atk": 145, "def": 92, "spa": 75, "spd": 86, "spe": 87}, "stats": {"hp": 295, "atk": 261, "def": 182, "spa": 156, "spd": 173, "spe": 174}, "types": ["Dragon", "Ice"]}, "Yanmega": {"name": "Yanmega", "species": "Yanmega", "speciesId": "yanmega", "gender": "F", "shiny": false, "level": 82, "moves": ["bugbuzz", "uturn", "airslash", "gigadrain"], "ability": "Tinted Lens", "evs": {"hp": 85, "atk": 85, "def": 85, "spa": 85, "spd": 85, "spe": 85}, "ivs": {"hp": 31, "atk": 31, "def": 31, "spa": 31, "spd": 31, "spe": 31}, "item": "Choice Specs", "teraType": "Bug", "role": "Wallbreaker", "bvs": {"hp": 86, "atk": 76, "def": 86, "spa": 116, "spd": 56, "spe": 95}, "stats": {"hp": 275, "atk": 172, "def": 188, "spa": 237, "spd": 139, "spe": 203}, "types": ["Bug", "Flying"]}, "Garganacl": {"name": "Garganacl", "species": "Garganacl", "speciesId": "garganacl", "gender": "F", "shiny": false, "level": 80, "moves": ["saltcure", "bodypress", "recover", "irondefense"], "ability": "Purifying Salt", "evs": {"hp": 85, "atk": 85, "def": 85, "spa": 85, "spd": 85, "spe": 85}, "ivs": {"hp": 31, "atk": 31, "def": 31, "spa": 31, "spd": 31, "spe": 31}, "item": "Leftovers", "teraType": "Ghost", "role": "Bulky Setup", "bvs": {"hp": 100, "atk": 100, "def": 130, "spa": 45, "spd": 90, "spe": 35}, "stats": {"hp": 291, "atk": 206, "def": 254, "spa": 118, "spd": 190, "spe": 102}, "types": ["Rock"]}, "Falinks": {"name": "Falinks", "species": "Falinks", "speciesId": "falinks", "gender": "N", "shiny": false, "level": 84, "moves": ["closecombat", "noretreat", "ironhead", "knockoff"], "ability": "Defiant", "evs": {"hp": 85, "atk": 85, "def": 85, "spa": 85, "spd": 85, "spe": 85}, "ivs": {"hp": 31, "atk": 31, "def": 31, "spa": 31, "spd": 31, "spe": 31}, "item": "Life Orb", "teraType": "Steel", "role": "Setup Sweeper", "bvs": {"hp": 65, "atk": 100, "def": 100, "spa": 70, "spd": 60, "spe": 75}, "stats": {"hp": 246, "atk": 216, "def": 216, "spa": 166, "spd": 149, "spe": 174}, "types": ["Fighting"]}, "Pincurchin": {"name": "Pincurchin", "species": "Pincurchin", "speciesId": "pincurchin", "gender": "F", "shiny": false, "level": 100, "moves": ["recover", "discharge", "spikes", "scald"], "ability": "Electric Surge", "evs": {"hp": 85, "atk": 0, "def": 85, "spa": 85, "spd": 85, "spe": 85}, "ivs": {"hp": 31, "atk": 0, "def": 31, "spa": 31, "spd": 31, "spe": 31}, "item": "Leftovers", "teraType": "Water", "role": "Bulky Attacker", "bvs": {"hp": 48, "atk": 101, "def": 95, "spa": 91, "spd": 85, "spe": 15}, "stats": {"hp": 258, "atk": 207, "def": 247, "spa": 239, "spd": 227, "spe": 87}, "types": ["Electric"]}, "Salamence": {"name": "Salamence", "species": "Salamence", "speciesId": "salamence", "gender": "M", "shiny": false, "level": 77, "moves": ["earthquake", "outrage", "dragondance", "dualwingbeat"], "ability": "Moxie", "evs": {"hp": 85, "atk": 85, "def": 85, "spa": 85, "spd": 85, "spe": 85}, "ivs": {"hp": 31, "atk": 31, "def": 31, "spa": 31, "spd": 31, "spe": 31}, "item": "Heavy-Duty Boots", "teraType": "Steel", "role": "Setup Sweeper", "bvs": {"hp": 95, "atk": 135, "def": 80, "spa": 110, "spd": 80, "spe": 100}, "stats": {"hp": 273, "atk": 252, "def": 168, "spa": 214, "spd": 168, "spe": 199}, "types": ["Dragon", "Flying"]}}, {"Ogerpon": {"name": "Ogerpon", "species": "Ogerpon", "speciesId": "ogerpon", "gender": "F", "shiny": false, "level": 80, "moves": ["spikes", "ivycudgel", "synthesis", "uturn"], "ability": "Defiant", "evs": {"hp": 85, "atk": 85, "def": 85, "spa": 85, "spd": 85, "spe": 85}, "ivs": {"hp": 31, "atk": 31, "def": 31, "spa": 31, "spd": 31, "spe": 31}, "item": "Heavy-Duty Boots", "teraType": "Grass", "role": "Fast Support", "bvs": {"hp": 80, "atk": 120, "def": 84, "spa": 60, "spd": 96, "spe": 110}, "stats": {"hp": 259, "atk": 238, "def": 181, "spa": 142, "spd": 200, "spe": 222}, "types": ["Grass"]}, "Grimmsnarl": {"name": "Grimmsnarl", "species": "Grimmsnarl", "speciesId": "grimmsnarl", "gender": "M", "shiny": false, "level": 83, "moves": ["reflect", "partingshot", "lightscreen", "spiritbreak"], "ability": "Prankster", "evs": {"hp": 85, "atk": 85, "def": 85, "spa": 85, "spd": 85, "spe": 85}, "ivs": {"hp": 31, "atk": 31, "def": 31, "spa": 31, "spd": 31, "spe": 31}, "item": "Light Clay", "teraType": "Steel", "role": "Bulky Support", "bvs": {"hp": 95, "atk": 120, "def": 65, "spa": 95, "spd": 75, "spe": 60}, "stats": {"hp": 293, "atk": 247, "def": 156, "spa": 205, "spd": 172, "spe": 147}, "types": ["Dark", "Fairy"]}, "Mimikyu": {"name": "Mimikyu", "species": "Mimikyu", "speciesId": "mimikyu", "gender": "M", "shiny": false, "level": 79, "moves": ["shadowsneak", "shadowclaw", "playrough", "swordsdance"], "ability": "Disguise", "evs": {"hp": 85, "atk": 85, "def": 85, "spa": 85, "spd": 85, "spe": 85}, "ivs": {"hp": 31, "atk": 31, "def": 31, "spa": 31, "spd": 31, "spe": 31}, "item": "Life Orb", "teraType": "Fairy", "role": "Fast Bulky Setup", "bvs": {"hp": 55, "atk": 90, "def": 80, "spa": 50, "spd": 105, "spe": 96}, "stats": {"hp": 216, "atk": 188, "def": 172, "spa": 125, "spd": 211, "spe": 197}, "types": ["Ghost", "Fairy"]}, "Brambleghast": {"name": "Brambleghast", "species": "Brambleghast", "speciesId": "brambleghast", "gender": "M", "shiny": false, "level": 88, "moves": ["powerwhip", "poltergeist", "substitute", "leechseed"], "ability": "Wind Rider", "evs": {"hp": 85, "atk": 85, "def": 85, "spa": 85, "spd": 85, "spe": 85}, "ivs": {"hp": 31, "atk": 31, "def": 31, "spa": 31, "spd": 31, "spe": 31}, "item": "Leftovers", "teraType": "Fairy", "role": "Fast Support", "bvs": {"hp": 55, "atk": 115, "def": 70, "spa": 80, "spd": 70, "spe": 90}, "stats": {"hp": 240, "atk": 253, "def": 173, "spa": 191, "spd": 173, "spe": 209}, "types": ["Grass", "Ghost"]}, "Greedent": {"name": "Greedent", "species": "Greedent", "speciesId": "greedent", "gender": "M", "shiny": false, "level": 86, "moves": ["earthquake", "knockoff", "swordsdance", "doubleedge"], "ability": "Cheek Pouch", "evs": {"hp": 85, "atk": 85, "def": 85, "spa": 85, "spd": 85, "spe": 85}, "ivs": {"hp": 31, "atk": 31, "def": 31, "spa": 31, "spd": 31, "spe": 31}, "item": "Sitrus Berry", "teraType": "Ghost", "role": "Bulky Setup", "bvs": {"hp": 120, "atk": 95, "def": 95, "spa": 55, "spd": 75, "spe": 20}, "stats": {"hp": 347, "atk": 213, "def": 213, "spa": 144, "spd": 178, "spe": 84}, "types": ["Normal"]}, "Flamigo": {"name": "Flamigo", "species": "Flamigo", "speciesId": "flamigo", "gender": "M", "shiny": false, "level": 82, "moves": ["bravebird", "closecombat", "uturn", "throatchop"], "ability": "Scrappy", "evs": {"hp": 85, "atk": 85, "def": 85, "spa": 85, "spd": 85, "spe": 85}, "ivs": {"hp": 31, "atk": 31, "def": 31, "spa": 31, "spd": 31, "spe": 31}, "item": "Choice Band", "teraType": "Fighting", "role": "Fast Attacker", "bvs": {"hp": 82, "atk": 115, "def": 74, "spa": 75, "spd": 64, "spe": 90}, "stats": {"hp": 269, "atk": 236, "def": 169, "spa": 170, "spd": 152, "spe": 195}, "types": ["Flying", "Fighting"]}}]}