{"id": "gen9randombattle-2641659938", "format": "[Gen 9] Random Battle", "players": ["neroid", "testbotcif"], "log": "|j|\u2606neroid\n|j|\u2606testbotcif\n|t:|1782826275\n|gametype|singles\n|player|p1|neroid|scientist-gen4|1295\n|player|p2|testbotcif|266|1293\n|gen|9\n|tier|[Gen 9] Random Battle\n|rated|\n|rule|Species Clause: Limit one of each Pok\u00e9mon\n|rule|HP Percentage Mod: HP is shown in percentages\n|rule|Sleep Clause Mod: Limit one foe put to sleep\n|rule|Illusion Level Mod: Illusion disguises the Pok\u00e9mon's true level\n|\n|t:|1782826275\n|teamsize|p1|6\n|teamsize|p2|6\n|start\n|switch|p1a: Plusle|Plusle, L95, M|268/268\n|switch|p2a: Probopass|Probopass, L91, M|257/257\n|turn|1\n|c|\u2606testbotcif|rlhf\n|inactive|Battle timer is ON: inactive players will automatically lose when time's up. (requested by neroid)\n|inactive|testbotcif also wants the timer to be on.\n|\n|t:|1782826283\n|switch|p1a: Whimsicott|Whimsicott, L84, F|238/238\n|-terastallize|p2a: Probopass|Fighting\n|move|p2a: Probopass|Iron Defense|p2a: Probopass\n|-boost|p2a: Probopass|def|2\n|\n|upkeep\n|turn|2\n|\n|t:|1782826285\n|move|p1a: Whimsicott|Encore|p2a: Probopass\n|-start|p2a: Probopass|Encore\n|move|p2a: Probopass|Iron Defense|p2a: Probopass\n|-boost|p2a: Probopass|def|2\n|\n|upkeep\n|turn|3\n|\n|t:|1782826293\n|move|p1a: Whimsicott|Leech Seed|p2a: Probopass\n|-start|p2a: Probopass|move: Leech Seed\n|move|p2a: Probopass|Iron Defense|p2a: Probopass\n|-boost|p2a: Probopass|def|2\n|\n|-damage|p2a: Probopass|225/257|[from] Leech Seed|[of] p1a: Whimsicott\n|upkeep\n|turn|4\n|c|\u2606neroid|sorry what?\n|\n|t:|1782826300\n|move|p1a: Whimsicott|Substitute|p1a: Whimsicott\n|-start|p1a: Whimsicott|Substitute\n|-damage|p1a: Whimsicott|179/238\n|move|p2a: Probopass|Iron Defense|p2a: Probopass\n|-boost|p2a: Probopass|def|0\n|\n|-heal|p1a: Whimsicott|193/238|[from] item: Leftovers\n|-damage|p2a: Probopass|193/257|[from] Leech Seed|[of] p1a: Whimsicott\n|-heal|p1a: Whimsicott|225/238|[silent]\n|-end|p2a: Probopass|Encore\n|upkeep\n|turn|5\n|\n|t:|1782826305\n|move|p1a: Whimsicott|Encore|p2a: Probopass\n|-start|p2a: Probopass|Encore\n|move|p2a: Probopass|Iron Defense|p2a: Probopass\n|-boost|p2a: Probopass|def|0\n|\n|-heal|p1a: Whimsicott|238/238|[from] item: Leftovers\n|-damage|p2a: Probopass|161/257|[from] Leech Seed|[of] p1a: Whimsicott\n|upkeep\n|turn|6\n|\n|t:|1782826307\n|move|p1a: Whimsicott|Moonblast|p2a: Probopass\n|-supereffective|p2a: Probopass\n|-damage|p2a: Probopass|47/257\n|move|p2a: Probopass|Iron Defense|p2a: Probopass\n|-boost|p2a: Probopass|def|0\n|\n|-damage|p2a: Probopass|15/257|[from] Leech Seed|[of] p1a: Whimsicott\n|upkeep\n|turn|7\n|\n|t:|1782826310\n|move|p1a: Whimsicott|Moonblast|p2a: Probopass\n|-supereffective|p2a: Probopass\n|-damage|p2a: Probopass|0 fnt\n|faint|p2a: Probopass\n|\n|upkeep\n|\n|t:|1782826310\n|switch|p2a: Beartic|Beartic, L91, M|321/321\n|turn|8\n|\n|t:|1782826314\n|move|p1a: Whimsicott|Moonblast|p2a: Beartic\n|-damage|p2a: Beartic|243/321\n|-unboost|p2a: Beartic|spa|1\n|move|p2a: Beartic|Swords Dance|p2a: Beartic\n|-boost|p2a: Beartic|atk|2\n|\n|upkeep\n|turn|9\n|\n|t:|1782826319\n|move|p1a: Whimsicott|Encore|p2a: Beartic\n|-start|p2a: Beartic|Encore\n|move|p2a: Beartic|Swords Dance|p2a: Beartic\n|-boost|p2a: Beartic|atk|2\n|\n|upkeep\n|turn|10\n|\n|t:|1782826320\n|move|p1a: Whimsicott|Leech Seed|p2a: Beartic\n|-start|p2a: Beartic|move: Leech Seed\n|move|p2a: Beartic|Swords Dance|p2a: Beartic\n|-boost|p2a: Beartic|atk|2\n|\n|-damage|p2a: Beartic|203/321|[from] Leech Seed|[of] p1a: Whimsicott\n|upkeep\n|turn|11\n|\n|t:|1782826323\n|move|p1a: Whimsicott|Moonblast|p2a: Beartic\n|-damage|p2a: Beartic|115/321\n|-unboost|p2a: Beartic|spa|1\n|move|p2a: Beartic|Swords Dance|p2a: Beartic\n|-boost|p2a: Beartic|atk|0\n|\n|-damage|p2a: Beartic|75/321|[from] Leech Seed|[of] p1a: Whimsicott\n|-end|p2a: Beartic|Encore\n|upkeep\n|turn|12\n|\n|t:|1782826325\n|move|p1a: Whimsicott|Encore|p2a: Beartic\n|-start|p2a: Beartic|Encore\n|move|p2a: Beartic|Swords Dance|p2a: Beartic\n|-boost|p2a: Beartic|atk|0\n|\n|-damage|p2a: Beartic|35/321|[from] Leech Seed|[of] p1a: Whimsicott\n|upkeep\n|turn|13\n|\n|t:|1782826327\n|move|p1a: Whimsicott|Moonblast|p2a: Beartic\n|-damage|p2a: Beartic|0 fnt\n|faint|p2a: Beartic\n|\n|upkeep\n|\n|t:|1782826328\n|switch|p2a: Leavanny|Leavanny, L86, F|269/269\n|turn|14\n|\n|t:|1782826330\n|move|p1a: Whimsicott|Moonblast|p2a: Leavanny\n|-damage|p2a: Leavanny|184/269\n|move|p2a: Leavanny|Bullet Seed|p1a: Whimsicott\n|-resisted|p1a: Whimsicott\n|-activate|p1a: Whimsicott|move: Substitute|[damage]\n|-resisted|p1a: Whimsicott\n|-activate|p1a: Whimsicott|move: Substitute|[damage]\n|-resisted|p1a: Whimsicott\n|-activate|p1a: Whimsicott|move: Substitute|[damage]\n|-resisted|p1a: Whimsicott\n|-end|p1a: Whimsicott|Substitute\n|-hitcount|p1a: Whimsicott|4\n|\n|upkeep\n|turn|15\n|\n|t:|1782826334\n|move|p1a: Whimsicott|Encore|p2a: Leavanny\n|-start|p2a: Leavanny|Encore\n|move|p2a: Leavanny|Bullet Seed|p1a: Whimsicott\n|-resisted|p1a: Whimsicott\n|-damage|p1a: Whimsicott|223/238\n|-resisted|p1a: Whimsicott\n|-damage|p1a: Whimsicott|209/238\n|-resisted|p1a: Whimsicott\n|-damage|p1a: Whimsicott|194/238\n|-resisted|p1a: Whimsicott\n|-damage|p1a: Whimsicott|179/238\n|-resisted|p1a: Whimsicott\n|-damage|p1a: Whimsicott|165/238\n|-hitcount|p1a: Whimsicott|5\n|\n|-heal|p1a: Whimsicott|179/238|[from] item: Leftovers\n|upkeep\n|turn|16\n|\n|t:|1782826337\n|move|p1a: Whimsicott|Moonblast|p2a: Leavanny\n|-damage|p2a: Leavanny|87/269\n|move|p2a: Leavanny|Bullet Seed|p1a: Whimsicott\n|-resisted|p1a: Whimsicott\n|-damage|p1a: Whimsicott|164/238\n|-resisted|p1a: Whimsicott\n|-damage|p1a: Whimsicott|148/238\n|-resisted|p1a: Whimsicott\n|-damage|p1a: Whimsicott|132/238\n|-resisted|p1a: Whimsicott\n|-damage|p1a: Whimsicott|116/238\n|-resisted|p1a: Whimsicott\n|-damage|p1a: Whimsicott|99/238\n|-hitcount|p1a: Whimsicott|5\n|\n|-heal|p1a: Whimsicott|113/238|[from] item: Leftovers\n|upkeep\n|turn|17\n|\n|t:|1782826338\n|move|p1a: Whimsicott|Moonblast|p2a: Leavanny\n|-damage|p2a: Leavanny|0 fnt\n|faint|p2a: Leavanny\n|\n|-heal|p1a: Whimsicott|127/238|[from] item: Leftovers\n|upkeep\n|\n|t:|1782826338\n|switch|p2a: Lunala|Lunala, L70|308/308\n|turn|18\n|\n|t:|1782826343\n|move|p1a: Whimsicott|Leech Seed|p2a: Lunala\n|-start|p2a: Lunala|move: Leech Seed\n|move|p2a: Lunala|Calm Mind|p2a: Lunala\n|-boost|p2a: Lunala|spa|1\n|-boost|p2a: Lunala|spd|1\n|\n|-heal|p1a: Whimsicott|141/238|[from] item: Leftovers\n|-damage|p2a: Lunala|270/308|[from] Leech Seed|[of] p1a: Whimsicott\n|-heal|p1a: Whimsicott|179/238|[silent]\n|upkeep\n|turn|19\n|\n|t:|1782826346\n|move|p1a: Whimsicott|Encore|p2a: Lunala\n|-start|p2a: Lunala|Encore\n|move|p2a: Lunala|Calm Mind|p2a: Lunala\n|-boost|p2a: Lunala|spa|1\n|-boost|p2a: Lunala|spd|1\n|\n|-heal|p1a: Whimsicott|193/238|[from] item: Leftovers\n|-heal|p2a: Lunala|289/308|[from] item: Leftovers\n|-damage|p2a: Lunala|251/308|[from] Leech Seed|[of] p1a: Whimsicott\n|-heal|p1a: Whimsicott|231/238|[silent]\n|upkeep\n|turn|20\n|\n|t:|1782826369\n|switch|p1a: Wyrdeer|Wyrdeer, L87, M|321/321\n|-ability|p1a: Wyrdeer|Intimidate|boost\n|-unboost|p2a: Lunala|atk|1\n|move|p2a: Lunala|Calm Mind|p2a: Lunala\n|-boost|p2a: Lunala|spa|1\n|-boost|p2a: Lunala|spd|1\n|\n|-heal|p2a: Lunala|270/308|[from] item: Leftovers\n|-damage|p2a: Lunala|232/308|[from] Leech Seed|[of] p1a: Wyrdeer\n|upkeep\n|turn|21\n|\n|t:|1782826373\n|switch|p2a: Mamoswine|Mamoswine, L81, F|311/311\n|move|p1a: Wyrdeer|Earthquake|p2a: Mamoswine\n|-damage|p2a: Mamoswine|224/311\n|\n|upkeep\n|turn|22\n|\n|t:|1782826376\n|move|p2a: Mamoswine|Earthquake|p1a: Wyrdeer\n|-damage|p1a: Wyrdeer|107/321\n|move|p1a: Wyrdeer|Body Slam|p2a: Mamoswine\n|-damage|p2a: Mamoswine|116/311\n|-status|p2a: Mamoswine|par\n|\n|-heal|p1a: Wyrdeer|127/321|[from] item: Leftovers\n|upkeep\n|turn|23\n|\n|t:|1782826380\n|move|p1a: Wyrdeer|Body Slam|p2a: Mamoswine\n|-damage|p2a: Mamoswine|8/311 par\n|move|p2a: Mamoswine|Earthquake|p1a: Wyrdeer\n|-damage|p1a: Wyrdeer|0 fnt\n|faint|p1a: Wyrdeer\n|\n|upkeep\n|\n|t:|1782826383\n|switch|p1a: Coalossal|Coalossal, L89, M|341/341\n|turn|24\n|\n|t:|1782826385\n|move|p1a: Coalossal|Rapid Spin|p2a: Mamoswine\n|-damage|p2a: Mamoswine|0 fnt\n|-boost|p1a: Coalossal|spe|1\n|faint|p2a: Mamoswine\n|\n|upkeep\n|\n|t:|1782826385\n|switch|p2a: Slowking|Slowking, L88, M|310/310\n|turn|25\n|\n|t:|1782826388\n|move|p1a: Coalossal|Spikes|p2a: Slowking\n|-sidestart|p2: testbotcif|Spikes\n|move|p2a: Slowking|Thunder Wave|p1a: Coalossal\n|-status|p1a: Coalossal|par\n|\n|upkeep\n|turn|26\n|\n|t:|1782826390\n|move|p2a: Slowking|Scald|p1a: Coalossal\n|-supereffective|p1a: Coalossal\n|-damage|p1a: Coalossal|0 fnt\n|faint|p1a: Coalossal\n|\n|upkeep\n|\n|t:|1782826393\n|switch|p1a: Keldeo|Keldeo-Resolute, L79|273/273\n|turn|27\n|\n|t:|1782826399\n|switch|p2a: Lunala|Lunala, L70|232/308\n|-damage|p2a: Lunala|194/308|[from] Spikes\n|move|p1a: Keldeo|Flip Turn|p2a: Lunala\n|-damage|p2a: Lunala|145/308\n|\n|t:|1782826402\n|switch|p1a: Whimsicott|Whimsicott, L84, F|231/238|[from] Flip Turn\n|\n|-heal|p1a: Whimsicott|238/238|[from] item: Leftovers\n|-heal|p2a: Lunala|164/308|[from] item: Leftovers\n|upkeep\n|turn|28\n|\n|t:|1782826404\n|move|p1a: Whimsicott|Moonblast|p2a: Lunala\n|-damage|p2a: Lunala|85/308\n|move|p2a: Lunala|Moonlight|p2a: Lunala\n|-heal|p2a: Lunala|239/308\n|\n|-heal|p2a: Lunala|258/308|[from] item: Leftovers\n|upkeep\n|turn|29\n|\n|t:|1782826407\n|move|p1a: Whimsicott|Encore|p2a: Lunala\n|-start|p2a: Lunala|Encore\n|move|p2a: Lunala|Moonlight|p2a: Lunala\n|-heal|p2a: Lunala|308/308\n|\n|upkeep\n|turn|30\n|\n|t:|1782826410\n|switch|p1a: Keldeo|Keldeo-Resolute, L79|273/273\n|move|p2a: Lunala|Moonlight|p2a: Lunala\n|-fail|p2a: Lunala|heal\n|\n|upkeep\n|turn|31\n|\n|t:|1782826417\n|switch|p2a: Slowking|Slowking, L88, M|310/310\n|-damage|p2a: Slowking|272/310|[from] Spikes\n|move|p1a: Keldeo|Hydro Pump|p2a: Slowking|[miss]\n|-miss|p1a: Keldeo|p2a: Slowking\n|\n|-heal|p2a: Slowking|291/310|[from] item: Leftovers\n|upkeep\n|turn|32\n|\n|t:|1782826420\n|move|p1a: Keldeo|Hydro Pump|p2a: Slowking\n|-resisted|p2a: Slowking\n|-damage|p2a: Slowking|240/310\n|move|p2a: Slowking|Psyshock|p1a: Keldeo\n|-supereffective|p1a: Keldeo\n|-damage|p1a: Keldeo|69/273\n|\n|-heal|p2a: Slowking|259/310|[from] item: Leftovers\n|upkeep\n|turn|33\n|\n|t:|1782826424\n|switch|p1a: Plusle|Plusle, L95, M|268/268\n|move|p2a: Slowking|Slack Off|p2a: Slowking\n|-heal|p2a: Slowking|310/310\n|\n|upkeep\n|turn|34\n|\n|t:|1782826425\n|switch|p2a: Lunala|Lunala, L70|308/308\n|-damage|p2a: Lunala|270/308|[from] Spikes\n|move|p1a: Plusle|Nasty Plot|p1a: Plusle\n|-boost|p1a: Plusle|spa|2\n|\n|-heal|p2a: Lunala|289/308|[from] item: Leftovers\n|upkeep\n|turn|35\n|\n|t:|1782826428\n|move|p1a: Plusle|Thunderbolt|p2a: Lunala\n|-damage|p2a: Lunala|19/308\n|-status|p2a: Lunala|par\n|-damage|p1a: Plusle|242/268|[from] item: Life Orb\n|move|p2a: Lunala|Moonlight|p2a: Lunala\n|-heal|p2a: Lunala|173/308 par\n|\n|-heal|p2a: Lunala|192/308 par|[from] item: Leftovers\n|upkeep\n|turn|36\n|\n|t:|1782826431\n|move|p1a: Plusle|Encore|p2a: Lunala\n|-start|p2a: Lunala|Encore\n|move|p2a: Lunala|Moonlight|p2a: Lunala\n|-heal|p2a: Lunala|308/308 par\n|\n|upkeep\n|turn|37\n|\n|t:|1782826432\n|move|p1a: Plusle|Thunderbolt|p2a: Lunala\n|-damage|p2a: Lunala|170/308 par\n|-damage|p1a: Plusle|216/268|[from] item: Life Orb\n|move|p2a: Lunala|Moonlight|p2a: Lunala\n|-heal|p2a: Lunala|308/308 par\n|\n|upkeep\n|turn|38\n|\n|t:|1782826435\n|move|p1a: Plusle|Thunderbolt|p2a: Lunala\n|-damage|p2a: Lunala|163/308 par\n|-damage|p1a: Plusle|190/268|[from] item: Life Orb\n|cant|p2a: Lunala|par\n|\n|-heal|p2a: Lunala|182/308 par|[from] item: Leftovers\n|-end|p2a: Lunala|Encore\n|upkeep\n|turn|39\n|\n|t:|1782826437\n|move|p1a: Plusle|Nasty Plot|p1a: Plusle\n|-boost|p1a: Plusle|spa|2\n|cant|p2a: Lunala|par\n|\n|-heal|p2a: Lunala|201/308 par|[from] item: Leftovers\n|upkeep\n|turn|40\n|\n|t:|1782826441\n|move|p1a: Plusle|Thunderbolt|p2a: Lunala\n|-damage|p2a: Lunala|0 fnt\n|faint|p2a: Lunala\n|-damage|p1a: Plusle|164/268|[from] item: Life Orb\n|\n|upkeep\n|\n|t:|1782826441\n|switch|p2a: Slowking|Slowking, L88, M|310/310\n|-damage|p2a: Slowking|272/310|[from] Spikes\n|turn|41\n|\n|t:|1782826442\n|move|p1a: Plusle|Thunderbolt|p2a: Slowking\n|-supereffective|p2a: Slowking\n|-damage|p2a: Slowking|0 fnt\n|faint|p2a: Slowking\n|-damage|p1a: Plusle|138/268|[from] item: Life Orb\n|\n|win|neroid\n|raw|neroid's rating: 1295 &rarr; <strong>1320</strong><br />(+25 for winning)\n|raw|testbotcif's rating: 1293 &rarr; <strong>1268</strong><br />(-25 for losing)\n", "inputlog": ">version f8ac14003a5f27e1bdc8d8c59608a773c1cb96e5\n>start {\"formatid\":\"gen9randombattle\",\"seed\":\"sodium,b55d54be5fe49829aa6a22e298cb9d34\",\"rated\":\"Rated battle\"}\n>player p1 {\"name\":\"neroid\",\"avatar\":\"scientist-gen4\",\"rating\":1295,\"seed\":\"sodium,9f210198cf7303e8c2b527f3e55f6c15\"}\n>player p2 {\"name\":\"testbotcif\",\"avatar\":\"266\",\"rating\":1293,\"seed\":\"sodium,5c8dd3c9b1134402ea2a98387a3af7ca\"}\n>chat \u2606testbotcif|rlhf\n>p1 switch 6\n>p2 move irondefense terastallize\n>p1 move encore\n>p2 move flashcannon\n>p1 move leechseed\n>p2 move irondefense\n>chat \u2606neroid|sorry what?\n>p1 move substitute\n>p2 move irondefense\n>p1 move encore\n>p2 move irondefense\n>p1 move moonblast\n>p2 move irondefense\n>p1 move moonblast\n>p2 move irondefense\n>p2 switch 3\n>p1 move moonblast\n>p2 move swordsdance\n>p1 move encore\n>p2 move iciclecrash\n>p1 move leechseed\n>p2 move swordsdance\n>p1 move moonblast\n>p2 move swordsdance\n>p1 move encore\n>p2 move iciclecrash\n>p1 move moonblast\n>p2 move swordsdance\n>p2 switch 6\n>p1 move moonblast\n>p2 move bulletseed\n>p1 move encore\n>p2 move bulletseed\n>p1 move moonblast\n>p2 move bulletseed\n>p1 move moonblast\n>p2 move bulletseed\n>p2 switch 4\n>p1 move leechseed\n>p2 move calmmind\n>p1 move encore\n>p2 move calmmind\n>p1 switch 5\n>p2 move calmmind\n>p1 move earthquake\n>p2 switch 2\n>p1 move bodyslam\n>p2 move earthquake\n>p1 move bodyslam\n>p2 move earthquake\n>p1 switch 2\n>p1 move rapidspin\n>p2 move earthquake\n>p2 switch 5\n>p1 move spikes\n>p2 move thunderwave\n>p1 move spikes\n>p2 move scald\n>p1 switch 4\n>p1 move flipturn\n>p2 switch 2\n>p1 switch 5\n>p1 move moonblast\n>p2 move moonlight\n>p1 move encore\n>p2 move moonlight\n>p1 switch 5\n>p2 move moonlight\n>p1 move hydropump\n>p2 switch 2\n>p1 move hydropump\n>p2 move psyshock\n>p1 switch 6\n>p2 move slackoff\n>p1 move nastyplot\n>p2 switch 2\n>p1 move thunderbolt\n>p2 move moonlight\n>p1 move encore\n>p2 move moonlight\n>p1 move thunderbolt\n>p2 move moonlight\n>p1 move thunderbolt\n>p2 move moonlight\n>p1 move nastyplot\n>p2 move moonlight\n>p1 move thunderbolt\n>p2 move moonlight\n>p2 switch 2\n>p1 move thunderbolt\n>p2 move slackoff", "uploadtime": 1782826443, "views": 10, "formatid": "gen9randombattle", "rating": 1268, "private": 0, "password": null, "player_dets": [{"name": "neroid", "avatar": "scientist-gen4", "rating": 1295, "seed": "sodium,9f210198cf7303e8c2b527f3e55f6c15"}, {"name": "testbotcif", "avatar": "266", "rating": 1293, "seed": "sodium,5c8dd3c9b1134402ea2a98387a3af7ca"}], "teams_full": [{"Plusle": {"name": "Plusle", "species": "Plusle", "speciesId": "plusle", "gender": "M", "shiny": false, "level": 95, "moves": ["alluringvoice", "encore", "thunderbolt", "nastyplot"], "ability": "Lightning Rod", "evs": {"hp": 85, "atk": 0, "def": 85, "spa": 85, "spd": 85, "spe": 85}, "ivs": {"hp": 31, "atk": 0, "def": 31, "spa": 31, "spd": 31, "spe": 31}, "item": "Life Orb", "teraType": "Fairy", "role": "Setup Sweeper", "bvs": {"hp": 60, "atk": 50, "def": 40, "spa": 85, "spd": 75, "spe": 95}, "stats": {"hp": 268, "atk": 100, "def": 130, "spa": 215, "spd": 196, "spe": 234}, "types": ["Electric"]}, "Coalossal": {"name": "Coalossal", "species": "Coalossal", "speciesId": "coalossal", "gender": "M", "shiny": false, "level": 89, "moves": ["stoneedge", "overheat", "spikes", "rapidspin"], "ability": "Flame Body", "evs": {"hp": 85, "atk": 85, "def": 85, "spa": 85, "spd": 85, "spe": 85}, "ivs": {"hp": 31, "atk": 31, "def": 31, "spa": 31, "spd": 31, "spe": 31}, "item": "Heavy-Duty Boots", "teraType": "Grass", "role": "Bulky Support", "bvs": {"hp": 110, "atk": 80, "def": 120, "spa": 80, "spd": 90, "spe": 30}, "stats": {"hp": 341, "atk": 193, "def": 264, "spa": 193, "spd": 211, "spe": 104}, "types": ["Rock", "Fire"]}, "Delphox": {"name": "Delphox", "species": "Delphox", "speciesId": "delphox", "gender": "F", "shiny": false, "level": 84, "moves": ["focusblast", "fireblast", "grassknot", "psyshock"], "ability": "Blaze", "evs": {"hp": 85, "atk": 0, "def": 85, "spa": 85, "spd": 85, "spe": 85}, "ivs": {"hp": 31, "atk": 0, "def": 31, "spa": 31, "spd": 31, "spe": 31}, "item": "Choice Specs", "teraType": "Grass", "role": "Fast Attacker", "bvs": {"hp": 75, "atk": 69, "def": 72, "spa": 114, "spd": 100, "spe": 104}, "stats": {"hp": 263, "atk": 120, "def": 169, "spa": 240, "spd": 216, "spe": 223}, "types": ["Fire", "Psychic"]}, "Keldeo": {"name": "Keldeo", "species": "Keldeo-Resolute", "speciesId": "keldeoresolute", "gender": "N", "shiny": false, "level": 79, "moves": ["flipturn", "hydropump", "airslash", "secretsword"], "ability": "Justified", "evs": {"hp": 85, "atk": 85, "def": 85, "spa": 85, "spd": 85, "spe": 85}, "ivs": {"hp": 31, "atk": 31, "def": 31, "spa": 31, "spd": 31, "spe": 31}, "item": "Choice Scarf", "teraType": "Water", "role": "Fast Attacker", "bvs": {"hp": 91, "atk": 72, "def": 90, "spa": 129, "spd": 90, "spe": 108}, "stats": {"hp": 273, "atk": 159, "def": 188, "spa": 249, "spd": 188, "spe": 216}, "types": ["Water", "Fighting"]}, "Wyrdeer": {"name": "Wyrdeer", "species": "Wyrdeer", "speciesId": "wyrdeer", "gender": "M", "shiny": false, "level": 87, "moves": ["psychicnoise", "bodyslam", "thunderwave", "earthquake"], "ability": "Intimidate", "evs": {"hp": 85, "atk": 85, "def": 85, "spa": 85, "spd": 85, "spe": 85}, "ivs": {"hp": 31, "atk": 31, "def": 31, "spa": 31, "spd": 31, "spe": 31}, "item": "Leftovers", "teraType": "Ground", "role": "Bulky Attacker", "bvs": {"hp": 103, "atk": 105, "def": 72, "spa": 105, "spd": 75, "spe": 65}, "stats": {"hp": 321, "atk": 232, "def": 175, "spa": 232, "spd": 180, "spe": 163}, "types": ["Normal", "Psychic"]}, "Whimsicott": {"name": "Whimsicott", "species": "Whimsicott", "speciesId": "whimsicott", "gender": "F", "shiny": false, "level": 84, "moves": ["leechseed", "encore", "moonblast", "substitute"], "ability": "Prankster", "evs": {"hp": 85, "atk": 0, "def": 85, "spa": 85, "spd": 85, "spe": 85}, "ivs": {"hp": 31, "atk": 0, "def": 31, "spa": 31, "spd": 31, "spe": 31}, "item": "Leftovers", "teraType": "Poison", "role": "Bulky Support", "bvs": {"hp": 60, "atk": 67, "def": 85, "spa": 77, "spd": 75, "spe": 116}, "stats": {"hp": 238, "atk": 117, "def": 191, "spa": 178, "spd": 174, "spe": 243}, "types": ["Grass", "Fairy"]}}, {"Probopass": {"name": "Probopass", "species": "Probopass", "speciesId": "probopass", "gender": "M", "shiny": false, "level": 91, "moves": ["rest", "flashcannon", "bodypress", "irondefense"], "ability": "Magnet Pull", "evs": {"hp": 85, "atk": 0, "def": 85, "spa": 85, "spd": 85, "spe": 85}, "ivs": {"hp": 31, "atk": 0, "def": 31, "spa": 31, "spd": 31, "spe": 31}, "item": "Chesto Berry", "teraType": "Fighting", "role": "Bulky Setup", "bvs": {"hp": 60, "atk": 55, "def": 145, "spa": 75, "spd": 150, "spe": 40}, "stats": {"hp": 257, "atk": 105, "def": 316, "spa": 188, "spd": 325, "spe": 125}, "types": ["Rock", "Steel"]}, "Mamoswine": {"name": "Mamoswine", "species": "Mamoswine", "speciesId": "mamoswine", "gender": "F", "shiny": false, "level": 81, "moves": ["iciclecrash", "earthquake", "knockoff", "iceshard"], "ability": "Thick Fat", "evs": {"hp": 85, "atk": 85, "def": 85, "spa": 85, "spd": 85, "spe": 85}, "ivs": {"hp": 31, "atk": 31, "def": 31, "spa": 31, "spd": 31, "spe": 31}, "item": "Choice Band", "teraType": "Ice", "role": "Wallbreaker", "bvs": {"hp": 110, "atk": 130, "def": 80, "spa": 70, "spd": 60, "spe": 80}, "stats": {"hp": 311, "atk": 257, "def": 176, "spa": 160, "spd": 144, "spe": 176}, "types": ["Ice", "Ground"]}, "Beartic": {"name": "Beartic", "species": "Beartic", "speciesId": "beartic", "gender": "M", "shiny": false, "level": 91, "moves": ["earthquake", "swordsdance", "closecombat", "iciclecrash"], "ability": "Swift Swim", "evs": {"hp": 85, "atk": 85, "def": 85, "spa": 85, "spd": 85, "spe": 85}, "ivs": {"hp": 31, "atk": 31, "def": 31, "spa": 31, "spd": 31, "spe": 31}, "item": "Heavy-Duty Boots", "teraType": "Fighting", "role": "Wallbreaker", "bvs": {"hp": 95, "atk": 130, "def": 80, "spa": 70, "spd": 80, "spe": 50}, "stats": {"hp": 321, "atk": 288, "def": 197, "spa": 179, "spd": 197, "spe": 143}, "types": ["Ice"]}, "Lunala": {"name": "Lunala", "species": "Lunala", "speciesId": "lunala", "gender": "N", "shiny": false, "level": 70, "moves": ["moonlight", "moongeistbeam", "psyshock", "calmmind"], "ability": "Shadow Shield", "evs": {"hp": 85, "atk": 0, "def": 85, "spa": 85, "spd": 85, "spe": 85}, "ivs": {"hp": 31, "atk": 0, "def": 31, "spa": 31, "spd": 31, "spe": 31}, "item": "Leftovers", "teraType": "Dark", "role": "Fast Bulky Setup", "bvs": {"hp": 137, "atk": 113, "def": 89, "spa": 137, "spd": 107, "spe": 97}, "stats": {"hp": 308, "atk": 163, "def": 166, "spa": 233, "spd": 191, "spe": 177}, "types": ["Psychic", "Ghost"]}, "Slowking": {"name": "Slowking", "species": "Slowking", "speciesId": "slowking", "gender": "M", "shiny": false, "level": 88, "moves": ["thunderwave", "scald", "psyshock", "slackoff"], "ability": "Regenerator", "evs": {"hp": 85, "atk": 0, "def": 85, "spa": 85, "spd": 85, "spe": 85}, "ivs": {"hp": 31, "atk": 0, "def": 31, "spa": 31, "spd": 31, "spe": 31}, "item": "Leftovers", "teraType": "Fairy", "role": "Bulky Attacker", "bvs": {"hp": 95, "atk": 75, "def": 80, "spa": 100, "spd": 110, "spe": 30}, "stats": {"hp": 310, "atk": 137, "def": 191, "spa": 226, "spd": 244, "spe": 103}, "types": ["Water", "Psychic"]}, "Leavanny": {"name": "Leavanny", "species": "Leavanny", "speciesId": "leavanny", "gender": "F", "shiny": false, "level": 86, "moves": ["bulletseed", "knockoff", "stickyweb", "tripleaxel"], "ability": "Chlorophyll", "evs": {"hp": 85, "atk": 85, "def": 85, "spa": 85, "spd": 85, "spe": 85}, "ivs": {"hp": 31, "atk": 31, "def": 31, "spa": 31, "spd": 31, "spe": 31}, "item": "Loaded Dice", "teraType": "Ghost", "role": "Fast Attacker", "bvs": {"hp": 75, "atk": 103, "def": 80, "spa": 70, "spd": 80, "spe": 92}, "stats": {"hp": 269, "atk": 226, "def": 187, "spa": 170, "spd": 187, "spe": 207}, "types": ["Bug", "Grass"]}}]}