{"id": "gen9randombattle-2641764187", "format": "[Gen 9] Random Battle", "players": ["AlakazamHer", "yaserkira5"], "log": "|j|\u2606AlakazamHer\n|j|\u2606yaserkira5\n|t:|1782839114\n|gametype|singles\n|player|p1|AlakazamHer|102|2032\n|player|p2|yaserkira5|2|2012\n|gen|9\n|tier|[Gen 9] Random Battle\n|rated|\n|rule|Species Clause: Limit one of each Pok\u00e9mon\n|rule|HP Percentage Mod: HP is shown in percentages\n|rule|Sleep Clause Mod: Limit one foe put to sleep\n|rule|Illusion Level Mod: Illusion disguises the Pok\u00e9mon's true level\n|\n|t:|1782839114\n|teamsize|p1|6\n|teamsize|p2|6\n|start\n|switch|p1a: Venomoth|Venomoth, L84, M|255/255\n|switch|p2a: Infernape|Infernape, L82, F|259/259\n|turn|1\n|inactive|Battle timer is ON: inactive players will automatically lose when time's up. (requested by AlakazamHer)\n|\n|t:|1782839146\n|switch|p1a: Suicune|Suicune, L82|298/298\n|-ability|p1a: Suicune|Pressure\n|move|p2a: Infernape|Knock Off|p1a: Suicune\n|-damage|p1a: Suicune|220/298\n|-enditem|p1a: Suicune|Leftovers|[from] move: Knock Off|[of] p2a: Infernape\n|-damage|p2a: Infernape|234/259|[from] item: Life Orb\n|\n|upkeep\n|turn|2\n|\n|t:|1782839169\n|switch|p2a: Ludicolo|Ludicolo, L90, M|290/290\n|move|p1a: Suicune|Substitute|p1a: Suicune\n|-start|p1a: Suicune|Substitute\n|-damage|p1a: Suicune|146/298\n|\n|upkeep\n|turn|3\n|\n|t:|1782839176\n|move|p1a: Suicune|Protect|p1a: Suicune\n|-singleturn|p1a: Suicune|Protect\n|move|p2a: Ludicolo|Rain Dance|p2a: Ludicolo\n|-weather|RainDance\n|\n|-weather|RainDance|[upkeep]\n|upkeep\n|turn|4\n|\n|t:|1782839179\n|move|p2a: Ludicolo|Giga Drain|p1a: Suicune\n|-supereffective|p1a: Suicune\n|-end|p1a: Suicune|Substitute\n|-damage|p2a: Ludicolo|261/290|[from] item: Life Orb\n|move|p1a: Suicune|Scald|p2a: Ludicolo\n|-resisted|p2a: Ludicolo\n|-damage|p2a: Ludicolo|237/290\n|\n|-weather|RainDance|[upkeep]\n|upkeep\n|turn|5\n|\n|t:|1782839182\n|move|p1a: Suicune|Protect|p1a: Suicune\n|-singleturn|p1a: Suicune|Protect\n|move|p2a: Ludicolo|Giga Drain|p1a: Suicune\n|-activate|p1a: Suicune|move: Protect\n|\n|-weather|RainDance|[upkeep]\n|upkeep\n|turn|6\n|\n|t:|1782839187\n|switch|p1a: Sawsbuck|Sawsbuck, L88, F|284/284\n|move|p2a: Ludicolo|Giga Drain|p1a: Sawsbuck\n|-resisted|p1a: Sawsbuck\n|-damage|p1a: Sawsbuck|222/284\n|-heal|p2a: Ludicolo|268/290|[from] drain|[of] p1a: Sawsbuck\n|-damage|p2a: Ludicolo|239/290|[from] item: Life Orb\n|\n|-weather|RainDance|[upkeep]\n|upkeep\n|turn|7\n|\n|t:|1782839196\n|move|p2a: Ludicolo|Ice Beam|p1a: Sawsbuck\n|-supereffective|p1a: Sawsbuck\n|-damage|p1a: Sawsbuck|4/284\n|-damage|p2a: Ludicolo|210/290|[from] item: Life Orb\n|move|p1a: Sawsbuck|Horn Leech|p2a: Ludicolo\n|-damage|p2a: Ludicolo|70/290\n|-heal|p1a: Sawsbuck|74/284|[from] drain|[of] p2a: Ludicolo\n|-damage|p1a: Sawsbuck|46/284|[from] item: Life Orb\n|\n|-weather|none\n|upkeep\n|turn|8\n|\n|t:|1782839212\n|switch|p2a: Infernape|Infernape, L82, F|234/259\n|move|p1a: Sawsbuck|Headbutt|p2a: Infernape\n|-damage|p2a: Infernape|104/259\n|-damage|p1a: Sawsbuck|18/284|[from] item: Life Orb\n|\n|upkeep\n|turn|9\n|\n|t:|1782839220\n|move|p2a: Infernape|Knock Off|p1a: Sawsbuck\n|-damage|p1a: Sawsbuck|0 fnt\n|-enditem|p1a: Sawsbuck|Life Orb|[from] move: Knock Off|[of] p2a: Infernape\n|faint|p1a: Sawsbuck\n|-damage|p2a: Infernape|79/259|[from] item: Life Orb\n|\n|upkeep\n|\n|t:|1782839226\n|switch|p1a: Rampardos|Rampardos, L90, F|321/321\n|turn|10\n|\n|t:|1782839254\n|move|p2a: Infernape|Mach Punch|p1a: Rampardos\n|-supereffective|p1a: Rampardos\n|-damage|p1a: Rampardos|173/321\n|-damage|p2a: Infernape|54/259|[from] item: Life Orb\n|move|p1a: Rampardos|Head Smash|p2a: Infernape\n|-damage|p2a: Infernape|0 fnt\n|faint|p2a: Infernape\n|-damage|p1a: Rampardos|146/321|[from] Recoil\n|\n|upkeep\n|inactive|yaserkira5 has 120 seconds left.\n|\n|t:|1782839276\n|switch|p2a: Trevenant|Trevenant, L89, M|296/296\n|turn|11\n|\n|t:|1782839284\n|move|p1a: Rampardos|Head Smash|p2a: Trevenant\n|-damage|p2a: Trevenant|13/296\n|-enditem|p2a: Trevenant|Sitrus Berry|[eat]\n|-heal|p2a: Trevenant|87/296|[from] item: Sitrus Berry\n|-damage|p1a: Rampardos|4/321|[from] Recoil\n|move|p2a: Trevenant|Drain Punch|p1a: Rampardos\n|-supereffective|p1a: Rampardos\n|-damage|p1a: Rampardos|0 fnt\n|-heal|p2a: Trevenant|89/296|[from] drain|[of] p1a: Rampardos\n|faint|p1a: Rampardos\n|\n|-item|p2a: Trevenant|Sitrus Berry|[from] ability: Harvest\n|upkeep\n|-enditem|p2a: Trevenant|Sitrus Berry|[eat]\n|-heal|p2a: Trevenant|163/296|[from] item: Sitrus Berry\n|\n|t:|1782839288\n|switch|p1a: Gholdengo|Gholdengo, L77|261/261\n|turn|12\n|\n|t:|1782839296\n|switch|p2a: Smeargle|Smeargle, L95, M|258/258\n|move|p1a: Gholdengo|Shadow Ball|p2a: Smeargle\n|-immune|p2a: Smeargle\n|\n|upkeep\n|turn|13\n|\n|t:|1782839309\n|switch|p2a: Magcargo|Magcargo, L95, M|268/268\n|move|p1a: Gholdengo|Make It Rain|p2a: Magcargo\n|-damage|p2a: Magcargo|150/268\n|-unboost|p1a: Gholdengo|spa|1\n|\n|upkeep\n|turn|14\n|\n|t:|1782839320\n|switch|p1a: Suicune|Suicune, L82|146/298\n|-ability|p1a: Suicune|Pressure\n|move|p2a: Magcargo|Power Gem|p1a: Suicune\n|-damage|p1a: Suicune|55/298\n|\n|upkeep\n|turn|15\n|\n|t:|1782839325\n|switch|p2a: Trevenant|Trevenant, L89, M|163/296\n|move|p1a: Suicune|Scald|p2a: Trevenant\n|-resisted|p2a: Trevenant\n|-damage|p2a: Trevenant|122/296\n|\n|-item|p2a: Trevenant|Sitrus Berry|[from] ability: Harvest\n|upkeep\n|-enditem|p2a: Trevenant|Sitrus Berry|[eat]\n|-heal|p2a: Trevenant|196/296|[from] item: Sitrus Berry\n|turn|16\n|\n|t:|1782839333\n|move|p1a: Suicune|Scald|p2a: Trevenant\n|-resisted|p2a: Trevenant\n|-damage|p2a: Trevenant|158/296\n|move|p2a: Trevenant|Poltergeist||[still]\n|-fail|p2a: Trevenant\n|\n|-item|p2a: Trevenant|Sitrus Berry|[from] ability: Harvest\n|upkeep\n|turn|17\n|\n|t:|1782839342\n|move|p1a: Suicune|Scald|p2a: Trevenant\n|-resisted|p2a: Trevenant\n|-damage|p2a: Trevenant|122/296\n|-enditem|p2a: Trevenant|Sitrus Berry|[eat]\n|-heal|p2a: Trevenant|196/296|[from] item: Sitrus Berry\n|move|p2a: Trevenant|Drain Punch|p1a: Suicune\n|-damage|p1a: Suicune|0 fnt\n|-heal|p2a: Trevenant|224/296|[from] drain|[of] p1a: Suicune\n|faint|p1a: Suicune\n|\n|-item|p2a: Trevenant|Sitrus Berry|[from] ability: Harvest\n|upkeep\n|\n|t:|1782839360\n|switch|p1a: Venomoth|Venomoth, L84, M|255/255\n|turn|18\n|\n|t:|1782839362\n|move|p1a: Venomoth|Bug Buzz|p2a: Trevenant\n|-damage|p2a: Trevenant|133/296\n|-enditem|p2a: Trevenant|Sitrus Berry|[eat]\n|-heal|p2a: Trevenant|207/296|[from] item: Sitrus Berry\n|move|p2a: Trevenant|Poltergeist|p1a: Venomoth\n|-activate|p1a: Venomoth|move: Poltergeist|Heavy-Duty Boots\n|-crit|p1a: Venomoth\n|-damage|p1a: Venomoth|0 fnt\n|faint|p1a: Venomoth\n|\n|-item|p2a: Trevenant|Sitrus Berry|[from] ability: Harvest\n|upkeep\n|\n|t:|1782839364\n|switch|p1a: Gholdengo|Gholdengo, L77|261/261\n|turn|19\n|\n|t:|1782839368\n|move|p1a: Gholdengo|Shadow Ball|p2a: Trevenant\n|-supereffective|p2a: Trevenant\n|-damage|p2a: Trevenant|27/296\n|-enditem|p2a: Trevenant|Sitrus Berry|[eat]\n|-heal|p2a: Trevenant|101/296|[from] item: Sitrus Berry\n|move|p2a: Trevenant|Poltergeist|p1a: Gholdengo\n|-activate|p1a: Gholdengo|move: Poltergeist|Leftovers\n|-supereffective|p1a: Gholdengo\n|-damage|p1a: Gholdengo|0 fnt\n|faint|p1a: Gholdengo\n|\n|upkeep\n|-message|AlakazamHer forfeited.\n|\n|win|yaserkira5\n|raw|AlakazamHer's rating: 2032 &rarr; <strong>2011</strong><br />(-21 for losing)\n|raw|yaserkira5's rating: 2012 &rarr; <strong>2033</strong><br />(+21 for winning)\n", "inputlog": ">version f8ac14003a5f27e1bdc8d8c59608a773c1cb96e5\n>start {\"formatid\":\"gen9randombattle\",\"seed\":\"sodium,e07b062f9123d7a04ff3f5cb586ebd07\",\"rated\":\"Rated battle\"}\n>player p1 {\"name\":\"AlakazamHer\",\"avatar\":\"102\",\"rating\":2032,\"seed\":\"sodium,8e95b9b4919923c5b6b7e67639530e34\"}\n>player p2 {\"name\":\"yaserkira5\",\"avatar\":\"2\",\"rating\":2012,\"seed\":\"sodium,61495c34862fa7d03fa493ddab983b38\"}\n>p1 switch 2\n>p2 move knockoff\n>p1 move substitute\n>p2 switch 5\n>p1 move protect\n>p2 move raindance\n>p1 move scald\n>p2 move gigadrain\n>p1 move protect\n>p2 move gigadrain\n>p1 switch 6\n>p2 move gigadrain\n>p1 move hornleech\n>p2 move icebeam\n>p1 move headbutt\n>p2 switch 5\n>p1 move headbutt\n>p2 move knockoff\n>p1 switch 3\n>p1 move headsmash\n>p2 move machpunch\n>p2 switch 2\n>p1 move headsmash\n>p2 move drainpunch\n>p1 switch 5\n>p1 move shadowball\n>p2 switch 4\n>p1 move makeitrain\n>p2 switch 3\n>p1 switch 6\n>p2 move powergem\n>p1 move scald\n>p2 switch 4\n>p1 move scald\n>p2 move poltergeist\n>p1 move scald\n>p2 move drainpunch\n>p1 switch 2\n>p1 move bugbuzz\n>p2 move poltergeist\n>p1 switch 6\n>p1 move shadowball\n>p2 move poltergeist\n>forcelose p1", "uploadtime": 1782839371, "views": 7, "formatid": "gen9randombattle", "rating": 2011, "private": 0, "password": null, "player_dets": [{"name": "AlakazamHer", "avatar": "102", "rating": 2032, "seed": "sodium,8e95b9b4919923c5b6b7e67639530e34"}, {"name": "yaserkira5", "avatar": "2", "rating": 2012, "seed": "sodium,61495c34862fa7d03fa493ddab983b38"}], "teams_full": [{"Venomoth": {"name": "Venomoth", "species": "Venomoth", "speciesId": "venomoth", "gender": "M", "shiny": false, "level": 84, "moves": ["bugbuzz", "sludgewave", "sleeppowder", "quiverdance"], "ability": "Tinted Lens", "evs": {"hp": 85, "atk": 0, "def": 85, "spa": 85, "spd": 85, "spe": 85}, "ivs": {"hp": 31, "atk": 0, "def": 31, "spa": 31, "spd": 31, "spe": 31}, "item": "Heavy-Duty Boots", "teraType": "Steel", "role": "Setup Sweeper", "bvs": {"hp": 70, "atk": 65, "def": 60, "spa": 90, "spd": 75, "spe": 90}, "stats": {"hp": 255, "atk": 114, "def": 149, "spa": 199, "spd": 174, "spe": 199}, "types": ["Bug", "Poison"]}, "Suicune": {"name": "Suicune", "species": "Suicune", "speciesId": "suicune", "gender": "N", "shiny": false, "level": 82, "moves": ["substitute", "protect", "scald", "calmmind"], "ability": "Pressure", "evs": {"hp": 85, "atk": 0, "def": 85, "spa": 85, "spd": 85, "spe": 85}, "ivs": {"hp": 31, "atk": 0, "def": 31, "spa": 31, "spd": 31, "spe": 31}, "item": "Leftovers", "teraType": "Steel", "role": "Fast Support", "bvs": {"hp": 100, "atk": 75, "def": 115, "spa": 90, "spd": 115, "spe": 85}, "stats": {"hp": 298, "atk": 127, "def": 236, "spa": 195, "spd": 236, "spe": 187}, "types": ["Water"]}, "Rampardos": {"name": "Rampardos", "species": "Rampardos", "speciesId": "rampardos", "gender": "F", "shiny": false, "level": 90, "moves": ["headsmash", "rockslide", "earthquake", "firepunch"], "ability": "Sheer Force", "evs": {"hp": 85, "atk": 85, "def": 85, "spa": 85, "spd": 85, "spe": 85}, "ivs": {"hp": 31, "atk": 31, "def": 31, "spa": 31, "spd": 31, "spe": 31}, "item": "Choice Scarf", "teraType": "Ground", "role": "Fast Attacker", "bvs": {"hp": 97, "atk": 165, "def": 60, "spa": 65, "spd": 50, "spe": 58}, "stats": {"hp": 321, "atk": 348, "def": 159, "spa": 168, "spd": 141, "spe": 156}, "types": ["Rock"]}, "Kingdra": {"name": "Kingdra", "species": "Kingdra", "speciesId": "kingdra", "gender": "F", "shiny": false, "level": 84, "moves": ["dragondance", "wavecrash", "outrage", "ironhead"], "ability": "Sniper", "evs": {"hp": 85, "atk": 85, "def": 85, "spa": 85, "spd": 85, "spe": 85}, "ivs": {"hp": 31, "atk": 31, "def": 31, "spa": 31, "spd": 31, "spe": 31}, "item": "Lum Berry", "teraType": "Steel", "role": "Fast Bulky Setup", "bvs": {"hp": 75, "atk": 95, "def": 95, "spa": 95, "spd": 95, "spe": 85}, "stats": {"hp": 263, "atk": 208, "def": 208, "spa": 208, "spd": 208, "spe": 191}, "types": ["Water", "Dragon"]}, "Gholdengo": {"name": "Gholdengo", "species": "Gholdengo", "speciesId": "gholdengo", "gender": "N", "shiny": false, "level": 77, "moves": ["makeitrain", "recover", "shadowball", "nastyplot"], "ability": "Good as Gold", "evs": {"hp": 85, "atk": 0, "def": 85, "spa": 85, "spd": 85, "spe": 85}, "ivs": {"hp": 31, "atk": 0, "def": 31, "spa": 31, "spd": 31, "spe": 31}, "item": "Leftovers", "teraType": "Water", "role": "Bulky Support", "bvs": {"hp": 87, "atk": 60, "def": 95, "spa": 133, "spd": 91, "spe": 84}, "stats": {"hp": 261, "atk": 97, "def": 191, "spa": 249, "spd": 185, "spe": 174}, "types": ["Steel", "Ghost"]}, "Sawsbuck": {"name": "Sawsbuck", "species": "Sawsbuck", "speciesId": "sawsbuck", "gender": "F", "shiny": false, "level": 88, "moves": ["highhorsepower", "headbutt", "swordsdance", "hornleech"], "ability": "Serene Grace", "evs": {"hp": 85, "atk": 85, "def": 85, "spa": 85, "spd": 85, "spe": 85}, "ivs": {"hp": 31, "atk": 31, "def": 31, "spa": 31, "spd": 31, "spe": 31}, "item": "Life Orb", "teraType": "Normal", "role": "Fast Attacker", "bvs": {"hp": 80, "atk": 100, "def": 70, "spa": 60, "spd": 70, "spe": 95}, "stats": {"hp": 284, "atk": 226, "def": 173, "spa": 156, "spd": 173, "spe": 217}, "types": ["Normal", "Grass"]}}, {"Infernape": {"name": "Infernape", "species": "Infernape", "speciesId": "infernape", "gender": "F", "shiny": false, "level": 82, "moves": ["machpunch", "overheat", "knockoff", "closecombat"], "ability": "Blaze", "evs": {"hp": 85, "atk": 85, "def": 85, "spa": 85, "spd": 85, "spe": 85}, "ivs": {"hp": 31, "atk": 31, "def": 31, "spa": 31, "spd": 31, "spe": 31}, "item": "Life Orb", "teraType": "Fire", "role": "Fast Attacker", "bvs": {"hp": 76, "atk": 104, "def": 71, "spa": 104, "spd": 71, "spe": 108}, "stats": {"hp": 259, "atk": 218, "def": 164, "spa": 218, "spd": 164, "spe": 224}, "types": ["Fire", "Fighting"]}, "Trevenant": {"name": "Trevenant", "species": "Trevenant", "speciesId": "trevenant", "gender": "M", "shiny": false, "level": 89, "moves": ["toxic", "protect", "poltergeist", "drainpunch"], "ability": "Harvest", "evs": {"hp": 85, "atk": 85, "def": 85, "spa": 85, "spd": 85, "spe": 85}, "ivs": {"hp": 31, "atk": 31, "def": 31, "spa": 31, "spd": 31, "spe": 31}, "item": "Sitrus Berry", "teraType": "Fairy", "role": "Bulky Support", "bvs": {"hp": 85, "atk": 110, "def": 76, "spa": 65, "spd": 82, "spe": 56}, "stats": {"hp": 296, "atk": 247, "def": 186, "spa": 166, "spd": 197, "spe": 150}, "types": ["Ghost", "Grass"]}, "Magcargo": {"name": "Magcargo", "species": "Magcargo", "speciesId": "magcargo", "gender": "M", "shiny": false, "level": 95, "moves": ["powergem", "stealthrock", "recover", "lavaplume"], "ability": "Flame Body", "evs": {"hp": 85, "atk": 0, "def": 85, "spa": 85, "spd": 85, "spe": 85}, "ivs": {"hp": 31, "atk": 0, "def": 31, "spa": 31, "spd": 31, "spe": 31}, "item": "Heavy-Duty Boots", "teraType": "Dragon", "role": "Bulky Support", "bvs": {"hp": 60, "atk": 50, "def": 120, "spa": 90, "spd": 80, "spe": 30}, "stats": {"hp": 268, "atk": 100, "def": 282, "spa": 225, "spd": 206, "spe": 111}, "types": ["Fire", "Rock"]}, "Smeargle": {"name": "Smeargle", "species": "Smeargle", "speciesId": "smeargle", "gender": "M", "shiny": false, "level": 95, "moves": ["powertrip", "spore", "shellsmash", "populationbomb"], "ability": "Technician", "evs": {"hp": 85, "atk": 85, "def": 85, "spa": 85, "spd": 85, "spe": 85}, "ivs": {"hp": 31, "atk": 31, "def": 31, "spa": 31, "spd": 31, "spe": 31}, "item": "Wide Lens", "teraType": "Ghost", "role": "Setup Sweeper", "bvs": {"hp": 55, "atk": 20, "def": 35, "spa": 20, "spd": 45, "spe": 75}, "stats": {"hp": 258, "atk": 92, "def": 120, "spa": 92, "spd": 139, "spe": 196}, "types": ["Normal"]}, "Ludicolo": {"name": "Ludicolo", "species": "Ludicolo", "speciesId": "ludicolo", "gender": "M", "shiny": false, "level": 90, "moves": ["gigadrain", "raindance", "hydropump", "icebeam"], "ability": "Swift Swim", "evs": {"hp": 85, "atk": 0, "def": 85, "spa": 85, "spd": 85, "spe": 85}, "ivs": {"hp": 31, "atk": 0, "def": 31, "spa": 31, "spd": 31, "spe": 31}, "item": "Life Orb", "teraType": "Steel", "role": "Setup Sweeper", "bvs": {"hp": 80, "atk": 70, "def": 70, "spa": 90, "spd": 100, "spe": 70}, "stats": {"hp": 290, "atk": 131, "def": 177, "spa": 213, "spd": 231, "spe": 177}, "types": ["Water", "Grass"]}, "Zacian": {"name": "Zacian", "species": "Zacian", "speciesId": "zacian", "gender": "N", "shiny": false, "level": 69, "moves": ["swordsdance", "closecombat", "playrough", "psychicfangs"], "ability": "Intrepid Sword", "evs": {"hp": 85, "atk": 85, "def": 85, "spa": 85, "spd": 85, "spe": 85}, "ivs": {"hp": 31, "atk": 31, "def": 31, "spa": 31, "spd": 31, "spe": 31}, "item": "Life Orb", "teraType": "Fighting", "role": "Fast Attacker", "bvs": {"hp": 92, "atk": 120, "def": 115, "spa": 80, "spd": 115, "spe": 138}, "stats": {"hp": 241, "atk": 206, "def": 199, "spa": 151, "spd": 199, "spe": 231}, "types": ["Fairy"]}}]}