{"id": "gen9randombattle-2642102726", "format": "[Gen 9] Random Battle", "players": ["jordanbruno.mkr", "jnpr010334"], "log": "|j|\u2606jordanbruno.mkr\n|j|\u2606jnpr010334\n|t:|1782890486\n|gametype|singles\n|player|p1|jordanbruno.mkr|1|1870\n|player|p2|jnpr010334|265|1850\n|gen|9\n|tier|[Gen 9] Random Battle\n|rated|\n|rule|Species Clause: Limit one of each Pok\u00e9mon\n|rule|HP Percentage Mod: HP is shown in percentages\n|rule|Sleep Clause Mod: Limit one foe put to sleep\n|rule|Illusion Level Mod: Illusion disguises the Pok\u00e9mon's true level\n|\n|t:|1782890486\n|teamsize|p1|6\n|teamsize|p2|6\n|start\n|switch|p1a: Oranguru|Oranguru, L92, F|315/315\n|switch|p2a: Slither Wing|Slither Wing, L81|270/270\n|turn|1\n|inactive|Battle timer is ON: inactive players will automatically lose when time's up. (requested by jnpr010334)\n|\n|t:|1782890501\n|switch|p1a: Bastiodon|Bastiodon, L89, M|252/252\n|move|p2a: Slither Wing|U-turn|p1a: Bastiodon\n|-resisted|p1a: Bastiodon\n|-damage|p1a: Bastiodon|227/252\n|\n|t:|1782890502\n|-end|p2a: Slither Wing|Protosynthesis|[silent]\n|switch|p2a: Iron Jugulis|Iron Jugulis, L77|271/271|[from] U-turn\n|\n|upkeep\n|turn|2\n|\n|t:|1782890520\n|switch|p1a: Gardevoir|Gardevoir, L83, M|249/249\n|move|p2a: Iron Jugulis|Earth Power|p1a: Gardevoir\n|-damage|p1a: Gardevoir|164/249\n|\n|upkeep\n|turn|3\n|\n|t:|1782890526\n|-end|p2a: Iron Jugulis|Quark Drive|[silent]\n|switch|p2a: Scizor|Scizor, L79, F|240/240\n|-ability|p1a: Gardevoir|Technician|Trace|[from] ability: Trace|[of] p2a: Scizor\n|move|p1a: Gardevoir|Moonblast|p2a: Scizor\n|-resisted|p2a: Scizor\n|-damage|p2a: Scizor|142/240\n|\n|upkeep\n|turn|4\n|\n|t:|1782890538\n|switch|p1a: Chandelure|Chandelure, L83, M|235/235\n|move|p2a: Scizor|Swords Dance|p2a: Scizor\n|-boost|p2a: Scizor|atk|2\n|\n|upkeep\n|turn|5\n|\n|t:|1782890544\n|switch|p2a: Iron Jugulis|Iron Jugulis, L77|271/271\n|move|p1a: Chandelure|Fire Blast|p2a: Iron Jugulis\n|-damage|p2a: Iron Jugulis|87/271\n|\n|upkeep\n|turn|6\n|\n|t:|1782890551\n|move|p1a: Chandelure|Fire Blast|p2a: Iron Jugulis\n|-damage|p2a: Iron Jugulis|0 fnt\n|faint|p2a: Iron Jugulis\n|-end|p2a: Iron Jugulis|Quark Drive|[silent]\n|\n|upkeep\n|\n|t:|1782890556\n|switch|p2a: Baxcalibur|Baxcalibur, L75, M|296/296\n|turn|7\n|\n|t:|1782890564\n|switch|p1a: Spiritomb|Spiritomb, L89, M|234/234\n|move|p2a: Baxcalibur|Dragon Dance|p2a: Baxcalibur\n|-boost|p2a: Baxcalibur|atk|1\n|-boost|p2a: Baxcalibur|spe|1\n|\n|upkeep\n|turn|8\n|\n|t:|1782890570\n|move|p2a: Baxcalibur|Icicle Crash|p1a: Spiritomb\n|-damage|p1a: Spiritomb|102/234\n|move|p1a: Spiritomb|Foul Play|p2a: Baxcalibur\n|-damage|p2a: Baxcalibur|77/296\n|\n|-heal|p1a: Spiritomb|116/234|[from] item: Leftovers\n|upkeep\n|turn|9\n|\n|t:|1782890587\n|move|p1a: Spiritomb|Shadow Sneak|p2a: Baxcalibur\n|-damage|p2a: Baxcalibur|29/296\n|move|p2a: Baxcalibur|Glaive Rush|p1a: Spiritomb\n|-damage|p1a: Spiritomb|0 fnt\n|-singlemove|p2a: Baxcalibur|Glaive Rush|[silent]\n|faint|p1a: Spiritomb\n|\n|upkeep\n|\n|t:|1782890593\n|switch|p1a: Chandelure|Chandelure, L83, M|235/235\n|turn|10\n|\n|t:|1782890597\n|move|p1a: Chandelure|Shadow Ball|p2a: Baxcalibur\n|-damage|p2a: Baxcalibur|0 fnt\n|faint|p2a: Baxcalibur\n|\n|upkeep\n|\n|t:|1782890599\n|switch|p2a: Electrode|Electrode, L92|260/260\n|turn|11\n|\n|t:|1782890606\n|switch|p1a: Oranguru|Oranguru, L92, F|315/315\n|move|p2a: Electrode|Thunder Wave|p1a: Oranguru\n|-status|p1a: Oranguru|par\n|\n|upkeep\n|turn|12\n|\n|t:|1782890614\n|move|p2a: Electrode|Volt Switch|p1a: Oranguru\n|-damage|p1a: Oranguru|257/315 par\n|\n|t:|1782890618\n|switch|p2a: Scizor|Scizor, L79, F|142/240|[from] Volt Switch\n|move|p1a: Oranguru|Psyshock|p2a: Scizor\n|-resisted|p2a: Scizor\n|-damage|p2a: Scizor|97/240\n|\n|-heal|p1a: Oranguru|276/315 par|[from] item: Leftovers\n|upkeep\n|turn|13\n|\n|t:|1782890627\n|move|p2a: Scizor|Knock Off|p1a: Oranguru\n|-supereffective|p1a: Oranguru\n|-damage|p1a: Oranguru|76/315 par\n|-enditem|p1a: Oranguru|Leftovers|[from] move: Knock Off|[of] p2a: Scizor\n|-damage|p2a: Scizor|73/240|[from] item: Life Orb\n|move|p1a: Oranguru|Thunderbolt|p2a: Scizor\n|-damage|p2a: Scizor|0 fnt\n|faint|p2a: Scizor\n|\n|upkeep\n|\n|t:|1782890633\n|switch|p2a: Articuno|Articuno-Galar, L84|288/288\n|turn|14\n|\n|t:|1782890643\n|switch|p1a: Chandelure|Chandelure, L83, M|235/235\n|move|p2a: Articuno|Calm Mind|p2a: Articuno\n|-boost|p2a: Articuno|spa|1\n|-boost|p2a: Articuno|spd|1\n|\n|upkeep\n|turn|15\n|\n|t:|1782890649\n|move|p1a: Chandelure|Trick|p2a: Articuno\n|-activate|p1a: Chandelure|move: Trick|[of] p2a: Articuno\n|-item|p2a: Articuno|Choice Scarf|[from] move: Trick\n|-item|p1a: Chandelure|Heavy-Duty Boots|[from] move: Trick\n|move|p2a: Articuno|Freezing Glare|p1a: Chandelure\n|-damage|p1a: Chandelure|69/235\n|-status|p1a: Chandelure|frz\n|\n|upkeep\n|turn|16\n|\n|t:|1782890657\n|switch|p1a: Crawdaunt|Crawdaunt, L84, F|243/243\n|move|p2a: Articuno|Freezing Glare|p1a: Crawdaunt\n|-immune|p1a: Crawdaunt\n|\n|upkeep\n|turn|17\n|\n|t:|1782890663\n|switch|p2a: Slither Wing|Slither Wing, L81|270/270\n|move|p1a: Crawdaunt|Dragon Dance|p1a: Crawdaunt\n|-boost|p1a: Crawdaunt|atk|1\n|-boost|p1a: Crawdaunt|spe|1\n|\n|upkeep\n|turn|18\n|\n|t:|1782890674\n|move|p1a: Crawdaunt|Crabhammer|p2a: Slither Wing\n|-damage|p2a: Slither Wing|0 fnt\n|faint|p2a: Slither Wing\n|-end|p2a: Slither Wing|Protosynthesis|[silent]\n|-damage|p1a: Crawdaunt|219/243|[from] item: Life Orb\n|\n|upkeep\n|\n|t:|1782890680\n|switch|p2a: Electrode|Electrode, L92|260/260\n|turn|19\n|\n|t:|1782890687\n|switch|p1a: Oranguru|Oranguru, L92, F|76/315 par\n|move|p2a: Electrode|Thunderbolt|p1a: Oranguru\n|-damage|p1a: Oranguru|4/315 par\n|\n|upkeep\n|turn|20\n|\n|t:|1782890692\n|move|p2a: Electrode|Thunderbolt|p1a: Oranguru\n|-damage|p1a: Oranguru|0 fnt\n|faint|p1a: Oranguru\n|\n|upkeep\n|\n|t:|1782890701\n|switch|p1a: Gardevoir|Gardevoir, L83, M|164/249\n|-ability|p1a: Gardevoir|Soundproof|Trace|[from] ability: Trace|[of] p2a: Electrode\n|turn|21\n|\n|t:|1782890713\n|move|p2a: Electrode|Volt Switch|p1a: Gardevoir\n|-damage|p1a: Gardevoir|97/249\n|\n|t:|1782890714\n|switch|p2a: Articuno|Articuno-Galar, L84|288/288|[from] Volt Switch\n|move|p1a: Gardevoir|Moonblast|p2a: Articuno\n|-damage|p2a: Articuno|126/288\n|\n|upkeep\n|turn|22\n|\n|t:|1782890721\n|move|p2a: Articuno|Recover|p2a: Articuno\n|-heal|p2a: Articuno|270/288\n|move|p1a: Gardevoir|Moonblast|p2a: Articuno\n|-damage|p2a: Articuno|110/288\n|\n|upkeep\n|turn|23\n|\n|t:|1782890727\n|move|p2a: Articuno|Recover|p2a: Articuno\n|-heal|p2a: Articuno|254/288\n|move|p1a: Gardevoir|Moonblast|p2a: Articuno\n|-damage|p2a: Articuno|82/288\n|\n|upkeep\n|turn|24\n|\n|t:|1782890733\n|move|p2a: Articuno|Recover|p2a: Articuno\n|-heal|p2a: Articuno|226/288\n|move|p1a: Gardevoir|Moonblast|p2a: Articuno\n|-damage|p2a: Articuno|69/288\n|\n|upkeep\n|turn|25\n|\n|t:|1782890739\n|move|p2a: Articuno|Recover|p2a: Articuno\n|-heal|p2a: Articuno|213/288\n|move|p1a: Gardevoir|Moonblast|p2a: Articuno\n|-damage|p2a: Articuno|59/288\n|\n|upkeep\n|turn|26\n|\n|t:|1782890745\n|move|p2a: Articuno|Recover|p2a: Articuno\n|-heal|p2a: Articuno|203/288\n|move|p1a: Gardevoir|Moonblast|p2a: Articuno\n|-damage|p2a: Articuno|41/288\n|-unboost|p2a: Articuno|spa|1\n|-ability|p2a: Articuno|Competitive|boost\n|-boost|p2a: Articuno|spa|2\n|\n|upkeep\n|turn|27\n|\n|t:|1782890752\n|move|p2a: Articuno|Recover|p2a: Articuno\n|-heal|p2a: Articuno|185/288\n|move|p1a: Gardevoir|Moonblast|p2a: Articuno\n|-crit|p2a: Articuno\n|-damage|p2a: Articuno|0 fnt\n|faint|p2a: Articuno\n|\n|upkeep\n|\n|t:|1782890754\n|switch|p2a: Electrode|Electrode, L92|260/260\n|turn|28\n|\n|t:|1782890761\n|-terastallize|p2a: Electrode|Electric\n|move|p2a: Electrode|Thunderbolt|p1a: Gardevoir\n|-damage|p1a: Gardevoir|0 fnt\n|faint|p1a: Gardevoir\n|\n|upkeep\n|\n|t:|1782890773\n|switch|p1a: Bastiodon|Bastiodon, L89, M|227/252\n|turn|29\n|\n|t:|1782890780\n|move|p2a: Electrode|Thunderbolt|p1a: Bastiodon\n|-damage|p1a: Bastiodon|141/252\n|move|p1a: Bastiodon|Body Press|p2a: Electrode\n|-damage|p2a: Electrode|158/260\n|\n|upkeep\n|turn|30\n|\n|t:|1782890785\n|move|p2a: Electrode|Thunderbolt|p1a: Bastiodon\n|-damage|p1a: Bastiodon|47/252\n|move|p1a: Bastiodon|Body Press|p2a: Electrode\n|-damage|p2a: Electrode|49/260\n|\n|upkeep\n|turn|31\n|\n|t:|1782890791\n|move|p2a: Electrode|Thunderbolt|p1a: Bastiodon\n|-damage|p1a: Bastiodon|0 fnt\n|faint|p1a: Bastiodon\n|\n|upkeep\n|\n|t:|1782890795\n|switch|p1a: Crawdaunt|Crawdaunt, L84, F|219/243\n|turn|32\n|\n|t:|1782890799\n|-terastallize|p1a: Crawdaunt|Water\n|move|p1a: Crawdaunt|Aqua Jet|p2a: Electrode\n|-damage|p2a: Electrode|0 fnt\n|faint|p2a: Electrode\n|-damage|p1a: Crawdaunt|195/243|[from] item: Life Orb\n|\n|win|jordanbruno.mkr\n|raw|jordanbruno.mkr's rating: 1870 &rarr; <strong>1889</strong><br />(+19 for winning)\n|raw|jnpr010334's rating: 1853 &rarr; <strong>1834</strong><br />(-19 for losing)\n", "inputlog": ">version f8ac14003a5f27e1bdc8d8c59608a773c1cb96e5\n>start {\"formatid\":\"gen9randombattle\",\"seed\":\"sodium,9d35dd40102690faaf50ea995a4bde94\",\"rated\":\"Rated battle\"}\n>player p1 {\"name\":\"jordanbruno.mkr\",\"avatar\":\"1\",\"rating\":1870,\"seed\":\"sodium,0c7ffc7b4acddf41906af2127696c93a\"}\n>player p2 {\"name\":\"jnpr010334\",\"avatar\":\"265\",\"rating\":1850,\"seed\":\"sodium,1976ce3aa35d22e7162137bcc4f2ef0c\"}\n>p1 switch 4\n>p2 move uturn\n>p2 switch 2\n>p1 switch 3\n>p2 move earthpower\n>p1 move moonblast\n>p2 switch 3\n>p1 switch 5\n>p2 move swordsdance\n>p1 move fireblast\n>p2 switch 3\n>p1 move fireblast\n>p2 move hurricane\n>p2 switch 5\n>p1 switch 2\n>p2 move dragondance\n>p1 move foulplay\n>p2 move iciclecrash\n>p1 move shadowsneak\n>p2 move glaiverush\n>p1 switch 2\n>p1 move shadowball\n>p2 move glaiverush\n>p2 switch 6\n>p1 switch 4\n>p2 move thunderwave\n>p1 move psyshock\n>p2 move voltswitch\n>p2 switch 3\n>p1 move thunderbolt\n>p2 move knockoff\n>p2 switch 4\n>p1 switch 4\n>p2 move calmmind\n>p1 move trick\n>p2 move freezingglare\n>p1 switch 6\n>p2 move freezingglare\n>p1 move dragondance\n>p2 switch 2\n>p1 move crabhammer\n>p2 move closecombat\n>p2 switch 3\n>p1 switch 4\n>p2 move thunderbolt\n>p1 move psyshock\n>p2 move thunderbolt\n>p1 switch 5\n>p1 move moonblast\n>p2 move voltswitch\n>p2 switch 2\n>p1 move moonblast\n>p2 move recover\n>p1 move moonblast\n>p2 move recover\n>p1 move moonblast\n>p2 move recover\n>p1 move moonblast\n>p2 move recover\n>p1 move moonblast\n>p2 move recover\n>p1 move moonblast\n>p2 move recover\n>p2 switch 2\n>p1 move moonblast\n>p2 move thunderbolt terastallize\n>p1 switch 3\n>p1 move bodypress\n>p2 move thunderbolt\n>p1 move bodypress\n>p2 move thunderbolt\n>p1 move bodypress\n>p2 move thunderbolt\n>p1 switch 4\n>p1 move aquajet terastallize\n>p2 move thunderbolt", "uploadtime": 1782890799, "views": 9, "formatid": "gen9randombattle", "rating": 1834, "private": 0, "password": null, "player_dets": [{"name": "jordanbruno.mkr", "avatar": "1", "rating": 1870, "seed": "sodium,0c7ffc7b4acddf41906af2127696c93a"}, {"name": "jnpr010334", "avatar": "265", "rating": 1850, "seed": "sodium,1976ce3aa35d22e7162137bcc4f2ef0c"}], "teams_full": [{"Oranguru": {"name": "Oranguru", "species": "Oranguru", "speciesId": "oranguru", "gender": "F", "shiny": false, "level": 92, "moves": ["thunderbolt", "psyshock", "nastyplot", "focusblast"], "ability": "Inner Focus", "evs": {"hp": 85, "atk": 0, "def": 85, "spa": 85, "spd": 85, "spe": 85}, "ivs": {"hp": 31, "atk": 0, "def": 31, "spa": 31, "spd": 31, "spe": 31}, "item": "Leftovers", "teraType": "Fighting", "role": "Bulky Attacker", "bvs": {"hp": 90, "atk": 60, "def": 80, "spa": 90, "spd": 110, "spe": 60}, "stats": {"hp": 315, "atk": 115, "def": 200, "spa": 218, "spd": 255, "spe": 163}, "types": ["Normal", "Psychic"]}, "Spiritomb": {"name": "Spiritomb", "species": "Spiritomb", "speciesId": "spiritomb", "gender": "M", "shiny": false, "level": 89, "moves": ["shadowsneak", "painsplit", "foulplay", "poltergeist"], "ability": "Infiltrator", "evs": {"hp": 85, "atk": 85, "def": 85, "spa": 85, "spd": 85, "spe": 85}, "ivs": {"hp": 31, "atk": 31, "def": 31, "spa": 31, "spd": 31, "spe": 31}, "item": "Leftovers", "teraType": "Ghost", "role": "Bulky Support", "bvs": {"hp": 50, "atk": 92, "def": 108, "spa": 92, "spd": 108, "spe": 35}, "stats": {"hp": 234, "atk": 215, "def": 243, "spa": 215, "spd": 243, "spe": 113}, "types": ["Ghost", "Dark"]}, "Gardevoir": {"name": "Gardevoir", "species": "Gardevoir", "speciesId": "gardevoir", "gender": "M", "shiny": false, "level": 83, "moves": ["moonblast", "psyshock", "mysticalfire", "focusblast"], "ability": "Trace", "evs": {"hp": 85, "atk": 0, "def": 85, "spa": 85, "spd": 85, "spe": 85}, "ivs": {"hp": 31, "atk": 0, "def": 31, "spa": 31, "spd": 31, "spe": 31}, "item": "Choice Specs", "teraType": "Fighting", "role": "Fast Attacker", "bvs": {"hp": 68, "atk": 65, "def": 65, "spa": 125, "spd": 115, "spe": 80}, "stats": {"hp": 249, "atk": 112, "def": 156, "spa": 255, "spd": 239, "spe": 180}, "types": ["Psychic", "Fairy"]}, "Bastiodon": {"name": "Bastiodon", "species": "Bastiodon", "speciesId": "bastiodon", "gender": "M", "shiny": false, "level": 89, "moves": ["irondefense", "bodypress", "foulplay", "rest"], "ability": "Soundproof", "evs": {"hp": 85, "atk": 0, "def": 85, "spa": 85, "spd": 85, "spe": 85}, "ivs": {"hp": 31, "atk": 0, "def": 31, "spa": 31, "spd": 31, "spe": 31}, "item": "Chesto Berry", "teraType": "Fighting", "role": "Bulky Setup", "bvs": {"hp": 60, "atk": 52, "def": 168, "spa": 47, "spd": 138, "spe": 30}, "stats": {"hp": 252, "atk": 97, "def": 350, "spa": 134, "spd": 296, "spe": 104}, "types": ["Rock", "Steel"]}, "Chandelure": {"name": "Chandelure", "species": "Chandelure", "speciesId": "chandelure", "gender": "M", "shiny": false, "level": 83, "moves": ["shadowball", "energyball", "fireblast", "trick"], "ability": "Flash Fire", "evs": {"hp": 85, "atk": 0, "def": 85, "spa": 85, "spd": 85, "spe": 85}, "ivs": {"hp": 31, "atk": 0, "def": 31, "spa": 31, "spd": 31, "spe": 31}, "item": "Choice Scarf", "teraType": "Ghost", "role": "Fast Attacker", "bvs": {"hp": 60, "atk": 55, "def": 90, "spa": 145, "spd": 90, "spe": 80}, "stats": {"hp": 235, "atk": 96, "def": 197, "spa": 288, "spd": 197, "spe": 180}, "types": ["Ghost", "Fire"]}, "Crawdaunt": {"name": "Crawdaunt", "species": "Crawdaunt", "speciesId": "crawdaunt", "gender": "F", "shiny": false, "level": 84, "moves": ["dragondance", "aquajet", "knockoff", "crabhammer"], "ability": "Adaptability", "evs": {"hp": 85, "atk": 85, "def": 85, "spa": 85, "spd": 85, "spe": 85}, "ivs": {"hp": 31, "atk": 31, "def": 31, "spa": 31, "spd": 31, "spe": 31}, "item": "Life Orb", "teraType": "Water", "role": "Setup Sweeper", "bvs": {"hp": 63, "atk": 120, "def": 85, "spa": 90, "spd": 55, "spe": 55}, "stats": {"hp": 243, "atk": 250, "def": 191, "spa": 199, "spd": 141, "spe": 141}, "types": ["Water", "Dark"]}}, {"Slither Wing": {"name": "Slither Wing", "species": "Slither Wing", "speciesId": "slitherwing", "gender": "N", "shiny": false, "level": 81, "moves": ["morningsun", "closecombat", "uturn", "willowisp"], "ability": "Protosynthesis", "evs": {"hp": 85, "atk": 85, "def": 85, "spa": 85, "spd": 85, "spe": 85}, "ivs": {"hp": 31, "atk": 31, "def": 31, "spa": 31, "spd": 31, "spe": 31}, "item": "Heavy-Duty Boots", "teraType": "Steel", "role": "Fast Support", "bvs": {"hp": 85, "atk": 135, "def": 79, "spa": 85, "spd": 105, "spe": 81}, "stats": {"hp": 270, "atk": 265, "def": 175, "spa": 184, "spd": 217, "spe": 178}, "types": ["Bug", "Fighting"]}, "Iron Jugulis": {"name": "Iron Jugulis", "species": "Iron Jugulis", "speciesId": "ironjugulis", "gender": "N", "shiny": false, "level": 77, "moves": ["hydropump", "hurricane", "earthpower", "darkpulse"], "ability": "Quark Drive", "evs": {"hp": 85, "atk": 0, "def": 85, "spa": 85, "spd": 85, "spe": 85}, "ivs": {"hp": 31, "atk": 0, "def": 31, "spa": 31, "spd": 31, "spe": 31}, "item": "Choice Specs", "teraType": "Ground", "role": "Wallbreaker", "bvs": {"hp": 94, "atk": 80, "def": 86, "spa": 122, "spd": 80, "spe": 108}, "stats": {"hp": 271, "atk": 128, "def": 177, "spa": 232, "spd": 168, "spe": 211}, "types": ["Dark", "Flying"]}, "Scizor": {"name": "Scizor", "species": "Scizor", "speciesId": "scizor", "gender": "F", "shiny": false, "level": 79, "moves": ["bulletpunch", "knockoff", "swordsdance", "bugbite"], "ability": "Technician", "evs": {"hp": 85, "atk": 85, "def": 85, "spa": 85, "spd": 85, "spe": 85}, "ivs": {"hp": 31, "atk": 31, "def": 31, "spa": 31, "spd": 31, "spe": 31}, "item": "Life Orb", "teraType": "Steel", "role": "Setup Sweeper", "bvs": {"hp": 70, "atk": 130, "def": 100, "spa": 55, "spd": 80, "spe": 65}, "stats": {"hp": 240, "atk": 251, "def": 204, "spa": 132, "spd": 172, "spe": 148}, "types": ["Bug", "Steel"]}, "Articuno": {"name": "Articuno", "species": "Articuno-Galar", "speciesId": "articunogalar", "gender": "N", "shiny": false, "level": 84, "moves": ["hurricane", "freezingglare", "calmmind", "recover"], "ability": "Competitive", "evs": {"hp": 85, "atk": 0, "def": 85, "spa": 85, "spd": 85, "spe": 85}, "ivs": {"hp": 31, "atk": 0, "def": 31, "spa": 31, "spd": 31, "spe": 31}, "item": "Heavy-Duty Boots", "teraType": "Steel", "role": "Fast Bulky Setup", "bvs": {"hp": 90, "atk": 85, "def": 85, "spa": 125, "spd": 100, "spe": 95}, "stats": {"hp": 288, "atk": 147, "def": 191, "spa": 258, "spd": 216, "spe": 208}, "types": ["Psychic", "Flying"]}, "Baxcalibur": {"name": "Baxcalibur", "species": "Baxcalibur", "speciesId": "baxcalibur", "gender": "M", "shiny": false, "level": 75, "moves": ["iciclecrash", "earthquake", "dragondance", "glaiverush"], "ability": "Thermal Exchange", "evs": {"hp": 85, "atk": 85, "def": 85, "spa": 85, "spd": 85, "spe": 85}, "ivs": {"hp": 31, "atk": 31, "def": 31, "spa": 31, "spd": 31, "spe": 31}, "item": "Heavy-Duty Boots", "teraType": "Ground", "role": "Setup Sweeper", "bvs": {"hp": 115, "atk": 145, "def": 92, "spa": 75, "spd": 86, "spe": 87}, "stats": {"hp": 296, "atk": 261, "def": 182, "spa": 156, "spd": 173, "spe": 174}, "types": ["Dragon", "Ice"]}, "Electrode": {"name": "Electrode", "species": "Electrode", "speciesId": "electrode", "gender": "N", "shiny": false, "level": 92, "moves": ["thunderbolt", "voltswitch", "thunderwave", "foulplay"], "ability": "Soundproof", "evs": {"hp": 85, "atk": 0, "def": 85, "spa": 85, "spd": 85, "spe": 85}, "ivs": {"hp": 31, "atk": 0, "def": 31, "spa": 31, "spd": 31, "spe": 31}, "item": "Heavy-Duty Boots", "teraType": "Electric", "role": "Fast Support", "bvs": {"hp": 60, "atk": 50, "def": 70, "spa": 80, "spd": 80, "spe": 150}, "stats": {"hp": 260, "atk": 97, "def": 181, "spa": 200, "spd": 200, "spe": 328}, "types": ["Electric"]}}]}