{"id": "gen9randombattle-2641788285", "format": "[Gen 9] Random Battle", "players": ["JaviC04", "gengis khann"], "log": "|j|\u2606JaviC04\n|j|\u2606gengis khann\n|t:|1782842001\n|gametype|singles\n|player|p1|JaviC04|artist|2065\n|player|p2|gengis khann|266|2095\n|gen|9\n|tier|[Gen 9] Random Battle\n|rated|\n|rule|Species Clause: Limit one of each Pok\u00e9mon\n|rule|HP Percentage Mod: HP is shown in percentages\n|rule|Sleep Clause Mod: Limit one foe put to sleep\n|rule|Illusion Level Mod: Illusion disguises the Pok\u00e9mon's true level\n|\n|t:|1782842001\n|teamsize|p1|6\n|teamsize|p2|6\n|start\n|switch|p1a: Mewtwo|Mewtwo, L72|272/272\n|switch|p2a: Mismagius|Mismagius, L86, F|243/243\n|-ability|p1a: Mewtwo|Pressure\n|turn|1\n|\n|t:|1782842018\n|switch|p1a: Greninja|Greninja, L80, M|246/246\n|move|p2a: Mismagius|Shadow Ball|p1a: Greninja\n|-resisted|p1a: Greninja\n|-damage|p1a: Greninja|158/246\n|\n|upkeep\n|turn|2\n|\n|t:|1782842026\n|switch|p2a: Vespiquen|Vespiquen, L99, F|299/299\n|-ability|p2a: Vespiquen|Pressure\n|move|p1a: Greninja|Gunk Shot|p2a: Vespiquen\n|-start|p1a: Greninja|typechange|Poison|[from] ability: Protean\n|-damage|p2a: Vespiquen|190/299\n|-damage|p1a: Greninja|134/246|[from] item: Life Orb\n|\n|upkeep\n|turn|3\n|\n|t:|1782842036\n|move|p1a: Greninja|Gunk Shot|p2a: Vespiquen\n|-damage|p2a: Vespiquen|72/299\n|-damage|p1a: Greninja|110/246|[from] item: Life Orb\n|move|p2a: Vespiquen|Roost|p2a: Vespiquen\n|-heal|p2a: Vespiquen|222/299\n|-singleturn|p2a: Vespiquen|move: Roost\n|\n|upkeep\n|turn|4\n|\n|t:|1782842043\n|switch|p2a: Iron Treads|Iron Treads, L77|265/265\n|move|p1a: Greninja|Gunk Shot|p2a: Iron Treads\n|-immune|p2a: Iron Treads\n|\n|upkeep\n|turn|5\n|\n|t:|1782842052\n|move|p1a: Greninja|Hydro Pump|p2a: Iron Treads\n|-supereffective|p2a: Iron Treads\n|-damage|p2a: Iron Treads|86/265\n|-damage|p1a: Greninja|86/246|[from] item: Life Orb\n|move|p2a: Iron Treads|Volt Switch|p1a: Greninja\n|-damage|p1a: Greninja|46/246\n|\n|t:|1782842062\n|-end|p2a: Iron Treads|Quark Drive|[silent]\n|switch|p2a: Vespiquen|Vespiquen, L99, F|222/299|[from] Volt Switch\n|-ability|p2a: Vespiquen|Pressure\n|\n|upkeep\n|turn|6\n|\n|t:|1782842065\n|move|p1a: Greninja|Gunk Shot|p2a: Vespiquen\n|-damage|p2a: Vespiquen|109/299\n|-damage|p1a: Greninja|22/246|[from] item: Life Orb\n|move|p2a: Vespiquen|Roost|p2a: Vespiquen\n|-heal|p2a: Vespiquen|259/299\n|-singleturn|p2a: Vespiquen|move: Roost\n|\n|upkeep\n|turn|7\n|\n|t:|1782842068\n|move|p1a: Greninja|Gunk Shot|p2a: Vespiquen\n|-damage|p2a: Vespiquen|138/299\n|-damage|p1a: Greninja|0 fnt|[from] item: Life Orb\n|faint|p1a: Greninja\n|move|p2a: Vespiquen|Roost|p2a: Vespiquen\n|-heal|p2a: Vespiquen|288/299\n|-singleturn|p2a: Vespiquen|move: Roost\n|\n|upkeep\n|\n|t:|1782842071\n|switch|p1a: Torkoal|Torkoal, L88, F|266/266\n|-weather|SunnyDay|[from] ability: Drought|[of] p1a: Torkoal\n|turn|8\n|\n|t:|1782842083\n|switch|p2a: Golurk|Golurk, L87|297/297\n|move|p1a: Torkoal|Lava Plume|p2a: Golurk\n|-damage|p2a: Golurk|174/297\n|-status|p2a: Golurk|brn\n|\n|-weather|SunnyDay|[upkeep]\n|-damage|p2a: Golurk|156/297 brn|[from] brn\n|upkeep\n|turn|9\n|inactive|Battle timer is ON: inactive players will automatically lose when time's up. (requested by JaviC04)\n|\n|t:|1782842091\n|switch|p1a: Ribombee|Ribombee, L83, F|235/235\n|move|p2a: Golurk|Stealth Rock|p1a: Ribombee\n|-sidestart|p1: JaviC04|move: Stealth Rock\n|\n|-weather|SunnyDay|[upkeep]\n|-damage|p2a: Golurk|138/297 brn|[from] brn\n|upkeep\n|turn|10\n|\n|t:|1782842095\n|move|p1a: Ribombee|Sticky Web|p2a: Golurk\n|-sidestart|p2: gengis khann|move: Sticky Web\n|move|p2a: Golurk|Stone Edge|p1a: Ribombee\n|-supereffective|p1a: Ribombee\n|-damage|p1a: Ribombee|88/235\n|-damage|p2a: Golurk|109/297 brn|[from] item: Life Orb\n|\n|-weather|SunnyDay|[upkeep]\n|-damage|p2a: Golurk|91/297 brn|[from] brn\n|upkeep\n|turn|11\n|\n|t:|1782842104\n|move|p1a: Ribombee|Moonblast|p2a: Golurk\n|-damage|p2a: Golurk|0 fnt\n|faint|p2a: Golurk\n|\n|-weather|SunnyDay|[upkeep]\n|upkeep\n|\n|t:|1782842108\n|switch|p2a: Vespiquen|Vespiquen, L99, F|288/299\n|-ability|p2a: Vespiquen|Pressure\n|turn|12\n|\n|t:|1782842111\n|move|p1a: Ribombee|Moonblast|p2a: Vespiquen\n|-damage|p2a: Vespiquen|213/299\n|move|p2a: Vespiquen|Toxic|p1a: Ribombee\n|-status|p1a: Ribombee|tox\n|\n|-weather|none\n|-damage|p1a: Ribombee|74/235 tox|[from] psn\n|upkeep\n|turn|13\n|\n|t:|1782842117\n|move|p1a: Ribombee|U-turn|p2a: Vespiquen\n|-resisted|p2a: Vespiquen\n|-damage|p2a: Vespiquen|194/299\n|\n|t:|1782842118\n|switch|p1a: Torkoal|Torkoal, L88, F|266/266|[from] U-turn\n|-weather|SunnyDay|[from] ability: Drought|[of] p1a: Torkoal\n|move|p2a: Vespiquen|Roost|p2a: Vespiquen\n|-heal|p2a: Vespiquen|299/299\n|-singleturn|p2a: Vespiquen|move: Roost\n|\n|-weather|SunnyDay|[upkeep]\n|upkeep\n|turn|14\n|\n|t:|1782842121\n|move|p2a: Vespiquen|Toxic|p1a: Torkoal\n|-status|p1a: Torkoal|tox\n|move|p1a: Torkoal|Lava Plume|p2a: Vespiquen\n|-supereffective|p2a: Vespiquen\n|-damage|p2a: Vespiquen|105/299\n|\n|-weather|SunnyDay|[upkeep]\n|-damage|p1a: Torkoal|250/266 tox|[from] psn\n|upkeep\n|turn|15\n|\n|t:|1782842126\n|move|p2a: Vespiquen|Roost|p2a: Vespiquen\n|-heal|p2a: Vespiquen|255/299\n|-singleturn|p2a: Vespiquen|move: Roost\n|move|p1a: Torkoal|Lava Plume|p2a: Vespiquen\n|-supereffective|p2a: Vespiquen\n|-damage|p2a: Vespiquen|63/299\n|\n|-weather|SunnyDay|[upkeep]\n|-damage|p1a: Torkoal|218/266 tox|[from] psn\n|upkeep\n|turn|16\n|\n|t:|1782842144\n|move|p2a: Vespiquen|Roost|p2a: Vespiquen\n|-heal|p2a: Vespiquen|213/299\n|-singleturn|p2a: Vespiquen|move: Roost\n|move|p1a: Torkoal|Lava Plume|p2a: Vespiquen\n|-supereffective|p2a: Vespiquen\n|-damage|p2a: Vespiquen|25/299\n|\n|-weather|SunnyDay|[upkeep]\n|-damage|p1a: Torkoal|170/266 tox|[from] psn\n|upkeep\n|turn|17\n|\n|t:|1782842155\n|move|p2a: Vespiquen|Roost|p2a: Vespiquen\n|-heal|p2a: Vespiquen|175/299\n|-singleturn|p2a: Vespiquen|move: Roost\n|move|p1a: Torkoal|Lava Plume|p2a: Vespiquen\n|-supereffective|p2a: Vespiquen\n|-damage|p2a: Vespiquen|0 fnt\n|faint|p2a: Vespiquen\n|\n|-weather|none\n|-damage|p1a: Torkoal|106/266 tox|[from] psn\n|upkeep\n|\n|t:|1782842161\n|switch|p2a: Mismagius|Mismagius, L86, F|243/243\n|turn|18\n|\n|t:|1782842165\n|move|p2a: Mismagius|Shadow Ball|p1a: Torkoal\n|-damage|p1a: Torkoal|0 fnt\n|faint|p1a: Torkoal\n|\n|upkeep\n|\n|t:|1782842169\n|switch|p1a: Ditto|Ditto, L87|225/225\n|-damage|p1a: Ditto|197/225|[from] Stealth Rock\n|-transform|p1a: Ditto|p2a: Mismagius|[from] ability: Imposter\n|turn|19\n|\n|t:|1782842173\n|-terastallize|p2a: Mismagius|Electric\n|move|p1a: Ditto|Shadow Ball|p2a: Mismagius\n|-damage|p2a: Mismagius|156/243\n|move|p2a: Mismagius|Shadow Ball|p1a: Ditto\n|-supereffective|p1a: Ditto\n|-damage|p1a: Ditto|0 fnt\n|faint|p1a: Ditto\n|\n|upkeep\n|\n|t:|1782842176\n|switch|p1a: Haxorus|Haxorus, L77, F|244/244\n|-damage|p1a: Haxorus|214/244|[from] Stealth Rock\n|-ability|p1a: Haxorus|Mold Breaker\n|turn|20\n|\n|t:|1782842182\n|move|p2a: Mismagius|Shadow Ball|p1a: Haxorus\n|-damage|p1a: Haxorus|34/244\n|move|p1a: Haxorus|Scale Shot|p2a: Mismagius\n|-damage|p2a: Mismagius|119/243\n|-damage|p2a: Mismagius|82/243\n|-damage|p2a: Mismagius|42/243\n|-damage|p2a: Mismagius|0 fnt\n|faint|p2a: Mismagius\n|-hitcount|p2: Mismagius|4\n|-unboost|p1a: Haxorus|def|1\n|-boost|p1a: Haxorus|spe|1\n|\n|upkeep\n|\n|t:|1782842192\n|switch|p2a: Rabsca|Rabsca, L91, M|284/284\n|turn|21\n|\n|t:|1782842199\n|move|p1a: Haxorus|Swords Dance|p1a: Haxorus\n|-boost|p1a: Haxorus|atk|2\n|move|p2a: Rabsca|Bug Buzz|p1a: Haxorus\n|-damage|p1a: Haxorus|0 fnt\n|faint|p1a: Haxorus\n|\n|upkeep\n|\n|t:|1782842205\n|switch|p1a: Mewtwo|Mewtwo, L72|272/272\n|-damage|p1a: Mewtwo|238/272|[from] Stealth Rock\n|-ability|p1a: Mewtwo|Pressure\n|turn|22\n|\n|t:|1782842216\n|move|p1a: Mewtwo|Nasty Plot|p1a: Mewtwo\n|-boost|p1a: Mewtwo|spa|2\n|move|p2a: Rabsca|Revival Blessing|p2a: Rabsca\n|\n|t:|1782842218\n|-heal|p2: Mismagius|121/243|[from] move: Revival Blessing\n|\n|upkeep\n|turn|23\n|\n|t:|1782842220\n|move|p1a: Mewtwo|Fire Blast|p2a: Rabsca\n|-supereffective|p2a: Rabsca\n|-damage|p2a: Rabsca|0 fnt\n|faint|p2a: Rabsca\n|-damage|p1a: Mewtwo|211/272|[from] item: Life Orb\n|\n|upkeep\n|\n|t:|1782842226\n|switch|p2a: Mismagius|Mismagius, L86, F|121/243\n|turn|24\n|\n|t:|1782842230\n|move|p2a: Mismagius|Shadow Ball|p1a: Mewtwo\n|-supereffective|p1a: Mewtwo\n|-damage|p1a: Mewtwo|0 fnt\n|faint|p1a: Mewtwo\n|\n|upkeep\n|-message|JaviC04 forfeited.\n|\n|win|gengis khann\n|raw|JaviC04's rating: 2065 &rarr; <strong>2047</strong><br />(-18 for losing)\n|raw|gengis khann's rating: 2095 &rarr; <strong>2113</strong><br />(+18 for winning)\n", "inputlog": ">version f8ac14003a5f27e1bdc8d8c59608a773c1cb96e5\n>start {\"formatid\":\"gen9randombattle\",\"seed\":\"sodium,66d3f02188b56ed1b2e8f0a500d763a2\",\"rated\":\"Rated battle\"}\n>player p1 {\"name\":\"JaviC04\",\"avatar\":\"artist\",\"rating\":2065,\"seed\":\"sodium,ec814d953f4b15bb5cada61a3ff0370f\"}\n>player p2 {\"name\":\"gengis khann\",\"avatar\":\"266\",\"rating\":2095,\"seed\":\"sodium,97b3da5897f24adbeec32cab2e34e56f\"}\n>p1 switch 5\n>p2 move shadowball\n>p1 move gunkshot\n>p2 switch 4\n>p1 move gunkshot\n>p2 move roost\n>p1 move gunkshot\n>p2 switch 3\n>p1 move hydropump\n>p2 move voltswitch\n>p2 switch 3\n>p1 move gunkshot\n>p2 move roost\n>p1 move gunkshot\n>p2 move roost\n>p1 switch 4\n>p1 move lavaplume\n>p2 switch 2\n>p1 switch 6\n>p2 move stealthrock\n>p1 move stickyweb\n>p2 move stoneedge\n>p1 move moonblast\n>p2 move poltergeist\n>p2 switch 2\n>p1 move moonblast\n>p2 move toxic\n>p1 move uturn\n>p2 move roost\n>p1 switch 6\n>p1 move lavaplume\n>p2 move toxic\n>p1 move lavaplume\n>p2 move roost\n>p1 move lavaplume\n>p2 move roost\n>p1 move lavaplume\n>p2 move roost\n>p2 switch 4\n>p1 move yawn\n>p2 move shadowball\n>p1 switch 2\n>p1 move shadowball\n>p2 move shadowball terastallize\n>p1 switch 3\n>p1 move scaleshot\n>p2 move shadowball\n>p2 switch 6\n>p1 move swordsdance\n>p2 move bugbuzz\n>p1 switch 5\n>p1 move nastyplot\n>p2 move revivalblessing\n>p2 switch 6\n>p1 move fireblast\n>p2 move bugbuzz\n>p2 switch 6\n>p1 move psystrike\n>p2 move shadowball\n>forcelose p1", "uploadtime": 1782842233, "views": 6, "formatid": "gen9randombattle", "rating": 2047, "private": 0, "password": null, "player_dets": [{"name": "JaviC04", "avatar": "artist", "rating": 2065, "seed": "sodium,ec814d953f4b15bb5cada61a3ff0370f"}, {"name": "gengis khann", "avatar": "266", "rating": 2095, "seed": "sodium,97b3da5897f24adbeec32cab2e34e56f"}], "teams_full": [{"Mewtwo": {"name": "Mewtwo", "species": "Mewtwo", "speciesId": "mewtwo", "gender": "N", "shiny": false, "level": 72, "moves": ["psystrike", "aurasphere", "fireblast", "nastyplot"], "ability": "Pressure", "evs": {"hp": 85, "atk": 0, "def": 85, "spa": 85, "spd": 85, "spe": 85}, "ivs": {"hp": 31, "atk": 0, "def": 31, "spa": 31, "spd": 31, "spe": 31}, "item": "Life Orb", "teraType": "Psychic", "role": "Setup Sweeper", "bvs": {"hp": 106, "atk": 110, "def": 90, "spa": 154, "spd": 90, "spe": 130}, "stats": {"hp": 272, "atk": 163, "def": 172, "spa": 264, "spd": 172, "spe": 229}, "types": ["Psychic"]}, "Ditto": {"name": "Ditto", "species": "Ditto", "speciesId": "ditto", "gender": "N", "shiny": false, "level": 87, "moves": ["transform"], "ability": "Imposter", "evs": {"hp": 85, "atk": 85, "def": 85, "spa": 85, "spd": 85, "spe": 85}, "ivs": {"hp": 31, "atk": 31, "def": 31, "spa": 31, "spd": 31, "spe": 31}, "item": "Choice Scarf", "teraType": "Ghost", "role": "Fast Support", "bvs": {"hp": 48, "atk": 48, "def": 48, "spa": 48, "spd": 48, "spe": 48}, "stats": {"hp": 225, "atk": 133, "def": 133, "spa": 133, "spd": 133, "spe": 133}, "types": ["Normal"]}, "Haxorus": {"name": "Haxorus", "species": "Haxorus", "speciesId": "haxorus", "gender": "F", "shiny": false, "level": 77, "moves": ["ironhead", "swordsdance", "scaleshot", "closecombat"], "ability": "Mold Breaker", "evs": {"hp": 85, "atk": 85, "def": 85, "spa": 85, "spd": 85, "spe": 85}, "ivs": {"hp": 31, "atk": 31, "def": 31, "spa": 31, "spd": 31, "spe": 31}, "item": "Loaded Dice", "teraType": "Steel", "role": "Fast Bulky Setup", "bvs": {"hp": 76, "atk": 147, "def": 90, "spa": 60, "spd": 70, "spe": 97}, "stats": {"hp": 244, "atk": 271, "def": 183, "spa": 137, "spd": 152, "spe": 194}, "types": ["Dragon"]}, "Torkoal": {"name": "Torkoal", "species": "Torkoal", "speciesId": "torkoal", "gender": "F", "shiny": false, "level": 88, "moves": ["rapidspin", "stealthrock", "yawn", "lavaplume"], "ability": "Drought", "evs": {"hp": 85, "atk": 85, "def": 85, "spa": 85, "spd": 85, "spe": 85}, "ivs": {"hp": 31, "atk": 31, "def": 31, "spa": 31, "spd": 31, "spe": 31}, "item": "Heavy-Duty Boots", "teraType": "Grass", "role": "Bulky Support", "bvs": {"hp": 70, "atk": 85, "def": 140, "spa": 85, "spd": 70, "spe": 20}, "stats": {"hp": 266, "atk": 200, "def": 297, "spa": 200, "spd": 173, "spe": 85}, "types": ["Fire"]}, "Greninja": {"name": "Greninja", "species": "Greninja", "speciesId": "greninja", "gender": "M", "shiny": false, "level": 80, "moves": ["gunkshot", "grassknot", "hydropump", "uturn"], "ability": "Protean", "evs": {"hp": 85, "atk": 85, "def": 85, "spa": 85, "spd": 85, "spe": 85}, "ivs": {"hp": 31, "atk": 31, "def": 31, "spa": 31, "spd": 31, "spe": 31}, "item": "Life Orb", "teraType": "Poison", "role": "Wallbreaker", "bvs": {"hp": 72, "atk": 95, "def": 67, "spa": 103, "spd": 71, "spe": 122}, "stats": {"hp": 246, "atk": 198, "def": 153, "spa": 211, "spd": 160, "spe": 241}, "types": ["Water", "Dark"]}, "Ribombee": {"name": "Ribombee", "species": "Ribombee", "speciesId": "ribombee", "gender": "F", "shiny": false, "level": 83, "moves": ["bugbuzz", "stickyweb", "moonblast", "uturn"], "ability": "Shield Dust", "evs": {"hp": 85, "atk": 85, "def": 85, "spa": 85, "spd": 85, "spe": 85}, "ivs": {"hp": 31, "atk": 31, "def": 31, "spa": 31, "spd": 31, "spe": 31}, "item": "Heavy-Duty Boots", "teraType": "Ghost", "role": "Fast Support", "bvs": {"hp": 60, "atk": 55, "def": 60, "spa": 95, "spd": 70, "spe": 124}, "stats": {"hp": 235, "atk": 139, "def": 147, "spa": 205, "spd": 164, "spe": 254}, "types": ["Bug", "Fairy"]}}, {"Mismagius": {"name": "Mismagius", "species": "Mismagius", "speciesId": "mismagius", "gender": "F", "shiny": false, "level": 86, "moves": ["energyball", "trick", "shadowball", "thunderbolt"], "ability": "Levitate", "evs": {"hp": 85, "atk": 0, "def": 85, "spa": 85, "spd": 85, "spe": 85}, "ivs": {"hp": 31, "atk": 0, "def": 31, "spa": 31, "spd": 31, "spe": 31}, "item": "Choice Specs", "teraType": "Electric", "role": "Wallbreaker", "bvs": {"hp": 60, "atk": 60, "def": 60, "spa": 105, "spd": 105, "spe": 105}, "stats": {"hp": 243, "atk": 108, "def": 152, "spa": 230, "spd": 230, "spe": 230}, "types": ["Ghost"]}, "Golurk": {"name": "Golurk", "species": "Golurk", "speciesId": "golurk", "gender": "N", "shiny": false, "level": 87, "moves": ["stealthrock", "stoneedge", "earthquake", "poltergeist"], "ability": "No Guard", "evs": {"hp": 85, "atk": 85, "def": 85, "spa": 85, "spd": 85, "spe": 85}, "ivs": {"hp": 31, "atk": 31, "def": 31, "spa": 31, "spd": 31, "spe": 31}, "item": "Life Orb", "teraType": "Ghost", "role": "Wallbreaker", "bvs": {"hp": 89, "atk": 124, "def": 80, "spa": 55, "spd": 80, "spe": 55}, "stats": {"hp": 297, "atk": 266, "def": 189, "spa": 145, "spd": 189, "spe": 145}, "types": ["Ground", "Ghost"]}, "Iron Treads": {"name": "Iron Treads", "species": "Iron Treads", "speciesId": "irontreads", "gender": "N", "shiny": false, "level": 77, "moves": ["rapidspin", "ironhead", "earthquake", "voltswitch"], "ability": "Quark Drive", "evs": {"hp": 85, "atk": 85, "def": 85, "spa": 85, "spd": 85, "spe": 85}, "ivs": {"hp": 31, "atk": 31, "def": 31, "spa": 31, "spd": 31, "spe": 31}, "item": "Assault Vest", "teraType": "Dragon", "role": "Bulky Support", "bvs": {"hp": 90, "atk": 112, "def": 120, "spa": 72, "spd": 70, "spe": 106}, "stats": {"hp": 265, "atk": 217, "def": 229, "spa": 155, "spd": 152, "spe": 208}, "types": ["Ground", "Steel"]}, "Vespiquen": {"name": "Vespiquen", "species": "Vespiquen", "speciesId": "vespiquen", "gender": "F", "shiny": false, "level": 99, "moves": ["toxic", "uturn", "hurricane", "roost"], "ability": "Pressure", "evs": {"hp": 85, "atk": 85, "def": 85, "spa": 85, "spd": 85, "spe": 85}, "ivs": {"hp": 31, "atk": 31, "def": 31, "spa": 31, "spd": 31, "spe": 31}, "item": "Heavy-Duty Boots", "teraType": "Steel", "role": "Bulky Support", "bvs": {"hp": 70, "atk": 80, "def": 102, "spa": 80, "spd": 102, "spe": 40}, "stats": {"hp": 299, "atk": 214, "def": 258, "spa": 214, "spd": 258, "spe": 135}, "types": ["Bug", "Flying"]}, "Miraidon": {"name": "Miraidon", "species": "Miraidon", "speciesId": "miraidon", "gender": "N", "shiny": false, "level": 65, "moves": ["electrodrift", "dracometeor", "calmmind", "dragonpulse"], "ability": "Hadron Engine", "evs": {"hp": 85, "atk": 0, "def": 85, "spa": 85, "spd": 85, "spe": 85}, "ivs": {"hp": 31, "atk": 0, "def": 31, "spa": 31, "spd": 31, "spe": 31}, "item": "Life Orb", "teraType": "Electric", "role": "Setup Sweeper", "bvs": {"hp": 100, "atk": 85, "def": 100, "spa": 135, "spd": 115, "spe": 135}, "stats": {"hp": 238, "atk": 115, "def": 168, "spa": 214, "spd": 188, "spe": 214}, "types": ["Electric", "Dragon"]}, "Rabsca": {"name": "Rabsca", "species": "Rabsca", "speciesId": "rabsca", "gender": "M", "shiny": false, "level": 91, "moves": ["bugbuzz", "psychic", "revivalblessing", "earthpower"], "ability": "Synchronize", "evs": {"hp": 85, "atk": 0, "def": 85, "spa": 85, "spd": 85, "spe": 85}, "ivs": {"hp": 31, "atk": 0, "def": 31, "spa": 31, "spd": 31, "spe": 31}, "item": "Heavy-Duty Boots", "teraType": "Steel", "role": "Wallbreaker", "bvs": {"hp": 75, "atk": 50, "def": 85, "spa": 115, "spd": 100, "spe": 45}, "stats": {"hp": 284, "atk": 96, "def": 207, "spa": 261, "spd": 234, "spe": 134}, "types": ["Bug", "Psychic"]}}]}