{"id": "gen9randombattle-2641891519", "format": "[Gen 9] Random Battle", "players": ["Pelamelamaje", "siponmysap"], "log": "|j|\u2606Pelamelamaje\n|j|\u2606siponmysap\n|t:|1782854548\n|gametype|singles\n|player|p1|Pelamelamaje|266|1372\n|player|p2|siponmysap|266|1380\n|gen|9\n|tier|[Gen 9] Random Battle\n|rated|\n|rule|Species Clause: Limit one of each Pok\u00e9mon\n|rule|HP Percentage Mod: HP is shown in percentages\n|rule|Sleep Clause Mod: Limit one foe put to sleep\n|rule|Illusion Level Mod: Illusion disguises the Pok\u00e9mon's true level\n|\n|t:|1782854548\n|teamsize|p1|6\n|teamsize|p2|6\n|start\n|switch|p1a: Flutter Mane|Flutter Mane, L74|203/203\n|switch|p2a: Ogerpon|Ogerpon-Hearthflame, L74, F|239/239\n|-ability|p2a: Ogerpon|Mold Breaker\n|turn|1\n|\n|t:|1782854558\n|switch|p2a: Muk|Muk-Alola, L82, F|306/306\n|move|p1a: Flutter Mane|Calm Mind|p1a: Flutter Mane\n|-boost|p1a: Flutter Mane|spa|1\n|-boost|p1a: Flutter Mane|spd|1\n|\n|upkeep\n|turn|2\n|\n|t:|1782854570\n|move|p1a: Flutter Mane|Mystical Fire|p2a: Muk\n|-damage|p2a: Muk|245/306\n|-unboost|p2a: Muk|spa|1\n|-damage|p1a: Flutter Mane|183/203|[from] item: Life Orb\n|move|p2a: Muk|Poison Jab|p1a: Flutter Mane\n|-crit|p1a: Flutter Mane\n|-damage|p1a: Flutter Mane|0 fnt\n|faint|p1a: Flutter Mane\n|-end|p1a: Flutter Mane|Protosynthesis|[silent]\n|\n|upkeep\n|\n|t:|1782854582\n|switch|p1a: Perrserker|Perrserker, L89, M|269/269\n|turn|3\n|\n|t:|1782854592\n|move|p1a: Perrserker|Iron Head|p2a: Muk\n|-damage|p2a: Muk|34/306\n|-damage|p1a: Perrserker|243/269|[from] item: Life Orb\n|move|p2a: Muk|Drain Punch|p1a: Perrserker\n|-supereffective|p1a: Perrserker\n|-damage|p1a: Perrserker|155/269\n|-heal|p2a: Muk|78/306|[from] drain|[of] p1a: Perrserker\n|\n|upkeep\n|turn|4\n|inactive|Battle timer is ON: inactive players will automatically lose when time's up. (requested by Pelamelamaje)\n|\n|t:|1782854602\n|move|p1a: Perrserker|Iron Head|p2a: Muk\n|-damage|p2a: Muk|0 fnt\n|faint|p2a: Muk\n|-damage|p1a: Perrserker|129/269|[from] item: Life Orb\n|\n|upkeep\n|\n|t:|1782854621\n|switch|p2a: Ogerpon|Ogerpon-Hearthflame, L74, F|239/239\n|-ability|p2a: Ogerpon|Mold Breaker\n|turn|5\n|\n|t:|1782854632\n|-terastallize|p1a: Perrserker|Fighting\n|move|p2a: Ogerpon|Trailblaze|p1a: Perrserker\n|-damage|p1a: Perrserker|83/269\n|-boost|p2a: Ogerpon|spe|1\n|move|p1a: Perrserker|Close Combat|p2a: Ogerpon\n|-damage|p2a: Ogerpon|0 fnt\n|-unboost|p1a: Perrserker|def|1\n|-unboost|p1a: Perrserker|spd|1\n|faint|p2a: Ogerpon\n|-damage|p1a: Perrserker|57/269|[from] item: Life Orb\n|\n|upkeep\n|\n|t:|1782854635\n|switch|p2a: Lokix|Lokix, L82, F|251/251\n|turn|6\n|\n|t:|1782854648\n|move|p2a: Lokix|First Impression|p1a: Perrserker\n|-resisted|p1a: Perrserker\n|-damage|p1a: Perrserker|0 fnt\n|faint|p1a: Perrserker\n|\n|upkeep\n|\n|t:|1782854653\n|switch|p1a: Muk|Muk-Alola, L82, F|306/306\n|turn|7\n|\n|t:|1782854662\n|move|p2a: Lokix|U-turn|p1a: Muk\n|-damage|p1a: Muk|210/306\n|\n|t:|1782854669\n|switch|p2a: Swalot|Swalot, L90, M|326/326|[from] U-turn\n|move|p1a: Muk|Ice Punch|p2a: Swalot\n|-damage|p2a: Swalot|270/326\n|\n|-heal|p2a: Swalot|290/326|[from] item: Leftovers\n|upkeep\n|turn|8\n|\n|t:|1782854681\n|switch|p1a: Ditto|Ditto, L87|225/225\n|-transform|p1a: Ditto|p2a: Swalot|[from] ability: Imposter\n|move|p2a: Swalot|Thunder Wave|p1a: Ditto|[miss]\n|-miss|p2a: Swalot|p1a: Ditto\n|\n|-heal|p2a: Swalot|310/326|[from] item: Leftovers\n|upkeep\n|turn|9\n|\n|t:|1782854693\n|move|p1a: Ditto|Thunder Wave|p2a: Swalot\n|-status|p2a: Swalot|par\n|move|p2a: Swalot|Thunder Wave|p1a: Ditto\n|-status|p1a: Ditto|par\n|\n|-heal|p2a: Swalot|326/326 par|[from] item: Leftovers\n|upkeep\n|turn|10\n|l|\u2606Pelamelamaje\n|inactive|Pelamelamaje disconnected and has a minute to reconnect!\n|player|p1|\n|inactive|Pelamelamaje has 30 seconds to reconnect!\n|j|\u2606Pelamelamaje\n|inactive|Pelamelamaje reconnected and has 120 seconds left.\n|player|p1|Pelamelamaje|266|\n|\n|t:|1782854727\n|switch|p1a: Granbull|Granbull, L88, M|302/302\n|-ability|p1a: Granbull|Intimidate|boost\n|-unboost|p2a: Swalot|atk|1\n|move|p2a: Swalot|Knock Off|p1a: Granbull\n|-resisted|p1a: Granbull\n|-damage|p1a: Granbull|280/302\n|-enditem|p1a: Granbull|Leftovers|[from] move: Knock Off|[of] p2a: Swalot\n|\n|upkeep\n|turn|11\n|\n|t:|1782854733\n|move|p1a: Granbull|Earthquake|p2a: Swalot\n|-supereffective|p2a: Swalot\n|-damage|p2a: Swalot|144/326 par\n|move|p2a: Swalot|Sludge Bomb|p1a: Granbull\n|-supereffective|p1a: Granbull\n|-damage|p1a: Granbull|50/302\n|\n|-heal|p2a: Swalot|164/326 par|[from] item: Leftovers\n|upkeep\n|turn|12\n|\n|t:|1782854738\n|move|p1a: Granbull|Earthquake|p2a: Swalot\n|-supereffective|p2a: Swalot\n|-damage|p2a: Swalot|0 fnt\n|faint|p2a: Swalot\n|\n|upkeep\n|\n|t:|1782854743\n|switch|p2a: Lokix|Lokix, L82, F|251/251\n|turn|13\n|\n|t:|1782854749\n|move|p2a: Lokix|U-turn|p1a: Granbull\n|-resisted|p1a: Granbull\n|-damage|p1a: Granbull|0 fnt\n|faint|p1a: Granbull\n|inactive|siponmysap has 120 seconds left.\n|\n|t:|1782854786\n|switch|p2a: Lanturn|Lanturn, L89, M|367/367|[from] U-turn\n|\n|upkeep\n|\n|t:|1782854794\n|switch|p1a: Muk|Muk-Alola, L82, F|210/306\n|turn|14\n|\n|t:|1782854799\n|move|p2a: Lanturn|Thunder Wave|p1a: Muk\n|-status|p1a: Muk|par\n|cant|p1a: Muk|par\n|\n|upkeep\n|turn|15\n|\n|t:|1782854806\n|move|p2a: Lanturn|Thunderbolt|p1a: Muk\n|-crit|p1a: Muk\n|-damage|p1a: Muk|126/306 par\n|cant|p1a: Muk|par\n|\n|upkeep\n|turn|16\n|\n|t:|1782854814\n|switch|p2a: Lokix|Lokix, L82, F|251/251\n|move|p1a: Muk|Gunk Shot|p2a: Lokix\n|-damage|p2a: Lokix|109/251\n|\n|upkeep\n|turn|17\n|\n|t:|1782854824\n|move|p2a: Lokix|Knock Off|p1a: Muk\n|-resisted|p1a: Muk\n|-damage|p1a: Muk|10/306 par\n|-enditem|p1a: Muk|Assault Vest|[from] move: Knock Off|[of] p2a: Lokix\n|move|p1a: Muk|Gunk Shot|p2a: Lokix|[miss]\n|-miss|p1a: Muk|p2a: Lokix\n|\n|upkeep\n|turn|18\n|\n|t:|1782854830\n|move|p2a: Lokix|Knock Off|p1a: Muk\n|-resisted|p1a: Muk\n|-damage|p1a: Muk|0 fnt\n|faint|p1a: Muk\n|\n|upkeep\n|\n|t:|1782854833\n|switch|p1a: Ditto|Ditto, L87|225/225 par\n|-transform|p1a: Ditto|p2a: Lokix|[from] ability: Imposter\n|turn|19\n|\n|t:|1782854858\n|move|p2a: Lokix|U-turn|p1a: Ditto\n|-supereffective|p1a: Ditto\n|-damage|p1a: Ditto|13/225 par\n|\n|t:|1782854861\n|switch|p2a: Lanturn|Lanturn, L89, M|367/367|[from] U-turn\n|cant|p1a: Ditto|par\n|\n|upkeep\n|turn|20\n|\n|t:|1782854868\n|cant|p1a: Ditto|par\n|move|p2a: Lanturn|Volt Switch|p1a: Ditto\n|-damage|p1a: Ditto|0 fnt\n|faint|p1a: Ditto\n|\n|t:|1782854870\n|switch|p2a: Lokix|Lokix, L82, F|109/251|[from] Volt Switch\n|\n|upkeep\n|c|\u2606Pelamelamaje|Game\n|c|\u2606Pelamelamaje|gifted this match\n|c|\u2606Pelamelamaje|gg\n|c|\u2606siponmysap|gg\n|\n|t:|1782854894\n|switch|p1a: Clawitzer|Clawitzer, L87, F|265/265\n|turn|21\n|\n|t:|1782854902\n|move|p2a: Lokix|Knock Off|p1a: Clawitzer\n|-damage|p1a: Clawitzer|168/265\n|-enditem|p1a: Clawitzer|Choice Specs|[from] move: Knock Off|[of] p2a: Lokix\n|move|p1a: Clawitzer|Aura Sphere|p2a: Lokix\n|-damage|p2a: Lokix|0 fnt\n|faint|p2a: Lokix\n|\n|upkeep\n|\n|t:|1782854905\n|switch|p2a: Lanturn|Lanturn, L89, M|367/367\n|turn|22\n|\n|t:|1782854916\n|move|p2a: Lanturn|Thunderbolt|p1a: Clawitzer\n|-supereffective|p1a: Clawitzer\n|-damage|p1a: Clawitzer|0 fnt\n|faint|p1a: Clawitzer\n|\n|win|siponmysap\n|raw|Pelamelamaje's rating: 1372 &rarr; <strong>1351</strong><br />(-21 for losing)\n|raw|siponmysap's rating: 1359 &rarr; <strong>1380</strong><br />(+21 for winning)\n|l|\u2606Pelamelamaje\n|player|p1|\n", "inputlog": ">version f8ac14003a5f27e1bdc8d8c59608a773c1cb96e5\n>start {\"formatid\":\"gen9randombattle\",\"seed\":\"sodium,91c9f03312f3f180afdb877cbee7e927\",\"rated\":\"Rated battle\"}\n>player p1 {\"name\":\"Pelamelamaje\",\"avatar\":\"266\",\"rating\":1372,\"seed\":\"sodium,f8647de161288fca55b67cfab090b02e\"}\n>player p2 {\"name\":\"siponmysap\",\"avatar\":\"266\",\"rating\":1380,\"seed\":\"sodium,0892e38007e50c0e1359d71d6121256a\"}\n>p1 move calmmind\n>p2 switch 4\n>p1 move mysticalfire\n>p2 move poisonjab\n>p1 switch 3\n>p1 move ironhead\n>p2 move drainpunch\n>p1 move ironhead\n>p2 move drainpunch\n>p2 switch 4\n>p1 move closecombat terastallize\n>p2 move trailblaze\n>p2 switch 3\n>p1 move closecombat\n>p2 move firstimpression\n>p1 switch 5\n>p1 move icepunch\n>p2 move uturn\n>p2 switch 2\n>p1 switch 4\n>p2 move thunderwave\n>p1 move thunderwave\n>p2 move thunderwave\n>p1 switch 6\n>p2 move knockoff\n>p1 move earthquake\n>p2 move sludgebomb\n>p1 move earthquake\n>p2 move sludgebomb\n>p2 switch 2\n>p1 move playrough\n>p2 move uturn\n>p2 switch 5\n>p1 switch 4\n>p1 move gunkshot\n>p2 move thunderwave\n>p1 move gunkshot\n>p2 move thunderbolt\n>p1 move gunkshot\n>p2 switch 5\n>p1 move gunkshot\n>p2 move knockoff\n>p1 move icepunch\n>p2 move knockoff\n>p1 switch 6\n>p1 move uturn\n>p2 move uturn\n>p2 switch 5\n>p1 move suckerpunch\n>p2 move voltswitch\n>p2 switch 5\n>chat \u2606Pelamelamaje|Game\n>chat \u2606Pelamelamaje|gifted this match\n>chat \u2606Pelamelamaje|gg\n>chat \u2606siponmysap|gg\n>p1 switch 2\n>p1 move aurasphere\n>p2 move knockoff\n>p2 switch 5\n>p1 move aurasphere\n>p2 move thunderbolt", "uploadtime": 1782854920, "views": 10, "formatid": "gen9randombattle", "rating": 1351, "private": 0, "password": null, "player_dets": [{"name": "Pelamelamaje", "avatar": "266", "rating": 1372, "seed": "sodium,f8647de161288fca55b67cfab090b02e"}, {"name": "siponmysap", "avatar": "266", "rating": 1380, "seed": "sodium,0892e38007e50c0e1359d71d6121256a"}], "teams_full": [{"Flutter Mane": {"name": "Flutter Mane", "species": "Flutter Mane", "speciesId": "fluttermane", "gender": "N", "shiny": false, "level": 74, "moves": ["shadowball", "moonblast", "calmmind", "mysticalfire"], "ability": "Protosynthesis", "evs": {"hp": 85, "atk": 0, "def": 85, "spa": 85, "spd": 85, "spe": 85}, "ivs": {"hp": 31, "atk": 0, "def": 31, "spa": 31, "spd": 31, "spe": 31}, "item": "Life Orb", "teraType": "Fairy", "role": "Setup Sweeper", "bvs": {"hp": 55, "atk": 55, "def": 55, "spa": 135, "spd": 135, "spe": 135}, "stats": {"hp": 203, "atk": 86, "def": 124, "spa": 243, "spd": 243, "spe": 243}, "types": ["Ghost", "Fairy"]}, "Clawitzer": {"name": "Clawitzer", "species": "Clawitzer", "speciesId": "clawitzer", "gender": "F", "shiny": false, "level": 87, "moves": ["darkpulse", "waterpulse", "aurasphere", "uturn"], "ability": "Mega Launcher", "evs": {"hp": 85, "atk": 85, "def": 85, "spa": 85, "spd": 85, "spe": 85}, "ivs": {"hp": 31, "atk": 31, "def": 31, "spa": 31, "spd": 31, "spe": 31}, "item": "Choice Specs", "teraType": "Fighting", "role": "Wallbreaker", "bvs": {"hp": 71, "atk": 73, "def": 88, "spa": 120, "spd": 89, "spe": 59}, "stats": {"hp": 265, "atk": 177, "def": 203, "spa": 259, "spd": 205, "spe": 152}, "types": ["Water"]}, "Perrserker": {"name": "Perrserker", "species": "Perrserker", "speciesId": "perrserker", "gender": "M", "shiny": false, "level": 89, "moves": ["knockoff", "stealthrock", "closecombat", "ironhead"], "ability": "Tough Claws", "evs": {"hp": 85, "atk": 85, "def": 85, "spa": 85, "spd": 85, "spe": 85}, "ivs": {"hp": 31, "atk": 31, "def": 31, "spa": 31, "spd": 31, "spe": 31}, "item": "Life Orb", "teraType": "Fighting", "role": "Fast Attacker", "bvs": {"hp": 70, "atk": 110, "def": 100, "spa": 50, "spd": 60, "spe": 50}, "stats": {"hp": 269, "atk": 247, "def": 229, "spa": 140, "spd": 158, "spe": 140}, "types": ["Steel"]}, "Ditto": {"name": "Ditto", "species": "Ditto", "speciesId": "ditto", "gender": "N", "shiny": false, "level": 87, "moves": ["transform"], "ability": "Imposter", "evs": {"hp": 85, "atk": 85, "def": 85, "spa": 85, "spd": 85, "spe": 85}, "ivs": {"hp": 31, "atk": 31, "def": 31, "spa": 31, "spd": 31, "spe": 31}, "item": "Choice Scarf", "teraType": "Ghost", "role": "Fast Support", "bvs": {"hp": 48, "atk": 48, "def": 48, "spa": 48, "spd": 48, "spe": 48}, "stats": {"hp": 225, "atk": 133, "def": 133, "spa": 133, "spd": 133, "spe": 133}, "types": ["Normal"]}, "Muk": {"name": "Muk", "species": "Muk-Alola", "speciesId": "mukalola", "gender": "F", "shiny": false, "level": 82, "moves": ["gunkshot", "icepunch", "knockoff", "drainpunch"], "ability": "Poison Touch", "evs": {"hp": 85, "atk": 85, "def": 85, "spa": 85, "spd": 85, "spe": 85}, "ivs": {"hp": 31, "atk": 31, "def": 31, "spa": 31, "spd": 31, "spe": 31}, "item": "Assault Vest", "teraType": "Fighting", "role": "AV Pivot", "bvs": {"hp": 105, "atk": 105, "def": 75, "spa": 65, "spd": 100, "spe": 50}, "stats": {"hp": 306, "atk": 219, "def": 170, "spa": 154, "spd": 211, "spe": 129}, "types": ["Poison", "Dark"]}, "Granbull": {"name": "Granbull", "species": "Granbull", "speciesId": "granbull", "gender": "M", "shiny": false, "level": 88, "moves": ["encore", "playrough", "earthquake", "thunderwave"], "ability": "Intimidate", "evs": {"hp": 85, "atk": 85, "def": 85, "spa": 85, "spd": 85, "spe": 85}, "ivs": {"hp": 31, "atk": 31, "def": 31, "spa": 31, "spd": 31, "spe": 31}, "item": "Leftovers", "teraType": "Ground", "role": "Bulky Attacker", "bvs": {"hp": 90, "atk": 120, "def": 75, "spa": 60, "spd": 60, "spe": 45}, "stats": {"hp": 302, "atk": 261, "def": 182, "spa": 156, "spd": 156, "spe": 129}, "types": ["Fairy"]}}, {"Ogerpon": {"name": "Ogerpon", "species": "Ogerpon-Hearthflame", "speciesId": "ogerponhearthflame", "gender": "F", "shiny": false, "level": 74, "moves": ["ivycudgel", "swordsdance", "hornleech", "trailblaze"], "ability": "Mold Breaker", "evs": {"hp": 77, "atk": 85, "def": 85, "spa": 85, "spd": 85, "spe": 85}, "ivs": {"hp": 31, "atk": 31, "def": 31, "spa": 31, "spd": 31, "spe": 31}, "item": "Hearthflame Mask", "teraType": "Fire", "role": "Setup Sweeper", "bvs": {"hp": 80, "atk": 120, "def": 84, "spa": 60, "spd": 96, "spe": 110}, "stats": {"hp": 239, "atk": 221, "def": 167, "spa": 132, "spd": 185, "spe": 206}, "types": ["Grass", "Fire"]}, "Swalot": {"name": "Swalot", "species": "Swalot", "speciesId": "swalot", "gender": "M", "shiny": false, "level": 90, "moves": ["sludgebomb", "knockoff", "thunderwave", "encore"], "ability": "Liquid Ooze", "evs": {"hp": 85, "atk": 85, "def": 85, "spa": 85, "spd": 85, "spe": 85}, "ivs": {"hp": 31, "atk": 31, "def": 31, "spa": 31, "spd": 31, "spe": 31}, "item": "Leftovers", "teraType": "Dark", "role": "Bulky Attacker", "bvs": {"hp": 100, "atk": 73, "def": 83, "spa": 73, "spd": 83, "spe": 55}, "stats": {"hp": 326, "atk": 183, "def": 201, "spa": 183, "spd": 201, "spe": 150}, "types": ["Poison"]}, "Lokix": {"name": "Lokix", "species": "Lokix", "speciesId": "lokix", "gender": "F", "shiny": false, "level": 82, "moves": ["firstimpression", "suckerpunch", "uturn", "knockoff"], "ability": "Tinted Lens", "evs": {"hp": 85, "atk": 85, "def": 85, "spa": 85, "spd": 85, "spe": 85}, "ivs": {"hp": 31, "atk": 31, "def": 31, "spa": 31, "spd": 31, "spe": 31}, "item": "Silver Powder", "teraType": "Bug", "role": "Fast Attacker", "bvs": {"hp": 71, "atk": 102, "def": 78, "spa": 52, "spd": 55, "spe": 92}, "stats": {"hp": 251, "atk": 214, "def": 175, "spa": 132, "spd": 137, "spe": 198}, "types": ["Bug", "Dark"]}, "Muk": {"name": "Muk", "species": "Muk-Alola", "speciesId": "mukalola", "gender": "F", "shiny": false, "level": 82, "moves": ["poisonjab", "knockoff", "drainpunch", "shadowsneak"], "ability": "Poison Touch", "evs": {"hp": 85, "atk": 85, "def": 85, "spa": 85, "spd": 85, "spe": 85}, "ivs": {"hp": 31, "atk": 31, "def": 31, "spa": 31, "spd": 31, "spe": 31}, "item": "Assault Vest", "teraType": "Fighting", "role": "AV Pivot", "bvs": {"hp": 105, "atk": 105, "def": 75, "spa": 65, "spd": 100, "spe": 50}, "stats": {"hp": 306, "atk": 219, "def": 170, "spa": 154, "spd": 211, "spe": 129}, "types": ["Poison", "Dark"]}, "Lanturn": {"name": "Lanturn", "species": "Lanturn", "speciesId": "lanturn", "gender": "M", "shiny": false, "level": 89, "moves": ["scald", "voltswitch", "thunderwave", "thunderbolt"], "ability": "Volt Absorb", "evs": {"hp": 85, "atk": 0, "def": 85, "spa": 85, "spd": 85, "spe": 85}, "ivs": {"hp": 31, "atk": 0, "def": 31, "spa": 31, "spd": 31, "spe": 31}, "item": "Heavy-Duty Boots", "teraType": "Flying", "role": "Fast Support", "bvs": {"hp": 125, "atk": 58, "def": 58, "spa": 76, "spd": 76, "spe": 67}, "stats": {"hp": 367, "atk": 108, "def": 154, "spa": 186, "spd": 186, "spe": 170}, "types": ["Water", "Electric"]}, "Snorlax": {"name": "Snorlax", "species": "Snorlax", "speciesId": "snorlax", "gender": "M", "shiny": false, "level": 82, "moves": ["curse", "earthquake", "rest", "bodyslam"], "ability": "Thick Fat", "evs": {"hp": 85, "atk": 85, "def": 85, "spa": 85, "spd": 85, "spe": 85}, "ivs": {"hp": 31, "atk": 31, "def": 31, "spa": 31, "spd": 31, "spe": 31}, "item": "Chesto Berry", "teraType": "Poison", "role": "Bulky Setup", "bvs": {"hp": 160, "atk": 110, "def": 65, "spa": 65, "spd": 110, "spe": 30}, "stats": {"hp": 397, "atk": 228, "def": 154, "spa": 154, "spd": 228, "spe": 96}, "types": ["Normal"]}}]}