{"id": "gen9randombattle-2642153161", "format": "[Gen 9] Random Battle", "players": ["nebeaanjan", "jnpr010334"], "log": "|j|\u2606nebeaanjan\n|j|\u2606jnpr010334\n|t:|1782901282\n|gametype|singles\n|player|p1|nebeaanjan|102|1701\n|player|p2|jnpr010334|265|1689\n|gen|9\n|tier|[Gen 9] Random Battle\n|rated|\n|rule|Species Clause: Limit one of each Pok\u00e9mon\n|rule|HP Percentage Mod: HP is shown in percentages\n|rule|Sleep Clause Mod: Limit one foe put to sleep\n|rule|Illusion Level Mod: Illusion disguises the Pok\u00e9mon's true level\n|\n|t:|1782901282\n|teamsize|p1|6\n|teamsize|p2|6\n|start\n|switch|p1a: Brute Bonnet|Brute Bonnet, L80|309/309\n|switch|p2a: Articuno|Articuno, L86|295/295\n|-ability|p2a: Articuno|Pressure\n|turn|1\n|inactive|Battle timer is ON: inactive players will automatically lose when time's up. (requested by nebeaanjan)\n|inactive|jnpr010334 also wants the timer to be on.\n|\n|t:|1782901298\n|-end|p1a: Brute Bonnet|Protosynthesis|[silent]\n|switch|p1a: Lucario|Lucario, L84, F|255/255\n|move|p2a: Articuno|Freeze-Dry|p1a: Lucario\n|-resisted|p1a: Lucario\n|-damage|p1a: Lucario|210/255\n|\n|upkeep\n|turn|2\n|\n|t:|1782901310\n|switch|p2a: Palossand|Palossand, L89, F|296/296\n|move|p1a: Lucario|Nasty Plot|p1a: Lucario\n|-boost|p1a: Lucario|spa|2\n|\n|upkeep\n|turn|3\n|\n|t:|1782901322\n|-terastallize|p1a: Lucario|Fighting\n|move|p1a: Lucario|Flash Cannon|p2a: Palossand\n|-damage|p2a: Palossand|7/296\n|-damage|p1a: Lucario|185/255|[from] item: Life Orb\n|move|p2a: Palossand|Earth Power|p1a: Lucario\n|-damage|p1a: Lucario|67/255\n|\n|-heal|p2a: Palossand|25/296|[from] item: Leftovers\n|upkeep\n|turn|4\n|\n|t:|1782901327\n|move|p1a: Lucario|Flash Cannon|p2a: Palossand\n|-damage|p2a: Palossand|0 fnt\n|faint|p2a: Palossand\n|-damage|p1a: Lucario|42/255|[from] item: Life Orb\n|\n|upkeep\n|\n|t:|1782901329\n|switch|p2a: Ditto|Ditto, L87|225/225\n|-transform|p2a: Ditto|p1a: Lucario|[from] ability: Imposter\n|-start|p2a: Ditto|typechange|Fighting/Steel|[silent]\n|turn|5\n|\n|t:|1782901335\n|switch|p1a: Primarina|Primarina, L83, M|268/268\n|move|p2a: Ditto|Vacuum Wave|p1a: Primarina\n|-resisted|p1a: Primarina\n|-damage|p1a: Primarina|226/268\n|\n|-heal|p1a: Primarina|242/268|[from] item: Leftovers\n|upkeep\n|turn|6\n|\n|t:|1782901345\n|switch|p2a: Trevenant|Trevenant, L89, F|296/296\n|move|p1a: Primarina|Psychic Noise|p2a: Trevenant\n|-resisted|p2a: Trevenant\n|-damage|p2a: Trevenant|245/296\n|-start|p2a: Trevenant|move: Heal Block\n|\n|-heal|p1a: Primarina|258/268|[from] item: Leftovers\n|upkeep\n|turn|7\n|\n|t:|1782901351\n|switch|p1a: Brute Bonnet|Brute Bonnet, L80|309/309\n|move|p2a: Trevenant|Poltergeist|p1a: Brute Bonnet\n|-activate|p1a: Brute Bonnet|move: Poltergeist|Leftovers\n|-resisted|p1a: Brute Bonnet\n|-damage|p1a: Brute Bonnet|215/309\n|-damage|p2a: Trevenant|216/296|[from] item: Life Orb\n|\n|-heal|p1a: Brute Bonnet|234/309|[from] item: Leftovers\n|-end|p2a: Trevenant|move: Heal Block\n|upkeep\n|turn|8\n|\n|t:|1782901357\n|move|p1a: Brute Bonnet|Sucker Punch|p2a: Trevenant\n|-supereffective|p2a: Trevenant\n|-damage|p2a: Trevenant|24/296\n|move|p2a: Trevenant|Drain Punch|p1a: Brute Bonnet\n|-supereffective|p1a: Brute Bonnet\n|-damage|p1a: Brute Bonnet|65/309\n|-heal|p2a: Trevenant|109/296|[from] drain|[of] p1a: Brute Bonnet\n|-damage|p2a: Trevenant|80/296|[from] item: Life Orb\n|\n|-heal|p1a: Brute Bonnet|84/309|[from] item: Leftovers\n|upkeep\n|turn|9\n|\n|t:|1782901372\n|switch|p2a: Great Tusk|Great Tusk, L77|304/304\n|move|p1a: Brute Bonnet|Sucker Punch||[still]\n|-fail|p1a: Brute Bonnet\n|\n|-heal|p1a: Brute Bonnet|103/309|[from] item: Leftovers\n|upkeep\n|turn|10\n|\n|t:|1782901379\n|-end|p1a: Brute Bonnet|Protosynthesis|[silent]\n|switch|p1a: Primarina|Primarina, L83, M|258/268\n|move|p2a: Great Tusk|Close Combat|p1a: Primarina\n|-resisted|p1a: Primarina\n|-damage|p1a: Primarina|177/268\n|-unboost|p2a: Great Tusk|def|1\n|-unboost|p2a: Great Tusk|spd|1\n|\n|-heal|p1a: Primarina|193/268|[from] item: Leftovers\n|upkeep\n|turn|11\n|\n|t:|1782901384\n|-end|p2a: Great Tusk|Protosynthesis|[silent]\n|switch|p2a: Trevenant|Trevenant, L89, F|80/296\n|move|p1a: Primarina|Draining Kiss|p2a: Trevenant\n|-damage|p2a: Trevenant|19/296\n|-heal|p1a: Primarina|239/268|[from] drain|[of] p2a: Trevenant\n|\n|-heal|p1a: Primarina|255/268|[from] item: Leftovers\n|upkeep\n|turn|12\n|\n|t:|1782901395\n|switch|p1a: Oranguru|Oranguru, L92, M|315/315\n|move|p2a: Trevenant|Poltergeist|p1a: Oranguru\n|-immune|p1a: Oranguru\n|\n|upkeep\n|turn|13\n|\n|t:|1782901400\n|move|p1a: Oranguru|Thunderbolt|p2a: Trevenant\n|-resisted|p2a: Trevenant\n|-damage|p2a: Trevenant|0 fnt\n|faint|p2a: Trevenant\n|\n|upkeep\n|\n|t:|1782901402\n|switch|p2a: Great Tusk|Great Tusk, L77|304/304\n|turn|14\n|inactive|nebeaanjan has 120 seconds left.\n|\n|t:|1782901454\n|-end|p2a: Great Tusk|Protosynthesis|[silent]\n|switch|p2a: Ditto|Ditto, L87|225/225\n|-transform|p2a: Ditto|p1a: Oranguru|[from] ability: Imposter\n|switch|p1a: Primarina|Primarina, L83, M|255/268\n|\n|-heal|p1a: Primarina|268/268|[from] item: Leftovers\n|upkeep\n|turn|15\n|\n|t:|1782901462\n|switch|p2a: Articuno|Articuno, L86|295/295\n|-ability|p2a: Articuno|Pressure\n|switch|p1a: Brute Bonnet|Brute Bonnet, L80|103/309\n|\n|-heal|p1a: Brute Bonnet|122/309|[from] item: Leftovers\n|upkeep\n|turn|16\n|\n|t:|1782901470\n|-end|p1a: Brute Bonnet|Protosynthesis|[silent]\n|switch|p1a: Oranguru|Oranguru, L92, M|315/315\n|move|p2a: Articuno|Freeze-Dry|p1a: Oranguru\n|-crit|p1a: Oranguru\n|-damage|p1a: Oranguru|225/315\n|\n|upkeep\n|turn|17\n|\n|t:|1782901477\n|switch|p2a: Ditto|Ditto, L87|225/225\n|-transform|p2a: Ditto|p1a: Oranguru|[from] ability: Imposter\n|move|p1a: Oranguru|Psyshock|p2a: Ditto\n|-resisted|p2a: Ditto\n|-damage|p2a: Ditto|152/225\n|\n|upkeep\n|turn|18\n|inactive|nebeaanjan has 120 seconds left.\n|\n|t:|1782901484\n|move|p2a: Ditto|Thunderbolt|p1a: Oranguru\n|-damage|p1a: Oranguru|172/315\n|move|p1a: Oranguru|Psyshock|p2a: Ditto\n|-resisted|p2a: Ditto\n|-damage|p2a: Ditto|86/225\n|\n|upkeep\n|turn|19\n|\n|t:|1782901493\n|switch|p1a: Brute Bonnet|Brute Bonnet, L80|122/309\n|move|p2a: Ditto|Thunderbolt|p1a: Brute Bonnet\n|-resisted|p1a: Brute Bonnet\n|-damage|p1a: Brute Bonnet|91/309\n|\n|-heal|p1a: Brute Bonnet|110/309|[from] item: Leftovers\n|upkeep\n|turn|20\n|\n|t:|1782901498\n|switch|p2a: Great Tusk|Great Tusk, L77|304/304\n|move|p1a: Brute Bonnet|Spore|p2a: Great Tusk\n|-status|p2a: Great Tusk|slp|[from] move: Spore\n|\n|-heal|p1a: Brute Bonnet|129/309|[from] item: Leftovers\n|upkeep\n|turn|21\n|\n|t:|1782901507\n|-end|p1a: Brute Bonnet|Protosynthesis|[silent]\n|switch|p1a: Primarina|Primarina, L83, M|268/268\n|cant|p2a: Great Tusk|slp\n|\n|upkeep\n|turn|22\n|\n|t:|1782901512\n|-end|p2a: Great Tusk|Protosynthesis|[silent]\n|switch|p2a: Articuno|Articuno, L86|295/295\n|-ability|p2a: Articuno|Pressure\n|move|p1a: Primarina|Moonblast|p2a: Articuno\n|-damage|p2a: Articuno|204/295\n|\n|upkeep\n|turn|23\n|\n|t:|1782901521\n|switch|p1a: Oranguru|Oranguru, L92, M|172/315\n|move|p2a: Articuno|Freeze-Dry|p1a: Oranguru\n|-damage|p1a: Oranguru|114/315\n|\n|upkeep\n|turn|24\n|\n|t:|1782901528\n|move|p2a: Articuno|Brave Bird|p1a: Oranguru\n|-damage|p1a: Oranguru|0 fnt\n|faint|p1a: Oranguru\n|-damage|p2a: Articuno|166/295|[from] Recoil\n|\n|upkeep\n|\n|t:|1782901534\n|switch|p1a: Lucario|Lucario, L84, F, tera:Fighting|42/255\n|turn|25\n|\n|t:|1782901537\n|switch|p2a: Suicune|Suicune, L82|298/298\n|-ability|p2a: Suicune|Pressure\n|move|p1a: Lucario|Flash Cannon|p2a: Suicune\n|-resisted|p2a: Suicune\n|-damage|p2a: Suicune|247/298\n|-damage|p1a: Lucario|17/255|[from] item: Life Orb\n|\n|-heal|p2a: Suicune|265/298|[from] item: Leftovers\n|upkeep\n|turn|26\n|\n|t:|1782901546\n|move|p1a: Lucario|Focus Blast|p2a: Suicune\n|-damage|p2a: Suicune|75/298\n|-unboost|p2a: Suicune|spd|1\n|-damage|p1a: Lucario|0 fnt|[from] item: Life Orb\n|faint|p1a: Lucario\n|move|p2a: Suicune|Scald|p1: Lucario|[notarget]\n|-fail|p2a: Suicune\n|\n|-heal|p2a: Suicune|93/298|[from] item: Leftovers\n|upkeep\n|\n|t:|1782901563\n|switch|p1a: Primarina|Primarina, L83, M|268/268\n|turn|27\n|\n|t:|1782901566\n|move|p2a: Suicune|Rest|p2a: Suicune\n|-status|p2a: Suicune|slp|[from] move: Rest\n|-heal|p2a: Suicune|298/298 slp|[silent]\n|move|p1a: Primarina|Calm Mind|p1a: Primarina\n|-boost|p1a: Primarina|spa|1\n|-boost|p1a: Primarina|spd|1\n|\n|upkeep\n|turn|28\n|\n|t:|1782901568\n|switch|p2a: Articuno|Articuno, L86|166/295\n|-ability|p2a: Articuno|Pressure\n|move|p1a: Primarina|Calm Mind|p1a: Primarina\n|-boost|p1a: Primarina|spa|1\n|-boost|p1a: Primarina|spd|1\n|\n|upkeep\n|turn|29\n|\n|t:|1782901572\n|move|p2a: Articuno|Roost|p2a: Articuno\n|-heal|p2a: Articuno|295/295\n|-singleturn|p2a: Articuno|move: Roost\n|move|p1a: Primarina|Moonblast|p2a: Articuno\n|-damage|p2a: Articuno|111/295\n|\n|upkeep\n|turn|30\n|\n|t:|1782901579\n|move|p2a: Articuno|Roost|p2a: Articuno\n|-heal|p2a: Articuno|259/295\n|-singleturn|p2a: Articuno|move: Roost\n|move|p1a: Primarina|Moonblast|p2a: Articuno\n|-damage|p2a: Articuno|79/295\n|-unboost|p2a: Articuno|spa|1\n|\n|upkeep\n|turn|31\n|\n|t:|1782901582\n|move|p2a: Articuno|Roost|p2a: Articuno\n|-heal|p2a: Articuno|227/295\n|-singleturn|p2a: Articuno|move: Roost\n|move|p1a: Primarina|Moonblast|p2a: Articuno\n|-damage|p2a: Articuno|55/295\n|\n|upkeep\n|turn|32\n|\n|t:|1782901586\n|move|p2a: Articuno|Roost|p2a: Articuno\n|-heal|p2a: Articuno|203/295\n|-singleturn|p2a: Articuno|move: Roost\n|move|p1a: Primarina|Moonblast|p2a: Articuno\n|-damage|p2a: Articuno|10/295\n|-unboost|p2a: Articuno|spa|1\n|\n|upkeep\n|turn|33\n|\n|t:|1782901590\n|move|p2a: Articuno|Brave Bird|p1a: Primarina\n|-damage|p1a: Primarina|132/268\n|-damage|p2a: Articuno|0 fnt|[from] Recoil\n|faint|p2a: Articuno\n|move|p1a: Primarina|Moonblast|p2: Articuno|[notarget]\n|-fail|p1a: Primarina\n|\n|-heal|p1a: Primarina|148/268|[from] item: Leftovers\n|upkeep\n|\n|t:|1782901591\n|switch|p2a: Ditto|Ditto, L87|86/225\n|-transform|p2a: Ditto|p1a: Primarina|[from] ability: Imposter\n|turn|34\n|\n|t:|1782901598\n|move|p2a: Ditto|Calm Mind|p2a: Ditto\n|-boost|p2a: Ditto|spa|1\n|-boost|p2a: Ditto|spd|1\n|move|p1a: Primarina|Draining Kiss|p2a: Ditto\n|-damage|p2a: Ditto|44/225\n|-heal|p1a: Primarina|180/268|[from] drain|[of] p2a: Ditto\n|\n|-heal|p1a: Primarina|196/268|[from] item: Leftovers\n|upkeep\n|turn|35\n|\n|t:|1782901603\n|move|p2a: Ditto|Calm Mind|p2a: Ditto\n|-boost|p2a: Ditto|spa|1\n|-boost|p2a: Ditto|spd|1\n|move|p1a: Primarina|Draining Kiss|p2a: Ditto\n|-damage|p2a: Ditto|5/225\n|-heal|p1a: Primarina|225/268|[from] drain|[of] p2a: Ditto\n|\n|-heal|p1a: Primarina|241/268|[from] item: Leftovers\n|upkeep\n|turn|36\n|\n|t:|1782901610\n|move|p2a: Ditto|Calm Mind|p2a: Ditto\n|-boost|p2a: Ditto|spa|1\n|-boost|p2a: Ditto|spd|1\n|move|p1a: Primarina|Draining Kiss|p2a: Ditto\n|-damage|p2a: Ditto|0 fnt\n|-heal|p1a: Primarina|245/268|[from] drain|[of] p2a: Ditto\n|faint|p2a: Ditto\n|\n|-heal|p1a: Primarina|261/268|[from] item: Leftovers\n|upkeep\n|\n|t:|1782901612\n|switch|p2a: Great Tusk|Great Tusk, L77|304/304 slp\n|turn|37\n|\n|t:|1782901617\n|cant|p2a: Great Tusk|slp\n|move|p1a: Primarina|Psychic Noise|p2a: Great Tusk\n|-supereffective|p2a: Great Tusk\n|-damage|p2a: Great Tusk|0 fnt\n|faint|p2a: Great Tusk\n|-end|p2a: Great Tusk|Protosynthesis|[silent]\n|\n|-heal|p1a: Primarina|268/268|[from] item: Leftovers\n|upkeep\n|\n|t:|1782901619\n|switch|p2a: Suicune|Suicune, L82|298/298 slp\n|-ability|p2a: Suicune|Pressure\n|turn|38\n|\n|t:|1782901624\n|cant|p2a: Suicune|slp\n|move|p2a: Suicune|Sleep Talk|p2a: Suicune\n|move|p2a: Suicune|Rest||[from] move: Sleep Talk|[still]\n|-fail|p2a: Suicune\n|move|p1a: Primarina|Moonblast|p2a: Suicune\n|-damage|p2a: Suicune|88/298 slp\n|-unboost|p2a: Suicune|spa|1\n|\n|-heal|p2a: Suicune|106/298 slp|[from] item: Leftovers\n|upkeep\n|turn|39\n|\n|t:|1782901627\n|cant|p2a: Suicune|slp\n|move|p1a: Primarina|Moonblast|p2a: Suicune\n|-damage|p2a: Suicune|0 fnt\n|faint|p2a: Suicune\n|\n|win|nebeaanjan\n|raw|nebeaanjan's rating: 1701 &rarr; <strong>1720</strong><br />(+19 for winning)\n|raw|jnpr010334's rating: 1684 &rarr; <strong>1665</strong><br />(-19 for losing)\n", "inputlog": ">version f8ac14003a5f27e1bdc8d8c59608a773c1cb96e5\n>start {\"formatid\":\"gen9randombattle\",\"seed\":\"sodium,d2cad61ab57b92a7f6c8b6557f4960f3\",\"rated\":\"Rated battle\"}\n>player p1 {\"name\":\"nebeaanjan\",\"avatar\":\"102\",\"rating\":1701,\"seed\":\"sodium,e3d75f5aedbce02cf0a38a0ab7266055\"}\n>player p2 {\"name\":\"jnpr010334\",\"avatar\":\"265\",\"rating\":1689,\"seed\":\"sodium,5fed82b5617349b686995720b15c32ad\"}\n>p1 switch 2\n>p2 move freezedry\n>p1 move nastyplot\n>p2 switch 6\n>p1 move flashcannon terastallize\n>p2 move earthpower\n>p1 move flashcannon\n>p2 move shadowball\n>p2 switch 4\n>p1 switch 4\n>p2 move vacuumwave\n>p1 move psychicnoise\n>p2 switch 5\n>p1 switch 2\n>p2 move poltergeist\n>p1 move suckerpunch\n>p2 move drainpunch\n>p1 move suckerpunch\n>p2 switch 3\n>p1 switch 2\n>p2 move closecombat\n>p1 move drainingkiss\n>p2 switch 3\n>p1 switch 6\n>p2 move poltergeist\n>p1 move thunderbolt\n>p2 move woodhammer\n>p2 switch 3\n>p1 switch 6\n>p2 switch 5\n>p1 switch 2\n>p2 switch 6\n>p1 switch 6\n>p2 move freezedry\n>p1 move psyshock\n>p2 switch 6\n>p1 move psyshock\n>p2 move thunderbolt\n>p1 switch 6\n>p2 move thunderbolt\n>p1 move spore\n>p2 switch 5\n>p1 switch 2\n>p2 move closecombat\n>p1 move moonblast\n>p2 switch 6\n>p1 switch 6\n>p2 move freezedry\n>p1 move hypervoice\n>p2 move bravebird\n>p1 switch 4\n>p1 move flashcannon\n>p2 switch 2\n>p1 move focusblast\n>p2 move scald\n>p1 switch 6\n>p1 move calmmind\n>p2 move rest\n>p1 move calmmind\n>p2 switch 2\n>p1 move moonblast\n>p2 move roost\n>p1 move moonblast\n>p2 move roost\n>p1 move moonblast\n>p2 move roost\n>p1 move moonblast\n>p2 move roost\n>p1 move moonblast\n>p2 move bravebird\n>p2 switch 5\n>p1 move drainingkiss\n>p2 move calmmind\n>p1 move drainingkiss\n>p2 move calmmind\n>p1 move drainingkiss\n>p2 move calmmind\n>p2 switch 6\n>p1 move psychicnoise\n>p2 move earthquake\n>p2 switch 2\n>p1 move moonblast\n>p2 move sleeptalk\n>p1 move moonblast\n>p2 move rest", "uploadtime": 1782901628, "views": 2, "formatid": "gen9randombattle", "rating": 1665, "private": 0, "password": null, "player_dets": [{"name": "nebeaanjan", "avatar": "102", "rating": 1701, "seed": "sodium,e3d75f5aedbce02cf0a38a0ab7266055"}, {"name": "jnpr010334", "avatar": "265", "rating": 1689, "seed": "sodium,5fed82b5617349b686995720b15c32ad"}], "teams_full": [{"Brute Bonnet": {"name": "Brute Bonnet", "species": "Brute Bonnet", "speciesId": "brutebonnet", "gender": "N", "shiny": false, "level": 80, "moves": ["crunch", "suckerpunch", "closecombat", "spore"], "ability": "Protosynthesis", "evs": {"hp": 85, "atk": 85, "def": 85, "spa": 85, "spd": 85, "spe": 85}, "ivs": {"hp": 31, "atk": 31, "def": 31, "spa": 31, "spd": 31, "spe": 31}, "item": "Leftovers", "teraType": "Poison", "role": "Bulky Attacker", "bvs": {"hp": 111, "atk": 127, "def": 99, "spa": 79, "spd": 99, "spe": 55}, "stats": {"hp": 309, "atk": 249, "def": 205, "spa": 173, "spd": 205, "spe": 134}, "types": ["Grass", "Dark"]}, "Lucario": {"name": "Lucario", "species": "Lucario", "speciesId": "lucario", "gender": "F", "shiny": false, "level": 84, "moves": ["nastyplot", "vacuumwave", "focusblast", "flashcannon"], "ability": "Inner Focus", "evs": {"hp": 85, "atk": 0, "def": 85, "spa": 85, "spd": 85, "spe": 85}, "ivs": {"hp": 31, "atk": 0, "def": 31, "spa": 31, "spd": 31, "spe": 31}, "item": "Life Orb", "teraType": "Fighting", "role": "Setup Sweeper", "bvs": {"hp": 70, "atk": 110, "def": 70, "spa": 115, "spd": 70, "spe": 90}, "stats": {"hp": 255, "atk": 189, "def": 166, "spa": 241, "spd": 166, "spe": 199}, "types": ["Fighting", "Steel"]}, "Falinks": {"name": "Falinks", "species": "Falinks", "speciesId": "falinks", "gender": "N", "shiny": false, "level": 84, "moves": ["noretreat", "knockoff", "ironhead", "closecombat"], "ability": "Defiant", "evs": {"hp": 85, "atk": 85, "def": 85, "spa": 85, "spd": 85, "spe": 85}, "ivs": {"hp": 31, "atk": 31, "def": 31, "spa": 31, "spd": 31, "spe": 31}, "item": "Life Orb", "teraType": "Dark", "role": "Setup Sweeper", "bvs": {"hp": 65, "atk": 100, "def": 100, "spa": 70, "spd": 60, "spe": 75}, "stats": {"hp": 246, "atk": 216, "def": 216, "spa": 166, "spd": 149, "spe": 174}, "types": ["Fighting"]}, "Primarina": {"name": "Primarina", "species": "Primarina", "speciesId": "primarina", "gender": "M", "shiny": false, "level": 83, "moves": ["calmmind", "moonblast", "drainingkiss", "psychicnoise"], "ability": "Liquid Voice", "evs": {"hp": 85, "atk": 0, "def": 85, "spa": 85, "spd": 85, "spe": 85}, "ivs": {"hp": 31, "atk": 0, "def": 31, "spa": 31, "spd": 31, "spe": 31}, "item": "Leftovers", "teraType": "Steel", "role": "Bulky Setup", "bvs": {"hp": 80, "atk": 74, "def": 74, "spa": 126, "spd": 116, "spe": 60}, "stats": {"hp": 268, "atk": 127, "def": 171, "spa": 257, "spd": 240, "spe": 147}, "types": ["Water", "Fairy"]}, "Inteleon": {"name": "Inteleon", "species": "Inteleon", "speciesId": "inteleon", "gender": "M", "shiny": false, "level": 81, "moves": ["icebeam", "scald", "hydropump", "uturn"], "ability": "Torrent", "evs": {"hp": 85, "atk": 85, "def": 85, "spa": 85, "spd": 85, "spe": 85}, "ivs": {"hp": 31, "atk": 31, "def": 31, "spa": 31, "spd": 31, "spe": 31}, "item": "Choice Specs", "teraType": "Water", "role": "Wallbreaker", "bvs": {"hp": 70, "atk": 85, "def": 65, "spa": 125, "spd": 65, "spe": 120}, "stats": {"hp": 246, "atk": 184, "def": 152, "spa": 249, "spd": 152, "spe": 241}, "types": ["Water"]}, "Oranguru": {"name": "Oranguru", "species": "Oranguru", "speciesId": "oranguru", "gender": "M", "shiny": false, "level": 92, "moves": ["psyshock", "thunderbolt", "hypervoice", "focusblast"], "ability": "Inner Focus", "evs": {"hp": 85, "atk": 0, "def": 85, "spa": 85, "spd": 85, "spe": 85}, "ivs": {"hp": 31, "atk": 0, "def": 31, "spa": 31, "spd": 31, "spe": 31}, "item": "Choice Specs", "teraType": "Normal", "role": "Wallbreaker", "bvs": {"hp": 90, "atk": 60, "def": 80, "spa": 90, "spd": 110, "spe": 60}, "stats": {"hp": 315, "atk": 115, "def": 200, "spa": 218, "spd": 255, "spe": 163}, "types": ["Normal", "Psychic"]}}, {"Articuno": {"name": "Articuno", "species": "Articuno", "speciesId": "articuno", "gender": "N", "shiny": false, "level": 86, "moves": ["bravebird", "freezedry", "roost", "haze"], "ability": "Pressure", "evs": {"hp": 85, "atk": 85, "def": 85, "spa": 85, "spd": 85, "spe": 85}, "ivs": {"hp": 31, "atk": 31, "def": 31, "spa": 31, "spd": 31, "spe": 31}, "item": "Heavy-Duty Boots", "teraType": "Steel", "role": "Bulky Support", "bvs": {"hp": 90, "atk": 85, "def": 100, "spa": 95, "spd": 125, "spe": 85}, "stats": {"hp": 295, "atk": 195, "def": 221, "spa": 213, "spd": 264, "spe": 195}, "types": ["Ice", "Flying"]}, "Suicune": {"name": "Suicune", "species": "Suicune", "speciesId": "suicune", "gender": "N", "shiny": false, "level": 82, "moves": ["sleeptalk", "calmmind", "rest", "scald"], "ability": "Pressure", "evs": {"hp": 85, "atk": 0, "def": 85, "spa": 85, "spd": 85, "spe": 85}, "ivs": {"hp": 31, "atk": 0, "def": 31, "spa": 31, "spd": 31, "spe": 31}, "item": "Leftovers", "teraType": "Dragon", "role": "Bulky Attacker", "bvs": {"hp": 100, "atk": 75, "def": 115, "spa": 90, "spd": 115, "spe": 85}, "stats": {"hp": 298, "atk": 127, "def": 236, "spa": 195, "spd": 236, "spe": 187}, "types": ["Water"]}, "Great Tusk": {"name": "Great Tusk", "species": "Great Tusk", "speciesId": "greattusk", "gender": "N", "shiny": false, "level": 77, "moves": ["stoneedge", "earthquake", "bulkup", "closecombat"], "ability": "Protosynthesis", "evs": {"hp": 85, "atk": 85, "def": 85, "spa": 85, "spd": 85, "spe": 85}, "ivs": {"hp": 31, "atk": 31, "def": 31, "spa": 31, "spd": 31, "spe": 31}, "item": "Leftovers", "teraType": "Steel", "role": "Bulky Setup", "bvs": {"hp": 115, "atk": 131, "def": 131, "spa": 53, "spd": 53, "spe": 87}, "stats": {"hp": 304, "atk": 246, "def": 246, "spa": 126, "spd": 126, "spe": 179}, "types": ["Ground", "Fighting"]}, "Ditto": {"name": "Ditto", "species": "Ditto", "speciesId": "ditto", "gender": "N", "shiny": false, "level": 87, "moves": ["transform"], "ability": "Imposter", "evs": {"hp": 85, "atk": 85, "def": 85, "spa": 85, "spd": 85, "spe": 85}, "ivs": {"hp": 31, "atk": 31, "def": 31, "spa": 31, "spd": 31, "spe": 31}, "item": "Choice Scarf", "teraType": "Ghost", "role": "Fast Support", "bvs": {"hp": 48, "atk": 48, "def": 48, "spa": 48, "spd": 48, "spe": 48}, "stats": {"hp": 225, "atk": 133, "def": 133, "spa": 133, "spd": 133, "spe": 133}, "types": ["Normal"]}, "Trevenant": {"name": "Trevenant", "species": "Trevenant", "speciesId": "trevenant", "gender": "F", "shiny": false, "level": 89, "moves": ["drainpunch", "woodhammer", "willowisp", "poltergeist"], "ability": "Natural Cure", "evs": {"hp": 85, "atk": 85, "def": 85, "spa": 85, "spd": 85, "spe": 85}, "ivs": {"hp": 31, "atk": 31, "def": 31, "spa": 31, "spd": 31, "spe": 31}, "item": "Life Orb", "teraType": "Fighting", "role": "Wallbreaker", "bvs": {"hp": 85, "atk": 110, "def": 76, "spa": 65, "spd": 82, "spe": 56}, "stats": {"hp": 296, "atk": 247, "def": 186, "spa": 166, "spd": 197, "spe": 150}, "types": ["Ghost", "Grass"]}, "Palossand": {"name": "Palossand", "species": "Palossand", "speciesId": "palossand", "gender": "F", "shiny": false, "level": 89, "moves": ["shoreup", "shadowball", "stealthrock", "earthpower"], "ability": "Water Compaction", "evs": {"hp": 85, "atk": 0, "def": 85, "spa": 85, "spd": 85, "spe": 85}, "ivs": {"hp": 31, "atk": 0, "def": 31, "spa": 31, "spd": 31, "spe": 31}, "item": "Leftovers", "teraType": "Water", "role": "Bulky Support", "bvs": {"hp": 85, "atk": 75, "def": 110, "spa": 100, "spd": 75, "spe": 35}, "stats": {"hp": 296, "atk": 138, "def": 247, "spa": 229, "spd": 184, "spe": 113}, "types": ["Ghost", "Ground"]}}]}