{"id": "gen9randombattle-2641993840", "format": "[Gen 9] Random Battle", "players": ["aci2nn", "monsterous0104"], "log": "|j|\u2606aci2nn\n|j|\u2606monsterous0104\n|t:|1782870194\n|gametype|singles\n|player|p1|aci2nn|whitney|1843\n|player|p2|monsterous0104|266|1880\n|gen|9\n|tier|[Gen 9] Random Battle\n|rated|\n|rule|Species Clause: Limit one of each Pok\u00e9mon\n|rule|HP Percentage Mod: HP is shown in percentages\n|rule|Sleep Clause Mod: Limit one foe put to sleep\n|rule|Illusion Level Mod: Illusion disguises the Pok\u00e9mon's true level\n|\n|t:|1782870194\n|teamsize|p1|6\n|teamsize|p2|6\n|start\n|switch|p1a: Oricorio|Oricorio-Sensu, L85, F|266/266\n|switch|p2a: Girafarig|Girafarig, L89, M, shiny|269/269\n|turn|1\n|inactive|Battle timer is ON: inactive players will automatically lose when time's up. (requested by monsterous0104)\n|\n|t:|1782870206\n|switch|p1a: Indeedee|Indeedee, L84, M|238/238\n|-fieldstart|move: Psychic Terrain|[from] ability: Psychic Surge|[of] p1a: Indeedee\n|move|p2a: Girafarig|Nasty Plot|p2a: Girafarig\n|-boost|p2a: Girafarig|spa|2\n|\n|upkeep\n|turn|2\n|c|\u2606monsterous0104|shinyy\n|\n|t:|1782870216\n|move|p1a: Indeedee|Hyper Voice|p2a: Girafarig\n|-damage|p2a: Girafarig|160/269\n|move|p2a: Girafarig|Thunderbolt|p1a: Indeedee\n|-damage|p1a: Indeedee|115/238\n|\n|upkeep\n|turn|3\n|\n|t:|1782870224\n|move|p1a: Indeedee|Hyper Voice|p2a: Girafarig\n|-damage|p2a: Girafarig|39/269\n|move|p2a: Girafarig|Thunderbolt|p1a: Indeedee\n|-damage|p1a: Indeedee|0 fnt\n|faint|p1a: Indeedee\n|\n|upkeep\n|\n|t:|1782870232\n|switch|p1a: Mienshao|Mienshao, L83, F|244/244\n|turn|4\n|\n|t:|1782870236\n|move|p1a: Mienshao|Knock Off|p2a: Girafarig\n|-supereffective|p2a: Girafarig\n|-damage|p2a: Girafarig|0 fnt\n|-enditem|p2a: Girafarig|Eviolite|[from] move: Knock Off|[of] p1a: Mienshao\n|faint|p2a: Girafarig\n|-damage|p1a: Mienshao|220/244|[from] item: Life Orb\n|\n|upkeep\n|c|\u2606aci2nn|blue giraffe\n|\n|t:|1782870263\n|switch|p2a: Altaria|Altaria, L89, M|278/278\n|turn|5\n|\n|t:|1782870287\n|switch|p1a: Qwilfish|Qwilfish, L86, F|252/252\n|-ability|p1a: Qwilfish|Intimidate|boost\n|-unboost|p2a: Altaria|atk|1\n|move|p2a: Altaria|Brave Bird|p1a: Qwilfish\n|-damage|p1a: Qwilfish|180/252\n|-damage|p2a: Altaria|254/278|[from] Recoil\n|\n|-heal|p1a: Qwilfish|195/252|[from] item: Leftovers\n|-fieldend|move: Psychic Terrain\n|upkeep\n|turn|6\n|\n|t:|1782870293\n|switch|p2a: Vileplume|Vileplume, L85, M|266/266\n|move|p1a: Qwilfish|Gunk Shot|p2a: Vileplume|[miss]\n|-miss|p1a: Qwilfish|p2a: Vileplume\n|\n|-heal|p1a: Qwilfish|210/252|[from] item: Leftovers\n|upkeep\n|turn|7\n|\n|t:|1782870300\n|switch|p1a: Volcarona|Volcarona, L77, F|257/257\n|move|p2a: Vileplume|Sleep Powder|p1a: Volcarona|[miss]\n|-miss|p2a: Vileplume|p1a: Volcarona\n|\n|upkeep\n|turn|8\n|\n|t:|1782870305\n|move|p1a: Volcarona|Fire Blast|p2a: Vileplume|[miss]\n|-miss|p1a: Volcarona|p2a: Vileplume\n|move|p2a: Vileplume|Sleep Powder|p1a: Volcarona|[miss]\n|-miss|p2a: Vileplume|p1a: Volcarona\n|\n|upkeep\n|turn|9\n|\n|t:|1782870312\n|switch|p2a: Pelipper|Pelipper, L86, F|243/243\n|-weather|RainDance|[from] ability: Drizzle|[of] p2a: Pelipper\n|move|p1a: Volcarona|Fire Blast|p2a: Pelipper\n|-resisted|p2a: Pelipper\n|-damage|p2a: Pelipper|209/243\n|\n|-weather|RainDance|[upkeep]\n|upkeep\n|turn|10\n|\n|t:|1782870325\n|switch|p1a: Zekrom|Zekrom, L71|259/259\n|-ability|p1a: Zekrom|Teravolt\n|move|p2a: Pelipper|Hurricane|p1a: Zekrom\n|-resisted|p1a: Zekrom\n|-damage|p1a: Zekrom|165/259\n|\n|-weather|RainDance|[upkeep]\n|-heal|p1a: Zekrom|181/259|[from] item: Leftovers\n|upkeep\n|turn|11\n|\n|t:|1782870340\n|switch|p2a: Vileplume|Vileplume, L85, M|266/266\n|move|p1a: Zekrom|Dragon Dance|p1a: Zekrom\n|-boost|p1a: Zekrom|atk|1\n|-boost|p1a: Zekrom|spe|1\n|\n|-weather|RainDance|[upkeep]\n|-heal|p1a: Zekrom|197/259|[from] item: Leftovers\n|upkeep\n|turn|12\n|\n|t:|1782870342\n|move|p1a: Zekrom|Substitute|p1a: Zekrom\n|-start|p1a: Zekrom|Substitute\n|-damage|p1a: Zekrom|133/259\n|move|p2a: Vileplume|Sleep Powder||[still]\n|-fail|p2a: Vileplume\n|\n|-weather|RainDance|[upkeep]\n|-heal|p1a: Zekrom|149/259|[from] item: Leftovers\n|upkeep\n|turn|13\n|\n|t:|1782870345\n|move|p1a: Zekrom|Dragon Dance|p1a: Zekrom\n|-boost|p1a: Zekrom|atk|1\n|-boost|p1a: Zekrom|spe|1\n|move|p2a: Vileplume|Sludge Bomb|p1a: Zekrom\n|-end|p1a: Zekrom|Substitute\n|\n|-weather|none\n|-heal|p1a: Zekrom|165/259|[from] item: Leftovers\n|upkeep\n|turn|14\n|\n|t:|1782870355\n|move|p1a: Zekrom|Outrage|p2a: Vileplume\n|-damage|p2a: Vileplume|1/266\n|move|p2a: Vileplume|Sludge Bomb|p1a: Zekrom\n|-damage|p1a: Zekrom|41/259\n|\n|-heal|p1a: Zekrom|57/259|[from] item: Leftovers\n|-heal|p2a: Vileplume|17/266|[from] item: Leftovers\n|upkeep\n|turn|15\n|\n|t:|1782870365\n|move|p1a: Zekrom|Outrage|p2a: Vileplume|[from] lockedmove\n|-damage|p2a: Vileplume|0 fnt\n|faint|p2a: Vileplume\n|\n|-heal|p1a: Zekrom|73/259|[from] item: Leftovers\n|upkeep\n|\n|t:|1782870367\n|switch|p2a: Comfey|Comfey, L85, F|225/225\n|turn|16\n|\n|t:|1782870371\n|move|p1a: Zekrom|Outrage|p2a: Comfey|[from] lockedmove\n|-immune|p2a: Comfey\n|-start|p1a: Zekrom|confusion|[fatigue]\n|move|p2a: Comfey|Calm Mind|p2a: Comfey\n|-boost|p2a: Comfey|spa|1\n|-boost|p2a: Comfey|spd|1\n|\n|-heal|p1a: Zekrom|89/259|[from] item: Leftovers\n|upkeep\n|turn|17\n|\n|t:|1782870374\n|move|p2a: Comfey|Draining Kiss|p1a: Zekrom\n|-supereffective|p1a: Zekrom\n|-damage|p1a: Zekrom|0 fnt\n|faint|p1a: Zekrom\n|\n|upkeep\n|\n|t:|1782870397\n|switch|p1a: Volcarona|Volcarona, L77, F|257/257\n|turn|18\n|\n|t:|1782870409\n|-terastallize|p2a: Comfey|Ground\n|move|p2a: Comfey|Tera Blast|p1a: Volcarona|[anim] Tera Blast Ground\n|-damage|p1a: Volcarona|155/257\n|move|p1a: Volcarona|Quiver Dance|p1a: Volcarona\n|-boost|p1a: Volcarona|spa|1\n|-boost|p1a: Volcarona|spd|1\n|-boost|p1a: Volcarona|spe|1\n|\n|upkeep\n|turn|19\n|\n|t:|1782870423\n|move|p1a: Volcarona|Quiver Dance|p1a: Volcarona\n|-boost|p1a: Volcarona|spa|1\n|-boost|p1a: Volcarona|spd|1\n|-boost|p1a: Volcarona|spe|1\n|move|p2a: Comfey|Calm Mind|p2a: Comfey\n|-boost|p2a: Comfey|spa|1\n|-boost|p2a: Comfey|spd|1\n|\n|upkeep\n|turn|20\n|\n|t:|1782870426\n|move|p1a: Volcarona|Quiver Dance|p1a: Volcarona\n|-boost|p1a: Volcarona|spa|1\n|-boost|p1a: Volcarona|spd|1\n|-boost|p1a: Volcarona|spe|1\n|move|p2a: Comfey|Calm Mind|p2a: Comfey\n|-boost|p2a: Comfey|spa|1\n|-boost|p2a: Comfey|spd|1\n|\n|upkeep\n|turn|21\n|\n|t:|1782870428\n|move|p1a: Volcarona|Fire Blast|p2a: Comfey\n|-damage|p2a: Comfey|123/225\n|-status|p2a: Comfey|brn\n|move|p2a: Comfey|Calm Mind|p2a: Comfey\n|-boost|p2a: Comfey|spa|1\n|-boost|p2a: Comfey|spd|1\n|\n|-heal|p2a: Comfey|137/225 brn|[from] item: Leftovers\n|-damage|p2a: Comfey|123/225 brn|[from] brn\n|upkeep\n|turn|22\n|\n|t:|1782870435\n|move|p1a: Volcarona|Bug Buzz|p2a: Comfey\n|-damage|p2a: Comfey|54/225 brn\n|move|p2a: Comfey|Tera Blast|p1a: Volcarona|[anim] Tera Blast Ground\n|-damage|p1a: Volcarona|70/257\n|\n|-heal|p2a: Comfey|68/225 brn|[from] item: Leftovers\n|-damage|p2a: Comfey|54/225 brn|[from] brn\n|upkeep\n|turn|23\n|\n|t:|1782870438\n|move|p2a: Comfey|Draining Kiss|p1a: Volcarona\n|-resisted|p1a: Volcarona\n|-damage|p1a: Volcarona|44/257\n|-heal|p2a: Comfey|74/225 brn|[from] drain|[of] p1a: Volcarona\n|move|p1a: Volcarona|Bug Buzz|p2a: Comfey\n|-damage|p2a: Comfey|5/225 brn\n|\n|-heal|p2a: Comfey|19/225 brn|[from] item: Leftovers\n|-damage|p2a: Comfey|5/225 brn|[from] brn\n|upkeep\n|turn|24\n|\n|t:|1782870444\n|move|p2a: Comfey|Draining Kiss|p1a: Volcarona\n|-resisted|p1a: Volcarona\n|-damage|p1a: Volcarona|18/257\n|-heal|p2a: Comfey|25/225 brn|[from] drain|[of] p1a: Volcarona\n|move|p1a: Volcarona|Bug Buzz|p2a: Comfey\n|-damage|p2a: Comfey|0 fnt\n|faint|p2a: Comfey\n|\n|upkeep\n|\n|t:|1782870458\n|switch|p2a: Altaria|Altaria, L89, M|254/278\n|turn|25\n|\n|t:|1782870463\n|move|p1a: Volcarona|Tera Blast|p2a: Altaria\n|-damage|p2a: Altaria|122/278\n|move|p2a: Altaria|Brave Bird|p1a: Volcarona\n|-supereffective|p1a: Volcarona\n|-damage|p1a: Volcarona|0 fnt\n|faint|p1a: Volcarona\n|-damage|p2a: Altaria|116/278|[from] Recoil\n|\n|upkeep\n|\n|t:|1782870469\n|switch|p1a: Qwilfish|Qwilfish, L86, F|210/252\n|-ability|p1a: Qwilfish|Intimidate|boost\n|-unboost|p2a: Altaria|atk|1\n|turn|26\n|\n|t:|1782870477\n|move|p1a: Qwilfish|Gunk Shot|p2a: Altaria\n|-damage|p2a: Altaria|0 fnt\n|faint|p2a: Altaria\n|\n|-heal|p1a: Qwilfish|225/252|[from] item: Leftovers\n|upkeep\n|\n|t:|1782870486\n|switch|p2a: Tauros|Tauros-Paldea-Aqua, L81, M|254/254\n|-ability|p2a: Tauros|Intimidate|boost\n|-unboost|p1a: Qwilfish|atk|1\n|turn|27\n|inactive|aci2nn has 120 seconds left.\n|\n|t:|1782870516\n|switch|p1a: Oricorio|Oricorio-Sensu, L85, F|266/266\n|move|p2a: Tauros|Bulk Up|p2a: Tauros\n|-boost|p2a: Tauros|atk|1\n|-boost|p2a: Tauros|def|1\n|\n|upkeep\n|turn|28\n|\n|t:|1782870523\n|move|p2a: Tauros|Liquidation|p1a: Oricorio\n|-damage|p1a: Oricorio|70/266\n|-damage|p2a: Tauros|229/254|[from] item: Life Orb\n|move|p1a: Oricorio|Hurricane|p2a: Tauros\n|-supereffective|p2a: Tauros\n|-crit|p2a: Tauros\n|-damage|p2a: Tauros|0 fnt\n|faint|p2a: Tauros\n|\n|upkeep\n|\n|t:|1782870528\n|switch|p2a: Pelipper|Pelipper, L86, F|209/243\n|-weather|RainDance|[from] ability: Drizzle|[of] p2a: Pelipper\n|turn|29\n|\n|t:|1782870532\n|move|p1a: Oricorio|Revelation Dance|p2a: Pelipper\n|-damage|p2a: Pelipper|86/243\n|move|p2a: Pelipper|Hurricane|p1a: Oricorio\n|-crit|p1a: Oricorio\n|-damage|p1a: Oricorio|0 fnt\n|faint|p1a: Oricorio\n|\n|-weather|RainDance|[upkeep]\n|upkeep\n|\n|t:|1782870537\n|switch|p1a: Mienshao|Mienshao, L83, F|244/244\n|turn|30\n|\n|t:|1782870541\n|move|p1a: Mienshao|Knock Off|p2a: Pelipper\n|-damage|p2a: Pelipper|0 fnt\n|-enditem|p2a: Pelipper|Choice Specs|[from] move: Knock Off|[of] p1a: Mienshao\n|faint|p2a: Pelipper\n|-damage|p1a: Mienshao|220/244|[from] item: Life Orb\n|\n|win|aci2nn\n|raw|aci2nn's rating: 1843 &rarr; <strong>1865</strong><br />(+22 for winning)\n|raw|monsterous0104's rating: 1880 &rarr; <strong>1858</strong><br />(-22 for losing)\n|l|\u2606monsterous0104\n|player|p2|\n", "inputlog": ">version f8ac14003a5f27e1bdc8d8c59608a773c1cb96e5\n>start {\"formatid\":\"gen9randombattle\",\"seed\":\"sodium,fc4856d2b3cc6f5aace4ba864bbdae69\",\"rated\":\"Rated battle\"}\n>player p1 {\"name\":\"aci2nn\",\"avatar\":\"whitney\",\"rating\":1843,\"seed\":\"sodium,a44bb039fccac3f7ddf6adbd6e72975e\"}\n>player p2 {\"name\":\"monsterous0104\",\"avatar\":\"266\",\"rating\":1880,\"seed\":\"sodium,09fd95d3feb88f754cbbeb367b7ce73f\"}\n>p1 switch 3\n>p2 move nastyplot\n>chat \u2606monsterous0104|shinyy\n>p1 move hypervoice\n>p2 move thunderbolt\n>p1 move hypervoice\n>p2 move thunderbolt\n>p1 switch 4\n>p1 move knockoff\n>p2 move psychic\n>chat \u2606aci2nn|blue giraffe\n>p2 switch 5\n>p1 switch 6\n>p2 move bravebird\n>p1 move gunkshot\n>p2 switch 2\n>p1 switch 2\n>p2 move sleeppowder\n>p1 move fireblast\n>p2 move sleeppowder\n>p1 move fireblast\n>p2 switch 4\n>p1 switch 5\n>p2 move hurricane\n>p1 move dragondance\n>p2 switch 4\n>p1 move substitute\n>p2 move sleeppowder\n>p1 move dragondance\n>p2 move sludgebomb\n>p1 move outrage\n>p2 move sludgebomb\n>p1 move outrage\n>p2 move strengthsap\n>p2 switch 6\n>p1 move outrage\n>p2 move calmmind\n>p1 move boltstrike\n>p2 move drainingkiss\n>p1 switch 5\n>p1 move quiverdance\n>p2 move terablast terastallize\n>p1 move quiverdance\n>p2 move calmmind\n>p1 move quiverdance\n>p2 move calmmind\n>p1 move fireblast\n>p2 move calmmind\n>p1 move bugbuzz\n>p2 move terablast\n>p1 move bugbuzz\n>p2 move drainingkiss\n>p1 move bugbuzz\n>p2 move drainingkiss\n>p2 switch 2\n>p1 move terablast\n>p2 move bravebird\n>p1 switch 2\n>p1 move gunkshot\n>p2 move roost\n>p2 switch 3\n>p1 switch 3\n>p2 move bulkup\n>p1 move hurricane\n>p2 move liquidation\n>p2 switch 4\n>p1 move revelationdance\n>p2 move hurricane\n>p1 switch 6\n>p1 move knockoff\n>p2 move hurricane", "uploadtime": 1782870546, "views": 8, "formatid": "gen9randombattle", "rating": 1858, "private": 0, "password": null, "player_dets": [{"name": "aci2nn", "avatar": "whitney", "rating": 1843, "seed": "sodium,a44bb039fccac3f7ddf6adbd6e72975e"}, {"name": "monsterous0104", "avatar": "266", "rating": 1880, "seed": "sodium,09fd95d3feb88f754cbbeb367b7ce73f"}], "teams_full": [{"Oricorio": {"name": "Oricorio", "species": "Oricorio-Sensu", "speciesId": "oricoriosensu", "gender": "F", "shiny": false, "level": 85, "moves": ["quiverdance", "revelationdance", "roost", "hurricane"], "ability": "Dancer", "evs": {"hp": 85, "atk": 0, "def": 85, "spa": 85, "spd": 85, "spe": 85}, "ivs": {"hp": 31, "atk": 0, "def": 31, "spa": 31, "spd": 31, "spe": 31}, "item": "Heavy-Duty Boots", "teraType": "Fighting", "role": "Setup Sweeper", "bvs": {"hp": 75, "atk": 70, "def": 70, "spa": 98, "spd": 70, "spe": 93}, "stats": {"hp": 266, "atk": 124, "def": 168, "spa": 215, "spd": 168, "spe": 207}, "types": ["Ghost", "Flying"]}, "Volcarona": {"name": "Volcarona", "species": "Volcarona", "speciesId": "volcarona", "gender": "F", "shiny": false, "level": 77, "moves": ["bugbuzz", "terablast", "fireblast", "quiverdance"], "ability": "Flame Body", "evs": {"hp": 85, "atk": 0, "def": 85, "spa": 85, "spd": 85, "spe": 85}, "ivs": {"hp": 31, "atk": 0, "def": 31, "spa": 31, "spd": 31, "spe": 31}, "item": "Heavy-Duty Boots", "teraType": "Ground", "role": "Tera Blast user", "bvs": {"hp": 85, "atk": 60, "def": 65, "spa": 135, "spd": 105, "spe": 100}, "stats": {"hp": 257, "atk": 97, "def": 145, "spa": 252, "spd": 206, "spe": 199}, "types": ["Bug", "Fire"]}, "Indeedee": {"name": "Indeedee", "species": "Indeedee", "speciesId": "indeedee", "gender": "M", "shiny": false, "level": 84, "moves": ["hypervoice", "shadowball", "dazzlinggleam", "expandingforce"], "ability": "Psychic Surge", "evs": {"hp": 85, "atk": 0, "def": 85, "spa": 85, "spd": 85, "spe": 85}, "ivs": {"hp": 31, "atk": 0, "def": 31, "spa": 31, "spd": 31, "spe": 31}, "item": "Choice Specs", "teraType": "Psychic", "role": "Fast Attacker", "bvs": {"hp": 60, "atk": 65, "def": 55, "spa": 105, "spd": 95, "spe": 95}, "stats": {"hp": 238, "atk": 114, "def": 141, "spa": 225, "spd": 208, "spe": 208}, "types": ["Psychic", "Normal"]}, "Mienshao": {"name": "Mienshao", "species": "Mienshao", "speciesId": "mienshao", "gender": "F", "shiny": false, "level": 83, "moves": ["closecombat", "knockoff", "poisonjab", "swordsdance"], "ability": "Regenerator", "evs": {"hp": 85, "atk": 85, "def": 85, "spa": 85, "spd": 85, "spe": 85}, "ivs": {"hp": 31, "atk": 31, "def": 31, "spa": 31, "spd": 31, "spe": 31}, "item": "Life Orb", "teraType": "Poison", "role": "Setup Sweeper", "bvs": {"hp": 65, "atk": 125, "def": 60, "spa": 95, "spd": 60, "spe": 105}, "stats": {"hp": 244, "atk": 255, "def": 147, "spa": 205, "spd": 147, "spe": 222}, "types": ["Fighting"]}, "Zekrom": {"name": "Zekrom", "species": "Zekrom", "speciesId": "zekrom", "gender": "N", "shiny": false, "level": 71, "moves": ["dragondance", "boltstrike", "substitute", "outrage"], "ability": "Teravolt", "evs": {"hp": 85, "atk": 85, "def": 85, "spa": 85, "spd": 85, "spe": 85}, "ivs": {"hp": 31, "atk": 31, "def": 31, "spa": 31, "spd": 31, "spe": 31}, "item": "Leftovers", "teraType": "Electric", "role": "Setup Sweeper", "bvs": {"hp": 100, "atk": 150, "def": 120, "spa": 120, "spd": 100, "spe": 90}, "stats": {"hp": 259, "atk": 254, "def": 212, "spa": 212, "spd": 183, "spe": 169}, "types": ["Dragon", "Electric"]}, "Qwilfish": {"name": "Qwilfish", "species": "Qwilfish", "speciesId": "qwilfish", "gender": "F", "shiny": false, "level": 86, "moves": ["toxicspikes", "spikes", "waterfall", "gunkshot"], "ability": "Intimidate", "evs": {"hp": 85, "atk": 85, "def": 85, "spa": 85, "spd": 85, "spe": 85}, "ivs": {"hp": 31, "atk": 31, "def": 31, "spa": 31, "spd": 31, "spe": 31}, "item": "Leftovers", "teraType": "Grass", "role": "Bulky Support", "bvs": {"hp": 65, "atk": 95, "def": 85, "spa": 55, "spd": 55, "spe": 85}, "stats": {"hp": 252, "atk": 213, "def": 195, "spa": 144, "spd": 144, "spe": 195}, "types": ["Water", "Poison"]}}, {"Girafarig": {"name": "Girafarig", "species": "Girafarig", "speciesId": "girafarig", "gender": "M", "shiny": true, "level": 89, "moves": ["nastyplot", "thunderbolt", "dazzlinggleam", "psychic"], "ability": "Sap Sipper", "evs": {"hp": 85, "atk": 0, "def": 85, "spa": 85, "spd": 85, "spe": 85}, "ivs": {"hp": 31, "atk": 0, "def": 31, "spa": 31, "spd": 31, "spe": 31}, "item": "Eviolite", "teraType": "Electric", "role": "Bulky Setup", "bvs": {"hp": 70, "atk": 80, "def": 65, "spa": 90, "spd": 65, "spe": 85}, "stats": {"hp": 269, "atk": 147, "def": 166, "spa": 211, "spd": 166, "spe": 202}, "types": ["Normal", "Psychic"]}, "Vileplume": {"name": "Vileplume", "species": "Vileplume", "speciesId": "vileplume", "gender": "M", "shiny": false, "level": 85, "moves": ["gigadrain", "sludgebomb", "strengthsap", "sleeppowder"], "ability": "Effect Spore", "evs": {"hp": 85, "atk": 0, "def": 85, "spa": 85, "spd": 85, "spe": 85}, "ivs": {"hp": 31, "atk": 0, "def": 31, "spa": 31, "spd": 31, "spe": 31}, "item": "Leftovers", "teraType": "Steel", "role": "Bulky Attacker", "bvs": {"hp": 75, "atk": 80, "def": 85, "spa": 110, "spd": 90, "spe": 50}, "stats": {"hp": 266, "atk": 141, "def": 193, "spa": 236, "spd": 202, "spe": 134}, "types": ["Grass", "Poison"]}, "Tauros": {"name": "Tauros", "species": "Tauros-Paldea-Aqua", "speciesId": "taurospaldeaaqua", "gender": "M", "shiny": false, "level": 81, "moves": ["bulkup", "closecombat", "aquajet", "liquidation"], "ability": "Intimidate", "evs": {"hp": 85, "atk": 85, "def": 85, "spa": 85, "spd": 85, "spe": 85}, "ivs": {"hp": 31, "atk": 31, "def": 31, "spa": 31, "spd": 31, "spe": 31}, "item": "Life Orb", "teraType": "Water", "role": "Setup Sweeper", "bvs": {"hp": 75, "atk": 110, "def": 105, "spa": 30, "spd": 70, "spe": 100}, "stats": {"hp": 254, "atk": 225, "def": 217, "spa": 95, "spd": 160, "spe": 209}, "types": ["Fighting", "Water"]}, "Pelipper": {"name": "Pelipper", "species": "Pelipper", "speciesId": "pelipper", "gender": "F", "shiny": false, "level": 86, "moves": ["uturn", "hydropump", "hurricane", "weatherball"], "ability": "Drizzle", "evs": {"hp": 85, "atk": 85, "def": 85, "spa": 85, "spd": 85, "spe": 85}, "ivs": {"hp": 31, "atk": 31, "def": 31, "spa": 31, "spd": 31, "spe": 31}, "item": "Choice Specs", "teraType": "Water", "role": "Wallbreaker", "bvs": {"hp": 60, "atk": 50, "def": 100, "spa": 95, "spd": 70, "spe": 65}, "stats": {"hp": 243, "atk": 135, "def": 221, "spa": 213, "spd": 170, "spe": 161}, "types": ["Water", "Flying"]}, "Altaria": {"name": "Altaria", "species": "Altaria", "speciesId": "altaria", "gender": "M", "shiny": false, "level": 89, "moves": ["defog", "haze", "roost", "bravebird"], "ability": "Natural Cure", "evs": {"hp": 85, "atk": 85, "def": 85, "spa": 85, "spd": 85, "spe": 85}, "ivs": {"hp": 31, "atk": 31, "def": 31, "spa": 31, "spd": 31, "spe": 31}, "item": "Heavy-Duty Boots", "teraType": "Steel", "role": "Bulky Support", "bvs": {"hp": 75, "atk": 70, "def": 90, "spa": 70, "spd": 105, "spe": 80}, "stats": {"hp": 278, "atk": 175, "def": 211, "spa": 175, "spd": 238, "spe": 193}, "types": ["Dragon", "Flying"]}, "Comfey": {"name": "Comfey", "species": "Comfey", "speciesId": "comfey", "gender": "F", "shiny": false, "level": 85, "moves": ["gigadrain", "terablast", "calmmind", "drainingkiss"], "ability": "Triage", "evs": {"hp": 85, "atk": 0, "def": 85, "spa": 85, "spd": 85, "spe": 85}, "ivs": {"hp": 31, "atk": 0, "def": 31, "spa": 31, "spd": 31, "spe": 31}, "item": "Leftovers", "teraType": "Ground", "role": "Tera Blast user", "bvs": {"hp": 51, "atk": 52, "def": 90, "spa": 82, "spd": 110, "spe": 100}, "stats": {"hp": 225, "atk": 93, "def": 202, "spa": 188, "spd": 236, "spe": 219}, "types": ["Fairy"]}}]}