{"id": "gen9randombattle-2642055591", "format": "[Gen 9] Random Battle", "players": ["mishisad", "testbotcif"], "log": "|j|\u2606mishisad\n|j|\u2606testbotcif\n|t:|1782880559\n|gametype|singles\n|player|p1|mishisad|101|1412\n|player|p2|testbotcif|1|1421\n|gen|9\n|tier|[Gen 9] Random Battle\n|rated|\n|rule|Species Clause: Limit one of each Pok\u00e9mon\n|rule|HP Percentage Mod: HP is shown in percentages\n|rule|Sleep Clause Mod: Limit one foe put to sleep\n|rule|Illusion Level Mod: Illusion disguises the Pok\u00e9mon's true level\n|\n|t:|1782880559\n|teamsize|p1|6\n|teamsize|p2|6\n|start\n|switch|p1a: Phione|Phione, L91|293/293\n|switch|p2a: Talonflame|Talonflame, L83, F|265/265\n|turn|1\n|c|\u2606testbotcif|rlhf\n|inactive|Battle timer is ON: inactive players will automatically lose when time's up. (requested by testbotcif)\n|c|\u2606mishisad|glhf\n|\n|t:|1782880575\n|move|p2a: Talonflame|U-turn|p1a: Phione\n|-damage|p1a: Phione|250/293\n|\n|t:|1782880575\n|switch|p2a: Magnezone|Magnezone, L85|258/258|[from] U-turn\n|move|p1a: Phione|Take Heart|p1a: Phione\n|-boost|p1a: Phione|spa|1\n|-boost|p1a: Phione|spd|1\n|\n|-heal|p1a: Phione|268/293|[from] item: Leftovers\n|upkeep\n|turn|2\n|\n|t:|1782880578\n|move|p2a: Magnezone|Thunderbolt|p1a: Phione\n|-supereffective|p1a: Phione\n|-damage|p1a: Phione|116/293\n|move|p1a: Phione|Scald|p2a: Magnezone\n|-damage|p2a: Magnezone|125/258\n|\n|-heal|p1a: Phione|134/293|[from] item: Leftovers\n|upkeep\n|turn|3\n|\n|t:|1782880586\n|switch|p1a: Plusle|Plusle, L95, F|268/268\n|move|p2a: Magnezone|Thunderbolt|p1a: Plusle\n|-ability|p1a: Plusle|Lightning Rod|boost\n|-boost|p1a: Plusle|spa|1\n|\n|upkeep\n|turn|4\n|\n|t:|1782880590\n|switch|p2a: Talonflame|Talonflame, L83, F|265/265\n|move|p1a: Plusle|Nasty Plot|p1a: Plusle\n|-boost|p1a: Plusle|spa|2\n|\n|upkeep\n|turn|5\n|\n|t:|1782880591\n|move|p2a: Talonflame|U-turn|p1a: Plusle\n|-damage|p1a: Plusle|207/268\n|\n|t:|1782880591\n|switch|p2a: Maushold|Maushold, L76|238/238|[from] U-turn\n|move|p1a: Plusle|Thunderbolt|p2a: Maushold\n|-damage|p2a: Maushold|0 fnt\n|faint|p2a: Maushold\n|-damage|p1a: Plusle|181/268|[from] item: Life Orb\n|\n|upkeep\n|\n|t:|1782880592\n|switch|p2a: Talonflame|Talonflame, L83, F|265/265\n|turn|6\n|\n|t:|1782880597\n|move|p2a: Talonflame|U-turn|p1a: Plusle\n|-damage|p1a: Plusle|116/268\n|\n|t:|1782880598\n|switch|p2a: Honchkrow|Honchkrow, L86, M|312/312|[from] U-turn\n|move|p1a: Plusle|Thunderbolt|p2a: Honchkrow\n|-supereffective|p2a: Honchkrow\n|-damage|p2a: Honchkrow|0 fnt\n|faint|p2a: Honchkrow\n|-damage|p1a: Plusle|90/268|[from] item: Life Orb\n|\n|upkeep\n|\n|t:|1782880598\n|switch|p2a: Talonflame|Talonflame, L83, F|265/265\n|turn|7\n|\n|t:|1782880602\n|move|p2a: Talonflame|U-turn|p1a: Plusle\n|-damage|p1a: Plusle|29/268\n|\n|t:|1782880602\n|switch|p2a: Tyranitar|Tyranitar, L78, F|284/284|[from] U-turn\n|-weather|Sandstorm|[from] ability: Sand Stream|[of] p2a: Tyranitar\n|move|p1a: Plusle|Thunderbolt|p2a: Tyranitar\n|-damage|p2a: Tyranitar|31/284\n|-damage|p1a: Plusle|3/268|[from] item: Life Orb\n|\n|-weather|Sandstorm|[upkeep]\n|-damage|p1a: Plusle|0 fnt|[from] Sandstorm\n|faint|p1a: Plusle\n|upkeep\n|\n|t:|1782880608\n|switch|p1a: Phione|Phione, L91|134/293\n|turn|8\n|\n|t:|1782880610\n|move|p1a: Phione|Scald|p2a: Tyranitar\n|-supereffective|p2a: Tyranitar\n|-damage|p2a: Tyranitar|0 fnt\n|faint|p2a: Tyranitar\n|\n|-weather|Sandstorm|[upkeep]\n|-damage|p1a: Phione|116/293|[from] Sandstorm\n|-heal|p1a: Phione|134/293|[from] item: Leftovers\n|upkeep\n|\n|t:|1782880610\n|switch|p2a: Magnezone|Magnezone, L85|125/258\n|turn|9\n|\n|t:|1782880615\n|switch|p1a: Pawmot|Pawmot, L80, M|243/243\n|move|p2a: Magnezone|Thunderbolt|p1a: Pawmot\n|-immune|p1a: Pawmot|[from] ability: Volt Absorb\n|\n|-weather|Sandstorm|[upkeep]\n|-damage|p1a: Pawmot|228/243|[from] Sandstorm\n|upkeep\n|turn|10\n|\n|t:|1782880622\n|switch|p2a: Talonflame|Talonflame, L83, F|265/265\n|move|p1a: Pawmot|Double Shock|p2a: Talonflame\n|-supereffective|p2a: Talonflame\n|-damage|p2a: Talonflame|0 fnt\n|-start|p1a: Pawmot|typechange|???/Fighting|[from] move: Double Shock\n|-status|p1a: Pawmot|brn|[from] ability: Flame Body|[of] p2a: Talonflame\n|faint|p2a: Talonflame\n|\n|-weather|Sandstorm|[upkeep]\n|-damage|p1a: Pawmot|213/243 brn|[from] Sandstorm\n|-damage|p1a: Pawmot|198/243 brn|[from] brn\n|upkeep\n|\n|t:|1782880622\n|switch|p2a: Hitmontop|Hitmontop, L88, M|231/231\n|turn|11\n|\n|t:|1782880625\n|switch|p1a: Phione|Phione, L91|134/293\n|move|p2a: Hitmontop|Bulk Up|p2a: Hitmontop\n|-boost|p2a: Hitmontop|atk|1\n|-boost|p2a: Hitmontop|def|1\n|\n|-weather|none\n|-heal|p1a: Phione|152/293|[from] item: Leftovers\n|upkeep\n|turn|12\n|\n|t:|1782880628\n|move|p1a: Phione|Scald|p2a: Hitmontop\n|-damage|p2a: Hitmontop|159/231\n|move|p2a: Hitmontop|Close Combat|p1a: Phione\n|-damage|p1a: Phione|0 fnt\n|-unboost|p2a: Hitmontop|def|1\n|-unboost|p2a: Hitmontop|spd|1\n|faint|p1a: Phione\n|\n|-heal|p2a: Hitmontop|173/231|[from] item: Leftovers\n|upkeep\n|\n|t:|1782880635\n|switch|p1a: Pawmot|Pawmot, L80, M|198/243 brn\n|turn|13\n|\n|t:|1782880637\n|move|p1a: Pawmot|Nuzzle|p2a: Hitmontop\n|-damage|p2a: Hitmontop|163/231\n|-status|p2a: Hitmontop|par\n|move|p2a: Hitmontop|Close Combat|p1a: Pawmot\n|-damage|p1a: Pawmot|0 fnt\n|-unboost|p2a: Hitmontop|def|1\n|-unboost|p2a: Hitmontop|spd|1\n|faint|p1a: Pawmot\n|\n|-heal|p2a: Hitmontop|177/231 par|[from] item: Leftovers\n|upkeep\n|\n|t:|1782880643\n|switch|p1a: Crabominable|Crabominable, L90, F|321/321\n|turn|14\n|\n|t:|1782880650\n|-terastallize|p1a: Crabominable|Fighting\n|move|p1a: Crabominable|Drain Punch|p2a: Hitmontop\n|-damage|p2a: Hitmontop|0 fnt\n|faint|p2a: Hitmontop\n|\n|upkeep\n|\n|t:|1782880650\n|switch|p2a: Magnezone|Magnezone, L85|125/258\n|turn|15\n|\n|t:|1782880653\n|-terastallize|p2a: Magnezone|Flying\n|move|p2a: Magnezone|Flash Cannon|p1a: Crabominable\n|-damage|p1a: Crabominable|198/321\n|move|p1a: Crabominable|Drain Punch|p2a: Magnezone\n|-resisted|p2a: Magnezone\n|-damage|p2a: Magnezone|12/258\n|-heal|p1a: Crabominable|255/321|[from] drain|[of] p2a: Magnezone\n|\n|upkeep\n|turn|16\n|\n|t:|1782880655\n|move|p2a: Magnezone|Flash Cannon|p1a: Crabominable\n|-damage|p1a: Crabominable|117/321\n|move|p1a: Crabominable|Drain Punch|p2a: Magnezone\n|-resisted|p2a: Magnezone\n|-damage|p2a: Magnezone|0 fnt\n|-heal|p1a: Crabominable|123/321|[from] drain|[of] p2a: Magnezone\n|faint|p2a: Magnezone\n|\n|win|mishisad\n|raw|mishisad's rating: 1412 &rarr; <strong>1433</strong><br />(+21 for winning)\n|raw|testbotcif's rating: 1421 &rarr; <strong>1400</strong><br />(-21 for losing)\n", "inputlog": ">version f8ac14003a5f27e1bdc8d8c59608a773c1cb96e5\n>start {\"formatid\":\"gen9randombattle\",\"seed\":\"sodium,80e6b62b6ac246d88f00e19ccc76339d\",\"rated\":\"Rated battle\"}\n>player p1 {\"name\":\"mishisad\",\"avatar\":\"101\",\"rating\":1412,\"seed\":\"sodium,9fdec885b1bb42dfc1f2f29bc4bf08a2\"}\n>player p2 {\"name\":\"testbotcif\",\"avatar\":\"1\",\"rating\":1421,\"seed\":\"sodium,24b72085acc6081ee91ec32f2a845b8b\"}\n>chat \u2606testbotcif|rlhf\n>chat \u2606mishisad|glhf\n>p1 move takeheart\n>p2 move uturn\n>p2 switch 6\n>p1 move scald\n>p2 move thunderbolt\n>p1 switch 6\n>p2 move thunderbolt\n>p1 move nastyplot\n>p2 switch 6\n>p1 move thunderbolt\n>p2 move uturn\n>p2 switch 4\n>p2 switch 4\n>p1 move thunderbolt\n>p2 move uturn\n>p2 switch 2\n>p2 switch 2\n>p1 move thunderbolt\n>p2 move uturn\n>p2 switch 3\n>p1 switch 6\n>p1 move scald\n>p2 move knockoff\n>p2 switch 6\n>p1 switch 2\n>p2 move thunderbolt\n>p1 move doubleshock\n>p2 switch 3\n>p2 switch 5\n>p1 switch 2\n>p2 move bulkup\n>p1 move scald\n>p2 move closecombat\n>p1 switch 2\n>p1 move nuzzle\n>p2 move closecombat\n>p1 switch 5\n>p1 move drainpunch terastallize\n>p2 move closecombat\n>p2 switch 3\n>p1 move drainpunch\n>p2 move flashcannon terastallize\n>p1 move drainpunch\n>p2 move flashcannon", "uploadtime": 1782880655, "views": 3, "formatid": "gen9randombattle", "rating": 1400, "private": 0, "password": null, "player_dets": [{"name": "mishisad", "avatar": "101", "rating": 1412, "seed": "sodium,9fdec885b1bb42dfc1f2f29bc4bf08a2"}, {"name": "testbotcif", "avatar": "1", "rating": 1421, "seed": "sodium,24b72085acc6081ee91ec32f2a845b8b"}], "teams_full": [{"Phione": {"name": "Phione", "species": "Phione", "speciesId": "phione", "gender": "N", "shiny": false, "level": 91, "moves": ["grassknot", "takeheart", "icebeam", "scald"], "ability": "Hydration", "evs": {"hp": 85, "atk": 0, "def": 85, "spa": 85, "spd": 85, "spe": 85}, "ivs": {"hp": 31, "atk": 0, "def": 31, "spa": 31, "spd": 31, "spe": 31}, "item": "Leftovers", "teraType": "Grass", "role": "Bulky Attacker", "bvs": {"hp": 80, "atk": 80, "def": 80, "spa": 80, "spd": 80, "spe": 80}, "stats": {"hp": 293, "atk": 150, "def": 197, "spa": 197, "spd": 197, "spe": 197}, "types": ["Water"]}, "Pawmot": {"name": "Pawmot", "species": "Pawmot", "speciesId": "pawmot", "gender": "M", "shiny": false, "level": 80, "moves": ["revivalblessing", "closecombat", "nuzzle", "doubleshock"], "ability": "Volt Absorb", "evs": {"hp": 85, "atk": 85, "def": 85, "spa": 85, "spd": 85, "spe": 85}, "ivs": {"hp": 31, "atk": 31, "def": 31, "spa": 31, "spd": 31, "spe": 31}, "item": "Leppa Berry", "teraType": "Electric", "role": "Fast Attacker", "bvs": {"hp": 70, "atk": 115, "def": 70, "spa": 70, "spd": 60, "spe": 105}, "stats": {"hp": 243, "atk": 230, "def": 158, "spa": 158, "spd": 142, "spe": 214}, "types": ["Electric", "Fighting"]}, "Ting-Lu": {"name": "Ting-Lu", "species": "Ting-Lu", "speciesId": "tinglu", "gender": "N", "shiny": false, "level": 78, "moves": ["throatchop", "spikes", "stealthrock", "earthquake"], "ability": "Vessel of Ruin", "evs": {"hp": 85, "atk": 85, "def": 85, "spa": 85, "spd": 85, "spe": 85}, "ivs": {"hp": 31, "atk": 31, "def": 31, "spa": 31, "spd": 31, "spe": 31}, "item": "Leftovers", "teraType": "Poison", "role": "Bulky Support", "bvs": {"hp": 155, "atk": 110, "def": 125, "spa": 55, "spd": 80, "spe": 45}, "stats": {"hp": 370, "atk": 217, "def": 240, "spa": 131, "spd": 170, "spe": 115}, "types": ["Dark", "Ground"]}, "Ditto": {"name": "Ditto", "species": "Ditto", "speciesId": "ditto", "gender": "N", "shiny": false, "level": 87, "moves": ["transform"], "ability": "Imposter", "evs": {"hp": 85, "atk": 85, "def": 85, "spa": 85, "spd": 85, "spe": 85}, "ivs": {"hp": 31, "atk": 31, "def": 31, "spa": 31, "spd": 31, "spe": 31}, "item": "Choice Scarf", "teraType": "Ghost", "role": "Fast Support", "bvs": {"hp": 48, "atk": 48, "def": 48, "spa": 48, "spd": 48, "spe": 48}, "stats": {"hp": 225, "atk": 133, "def": 133, "spa": 133, "spd": 133, "spe": 133}, "types": ["Normal"]}, "Crabominable": {"name": "Crabominable", "species": "Crabominable", "speciesId": "crabominable", "gender": "F", "shiny": false, "level": 90, "moves": ["icehammer", "gunkshot", "drainpunch", "knockoff"], "ability": "Iron Fist", "evs": {"hp": 85, "atk": 85, "def": 85, "spa": 85, "spd": 85, "spe": 85}, "ivs": {"hp": 31, "atk": 31, "def": 31, "spa": 31, "spd": 31, "spe": 31}, "item": "Choice Band", "teraType": "Fighting", "role": "Wallbreaker", "bvs": {"hp": 97, "atk": 132, "def": 77, "spa": 62, "spd": 67, "spe": 43}, "stats": {"hp": 321, "atk": 289, "def": 190, "spa": 163, "spd": 172, "spe": 129}, "types": ["Fighting", "Ice"]}, "Plusle": {"name": "Plusle", "species": "Plusle", "speciesId": "plusle", "gender": "F", "shiny": false, "level": 95, "moves": ["alluringvoice", "nastyplot", "thunderbolt", "grassknot"], "ability": "Lightning Rod", "evs": {"hp": 85, "atk": 0, "def": 85, "spa": 85, "spd": 85, "spe": 85}, "ivs": {"hp": 31, "atk": 0, "def": 31, "spa": 31, "spd": 31, "spe": 31}, "item": "Life Orb", "teraType": "Grass", "role": "Setup Sweeper", "bvs": {"hp": 60, "atk": 50, "def": 40, "spa": 85, "spd": 75, "spe": 95}, "stats": {"hp": 268, "atk": 100, "def": 130, "spa": 215, "spd": 196, "spe": 234}, "types": ["Electric"]}}, {"Talonflame": {"name": "Talonflame", "species": "Talonflame", "speciesId": "talonflame", "gender": "F", "shiny": false, "level": 83, "moves": ["overheat", "uturn", "roost", "bravebird"], "ability": "Flame Body", "evs": {"hp": 85, "atk": 85, "def": 85, "spa": 85, "spd": 85, "spe": 85}, "ivs": {"hp": 31, "atk": 31, "def": 31, "spa": 31, "spd": 31, "spe": 31}, "item": "Heavy-Duty Boots", "teraType": "Ground", "role": "Bulky Attacker", "bvs": {"hp": 78, "atk": 81, "def": 71, "spa": 74, "spd": 69, "spe": 126}, "stats": {"hp": 265, "atk": 182, "def": 166, "spa": 171, "spd": 162, "spe": 257}, "types": ["Fire", "Flying"]}, "Honchkrow": {"name": "Honchkrow", "species": "Honchkrow", "speciesId": "honchkrow", "gender": "M", "shiny": false, "level": 86, "moves": ["lashout", "suckerpunch", "bravebird", "heatwave"], "ability": "Moxie", "evs": {"hp": 85, "atk": 85, "def": 85, "spa": 85, "spd": 85, "spe": 85}, "ivs": {"hp": 31, "atk": 31, "def": 31, "spa": 31, "spd": 31, "spe": 31}, "item": "Heavy-Duty Boots", "teraType": "Dark", "role": "Wallbreaker", "bvs": {"hp": 100, "atk": 125, "def": 52, "spa": 105, "spd": 52, "spe": 71}, "stats": {"hp": 312, "atk": 264, "def": 139, "spa": 230, "spd": 139, "spe": 171}, "types": ["Dark", "Flying"]}, "Tyranitar": {"name": "Tyranitar", "species": "Tyranitar", "speciesId": "tyranitar", "gender": "F", "shiny": false, "level": 78, "moves": ["stoneedge", "dragondance", "earthquake", "knockoff"], "ability": "Sand Stream", "evs": {"hp": 85, "atk": 85, "def": 85, "spa": 85, "spd": 85, "spe": 85}, "ivs": {"hp": 31, "atk": 31, "def": 31, "spa": 31, "spd": 31, "spe": 31}, "item": "Weakness Policy", "teraType": "Rock", "role": "Bulky Setup", "bvs": {"hp": 100, "atk": 134, "def": 110, "spa": 95, "spd": 100, "spe": 61}, "stats": {"hp": 284, "atk": 254, "def": 217, "spa": 193, "spd": 201, "spe": 140}, "types": ["Rock", "Dark"]}, "Maushold": {"name": "Maushold", "species": "Maushold", "speciesId": "maushold", "gender": "N", "shiny": false, "level": 76, "moves": ["encore", "tidyup", "populationbomb", "bite"], "ability": "Technician", "evs": {"hp": 85, "atk": 85, "def": 85, "spa": 85, "spd": 85, "spe": 85}, "ivs": {"hp": 31, "atk": 31, "def": 31, "spa": 31, "spd": 31, "spe": 31}, "item": "Wide Lens", "teraType": "Ghost", "role": "Setup Sweeper", "bvs": {"hp": 74, "atk": 75, "def": 70, "spa": 65, "spd": 75, "spe": 111}, "stats": {"hp": 238, "atk": 158, "def": 150, "spa": 143, "spd": 158, "spe": 213}, "types": ["Normal"]}, "Hitmontop": {"name": "Hitmontop", "species": "Hitmontop", "speciesId": "hitmontop", "gender": "M", "shiny": false, "level": 88, "moves": ["closecombat", "tripleaxel", "rapidspin", "bulkup"], "ability": "Technician", "evs": {"hp": 85, "atk": 85, "def": 85, "spa": 85, "spd": 85, "spe": 85}, "ivs": {"hp": 31, "atk": 31, "def": 31, "spa": 31, "spd": 31, "spe": 31}, "item": "Leftovers", "teraType": "Ice", "role": "Bulky Setup", "bvs": {"hp": 50, "atk": 95, "def": 95, "spa": 35, "spd": 110, "spe": 70}, "stats": {"hp": 231, "atk": 217, "def": 217, "spa": 112, "spd": 244, "spe": 173}, "types": ["Fighting"]}, "Magnezone": {"name": "Magnezone", "species": "Magnezone", "speciesId": "magnezone", "gender": "N", "shiny": false, "level": 85, "moves": ["bodypress", "thunderbolt", "voltswitch", "flashcannon"], "ability": "Analytic", "evs": {"hp": 85, "atk": 0, "def": 85, "spa": 85, "spd": 85, "spe": 85}, "ivs": {"hp": 31, "atk": 0, "def": 31, "spa": 31, "spd": 31, "spe": 31}, "item": "Choice Scarf", "teraType": "Flying", "role": "Fast Attacker", "bvs": {"hp": 70, "atk": 70, "def": 115, "spa": 130, "spd": 90, "spe": 60}, "stats": {"hp": 258, "atk": 124, "def": 244, "spa": 270, "spd": 202, "spe": 151}, "types": ["Electric", "Steel"]}}]}