{"id": "gen9randombattle-2642084185", "format": "[Gen 9] Random Battle", "players": ["testbotcif", "FireShockerDx"], "log": "|j|\u2606testbotcif\n|j|\u203dFireShockerDx\n|t:|1782886413\n|gametype|singles\n|player|p1|testbotcif|1|1419\n|player|p2|FireShockerDx|unknown|1351\n|gen|9\n|tier|[Gen 9] Random Battle\n|rated|\n|rule|Species Clause: Limit one of each Pok\u00e9mon\n|rule|HP Percentage Mod: HP is shown in percentages\n|rule|Sleep Clause Mod: Limit one foe put to sleep\n|rule|Illusion Level Mod: Illusion disguises the Pok\u00e9mon's true level\n|\n|t:|1782886413\n|teamsize|p1|6\n|teamsize|p2|6\n|start\n|switch|p1a: Bronzong|Bronzong, L88|261/261\n|switch|p2a: Kyurem|Kyurem-Black, L71|295/295\n|-ability|p2a: Kyurem|Teravolt\n|turn|1\n|inactive|Battle timer is ON: inactive players will automatically lose when time's up. (requested by testbotcif)\n|c|\u2606testbotcif|rlhf\n|\n|t:|1782886429\n|switch|p2a: Slowbro|Slowbro-Galar, L87, M|307/307\n|move|p1a: Bronzong|Iron Defense|p1a: Bronzong\n|-boost|p1a: Bronzong|def|2\n|\n|upkeep\n|turn|2\n|\n|t:|1782886437\n|move|p1a: Bronzong|Iron Head|p2a: Slowbro\n|-damage|p2a: Slowbro|231/307\n|cant|p2a: Slowbro|flinch\n|\n|upkeep\n|turn|3\n|\n|t:|1782886440\n|move|p1a: Bronzong|Iron Head|p2a: Slowbro\n|-damage|p2a: Slowbro|147/307\n|move|p2a: Slowbro|Fire Blast|p1a: Bronzong\n|-supereffective|p1a: Bronzong\n|-damage|p1a: Bronzong|131/261\n|\n|-heal|p1a: Bronzong|147/261|[from] item: Leftovers\n|upkeep\n|turn|4\n|\n|t:|1782886453\n|switch|p2a: Iron Crown|Iron Crown, L78|268/268\n|move|p1a: Bronzong|Iron Head|p2a: Iron Crown\n|-resisted|p2a: Iron Crown\n|-damage|p2a: Iron Crown|225/268\n|\n|-heal|p2a: Iron Crown|241/268|[from] item: Leftovers\n|-heal|p1a: Bronzong|163/261|[from] item: Leftovers\n|upkeep\n|turn|5\n|\n|t:|1782886459\n|move|p2a: Iron Crown|Focus Blast|p1a: Bronzong\n|-damage|p1a: Bronzong|93/261\n|move|p1a: Bronzong|Body Press|p2a: Iron Crown\n|-damage|p2a: Iron Crown|90/268\n|\n|-heal|p2a: Iron Crown|106/268|[from] item: Leftovers\n|-heal|p1a: Bronzong|109/261|[from] item: Leftovers\n|upkeep\n|turn|6\n|\n|t:|1782886466\n|move|p2a: Iron Crown|Focus Blast|p1a: Bronzong\n|-damage|p1a: Bronzong|44/261\n|move|p1a: Bronzong|Body Press|p2a: Iron Crown\n|-crit|p2a: Iron Crown\n|-damage|p2a: Iron Crown|0 fnt\n|faint|p2a: Iron Crown\n|-end|p2a: Iron Crown|Quark Drive|[silent]\n|\n|-heal|p1a: Bronzong|60/261|[from] item: Leftovers\n|upkeep\n|\n|t:|1782886472\n|switch|p2a: Passimian|Passimian, L83, M|302/302\n|turn|7\n|\n|t:|1782886474\n|move|p2a: Passimian|Knock Off|p1a: Bronzong\n|-supereffective|p1a: Bronzong\n|-damage|p1a: Bronzong|0 fnt\n|-enditem|p1a: Bronzong|Leftovers|[from] move: Knock Off|[of] p2a: Passimian\n|faint|p1a: Bronzong\n|\n|upkeep\n|\n|t:|1782886474\n|switch|p1a: Pincurchin|Pincurchin, M|258/258\n|-fieldstart|move: Electric Terrain|[from] ability: Electric Surge|[of] p1a: Pincurchin\n|turn|8\n|\n|t:|1782886477\n|move|p2a: Passimian|Knock Off|p1a: Pincurchin\n|-damage|p1a: Pincurchin|198/258\n|-enditem|p1a: Pincurchin|Leftovers|[from] move: Knock Off|[of] p2a: Passimian\n|move|p1a: Pincurchin|Spikes|p2a: Passimian\n|-sidestart|p2: FireShockerDx|Spikes\n|\n|upkeep\n|turn|9\n|\n|t:|1782886482\n|move|p2a: Passimian|Bulk Up|p2a: Passimian\n|-boost|p2a: Passimian|atk|1\n|-boost|p2a: Passimian|def|1\n|move|p1a: Pincurchin|Thunderbolt|p2a: Passimian\n|-damage|p2a: Passimian|83/302\n|\n|-heal|p2a: Passimian|101/302|[from] item: Leftovers\n|upkeep\n|turn|10\n|\n|t:|1782886487\n|move|p2a: Passimian|Drain Punch|p1a: Pincurchin\n|-damage|p1a: Pincurchin|81/258\n|-heal|p2a: Passimian|160/302|[from] drain|[of] p1a: Pincurchin\n|move|p1a: Pincurchin|Thunderbolt|p2a: Passimian\n|-damage|p2a: Passimian|0 fnt\n|faint|p2a: Passimian\n|\n|upkeep\n|\n|t:|1782886494\n|switch|p2a: Mimikyu|Mimikyu, L79, M|216/216\n|-damage|p2a: Mimikyu|189/216|[from] Spikes\n|turn|11\n|\n|t:|1782886496\n|move|p2a: Mimikyu|Swords Dance|p2a: Mimikyu\n|-boost|p2a: Mimikyu|atk|2\n|move|p1a: Pincurchin|Thunderbolt|p2a: Mimikyu\n|-activate|p2a: Mimikyu|ability: Disguise\n|-damage|p2a: Mimikyu|189/216\n|detailschange|p2a: Mimikyu|Mimikyu-Busted, L79, M\n|-damage|p2a: Mimikyu|162/216|[from] pokemon: Mimikyu-Busted\n|\n|upkeep\n|turn|12\n|\n|t:|1782886502\n|move|p2a: Mimikyu|Drain Punch|p1a: Pincurchin\n|-damage|p1a: Pincurchin|0 fnt\n|-heal|p2a: Mimikyu|203/216|[from] drain|[of] p1a: Pincurchin\n|faint|p1a: Pincurchin\n|-damage|p2a: Mimikyu|182/216|[from] item: Life Orb\n|\n|-fieldend|move: Electric Terrain\n|upkeep\n|\n|t:|1782886502\n|switch|p1a: Stonjourner|Stonjourner, L91, M|330/330\n|turn|13\n|\n|t:|1782886507\n|move|p2a: Mimikyu|Play Rough|p1a: Stonjourner\n|-damage|p1a: Stonjourner|196/330\n|-damage|p2a: Mimikyu|161/216|[from] item: Life Orb\n|move|p1a: Stonjourner|Rock Polish|p1a: Stonjourner\n|-boost|p1a: Stonjourner|spe|2\n|\n|upkeep\n|turn|14\n|\n|t:|1782886512\n|move|p1a: Stonjourner|Heat Crash|p2a: Mimikyu\n|-crit|p2a: Mimikyu\n|-damage|p2a: Mimikyu|0 fnt\n|faint|p2a: Mimikyu\n|-damage|p1a: Stonjourner|163/330|[from] item: Life Orb\n|\n|upkeep\n|\n|t:|1782886515\n|switch|p2a: Kyurem|Kyurem-Black, L71|295/295\n|-damage|p2a: Kyurem|259/295|[from] Spikes\n|-ability|p2a: Kyurem|Teravolt\n|turn|15\n|\n|t:|1782886518\n|-terastallize|p2a: Kyurem|Electric\n|move|p1a: Stonjourner|Stone Edge|p2a: Kyurem|[miss]\n|-miss|p1a: Stonjourner|p2a: Kyurem\n|move|p2a: Kyurem|Dragon Dance|p2a: Kyurem\n|-boost|p2a: Kyurem|atk|1\n|-boost|p2a: Kyurem|spe|1\n|\n|upkeep\n|turn|16\n|\n|t:|1782886526\n|move|p1a: Stonjourner|Earthquake|p2a: Kyurem\n|-supereffective|p2a: Kyurem\n|-damage|p2a: Kyurem|0 fnt\n|faint|p2a: Kyurem\n|-damage|p1a: Stonjourner|130/330|[from] item: Life Orb\n|\n|upkeep\n|\n|t:|1782886529\n|switch|p2a: Comfey|Comfey, L85, F|225/225\n|-damage|p2a: Comfey|197/225|[from] Spikes\n|turn|17\n|\n|t:|1782886534\n|move|p1a: Stonjourner|Heat Crash|p2a: Comfey\n|-damage|p2a: Comfey|40/225\n|-damage|p1a: Stonjourner|97/330|[from] item: Life Orb\n|move|p2a: Comfey|Calm Mind|p2a: Comfey\n|-boost|p2a: Comfey|spa|1\n|-boost|p2a: Comfey|spd|1\n|\n|-heal|p2a: Comfey|54/225|[from] item: Leftovers\n|upkeep\n|turn|18\n|\n|t:|1782886539\n|move|p2a: Comfey|Draining Kiss|p1a: Stonjourner\n|-damage|p1a: Stonjourner|0 fnt\n|-heal|p2a: Comfey|127/225|[from] drain|[of] p1a: Stonjourner\n|faint|p1a: Stonjourner\n|\n|-heal|p2a: Comfey|141/225|[from] item: Leftovers\n|upkeep\n|\n|t:|1782886539\n|switch|p1a: Tsareena|Tsareena, L87, F|267/267\n|turn|19\n|-message|FireShockerDx forfeited.\n|\n|win|testbotcif\n|raw|testbotcif's rating: 1419 &rarr; <strong>1435</strong><br />(+16 for winning)\n|raw|FireShockerDx's rating: 1351 &rarr; <strong>1335</strong><br />(-16 for losing)\n", "inputlog": ">version f8ac14003a5f27e1bdc8d8c59608a773c1cb96e5\n>start {\"formatid\":\"gen9randombattle\",\"seed\":\"sodium,b95dce4da14d52b50a17a70a4064c1cd\",\"rated\":\"Rated battle\"}\n>player p1 {\"name\":\"testbotcif\",\"avatar\":\"1\",\"rating\":1419,\"seed\":\"sodium,e8e119a058d6d6ad87661e49830535d9\"}\n>player p2 {\"name\":\"FireShockerDx\",\"avatar\":\"unknown\",\"rating\":1351,\"seed\":\"sodium,d32c65ef164234ca1ddc4aa69349db56\"}\n>chat \u2606testbotcif|rlhf\n>p1 move irondefense\n>p2 switch 2\n>p1 move ironhead\n>p2 move fireblast\n>p1 move ironhead\n>p2 move fireblast\n>p1 move ironhead\n>p2 switch 4\n>p1 move bodypress\n>p2 move focusblast\n>p1 move bodypress\n>p2 move focusblast\n>p2 switch 5\n>p1 move psychicnoise\n>p2 move knockoff\n>p1 switch 5\n>p1 move spikes\n>p2 move knockoff\n>p1 move thunderbolt\n>p2 move bulkup\n>p1 move thunderbolt\n>p2 move drainpunch\n>p2 switch 6\n>p1 move thunderbolt\n>p2 move swordsdance\n>p1 move thunderbolt\n>p2 move drainpunch\n>p1 switch 4\n>p1 move rockpolish\n>p2 move playrough\n>p1 move heatcrash\n>p2 move drainpunch\n>p2 switch 2\n>p1 move stoneedge\n>p2 move dragondance terastallize\n>p1 move earthquake\n>p2 move dragondance\n>p2 switch 3\n>p1 move heatcrash\n>p2 move calmmind\n>p1 move earthquake\n>p2 move drainingkiss\n>p1 switch 6\n>forcelose p2", "uploadtime": 1782886557, "views": 5, "formatid": "gen9randombattle", "rating": 1335, "private": 0, "password": null, "player_dets": [{"name": "testbotcif", "avatar": "1", "rating": 1419, "seed": "sodium,e8e119a058d6d6ad87661e49830535d9"}, {"name": "FireShockerDx", "avatar": "unknown", "rating": 1351, "seed": "sodium,d32c65ef164234ca1ddc4aa69349db56"}], "teams_full": [{"Bronzong": {"name": "Bronzong", "species": "Bronzong", "speciesId": "bronzong", "gender": "N", "shiny": false, "level": 88, "moves": ["bodypress", "psychicnoise", "ironhead", "irondefense"], "ability": "Levitate", "evs": {"hp": 85, "atk": 85, "def": 85, "spa": 85, "spd": 85, "spe": 85}, "ivs": {"hp": 31, "atk": 31, "def": 31, "spa": 31, "spd": 31, "spe": 31}, "item": "Leftovers", "teraType": "Fighting", "role": "Bulky Setup", "bvs": {"hp": 67, "atk": 89, "def": 116, "spa": 79, "spd": 116, "spe": 33}, "stats": {"hp": 261, "atk": 207, "def": 254, "spa": 189, "spd": 254, "spe": 108}, "types": ["Steel", "Psychic"]}, "Gurdurr": {"name": "Gurdurr", "species": "Gurdurr", "speciesId": "gurdurr", "gender": "M", "shiny": false, "level": 85, "moves": ["drainpunch", "knockoff", "defog", "machpunch"], "ability": "Guts", "evs": {"hp": 85, "atk": 85, "def": 85, "spa": 85, "spd": 85, "spe": 85}, "ivs": {"hp": 31, "atk": 31, "def": 31, "spa": 31, "spd": 31, "spe": 31}, "item": "Eviolite", "teraType": "Steel", "role": "Bulky Attacker", "bvs": {"hp": 85, "atk": 105, "def": 85, "spa": 40, "spd": 50, "spe": 40}, "stats": {"hp": 283, "atk": 227, "def": 193, "spa": 117, "spd": 134, "spe": 117}, "types": ["Fighting"]}, "Slowking": {"name": "Slowking", "species": "Slowking", "speciesId": "slowking", "gender": "F", "shiny": false, "level": 88, "moves": ["scald", "psyshock", "chillyreception", "slackoff"], "ability": "Regenerator", "evs": {"hp": 85, "atk": 0, "def": 85, "spa": 85, "spd": 85, "spe": 85}, "ivs": {"hp": 31, "atk": 0, "def": 31, "spa": 31, "spd": 31, "spe": 31}, "item": "Heavy-Duty Boots", "teraType": "Dragon", "role": "Bulky Attacker", "bvs": {"hp": 95, "atk": 75, "def": 80, "spa": 100, "spd": 110, "spe": 30}, "stats": {"hp": 310, "atk": 137, "def": 191, "spa": 226, "spd": 244, "spe": 103}, "types": ["Water", "Psychic"]}, "Stonjourner": {"name": "Stonjourner", "species": "Stonjourner", "speciesId": "stonjourner", "gender": "M", "shiny": false, "level": 91, "moves": ["earthquake", "rockpolish", "stoneedge", "heatcrash"], "ability": "Power Spot", "evs": {"hp": 85, "atk": 85, "def": 85, "spa": 85, "spd": 85, "spe": 85}, "ivs": {"hp": 31, "atk": 31, "def": 31, "spa": 31, "spd": 31, "spe": 31}, "item": "Life Orb", "teraType": "Fire", "role": "Fast Attacker", "bvs": {"hp": 100, "atk": 125, "def": 135, "spa": 20, "spd": 20, "spe": 70}, "stats": {"hp": 330, "atk": 279, "def": 298, "spa": 88, "spd": 88, "spe": 179}, "types": ["Rock"]}, "Pincurchin": {"name": "Pincurchin", "species": "Pincurchin", "speciesId": "pincurchin", "gender": "M", "shiny": false, "level": 100, "moves": ["recover", "spikes", "scald", "thunderbolt"], "ability": "Electric Surge", "evs": {"hp": 85, "atk": 0, "def": 85, "spa": 85, "spd": 85, "spe": 85}, "ivs": {"hp": 31, "atk": 0, "def": 31, "spa": 31, "spd": 31, "spe": 31}, "item": "Leftovers", "teraType": "Water", "role": "Bulky Attacker", "bvs": {"hp": 48, "atk": 101, "def": 95, "spa": 91, "spd": 85, "spe": 15}, "stats": {"hp": 258, "atk": 207, "def": 247, "spa": 239, "spd": 227, "spe": 87}, "types": ["Electric"]}, "Tsareena": {"name": "Tsareena", "species": "Tsareena", "speciesId": "tsareena", "gender": "F", "shiny": false, "level": 87, "moves": ["powerwhip", "synthesis", "uturn", "tripleaxel"], "ability": "Queenly Majesty", "evs": {"hp": 85, "atk": 85, "def": 85, "spa": 85, "spd": 85, "spe": 85}, "ivs": {"hp": 31, "atk": 31, "def": 31, "spa": 31, "spd": 31, "spe": 31}, "item": "Heavy-Duty Boots", "teraType": "Steel", "role": "Fast Support", "bvs": {"hp": 72, "atk": 120, "def": 98, "spa": 50, "spd": 98, "spe": 72}, "stats": {"hp": 267, "atk": 259, "def": 220, "spa": 137, "spd": 220, "spe": 175}, "types": ["Grass"]}}, {"Kyurem": {"name": "Kyurem", "species": "Kyurem-Black", "speciesId": "kyuremblack", "gender": "N", "shiny": false, "level": 71, "moves": ["dragondance", "iciclespear", "scaleshot", "fusionbolt"], "ability": "Teravolt", "evs": {"hp": 85, "atk": 85, "def": 85, "spa": 85, "spd": 85, "spe": 85}, "ivs": {"hp": 31, "atk": 31, "def": 31, "spa": 31, "spd": 31, "spe": 31}, "item": "Loaded Dice", "teraType": "Electric", "role": "Setup Sweeper", "bvs": {"hp": 125, "atk": 170, "def": 100, "spa": 120, "spd": 90, "spe": 95}, "stats": {"hp": 295, "atk": 283, "def": 183, "spa": 212, "spd": 169, "spe": 176}, "types": ["Dragon", "Ice"]}, "Slowbro": {"name": "Slowbro", "species": "Slowbro-Galar", "speciesId": "slowbrogalar", "gender": "M", "shiny": false, "level": 87, "moves": ["shellsidearm", "fireblast", "foulplay", "psychic"], "ability": "Regenerator", "evs": {"hp": 85, "atk": 85, "def": 85, "spa": 85, "spd": 85, "spe": 85}, "ivs": {"hp": 31, "atk": 31, "def": 31, "spa": 31, "spd": 31, "spe": 31}, "item": "Assault Vest", "teraType": "Dark", "role": "AV Pivot", "bvs": {"hp": 95, "atk": 100, "def": 95, "spa": 100, "spd": 70, "spe": 30}, "stats": {"hp": 307, "atk": 224, "def": 215, "spa": 224, "spd": 172, "spe": 102}, "types": ["Poison", "Psychic"]}, "Comfey": {"name": "Comfey", "species": "Comfey", "speciesId": "comfey", "gender": "F", "shiny": false, "level": 85, "moves": ["synthesis", "terablast", "drainingkiss", "calmmind"], "ability": "Triage", "evs": {"hp": 85, "atk": 0, "def": 85, "spa": 85, "spd": 85, "spe": 85}, "ivs": {"hp": 31, "atk": 0, "def": 31, "spa": 31, "spd": 31, "spe": 31}, "item": "Leftovers", "teraType": "Ground", "role": "Tera Blast user", "bvs": {"hp": 51, "atk": 52, "def": 90, "spa": 82, "spd": 110, "spe": 100}, "stats": {"hp": 225, "atk": 93, "def": 202, "spa": 188, "spd": 236, "spe": 219}, "types": ["Fairy"]}, "Iron Crown": {"name": "Iron Crown", "species": "Iron Crown", "speciesId": "ironcrown", "gender": "N", "shiny": false, "level": 78, "moves": ["psyshock", "tachyoncutter", "focusblast", "calmmind"], "ability": "Quark Drive", "evs": {"hp": 85, "atk": 0, "def": 85, "spa": 85, "spd": 85, "spe": 85}, "ivs": {"hp": 31, "atk": 0, "def": 31, "spa": 31, "spd": 31, "spe": 31}, "item": "Leftovers", "teraType": "Steel", "role": "Bulky Setup", "bvs": {"hp": 90, "atk": 72, "def": 100, "spa": 122, "spd": 108, "spe": 98}, "stats": {"hp": 268, "atk": 117, "def": 201, "spa": 235, "spd": 214, "spe": 198}, "types": ["Steel", "Psychic"]}, "Passimian": {"name": "Passimian", "species": "Passimian", "speciesId": "passimian", "gender": "M", "shiny": false, "level": 83, "moves": ["bulkup", "gunkshot", "knockoff", "drainpunch"], "ability": "Defiant", "evs": {"hp": 85, "atk": 85, "def": 85, "spa": 85, "spd": 85, "spe": 85}, "ivs": {"hp": 31, "atk": 31, "def": 31, "spa": 31, "spd": 31, "spe": 31}, "item": "Leftovers", "teraType": "Dark", "role": "Bulky Setup", "bvs": {"hp": 100, "atk": 120, "def": 90, "spa": 40, "spd": 60, "spe": 80}, "stats": {"hp": 302, "atk": 247, "def": 197, "spa": 114, "spd": 147, "spe": 180}, "types": ["Fighting"]}, "Mimikyu": {"name": "Mimikyu", "species": "Mimikyu", "speciesId": "mimikyu", "gender": "M", "shiny": false, "level": 79, "moves": ["swordsdance", "drainpunch", "playrough", "shadowsneak"], "ability": "Disguise", "evs": {"hp": 85, "atk": 85, "def": 85, "spa": 85, "spd": 85, "spe": 85}, "ivs": {"hp": 31, "atk": 31, "def": 31, "spa": 31, "spd": 31, "spe": 31}, "item": "Life Orb", "teraType": "Fighting", "role": "Setup Sweeper", "bvs": {"hp": 55, "atk": 90, "def": 80, "spa": 50, "spd": 105, "spe": 96}, "stats": {"hp": 216, "atk": 188, "def": 172, "spa": 125, "spd": 211, "spe": 197}, "types": ["Ghost", "Fairy"]}}]}