{"id": "gen9randombattle-2641912230", "format": "[Gen 9] Random Battle", "players": ["Waffleshark", "testbotcif"], "log": "|j|\u2606Waffleshark\n|j|\u2606testbotcif\n|t:|1782857574\n|gametype|singles\n|player|p1|Waffleshark|wallace|1360\n|player|p2|testbotcif|2|1364\n|gen|9\n|tier|[Gen 9] Random Battle\n|rated|\n|rule|Species Clause: Limit one of each Pok\u00e9mon\n|rule|HP Percentage Mod: HP is shown in percentages\n|rule|Sleep Clause Mod: Limit one foe put to sleep\n|rule|Illusion Level Mod: Illusion disguises the Pok\u00e9mon's true level\n|\n|t:|1782857574\n|teamsize|p1|6\n|teamsize|p2|6\n|start\n|switch|p1a: Cloyster|Cloyster, L80, F|211/211\n|switch|p2a: Iron Thorns|Iron Thorns, L83|302/302\n|-item|p2a: Iron Thorns|Air Balloon\n|turn|1\n|c|\u2606testbotcif|rlhf\n|inactive|Battle timer is ON: inactive players will automatically lose when time's up. (requested by testbotcif)\n|\n|t:|1782857595\n|-terastallize|p2a: Iron Thorns|Water\n|move|p2a: Iron Thorns|Stone Edge|p1a: Cloyster\n|-supereffective|p1a: Cloyster\n|-damage|p1a: Cloyster|37/211\n|move|p1a: Cloyster|Shell Smash|p1a: Cloyster\n|-unboost|p1a: Cloyster|def|1\n|-unboost|p1a: Cloyster|spd|1\n|-boost|p1a: Cloyster|atk|2\n|-boost|p1a: Cloyster|spa|2\n|-boost|p1a: Cloyster|spe|2\n|-enditem|p1a: Cloyster|White Herb\n|-clearnegativeboost|p1a: Cloyster|[silent]\n|\n|upkeep\n|turn|2\n|\n|t:|1782857605\n|move|p1a: Cloyster|Rock Blast|p2a: Iron Thorns\n|-damage|p2a: Iron Thorns|275/302\n|-enditem|p2a: Iron Thorns|Air Balloon\n|-damage|p2a: Iron Thorns|249/302\n|-damage|p2a: Iron Thorns|219/302\n|-damage|p2a: Iron Thorns|193/302\n|-damage|p2a: Iron Thorns|165/302\n|-hitcount|p2a: Iron Thorns|5\n|move|p2a: Iron Thorns|Wild Charge|p1a: Cloyster\n|-supereffective|p1a: Cloyster\n|-damage|p1a: Cloyster|0 fnt\n|faint|p1a: Cloyster\n|-damage|p2a: Iron Thorns|156/302|[from] Recoil\n|\n|upkeep\n|\n|t:|1782857621\n|switch|p1a: Mimikyu|Mimikyu, L79, M|216/216\n|turn|3\n|\n|t:|1782857625\n|move|p1a: Mimikyu|Swords Dance|p1a: Mimikyu\n|-boost|p1a: Mimikyu|atk|2\n|move|p2a: Iron Thorns|Wild Charge|p1a: Mimikyu\n|-activate|p1a: Mimikyu|ability: Disguise\n|-damage|p1a: Mimikyu|216/216\n|detailschange|p1a: Mimikyu|Mimikyu-Busted, L79, M\n|-damage|p1a: Mimikyu|189/216|[from] pokemon: Mimikyu-Busted\n|\n|upkeep\n|turn|4\n|\n|t:|1782857639\n|move|p1a: Mimikyu|Drain Punch|p2a: Iron Thorns\n|-damage|p2a: Iron Thorns|52/302\n|-heal|p1a: Mimikyu|216/216|[from] drain|[of] p2a: Iron Thorns\n|-damage|p1a: Mimikyu|195/216|[from] item: Life Orb\n|move|p2a: Iron Thorns|Wild Charge|p1a: Mimikyu\n|-damage|p1a: Mimikyu|63/216\n|-damage|p2a: Iron Thorns|19/302|[from] Recoil\n|\n|upkeep\n|turn|5\n|\n|t:|1782857648\n|move|p1a: Mimikyu|Drain Punch|p2a: Iron Thorns\n|-damage|p2a: Iron Thorns|0 fnt\n|-heal|p1a: Mimikyu|73/216|[from] drain|[of] p2a: Iron Thorns\n|faint|p2a: Iron Thorns\n|-end|p2a: Iron Thorns|Quark Drive|[silent]\n|-damage|p1a: Mimikyu|52/216|[from] item: Life Orb\n|\n|upkeep\n|\n|t:|1782857648\n|switch|p2a: Grafaiai|Grafaiai, L86, F|249/249\n|turn|6\n|\n|t:|1782857659\n|move|p2a: Grafaiai|Knock Off|p1a: Mimikyu\n|-damage|p1a: Mimikyu|0 fnt\n|-enditem|p1a: Mimikyu|Life Orb|[from] move: Knock Off|[of] p2a: Grafaiai\n|faint|p1a: Mimikyu\n|-damage|p2a: Grafaiai|225/249|[from] item: Life Orb\n|\n|upkeep\n|\n|t:|1782857666\n|switch|p1a: Grimmsnarl|Grimmsnarl, L83, M|293/293\n|turn|7\n|\n|t:|1782857679\n|switch|p1a: Dewgong|Dewgong, L94, M|322/322\n|move|p2a: Grafaiai|Gunk Shot|p1a: Dewgong\n|-damage|p1a: Dewgong|150/322\n|-damage|p2a: Grafaiai|201/249|[from] item: Life Orb\n|\n|upkeep\n|turn|8\n|\n|t:|1782857686\n|move|p2a: Grafaiai|Gunk Shot|p1a: Dewgong\n|-damage|p1a: Dewgong|0 fnt\n|faint|p1a: Dewgong\n|-damage|p2a: Grafaiai|177/249|[from] item: Life Orb\n|\n|upkeep\n|\n|t:|1782857700\n|switch|p1a: Zekrom|Zekrom, L71|259/259\n|-ability|p1a: Zekrom|Teravolt\n|turn|9\n|\n|t:|1782857704\n|move|p2a: Grafaiai|Gunk Shot|p1a: Zekrom\n|-damage|p1a: Zekrom|107/259\n|-damage|p2a: Grafaiai|153/249|[from] item: Life Orb\n|move|p1a: Zekrom|Substitute|p1a: Zekrom\n|-start|p1a: Zekrom|Substitute\n|-damage|p1a: Zekrom|43/259\n|\n|-heal|p1a: Zekrom|59/259|[from] item: Leftovers\n|upkeep\n|turn|10\n|\n|t:|1782857713\n|move|p2a: Grafaiai|Gunk Shot|p1a: Zekrom|[miss]\n|-miss|p2a: Grafaiai|p1a: Zekrom\n|move|p1a: Zekrom|Dragon Dance|p1a: Zekrom\n|-boost|p1a: Zekrom|atk|1\n|-boost|p1a: Zekrom|spe|1\n|\n|-heal|p1a: Zekrom|75/259|[from] item: Leftovers\n|upkeep\n|turn|11\n|\n|t:|1782857726\n|move|p1a: Zekrom|Dragon Dance|p1a: Zekrom\n|-boost|p1a: Zekrom|atk|1\n|-boost|p1a: Zekrom|spe|1\n|move|p2a: Grafaiai|Gunk Shot|p1a: Zekrom\n|-end|p1a: Zekrom|Substitute\n|-damage|p2a: Grafaiai|129/249|[from] item: Life Orb\n|\n|-heal|p1a: Zekrom|91/259|[from] item: Leftovers\n|upkeep\n|turn|12\n|\n|t:|1782857735\n|move|p1a: Zekrom|Bolt Strike|p2a: Grafaiai\n|-damage|p2a: Grafaiai|0 fnt\n|faint|p2a: Grafaiai\n|\n|-heal|p1a: Zekrom|107/259|[from] item: Leftovers\n|upkeep\n|\n|t:|1782857735\n|switch|p2a: Chien-Pao|Chien-Pao, L72|234/234\n|-ability|p2a: Chien-Pao|Sword of Ruin\n|turn|13\n|\n|t:|1782857747\n|-terastallize|p1a: Zekrom|Steel\n|move|p1a: Zekrom|Bolt Strike|p2a: Chien-Pao\n|-damage|p2a: Chien-Pao|0 fnt\n|faint|p2a: Chien-Pao\n|\n|-heal|p1a: Zekrom|123/259|[from] item: Leftovers\n|upkeep\n|\n|t:|1782857747\n|switch|p2a: Chi-Yu|Chi-Yu, L77|211/211\n|-ability|p2a: Chi-Yu|Beads of Ruin\n|turn|14\n|\n|t:|1782857759\n|move|p1a: Zekrom|Bolt Strike|p2a: Chi-Yu\n|-damage|p2a: Chi-Yu|0 fnt\n|faint|p2a: Chi-Yu\n|\n|-heal|p1a: Zekrom|139/259|[from] item: Leftovers\n|upkeep\n|\n|t:|1782857759\n|switch|p2a: Farigiraf|Farigiraf, L90, F|362/362\n|turn|15\n|\n|t:|1782857769\n|move|p1a: Zekrom|Bolt Strike|p2a: Farigiraf\n|-damage|p2a: Farigiraf|76/362\n|move|p2a: Farigiraf|Body Slam|p1a: Zekrom\n|-resisted|p1a: Zekrom\n|-damage|p1a: Zekrom|94/259\n|\n|-heal|p1a: Zekrom|110/259|[from] item: Leftovers\n|-heal|p2a: Farigiraf|98/362|[from] item: Leftovers\n|upkeep\n|turn|16\n|\n|t:|1782857784\n|move|p2a: Farigiraf|Protect|p2a: Farigiraf\n|-singleturn|p2a: Farigiraf|Protect\n|move|p1a: Zekrom|Dragon Dance|p1a: Zekrom\n|-boost|p1a: Zekrom|atk|1\n|-boost|p1a: Zekrom|spe|1\n|\n|-heal|p1a: Zekrom|126/259|[from] item: Leftovers\n|-heal|p2a: Farigiraf|120/362|[from] item: Leftovers\n|upkeep\n|turn|17\n|\n|t:|1782857792\n|move|p1a: Zekrom|Outrage|p2a: Farigiraf\n|-crit|p2a: Farigiraf\n|-damage|p2a: Farigiraf|0 fnt\n|faint|p2a: Farigiraf\n|\n|-heal|p1a: Zekrom|142/259|[from] item: Leftovers\n|upkeep\n|\n|t:|1782857793\n|switch|p2a: Misdreavus|Misdreavus, L90, F|254/254\n|turn|18\n|\n|t:|1782857800\n|move|p1a: Zekrom|Outrage|p2a: Misdreavus|[from] lockedmove\n|-damage|p2a: Misdreavus|8/254\n|move|p2a: Misdreavus|Calm Mind|p2a: Misdreavus\n|-boost|p2a: Misdreavus|spa|1\n|-boost|p2a: Misdreavus|spd|1\n|\n|-heal|p1a: Zekrom|158/259|[from] item: Leftovers\n|upkeep\n|turn|19\n|c|\u2606Waffleshark|DAAAAANG THATS TANKY\n|\n|t:|1782857818\n|move|p1a: Zekrom|Outrage|p2a: Misdreavus|[from] lockedmove\n|-damage|p2a: Misdreavus|0 fnt\n|faint|p2a: Misdreavus\n|-start|p1a: Zekrom|confusion|[fatigue]\n|\n|win|Waffleshark\n|raw|Waffleshark's rating: 1360 &rarr; <strong>1380</strong><br />(+20 for winning)\n|raw|testbotcif's rating: 1364 &rarr; <strong>1344</strong><br />(-20 for losing)\n", "inputlog": ">version f8ac14003a5f27e1bdc8d8c59608a773c1cb96e5\n>start {\"formatid\":\"gen9randombattle\",\"seed\":\"sodium,c981d17421e173b1ef5f8f26a193c112\",\"rated\":\"Rated battle\"}\n>player p1 {\"name\":\"Waffleshark\",\"avatar\":\"wallace\",\"rating\":1360,\"seed\":\"sodium,699b69e8f6dd5f122d429e8076154c69\"}\n>player p2 {\"name\":\"testbotcif\",\"avatar\":\"2\",\"rating\":1364,\"seed\":\"sodium,0a8e40d01f61e89ead0016a5e3273f68\"}\n>chat \u2606testbotcif|rlhf\n>p1 move shellsmash\n>p2 move stoneedge terastallize\n>p1 move rockblast\n>p2 move wildcharge\n>p1 switch 4\n>p1 move swordsdance\n>p2 move wildcharge\n>p1 move drainpunch\n>p2 move wildcharge\n>p1 move drainpunch\n>p2 move wildcharge\n>p2 switch 6\n>p1 move drainpunch\n>p2 move knockoff\n>p1 switch 5\n>p1 switch 3\n>p2 move gunkshot\n>p1 move encore\n>p2 move gunkshot\n>p1 switch 2\n>p1 move substitute\n>p2 move gunkshot\n>p1 move dragondance\n>p2 move gunkshot\n>p1 move dragondance\n>p2 move gunkshot\n>p1 move boltstrike\n>p2 move gunkshot\n>p2 switch 2\n>p1 move boltstrike terastallize\n>p2 move iciclecrash\n>p2 switch 5\n>p1 move boltstrike\n>p2 move flamethrower\n>p2 switch 3\n>p1 move boltstrike\n>p2 move bodyslam\n>p1 move dragondance\n>p2 move protect\n>p1 move outrage\n>p2 move bodyslam\n>p2 switch 4\n>p1 move outrage\n>p2 move calmmind\n>chat \u2606Waffleshark|DAAAAANG THATS TANKY\n>p1 move outrage\n>p2 move drainingkiss", "uploadtime": 1782857818, "views": 6, "formatid": "gen9randombattle", "rating": 1344, "private": 0, "password": null, "player_dets": [{"name": "Waffleshark", "avatar": "wallace", "rating": 1360, "seed": "sodium,699b69e8f6dd5f122d429e8076154c69"}, {"name": "testbotcif", "avatar": "2", "rating": 1364, "seed": "sodium,0a8e40d01f61e89ead0016a5e3273f68"}], "teams_full": [{"Cloyster": {"name": "Cloyster", "species": "Cloyster", "speciesId": "cloyster", "gender": "F", "shiny": false, "level": 80, "moves": ["shellsmash", "hydropump", "rockblast", "iciclespear"], "ability": "Skill Link", "evs": {"hp": 85, "atk": 85, "def": 85, "spa": 85, "spd": 85, "spe": 85}, "ivs": {"hp": 31, "atk": 31, "def": 31, "spa": 31, "spd": 31, "spe": 31}, "item": "White Herb", "teraType": "Rock", "role": "Setup Sweeper", "bvs": {"hp": 50, "atk": 95, "def": 180, "spa": 85, "spd": 45, "spe": 70}, "stats": {"hp": 211, "atk": 198, "def": 334, "spa": 182, "spd": 118, "spe": 158}, "types": ["Water", "Ice"]}, "Zekrom": {"name": "Zekrom", "species": "Zekrom", "speciesId": "zekrom", "gender": "N", "shiny": false, "level": 71, "moves": ["dragondance", "substitute", "boltstrike", "outrage"], "ability": "Teravolt", "evs": {"hp": 85, "atk": 85, "def": 85, "spa": 85, "spd": 85, "spe": 85}, "ivs": {"hp": 31, "atk": 31, "def": 31, "spa": 31, "spd": 31, "spe": 31}, "item": "Leftovers", "teraType": "Steel", "role": "Setup Sweeper", "bvs": {"hp": 100, "atk": 150, "def": 120, "spa": 120, "spd": 100, "spe": 90}, "stats": {"hp": 259, "atk": 254, "def": 212, "spa": 212, "spd": 183, "spe": 169}, "types": ["Dragon", "Electric"]}, "Dewgong": {"name": "Dewgong", "species": "Dewgong", "speciesId": "dewgong", "gender": "M", "shiny": false, "level": 94, "moves": ["encore", "surf", "icebeam", "flipturn"], "ability": "Thick Fat", "evs": {"hp": 85, "atk": 85, "def": 85, "spa": 85, "spd": 85, "spe": 85}, "ivs": {"hp": 31, "atk": 31, "def": 31, "spa": 31, "spd": 31, "spe": 31}, "item": "Heavy-Duty Boots", "teraType": "Steel", "role": "Bulky Support", "bvs": {"hp": 90, "atk": 70, "def": 80, "spa": 70, "spd": 95, "spe": 70}, "stats": {"hp": 322, "atk": 185, "def": 204, "spa": 185, "spd": 232, "spe": 185}, "types": ["Water", "Ice"]}, "Mimikyu": {"name": "Mimikyu", "species": "Mimikyu", "speciesId": "mimikyu", "gender": "M", "shiny": false, "level": 79, "moves": ["swordsdance", "drainpunch", "shadowsneak", "playrough"], "ability": "Disguise", "evs": {"hp": 85, "atk": 85, "def": 85, "spa": 85, "spd": 85, "spe": 85}, "ivs": {"hp": 31, "atk": 31, "def": 31, "spa": 31, "spd": 31, "spe": 31}, "item": "Life Orb", "teraType": "Fairy", "role": "Setup Sweeper", "bvs": {"hp": 55, "atk": 90, "def": 80, "spa": 50, "spd": 105, "spe": 96}, "stats": {"hp": 216, "atk": 188, "def": 172, "spa": 125, "spd": 211, "spe": 197}, "types": ["Ghost", "Fairy"]}, "Grimmsnarl": {"name": "Grimmsnarl", "species": "Grimmsnarl", "speciesId": "grimmsnarl", "gender": "M", "shiny": false, "level": 83, "moves": ["suckerpunch", "spiritbreak", "partingshot", "taunt"], "ability": "Prankster", "evs": {"hp": 85, "atk": 85, "def": 85, "spa": 85, "spd": 85, "spe": 85}, "ivs": {"hp": 31, "atk": 31, "def": 31, "spa": 31, "spd": 31, "spe": 31}, "item": "Leftovers", "teraType": "Poison", "role": "Bulky Attacker", "bvs": {"hp": 95, "atk": 120, "def": 65, "spa": 95, "spd": 75, "spe": 60}, "stats": {"hp": 293, "atk": 247, "def": 156, "spa": 205, "spd": 172, "spe": 147}, "types": ["Dark", "Fairy"]}, "Chandelure": {"name": "Chandelure", "species": "Chandelure", "speciesId": "chandelure", "gender": "M", "shiny": false, "level": 83, "moves": ["shadowball", "fireblast", "trick", "energyball"], "ability": "Flash Fire", "evs": {"hp": 85, "atk": 0, "def": 85, "spa": 85, "spd": 85, "spe": 85}, "ivs": {"hp": 31, "atk": 0, "def": 31, "spa": 31, "spd": 31, "spe": 31}, "item": "Choice Scarf", "teraType": "Fire", "role": "Fast Attacker", "bvs": {"hp": 60, "atk": 55, "def": 90, "spa": 145, "spd": 90, "spe": 80}, "stats": {"hp": 235, "atk": 96, "def": 197, "spa": 288, "spd": 197, "spe": 180}, "types": ["Ghost", "Fire"]}}, {"Iron Thorns": {"name": "Iron Thorns", "species": "Iron Thorns", "speciesId": "ironthorns", "gender": "N", "shiny": false, "level": 83, "moves": ["spikes", "stoneedge", "stealthrock", "wildcharge"], "ability": "Quark Drive", "evs": {"hp": 85, "atk": 85, "def": 85, "spa": 85, "spd": 85, "spe": 85}, "ivs": {"hp": 31, "atk": 31, "def": 31, "spa": 31, "spd": 31, "spe": 31}, "item": "Air Balloon", "teraType": "Water", "role": "Fast Support", "bvs": {"hp": 100, "atk": 134, "def": 110, "spa": 70, "spd": 84, "spe": 72}, "stats": {"hp": 302, "atk": 270, "def": 230, "spa": 164, "spd": 187, "spe": 167}, "types": ["Rock", "Electric"]}, "Chien-Pao": {"name": "Chien-Pao", "species": "Chien-Pao", "speciesId": "chienpao", "gender": "N", "shiny": false, "level": 72, "moves": ["crunch", "iceshard", "iciclecrash", "sacredsword"], "ability": "Sword of Ruin", "evs": {"hp": 85, "atk": 85, "def": 85, "spa": 85, "spd": 85, "spe": 85}, "ivs": {"hp": 31, "atk": 31, "def": 31, "spa": 31, "spd": 31, "spe": 31}, "item": "Choice Band", "teraType": "Fighting", "role": "Wallbreaker", "bvs": {"hp": 80, "atk": 120, "def": 80, "spa": 90, "spd": 65, "spe": 135}, "stats": {"hp": 234, "atk": 215, "def": 157, "spa": 172, "spd": 136, "spe": 236}, "types": ["Dark", "Ice"]}, "Farigiraf": {"name": "Farigiraf", "species": "Farigiraf", "speciesId": "farigiraf", "gender": "F", "shiny": false, "level": 90, "moves": ["psychicnoise", "bodyslam", "protect", "wish"], "ability": "Sap Sipper", "evs": {"hp": 85, "atk": 85, "def": 85, "spa": 85, "spd": 85, "spe": 85}, "ivs": {"hp": 31, "atk": 31, "def": 31, "spa": 31, "spd": 31, "spe": 31}, "item": "Leftovers", "teraType": "Water", "role": "Bulky Support", "bvs": {"hp": 120, "atk": 90, "def": 70, "spa": 110, "spd": 70, "spe": 60}, "stats": {"hp": 362, "atk": 213, "def": 177, "spa": 249, "spd": 177, "spe": 159}, "types": ["Normal", "Psychic"]}, "Misdreavus": {"name": "Misdreavus", "species": "Misdreavus", "speciesId": "misdreavus", "gender": "F", "shiny": false, "level": 90, "moves": ["calmmind", "willowisp", "drainingkiss", "shadowball"], "ability": "Levitate", "evs": {"hp": 85, "atk": 0, "def": 85, "spa": 85, "spd": 85, "spe": 85}, "ivs": {"hp": 31, "atk": 0, "def": 31, "spa": 31, "spd": 31, "spe": 31}, "item": "Eviolite", "teraType": "Fairy", "role": "Bulky Setup", "bvs": {"hp": 60, "atk": 60, "def": 60, "spa": 85, "spd": 85, "spe": 85}, "stats": {"hp": 254, "atk": 113, "def": 159, "spa": 204, "spd": 204, "spe": 204}, "types": ["Ghost"]}, "Chi-Yu": {"name": "Chi-Yu", "species": "Chi-Yu", "speciesId": "chiyu", "gender": "N", "shiny": false, "level": 77, "moves": ["darkpulse", "flamethrower", "overheat", "psychic"], "ability": "Beads of Ruin", "evs": {"hp": 85, "atk": 0, "def": 85, "spa": 85, "spd": 85, "spe": 85}, "ivs": {"hp": 31, "atk": 0, "def": 31, "spa": 31, "spd": 31, "spe": 31}, "item": "Choice Specs", "teraType": "Fire", "role": "Fast Attacker", "bvs": {"hp": 55, "atk": 80, "def": 80, "spa": 135, "spd": 120, "spe": 100}, "stats": {"hp": 211, "atk": 128, "def": 168, "spa": 252, "spd": 229, "spe": 199}, "types": ["Dark", "Fire"]}, "Grafaiai": {"name": "Grafaiai", "species": "Grafaiai", "speciesId": "grafaiai", "gender": "F", "shiny": false, "level": 86, "moves": ["gunkshot", "lowkick", "knockoff", "swordsdance"], "ability": "Poison Touch", "evs": {"hp": 85, "atk": 85, "def": 85, "spa": 85, "spd": 85, "spe": 85}, "ivs": {"hp": 31, "atk": 31, "def": 31, "spa": 31, "spd": 31, "spe": 31}, "item": "Life Orb", "teraType": "Dark", "role": "Setup Sweeper", "bvs": {"hp": 63, "atk": 95, "def": 65, "spa": 80, "spd": 72, "spe": 110}, "stats": {"hp": 249, "atk": 213, "def": 161, "spa": 187, "spd": 173, "spe": 238}, "types": ["Poison", "Normal"]}}]}