{"id": "gen9randombattle-2641872727", "format": "[Gen 9] Random Battle", "players": ["Marty3", "juke lones"], "log": "|j|\u2606Marty3\n|j|\u2606juke lones\n|t:|1782852115\n|gametype|singles\n|player|p1|Marty3|102|1627\n|player|p2|juke lones|clair|1627\n|gen|9\n|tier|[Gen 9] Random Battle\n|rated|\n|rule|Species Clause: Limit one of each Pok\u00e9mon\n|rule|HP Percentage Mod: HP is shown in percentages\n|rule|Sleep Clause Mod: Limit one foe put to sleep\n|rule|Illusion Level Mod: Illusion disguises the Pok\u00e9mon's true level\n|\n|t:|1782852115\n|teamsize|p1|6\n|teamsize|p2|6\n|start\n|switch|p1a: Gumshoos|Gumshoos, L95, M|321/321\n|switch|p2a: Whiscash|Whiscash, L88, F|337/337\n|turn|1\n|inactive|Battle timer is ON: inactive players will automatically lose when time's up. (requested by Marty3)\n|\n|t:|1782852130\n|move|p2a: Whiscash|Earthquake|p1a: Gumshoos\n|-damage|p1a: Gumshoos|173/321\n|-damage|p2a: Whiscash|304/337|[from] item: Life Orb\n|move|p1a: Gumshoos|Double-Edge|p2a: Whiscash\n|-damage|p2a: Whiscash|33/337\n|-damage|p1a: Gumshoos|84/321|[from] Recoil\n|\n|upkeep\n|turn|2\n|inactive|Marty3 has 120 seconds left.\n|\n|t:|1782852187\n|switch|p2a: Misdreavus|Misdreavus, L90, M|254/254\n|switch|p1a: Ninetales|Ninetales-Alola, L78, M|242/242\n|-weather|Snowscape|[from] ability: Snow Warning|[of] p1a: Ninetales\n|\n|-weather|Snowscape|[upkeep]\n|upkeep\n|turn|3\n|\n|t:|1782852202\n|switch|p2a: Goodra|Goodra-Hisui, L82, F|265/265\n|move|p1a: Ninetales|Aurora Veil|p1a: Ninetales\n|-sidestart|p1: Marty3|move: Aurora Veil\n|\n|-weather|Snowscape|[upkeep]\n|upkeep\n|turn|4\n|\n|t:|1782852214\n|switch|p1a: Palafin|Palafin, L77, F|281/281\n|move|p2a: Goodra|Heavy Slam|p1a: Palafin\n|-resisted|p1a: Palafin\n|-damage|p1a: Palafin|244/281\n|\n|-weather|Snowscape|[upkeep]\n|-heal|p1a: Palafin|261/281|[from] item: Leftovers\n|upkeep\n|turn|5\n|\n|t:|1782852236\n|detailschange|p1a: Palafin|Palafin-Hero, L77, F\n|switch|p1a: Gumshoos|Gumshoos, L95, M|84/321\n|move|p2a: Goodra|Heavy Slam|p1a: Gumshoos\n|-damage|p1a: Gumshoos|6/321\n|\n|-weather|Snowscape|[upkeep]\n|upkeep\n|turn|6\n|\n|t:|1782852245\n|move|p2a: Goodra|Heavy Slam|p1a: Gumshoos\n|-damage|p1a: Gumshoos|0 fnt\n|faint|p1a: Gumshoos\n|\n|-weather|none\n|upkeep\n|\n|t:|1782852257\n|switch|p1a: Palafin|Palafin-Hero, L77, F|261/281\n|-activate|p1a: Palafin|ability: Zero to Hero\n|turn|7\n|\n|t:|1782852265\n|switch|p2a: Misdreavus|Misdreavus, L90, M|254/254\n|move|p1a: Palafin|Bulk Up|p1a: Palafin\n|-boost|p1a: Palafin|atk|1\n|-boost|p1a: Palafin|def|1\n|\n|-heal|p1a: Palafin|278/281|[from] item: Leftovers\n|upkeep\n|turn|8\n|\n|t:|1782852289\n|move|p2a: Misdreavus|Will-O-Wisp|p1a: Palafin|[miss]\n|-miss|p2a: Misdreavus|p1a: Palafin\n|move|p1a: Palafin|Wave Crash|p2a: Misdreavus\n|-damage|p2a: Misdreavus|64/254\n|-damage|p1a: Palafin|215/281|[from] Recoil\n|\n|-heal|p1a: Palafin|232/281|[from] item: Leftovers\n|upkeep\n|turn|9\n|c|\u2606juke lones|:(\n|\n|t:|1782852301\n|move|p1a: Palafin|Jet Punch|p2a: Misdreavus\n|-damage|p2a: Misdreavus|0 fnt\n|faint|p2a: Misdreavus\n|\n|-heal|p1a: Palafin|249/281|[from] item: Leftovers\n|upkeep\n|\n|t:|1782852310\n|switch|p2a: Goodra|Goodra-Hisui, L82, F|265/265\n|turn|10\n|\n|t:|1782852320\n|move|p1a: Palafin|Bulk Up|p1a: Palafin\n|-boost|p1a: Palafin|atk|1\n|-boost|p1a: Palafin|def|1\n|move|p2a: Goodra|Thunderbolt|p1a: Palafin\n|-supereffective|p1a: Palafin\n|-damage|p1a: Palafin|181/281\n|\n|-heal|p1a: Palafin|198/281|[from] item: Leftovers\n|-sideend|p1: Marty3|move: Aurora Veil\n|upkeep\n|turn|11\n|\n|t:|1782852335\n|move|p1a: Palafin|Drain Punch|p2a: Goodra\n|-supereffective|p2a: Goodra\n|-damage|p2a: Goodra|39/265\n|-heal|p1a: Palafin|281/281|[from] drain|[of] p2a: Goodra\n|move|p2a: Goodra|Thunderbolt|p1a: Palafin\n|-supereffective|p1a: Palafin\n|-damage|p1a: Palafin|131/281\n|-status|p1a: Palafin|par\n|\n|-heal|p1a: Palafin|148/281 par|[from] item: Leftovers\n|upkeep\n|turn|12\n|\n|t:|1782852352\n|move|p1a: Palafin|Jet Punch|p2a: Goodra\n|-resisted|p2a: Goodra\n|-damage|p2a: Goodra|0 fnt\n|faint|p2a: Goodra\n|\n|-heal|p1a: Palafin|165/281 par|[from] item: Leftovers\n|upkeep\n|c|\u2606juke lones|:)\n|\n|t:|1782852358\n|switch|p2a: Latios|Latios, L78, M|253/253\n|turn|13\n|\n|t:|1782852364\n|move|p2a: Latios|Luster Purge|p1a: Palafin\n|-damage|p1a: Palafin|24/281 par\n|move|p1a: Palafin|Drain Punch|p2a: Latios\n|-resisted|p2a: Latios\n|-damage|p2a: Latios|180/253\n|-heal|p1a: Palafin|61/281 par|[from] drain|[of] p2a: Latios\n|\n|-heal|p1a: Palafin|78/281 par|[from] item: Leftovers\n|upkeep\n|turn|14\n|\n|t:|1782852375\n|move|p1a: Palafin|Jet Punch|p2a: Latios\n|-resisted|p2a: Latios\n|-damage|p2a: Latios|90/253\n|move|p2a: Latios|Recover|p2a: Latios\n|-heal|p2a: Latios|217/253\n|\n|-heal|p1a: Palafin|95/281 par|[from] item: Leftovers\n|upkeep\n|turn|15\n|inactive|Marty3 has 120 seconds left.\n|\n|t:|1782852383\n|move|p1a: Palafin|Jet Punch|p2a: Latios\n|-resisted|p2a: Latios\n|-damage|p2a: Latios|120/253\n|move|p2a: Latios|Luster Purge|p1a: Palafin\n|-damage|p1a: Palafin|0 fnt\n|faint|p1a: Palafin\n|\n|upkeep\n|inactive|Marty3 has 120 seconds left.\n|\n|t:|1782852392\n|switch|p1a: Ninetales|Ninetales-Alola, L78, M|242/242\n|-weather|Snowscape|[from] ability: Snow Warning|[of] p1a: Ninetales\n|turn|16\n|\n|t:|1782852402\n|move|p2a: Latios|Luster Purge|p1a: Ninetales\n|-damage|p1a: Ninetales|124/242\n|-unboost|p1a: Ninetales|spd|1\n|move|p1a: Ninetales|Aurora Veil|p1a: Ninetales\n|-sidestart|p1: Marty3|move: Aurora Veil\n|\n|-weather|Snowscape|[upkeep]\n|upkeep\n|turn|17\n|\n|t:|1782852414\n|switch|p2a: Whiscash|Whiscash, L88, F|33/337\n|move|p1a: Ninetales|Freeze-Dry|p2a: Whiscash\n|-supereffective|p2a: Whiscash\n|-damage|p2a: Whiscash|0 fnt\n|faint|p2a: Whiscash\n|\n|-weather|Snowscape|[upkeep]\n|upkeep\n|\n|t:|1782852416\n|switch|p2a: Cinccino|Cinccino, L83, F|260/260\n|turn|18\n|\n|t:|1782852441\n|move|p2a: Cinccino|Tidy Up|p2a: Cinccino\n|-boost|p2a: Cinccino|atk|1\n|-boost|p2a: Cinccino|spe|1\n|move|p1a: Ninetales|Blizzard|p2a: Cinccino\n|-damage|p2a: Cinccino|133/260\n|-status|p2a: Cinccino|frz\n|\n|-weather|Snowscape|[upkeep]\n|upkeep\n|turn|19\n|\n|t:|1782852451\n|-curestatus|p2a: Cinccino|frz|[msg]\n|move|p2a: Cinccino|Tail Slap|p1a: Ninetales\n|-damage|p1a: Ninetales|101/242\n|-damage|p1a: Ninetales|76/242\n|-damage|p1a: Ninetales|55/242\n|-damage|p1a: Ninetales|32/242\n|-hitcount|p1a: Ninetales|4\n|move|p1a: Ninetales|Blizzard|p2a: Cinccino\n|-damage|p2a: Cinccino|16/260\n|-status|p2a: Cinccino|frz\n|\n|-weather|Snowscape|[upkeep]\n|upkeep\n|turn|20\n|c|\u2606juke lones|DAMN THE FREEZE\n|c|\u2606juke lones|into the thaw??\n|c|\u2606juke lones|INTO PFREEZE\n|inactive|Marty3 has 120 seconds left.\n|\n|t:|1782852470\n|cant|p2a: Cinccino|frz\n|move|p1a: Ninetales|Blizzard|p2a: Cinccino\n|-damage|p2a: Cinccino|0 fnt\n|faint|p2a: Cinccino\n|\n|-weather|none\n|upkeep\n|\n|t:|1782852475\n|switch|p2a: Falinks|Falinks, L84|246/246\n|turn|21\n|inactive|Marty3 has 120 seconds left.\n|\n|t:|1782852491\n|-terastallize|p2a: Falinks|Steel\n|move|p1a: Ninetales|Moonblast|p2a: Falinks\n|-resisted|p2a: Falinks\n|-damage|p2a: Falinks|197/246\n|-unboost|p2a: Falinks|spa|1\n|-ability|p2a: Falinks|Defiant|boost\n|-boost|p2a: Falinks|atk|2\n|move|p2a: Falinks|No Retreat|p2a: Falinks\n|-boost|p2a: Falinks|atk|1\n|-boost|p2a: Falinks|def|1\n|-boost|p2a: Falinks|spa|1\n|-boost|p2a: Falinks|spd|1\n|-boost|p2a: Falinks|spe|1\n|-start|p2a: Falinks|move: No Retreat\n|\n|upkeep\n|turn|22\n|inactive|Marty3 has 120 seconds left.\n|\n|t:|1782852506\n|move|p2a: Falinks|Iron Head|p1a: Ninetales\n|-supereffective|p1a: Ninetales\n|-damage|p1a: Ninetales|0 fnt\n|faint|p1a: Ninetales\n|-damage|p2a: Falinks|173/246|[from] item: Life Orb\n|\n|upkeep\n|inactive|Marty3 has 120 seconds left.\n|\n|t:|1782852537\n|switch|p1a: Eiscue|Eiscue, L88, M|274/274\n|turn|23\n|\n|t:|1782852558\n|move|p2a: Falinks|Iron Head|p1a: Eiscue\n|-activate|p1a: Eiscue|ability: Ice Face\n|-damage|p1a: Eiscue|274/274\n|detailschange|p1a: Eiscue|Eiscue-Noice, L88, M\n|-damage|p2a: Falinks|149/246|[from] item: Life Orb\n|move|p1a: Eiscue|Belly Drum|p1a: Eiscue\n|-damage|p1a: Eiscue|137/274\n|-setboost|p1a: Eiscue|atk|6|[from] move: Belly Drum\n|-enditem|p1a: Eiscue|Sitrus Berry|[eat]\n|-heal|p1a: Eiscue|205/274|[from] item: Sitrus Berry\n|\n|-sideend|p1: Marty3|move: Aurora Veil\n|upkeep\n|turn|24\n|\n|t:|1782852578\n|-terastallize|p1a: Eiscue|Water\n|move|p1a: Eiscue|Liquidation|p2a: Falinks\n|-damage|p2a: Falinks|0 fnt\n|faint|p2a: Falinks\n|\n|upkeep\n|inactive|juke lones has 120 seconds left.\n|-message|juke lones forfeited.\n|\n|win|Marty3\n|raw|Marty3's rating: 1627 &rarr; <strong>1647</strong><br />(+20 for winning)\n|raw|juke lones's rating: 1627 &rarr; <strong>1607</strong><br />(-20 for losing)\n|l|\u2606juke lones\n|player|p2|\n|l|\u2606Marty3\n|player|p1|\n|j|\u2606juke lones\n|player|p2|juke lones|clair|\n", "inputlog": ">version f8ac14003a5f27e1bdc8d8c59608a773c1cb96e5\n>start {\"formatid\":\"gen9randombattle\",\"seed\":\"sodium,72e777ea4ff57ffd16ff66c7106c19a6\",\"rated\":\"Rated battle\"}\n>player p1 {\"name\":\"Marty3\",\"avatar\":\"102\",\"rating\":1627,\"seed\":\"sodium,30d8316c778e93213dfadac73cce40ac\"}\n>player p2 {\"name\":\"juke lones\",\"avatar\":\"clair\",\"rating\":1627,\"seed\":\"sodium,fc71f43d59323cce23c98d22155322ec\"}\n>p1 move doubleedge\n>p2 move earthquake\n>p1 switch 6\n>p2 switch 3\n>p1 move auroraveil\n>p2 switch 5\n>p1 switch 2\n>p2 move heavyslam\n>p1 switch 6\n>p2 move heavyslam\n>p1 move earthquake\n>p2 move heavyslam\n>p1 switch 6\n>p1 move bulkup\n>p2 switch 5\n>p1 move wavecrash\n>p2 move willowisp\n>chat \u2606juke lones|:(\n>p1 move jetpunch\n>p2 move willowisp\n>p2 switch 5\n>p1 move bulkup\n>p2 move thunderbolt\n>p1 move drainpunch\n>p2 move thunderbolt\n>p1 move jetpunch\n>p2 move thunderbolt\n>chat \u2606juke lones|:)\n>p2 switch 4\n>p1 move drainpunch\n>p2 move lusterpurge\n>p1 move jetpunch\n>p2 move recover\n>p1 move jetpunch\n>p2 move lusterpurge\n>p1 switch 2\n>p1 move auroraveil\n>p2 move lusterpurge\n>p1 move freezedry\n>p2 switch 3\n>p2 switch 6\n>p1 move blizzard\n>p2 move tidyup\n>p1 move blizzard\n>p2 move tailslap\n>chat \u2606juke lones|DAMN THE FREEZE\n>chat \u2606juke lones|into the thaw??\n>chat \u2606juke lones|INTO PFREEZE\n>p1 move blizzard\n>p2 move tailslap\n>p2 switch 2\n>p1 move moonblast\n>p2 move noretreat terastallize\n>p1 move blizzard\n>p2 move ironhead\n>p1 switch 5\n>p1 move bellydrum\n>p2 move ironhead\n>p1 move liquidation terastallize\n>p2 move ironhead\n>forcelose p2", "uploadtime": 1782852641, "views": 5, "formatid": "gen9randombattle", "rating": 1607, "private": 0, "password": null, "player_dets": [{"name": "Marty3", "avatar": "102", "rating": 1627, "seed": "sodium,30d8316c778e93213dfadac73cce40ac"}, {"name": "juke lones", "avatar": "clair", "rating": 1627, "seed": "sodium,fc71f43d59323cce23c98d22155322ec"}], "teams_full": [{"Gumshoos": {"name": "Gumshoos", "species": "Gumshoos", "speciesId": "gumshoos", "gender": "M", "shiny": false, "level": 95, "moves": ["earthquake", "doubleedge", "knockoff", "uturn"], "ability": "Stakeout", "evs": {"hp": 85, "atk": 85, "def": 85, "spa": 85, "spd": 85, "spe": 85}, "ivs": {"hp": 31, "atk": 31, "def": 31, "spa": 31, "spd": 31, "spe": 31}, "item": "Choice Band", "teraType": "Ground", "role": "Fast Attacker", "bvs": {"hp": 88, "atk": 110, "def": 60, "spa": 55, "spd": 60, "spe": 45}, "stats": {"hp": 321, "atk": 263, "def": 168, "spa": 158, "spd": 168, "spe": 139}, "types": ["Normal"]}, "Palafin": {"name": "Palafin", "species": "Palafin", "speciesId": "palafin", "gender": "F", "shiny": false, "level": 77, "moves": ["drainpunch", "wavecrash", "bulkup", "jetpunch"], "ability": "Zero to Hero", "evs": {"hp": 85, "atk": 85, "def": 85, "spa": 85, "spd": 85, "spe": 85}, "ivs": {"hp": 31, "atk": 31, "def": 31, "spa": 31, "spd": 31, "spe": 31}, "item": "Leftovers", "teraType": "Dragon", "role": "Bulky Setup", "bvs": {"hp": 100, "atk": 70, "def": 72, "spa": 53, "spd": 62, "spe": 100}, "stats": {"hp": 281, "atk": 152, "def": 155, "spa": 126, "spd": 140, "spe": 199}, "types": ["Water"]}, "Kingdra": {"name": "Kingdra", "species": "Kingdra", "speciesId": "kingdra", "gender": "F", "shiny": false, "level": 84, "moves": ["outrage", "dragondance", "ironhead", "wavecrash"], "ability": "Sniper", "evs": {"hp": 85, "atk": 85, "def": 85, "spa": 85, "spd": 85, "spe": 85}, "ivs": {"hp": 31, "atk": 31, "def": 31, "spa": 31, "spd": 31, "spe": 31}, "item": "Lum Berry", "teraType": "Steel", "role": "Fast Bulky Setup", "bvs": {"hp": 75, "atk": 95, "def": 95, "spa": 95, "spd": 95, "spe": 85}, "stats": {"hp": 263, "atk": 208, "def": 208, "spa": 208, "spd": 208, "spe": 191}, "types": ["Water", "Dragon"]}, "Kommo-o": {"name": "Kommo-o", "species": "Kommo-o", "speciesId": "kommoo", "gender": "F", "shiny": false, "level": 78, "moves": ["clangoroussoul", "drainpunch", "boomburst", "clangingscales"], "ability": "Soundproof", "evs": {"hp": 85, "atk": 85, "def": 85, "spa": 85, "spd": 85, "spe": 85}, "ivs": {"hp": 31, "atk": 31, "def": 31, "spa": 31, "spd": 31, "spe": 31}, "item": "Throat Spray", "teraType": "Normal", "role": "Fast Bulky Setup", "bvs": {"hp": 75, "atk": 110, "def": 125, "spa": 100, "spd": 105, "spe": 85}, "stats": {"hp": 245, "atk": 217, "def": 240, "spa": 201, "spd": 209, "spe": 178}, "types": ["Dragon", "Fighting"]}, "Eiscue": {"name": "Eiscue", "species": "Eiscue", "speciesId": "eiscue", "gender": "M", "shiny": false, "level": 88, "moves": ["liquidation", "ironhead", "bellydrum", "icespinner"], "ability": "Ice Face", "evs": {"hp": 81, "atk": 85, "def": 85, "spa": 85, "spd": 85, "spe": 85}, "ivs": {"hp": 31, "atk": 31, "def": 31, "spa": 31, "spd": 31, "spe": 31}, "item": "Sitrus Berry", "teraType": "Water", "role": "Setup Sweeper", "bvs": {"hp": 75, "atk": 80, "def": 110, "spa": 65, "spd": 90, "spe": 50}, "stats": {"hp": 274, "atk": 191, "def": 244, "spa": 165, "spd": 209, "spe": 138}, "types": ["Ice"]}, "Ninetales": {"name": "Ninetales", "species": "Ninetales-Alola", "speciesId": "ninetalesalola", "gender": "M", "shiny": false, "level": 78, "moves": ["blizzard", "auroraveil", "moonblast", "freezedry"], "ability": "Snow Warning", "evs": {"hp": 85, "atk": 0, "def": 85, "spa": 85, "spd": 85, "spe": 85}, "ivs": {"hp": 31, "atk": 0, "def": 31, "spa": 31, "spd": 31, "spe": 31}, "item": "Light Clay", "teraType": "Steel", "role": "Fast Attacker", "bvs": {"hp": 73, "atk": 67, "def": 75, "spa": 81, "spd": 100, "spe": 109}, "stats": {"hp": 242, "atk": 109, "def": 162, "spa": 171, "spd": 201, "spe": 215}, "types": ["Ice", "Fairy"]}}, {"Whiscash": {"name": "Whiscash", "species": "Whiscash", "speciesId": "whiscash", "gender": "F", "shiny": false, "level": 88, "moves": ["earthquake", "stoneedge", "dragondance", "liquidation"], "ability": "Oblivious", "evs": {"hp": 85, "atk": 85, "def": 85, "spa": 85, "spd": 85, "spe": 85}, "ivs": {"hp": 31, "atk": 31, "def": 31, "spa": 31, "spd": 31, "spe": 31}, "item": "Life Orb", "teraType": "Ground", "role": "Setup Sweeper", "bvs": {"hp": 110, "atk": 78, "def": 73, "spa": 76, "spd": 71, "spe": 60}, "stats": {"hp": 337, "atk": 188, "def": 179, "spa": 184, "spd": 175, "spe": 156}, "types": ["Water", "Ground"]}, "Falinks": {"name": "Falinks", "species": "Falinks", "speciesId": "falinks", "gender": "N", "shiny": false, "level": 84, "moves": ["noretreat", "knockoff", "ironhead", "closecombat"], "ability": "Defiant", "evs": {"hp": 85, "atk": 85, "def": 85, "spa": 85, "spd": 85, "spe": 85}, "ivs": {"hp": 31, "atk": 31, "def": 31, "spa": 31, "spd": 31, "spe": 31}, "item": "Life Orb", "teraType": "Steel", "role": "Setup Sweeper", "bvs": {"hp": 65, "atk": 100, "def": 100, "spa": 70, "spd": 60, "spe": 75}, "stats": {"hp": 246, "atk": 216, "def": 216, "spa": 166, "spd": 149, "spe": 174}, "types": ["Fighting"]}, "Misdreavus": {"name": "Misdreavus", "species": "Misdreavus", "speciesId": "misdreavus", "gender": "M", "shiny": false, "level": 90, "moves": ["calmmind", "shadowball", "drainingkiss", "willowisp"], "ability": "Levitate", "evs": {"hp": 85, "atk": 0, "def": 85, "spa": 85, "spd": 85, "spe": 85}, "ivs": {"hp": 31, "atk": 0, "def": 31, "spa": 31, "spd": 31, "spe": 31}, "item": "Eviolite", "teraType": "Fairy", "role": "Bulky Setup", "bvs": {"hp": 60, "atk": 60, "def": 60, "spa": 85, "spd": 85, "spe": 85}, "stats": {"hp": 254, "atk": 113, "def": 159, "spa": 204, "spd": 204, "spe": 204}, "types": ["Ghost"]}, "Latios": {"name": "Latios", "species": "Latios", "speciesId": "latios", "gender": "M", "shiny": false, "level": 78, "moves": ["dracometeor", "aurasphere", "lusterpurge", "recover"], "ability": "Levitate", "evs": {"hp": 85, "atk": 0, "def": 85, "spa": 85, "spd": 85, "spe": 85}, "ivs": {"hp": 31, "atk": 0, "def": 31, "spa": 31, "spd": 31, "spe": 31}, "item": "Soul Dew", "teraType": "Fighting", "role": "Bulky Attacker", "bvs": {"hp": 80, "atk": 90, "def": 80, "spa": 130, "spd": 110, "spe": 110}, "stats": {"hp": 253, "atk": 145, "def": 170, "spa": 248, "spd": 217, "spe": 217}, "types": ["Dragon", "Psychic"]}, "Goodra": {"name": "Goodra", "species": "Goodra-Hisui", "speciesId": "goodrahisui", "gender": "F", "shiny": false, "level": 82, "moves": ["hydropump", "thunderbolt", "dracometeor", "heavyslam"], "ability": "Sap Sipper", "evs": {"hp": 85, "atk": 85, "def": 85, "spa": 85, "spd": 85, "spe": 85}, "ivs": {"hp": 31, "atk": 31, "def": 31, "spa": 31, "spd": 31, "spe": 31}, "item": "Assault Vest", "teraType": "Flying", "role": "AV Pivot", "bvs": {"hp": 80, "atk": 100, "def": 100, "spa": 110, "spd": 150, "spe": 60}, "stats": {"hp": 265, "atk": 211, "def": 211, "spa": 228, "spd": 293, "spe": 146}, "types": ["Steel", "Dragon"]}, "Cinccino": {"name": "Cinccino", "species": "Cinccino", "speciesId": "cinccino", "gender": "F", "shiny": false, "level": 83, "moves": ["tailslap", "tidyup", "bulletseed", "tripleaxel"], "ability": "Technician", "evs": {"hp": 85, "atk": 85, "def": 85, "spa": 85, "spd": 85, "spe": 85}, "ivs": {"hp": 31, "atk": 31, "def": 31, "spa": 31, "spd": 31, "spe": 31}, "item": "Loaded Dice", "teraType": "Normal", "role": "Fast Attacker", "bvs": {"hp": 75, "atk": 95, "def": 60, "spa": 65, "spd": 60, "spe": 115}, "stats": {"hp": 260, "atk": 205, "def": 147, "spa": 156, "spd": 147, "spe": 239}, "types": ["Normal"]}}]}