{"id": "gen9randombattle-2641929185", "format": "[Gen 9] Random Battle", "players": ["rylielthefae", "Jenome"], "log": "|j|\u2606rylielthefae\n|j|\u2606Jenome\n|t:|1782860366\n|gametype|singles\n|player|p1|rylielthefae|169|1599\n|player|p2|Jenome|gentleman-gen4|1652\n|gen|9\n|tier|[Gen 9] Random Battle\n|rated|\n|rule|Species Clause: Limit one of each Pok\u00e9mon\n|rule|HP Percentage Mod: HP is shown in percentages\n|rule|Sleep Clause Mod: Limit one foe put to sleep\n|rule|Illusion Level Mod: Illusion disguises the Pok\u00e9mon's true level\n|\n|t:|1782860366\n|teamsize|p1|6\n|teamsize|p2|6\n|start\n|switch|p1a: Delibird|Delibird, M|252/252\n|switch|p2a: Terrakion|Terrakion, L79|273/273\n|turn|1\n|inactive|Battle timer is ON: inactive players will automatically lose when time's up. (requested by rylielthefae)\n|\n|t:|1782860373\n|switch|p1a: Vaporeon|Vaporeon, L86, M|364/364\n|move|p2a: Terrakion|Stone Edge|p1a: Vaporeon\n|-damage|p1a: Vaporeon|133/364\n|\n|-heal|p1a: Vaporeon|155/364|[from] item: Leftovers\n|upkeep\n|turn|2\n|\n|t:|1782860377\n|move|p1a: Vaporeon|Protect|p1a: Vaporeon\n|-singleturn|p1a: Vaporeon|Protect\n|move|p2a: Terrakion|Stone Edge|p1a: Vaporeon\n|-activate|p1a: Vaporeon|move: Protect\n|\n|-heal|p1a: Vaporeon|177/364|[from] item: Leftovers\n|upkeep\n|turn|3\n|\n|t:|1782860386\n|move|p2a: Terrakion|Stone Edge|p1a: Vaporeon|[miss]\n|-miss|p2a: Terrakion|p1a: Vaporeon\n|move|p1a: Vaporeon|Wish|p1a: Vaporeon\n|\n|-heal|p1a: Vaporeon|199/364|[from] item: Leftovers\n|upkeep\n|turn|4\n|\n|t:|1782860396\n|move|p1a: Vaporeon|Protect|p1a: Vaporeon\n|-singleturn|p1a: Vaporeon|Protect\n|move|p2a: Terrakion|Stone Edge|p1a: Vaporeon\n|-activate|p1a: Vaporeon|move: Protect\n|\n|-heal|p1a: Vaporeon|364/364|[from] move: Wish|[wisher] Vaporeon\n|upkeep\n|turn|5\n|l|\u2606rylielthefae\n|inactive|rylielthefae disconnected and has a minute to reconnect!\n|player|p1|\n|j|\u2606rylielthefae\n|inactive|rylielthefae reconnected and has 135 seconds left.\n|player|p1|rylielthefae|169|\n|\n|t:|1782860416\n|move|p2a: Terrakion|Stone Edge|p1a: Vaporeon\n|-damage|p1a: Vaporeon|157/364\n|move|p1a: Vaporeon|Scald|p2a: Terrakion\n|-supereffective|p2a: Terrakion\n|-damage|p2a: Terrakion|79/273\n|\n|-heal|p1a: Vaporeon|179/364|[from] item: Leftovers\n|upkeep\n|turn|6\n|\n|t:|1782860422\n|move|p1a: Vaporeon|Protect|p1a: Vaporeon\n|-singleturn|p1a: Vaporeon|Protect\n|move|p2a: Terrakion|Stone Edge|p1a: Vaporeon\n|-activate|p1a: Vaporeon|move: Protect\n|\n|-heal|p1a: Vaporeon|201/364|[from] item: Leftovers\n|upkeep\n|turn|7\n|\n|t:|1782860436\n|switch|p1a: Magearna|Magearna-Original, L77|250/250\n|move|p2a: Terrakion|Stone Edge|p1a: Magearna\n|-resisted|p1a: Magearna\n|-damage|p1a: Magearna|179/250\n|\n|upkeep\n|turn|8\n|\n|t:|1782860441\n|switch|p2a: Bastiodon|Bastiodon, L89, F|252/252\n|move|p1a: Magearna|Shift Gear|p1a: Magearna\n|-boost|p1a: Magearna|spe|2\n|-boost|p1a: Magearna|atk|1\n|\n|upkeep\n|turn|9\n|\n|t:|1782860447\n|move|p1a: Magearna|Iron Head|p2a: Bastiodon\n|-damage|p2a: Bastiodon|194/252\n|move|p2a: Bastiodon|Iron Defense|p2a: Bastiodon\n|-boost|p2a: Bastiodon|def|2\n|\n|upkeep\n|turn|10\n|\n|t:|1782860464\n|move|p1a: Magearna|Iron Head|p2a: Bastiodon\n|-damage|p2a: Bastiodon|166/252\n|move|p2a: Bastiodon|Body Press|p1a: Magearna\n|-damage|p1a: Magearna|18/250\n|\n|upkeep\n|turn|11\n|\n|t:|1782860470\n|move|p1a: Magearna|Fleur Cannon|p2a: Bastiodon\n|-resisted|p2a: Bastiodon\n|-damage|p2a: Bastiodon|116/252\n|-unboost|p1a: Magearna|spa|2\n|move|p2a: Bastiodon|Body Press|p1a: Magearna\n|-damage|p1a: Magearna|0 fnt\n|faint|p1a: Magearna\n|\n|upkeep\n|\n|t:|1782860474\n|switch|p1a: Drednaw|Drednaw, L81, M|278/278\n|turn|12\n|inactive|Jenome has 120 seconds left.\n|\n|t:|1782860515\n|move|p1a: Drednaw|Shell Smash|p1a: Drednaw\n|-unboost|p1a: Drednaw|def|1\n|-unboost|p1a: Drednaw|spd|1\n|-boost|p1a: Drednaw|atk|2\n|-boost|p1a: Drednaw|spa|2\n|-boost|p1a: Drednaw|spe|2\n|-enditem|p1a: Drednaw|White Herb\n|-clearnegativeboost|p1a: Drednaw|[silent]\n|move|p2a: Bastiodon|Body Press|p1a: Drednaw\n|-supereffective|p1a: Drednaw\n|-damage|p1a: Drednaw|0 fnt\n|faint|p1a: Drednaw\n|\n|upkeep\n|\n|t:|1782860521\n|switch|p1a: Vaporeon|Vaporeon, L86, M|201/364\n|turn|13\n|inactive|Jenome has 120 seconds left.\n|\n|t:|1782860528\n|move|p1a: Vaporeon|Scald|p2a: Bastiodon\n|-supereffective|p2a: Bastiodon\n|-damage|p2a: Bastiodon|0 fnt\n|faint|p2a: Bastiodon\n|\n|-heal|p1a: Vaporeon|223/364|[from] item: Leftovers\n|upkeep\n|inactive|Jenome has 120 seconds left.\n|\n|t:|1782860541\n|switch|p2a: Dodrio|Dodrio, L85, F|241/241\n|turn|14\n|\n|t:|1782860552\n|move|p1a: Vaporeon|Protect|p1a: Vaporeon\n|-singleturn|p1a: Vaporeon|Protect\n|move|p2a: Dodrio|Swords Dance|p2a: Dodrio\n|-boost|p2a: Dodrio|atk|2\n|\n|-heal|p1a: Vaporeon|245/364|[from] item: Leftovers\n|upkeep\n|turn|15\n|inactive|Jenome has 120 seconds left.\n|\n|t:|1782860572\n|move|p2a: Dodrio|Brave Bird|p1a: Vaporeon\n|-damage|p1a: Vaporeon|0 fnt\n|faint|p1a: Vaporeon\n|-damage|p2a: Dodrio|160/241|[from] Recoil\n|\n|upkeep\n|\n|t:|1782860577\n|switch|p1a: Baxcalibur|Baxcalibur, L75, F|295/295\n|turn|16\n|\n|t:|1782860582\n|move|p1a: Baxcalibur|Ice Shard|p2a: Dodrio\n|-supereffective|p2a: Dodrio\n|-damage|p2a: Dodrio|0 fnt\n|faint|p2a: Dodrio\n|\n|upkeep\n|\n|t:|1782860587\n|switch|p2a: Ribombee|Ribombee, L83, M|235/235\n|turn|17\n|\n|t:|1782860592\n|switch|p1a: Delibird|Delibird, M|252/252\n|move|p2a: Ribombee|Moonblast|p1a: Delibird\n|-damage|p1a: Delibird|129/252\n|\n|upkeep\n|turn|18\n|\n|t:|1782860606\n|switch|p2a: Noivern|Noivern, L82, F|274/274\n|move|p1a: Delibird|Brave Bird|p2a: Noivern\n|-damage|p2a: Noivern|138/274\n|-damage|p1a: Delibird|84/252|[from] Recoil\n|\n|upkeep\n|turn|19\n|\n|t:|1782860615\n|move|p2a: Noivern|Flamethrower|p1a: Delibird\n|-supereffective|p1a: Delibird\n|-damage|p1a: Delibird|0 fnt\n|faint|p1a: Delibird\n|\n|upkeep\n|\n|t:|1782860619\n|switch|p1a: Baxcalibur|Baxcalibur, L75, F|295/295\n|turn|20\n|\n|t:|1782860623\n|-terastallize|p2a: Noivern|Fire\n|move|p2a: Noivern|Draco Meteor|p1a: Baxcalibur|[miss]\n|-miss|p2a: Noivern|p1a: Baxcalibur\n|move|p1a: Baxcalibur|Icicle Crash|p2a: Noivern\n|-resisted|p2a: Noivern\n|-damage|p2a: Noivern|60/274\n|\n|upkeep\n|turn|21\n|\n|t:|1782860632\n|move|p2a: Noivern|Roost|p2a: Noivern\n|-heal|p2a: Noivern|197/274\n|move|p1a: Baxcalibur|Icicle Crash|p2a: Noivern\n|-resisted|p2a: Noivern\n|-damage|p2a: Noivern|112/274\n|\n|upkeep\n|turn|22\n|\n|t:|1782860636\n|move|p2a: Noivern|Draco Meteor|p1a: Baxcalibur\n|-supereffective|p1a: Baxcalibur\n|-damage|p1a: Baxcalibur|0 fnt\n|-unboost|p2a: Noivern|spa|2\n|faint|p1a: Baxcalibur\n|\n|upkeep\n|\n|t:|1782860649\n|switch|p1a: Reshiram|Reshiram, L76|277/277\n|-ability|p1a: Reshiram|Turboblaze\n|turn|23\n|\n|t:|1782860655\n|move|p2a: Noivern|Draco Meteor|p1a: Reshiram\n|-supereffective|p1a: Reshiram\n|-damage|p1a: Reshiram|169/277\n|-unboost|p2a: Noivern|spa|2\n|move|p1a: Reshiram|Dragon Dance|p1a: Reshiram\n|-boost|p1a: Reshiram|atk|1\n|-boost|p1a: Reshiram|spe|1\n|\n|upkeep\n|turn|24\n|\n|t:|1782860661\n|move|p1a: Reshiram|Dragon Dance|p1a: Reshiram\n|-boost|p1a: Reshiram|atk|1\n|-boost|p1a: Reshiram|spe|1\n|move|p2a: Noivern|Draco Meteor|p1a: Reshiram\n|-supereffective|p1a: Reshiram\n|-damage|p1a: Reshiram|95/277\n|-unboost|p2a: Noivern|spa|2\n|\n|upkeep\n|turn|25\n|\n|t:|1782860667\n|move|p1a: Reshiram|Stone Edge|p2a: Noivern\n|-supereffective|p2a: Noivern\n|-damage|p2a: Noivern|0 fnt\n|faint|p2a: Noivern\n|\n|upkeep\n|\n|t:|1782860669\n|switch|p2a: Terrakion|Terrakion, L79|79/273\n|turn|26\n|\n|t:|1782860687\n|move|p2a: Terrakion|Quick Attack|p1a: Reshiram\n|-damage|p1a: Reshiram|50/277\n|move|p1a: Reshiram|Flare Blitz|p2a: Terrakion\n|-resisted|p2a: Terrakion\n|-damage|p2a: Terrakion|0 fnt\n|faint|p2a: Terrakion\n|-damage|p1a: Reshiram|24/277|[from] Recoil\n|\n|upkeep\n|\n|t:|1782860693\n|switch|p2a: Polteageist|Polteageist-Antique, L78|222/222\n|turn|27\n|\n|t:|1782860700\n|move|p1a: Reshiram|Stone Edge|p2a: Polteageist\n|-damage|p2a: Polteageist|24/222\n|move|p2a: Polteageist|Shadow Ball|p1a: Reshiram\n|-damage|p1a: Reshiram|0 fnt\n|faint|p1a: Reshiram\n|\n|win|Jenome\n|raw|rylielthefae's rating: 1599 &rarr; <strong>1582</strong><br />(-17 for losing)\n|raw|Jenome's rating: 1652 &rarr; <strong>1669</strong><br />(+17 for winning)\n", "inputlog": ">version f8ac14003a5f27e1bdc8d8c59608a773c1cb96e5\n>start {\"formatid\":\"gen9randombattle\",\"seed\":\"sodium,9c99e0b882d2ab3077c2cd6a346888ed\",\"rated\":\"Rated battle\"}\n>player p1 {\"name\":\"rylielthefae\",\"avatar\":\"169\",\"rating\":1599,\"seed\":\"sodium,396a1b195c5c4c85497dd75e03ab5677\"}\n>player p2 {\"name\":\"Jenome\",\"avatar\":\"gentleman-gen4\",\"rating\":1652,\"seed\":\"sodium,cdb782b540f5c1007f073e104127ff95\"}\n>p1 switch 4\n>p2 move stoneedge\n>p1 move protect\n>p2 move stoneedge\n>p1 move wish\n>p2 move stoneedge\n>p1 move protect\n>p2 move stoneedge\n>p1 move scald\n>p2 move stoneedge\n>p1 move protect\n>p2 move stoneedge\n>p1 switch 5\n>p2 move stoneedge\n>p1 move shiftgear\n>p2 switch 4\n>p1 move ironhead\n>p2 move irondefense\n>p1 move ironhead\n>p2 move bodypress\n>p1 move fleurcannon\n>p2 move bodypress\n>p1 switch 3\n>p1 move shellsmash\n>p2 move bodypress\n>p1 switch 5\n>p1 move scald\n>p2 move bodypress\n>p2 switch 3\n>p1 move protect\n>p2 move swordsdance\n>p1 move flipturn\n>p2 move bravebird\n>p1 switch 6\n>p1 move iceshard\n>p2 move bravebird\n>p2 switch 2\n>p1 switch 4\n>p2 move moonblast\n>p1 move bravebird\n>p2 switch 6\n>p1 move freezedry\n>p2 move flamethrower\n>p1 switch 4\n>p1 move iciclecrash\n>p2 move dracometeor terastallize\n>p1 move iciclecrash\n>p2 move roost\n>p1 move iciclecrash\n>p2 move dracometeor\n>p1 switch 2\n>p1 move dragondance\n>p2 move dracometeor\n>p1 move dragondance\n>p2 move dracometeor\n>p1 move stoneedge\n>p2 move dracometeor\n>p2 switch 4\n>p1 move flareblitz\n>p2 move quickattack\n>p2 switch 5\n>p1 move stoneedge\n>p2 move shadowball", "uploadtime": 1782860703, "views": 4, "formatid": "gen9randombattle", "rating": 1582, "private": 0, "password": null, "player_dets": [{"name": "rylielthefae", "avatar": "169", "rating": 1599, "seed": "sodium,396a1b195c5c4c85497dd75e03ab5677"}, {"name": "Jenome", "avatar": "gentleman-gen4", "rating": 1652, "seed": "sodium,cdb782b540f5c1007f073e104127ff95"}], "teams_full": [{"Delibird": {"name": "Delibird", "species": "Delibird", "speciesId": "delibird", "gender": "M", "shiny": false, "level": 100, "moves": ["rapidspin", "spikes", "bravebird", "freezedry"], "ability": "Insomnia", "evs": {"hp": 85, "atk": 85, "def": 85, "spa": 85, "spd": 85, "spe": 85}, "ivs": {"hp": 31, "atk": 31, "def": 31, "spa": 31, "spd": 31, "spe": 31}, "item": "Heavy-Duty Boots", "teraType": "Ghost", "role": "Fast Support", "bvs": {"hp": 45, "atk": 55, "def": 45, "spa": 65, "spd": 45, "spe": 75}, "stats": {"hp": 252, "atk": 167, "def": 147, "spa": 187, "spd": 147, "spe": 207}, "types": ["Ice", "Flying"]}, "Reshiram": {"name": "Reshiram", "species": "Reshiram", "speciesId": "reshiram", "gender": "N", "shiny": false, "level": 76, "moves": ["dragondance", "stoneedge", "flareblitz", "outrage"], "ability": "Turboblaze", "evs": {"hp": 85, "atk": 85, "def": 85, "spa": 85, "spd": 85, "spe": 85}, "ivs": {"hp": 31, "atk": 31, "def": 31, "spa": 31, "spd": 31, "spe": 31}, "item": "Heavy-Duty Boots", "teraType": "Dragon", "role": "Setup Sweeper", "bvs": {"hp": 100, "atk": 120, "def": 100, "spa": 150, "spd": 120, "spe": 90}, "stats": {"hp": 277, "atk": 226, "def": 196, "spa": 272, "spd": 226, "spe": 181}, "types": ["Dragon", "Fire"]}, "Drednaw": {"name": "Drednaw", "species": "Drednaw", "speciesId": "drednaw", "gender": "M", "shiny": false, "level": 81, "moves": ["stoneedge", "shellsmash", "earthquake", "liquidation"], "ability": "Shell Armor", "evs": {"hp": 85, "atk": 85, "def": 85, "spa": 85, "spd": 85, "spe": 85}, "ivs": {"hp": 31, "atk": 31, "def": 31, "spa": 31, "spd": 31, "spe": 31}, "item": "White Herb", "teraType": "Water", "role": "Fast Bulky Setup", "bvs": {"hp": 90, "atk": 115, "def": 90, "spa": 48, "spd": 68, "spe": 74}, "stats": {"hp": 278, "atk": 233, "def": 192, "spa": 124, "spd": 157, "spe": 167}, "types": ["Water", "Rock"]}, "Vaporeon": {"name": "Vaporeon", "species": "Vaporeon", "speciesId": "vaporeon", "gender": "M", "shiny": false, "level": 86, "moves": ["wish", "protect", "flipturn", "scald"], "ability": "Water Absorb", "evs": {"hp": 85, "atk": 85, "def": 85, "spa": 85, "spd": 85, "spe": 85}, "ivs": {"hp": 31, "atk": 31, "def": 31, "spa": 31, "spd": 31, "spe": 31}, "item": "Leftovers", "teraType": "Ground", "role": "Bulky Support", "bvs": {"hp": 130, "atk": 65, "def": 60, "spa": 110, "spd": 95, "spe": 65}, "stats": {"hp": 364, "atk": 161, "def": 152, "spa": 238, "spd": 213, "spe": 161}, "types": ["Water"]}, "Magearna": {"name": "Magearna", "species": "Magearna-Original", "speciesId": "magearna", "gender": "N", "shiny": false, "level": 77, "moves": ["terablast", "fleurcannon", "ironhead", "shiftgear"], "ability": "Soul-Heart", "evs": {"hp": 85, "atk": 85, "def": 85, "spa": 85, "spd": 85, "spe": 85}, "ivs": {"hp": 31, "atk": 31, "def": 31, "spa": 31, "spd": 31, "spe": 31}, "item": "Weakness Policy", "teraType": "Ground", "role": "Tera Blast user", "bvs": {"hp": 80, "atk": 95, "def": 115, "spa": 130, "spd": 115, "spe": 65}, "stats": {"hp": 250, "atk": 191, "def": 222, "spa": 245, "spd": 222, "spe": 145}, "types": ["Steel", "Fairy"]}, "Baxcalibur": {"name": "Baxcalibur", "species": "Baxcalibur", "speciesId": "baxcalibur", "gender": "F", "shiny": false, "level": 75, "moves": ["earthquake", "iceshard", "glaiverush", "iciclecrash"], "ability": "Thermal Exchange", "evs": {"hp": 81, "atk": 85, "def": 85, "spa": 85, "spd": 85, "spe": 85}, "ivs": {"hp": 31, "atk": 31, "def": 31, "spa": 31, "spd": 31, "spe": 31}, "item": "Choice Band", "teraType": "Ground", "role": "Fast Attacker", "bvs": {"hp": 115, "atk": 145, "def": 92, "spa": 75, "spd": 86, "spe": 87}, "stats": {"hp": 295, "atk": 261, "def": 182, "spa": 156, "spd": 173, "spe": 174}, "types": ["Dragon", "Ice"]}}, {"Terrakion": {"name": "Terrakion", "species": "Terrakion", "speciesId": "terrakion", "gender": "N", "shiny": false, "level": 79, "moves": ["quickattack", "stoneedge", "closecombat", "earthquake"], "ability": "Justified", "evs": {"hp": 85, "atk": 85, "def": 85, "spa": 85, "spd": 85, "spe": 85}, "ivs": {"hp": 31, "atk": 31, "def": 31, "spa": 31, "spd": 31, "spe": 31}, "item": "Choice Band", "teraType": "Ground", "role": "Wallbreaker", "bvs": {"hp": 91, "atk": 129, "def": 90, "spa": 72, "spd": 90, "spe": 108}, "stats": {"hp": 273, "atk": 249, "def": 188, "spa": 159, "spd": 188, "spe": 216}, "types": ["Rock", "Fighting"]}, "Ribombee": {"name": "Ribombee", "species": "Ribombee", "speciesId": "ribombee", "gender": "M", "shiny": false, "level": 83, "moves": ["moonblast", "stickyweb", "stunspore", "uturn"], "ability": "Shield Dust", "evs": {"hp": 85, "atk": 85, "def": 85, "spa": 85, "spd": 85, "spe": 85}, "ivs": {"hp": 31, "atk": 31, "def": 31, "spa": 31, "spd": 31, "spe": 31}, "item": "Heavy-Duty Boots", "teraType": "Ghost", "role": "Fast Support", "bvs": {"hp": 60, "atk": 55, "def": 60, "spa": 95, "spd": 70, "spe": 124}, "stats": {"hp": 235, "atk": 139, "def": 147, "spa": 205, "spd": 164, "spe": 254}, "types": ["Bug", "Fairy"]}, "Dodrio": {"name": "Dodrio", "species": "Dodrio", "speciesId": "dodrio", "gender": "F", "shiny": false, "level": 85, "moves": ["knockoff", "bravebird", "swordsdance", "drillrun"], "ability": "Early Bird", "evs": {"hp": 85, "atk": 85, "def": 85, "spa": 85, "spd": 85, "spe": 85}, "ivs": {"hp": 31, "atk": 31, "def": 31, "spa": 31, "spd": 31, "spe": 31}, "item": "Heavy-Duty Boots", "teraType": "Ground", "role": "Setup Sweeper", "bvs": {"hp": 60, "atk": 110, "def": 70, "spa": 60, "spd": 60, "spe": 110}, "stats": {"hp": 241, "atk": 236, "def": 168, "spa": 151, "spd": 151, "spe": 236}, "types": ["Normal", "Flying"]}, "Bastiodon": {"name": "Bastiodon", "species": "Bastiodon", "speciesId": "bastiodon", "gender": "F", "shiny": false, "level": 89, "moves": ["rest", "bodypress", "foulplay", "irondefense"], "ability": "Soundproof", "evs": {"hp": 85, "atk": 0, "def": 85, "spa": 85, "spd": 85, "spe": 85}, "ivs": {"hp": 31, "atk": 0, "def": 31, "spa": 31, "spd": 31, "spe": 31}, "item": "Chesto Berry", "teraType": "Fighting", "role": "Bulky Setup", "bvs": {"hp": 60, "atk": 52, "def": 168, "spa": 47, "spd": 138, "spe": 30}, "stats": {"hp": 252, "atk": 97, "def": 350, "spa": 134, "spd": 296, "spe": 104}, "types": ["Rock", "Steel"]}, "Polteageist": {"name": "Polteageist", "species": "Polteageist-Antique", "speciesId": "polteageist", "gender": "N", "shiny": false, "level": 78, "moves": ["shadowball", "strengthsap", "storedpower", "shellsmash"], "ability": "Cursed Body", "evs": {"hp": 85, "atk": 0, "def": 85, "spa": 85, "spd": 85, "spe": 85}, "ivs": {"hp": 31, "atk": 0, "def": 31, "spa": 31, "spd": 31, "spe": 31}, "item": "White Herb", "teraType": "Psychic", "role": "Setup Sweeper", "bvs": {"hp": 60, "atk": 65, "def": 65, "spa": 134, "spd": 114, "spe": 70}, "stats": {"hp": 222, "atk": 106, "def": 146, "spa": 254, "spd": 223, "spe": 154}, "types": ["Ghost"]}, "Noivern": {"name": "Noivern", "species": "Noivern", "speciesId": "noivern", "gender": "F", "shiny": false, "level": 82, "moves": ["dracometeor", "hurricane", "flamethrower", "roost"], "ability": "Infiltrator", "evs": {"hp": 85, "atk": 0, "def": 85, "spa": 85, "spd": 85, "spe": 85}, "ivs": {"hp": 31, "atk": 0, "def": 31, "spa": 31, "spd": 31, "spe": 31}, "item": "Heavy-Duty Boots", "teraType": "Fire", "role": "Fast Support", "bvs": {"hp": 85, "atk": 70, "def": 80, "spa": 97, "spd": 80, "spe": 123}, "stats": {"hp": 274, "atk": 119, "def": 178, "spa": 206, "spd": 178, "spe": 249}, "types": ["Flying", "Dragon"]}}]}