{"id": "gen9randombattle-2642048696", "format": "[Gen 9] Random Battle", "players": ["jnpr010334", "noglocnocboc"], "log": "|j|\u2606jnpr010334\n|j|\u2606noglocnocboc\n|t:|1782879271\n|gametype|singles\n|player|p1|jnpr010334|265|1471\n|player|p2|noglocnocboc|2|1442\n|gen|9\n|tier|[Gen 9] Random Battle\n|rated|\n|rule|Species Clause: Limit one of each Pok\u00e9mon\n|rule|HP Percentage Mod: HP is shown in percentages\n|rule|Sleep Clause Mod: Limit one foe put to sleep\n|rule|Illusion Level Mod: Illusion disguises the Pok\u00e9mon's true level\n|\n|t:|1782879271\n|teamsize|p1|6\n|teamsize|p2|6\n|start\n|switch|p1a: Heatran|Heatran, L79, M|273/273\n|switch|p2a: Politoed|Politoed, L88, M|302/302\n|-weather|RainDance|[from] ability: Drizzle|[of] p2a: Politoed\n|-item|p1a: Heatran|Air Balloon\n|turn|1\n|inactive|Battle timer is ON: inactive players will automatically lose when time's up. (requested by jnpr010334)\n|\n|t:|1782879280\n|switch|p1a: Morpeko|Morpeko, L88, M|245/245\n|move|p2a: Politoed|Surf|p1a: Morpeko\n|-damage|p1a: Morpeko|47/245\n|\n|-weather|RainDance|[upkeep]\n|-heal|p1a: Morpeko|62/245|[from] item: Leftovers\n|-formechange|p1a: Morpeko|Morpeko-Hangry||[from] ability: Hunger Switch\n|upkeep\n|turn|2\n|\n|t:|1782879294\n|move|p1a: Morpeko|Knock Off|p2a: Politoed\n|-damage|p2a: Politoed|193/302\n|-enditem|p2a: Politoed|Chesto Berry|[from] move: Knock Off|[of] p1a: Morpeko\n|move|p2a: Politoed|Surf|p1a: Morpeko\n|-damage|p1a: Morpeko|0 fnt\n|faint|p1a: Morpeko\n|\n|-weather|RainDance|[upkeep]\n|upkeep\n|\n|t:|1782879295\n|switch|p1a: Indeedee|Indeedee-F, L90, F|272/272\n|-fieldstart|move: Psychic Terrain|[from] ability: Psychic Surge|[of] p1a: Indeedee\n|turn|3\n|\n|t:|1782879300\n|move|p1a: Indeedee|Calm Mind|p1a: Indeedee\n|-boost|p1a: Indeedee|spa|1\n|-boost|p1a: Indeedee|spd|1\n|move|p2a: Politoed|Hypnosis|p1a: Indeedee\n|-status|p1a: Indeedee|slp|[from] move: Hypnosis\n|\n|-weather|RainDance|[upkeep]\n|upkeep\n|turn|4\n|\n|t:|1782879307\n|cant|p1a: Indeedee|slp\n|move|p2a: Politoed|Surf|p1a: Indeedee\n|-damage|p1a: Indeedee|182/272 slp\n|\n|-weather|RainDance|[upkeep]\n|upkeep\n|turn|5\n|\n|t:|1782879313\n|-curestatus|p1a: Indeedee|slp|[msg]\n|move|p1a: Indeedee|Hyper Voice|p2a: Politoed\n|-damage|p2a: Politoed|16/302\n|-damage|p1a: Indeedee|155/272|[from] item: Life Orb\n|move|p2a: Politoed|Rest|p2a: Politoed\n|-status|p2a: Politoed|slp|[from] move: Rest\n|-heal|p2a: Politoed|302/302 slp|[silent]\n|\n|-weather|none\n|upkeep\n|turn|6\n|\n|t:|1782879324\n|switch|p2a: Weavile|Weavile, L79, F|240/240\n|move|p1a: Indeedee|Psyshock|p2a: Weavile\n|-immune|p2a: Weavile\n|\n|upkeep\n|turn|7\n|\n|t:|1782879329\n|switch|p1a: Heatran|Heatran, L79, M|273/273\n|-item|p1a: Heatran|Air Balloon\n|move|p2a: Weavile|Knock Off|p1a: Heatran\n|-damage|p1a: Heatran|168/273\n|-enditem|p1a: Heatran|Air Balloon\n|\n|-fieldend|move: Psychic Terrain\n|upkeep\n|turn|8\n|\n|t:|1782879338\n|switch|p2a: Politoed|Politoed, L88, M|302/302 slp\n|-weather|RainDance|[from] ability: Drizzle|[of] p2a: Politoed\n|move|p1a: Heatran|Stealth Rock|p2a: Politoed\n|-sidestart|p2: noglocnocboc|move: Stealth Rock\n|\n|-weather|RainDance|[upkeep]\n|upkeep\n|turn|9\n|\n|t:|1782879343\n|switch|p1a: Indeedee|Indeedee-F, L90, F|155/272\n|-fieldstart|move: Psychic Terrain|[from] ability: Psychic Surge|[of] p1a: Indeedee\n|cant|p2a: Politoed|slp\n|\n|-weather|RainDance|[upkeep]\n|upkeep\n|turn|10\n|\n|t:|1782879347\n|move|p1a: Indeedee|Hyper Voice|p2a: Politoed\n|-damage|p2a: Politoed|180/302 slp\n|-damage|p1a: Indeedee|128/272|[from] item: Life Orb\n|cant|p2a: Politoed|slp\n|\n|-weather|RainDance|[upkeep]\n|upkeep\n|turn|11\n|\n|t:|1782879353\n|move|p1a: Indeedee|Psyshock|p2a: Politoed\n|-damage|p2a: Politoed|3/302 slp\n|-damage|p1a: Indeedee|101/272|[from] item: Life Orb\n|-curestatus|p2a: Politoed|slp|[msg]\n|move|p2a: Politoed|Surf|p1a: Indeedee\n|-damage|p1a: Indeedee|0 fnt\n|faint|p1a: Indeedee\n|\n|-weather|RainDance|[upkeep]\n|upkeep\n|\n|t:|1782879356\n|switch|p1a: Iron Valiant|Iron Valiant, L78|244/244\n|turn|12\n|\n|t:|1782879360\n|move|p1a: Iron Valiant|Spirit Break|p2a: Politoed\n|-damage|p2a: Politoed|0 fnt\n|faint|p2a: Politoed\n|-damage|p1a: Iron Valiant|220/244|[from] item: Life Orb\n|\n|-weather|none\n|upkeep\n|\n|t:|1782879387\n|switch|p2a: Pachirisu|Pachirisu, L96, M|271/271\n|-damage|p2a: Pachirisu|238/271|[from] Stealth Rock\n|turn|13\n|\n|t:|1782879393\n|move|p2a: Pachirisu|Super Fang|p1a: Iron Valiant\n|-damage|p1a: Iron Valiant|110/244\n|move|p1a: Iron Valiant|Close Combat|p2a: Pachirisu\n|-damage|p2a: Pachirisu|39/271\n|-unboost|p1a: Iron Valiant|def|1\n|-unboost|p1a: Iron Valiant|spd|1\n|-damage|p1a: Iron Valiant|86/244|[from] item: Life Orb\n|\n|-fieldend|move: Psychic Terrain\n|upkeep\n|turn|14\n|\n|t:|1782879398\n|move|p2a: Pachirisu|Thunderbolt|p1a: Iron Valiant\n|-damage|p1a: Iron Valiant|0 fnt\n|faint|p1a: Iron Valiant\n|-end|p1a: Iron Valiant|Quark Drive|[silent]\n|\n|upkeep\n|\n|t:|1782879399\n|switch|p1a: Infernape|Infernape, L82, F|259/259\n|turn|15\n|\n|t:|1782879404\n|move|p2a: Pachirisu|Nuzzle|p1a: Infernape\n|-damage|p1a: Infernape|240/259\n|-status|p1a: Infernape|par\n|move|p1a: Infernape|Close Combat|p2a: Pachirisu\n|-damage|p2a: Pachirisu|0 fnt\n|-unboost|p1a: Infernape|def|1\n|-unboost|p1a: Infernape|spd|1\n|faint|p2a: Pachirisu\n|-damage|p1a: Infernape|215/259 par|[from] item: Life Orb\n|\n|upkeep\n|\n|t:|1782879410\n|switch|p2a: Lapras|Lapras, L87, F|367/367\n|-damage|p2a: Lapras|276/367|[from] Stealth Rock\n|turn|16\n|\n|t:|1782879416\n|move|p2a: Lapras|Waterfall|p1a: Infernape\n|-supereffective|p1a: Infernape\n|-damage|p1a: Infernape|0 fnt\n|faint|p1a: Infernape\n|\n|upkeep\n|\n|t:|1782879419\n|switch|p1a: Glastrier|Glastrier, L86|312/312\n|turn|17\n|\n|t:|1782879426\n|move|p2a: Lapras|Dragon Dance|p2a: Lapras\n|-boost|p2a: Lapras|atk|1\n|-boost|p2a: Lapras|spe|1\n|move|p1a: Glastrier|Swords Dance|p1a: Glastrier\n|-boost|p1a: Glastrier|atk|2\n|\n|upkeep\n|turn|18\n|\n|t:|1782879433\n|move|p2a: Lapras|Waterfall|p1a: Glastrier\n|-damage|p1a: Glastrier|228/312\n|move|p1a: Glastrier|High Horsepower|p2a: Lapras|[miss]\n|-miss|p1a: Glastrier|p2a: Lapras\n|\n|upkeep\n|turn|19\n|\n|t:|1782879438\n|move|p2a: Lapras|Dragon Dance|p2a: Lapras\n|-boost|p2a: Lapras|atk|1\n|-boost|p2a: Lapras|spe|1\n|move|p1a: Glastrier|High Horsepower|p2a: Lapras\n|-damage|p2a: Lapras|87/367\n|\n|upkeep\n|turn|20\n|\n|t:|1782879441\n|move|p2a: Lapras|Waterfall|p1a: Glastrier\n|-damage|p1a: Glastrier|119/312\n|move|p1a: Glastrier|Heavy Slam|p2a: Lapras\n|-damage|p2a: Lapras|0 fnt\n|faint|p2a: Lapras\n|-ability|p1a: Glastrier|Chilling Neigh|boost\n|-boost|p1a: Glastrier|atk|1\n|\n|upkeep\n|\n|t:|1782879446\n|switch|p2a: Flareon|Flareon, L90, F|263/263\n|-damage|p2a: Flareon|198/263|[from] Stealth Rock\n|turn|21\n|\n|t:|1782879450\n|-terastallize|p1a: Glastrier|Ground\n|move|p2a: Flareon|Flare Blitz|p1a: Glastrier\n|-damage|p1a: Glastrier|0 fnt\n|faint|p1a: Glastrier\n|-damage|p2a: Flareon|159/263|[from] Recoil\n|\n|-status|p2a: Flareon|tox|[from] item: Toxic Orb\n|upkeep\n|\n|t:|1782879452\n|switch|p1a: Heatran|Heatran, L79, M|168/273\n|turn|22\n|\n|t:|1782879455\n|move|p2a: Flareon|Facade|p1a: Heatran\n|-resisted|p1a: Heatran\n|-damage|p1a: Heatran|63/273\n|move|p1a: Heatran|Earth Power|p2a: Flareon\n|-supereffective|p2a: Flareon\n|-damage|p2a: Flareon|57/263 tox\n|\n|-damage|p2a: Flareon|41/263 tox|[from] psn\n|upkeep\n|turn|23\n|\n|t:|1782879459\n|move|p2a: Flareon|Facade|p1a: Heatran\n|-resisted|p1a: Heatran\n|-damage|p1a: Heatran|0 fnt\n|faint|p1a: Heatran\n|\n|win|noglocnocboc\n|raw|jnpr010334's rating: 1485 &rarr; <strong>1463</strong><br />(-22 for losing)\n|raw|noglocnocboc's rating: 1442 &rarr; <strong>1464</strong><br />(+22 for winning)\n", "inputlog": ">version f8ac14003a5f27e1bdc8d8c59608a773c1cb96e5\n>start {\"formatid\":\"gen9randombattle\",\"seed\":\"sodium,06590c126a875307c3be250c9f9fe612\",\"rated\":\"Rated battle\"}\n>player p1 {\"name\":\"jnpr010334\",\"avatar\":\"265\",\"rating\":1471,\"seed\":\"sodium,73b9fa46280fe00e42e23c0cd93fd0a6\"}\n>player p2 {\"name\":\"noglocnocboc\",\"avatar\":\"2\",\"rating\":1442,\"seed\":\"sodium,015802364988aa57791de8862085e2bd\"}\n>p1 switch 3\n>p2 move surf\n>p1 move knockoff\n>p2 move surf\n>p1 switch 5\n>p1 move calmmind\n>p2 move hypnosis\n>p1 move hypervoice\n>p2 move surf\n>p1 move hypervoice\n>p2 move rest\n>p1 move psyshock\n>p2 switch 6\n>p1 switch 3\n>p2 move knockoff\n>p1 move stealthrock\n>p2 switch 6\n>p1 switch 3\n>p2 move surf\n>p1 move hypervoice\n>p2 move surf\n>p1 move psyshock\n>p2 move surf\n>p1 switch 4\n>p1 move spiritbreak\n>p2 move rest\n>p2 switch 4\n>p1 move closecombat\n>p2 move superfang\n>p1 move closecombat\n>p2 move thunderbolt\n>p1 switch 2\n>p1 move closecombat\n>p2 move nuzzle\n>p2 switch 2\n>p1 move closecombat\n>p2 move waterfall\n>p1 switch 6\n>p1 move swordsdance\n>p2 move dragondance\n>p1 move highhorsepower\n>p2 move waterfall\n>p1 move highhorsepower\n>p2 move dragondance\n>p1 move heavyslam\n>p2 move waterfall\n>p2 switch 5\n>p1 move highhorsepower terastallize\n>p2 move flareblitz\n>p1 switch 3\n>p1 move earthpower\n>p2 move facade\n>p1 move earthpower\n>p2 move facade", "uploadtime": 1782879460, "views": 3, "formatid": "gen9randombattle", "rating": 1463, "private": 0, "password": null, "player_dets": [{"name": "jnpr010334", "avatar": "265", "rating": 1471, "seed": "sodium,73b9fa46280fe00e42e23c0cd93fd0a6"}, {"name": "noglocnocboc", "avatar": "2", "rating": 1442, "seed": "sodium,015802364988aa57791de8862085e2bd"}], "teams_full": [{"Heatran": {"name": "Heatran", "species": "Heatran", "speciesId": "heatran", "gender": "M", "shiny": false, "level": 79, "moves": ["earthpower", "stealthrock", "heavyslam", "lavaplume"], "ability": "Flash Fire", "evs": {"hp": 85, "atk": 85, "def": 85, "spa": 85, "spd": 85, "spe": 85}, "ivs": {"hp": 31, "atk": 31, "def": 31, "spa": 31, "spd": 31, "spe": 31}, "item": "Air Balloon", "teraType": "Flying", "role": "Bulky Support", "bvs": {"hp": 91, "atk": 90, "def": 106, "spa": 130, "spd": 106, "spe": 77}, "stats": {"hp": 273, "atk": 188, "def": 213, "spa": 251, "spd": 213, "spe": 167}, "types": ["Fire", "Steel"]}, "Infernape": {"name": "Infernape", "species": "Infernape", "speciesId": "infernape", "gender": "F", "shiny": false, "level": 82, "moves": ["closecombat", "grassknot", "stoneedge", "overheat"], "ability": "Blaze", "evs": {"hp": 85, "atk": 85, "def": 85, "spa": 85, "spd": 85, "spe": 85}, "ivs": {"hp": 31, "atk": 31, "def": 31, "spa": 31, "spd": 31, "spe": 31}, "item": "Life Orb", "teraType": "Fire", "role": "Fast Attacker", "bvs": {"hp": 76, "atk": 104, "def": 71, "spa": 104, "spd": 71, "spe": 108}, "stats": {"hp": 259, "atk": 218, "def": 164, "spa": 218, "spd": 164, "spe": 224}, "types": ["Fire", "Fighting"]}, "Morpeko": {"name": "Morpeko", "species": "Morpeko", "speciesId": "morpeko", "gender": "M", "shiny": false, "level": 88, "moves": ["rapidspin", "protect", "knockoff", "aurawheel"], "ability": "Hunger Switch", "evs": {"hp": 85, "atk": 85, "def": 85, "spa": 85, "spd": 85, "spe": 85}, "ivs": {"hp": 31, "atk": 31, "def": 31, "spa": 31, "spd": 31, "spe": 31}, "item": "Leftovers", "teraType": "Electric", "role": "Bulky Attacker", "bvs": {"hp": 58, "atk": 95, "def": 58, "spa": 70, "spd": 58, "spe": 97}, "stats": {"hp": 245, "atk": 217, "def": 152, "spa": 173, "spd": 152, "spe": 221}, "types": ["Electric", "Dark"]}, "Iron Valiant": {"name": "Iron Valiant", "species": "Iron Valiant", "speciesId": "ironvaliant", "gender": "N", "shiny": false, "level": 78, "moves": ["closecombat", "knockoff", "spiritbreak", "swordsdance"], "ability": "Quark Drive", "evs": {"hp": 85, "atk": 85, "def": 85, "spa": 85, "spd": 85, "spe": 85}, "ivs": {"hp": 31, "atk": 31, "def": 31, "spa": 31, "spd": 31, "spe": 31}, "item": "Life Orb", "teraType": "Dark", "role": "Setup Sweeper", "bvs": {"hp": 74, "atk": 130, "def": 90, "spa": 120, "spd": 60, "spe": 116}, "stats": {"hp": 244, "atk": 248, "def": 185, "spa": 232, "spd": 139, "spe": 226}, "types": ["Fairy", "Fighting"]}, "Indeedee": {"name": "Indeedee", "species": "Indeedee-F", "speciesId": "indeedeef", "gender": "F", "shiny": false, "level": 90, "moves": ["dazzlinggleam", "hypervoice", "psyshock", "calmmind"], "ability": "Psychic Surge", "evs": {"hp": 85, "atk": 0, "def": 85, "spa": 85, "spd": 85, "spe": 85}, "ivs": {"hp": 31, "atk": 0, "def": 31, "spa": 31, "spd": 31, "spe": 31}, "item": "Life Orb", "teraType": "Psychic", "role": "Fast Attacker", "bvs": {"hp": 70, "atk": 55, "def": 65, "spa": 95, "spd": 105, "spe": 85}, "stats": {"hp": 272, "atk": 104, "def": 168, "spa": 222, "spd": 240, "spe": 204}, "types": ["Psychic", "Normal"]}, "Glastrier": {"name": "Glastrier", "species": "Glastrier", "speciesId": "glastrier", "gender": "N", "shiny": false, "level": 86, "moves": ["swordsdance", "iciclecrash", "heavyslam", "highhorsepower"], "ability": "Chilling Neigh", "evs": {"hp": 85, "atk": 85, "def": 85, "spa": 85, "spd": 85, "spe": 85}, "ivs": {"hp": 31, "atk": 31, "def": 31, "spa": 31, "spd": 31, "spe": 31}, "item": "Heavy-Duty Boots", "teraType": "Ground", "role": "Bulky Attacker", "bvs": {"hp": 100, "atk": 145, "def": 130, "spa": 65, "spd": 110, "spe": 30}, "stats": {"hp": 312, "atk": 299, "def": 273, "spa": 161, "spd": 238, "spe": 101}, "types": ["Ice"]}}, {"Politoed": {"name": "Politoed", "species": "Politoed", "speciesId": "politoed", "gender": "M", "shiny": false, "level": 88, "moves": ["surf", "rest", "icebeam", "hypnosis"], "ability": "Drizzle", "evs": {"hp": 85, "atk": 0, "def": 85, "spa": 85, "spd": 85, "spe": 85}, "ivs": {"hp": 31, "atk": 0, "def": 31, "spa": 31, "spd": 31, "spe": 31}, "item": "Chesto Berry", "teraType": "Steel", "role": "Bulky Attacker", "bvs": {"hp": 90, "atk": 75, "def": 75, "spa": 90, "spd": 100, "spe": 70}, "stats": {"hp": 302, "atk": 137, "def": 182, "spa": 209, "spd": 226, "spe": 173}, "types": ["Water"]}, "Lapras": {"name": "Lapras", "species": "Lapras", "speciesId": "lapras", "gender": "F", "shiny": false, "level": 87, "moves": ["dragondance", "earthquake", "iciclespear", "waterfall"], "ability": "Water Absorb", "evs": {"hp": 81, "atk": 85, "def": 85, "spa": 85, "spd": 85, "spe": 85}, "ivs": {"hp": 31, "atk": 31, "def": 31, "spa": 31, "spd": 31, "spe": 31}, "item": "Loaded Dice", "teraType": "Ground", "role": "Setup Sweeper", "bvs": {"hp": 130, "atk": 85, "def": 80, "spa": 85, "spd": 95, "spe": 60}, "stats": {"hp": 367, "atk": 198, "def": 189, "spa": 198, "spd": 215, "spe": 154}, "types": ["Water", "Ice"]}, "Magearna": {"name": "Magearna", "species": "Magearna-Original", "speciesId": "magearna", "gender": "N", "shiny": false, "level": 77, "moves": ["flashcannon", "fleurcannon", "shiftgear", "calmmind"], "ability": "Soul-Heart", "evs": {"hp": 85, "atk": 0, "def": 85, "spa": 85, "spd": 85, "spe": 85}, "ivs": {"hp": 31, "atk": 0, "def": 31, "spa": 31, "spd": 31, "spe": 31}, "item": "Leftovers", "teraType": "Water", "role": "Bulky Setup", "bvs": {"hp": 80, "atk": 95, "def": 115, "spa": 130, "spd": 115, "spe": 65}, "stats": {"hp": 250, "atk": 151, "def": 222, "spa": 245, "spd": 222, "spe": 145}, "types": ["Steel", "Fairy"]}, "Pachirisu": {"name": "Pachirisu", "species": "Pachirisu", "speciesId": "pachirisu", "gender": "M", "shiny": false, "level": 96, "moves": ["thunderbolt", "uturn", "nuzzle", "superfang"], "ability": "Volt Absorb", "evs": {"hp": 85, "atk": 85, "def": 85, "spa": 85, "spd": 85, "spe": 85}, "ivs": {"hp": 31, "atk": 31, "def": 31, "spa": 31, "spd": 31, "spe": 31}, "item": "Assault Vest", "teraType": "Flying", "role": "AV Pivot", "bvs": {"hp": 60, "atk": 45, "def": 70, "spa": 45, "spd": 90, "spe": 95}, "stats": {"hp": 271, "atk": 141, "def": 189, "spa": 141, "spd": 227, "spe": 237}, "types": ["Electric"]}, "Flareon": {"name": "Flareon", "species": "Flareon", "speciesId": "flareon", "gender": "F", "shiny": false, "level": 90, "moves": ["flareblitz", "trailblaze", "facade", "quickattack"], "ability": "Guts", "evs": {"hp": 85, "atk": 85, "def": 85, "spa": 85, "spd": 85, "spe": 85}, "ivs": {"hp": 31, "atk": 31, "def": 31, "spa": 31, "spd": 31, "spe": 31}, "item": "Toxic Orb", "teraType": "Normal", "role": "Setup Sweeper", "bvs": {"hp": 65, "atk": 130, "def": 60, "spa": 95, "spd": 110, "spe": 65}, "stats": {"hp": 263, "atk": 285, "def": 159, "spa": 222, "spd": 249, "spe": 168}, "types": ["Fire"]}, "Weavile": {"name": "Weavile", "species": "Weavile", "speciesId": "weavile", "gender": "F", "shiny": false, "level": 79, "moves": ["swordsdance", "iceshard", "tripleaxel", "knockoff"], "ability": "Pickpocket", "evs": {"hp": 85, "atk": 85, "def": 85, "spa": 85, "spd": 85, "spe": 85}, "ivs": {"hp": 31, "atk": 31, "def": 31, "spa": 31, "spd": 31, "spe": 31}, "item": "Heavy-Duty Boots", "teraType": "Ice", "role": "Fast Attacker", "bvs": {"hp": 70, "atk": 120, "def": 65, "spa": 45, "spd": 85, "spe": 125}, "stats": {"hp": 240, "atk": 235, "def": 148, "spa": 117, "spd": 180, "spe": 243}, "types": ["Dark", "Ice"]}}]}