{"id": "gen9randombattle-2642005080", "format": "[Gen 9] Random Battle", "players": ["Labestia25", "lectruist6"], "log": "|j|\u2606Labestia25\n|j|\u203dlectruist6\n|t:|1782871924\n|gametype|singles\n|player|p1|Labestia25|102|1527\n|player|p2|lectruist6|gardenia|1505\n|gen|9\n|tier|[Gen 9] Random Battle\n|rated|\n|rule|Species Clause: Limit one of each Pok\u00e9mon\n|rule|HP Percentage Mod: HP is shown in percentages\n|rule|Sleep Clause Mod: Limit one foe put to sleep\n|rule|Illusion Level Mod: Illusion disguises the Pok\u00e9mon's true level\n|\n|t:|1782871924\n|teamsize|p1|6\n|teamsize|p2|6\n|start\n|switch|p1a: Granbull|Granbull, L88, F|302/302\n|switch|p2a: Azumarill|Azumarill, L82, M|298/298\n|-ability|p1a: Granbull|Intimidate|boost\n|-unboost|p2a: Azumarill|atk|1\n|turn|1\n|inactive|Battle timer is ON: inactive players will automatically lose when time's up. (requested by Labestia25)\n|\n|t:|1782871954\n|switch|p2a: Phione|Phione, L91|293/293\n|move|p1a: Granbull|Thunder Wave|p2a: Phione\n|-status|p2a: Phione|par\n|\n|upkeep\n|turn|2\n|\n|t:|1782871963\n|move|p2a: Phione|Take Heart|p2a: Phione\n|-boost|p2a: Phione|spa|1\n|-boost|p2a: Phione|spd|1\n|-curestatus|p2a: Phione|par|[msg]\n|move|p1a: Granbull|Roar|p2a: Phione\n|drag|p2a: Polteageist|Polteageist, L78|222/222\n|\n|upkeep\n|turn|3\n|\n|t:|1782871981\n|switch|p2a: Phione|Phione, L91|293/293\n|move|p1a: Granbull|Thunder Wave|p2a: Phione\n|-status|p2a: Phione|par\n|\n|upkeep\n|turn|4\n|\n|t:|1782871987\n|move|p2a: Phione|Take Heart|p2a: Phione\n|-boost|p2a: Phione|spa|1\n|-boost|p2a: Phione|spd|1\n|-curestatus|p2a: Phione|par|[msg]\n|move|p1a: Granbull|Roar|p2a: Phione\n|drag|p2a: Chi-Yu|Chi-Yu, L77|211/211\n|-ability|p2a: Chi-Yu|Beads of Ruin\n|\n|upkeep\n|turn|5\n|\n|t:|1782872000\n|move|p2a: Chi-Yu|Fire Blast|p1a: Granbull\n|-damage|p1a: Granbull|101/302\n|move|p1a: Granbull|Thunder Wave|p2a: Chi-Yu\n|-status|p2a: Chi-Yu|par\n|\n|-heal|p1a: Granbull|119/302|[from] item: Leftovers\n|upkeep\n|turn|6\n|\n|t:|1782872007\n|move|p1a: Granbull|Earthquake|p2a: Chi-Yu\n|-supereffective|p2a: Chi-Yu\n|-crit|p2a: Chi-Yu\n|-damage|p2a: Chi-Yu|0 fnt\n|faint|p2a: Chi-Yu\n|\n|-heal|p1a: Granbull|137/302|[from] item: Leftovers\n|upkeep\n|inactive|lectruist6 has 120 seconds left.\n|\n|t:|1782872049\n|switch|p2a: Phione|Phione, L91|293/293\n|turn|7\n|\n|t:|1782872066\n|switch|p1a: Groudon|Groudon, L72|263/263\n|-weather|SunnyDay|[from] ability: Drought|[of] p1a: Groudon\n|move|p2a: Phione|Scald|p1a: Groudon\n|-supereffective|p1a: Groudon\n|-damage|p1a: Groudon|161/263\n|\n|-weather|SunnyDay|[upkeep]\n|-heal|p1a: Groudon|177/263|[from] item: Leftovers\n|upkeep\n|turn|8\n|inactive|lectruist6 has 120 seconds left.\n|\n|t:|1782872081\n|move|p2a: Phione|Scald|p1a: Groudon\n|-supereffective|p1a: Groudon\n|-damage|p1a: Groudon|75/263\n|move|p1a: Groudon|Precipice Blades|p2a: Phione|[miss]\n|-miss|p1a: Groudon|p2a: Phione\n|\n|-weather|SunnyDay|[upkeep]\n|-heal|p1a: Groudon|91/263|[from] item: Leftovers\n|upkeep\n|turn|9\n|\n|t:|1782872089\n|move|p2a: Phione|Scald|p1a: Groudon\n|-supereffective|p1a: Groudon\n|-damage|p1a: Groudon|1/263\n|move|p1a: Groudon|Precipice Blades|p2a: Phione\n|-crit|p2a: Phione\n|-damage|p2a: Phione|91/293\n|\n|-weather|SunnyDay|[upkeep]\n|-heal|p2a: Phione|109/293|[from] item: Leftovers\n|-heal|p1a: Groudon|17/263|[from] item: Leftovers\n|upkeep\n|turn|10\n|\n|t:|1782872098\n|move|p2a: Phione|Scald|p1a: Groudon\n|-supereffective|p1a: Groudon\n|-damage|p1a: Groudon|0 fnt\n|faint|p1a: Groudon\n|\n|-weather|SunnyDay|[upkeep]\n|-heal|p2a: Phione|127/293|[from] item: Leftovers\n|upkeep\n|\n|t:|1782872106\n|switch|p1a: Grafaiai|Grafaiai, L86, F|249/249\n|turn|11\n|\n|t:|1782872123\n|move|p1a: Grafaiai|Knock Off|p2a: Phione\n|-damage|p2a: Phione|54/293\n|-enditem|p2a: Phione|Leftovers|[from] move: Knock Off|[of] p1a: Grafaiai\n|move|p2a: Phione|Rest|p2a: Phione\n|-status|p2a: Phione|slp|[from] move: Rest\n|-heal|p2a: Phione|293/293 slp|[silent]\n|\n|-weather|none\n|upkeep\n|turn|12\n|\n|t:|1782872134\n|move|p1a: Grafaiai|Encore|p2a: Phione\n|-start|p2a: Phione|Encore\n|cant|p2a: Phione|slp\n|\n|upkeep\n|turn|13\n|\n|t:|1782872143\n|move|p1a: Grafaiai|Gunk Shot|p2a: Phione\n|-damage|p2a: Phione|166/293 slp\n|cant|p2a: Phione|slp\n|\n|upkeep\n|turn|14\n|\n|t:|1782872149\n|move|p1a: Grafaiai|Gunk Shot|p2a: Phione\n|-damage|p2a: Phione|40/293 slp\n|-curestatus|p2a: Phione|slp|[msg]\n|move|p2a: Phione|Rest|p2a: Phione\n|-status|p2a: Phione|slp|[from] move: Rest\n|-heal|p2a: Phione|293/293 slp|[silent]\n|\n|-end|p2a: Phione|Encore\n|upkeep\n|turn|15\n|\n|t:|1782872169\n|switch|p2a: Noctowl|Noctowl, L95, M|344/344\n|move|p1a: Grafaiai|Encore||[still]\n|-fail|p1a: Grafaiai\n|\n|upkeep\n|turn|16\n|\n|t:|1782872176\n|move|p1a: Grafaiai|Parting Shot|p2a: Noctowl\n|-unboost|p2a: Noctowl|atk|1\n|-unboost|p2a: Noctowl|spa|1\n|\n|t:|1782872180\n|switch|p1a: Rhydon|Rhydon, L85, F|317/317|[from] Parting Shot\n|move|p2a: Noctowl|Hyper Voice|p1a: Rhydon\n|-resisted|p1a: Rhydon\n|-damage|p1a: Rhydon|239/317\n|\n|upkeep\n|turn|17\n|\n|t:|1782872194\n|switch|p2a: Phione|Phione, L91|293/293 slp\n|move|p1a: Rhydon|Stone Edge|p2a: Phione\n|-damage|p2a: Phione|166/293 slp\n|\n|upkeep\n|turn|18\n|\n|t:|1782872200\n|cant|p2a: Phione|slp\n|move|p2a: Phione|Sleep Talk|p2a: Phione\n|move|p2a: Phione|Rest||[from] move: Sleep Talk|[still]\n|-fail|p2a: Phione\n|move|p1a: Rhydon|Earthquake|p2a: Phione\n|-damage|p2a: Phione|19/293 slp\n|\n|upkeep\n|turn|19\n|\n|t:|1782872209\n|cant|p2a: Phione|slp\n|move|p2a: Phione|Sleep Talk|p2a: Phione\n|move|p2a: Phione|Rest||[from] move: Sleep Talk|[still]\n|-fail|p2a: Phione\n|move|p1a: Rhydon|Earthquake|p2a: Phione\n|-damage|p2a: Phione|0 fnt\n|faint|p2a: Phione\n|\n|upkeep\n|\n|t:|1782872217\n|switch|p2a: Azumarill|Azumarill, L82, M|298/298\n|turn|20\n|\n|t:|1782872220\n|move|p2a: Azumarill|Liquidation|p1a: Rhydon\n|-supereffective|p1a: Rhydon\n|-damage|p1a: Rhydon|0 fnt\n|faint|p1a: Rhydon\n|\n|upkeep\n|\n|t:|1782872224\n|switch|p1a: Granbull|Granbull, L88, F|137/302\n|-ability|p1a: Granbull|Intimidate|boost\n|-unboost|p2a: Azumarill|atk|1\n|turn|21\n|\n|t:|1782872227\n|switch|p1a: Vaporeon|Vaporeon, L86, F|364/364\n|move|p2a: Azumarill|Liquidation|p1a: Vaporeon\n|-immune|p1a: Vaporeon|[from] ability: Water Absorb\n|\n|upkeep\n|turn|22\n|\n|t:|1782872236\n|switch|p2a: Noctowl|Noctowl, L95, M|344/344\n|move|p1a: Vaporeon|Scald|p2a: Noctowl\n|-damage|p2a: Noctowl|259/344\n|-status|p2a: Noctowl|brn\n|\n|-damage|p2a: Noctowl|238/344 brn|[from] brn\n|upkeep\n|turn|23\n|\n|t:|1782872248\n|move|p2a: Noctowl|Hyper Voice|p1a: Vaporeon\n|-damage|p1a: Vaporeon|270/364\n|move|p1a: Vaporeon|Ice Beam|p2a: Noctowl\n|-supereffective|p2a: Noctowl\n|-damage|p2a: Noctowl|114/344 brn\n|\n|-heal|p1a: Vaporeon|292/364|[from] item: Leftovers\n|-damage|p2a: Noctowl|93/344 brn|[from] brn\n|upkeep\n|turn|24\n|\n|t:|1782872256\n|move|p2a: Noctowl|Roost|p2a: Noctowl\n|-heal|p2a: Noctowl|265/344 brn\n|-singleturn|p2a: Noctowl|move: Roost\n|move|p1a: Vaporeon|Wish|p1a: Vaporeon\n|\n|-heal|p1a: Vaporeon|314/364|[from] item: Leftovers\n|-damage|p2a: Noctowl|244/344 brn|[from] brn\n|upkeep\n|turn|25\n|\n|t:|1782872264\n|move|p2a: Noctowl|Hyper Voice|p1a: Vaporeon\n|-damage|p1a: Vaporeon|217/364\n|move|p1a: Vaporeon|Ice Beam|p2a: Noctowl\n|-supereffective|p2a: Noctowl\n|-damage|p2a: Noctowl|112/344 brn\n|\n|-heal|p1a: Vaporeon|364/364|[from] move: Wish|[wisher] Vaporeon\n|-damage|p2a: Noctowl|91/344 brn|[from] brn\n|upkeep\n|turn|26\n|\n|t:|1782872273\n|move|p2a: Noctowl|Roost|p2a: Noctowl\n|-heal|p2a: Noctowl|263/344 brn\n|-singleturn|p2a: Noctowl|move: Roost\n|move|p1a: Vaporeon|Scald|p2a: Noctowl\n|-damage|p2a: Noctowl|179/344 brn\n|\n|-damage|p2a: Noctowl|158/344 brn|[from] brn\n|upkeep\n|turn|27\n|\n|t:|1782872281\n|move|p2a: Noctowl|Roost|p2a: Noctowl\n|-heal|p2a: Noctowl|330/344 brn\n|-singleturn|p2a: Noctowl|move: Roost\n|move|p1a: Vaporeon|Ice Beam|p2a: Noctowl\n|-damage|p2a: Noctowl|265/344 brn\n|\n|-damage|p2a: Noctowl|244/344 brn|[from] brn\n|upkeep\n|turn|28\n|\n|t:|1782872291\n|switch|p2a: Azumarill|Azumarill, L82, M|298/298\n|move|p1a: Vaporeon|Ice Beam|p2a: Azumarill\n|-resisted|p2a: Azumarill\n|-damage|p2a: Azumarill|256/298\n|\n|upkeep\n|turn|29\n|\n|t:|1782872298\n|move|p1a: Vaporeon|Scald|p2a: Azumarill\n|-resisted|p2a: Azumarill\n|-damage|p2a: Azumarill|198/298\n|move|p2a: Azumarill|Play Rough|p1a: Vaporeon\n|-damage|p1a: Vaporeon|145/364\n|\n|-heal|p1a: Vaporeon|167/364|[from] item: Leftovers\n|upkeep\n|turn|30\n|\n|t:|1782872306\n|move|p1a: Vaporeon|Protect|p1a: Vaporeon\n|-singleturn|p1a: Vaporeon|Protect\n|move|p2a: Azumarill|Play Rough|p1a: Vaporeon\n|-activate|p1a: Vaporeon|move: Protect\n|\n|-heal|p1a: Vaporeon|189/364|[from] item: Leftovers\n|upkeep\n|turn|31\n|\n|t:|1782872313\n|move|p1a: Vaporeon|Scald|p2a: Azumarill\n|-resisted|p2a: Azumarill\n|-damage|p2a: Azumarill|140/298\n|-status|p2a: Azumarill|brn\n|move|p2a: Azumarill|Play Rough|p1a: Vaporeon\n|-damage|p1a: Vaporeon|77/364\n|\n|-heal|p1a: Vaporeon|99/364|[from] item: Leftovers\n|-damage|p2a: Azumarill|122/298 brn|[from] brn\n|upkeep\n|turn|32\n|\n|t:|1782872328\n|switch|p2a: Polteageist|Polteageist, L78|222/222\n|move|p1a: Vaporeon|Protect||[still]\n|-fail|p1a: Vaporeon\n|\n|-heal|p1a: Vaporeon|121/364|[from] item: Leftovers\n|upkeep\n|turn|33\n|\n|t:|1782872335\n|move|p1a: Vaporeon|Scald|p2a: Polteageist\n|-crit|p2a: Polteageist\n|-damage|p2a: Polteageist|81/222\n|move|p2a: Polteageist|Shell Smash|p2a: Polteageist\n|-unboost|p2a: Polteageist|def|1\n|-unboost|p2a: Polteageist|spd|1\n|-boost|p2a: Polteageist|atk|2\n|-boost|p2a: Polteageist|spa|2\n|-boost|p2a: Polteageist|spe|2\n|-enditem|p2a: Polteageist|White Herb\n|-clearnegativeboost|p2a: Polteageist|[silent]\n|\n|-heal|p1a: Vaporeon|143/364|[from] item: Leftovers\n|upkeep\n|turn|34\n|\n|t:|1782872348\n|move|p1a: Vaporeon|Protect|p1a: Vaporeon\n|-singleturn|p1a: Vaporeon|Protect\n|move|p2a: Polteageist|Shadow Ball|p1a: Vaporeon\n|-activate|p1a: Vaporeon|move: Protect\n|\n|-heal|p1a: Vaporeon|165/364|[from] item: Leftovers\n|upkeep\n|turn|35\n|\n|t:|1782872354\n|move|p2a: Polteageist|Shadow Ball|p1a: Vaporeon\n|-damage|p1a: Vaporeon|0 fnt\n|faint|p1a: Vaporeon\n|\n|upkeep\n|\n|t:|1782872359\n|switch|p1a: Granbull|Granbull, L88, F|137/302\n|-ability|p1a: Granbull|Intimidate|boost\n|-unboost|p2a: Polteageist|atk|1\n|turn|36\n|\n|t:|1782872366\n|move|p2a: Polteageist|Shadow Ball|p1a: Granbull\n|-damage|p1a: Granbull|0 fnt\n|faint|p1a: Granbull\n|\n|upkeep\n|\n|t:|1782872369\n|switch|p1a: Grafaiai|Grafaiai, L86, F|249/249\n|turn|37\n|\n|t:|1782872382\n|move|p1a: Grafaiai|Encore|p2a: Polteageist\n|-start|p2a: Polteageist|Encore\n|move|p2a: Polteageist|Shadow Ball|p1a: Grafaiai\n|-immune|p1a: Grafaiai\n|\n|upkeep\n|turn|38\n|\n|t:|1782872392\n|switch|p2a: Azumarill|Azumarill, L82, M|122/298 brn\n|move|p1a: Grafaiai|Knock Off|p2a: Azumarill\n|-resisted|p2a: Azumarill\n|-damage|p2a: Azumarill|86/298 brn\n|-enditem|p2a: Azumarill|Choice Band|[from] move: Knock Off|[of] p1a: Grafaiai\n|\n|-damage|p2a: Azumarill|68/298 brn|[from] brn\n|upkeep\n|turn|39\n|\n|t:|1782872406\n|move|p2a: Azumarill|Aqua Jet|p1a: Grafaiai\n|-damage|p1a: Grafaiai|219/249\n|move|p1a: Grafaiai|Gunk Shot|p2a: Azumarill\n|-supereffective|p2a: Azumarill\n|-damage|p2a: Azumarill|0 fnt\n|faint|p2a: Azumarill\n|\n|upkeep\n|\n|t:|1782872424\n|switch|p2a: Hitmonlee|Hitmonlee, L85, M|224/224\n|turn|40\n|\n|t:|1782872436\n|-terastallize|p2a: Hitmonlee|Poison\n|move|p1a: Grafaiai|Knock Off|p2a: Hitmonlee\n|-damage|p2a: Hitmonlee|122/224\n|-enditem|p2a: Hitmonlee|White Herb|[from] move: Knock Off|[of] p1a: Grafaiai\n|move|p2a: Hitmonlee|Close Combat|p1a: Grafaiai\n|-damage|p1a: Grafaiai|18/249\n|-unboost|p2a: Hitmonlee|def|1\n|-unboost|p2a: Hitmonlee|spd|1\n|\n|upkeep\n|turn|41\n|\n|t:|1782872445\n|move|p2a: Hitmonlee|Close Combat|p1a: Grafaiai\n|-damage|p1a: Grafaiai|0 fnt\n|-unboost|p2a: Hitmonlee|def|1\n|-unboost|p2a: Hitmonlee|spd|1\n|faint|p1a: Grafaiai\n|\n|upkeep\n|\n|t:|1782872451\n|switch|p1a: Drifblim|Drifblim, L86, F|396/396\n|turn|42\n|\n|t:|1782872454\n|move|p2a: Hitmonlee|Knock Off|p1a: Drifblim\n|-supereffective|p1a: Drifblim\n|-damage|p1a: Drifblim|136/396\n|-enditem|p1a: Drifblim|Sitrus Berry|[from] move: Knock Off|[of] p2a: Hitmonlee\n|move|p1a: Drifblim|Calm Mind|p1a: Drifblim\n|-boost|p1a: Drifblim|spa|1\n|-boost|p1a: Drifblim|spd|1\n|\n|upkeep\n|turn|43\n|\n|t:|1782872465\n|-terastallize|p1a: Drifblim|Steel\n|move|p2a: Hitmonlee|Knock Off|p1a: Drifblim\n|-damage|p1a: Drifblim|54/396\n|move|p1a: Drifblim|Strength Sap|p2a: Hitmonlee\n|-unboost|p2a: Hitmonlee|atk|1\n|-heal|p1a: Drifblim|307/396\n|\n|upkeep\n|turn|44\n|\n|t:|1782872487\n|move|p2a: Hitmonlee|Close Combat|p1a: Drifblim\n|-supereffective|p1a: Drifblim\n|-damage|p1a: Drifblim|0 fnt\n|-unboost|p2a: Hitmonlee|def|1\n|-unboost|p2a: Hitmonlee|spd|1\n|faint|p1a: Drifblim\n|\n|win|lectruist6\n|raw|Labestia25's rating: 1527 &rarr; <strong>1506</strong><br />(-21 for losing)\n|raw|lectruist6's rating: 1505 &rarr; <strong>1526</strong><br />(+21 for winning)\n|l|\u2606Labestia25\n|player|p1|\n", "inputlog": ">version f8ac14003a5f27e1bdc8d8c59608a773c1cb96e5\n>start {\"formatid\":\"gen9randombattle\",\"seed\":\"sodium,4385aef966df06b29ee9fc6bdb7529d3\",\"rated\":\"Rated battle\"}\n>player p1 {\"name\":\"Labestia25\",\"avatar\":\"102\",\"rating\":1527,\"seed\":\"sodium,ebdf44963ddb834c6b601bb4cfe238e0\"}\n>player p2 {\"name\":\"lectruist6\",\"avatar\":\"gardenia\",\"rating\":1505,\"seed\":\"sodium,811cf8f9da738ed78cbbda476480752e\"}\n>p1 move thunderwave\n>p2 switch 6\n>p1 move roar\n>p2 move takeheart\n>p1 move thunderwave\n>p2 switch 2\n>p1 move roar\n>p2 move takeheart\n>p1 move thunderwave\n>p2 move fireblast\n>p1 move earthquake\n>p2 move fireblast\n>p2 switch 3\n>p1 switch 6\n>p2 move scald\n>p1 move precipiceblades\n>p2 move scald\n>p1 move precipiceblades\n>p2 move scald\n>p1 move precipiceblades\n>p2 move scald\n>p1 switch 4\n>p1 move knockoff\n>p2 move rest\n>p1 move encore\n>p2 move sleeptalk\n>p1 move gunkshot\n>p2 move rest\n>p1 move gunkshot\n>p2 move rest\n>p1 move encore\n>p2 switch 4\n>p1 move partingshot\n>p2 move hypervoice\n>p1 switch 2\n>p1 move stoneedge\n>p2 switch 4\n>p1 move earthquake\n>p2 move sleeptalk\n>p1 move earthquake\n>p2 move sleeptalk\n>p2 switch 6\n>p1 move earthquake\n>p2 move liquidation\n>p1 switch 6\n>p1 switch 3\n>p2 move liquidation\n>p1 move scald\n>p2 switch 4\n>p1 move icebeam\n>p2 move hypervoice\n>p1 move wish\n>p2 move roost\n>p1 move icebeam\n>p2 move hypervoice\n>p1 move scald\n>p2 move roost\n>p1 move icebeam\n>p2 move roost\n>p1 move icebeam\n>p2 switch 4\n>p1 move scald\n>p2 move playrough\n>p1 move protect\n>p2 move playrough\n>p1 move scald\n>p2 move playrough\n>p1 move protect\n>p2 switch 2\n>p1 move scald\n>p2 move shellsmash\n>p1 move protect\n>p2 move shadowball\n>p1 move wish\n>p2 move shadowball\n>p1 switch 3\n>p1 move thunderwave\n>p2 move shadowball\n>p1 switch 2\n>p1 move encore\n>p2 move strengthsap\n>p1 move knockoff\n>p2 switch 2\n>p1 move gunkshot\n>p2 move aquajet\n>p2 switch 5\n>p1 move knockoff\n>p2 move closecombat terastallize\n>p1 move gunkshot\n>p2 move closecombat\n>p1 switch 5\n>p1 move calmmind\n>p2 move knockoff\n>p1 move strengthsap terastallize\n>p2 move knockoff\n>p1 move shadowball\n>p2 move closecombat", "uploadtime": 1782872493, "views": 6, "formatid": "gen9randombattle", "rating": 1506, "private": 0, "password": null, "player_dets": [{"name": "Labestia25", "avatar": "102", "rating": 1527, "seed": "sodium,ebdf44963ddb834c6b601bb4cfe238e0"}, {"name": "lectruist6", "avatar": "gardenia", "rating": 1505, "seed": "sodium,811cf8f9da738ed78cbbda476480752e"}], "teams_full": [{"Granbull": {"name": "Granbull", "species": "Granbull", "speciesId": "granbull", "gender": "F", "shiny": false, "level": 88, "moves": ["thunderwave", "playrough", "roar", "earthquake"], "ability": "Intimidate", "evs": {"hp": 85, "atk": 85, "def": 85, "spa": 85, "spd": 85, "spe": 85}, "ivs": {"hp": 31, "atk": 31, "def": 31, "spa": 31, "spd": 31, "spe": 31}, "item": "Leftovers", "teraType": "Ground", "role": "Bulky Support", "bvs": {"hp": 90, "atk": 120, "def": 75, "spa": 60, "spd": 60, "spe": 45}, "stats": {"hp": 302, "atk": 261, "def": 182, "spa": 156, "spd": 156, "spe": 129}, "types": ["Fairy"]}, "Rhydon": {"name": "Rhydon", "species": "Rhydon", "speciesId": "rhydon", "gender": "F", "shiny": false, "level": 85, "moves": ["megahorn", "earthquake", "stoneedge", "swordsdance"], "ability": "Lightning Rod", "evs": {"hp": 85, "atk": 85, "def": 85, "spa": 85, "spd": 85, "spe": 85}, "ivs": {"hp": 31, "atk": 31, "def": 31, "spa": 31, "spd": 31, "spe": 31}, "item": "Eviolite", "teraType": "Water", "role": "Bulky Attacker", "bvs": {"hp": 105, "atk": 130, "def": 120, "spa": 45, "spd": 45, "spe": 40}, "stats": {"hp": 317, "atk": 270, "def": 253, "spa": 125, "spd": 125, "spe": 117}, "types": ["Ground", "Rock"]}, "Vaporeon": {"name": "Vaporeon", "species": "Vaporeon", "speciesId": "vaporeon", "gender": "F", "shiny": false, "level": 86, "moves": ["protect", "wish", "icebeam", "scald"], "ability": "Water Absorb", "evs": {"hp": 85, "atk": 0, "def": 85, "spa": 85, "spd": 85, "spe": 85}, "ivs": {"hp": 31, "atk": 0, "def": 31, "spa": 31, "spd": 31, "spe": 31}, "item": "Leftovers", "teraType": "Ground", "role": "Bulky Support", "bvs": {"hp": 130, "atk": 65, "def": 60, "spa": 110, "spd": 95, "spe": 65}, "stats": {"hp": 364, "atk": 116, "def": 152, "spa": 238, "spd": 213, "spe": 161}, "types": ["Water"]}, "Grafaiai": {"name": "Grafaiai", "species": "Grafaiai", "speciesId": "grafaiai", "gender": "F", "shiny": false, "level": 86, "moves": ["encore", "partingshot", "knockoff", "gunkshot"], "ability": "Prankster", "evs": {"hp": 85, "atk": 85, "def": 85, "spa": 85, "spd": 85, "spe": 85}, "ivs": {"hp": 31, "atk": 31, "def": 31, "spa": 31, "spd": 31, "spe": 31}, "item": "Heavy-Duty Boots", "teraType": "Dark", "role": "Fast Support", "bvs": {"hp": 63, "atk": 95, "def": 65, "spa": 80, "spd": 72, "spe": 110}, "stats": {"hp": 249, "atk": 213, "def": 161, "spa": 187, "spd": 173, "spe": 238}, "types": ["Poison", "Normal"]}, "Drifblim": {"name": "Drifblim", "species": "Drifblim", "speciesId": "drifblim", "gender": "F", "shiny": false, "level": 86, "moves": ["airslash", "shadowball", "calmmind", "strengthsap"], "ability": "Unburden", "evs": {"hp": 73, "atk": 0, "def": 85, "spa": 85, "spd": 85, "spe": 85}, "ivs": {"hp": 31, "atk": 0, "def": 31, "spa": 31, "spd": 31, "spe": 31}, "item": "Sitrus Berry", "teraType": "Steel", "role": "Bulky Attacker", "bvs": {"hp": 150, "atk": 80, "def": 44, "spa": 90, "spd": 54, "spe": 80}, "stats": {"hp": 396, "atk": 142, "def": 125, "spa": 204, "spd": 142, "spe": 187}, "types": ["Ghost", "Flying"]}, "Groudon": {"name": "Groudon", "species": "Groudon", "speciesId": "groudon", "gender": "N", "shiny": false, "level": 72, "moves": ["swordsdance", "precipiceblades", "heatcrash", "stoneedge"], "ability": "Drought", "evs": {"hp": 85, "atk": 85, "def": 85, "spa": 85, "spd": 85, "spe": 85}, "ivs": {"hp": 31, "atk": 31, "def": 31, "spa": 31, "spd": 31, "spe": 31}, "item": "Leftovers", "teraType": "Fire", "role": "Bulky Setup", "bvs": {"hp": 100, "atk": 150, "def": 140, "spa": 100, "spd": 90, "spe": 90}, "stats": {"hp": 263, "atk": 258, "def": 244, "spa": 186, "spd": 172, "spe": 172}, "types": ["Ground"]}}, {"Azumarill": {"name": "Azumarill", "species": "Azumarill", "speciesId": "azumarill", "gender": "M", "shiny": false, "level": 82, "moves": ["icespinner", "playrough", "aquajet", "liquidation"], "ability": "Huge Power", "evs": {"hp": 85, "atk": 85, "def": 85, "spa": 85, "spd": 85, "spe": 85}, "ivs": {"hp": 31, "atk": 31, "def": 31, "spa": 31, "spd": 31, "spe": 31}, "item": "Choice Band", "teraType": "Water", "role": "Bulky Attacker", "bvs": {"hp": 100, "atk": 50, "def": 80, "spa": 60, "spd": 80, "spe": 50}, "stats": {"hp": 298, "atk": 129, "def": 178, "spa": 146, "spd": 178, "spe": 129}, "types": ["Water", "Fairy"]}, "Polteageist": {"name": "Polteageist", "species": "Polteageist", "speciesId": "polteageist", "gender": "N", "shiny": false, "level": 78, "moves": ["strengthsap", "terablast", "shadowball", "shellsmash"], "ability": "Cursed Body", "evs": {"hp": 85, "atk": 0, "def": 85, "spa": 85, "spd": 85, "spe": 85}, "ivs": {"hp": 31, "atk": 0, "def": 31, "spa": 31, "spd": 31, "spe": 31}, "item": "White Herb", "teraType": "Fighting", "role": "Tera Blast user", "bvs": {"hp": 60, "atk": 65, "def": 65, "spa": 134, "spd": 114, "spe": 70}, "stats": {"hp": 222, "atk": 106, "def": 146, "spa": 254, "spd": 223, "spe": 154}, "types": ["Ghost"]}, "Chi-Yu": {"name": "Chi-Yu", "species": "Chi-Yu", "speciesId": "chiyu", "gender": "N", "shiny": false, "level": 77, "moves": ["nastyplot", "psychic", "darkpulse", "fireblast"], "ability": "Beads of Ruin", "evs": {"hp": 85, "atk": 0, "def": 85, "spa": 85, "spd": 85, "spe": 85}, "ivs": {"hp": 31, "atk": 0, "def": 31, "spa": 31, "spd": 31, "spe": 31}, "item": "Heavy-Duty Boots", "teraType": "Fire", "role": "Setup Sweeper", "bvs": {"hp": 55, "atk": 80, "def": 80, "spa": 135, "spd": 120, "spe": 100}, "stats": {"hp": 211, "atk": 128, "def": 168, "spa": 252, "spd": 229, "spe": 199}, "types": ["Dark", "Fire"]}, "Noctowl": {"name": "Noctowl", "species": "Noctowl", "speciesId": "noctowl", "gender": "M", "shiny": false, "level": 95, "moves": ["hurricane", "defog", "hypervoice", "roost"], "ability": "Tinted Lens", "evs": {"hp": 85, "atk": 0, "def": 85, "spa": 85, "spd": 85, "spe": 85}, "ivs": {"hp": 31, "atk": 0, "def": 31, "spa": 31, "spd": 31, "spe": 31}, "item": "Heavy-Duty Boots", "teraType": "Steel", "role": "Bulky Attacker", "bvs": {"hp": 100, "atk": 50, "def": 50, "spa": 86, "spd": 96, "spe": 70}, "stats": {"hp": 344, "atk": 100, "def": 149, "spa": 217, "spd": 236, "spe": 187}, "types": ["Normal", "Flying"]}, "Hitmonlee": {"name": "Hitmonlee", "species": "Hitmonlee", "speciesId": "hitmonlee", "gender": "M", "shiny": false, "level": 85, "moves": ["knockoff", "swordsdance", "poisonjab", "closecombat"], "ability": "Unburden", "evs": {"hp": 85, "atk": 85, "def": 85, "spa": 85, "spd": 85, "spe": 85}, "ivs": {"hp": 31, "atk": 31, "def": 31, "spa": 31, "spd": 31, "spe": 31}, "item": "White Herb", "teraType": "Poison", "role": "Setup Sweeper", "bvs": {"hp": 50, "atk": 120, "def": 53, "spa": 35, "spd": 110, "spe": 87}, "stats": {"hp": 224, "atk": 253, "def": 139, "spa": 108, "spd": 236, "spe": 197}, "types": ["Fighting"]}, "Phione": {"name": "Phione", "species": "Phione", "speciesId": "phione", "gender": "N", "shiny": false, "level": 91, "moves": ["sleeptalk", "takeheart", "rest", "scald"], "ability": "Hydration", "evs": {"hp": 85, "atk": 0, "def": 85, "spa": 85, "spd": 85, "spe": 85}, "ivs": {"hp": 31, "atk": 0, "def": 31, "spa": 31, "spd": 31, "spe": 31}, "item": "Leftovers", "teraType": "Steel", "role": "Bulky Setup", "bvs": {"hp": 80, "atk": 80, "def": 80, "spa": 80, "spd": 80, "spe": 80}, "stats": {"hp": 293, "atk": 150, "def": 197, "spa": 197, "spd": 197, "spe": 197}, "types": ["Water"]}}]}