{"id": "gen9randombattle-2642225710", "format": "[Gen 9] Random Battle", "players": ["DBKaiyote", "jnpr010334"], "log": "|j|\u2606DBKaiyote\n|j|\u2606jnpr010334\n|t:|1782913532\n|gametype|singles\n|player|p1|DBKaiyote|swimmer-gen4|1871\n|player|p2|jnpr010334|265|1965\n|gen|9\n|tier|[Gen 9] Random Battle\n|rated|\n|rule|Species Clause: Limit one of each Pok\u00e9mon\n|rule|HP Percentage Mod: HP is shown in percentages\n|rule|Sleep Clause Mod: Limit one foe put to sleep\n|rule|Illusion Level Mod: Illusion disguises the Pok\u00e9mon's true level\n|\n|t:|1782913532\n|teamsize|p1|6\n|teamsize|p2|6\n|start\n|switch|p1a: Misdreavus|Misdreavus, L90, F|254/254\n|switch|p2a: Dugtrio|Dugtrio, L84, F|196/196\n|turn|1\n|inactive|Battle timer is ON: inactive players will automatically lose when time's up. (requested by DBKaiyote)\n|inactive|jnpr010334 also wants the timer to be on.\n|\n|t:|1782913539\n|move|p2a: Dugtrio|Swords Dance|p2a: Dugtrio\n|-boost|p2a: Dugtrio|atk|2\n|move|p1a: Misdreavus|Will-O-Wisp|p2a: Dugtrio|[miss]\n|-miss|p1a: Misdreavus|p2a: Dugtrio\n|\n|upkeep\n|turn|2\n|\n|t:|1782913554\n|switch|p1a: Eelektross|Eelektross, L87, F|290/290\n|move|p2a: Dugtrio|Swords Dance|p2a: Dugtrio\n|-boost|p2a: Dugtrio|atk|2\n|\n|upkeep\n|turn|3\n|\n|t:|1782913559\n|-terastallize|p2a: Dugtrio|Dark\n|move|p2a: Dugtrio|Earthquake|p1a: Eelektross\n|-immune|p1a: Eelektross|[from] ability: Levitate\n|move|p1a: Eelektross|Drain Punch|p2a: Dugtrio\n|-supereffective|p2a: Dugtrio\n|-enditem|p2a: Dugtrio|Focus Sash\n|-damage|p2a: Dugtrio|1/196\n|\n|upkeep\n|turn|4\n|\n|t:|1782913566\n|move|p2a: Dugtrio|Stone Edge|p1a: Eelektross|[miss]\n|-miss|p2a: Dugtrio|p1a: Eelektross\n|move|p1a: Eelektross|Drain Punch|p2a: Dugtrio\n|-supereffective|p2a: Dugtrio\n|-damage|p2a: Dugtrio|0 fnt\n|faint|p2a: Dugtrio\n|\n|upkeep\n|\n|t:|1782913572\n|switch|p2a: Miraidon|Miraidon, L65|238/238\n|-fieldstart|move: Electric Terrain|[from] ability: Hadron Engine|[of] p2a: Miraidon\n|turn|5\n|\n|t:|1782913576\n|move|p2a: Miraidon|Draco Meteor|p1a: Eelektross|[miss]\n|-miss|p2a: Miraidon|p1a: Eelektross\n|move|p1a: Eelektross|Knock Off|p2a: Miraidon\n|-damage|p2a: Miraidon|143/238\n|-enditem|p2a: Miraidon|Choice Specs|[from] move: Knock Off|[of] p1a: Eelektross\n|\n|upkeep\n|turn|6\n|\n|t:|1782913581\n|move|p2a: Miraidon|Draco Meteor|p1a: Eelektross\n|-damage|p1a: Eelektross|130/290\n|-unboost|p2a: Miraidon|spa|2\n|move|p1a: Eelektross|Coil|p1a: Eelektross\n|-boost|p1a: Eelektross|atk|1\n|-boost|p1a: Eelektross|def|1\n|-boost|p1a: Eelektross|accuracy|1\n|\n|-heal|p1a: Eelektross|148/290|[from] item: Leftovers\n|upkeep\n|turn|7\n|\n|t:|1782913585\n|switch|p2a: Lanturn|Lanturn, L89, F|367/367\n|move|p1a: Eelektross|Drain Punch|p2a: Lanturn\n|-damage|p2a: Lanturn|236/367\n|-heal|p1a: Eelektross|214/290|[from] drain|[of] p2a: Lanturn\n|\n|-heal|p1a: Eelektross|232/290|[from] item: Leftovers\n|upkeep\n|turn|8\n|\n|t:|1782913590\n|move|p2a: Lanturn|Scald|p1a: Eelektross\n|-damage|p1a: Eelektross|150/290\n|move|p1a: Eelektross|Knock Off|p2a: Lanturn\n|-damage|p2a: Lanturn|77/367\n|-enditem|p2a: Lanturn|Heavy-Duty Boots|[from] move: Knock Off|[of] p1a: Eelektross\n|\n|-heal|p1a: Eelektross|168/290|[from] item: Leftovers\n|upkeep\n|turn|9\n|\n|t:|1782913594\n|move|p2a: Lanturn|Scald|p1a: Eelektross\n|-damage|p1a: Eelektross|87/290\n|-status|p1a: Eelektross|brn\n|move|p1a: Eelektross|Drain Punch|p2a: Lanturn\n|-crit|p2a: Lanturn\n|-damage|p2a: Lanturn|0 fnt\n|-heal|p1a: Eelektross|126/290 brn|[from] drain|[of] p2a: Lanturn\n|faint|p2a: Lanturn\n|\n|-heal|p1a: Eelektross|144/290 brn|[from] item: Leftovers\n|-damage|p1a: Eelektross|126/290 brn|[from] brn\n|-fieldend|move: Electric Terrain\n|upkeep\n|\n|t:|1782913596\n|switch|p2a: Miraidon|Miraidon, L65|143/238\n|-fieldstart|move: Electric Terrain|[from] ability: Hadron Engine|[of] p2a: Miraidon\n|turn|10\n|\n|t:|1782913600\n|move|p2a: Miraidon|Draco Meteor|p1a: Eelektross\n|-damage|p1a: Eelektross|0 fnt\n|-unboost|p2a: Miraidon|spa|2\n|faint|p1a: Eelektross\n|\n|upkeep\n|\n|t:|1782913606\n|switch|p1a: Magearna|Magearna, L77|250/250\n|turn|11\n|\n|t:|1782913610\n|switch|p2a: Bronzong|Bronzong, L88|261/261\n|move|p1a: Magearna|Fleur Cannon|p2a: Bronzong\n|-resisted|p2a: Bronzong\n|-damage|p2a: Bronzong|204/261\n|-unboost|p1a: Magearna|spa|2\n|\n|-heal|p2a: Bronzong|220/261|[from] item: Leftovers\n|upkeep\n|turn|12\n|\n|t:|1782913613\n|move|p1a: Magearna|Volt Switch|p2a: Bronzong\n|-damage|p2a: Bronzong|192/261\n|\n|t:|1782913615\n|switch|p1a: Misdreavus|Misdreavus, L90, F|254/254|[from] Volt Switch\n|move|p2a: Bronzong|Iron Head|p1a: Misdreavus\n|-damage|p1a: Misdreavus|185/254\n|\n|-heal|p2a: Bronzong|208/261|[from] item: Leftovers\n|upkeep\n|turn|13\n|\n|t:|1782913620\n|switch|p2a: Miraidon|Miraidon, L65|143/238\n|-activate|p2a: Miraidon|ability: Hadron Engine\n|move|p1a: Misdreavus|Calm Mind|p1a: Misdreavus\n|-boost|p1a: Misdreavus|spa|1\n|-boost|p1a: Misdreavus|spd|1\n|\n|upkeep\n|turn|14\n|\n|t:|1782913623\n|move|p2a: Miraidon|Volt Switch|p1a: Misdreavus\n|-damage|p1a: Misdreavus|142/254\n|\n|t:|1782913625\n|switch|p2a: Barraskewda|Barraskewda, L81, F|231/231|[from] Volt Switch\n|move|p1a: Misdreavus|Draining Kiss|p2a: Barraskewda\n|-damage|p2a: Barraskewda|140/231\n|-heal|p1a: Misdreavus|210/254|[from] drain|[of] p2a: Barraskewda\n|\n|-fieldend|move: Electric Terrain\n|upkeep\n|turn|15\n|\n|t:|1782913630\n|move|p2a: Barraskewda|Flip Turn|p1a: Misdreavus\n|-damage|p1a: Misdreavus|113/254\n|\n|t:|1782913632\n|switch|p2a: Venomoth|Venomoth, L84, M|255/255|[from] Flip Turn\n|move|p1a: Misdreavus|Will-O-Wisp|p2a: Venomoth|[miss]\n|-miss|p1a: Misdreavus|p2a: Venomoth\n|\n|upkeep\n|turn|16\n|\n|t:|1782913641\n|move|p1a: Misdreavus|Shadow Ball|p2a: Venomoth\n|-damage|p2a: Venomoth|93/255\n|-unboost|p2a: Venomoth|spd|1\n|move|p2a: Venomoth|Sleep Powder|p1a: Misdreavus\n|-status|p1a: Misdreavus|slp|[from] move: Sleep Powder\n|\n|upkeep\n|turn|17\n|\n|t:|1782913648\n|switch|p1a: Magearna|Magearna, L77|250/250\n|move|p2a: Venomoth|Quiver Dance|p2a: Venomoth\n|-boost|p2a: Venomoth|spa|1\n|-boost|p2a: Venomoth|spd|1\n|-boost|p2a: Venomoth|spe|1\n|\n|upkeep\n|turn|18\n|\n|t:|1782913652\n|move|p2a: Venomoth|Sleep Powder|p1a: Magearna\n|-message|Sleep Clause Mod activated.\n|-hint|Sleep Clause Mod prevents players from putting more than one of their opponent's Pok\u00e9mon to sleep at a time\n|move|p1a: Magearna|Flash Cannon|p2a: Venomoth\n|-damage|p2a: Venomoth|0 fnt\n|faint|p2a: Venomoth\n|-ability|p1a: Magearna|Soul-Heart|boost\n|-boost|p1a: Magearna|spa|1\n|\n|upkeep\n|\n|t:|1782913654\n|switch|p2a: Bronzong|Bronzong, L88|208/261\n|turn|19\n|\n|t:|1782913657\n|move|p1a: Magearna|Volt Switch|p2a: Bronzong\n|-damage|p2a: Bronzong|151/261\n|\n|t:|1782913664\n|switch|p1a: Raichu|Raichu, L88, F|249/249|[from] Volt Switch\n|move|p2a: Bronzong|Earthquake|p1a: Raichu\n|-supereffective|p1a: Raichu\n|-damage|p1a: Raichu|69/249\n|\n|-heal|p1a: Raichu|84/249|[from] item: Leftovers\n|-heal|p2a: Bronzong|167/261|[from] item: Leftovers\n|upkeep\n|turn|20\n|\n|t:|1782913668\n|move|p1a: Raichu|Thunderbolt|p2a: Bronzong\n|-damage|p2a: Bronzong|94/261\n|move|p2a: Bronzong|Earthquake|p1a: Raichu\n|-supereffective|p1a: Raichu\n|-damage|p1a: Raichu|0 fnt\n|faint|p1a: Raichu\n|\n|-heal|p2a: Bronzong|110/261|[from] item: Leftovers\n|upkeep\n|\n|t:|1782913674\n|switch|p1a: Brute Bonnet|Brute Bonnet, L80|309/309\n|turn|21\n|\n|t:|1782913678\n|move|p1a: Brute Bonnet|Spore|p2a: Bronzong\n|-status|p2a: Bronzong|slp|[from] move: Spore\n|cant|p2a: Bronzong|slp\n|\n|-heal|p2a: Bronzong|126/261 slp|[from] item: Leftovers\n|upkeep\n|turn|22\n|\n|t:|1782913681\n|switch|p2a: Barraskewda|Barraskewda, L81, F|140/231\n|move|p1a: Brute Bonnet|Crunch|p2a: Barraskewda\n|-damage|p2a: Barraskewda|5/231\n|\n|upkeep\n|turn|23\n|\n|t:|1782913685\n|-end|p1a: Brute Bonnet|Protosynthesis|[silent]\n|switch|p1a: Misdreavus|Misdreavus, L90, F|113/254 slp\n|move|p2a: Barraskewda|Close Combat|p1a: Misdreavus\n|-immune|p1a: Misdreavus\n|\n|upkeep\n|turn|24\n|\n|t:|1782913690\n|switch|p2a: Miraidon|Miraidon, L65|143/238\n|-fieldstart|move: Electric Terrain|[from] ability: Hadron Engine|[of] p2a: Miraidon\n|cant|p1a: Misdreavus|slp\n|\n|upkeep\n|turn|25\n|\n|t:|1782913693\n|move|p2a: Miraidon|Electro Drift|p1a: Misdreavus\n|-damage|p1a: Misdreavus|23/254 slp\n|cant|p1a: Misdreavus|slp\n|\n|upkeep\n|turn|26\n|\n|t:|1782913697\n|move|p2a: Miraidon|Electro Drift|p1a: Misdreavus\n|-damage|p1a: Misdreavus|0 fnt\n|faint|p1a: Misdreavus\n|\n|upkeep\n|\n|t:|1782913701\n|switch|p1a: Weavile|Weavile, L79, M|239/239\n|turn|27\n|\n|t:|1782913704\n|switch|p2a: Bronzong|Bronzong, L88|126/261 slp\n|move|p1a: Weavile|Triple Axel|p2a: Bronzong\n|-resisted|p2a: Bronzong\n|-damage|p2a: Bronzong|113/261 slp\n|-resisted|p2a: Bronzong\n|-damage|p2a: Bronzong|89/261 slp\n|-resisted|p2a: Bronzong\n|-crit|p2a: Bronzong\n|-damage|p2a: Bronzong|26/261 slp\n|-hitcount|p2a: Bronzong|3\n|\n|-heal|p2a: Bronzong|42/261 slp|[from] item: Leftovers\n|upkeep\n|turn|28\n|\n|t:|1782913708\n|move|p1a: Weavile|Triple Axel|p2a: Bronzong\n|-resisted|p2a: Bronzong\n|-damage|p2a: Bronzong|30/261 slp\n|-resisted|p2a: Bronzong\n|-damage|p2a: Bronzong|3/261 slp\n|-resisted|p2a: Bronzong\n|-damage|p2a: Bronzong|0 fnt\n|faint|p2a: Bronzong\n|-hitcount|p2: Bronzong|3\n|\n|-fieldend|move: Electric Terrain\n|upkeep\n|\n|t:|1782913710\n|switch|p2a: Barraskewda|Barraskewda, L81, F|5/231\n|turn|29\n|\n|t:|1782913717\n|switch|p1a: Magearna|Magearna, L77|250/250\n|move|p2a: Barraskewda|Close Combat|p1a: Magearna\n|-damage|p1a: Magearna|119/250\n|-unboost|p2a: Barraskewda|def|1\n|-unboost|p2a: Barraskewda|spd|1\n|\n|-heal|p1a: Magearna|134/250|[from] item: Leftovers\n|upkeep\n|turn|30\n|\n|t:|1782913720\n|move|p2a: Barraskewda|Close Combat|p1a: Magearna\n|-damage|p1a: Magearna|4/250\n|-unboost|p2a: Barraskewda|def|1\n|-unboost|p2a: Barraskewda|spd|1\n|move|p1a: Magearna|Volt Switch|p2a: Barraskewda\n|-supereffective|p2a: Barraskewda\n|-damage|p2a: Barraskewda|0 fnt\n|faint|p2a: Barraskewda\n|-ability|p1a: Magearna|Soul-Heart|boost\n|-boost|p1a: Magearna|spa|1\n|\n|t:|1782913724\n|switch|p1a: Brute Bonnet|Brute Bonnet, L80|309/309|[from] Volt Switch\n|\n|upkeep\n|\n|t:|1782913726\n|switch|p2a: Miraidon|Miraidon, L65|143/238\n|-fieldstart|move: Electric Terrain|[from] ability: Hadron Engine|[of] p2a: Miraidon\n|turn|31\n|\n|t:|1782913729\n|move|p2a: Miraidon|Electro Drift|p1a: Brute Bonnet\n|-resisted|p1a: Brute Bonnet\n|-damage|p1a: Brute Bonnet|239/309\n|move|p1a: Brute Bonnet|Spore|p2a: Miraidon\n|-activate|p2a: Miraidon|move: Electric Terrain\n|\n|-heal|p1a: Brute Bonnet|258/309|[from] item: Leftovers\n|upkeep\n|turn|32\n|\n|t:|1782913731\n|move|p2a: Miraidon|Overheat|p1a: Brute Bonnet\n|-supereffective|p1a: Brute Bonnet\n|-damage|p1a: Brute Bonnet|82/309\n|-unboost|p2a: Miraidon|spa|2\n|move|p1a: Brute Bonnet|Spore|p2a: Miraidon\n|-activate|p2a: Miraidon|move: Electric Terrain\n|\n|-heal|p1a: Brute Bonnet|101/309|[from] item: Leftovers\n|upkeep\n|turn|33\n|\n|t:|1782913736\n|move|p2a: Miraidon|Electro Drift|p1a: Brute Bonnet\n|-resisted|p1a: Brute Bonnet\n|-damage|p1a: Brute Bonnet|64/309\n|move|p1a: Brute Bonnet|Crunch|p2a: Miraidon\n|-damage|p2a: Miraidon|29/238\n|-unboost|p2a: Miraidon|def|1\n|\n|-heal|p1a: Brute Bonnet|83/309|[from] item: Leftovers\n|upkeep\n|turn|34\n|\n|t:|1782913739\n|move|p1a: Brute Bonnet|Sucker Punch|p2a: Miraidon\n|-damage|p2a: Miraidon|0 fnt\n|faint|p2a: Miraidon\n|\n|win|DBKaiyote\n|raw|DBKaiyote's rating: 1871 &rarr; <strong>1894</strong><br />(+23 for winning)\n|raw|jnpr010334's rating: 1922 &rarr; <strong>1899</strong><br />(-23 for losing)\n", "inputlog": ">version f8ac14003a5f27e1bdc8d8c59608a773c1cb96e5\n>start {\"formatid\":\"gen9randombattle\",\"seed\":\"sodium,0313113da6fb8b8ba76704bc208731e0\",\"rated\":\"Rated battle\"}\n>player p1 {\"name\":\"DBKaiyote\",\"avatar\":\"swimmer-gen4\",\"rating\":1871,\"seed\":\"sodium,f0caddbeadbceae9023c924f94358190\"}\n>player p2 {\"name\":\"jnpr010334\",\"avatar\":\"265\",\"rating\":1965,\"seed\":\"sodium,abbcdc54d1f80e44b4874868e7b4ead1\"}\n>p1 move willowisp\n>p2 move swordsdance\n>p1 switch 2\n>p2 move swordsdance\n>p1 move drainpunch\n>p2 move earthquake terastallize\n>p1 move drainpunch\n>p2 move stoneedge\n>p2 switch 6\n>p1 move knockoff\n>p2 move dracometeor\n>p1 move coil\n>p2 move dracometeor\n>p1 move drainpunch\n>p2 switch 2\n>p1 move knockoff\n>p2 move scald\n>p1 move drainpunch\n>p2 move scald\n>p2 switch 2\n>p1 move drainpunch\n>p2 move dracometeor\n>p1 switch 3\n>p1 move fleurcannon\n>p2 switch 4\n>p1 move voltswitch\n>p2 move ironhead\n>p1 switch 2\n>p1 move calmmind\n>p2 switch 4\n>p1 move drainingkiss\n>p2 move voltswitch\n>p2 switch 3\n>p1 move willowisp\n>p2 move flipturn\n>p2 switch 5\n>p1 move shadowball\n>p2 move sleeppowder\n>p1 switch 2\n>p2 move quiverdance\n>p1 move flashcannon\n>p2 move sleeppowder\n>p2 switch 4\n>p1 move voltswitch\n>p2 move earthquake\n>p1 switch 5\n>p1 move thunderbolt\n>p2 move earthquake\n>p1 switch 4\n>p1 move spore\n>p2 move hypnosis\n>p1 move crunch\n>p2 switch 5\n>p1 switch 2\n>p2 move closecombat\n>p1 move drainingkiss\n>p2 switch 3\n>p1 move drainingkiss\n>p2 move electrodrift\n>p1 move drainingkiss\n>p2 move electrodrift\n>p1 switch 6\n>p1 move tripleaxel\n>p2 switch 5\n>p1 move tripleaxel\n>p2 move ironhead\n>p2 switch 3\n>p1 switch 5\n>p2 move closecombat\n>p1 move voltswitch\n>p2 move closecombat\n>p1 switch 2\n>p2 switch 5\n>p1 move spore\n>p2 move electrodrift\n>p1 move spore\n>p2 move overheat\n>p1 move crunch\n>p2 move electrodrift\n>p1 move suckerpunch\n>p2 move dracometeor", "uploadtime": 1782913739, "views": 5, "formatid": "gen9randombattle", "rating": 1894, "private": 0, "password": null, "player_dets": [{"name": "DBKaiyote", "avatar": "swimmer-gen4", "rating": 1871, "seed": "sodium,f0caddbeadbceae9023c924f94358190"}, {"name": "jnpr010334", "avatar": "265", "rating": 1965, "seed": "sodium,abbcdc54d1f80e44b4874868e7b4ead1"}], "teams_full": [{"Misdreavus": {"name": "Misdreavus", "species": "Misdreavus", "speciesId": "misdreavus", "gender": "F", "shiny": false, "level": 90, "moves": ["willowisp", "calmmind", "drainingkiss", "shadowball"], "ability": "Levitate", "evs": {"hp": 85, "atk": 0, "def": 85, "spa": 85, "spd": 85, "spe": 85}, "ivs": {"hp": 31, "atk": 0, "def": 31, "spa": 31, "spd": 31, "spe": 31}, "item": "Eviolite", "teraType": "Fairy", "role": "Bulky Setup", "bvs": {"hp": 60, "atk": 60, "def": 60, "spa": 85, "spd": 85, "spe": 85}, "stats": {"hp": 254, "atk": 113, "def": 159, "spa": 204, "spd": 204, "spe": 204}, "types": ["Ghost"]}, "Eelektross": {"name": "Eelektross", "species": "Eelektross", "speciesId": "eelektross", "gender": "F", "shiny": false, "level": 87, "moves": ["coil", "knockoff", "drainpunch", "supercellslam"], "ability": "Levitate", "evs": {"hp": 85, "atk": 85, "def": 85, "spa": 85, "spd": 85, "spe": 85}, "ivs": {"hp": 31, "atk": 31, "def": 31, "spa": 31, "spd": 31, "spe": 31}, "item": "Leftovers", "teraType": "Fighting", "role": "Bulky Setup", "bvs": {"hp": 85, "atk": 115, "def": 80, "spa": 105, "spd": 80, "spe": 50}, "stats": {"hp": 290, "atk": 250, "def": 189, "spa": 232, "spd": 189, "spe": 137}, "types": ["Electric"]}, "Magearna": {"name": "Magearna", "species": "Magearna", "speciesId": "magearna", "gender": "N", "shiny": false, "level": 77, "moves": ["thunderwave", "flashcannon", "fleurcannon", "voltswitch"], "ability": "Soul-Heart", "evs": {"hp": 85, "atk": 0, "def": 85, "spa": 85, "spd": 85, "spe": 85}, "ivs": {"hp": 31, "atk": 0, "def": 31, "spa": 31, "spd": 31, "spe": 31}, "item": "Leftovers", "teraType": "Water", "role": "Bulky Attacker", "bvs": {"hp": 80, "atk": 95, "def": 115, "spa": 130, "spd": 115, "spe": 65}, "stats": {"hp": 250, "atk": 151, "def": 222, "spa": 245, "spd": 222, "spe": 145}, "types": ["Steel", "Fairy"]}, "Brute Bonnet": {"name": "Brute Bonnet", "species": "Brute Bonnet", "speciesId": "brutebonnet", "gender": "N", "shiny": false, "level": 80, "moves": ["suckerpunch", "closecombat", "spore", "crunch"], "ability": "Protosynthesis", "evs": {"hp": 85, "atk": 85, "def": 85, "spa": 85, "spd": 85, "spe": 85}, "ivs": {"hp": 31, "atk": 31, "def": 31, "spa": 31, "spd": 31, "spe": 31}, "item": "Leftovers", "teraType": "Poison", "role": "Bulky Attacker", "bvs": {"hp": 111, "atk": 127, "def": 99, "spa": 79, "spd": 99, "spe": 55}, "stats": {"hp": 309, "atk": 249, "def": 205, "spa": 173, "spd": 205, "spe": 134}, "types": ["Grass", "Dark"]}, "Raichu": {"name": "Raichu", "species": "Raichu", "speciesId": "raichu", "gender": "F", "shiny": false, "level": 88, "moves": ["encore", "surf", "nastyplot", "thunderbolt"], "ability": "Lightning Rod", "evs": {"hp": 85, "atk": 0, "def": 85, "spa": 85, "spd": 85, "spe": 85}, "ivs": {"hp": 31, "atk": 0, "def": 31, "spa": 31, "spd": 31, "spe": 31}, "item": "Leftovers", "teraType": "Water", "role": "Fast Support", "bvs": {"hp": 60, "atk": 90, "def": 55, "spa": 90, "spd": 80, "spe": 110}, "stats": {"hp": 249, "atk": 163, "def": 147, "spa": 209, "spd": 191, "spe": 244}, "types": ["Electric"]}, "Weavile": {"name": "Weavile", "species": "Weavile", "speciesId": "weavile", "gender": "M", "shiny": false, "level": 79, "moves": ["tripleaxel", "lowkick", "iceshard", "knockoff"], "ability": "Pickpocket", "evs": {"hp": 81, "atk": 85, "def": 85, "spa": 85, "spd": 85, "spe": 85}, "ivs": {"hp": 31, "atk": 31, "def": 31, "spa": 31, "spd": 31, "spe": 31}, "item": "Choice Band", "teraType": "Ice", "role": "Fast Attacker", "bvs": {"hp": 70, "atk": 120, "def": 65, "spa": 45, "spd": 85, "spe": 125}, "stats": {"hp": 239, "atk": 235, "def": 148, "spa": 117, "spd": 180, "spe": 243}, "types": ["Dark", "Ice"]}}, {"Dugtrio": {"name": "Dugtrio", "species": "Dugtrio", "speciesId": "dugtrio", "gender": "F", "shiny": false, "level": 84, "moves": ["suckerpunch", "stoneedge", "earthquake", "swordsdance"], "ability": "Arena Trap", "evs": {"hp": 85, "atk": 85, "def": 85, "spa": 85, "spd": 85, "spe": 85}, "ivs": {"hp": 31, "atk": 31, "def": 31, "spa": 31, "spd": 31, "spe": 31}, "item": "Focus Sash", "teraType": "Dark", "role": "Fast Support", "bvs": {"hp": 35, "atk": 100, "def": 50, "spa": 50, "spd": 70, "spe": 120}, "stats": {"hp": 196, "atk": 216, "def": 132, "spa": 132, "spd": 166, "spe": 250}, "types": ["Ground"]}, "Lanturn": {"name": "Lanturn", "species": "Lanturn", "speciesId": "lanturn", "gender": "F", "shiny": false, "level": 89, "moves": ["thunderbolt", "voltswitch", "scald", "thunderwave"], "ability": "Volt Absorb", "evs": {"hp": 85, "atk": 0, "def": 85, "spa": 85, "spd": 85, "spe": 85}, "ivs": {"hp": 31, "atk": 0, "def": 31, "spa": 31, "spd": 31, "spe": 31}, "item": "Heavy-Duty Boots", "teraType": "Flying", "role": "Fast Support", "bvs": {"hp": 125, "atk": 58, "def": 58, "spa": 76, "spd": 76, "spe": 67}, "stats": {"hp": 367, "atk": 108, "def": 154, "spa": 186, "spd": 186, "spe": 170}, "types": ["Water", "Electric"]}, "Barraskewda": {"name": "Barraskewda", "species": "Barraskewda", "speciesId": "barraskewda", "gender": "F", "shiny": false, "level": 81, "moves": ["closecombat", "waterfall", "flipturn", "poisonjab"], "ability": "Swift Swim", "evs": {"hp": 85, "atk": 85, "def": 85, "spa": 85, "spd": 85, "spe": 85}, "ivs": {"hp": 31, "atk": 31, "def": 31, "spa": 31, "spd": 31, "spe": 31}, "item": "Choice Band", "teraType": "Fighting", "role": "Wallbreaker", "bvs": {"hp": 61, "atk": 123, "def": 60, "spa": 60, "spd": 50, "spe": 136}, "stats": {"hp": 231, "atk": 246, "def": 144, "spa": 144, "spd": 128, "spe": 267}, "types": ["Water"]}, "Bronzong": {"name": "Bronzong", "species": "Bronzong", "speciesId": "bronzong", "gender": "N", "shiny": false, "level": 88, "moves": ["earthquake", "psychicnoise", "ironhead", "hypnosis"], "ability": "Levitate", "evs": {"hp": 85, "atk": 85, "def": 85, "spa": 85, "spd": 85, "spe": 85}, "ivs": {"hp": 31, "atk": 31, "def": 31, "spa": 31, "spd": 31, "spe": 31}, "item": "Leftovers", "teraType": "Electric", "role": "Bulky Support", "bvs": {"hp": 67, "atk": 89, "def": 116, "spa": 79, "spd": 116, "spe": 33}, "stats": {"hp": 261, "atk": 207, "def": 254, "spa": 189, "spd": 254, "spe": 108}, "types": ["Steel", "Psychic"]}, "Venomoth": {"name": "Venomoth", "species": "Venomoth", "speciesId": "venomoth", "gender": "M", "shiny": false, "level": 84, "moves": ["quiverdance", "sleeppowder", "sludgewave", "bugbuzz"], "ability": "Tinted Lens", "evs": {"hp": 85, "atk": 0, "def": 85, "spa": 85, "spd": 85, "spe": 85}, "ivs": {"hp": 31, "atk": 0, "def": 31, "spa": 31, "spd": 31, "spe": 31}, "item": "Heavy-Duty Boots", "teraType": "Bug", "role": "Setup Sweeper", "bvs": {"hp": 70, "atk": 65, "def": 60, "spa": 90, "spd": 75, "spe": 90}, "stats": {"hp": 255, "atk": 114, "def": 149, "spa": 199, "spd": 174, "spe": 199}, "types": ["Bug", "Poison"]}, "Miraidon": {"name": "Miraidon", "species": "Miraidon", "speciesId": "miraidon", "gender": "N", "shiny": false, "level": 65, "moves": ["overheat", "voltswitch", "dracometeor", "electrodrift"], "ability": "Hadron Engine", "evs": {"hp": 85, "atk": 0, "def": 85, "spa": 85, "spd": 85, "spe": 85}, "ivs": {"hp": 31, "atk": 0, "def": 31, "spa": 31, "spd": 31, "spe": 31}, "item": "Choice Specs", "teraType": "Electric", "role": "Fast Attacker", "bvs": {"hp": 100, "atk": 85, "def": 100, "spa": 135, "spd": 115, "spe": 135}, "stats": {"hp": 238, "atk": 115, "def": 168, "spa": 214, "spd": 188, "spe": 214}, "types": ["Electric", "Dragon"]}}]}