{"id": "gen9randombattle-2642066203", "format": "[Gen 9] Random Battle", "players": ["mozhen", "ybuh89"], "log": "|j|\u2606mozhen\n|j|\u2606ybuh89\n|t:|1782882627\n|gametype|singles\n|player|p1|mozhen|giovanni|1000\n|player|p2|ybuh89|102|1000\n|gen|9\n|tier|[Gen 9] Random Battle\n|rated|\n|rule|Species Clause: Limit one of each Pok\u00e9mon\n|rule|HP Percentage Mod: HP is shown in percentages\n|rule|Sleep Clause Mod: Limit one foe put to sleep\n|rule|Illusion Level Mod: Illusion disguises the Pok\u00e9mon's true level\n|\n|t:|1782882627\n|teamsize|p1|6\n|teamsize|p2|6\n|start\n|switch|p1a: Hitmonlee|Hitmonlee, L85, M|224/224\n|switch|p2a: Mienshao|Mienshao, L83, M|244/244\n|turn|1\n|inactive|Battle timer is ON: inactive players will automatically lose when time's up. (requested by mozhen)\n|\n|t:|1782882653\n|switch|p1a: Spiritomb|Spiritomb, L89, M|234/234\n|move|p2a: Mienshao|Fake Out|p1a: Spiritomb\n|-immune|p1a: Spiritomb\n|\n|upkeep\n|turn|2\n|\n|t:|1782882661\n|move|p2a: Mienshao|U-turn|p1a: Spiritomb\n|-damage|p1a: Spiritomb|185/234\n|\n|t:|1782882669\n|switch|p2a: Iron Valiant|Iron Valiant, L78|244/244|[from] U-turn\n|move|p1a: Spiritomb|Will-O-Wisp|p2a: Iron Valiant\n|-status|p2a: Iron Valiant|brn\n|\n|-heal|p1a: Spiritomb|199/234|[from] item: Leftovers\n|-damage|p2a: Iron Valiant|229/244 brn|[from] brn\n|upkeep\n|turn|3\n|\n|t:|1782882689\n|switch|p1a: Bronzong|Bronzong, L88|261/261\n|move|p2a: Iron Valiant|Moonblast|p1a: Bronzong\n|-resisted|p1a: Bronzong\n|-damage|p1a: Bronzong|208/261\n|-damage|p2a: Iron Valiant|205/244 brn|[from] item: Life Orb\n|\n|-heal|p1a: Bronzong|224/261|[from] item: Leftovers\n|-damage|p2a: Iron Valiant|190/244 brn|[from] brn\n|upkeep\n|turn|4\n|inactive|ybuh89 has 120 seconds left.\n|\n|t:|1782882720\n|-end|p2a: Iron Valiant|Quark Drive|[silent]\n|switch|p2a: Volcanion|Volcanion, L79|256/256\n|move|p1a: Bronzong|Earthquake|p2a: Volcanion\n|-supereffective|p2a: Volcanion\n|-damage|p2a: Volcanion|126/256\n|\n|-heal|p1a: Bronzong|240/261|[from] item: Leftovers\n|upkeep\n|turn|5\n|inactive|ybuh89 has 120 seconds left.\n|inactive|mozhen has 120 seconds left.\n|\n|t:|1782882743\n|-terastallize|p1a: Bronzong|Electric\n|move|p2a: Volcanion|Flamethrower|p1a: Bronzong\n|-damage|p1a: Bronzong|158/261\n|move|p1a: Bronzong|Earthquake|p2a: Volcanion\n|-supereffective|p2a: Volcanion\n|-damage|p2a: Volcanion|2/256\n|\n|-heal|p1a: Bronzong|174/261|[from] item: Leftovers\n|upkeep\n|turn|6\n|inactive|mozhen has 120 seconds left.\n|inactive|ybuh89 has 120 seconds left.\n|\n|t:|1782882757\n|move|p2a: Volcanion|Steam Eruption|p1a: Bronzong\n|-damage|p1a: Bronzong|81/261\n|move|p1a: Bronzong|Hypnosis|p2a: Volcanion\n|-status|p2a: Volcanion|slp|[from] move: Hypnosis\n|\n|-heal|p1a: Bronzong|97/261|[from] item: Leftovers\n|upkeep\n|turn|7\n|inactive|mozhen has 120 seconds left.\n|inactive|ybuh89 has 120 seconds left.\n|\n|t:|1782882774\n|switch|p2a: Mienshao|Mienshao, L83, M|244/244\n|switch|p1a: Hitmonlee|Hitmonlee, L85, M|224/224\n|\n|upkeep\n|turn|8\n|inactive|ybuh89 has 120 seconds left.\n|\n|t:|1782882782\n|switch|p1a: Spiritomb|Spiritomb, L89, M|199/234\n|move|p2a: Mienshao|Fake Out|p1a: Spiritomb\n|-immune|p1a: Spiritomb\n|\n|-heal|p1a: Spiritomb|213/234|[from] item: Leftovers\n|upkeep\n|turn|9\n|inactive|ybuh89 has 120 seconds left.\n|inactive|mozhen has 120 seconds left.\n|inactive|ybuh89 has 90 seconds left.\n|inactive|ybuh89 has 60 seconds left.\n|\n|t:|1782882870\n|move|p2a: Mienshao|U-turn|p1a: Spiritomb\n|-damage|p1a: Spiritomb|163/234\n|\n|t:|1782882875\n|switch|p2a: Reshiram|Reshiram, L76|277/277|[from] U-turn\n|-ability|p2a: Reshiram|Turboblaze\n|move|p1a: Spiritomb|Poltergeist|p2a: Reshiram\n|-activate|p2a: Reshiram|move: Poltergeist|Heavy-Duty Boots\n|-damage|p2a: Reshiram|159/277\n|\n|-heal|p1a: Spiritomb|177/234|[from] item: Leftovers\n|upkeep\n|turn|10\n|inactive|mozhen has 120 seconds left.\n|\n|t:|1782882896\n|move|p2a: Reshiram|Dragon Dance|p2a: Reshiram\n|-boost|p2a: Reshiram|atk|1\n|-boost|p2a: Reshiram|spe|1\n|move|p1a: Spiritomb|Will-O-Wisp|p2a: Reshiram\n|-immune|p2a: Reshiram\n|\n|-heal|p1a: Spiritomb|191/234|[from] item: Leftovers\n|upkeep\n|turn|11\n|inactive|ybuh89 has 30 seconds left.\n|inactive|ybuh89 has 20 seconds left.\n|inactive|mozhen has 90 seconds left.\n|inactive|ybuh89 has 15 seconds left.\n|inactive|ybuh89 has 10 seconds left.\n|\n|t:|1782882943\n|move|p2a: Reshiram|Flare Blitz|p1a: Spiritomb\n|-damage|p1a: Spiritomb|52/234\n|-damage|p2a: Reshiram|113/277|[from] Recoil\n|move|p1a: Spiritomb|Foul Play|p2a: Reshiram\n|-damage|p2a: Reshiram|0 fnt\n|faint|p2a: Reshiram\n|\n|-heal|p1a: Spiritomb|66/234|[from] item: Leftovers\n|upkeep\n|inactive|ybuh89 has 15 seconds left this turn.\n|inactive|ybuh89 has 10 seconds left.\n|inactive|ybuh89 has 5 seconds left.\n|\n|t:|1782882953\n|switch|p2a: Staraptor|Staraptor, L79, F|263/263\n|turn|12\n|inactive|ybuh89 has 15 seconds left this turn.\n|\n|t:|1782882960\n|move|p2a: Staraptor|Brave Bird|p1a: Spiritomb\n|-damage|p1a: Spiritomb|0 fnt\n|faint|p1a: Spiritomb\n|-damage|p2a: Staraptor|241/263|[from] Recoil\n|\n|upkeep\n|inactive|mozhen has 90 seconds left.\n|\n|t:|1782882978\n|switch|p1a: Kyurem|Kyurem-Black, L71|295/295\n|-ability|p1a: Kyurem|Teravolt\n|turn|13\n|inactive|ybuh89 has 30 seconds left this turn.\n|inactive|mozhen has 90 seconds left.\n|\n|t:|1782882984\n|switch|p2a: Mienshao|Mienshao, L83, M|244/244\n|move|p1a: Kyurem|Dragon Dance|p1a: Kyurem\n|-boost|p1a: Kyurem|atk|1\n|-boost|p1a: Kyurem|spe|1\n|\n|upkeep\n|turn|14\n|inactive|ybuh89 has 30 seconds left.\n|inactive|mozhen has 90 seconds left.\n|\n|t:|1782882995\n|move|p2a: Mienshao|Fake Out|p1a: Kyurem\n|-damage|p1a: Kyurem|257/295\n|cant|p1a: Kyurem|flinch\n|\n|upkeep\n|turn|15\n|\n|t:|1782883004\n|move|p1a: Kyurem|Scale Shot|p2a: Mienshao\n|-damage|p2a: Mienshao|183/244\n|-crit|p2a: Mienshao\n|-damage|p2a: Mienshao|96/244\n|-damage|p2a: Mienshao|36/244\n|-damage|p2a: Mienshao|0 fnt\n|faint|p2a: Mienshao\n|-hitcount|p2: Mienshao|4\n|-unboost|p1a: Kyurem|def|1\n|-boost|p1a: Kyurem|spe|1\n|\n|upkeep\n|inactive|ybuh89 has 30 seconds left.\n|\n|t:|1782883023\n|switch|p2a: Iron Boulder|Iron Boulder, L77|265/265\n|-enditem|p2a: Iron Boulder|Booster Energy\n|-activate|p2a: Iron Boulder|ability: Quark Drive|[fromitem]\n|-start|p2a: Iron Boulder|quarkdrivespe\n|turn|16\n|inactive|ybuh89 has 30 seconds left.\n|\n|t:|1782883035\n|move|p2a: Iron Boulder|Mighty Cleave|p1a: Kyurem\n|-supereffective|p1a: Kyurem\n|-crit|p1a: Kyurem\n|-damage|p1a: Kyurem|0 fnt\n|faint|p1a: Kyurem\n|\n|upkeep\n|\n|t:|1782883044\n|switch|p1a: Iron Crown|Iron Crown, L78|268/268\n|turn|17\n|inactive|ybuh89 has 30 seconds left.\n|inactive|ybuh89 has 20 seconds left.\n|inactive|ybuh89 has 15 seconds left.\n|\n|t:|1782883074\n|-end|p2a: Iron Boulder|Quark Drive|[silent]\n|switch|p2a: Staraptor|Staraptor, L79, F|241/263\n|move|p1a: Iron Crown|Calm Mind|p1a: Iron Crown\n|-boost|p1a: Iron Crown|spa|1\n|-boost|p1a: Iron Crown|spd|1\n|\n|upkeep\n|turn|18\n|inactive|ybuh89 has 25 seconds left this turn.\n|inactive|ybuh89 has 20 seconds left.\n|\n|t:|1782883097\n|move|p2a: Staraptor|U-turn|p1a: Iron Crown\n|-damage|p1a: Iron Crown|192/268\n|inactive|ybuh89 has 25 seconds left this turn.\n|inactive|ybuh89 has 20 seconds left.\n|\n|t:|1782883106\n|switch|p2a: Volcanion|Volcanion, L79|2/256 slp|[from] U-turn\n|move|p1a: Iron Crown|Tachyon Cutter|p2a: Volcanion\n|-resisted|p2a: Volcanion\n|-damage|p2a: Volcanion|0 fnt\n|faint|p2a: Volcanion\n|-hitcount|p2: Volcanion|1\n|\n|-heal|p1a: Iron Crown|208/268|[from] item: Leftovers\n|upkeep\n|inactive|ybuh89 has 25 seconds left this turn.\n|inactive|ybuh89 has 20 seconds left.\n|inactive|ybuh89 has 15 seconds left.\n|\n|t:|1782883118\n|switch|p2a: Iron Boulder|Iron Boulder, L77|265/265\n|turn|19\n|inactive|ybuh89 has 25 seconds left this turn.\n|inactive|ybuh89 has 20 seconds left.\n|inactive|ybuh89 has 15 seconds left.\n|inactive|ybuh89 has 10 seconds left.\n|\n|t:|1782883135\n|move|p2a: Iron Boulder|Close Combat|p1a: Iron Crown\n|-damage|p1a: Iron Crown|130/268\n|-unboost|p2a: Iron Boulder|def|1\n|-unboost|p2a: Iron Boulder|spd|1\n|move|p1a: Iron Crown|Tachyon Cutter|p2a: Iron Boulder\n|-supereffective|p2a: Iron Boulder\n|-damage|p2a: Iron Boulder|41/265\n|-supereffective|p2a: Iron Boulder\n|-damage|p2a: Iron Boulder|0 fnt\n|faint|p2a: Iron Boulder\n|-end|p2a: Iron Boulder|Quark Drive|[silent]\n|-hitcount|p2: Iron Boulder|2\n|\n|-heal|p1a: Iron Crown|146/268|[from] item: Leftovers\n|upkeep\n|inactive|ybuh89 has 15 seconds left this turn.\n|inactive|ybuh89 has 10 seconds left.\n|inactive|ybuh89 has 5 seconds left.\n|\n|t:|1782883146\n|switch|p2a: Staraptor|Staraptor, L79, F|241/263\n|turn|20\n|inactive|ybuh89 has 15 seconds left this turn.\n|\n|t:|1782883153\n|-terastallize|p2a: Staraptor|Fighting\n|move|p2a: Staraptor|Close Combat|p1a: Iron Crown\n|-damage|p1a: Iron Crown|0 fnt\n|-unboost|p2a: Staraptor|def|1\n|-unboost|p2a: Staraptor|spd|1\n|faint|p1a: Iron Crown\n|-end|p1a: Iron Crown|Quark Drive|[silent]\n|\n|upkeep\n|inactive|mozhen has 120 seconds left.\n|inactive|mozhen has 90 seconds left.\n|\n|t:|1782883194\n|switch|p1a: Hitmonlee|Hitmonlee, L85, M|224/224\n|turn|21\n|inactive|ybuh89 has 30 seconds left this turn.\n|inactive|ybuh89 has 20 seconds left.\n|inactive|ybuh89 has 15 seconds left.\n|inactive|ybuh89 has 10 seconds left.\n|inactive|ybuh89 has 5 seconds left.\n|-message|ybuh89 lost due to inactivity.\n|\n|win|mozhen\n|raw|mozhen's rating: 1000 &rarr; <strong>1040</strong><br />(+40 for winning)\n|raw|ybuh89's rating: 1000 &rarr; <strong>1000</strong><br />(+0 for losing)\n", "inputlog": ">version f8ac14003a5f27e1bdc8d8c59608a773c1cb96e5\n>start {\"formatid\":\"gen9randombattle\",\"seed\":\"sodium,2845d47e184ac00d49c1043ca36ccb5f\",\"rated\":\"Rated battle\"}\n>player p1 {\"name\":\"mozhen\",\"avatar\":\"giovanni\",\"rating\":1000,\"seed\":\"sodium,8fc771ef7f38f06e28c7f5fc7af12ff8\"}\n>player p2 {\"name\":\"ybuh89\",\"avatar\":\"102\",\"rating\":1000,\"seed\":\"sodium,0347cb87953dcec033b271440baed57b\"}\n>p1 switch 4\n>p2 move fakeout\n>p1 move willowisp\n>p2 move uturn\n>p2 switch 6\n>p1 switch 6\n>p2 move moonblast\n>p1 move earthquake\n>p2 switch 2\n>p1 move earthquake terastallize\n>p2 move flamethrower\n>p1 move hypnosis\n>p2 move steameruption\n>p1 switch 4\n>p2 switch 6\n>p1 switch 6\n>p2 move fakeout\n>p1 move poltergeist\n>p2 move uturn\n>p2 switch 3\n>p1 move willowisp\n>p2 move dragondance\n>p1 move foulplay\n>p2 move flareblitz\n>p2 switch 5\n>p1 move willowisp\n>p2 move bravebird\n>p1 switch 2\n>p1 move dragondance\n>p2 switch 3\n>p1 move fusionbolt\n>p2 move fakeout\n>p1 move scaleshot\n>p2 move closecombat\n>p2 switch 4\n>p1 move iciclespear\n>p2 move mightycleave\n>p1 switch 3\n>p1 move calmmind\n>p2 switch 3\n>p1 move tachyoncutter\n>p2 move uturn\n>p2 switch 6\n>p2 switch 3\n>p1 move tachyoncutter\n>p2 move closecombat\n>p2 switch 6\n>p1 move tachyoncutter\n>p2 move closecombat terastallize\n>p1 switch 6\n>forcelose p2", "uploadtime": 1782883245, "views": 3, "formatid": "gen9randombattle", "rating": 1000, "private": 0, "password": null, "player_dets": [{"name": "mozhen", "avatar": "giovanni", "rating": 1000, "seed": "sodium,8fc771ef7f38f06e28c7f5fc7af12ff8"}, {"name": "ybuh89", "avatar": "102", "rating": 1000, "seed": "sodium,0347cb87953dcec033b271440baed57b"}], "teams_full": [{"Hitmonlee": {"name": "Hitmonlee", "species": "Hitmonlee", "speciesId": "hitmonlee", "gender": "M", "shiny": false, "level": 85, "moves": ["poisonjab", "swordsdance", "closecombat", "knockoff"], "ability": "Unburden", "evs": {"hp": 85, "atk": 85, "def": 85, "spa": 85, "spd": 85, "spe": 85}, "ivs": {"hp": 31, "atk": 31, "def": 31, "spa": 31, "spd": 31, "spe": 31}, "item": "White Herb", "teraType": "Poison", "role": "Setup Sweeper", "bvs": {"hp": 50, "atk": 120, "def": 53, "spa": 35, "spd": 110, "spe": 87}, "stats": {"hp": 224, "atk": 253, "def": 139, "spa": 108, "spd": 236, "spe": 197}, "types": ["Fighting"]}, "Kyurem": {"name": "Kyurem", "species": "Kyurem-Black", "speciesId": "kyuremblack", "gender": "N", "shiny": false, "level": 71, "moves": ["iciclespear", "scaleshot", "dragondance", "fusionbolt"], "ability": "Teravolt", "evs": {"hp": 85, "atk": 85, "def": 85, "spa": 85, "spd": 85, "spe": 85}, "ivs": {"hp": 31, "atk": 31, "def": 31, "spa": 31, "spd": 31, "spe": 31}, "item": "Loaded Dice", "teraType": "Electric", "role": "Setup Sweeper", "bvs": {"hp": 125, "atk": 170, "def": 100, "spa": 120, "spd": 90, "spe": 95}, "stats": {"hp": 295, "atk": 283, "def": 183, "spa": 212, "spd": 169, "spe": 176}, "types": ["Dragon", "Ice"]}, "Iron Crown": {"name": "Iron Crown", "species": "Iron Crown", "speciesId": "ironcrown", "gender": "N", "shiny": false, "level": 78, "moves": ["calmmind", "tachyoncutter", "psyshock", "focusblast"], "ability": "Quark Drive", "evs": {"hp": 85, "atk": 0, "def": 85, "spa": 85, "spd": 85, "spe": 85}, "ivs": {"hp": 31, "atk": 0, "def": 31, "spa": 31, "spd": 31, "spe": 31}, "item": "Leftovers", "teraType": "Fighting", "role": "Bulky Setup", "bvs": {"hp": 90, "atk": 72, "def": 100, "spa": 122, "spd": 108, "spe": 98}, "stats": {"hp": 268, "atk": 117, "def": 201, "spa": 235, "spd": 214, "spe": 198}, "types": ["Steel", "Psychic"]}, "Spiritomb": {"name": "Spiritomb", "species": "Spiritomb", "speciesId": "spiritomb", "gender": "M", "shiny": false, "level": 89, "moves": ["poltergeist", "painsplit", "willowisp", "foulplay"], "ability": "Infiltrator", "evs": {"hp": 85, "atk": 85, "def": 85, "spa": 85, "spd": 85, "spe": 85}, "ivs": {"hp": 31, "atk": 31, "def": 31, "spa": 31, "spd": 31, "spe": 31}, "item": "Leftovers", "teraType": "Ghost", "role": "Bulky Support", "bvs": {"hp": 50, "atk": 92, "def": 108, "spa": 92, "spd": 108, "spe": 35}, "stats": {"hp": 234, "atk": 215, "def": 243, "spa": 215, "spd": 243, "spe": 113}, "types": ["Ghost", "Dark"]}, "Abomasnow": {"name": "Abomasnow", "species": "Abomasnow", "speciesId": "abomasnow", "gender": "F", "shiny": false, "level": 84, "moves": ["iceshard", "auroraveil", "woodhammer", "blizzard"], "ability": "Snow Warning", "evs": {"hp": 77, "atk": 85, "def": 85, "spa": 85, "spd": 85, "spe": 85}, "ivs": {"hp": 31, "atk": 31, "def": 31, "spa": 31, "spd": 31, "spe": 31}, "item": "Light Clay", "teraType": "Water", "role": "Bulky Support", "bvs": {"hp": 90, "atk": 92, "def": 75, "spa": 92, "spd": 85, "spe": 60}, "stats": {"hp": 287, "atk": 203, "def": 174, "spa": 203, "spd": 191, "spe": 149}, "types": ["Grass", "Ice"]}, "Bronzong": {"name": "Bronzong", "species": "Bronzong", "speciesId": "bronzong", "gender": "N", "shiny": false, "level": 88, "moves": ["psychic", "ironhead", "hypnosis", "earthquake"], "ability": "Levitate", "evs": {"hp": 85, "atk": 85, "def": 85, "spa": 85, "spd": 85, "spe": 85}, "ivs": {"hp": 31, "atk": 31, "def": 31, "spa": 31, "spd": 31, "spe": 31}, "item": "Leftovers", "teraType": "Electric", "role": "Bulky Support", "bvs": {"hp": 67, "atk": 89, "def": 116, "spa": 79, "spd": 116, "spe": 33}, "stats": {"hp": 261, "atk": 207, "def": 254, "spa": 189, "spd": 254, "spe": 108}, "types": ["Steel", "Psychic"]}}, {"Mienshao": {"name": "Mienshao", "species": "Mienshao", "speciesId": "mienshao", "gender": "M", "shiny": false, "level": 83, "moves": ["fakeout", "closecombat", "knockoff", "uturn"], "ability": "Regenerator", "evs": {"hp": 85, "atk": 85, "def": 85, "spa": 85, "spd": 85, "spe": 85}, "ivs": {"hp": 31, "atk": 31, "def": 31, "spa": 31, "spd": 31, "spe": 31}, "item": "Assault Vest", "teraType": "Steel", "role": "AV Pivot", "bvs": {"hp": 65, "atk": 125, "def": 60, "spa": 95, "spd": 60, "spe": 105}, "stats": {"hp": 244, "atk": 255, "def": 147, "spa": 205, "spd": 147, "spe": 222}, "types": ["Fighting"]}, "Volcanion": {"name": "Volcanion", "species": "Volcanion", "speciesId": "volcanion", "gender": "N", "shiny": false, "level": 79, "moves": ["steameruption", "sludgebomb", "flamethrower", "haze"], "ability": "Water Absorb", "evs": {"hp": 85, "atk": 0, "def": 85, "spa": 85, "spd": 85, "spe": 85}, "ivs": {"hp": 31, "atk": 0, "def": 31, "spa": 31, "spd": 31, "spe": 31}, "item": "Heavy-Duty Boots", "teraType": "Fire", "role": "Bulky Attacker", "bvs": {"hp": 80, "atk": 110, "def": 120, "spa": 130, "spd": 90, "spe": 70}, "stats": {"hp": 256, "atk": 178, "def": 235, "spa": 251, "spd": 188, "spe": 156}, "types": ["Fire", "Water"]}, "Reshiram": {"name": "Reshiram", "species": "Reshiram", "speciesId": "reshiram", "gender": "N", "shiny": false, "level": 76, "moves": ["outrage", "flareblitz", "stoneedge", "dragondance"], "ability": "Turboblaze", "evs": {"hp": 85, "atk": 85, "def": 85, "spa": 85, "spd": 85, "spe": 85}, "ivs": {"hp": 31, "atk": 31, "def": 31, "spa": 31, "spd": 31, "spe": 31}, "item": "Heavy-Duty Boots", "teraType": "Fire", "role": "Setup Sweeper", "bvs": {"hp": 100, "atk": 120, "def": 100, "spa": 150, "spd": 120, "spe": 90}, "stats": {"hp": 277, "atk": 226, "def": 196, "spa": 272, "spd": 226, "spe": 181}, "types": ["Dragon", "Fire"]}, "Iron Boulder": {"name": "Iron Boulder", "species": "Iron Boulder", "speciesId": "ironboulder", "gender": "N", "shiny": false, "level": 77, "moves": ["swordsdance", "zenheadbutt", "closecombat", "mightycleave"], "ability": "Quark Drive", "evs": {"hp": 85, "atk": 85, "def": 85, "spa": 85, "spd": 85, "spe": 85}, "ivs": {"hp": 31, "atk": 31, "def": 31, "spa": 31, "spd": 31, "spe": 31}, "item": "Booster Energy", "teraType": "Fighting", "role": "Fast Bulky Setup", "bvs": {"hp": 90, "atk": 120, "def": 80, "spa": 68, "spd": 108, "spe": 124}, "stats": {"hp": 265, "atk": 229, "def": 168, "spa": 149, "spd": 211, "spe": 236}, "types": ["Rock", "Psychic"]}, "Staraptor": {"name": "Staraptor", "species": "Staraptor", "speciesId": "staraptor", "gender": "F", "shiny": false, "level": 79, "moves": ["quickattack", "bravebird", "closecombat", "uturn"], "ability": "Reckless", "evs": {"hp": 81, "atk": 85, "def": 85, "spa": 85, "spd": 85, "spe": 85}, "ivs": {"hp": 31, "atk": 31, "def": 31, "spa": 31, "spd": 31, "spe": 31}, "item": "Choice Band", "teraType": "Fighting", "role": "Fast Attacker", "bvs": {"hp": 85, "atk": 120, "def": 70, "spa": 50, "spd": 60, "spe": 100}, "stats": {"hp": 263, "atk": 235, "def": 156, "spa": 125, "spd": 140, "spe": 204}, "types": ["Normal", "Flying"]}, "Iron Valiant": {"name": "Iron Valiant", "species": "Iron Valiant", "speciesId": "ironvaliant", "gender": "N", "shiny": false, "level": 78, "moves": ["psychic", "moonblast", "closecombat", "calmmind"], "ability": "Quark Drive", "evs": {"hp": 85, "atk": 85, "def": 85, "spa": 85, "spd": 85, "spe": 85}, "ivs": {"hp": 31, "atk": 31, "def": 31, "spa": 31, "spd": 31, "spe": 31}, "item": "Life Orb", "teraType": "Fighting", "role": "Fast Attacker", "bvs": {"hp": 74, "atk": 130, "def": 90, "spa": 120, "spd": 60, "spe": 116}, "stats": {"hp": 244, "atk": 248, "def": 185, "spa": 232, "spd": 139, "spe": 226}, "types": ["Fairy", "Fighting"]}}]}