{"id": "gen9randombattle-2642142868", "format": "[Gen 9] Random Battle", "players": ["wout0706", "chommer"], "log": "|j|\u2606wout0706\n|j|\u2606chommer\n|t:|1782899145\n|gametype|singles\n|player|p1|wout0706|170|1971\n|player|p2|chommer|1|2086\n|gen|9\n|tier|[Gen 9] Random Battle\n|rated|\n|rule|Species Clause: Limit one of each Pok\u00e9mon\n|rule|HP Percentage Mod: HP is shown in percentages\n|rule|Sleep Clause Mod: Limit one foe put to sleep\n|rule|Illusion Level Mod: Illusion disguises the Pok\u00e9mon's true level\n|\n|t:|1782899145\n|teamsize|p1|6\n|teamsize|p2|6\n|start\n|switch|p1a: Klefki|Klefki, L84, M|233/233\n|switch|p2a: Deoxys|Deoxys, L74|196/196\n|-ability|p2a: Deoxys|Pressure\n|turn|1\n|\n|t:|1782899159\n|switch|p2a: Rotom|Rotom-Heat, L83|219/219\n|move|p1a: Klefki|Thunder Wave|p2a: Rotom\n|-immune|p2a: Rotom\n|\n|upkeep\n|turn|2\n|\n|t:|1782899170\n|switch|p1a: Dragapult|Dragapult, L77, M|262/262\n|move|p2a: Rotom|Thunderbolt|p1a: Dragapult\n|-resisted|p1a: Dragapult\n|-damage|p1a: Dragapult|199/262\n|\n|upkeep\n|turn|3\n|\n|t:|1782899178\n|move|p1a: Dragapult|Dragon Darts|p2a: Rotom\n|-damage|p2a: Rotom|157/219\n|-anim|p1a: Dragapult|Dragon Darts|p2a: Rotom\n|-damage|p2a: Rotom|102/219\n|-damage|p1a: Dragapult|173/262|[from] item: Life Orb\n|move|p2a: Rotom|Will-O-Wisp|p1a: Dragapult\n|-status|p1a: Dragapult|brn\n|\n|-damage|p1a: Dragapult|157/262 brn|[from] brn\n|upkeep\n|turn|4\n|\n|t:|1782899188\n|move|p1a: Dragapult|Dragon Darts|p2a: Rotom\n|-damage|p2a: Rotom|72/219\n|-anim|p1a: Dragapult|Dragon Darts|p2a: Rotom\n|-damage|p2a: Rotom|42/219\n|-damage|p1a: Dragapult|131/262 brn|[from] item: Life Orb\n|move|p2a: Rotom|Pain Split|p1a: Dragapult\n|-sethp|p1a: Dragapult|86/262 brn|[from] move: Pain Split|[silent]\n|-sethp|p2a: Rotom|86/219|[from] move: Pain Split\n|\n|-damage|p1a: Dragapult|70/262 brn|[from] brn\n|upkeep\n|turn|5\n|\n|t:|1782899193\n|switch|p2a: Duraludon|Duraludon, L82, F|249/249\n|move|p1a: Dragapult|Dragon Darts|p2a: Duraludon\n|-damage|p2a: Duraludon|230/249\n|-anim|p1a: Dragapult|Dragon Darts|p2a: Duraludon\n|-damage|p2a: Duraludon|209/249\n|-damage|p1a: Dragapult|44/262 brn|[from] item: Life Orb\n|\n|-damage|p1a: Dragapult|28/262 brn|[from] brn\n|upkeep\n|turn|6\n|\n|t:|1782899198\n|move|p1a: Dragapult|Fire Blast|p2a: Duraludon|[miss]\n|-miss|p1a: Dragapult|p2a: Duraludon\n|move|p2a: Duraludon|Dragon Tail|p1a: Dragapult\n|-supereffective|p1a: Dragapult\n|-damage|p1a: Dragapult|0 fnt\n|faint|p1a: Dragapult\n|\n|upkeep\n|\n|t:|1782899202\n|switch|p1a: Malamar|Malamar, L82, M|275/275\n|turn|7\n|\n|t:|1782899213\n|switch|p2a: Rotom|Rotom-Heat, L83|86/219\n|move|p1a: Malamar|Knock Off|p2a: Rotom\n|-damage|p2a: Rotom|0 fnt\n|-enditem|p2a: Rotom|Heavy-Duty Boots|[from] move: Knock Off|[of] p1a: Malamar\n|faint|p2a: Rotom\n|\n|upkeep\n|\n|t:|1782899220\n|switch|p2a: Wo-Chien|Wo-Chien, L83|277/277\n|-ability|p2a: Wo-Chien|Tablets of Ruin\n|turn|8\n|\n|t:|1782899232\n|move|p1a: Malamar|Superpower|p2a: Wo-Chien\n|-supereffective|p2a: Wo-Chien\n|-crit|p2a: Wo-Chien\n|-damage|p2a: Wo-Chien|111/277\n|-boost|p1a: Malamar|atk|1\n|-boost|p1a: Malamar|def|1\n|move|p2a: Wo-Chien|Leech Seed|p1a: Malamar\n|-start|p1a: Malamar|move: Leech Seed\n|\n|-heal|p2a: Wo-Chien|128/277|[from] item: Leftovers\n|-damage|p1a: Malamar|241/275|[from] Leech Seed|[of] p2a: Wo-Chien\n|-heal|p2a: Wo-Chien|162/277|[silent]\n|upkeep\n|turn|9\n|\n|t:|1782899241\n|move|p2a: Wo-Chien|Protect|p2a: Wo-Chien\n|-singleturn|p2a: Wo-Chien|Protect\n|move|p1a: Malamar|Superpower|p2a: Wo-Chien\n|-activate|p2a: Wo-Chien|move: Protect\n|\n|-heal|p1a: Malamar|258/275|[from] item: Leftovers\n|-heal|p2a: Wo-Chien|179/277|[from] item: Leftovers\n|-damage|p1a: Malamar|224/275|[from] Leech Seed|[of] p2a: Wo-Chien\n|-heal|p2a: Wo-Chien|213/277|[silent]\n|upkeep\n|turn|10\n|\n|t:|1782899243\n|switch|p2a: Quagsire|Quagsire, L84, F|297/297\n|move|p1a: Malamar|Superpower|p2a: Quagsire\n|-damage|p2a: Quagsire|217/297\n|-boost|p1a: Malamar|atk|1\n|-boost|p1a: Malamar|def|1\n|\n|-heal|p1a: Malamar|241/275|[from] item: Leftovers\n|-heal|p2a: Quagsire|235/297|[from] item: Leftovers\n|-damage|p1a: Malamar|207/275|[from] Leech Seed|[of] p2a: Quagsire\n|-heal|p2a: Quagsire|269/297|[silent]\n|upkeep\n|turn|11\n|\n|t:|1782899247\n|move|p1a: Malamar|Knock Off|p2a: Quagsire\n|-damage|p2a: Quagsire|176/297\n|-enditem|p2a: Quagsire|Leftovers|[from] move: Knock Off|[of] p1a: Malamar\n|move|p2a: Quagsire|Earthquake|p1a: Malamar\n|-damage|p1a: Malamar|108/275\n|\n|-heal|p1a: Malamar|125/275|[from] item: Leftovers\n|-damage|p1a: Malamar|91/275|[from] Leech Seed|[of] p2a: Quagsire\n|-heal|p2a: Quagsire|210/297|[silent]\n|upkeep\n|turn|12\n|\n|t:|1782899254\n|switch|p1a: Calyrex|Calyrex-Ice, L72|263/263\n|-ability|p1a: Calyrex|As One\n|-ability|p1a: Calyrex|Unnerve\n|move|p2a: Quagsire|Ice Beam|p1a: Calyrex\n|-resisted|p1a: Calyrex\n|-damage|p1a: Calyrex|244/263\n|\n|upkeep\n|turn|13\n|\n|t:|1782899259\n|move|p2a: Quagsire|Toxic|p1a: Calyrex\n|-status|p1a: Calyrex|tox\n|move|p1a: Calyrex|Glacial Lance|p2a: Quagsire\n|-damage|p2a: Quagsire|53/297\n|\n|-damage|p1a: Calyrex|228/263 tox|[from] psn\n|upkeep\n|turn|14\n|\n|t:|1782899267\n|move|p2a: Quagsire|Recover|p2a: Quagsire\n|-heal|p2a: Quagsire|202/297\n|move|p1a: Calyrex|Glacial Lance|p2a: Quagsire\n|-damage|p2a: Quagsire|51/297\n|\n|-damage|p1a: Calyrex|196/263 tox|[from] psn\n|upkeep\n|turn|15\n|\n|t:|1782899270\n|move|p2a: Quagsire|Recover|p2a: Quagsire\n|-heal|p2a: Quagsire|200/297\n|move|p1a: Calyrex|Glacial Lance|p2a: Quagsire\n|-damage|p2a: Quagsire|62/297\n|\n|-damage|p1a: Calyrex|148/263 tox|[from] psn\n|upkeep\n|turn|16\n|\n|t:|1782899273\n|move|p2a: Quagsire|Recover|p2a: Quagsire\n|-heal|p2a: Quagsire|211/297\n|move|p1a: Calyrex|Glacial Lance|p2a: Quagsire\n|-damage|p2a: Quagsire|70/297\n|\n|-damage|p1a: Calyrex|84/263 tox|[from] psn\n|upkeep\n|turn|17\n|\n|t:|1782899278\n|move|p2a: Quagsire|Recover|p2a: Quagsire\n|-heal|p2a: Quagsire|219/297\n|move|p1a: Calyrex|Glacial Lance|p2a: Quagsire\n|-damage|p2a: Quagsire|68/297\n|\n|-damage|p1a: Calyrex|4/263 tox|[from] psn\n|upkeep\n|turn|18\n|\n|t:|1782899283\n|move|p2a: Quagsire|Earthquake|p1a: Calyrex\n|-damage|p1a: Calyrex|0 fnt\n|faint|p1a: Calyrex\n|\n|upkeep\n|\n|t:|1782899286\n|switch|p1a: Pyroar|Pyroar, L88, M|295/295\n|-ability|p1a: Pyroar|Unnerve\n|turn|19\n|\n|t:|1782899291\n|move|p1a: Pyroar|Hyper Voice|p2a: Quagsire\n|-damage|p2a: Quagsire|0 fnt\n|faint|p2a: Quagsire\n|\n|upkeep\n|\n|t:|1782899296\n|switch|p2a: Deoxys|Deoxys, L74|196/196\n|-ability|p2a: Deoxys|Pressure\n|turn|20\n|\n|t:|1782899304\n|move|p2a: Deoxys|Knock Off|p1a: Pyroar\n|-damage|p1a: Pyroar|177/295\n|-enditem|p1a: Pyroar|Heavy-Duty Boots|[from] move: Knock Off|[of] p2a: Deoxys\n|-damage|p2a: Deoxys|177/196|[from] item: Life Orb\n|move|p1a: Pyroar|Dark Pulse|p2a: Deoxys\n|-supereffective|p2a: Deoxys\n|-damage|p2a: Deoxys|0 fnt\n|faint|p2a: Deoxys\n|\n|upkeep\n|\n|t:|1782899310\n|switch|p2a: Duraludon|Duraludon, L82, F|209/249\n|turn|21\n|\n|t:|1782899316\n|move|p1a: Pyroar|Will-O-Wisp|p2a: Duraludon\n|-status|p2a: Duraludon|brn\n|move|p2a: Duraludon|Body Press|p1a: Pyroar\n|-supereffective|p1a: Pyroar\n|-damage|p1a: Pyroar|106/295\n|\n|-damage|p2a: Duraludon|194/249 brn|[from] brn\n|upkeep\n|turn|22\n|\n|t:|1782899321\n|move|p1a: Pyroar|Fire Blast|p2a: Duraludon\n|-damage|p2a: Duraludon|52/249 brn\n|move|p2a: Duraludon|Body Press|p1a: Pyroar\n|-supereffective|p1a: Pyroar\n|-damage|p1a: Pyroar|32/295\n|\n|-damage|p2a: Duraludon|37/249 brn|[from] brn\n|upkeep\n|turn|23\n|\n|t:|1782899327\n|move|p1a: Pyroar|Dark Pulse|p2a: Duraludon\n|-damage|p2a: Duraludon|0 fnt\n|faint|p2a: Duraludon\n|\n|upkeep\n|\n|t:|1782899330\n|switch|p2a: Wo-Chien|Wo-Chien, L83|213/277\n|-ability|p2a: Wo-Chien|Tablets of Ruin\n|turn|24\n|\n|t:|1782899337\n|-terastallize|p2a: Wo-Chien|Poison\n|move|p1a: Pyroar|Will-O-Wisp|p2a: Wo-Chien\n|-status|p2a: Wo-Chien|brn\n|move|p2a: Wo-Chien|Knock Off|p1a: Pyroar\n|-damage|p1a: Pyroar|0 fnt\n|faint|p1a: Pyroar\n|\n|-heal|p2a: Wo-Chien|230/277 brn|[from] item: Leftovers\n|-damage|p2a: Wo-Chien|213/277 brn|[from] brn\n|upkeep\n|\n|t:|1782899355\n|switch|p1a: Malamar|Malamar, L82, M|91/275\n|turn|25\n|\n|t:|1782899359\n|move|p1a: Malamar|Knock Off|p2a: Wo-Chien\n|-damage|p2a: Wo-Chien|153/277 brn\n|-enditem|p2a: Wo-Chien|Leftovers|[from] move: Knock Off|[of] p1a: Malamar\n|move|p2a: Wo-Chien|Giga Drain|p1a: Malamar\n|-damage|p1a: Malamar|3/275\n|-heal|p2a: Wo-Chien|197/277 brn|[from] drain|[of] p1a: Malamar\n|\n|-heal|p1a: Malamar|20/275|[from] item: Leftovers\n|-damage|p2a: Wo-Chien|180/277 brn|[from] brn\n|upkeep\n|turn|26\n|\n|t:|1782899369\n|move|p1a: Malamar|Rest|p1a: Malamar\n|-status|p1a: Malamar|slp|[from] move: Rest\n|-heal|p1a: Malamar|275/275 slp|[silent]\n|move|p2a: Wo-Chien|Giga Drain|p1a: Malamar\n|-damage|p1a: Malamar|188/275 slp\n|-heal|p2a: Wo-Chien|224/277 brn|[from] drain|[of] p1a: Malamar\n|\n|-heal|p1a: Malamar|205/275 slp|[from] item: Leftovers\n|-damage|p2a: Wo-Chien|207/277 brn|[from] brn\n|upkeep\n|turn|27\n|\n|t:|1782899384\n|cant|p1a: Malamar|slp\n|move|p1a: Malamar|Sleep Talk|p1a: Malamar\n|move|p1a: Malamar|Rest||[from] move: Sleep Talk|[still]\n|-fail|p1a: Malamar\n|move|p2a: Wo-Chien|Leech Seed|p1a: Malamar\n|-start|p1a: Malamar|move: Leech Seed\n|\n|-heal|p1a: Malamar|222/275 slp|[from] item: Leftovers\n|-damage|p1a: Malamar|188/275 slp|[from] Leech Seed|[of] p2a: Wo-Chien\n|-heal|p2a: Wo-Chien|241/277 brn|[silent]\n|-damage|p2a: Wo-Chien|224/277 brn|[from] brn\n|upkeep\n|turn|28\n|\n|t:|1782899390\n|switch|p1a: Probopass|Probopass, L91, F|257/257\n|move|p2a: Wo-Chien|Knock Off|p1a: Probopass\n|-damage|p1a: Probopass|229/257\n|-enditem|p1a: Probopass|Leftovers|[from] move: Knock Off|[of] p2a: Wo-Chien\n|\n|-damage|p2a: Wo-Chien|207/277 brn|[from] brn\n|upkeep\n|turn|29\n|\n|t:|1782899398\n|move|p2a: Wo-Chien|Giga Drain|p1a: Probopass\n|-damage|p1a: Probopass|184/257\n|-heal|p2a: Wo-Chien|230/277 brn|[from] drain|[of] p1a: Probopass\n|move|p1a: Probopass|Flash Cannon|p2a: Wo-Chien\n|-damage|p2a: Wo-Chien|175/277 brn\n|-unboost|p2a: Wo-Chien|spd|1\n|\n|-damage|p2a: Wo-Chien|158/277 brn|[from] brn\n|upkeep\n|turn|30\n|\n|t:|1782899406\n|move|p2a: Wo-Chien|Leech Seed|p1a: Probopass\n|-start|p1a: Probopass|move: Leech Seed\n|move|p1a: Probopass|Flash Cannon|p2a: Wo-Chien\n|-damage|p2a: Wo-Chien|65/277 brn\n|\n|-damage|p1a: Probopass|152/257|[from] Leech Seed|[of] p2a: Wo-Chien\n|-heal|p2a: Wo-Chien|97/277 brn|[silent]\n|-damage|p2a: Wo-Chien|80/277 brn|[from] brn\n|upkeep\n|turn|31\n|\n|t:|1782899414\n|move|p2a: Wo-Chien|Giga Drain|p1a: Probopass\n|-damage|p1a: Probopass|103/257\n|-heal|p2a: Wo-Chien|105/277 brn|[from] drain|[of] p1a: Probopass\n|move|p1a: Probopass|Flash Cannon|p2a: Wo-Chien\n|-crit|p2a: Wo-Chien\n|-damage|p2a: Wo-Chien|0 fnt\n|faint|p2a: Wo-Chien\n|\n|upkeep\n|\n|t:|1782899418\n|switch|p2a: Roaring Moon|Roaring Moon, L72|270/270\n|-enditem|p2a: Roaring Moon|Booster Energy\n|-activate|p2a: Roaring Moon|ability: Protosynthesis|[fromitem]\n|-start|p2a: Roaring Moon|protosynthesisatk\n|turn|32\n|\n|t:|1782899427\n|move|p2a: Roaring Moon|Iron Head|p1a: Probopass\n|-damage|p1a: Probopass|61/257\n|cant|p1a: Probopass|flinch\n|\n|-damage|p1a: Probopass|29/257|[from] Leech Seed|[of] p2a: Roaring Moon\n|upkeep\n|turn|33\n|\n|t:|1782899433\n|move|p2a: Roaring Moon|Iron Head|p1a: Probopass\n|-damage|p1a: Probopass|0 fnt\n|faint|p1a: Probopass\n|\n|upkeep\n|\n|t:|1782899435\n|switch|p1a: Klefki|Klefki, L84, M|233/233\n|turn|34\n|\n|t:|1782899442\n|move|p2a: Roaring Moon|Iron Head|p1a: Klefki\n|-damage|p1a: Klefki|163/233\n|move|p1a: Klefki|Play Rough|p2a: Roaring Moon|[miss]\n|-miss|p1a: Klefki|p2a: Roaring Moon\n|\n|-heal|p1a: Klefki|177/233|[from] item: Leftovers\n|upkeep\n|turn|35\n|\n|t:|1782899449\n|move|p2a: Roaring Moon|Iron Head|p1a: Klefki\n|-damage|p1a: Klefki|111/233\n|move|p1a: Klefki|Play Rough|p2a: Roaring Moon|[miss]\n|-miss|p1a: Klefki|p2a: Roaring Moon\n|\n|-heal|p1a: Klefki|125/233|[from] item: Leftovers\n|upkeep\n|turn|36\n|\n|t:|1782899457\n|move|p2a: Roaring Moon|Iron Head|p1a: Klefki\n|-damage|p1a: Klefki|52/233\n|move|p1a: Klefki|Play Rough|p2a: Roaring Moon\n|-supereffective|p2a: Roaring Moon\n|-damage|p2a: Roaring Moon|0 fnt\n|faint|p2a: Roaring Moon\n|-end|p2a: Roaring Moon|Protosynthesis|[silent]\n|\n|win|wout0706\n|raw|wout0706's rating: 1971 &rarr; <strong>1997</strong><br />(+26 for winning)\n|raw|chommer's rating: 2086 &rarr; <strong>2060</strong><br />(-26 for losing)\n", "inputlog": ">version f8ac14003a5f27e1bdc8d8c59608a773c1cb96e5\n>start {\"formatid\":\"gen9randombattle\",\"seed\":\"sodium,b5e6f5a3d1d2ffb8f75d14f464531da5\",\"rated\":\"Rated battle\"}\n>player p1 {\"name\":\"wout0706\",\"avatar\":\"170\",\"rating\":1971,\"seed\":\"sodium,3b815a2a0151125b3713fd72d7125a00\"}\n>player p2 {\"name\":\"chommer\",\"avatar\":\"1\",\"rating\":2086,\"seed\":\"sodium,d933cbd392e7f932988b5125551040dd\"}\n>p1 move thunderwave\n>p2 switch 2\n>p1 switch 5\n>p2 move thunderbolt\n>p1 move dragondarts\n>p2 move willowisp\n>p1 move dragondarts\n>p2 move painsplit\n>p1 move dragondarts\n>p2 switch 4\n>p1 move fireblast\n>p2 move dragontail\n>p1 switch 2\n>p1 move knockoff\n>p2 switch 4\n>p2 switch 3\n>p1 move superpower\n>p2 move leechseed\n>p1 move superpower\n>p2 move protect\n>p1 move superpower\n>p2 switch 6\n>p1 move knockoff\n>p2 move earthquake\n>p1 switch 6\n>p2 move icebeam\n>p1 move glaciallance\n>p2 move toxic\n>p1 move glaciallance\n>p2 move recover\n>p1 move glaciallance\n>p2 move recover\n>p1 move glaciallance\n>p2 move recover\n>p1 move glaciallance\n>p2 move recover\n>p1 move glaciallance\n>p2 move earthquake\n>p1 switch 4\n>p1 move hypervoice\n>p2 move earthquake\n>p2 switch 2\n>p1 move darkpulse\n>p2 move knockoff\n>p2 switch 4\n>p1 move willowisp\n>p2 move bodypress\n>p1 move fireblast\n>p2 move bodypress\n>p1 move darkpulse\n>p2 move bodypress\n>p2 switch 6\n>p1 move willowisp\n>p2 move knockoff terastallize\n>p1 switch 6\n>p1 move knockoff\n>p2 move gigadrain\n>p1 move rest\n>p2 move gigadrain\n>p1 move sleeptalk\n>p2 move leechseed\n>p1 switch 3\n>p2 move knockoff\n>p1 move flashcannon\n>p2 move gigadrain\n>p1 move flashcannon\n>p2 move leechseed\n>p1 move flashcannon\n>p2 move gigadrain\n>p2 switch 5\n>p1 move bodypress\n>p2 move ironhead\n>p1 move bodypress\n>p2 move ironhead\n>p1 switch 5\n>p1 move playrough\n>p2 move ironhead\n>p1 move playrough\n>p2 move ironhead\n>p1 move playrough\n>p2 move ironhead", "uploadtime": 1782899457, "views": 8, "formatid": "gen9randombattle", "rating": 1997, "private": 0, "password": null, "player_dets": [{"name": "wout0706", "avatar": "170", "rating": 1971, "seed": "sodium,3b815a2a0151125b3713fd72d7125a00"}, {"name": "chommer", "avatar": "1", "rating": 2086, "seed": "sodium,d933cbd392e7f932988b5125551040dd"}], "teams_full": [{"Klefki": {"name": "Klefki", "species": "Klefki", "speciesId": "klefki", "gender": "M", "shiny": false, "level": 84, "moves": ["magnetrise", "thunderwave", "playrough", "spikes"], "ability": "Prankster", "evs": {"hp": 85, "atk": 85, "def": 85, "spa": 85, "spd": 85, "spe": 85}, "ivs": {"hp": 31, "atk": 31, "def": 31, "spa": 31, "spd": 31, "spe": 31}, "item": "Leftovers", "teraType": "Water", "role": "Bulky Support", "bvs": {"hp": 57, "atk": 80, "def": 91, "spa": 80, "spd": 87, "spe": 75}, "stats": {"hp": 233, "atk": 183, "def": 201, "spa": 183, "spd": 194, "spe": 174}, "types": ["Steel", "Fairy"]}, "Malamar": {"name": "Malamar", "species": "Malamar", "speciesId": "malamar", "gender": "M", "shiny": false, "level": 82, "moves": ["rest", "sleeptalk", "superpower", "knockoff"], "ability": "Contrary", "evs": {"hp": 85, "atk": 85, "def": 85, "spa": 85, "spd": 85, "spe": 85}, "ivs": {"hp": 31, "atk": 31, "def": 31, "spa": 31, "spd": 31, "spe": 31}, "item": "Leftovers", "teraType": "Steel", "role": "Bulky Setup", "bvs": {"hp": 86, "atk": 92, "def": 88, "spa": 68, "spd": 75, "spe": 73}, "stats": {"hp": 275, "atk": 198, "def": 191, "spa": 159, "spd": 170, "spe": 167}, "types": ["Dark", "Psychic"]}, "Probopass": {"name": "Probopass", "species": "Probopass", "speciesId": "probopass", "gender": "F", "shiny": false, "level": 91, "moves": ["irondefense", "bodypress", "flashcannon", "powergem"], "ability": "Magnet Pull", "evs": {"hp": 85, "atk": 0, "def": 85, "spa": 85, "spd": 85, "spe": 85}, "ivs": {"hp": 31, "atk": 0, "def": 31, "spa": 31, "spd": 31, "spe": 31}, "item": "Leftovers", "teraType": "Fighting", "role": "Bulky Setup", "bvs": {"hp": 60, "atk": 55, "def": 145, "spa": 75, "spd": 150, "spe": 40}, "stats": {"hp": 257, "atk": 105, "def": 316, "spa": 188, "spd": 325, "spe": 125}, "types": ["Rock", "Steel"]}, "Pyroar": {"name": "Pyroar", "species": "Pyroar", "speciesId": "pyroar", "gender": "M", "shiny": false, "level": 88, "moves": ["hypervoice", "willowisp", "fireblast", "darkpulse"], "ability": "Unnerve", "evs": {"hp": 85, "atk": 0, "def": 85, "spa": 85, "spd": 85, "spe": 85}, "ivs": {"hp": 31, "atk": 0, "def": 31, "spa": 31, "spd": 31, "spe": 31}, "item": "Heavy-Duty Boots", "teraType": "Fire", "role": "Fast Attacker", "bvs": {"hp": 86, "atk": 68, "def": 72, "spa": 109, "spd": 66, "spe": 106}, "stats": {"hp": 295, "atk": 124, "def": 177, "spa": 242, "spd": 166, "spe": 237}, "types": ["Fire", "Normal"]}, "Dragapult": {"name": "Dragapult", "species": "Dragapult", "speciesId": "dragapult", "gender": "M", "shiny": false, "level": 77, "moves": ["terablast", "dragondarts", "fireblast", "dragondance"], "ability": "Clear Body", "evs": {"hp": 85, "atk": 85, "def": 85, "spa": 85, "spd": 85, "spe": 85}, "ivs": {"hp": 31, "atk": 31, "def": 31, "spa": 31, "spd": 31, "spe": 31}, "item": "Life Orb", "teraType": "Ghost", "role": "Tera Blast user", "bvs": {"hp": 88, "atk": 120, "def": 75, "spa": 100, "spd": 75, "spe": 142}, "stats": {"hp": 262, "atk": 229, "def": 160, "spa": 199, "spd": 160, "spe": 263}, "types": ["Dragon", "Ghost"]}, "Calyrex": {"name": "Calyrex", "species": "Calyrex-Ice", "speciesId": "calyrexice", "gender": "N", "shiny": false, "level": 72, "moves": ["highhorsepower", "trickroom", "closecombat", "glaciallance"], "ability": "As One (Glastrier)", "evs": {"hp": 85, "atk": 85, "def": 85, "spa": 85, "spd": 85, "spe": 0}, "ivs": {"hp": 31, "atk": 31, "def": 31, "spa": 31, "spd": 31, "spe": 0}, "item": "Heavy-Duty Boots", "teraType": "Fighting", "role": "Wallbreaker", "bvs": {"hp": 100, "atk": 165, "def": 150, "spa": 85, "spd": 130, "spe": 50}, "stats": {"hp": 263, "atk": 280, "def": 258, "spa": 164, "spd": 229, "spe": 77}, "types": ["Psychic", "Ice"]}}, {"Deoxys": {"name": "Deoxys", "species": "Deoxys", "speciesId": "deoxys", "gender": "N", "shiny": false, "level": 74, "moves": ["knockoff", "superpower", "icebeam", "psychoboost"], "ability": "Pressure", "evs": {"hp": 85, "atk": 85, "def": 85, "spa": 85, "spd": 85, "spe": 85}, "ivs": {"hp": 31, "atk": 31, "def": 31, "spa": 31, "spd": 31, "spe": 31}, "item": "Life Orb", "teraType": "Psychic", "role": "Wallbreaker", "bvs": {"hp": 50, "atk": 150, "def": 50, "spa": 150, "spd": 50, "spe": 150}, "stats": {"hp": 196, "atk": 265, "def": 117, "spa": 265, "spd": 117, "spe": 265}, "types": ["Psychic"]}, "Rotom": {"name": "Rotom", "species": "Rotom-Heat", "speciesId": "rotomheat", "gender": "N", "shiny": false, "level": 83, "moves": ["thunderbolt", "overheat", "willowisp", "painsplit"], "ability": "Levitate", "evs": {"hp": 85, "atk": 0, "def": 85, "spa": 85, "spd": 85, "spe": 85}, "ivs": {"hp": 31, "atk": 0, "def": 31, "spa": 31, "spd": 31, "spe": 31}, "item": "Heavy-Duty Boots", "teraType": "Steel", "role": "Bulky Attacker", "bvs": {"hp": 50, "atk": 65, "def": 107, "spa": 105, "spd": 107, "spe": 86}, "stats": {"hp": 219, "atk": 112, "def": 225, "spa": 222, "spd": 225, "spe": 190}, "types": ["Electric", "Fire"]}, "Wo-Chien": {"name": "Wo-Chien", "species": "Wo-Chien", "speciesId": "wochien", "gender": "N", "shiny": false, "level": 83, "moves": ["leechseed", "gigadrain", "protect", "knockoff"], "ability": "Tablets of Ruin", "evs": {"hp": 85, "atk": 85, "def": 85, "spa": 85, "spd": 85, "spe": 85}, "ivs": {"hp": 31, "atk": 31, "def": 31, "spa": 31, "spd": 31, "spe": 31}, "item": "Leftovers", "teraType": "Poison", "role": "Bulky Support", "bvs": {"hp": 85, "atk": 85, "def": 100, "spa": 95, "spd": 135, "spe": 70}, "stats": {"hp": 277, "atk": 189, "def": 214, "spa": 205, "spd": 272, "spe": 164}, "types": ["Dark", "Grass"]}, "Duraludon": {"name": "Duraludon", "species": "Duraludon", "speciesId": "duraludon", "gender": "F", "shiny": false, "level": 82, "moves": ["dracometeor", "dragontail", "flashcannon", "bodypress"], "ability": "Light Metal", "evs": {"hp": 85, "atk": 85, "def": 85, "spa": 85, "spd": 85, "spe": 85}, "ivs": {"hp": 31, "atk": 31, "def": 31, "spa": 31, "spd": 31, "spe": 31}, "item": "Eviolite", "teraType": "Fighting", "role": "Bulky Attacker", "bvs": {"hp": 70, "atk": 95, "def": 115, "spa": 120, "spd": 50, "spe": 85}, "stats": {"hp": 249, "atk": 203, "def": 236, "spa": 244, "spd": 129, "spe": 187}, "types": ["Steel", "Dragon"]}, "Roaring Moon": {"name": "Roaring Moon", "species": "Roaring Moon", "speciesId": "roaringmoon", "gender": "N", "shiny": false, "level": 72, "moves": ["outrage", "dragondance", "knockoff", "ironhead"], "ability": "Protosynthesis", "evs": {"hp": 85, "atk": 85, "def": 85, "spa": 85, "spd": 85, "spe": 85}, "ivs": {"hp": 31, "atk": 31, "def": 31, "spa": 31, "spd": 31, "spe": 31}, "item": "Booster Energy", "teraType": "Steel", "role": "Fast Bulky Setup", "bvs": {"hp": 105, "atk": 139, "def": 71, "spa": 55, "spd": 101, "spe": 119}, "stats": {"hp": 270, "atk": 242, "def": 144, "spa": 121, "spd": 187, "spe": 213}, "types": ["Dragon", "Dark"]}, "Quagsire": {"name": "Quagsire", "species": "Quagsire", "speciesId": "quagsire", "gender": "F", "shiny": false, "level": 84, "moves": ["icebeam", "earthquake", "recover", "toxic"], "ability": "Unaware", "evs": {"hp": 85, "atk": 85, "def": 85, "spa": 85, "spd": 85, "spe": 85}, "ivs": {"hp": 31, "atk": 31, "def": 31, "spa": 31, "spd": 31, "spe": 31}, "item": "Leftovers", "teraType": "Steel", "role": "Bulky Support", "bvs": {"hp": 95, "atk": 85, "def": 85, "spa": 65, "spd": 65, "spe": 35}, "stats": {"hp": 297, "atk": 191, "def": 191, "spa": 157, "spd": 157, "spe": 107}, "types": ["Water", "Ground"]}}]}