{"id": "gen9randombattle-2642104205", "format": "[Gen 9] Random Battle", "players": ["jnpr010334", "swaqfeq"], "log": "|j|\u2606jnpr010334\n|j|\u203dswaqfeq\n|t:|1782890801\n|gametype|singles\n|player|p1|jnpr010334|265|1834\n|player|p2|swaqfeq|az|1824\n|gen|9\n|tier|[Gen 9] Random Battle\n|rated|\n|rule|Species Clause: Limit one of each Pok\u00e9mon\n|rule|HP Percentage Mod: HP is shown in percentages\n|rule|Sleep Clause Mod: Limit one foe put to sleep\n|rule|Illusion Level Mod: Illusion disguises the Pok\u00e9mon's true level\n|\n|t:|1782890801\n|teamsize|p1|6\n|teamsize|p2|6\n|start\n|switch|p1a: Lurantis|Lurantis, L87, F|264/264\n|switch|p2a: Gallade|Gallade, L80, M|240/240\n|turn|1\n|inactive|Battle timer is ON: inactive players will automatically lose when time's up. (requested by jnpr010334)\n|\n|t:|1782890814\n|switch|p1a: Corviknight|Corviknight, L80, M|288/288\n|-ability|p1a: Corviknight|Pressure\n|move|p2a: Gallade|Sacred Sword|p1a: Corviknight\n|-damage|p1a: Corviknight|97/288\n|-damage|p2a: Gallade|216/240|[from] item: Life Orb\n|\n|-heal|p1a: Corviknight|115/288|[from] item: Leftovers\n|upkeep\n|turn|2\n|\n|t:|1782890818\n|move|p2a: Gallade|Sacred Sword|p1a: Corviknight\n|-damage|p1a: Corviknight|0 fnt\n|faint|p1a: Corviknight\n|-damage|p2a: Gallade|192/240|[from] item: Life Orb\n|\n|upkeep\n|\n|t:|1782890821\n|switch|p1a: Porygon-Z|Porygon-Z, L83|277/277\n|turn|3\n|\n|t:|1782890837\n|switch|p2a: Delibird|Delibird, F|252/252\n|-terastallize|p1a: Porygon-Z|Ghost\n|move|p1a: Porygon-Z|Shadow Ball|p2a: Delibird\n|-damage|p2a: Delibird|74/252\n|\n|upkeep\n|turn|4\n|\n|t:|1782890846\n|move|p1a: Porygon-Z|Shadow Ball|p2a: Delibird\n|-damage|p2a: Delibird|0 fnt\n|faint|p2a: Delibird\n|\n|upkeep\n|\n|t:|1782890856\n|switch|p2a: Noctowl|Noctowl, L95, M|344/344\n|turn|5\n|\n|t:|1782890861\n|switch|p1a: Kingdra|Kingdra, L84, M|263/263\n|move|p2a: Noctowl|Calm Mind|p2a: Noctowl\n|-boost|p2a: Noctowl|spa|1\n|-boost|p2a: Noctowl|spd|1\n|\n|upkeep\n|turn|6\n|\n|t:|1782890871\n|move|p1a: Kingdra|Dragon Dance|p1a: Kingdra\n|-boost|p1a: Kingdra|atk|1\n|-boost|p1a: Kingdra|spe|1\n|move|p2a: Noctowl|Hyper Voice|p1a: Kingdra\n|-damage|p1a: Kingdra|119/263\n|\n|upkeep\n|turn|7\n|\n|t:|1782890875\n|move|p1a: Kingdra|Outrage|p2a: Noctowl\n|-damage|p2a: Noctowl|88/344\n|move|p2a: Noctowl|Hyper Voice|p1a: Kingdra\n|-damage|p1a: Kingdra|0 fnt\n|faint|p1a: Kingdra\n|\n|upkeep\n|\n|t:|1782890877\n|switch|p1a: Porygon-Z|Porygon-Z, L83, tera:Ghost|277/277\n|turn|8\n|\n|t:|1782890883\n|switch|p2a: Ampharos|Ampharos, L88, M|302/302\n|move|p1a: Porygon-Z|Ice Beam|p2a: Ampharos\n|-damage|p2a: Ampharos|249/302\n|\n|upkeep\n|turn|9\n|\n|t:|1782890888\n|switch|p1a: Lurantis|Lurantis, L87, F|264/264\n|move|p2a: Ampharos|Volt Switch|p1a: Lurantis\n|-resisted|p1a: Lurantis\n|-damage|p1a: Lurantis|232/264\n|\n|t:|1782890893\n|switch|p2a: Noctowl|Noctowl, L95, M|88/344|[from] Volt Switch\n|\n|upkeep\n|turn|10\n|\n|t:|1782890897\n|switch|p1a: Porygon-Z|Porygon-Z, L83, tera:Ghost|277/277\n|move|p2a: Noctowl|Hurricane|p1a: Porygon-Z\n|-damage|p1a: Porygon-Z|124/277\n|\n|upkeep\n|turn|11\n|\n|t:|1782890903\n|switch|p2a: Ampharos|Ampharos, L88, M|249/302\n|move|p1a: Porygon-Z|Ice Beam|p2a: Ampharos\n|-damage|p2a: Ampharos|196/302\n|\n|upkeep\n|turn|12\n|\n|t:|1782890908\n|switch|p1a: Lurantis|Lurantis, L87, F|232/264\n|move|p2a: Ampharos|Volt Switch|p1a: Lurantis\n|-resisted|p1a: Lurantis\n|-damage|p1a: Lurantis|200/264\n|\n|t:|1782890910\n|switch|p2a: Noctowl|Noctowl, L95, M|88/344|[from] Volt Switch\n|\n|upkeep\n|turn|13\n|\n|t:|1782890916\n|switch|p1a: Clawitzer|Clawitzer, L87, M|265/265\n|move|p2a: Noctowl|Hurricane|p1a: Clawitzer|[miss]\n|-miss|p2a: Noctowl|p1a: Clawitzer\n|\n|upkeep\n|turn|14\n|\n|t:|1782890925\n|move|p2a: Noctowl|Hyper Voice|p1a: Clawitzer\n|-damage|p1a: Clawitzer|195/265\n|move|p1a: Clawitzer|Dragon Pulse|p2a: Noctowl\n|-damage|p2a: Noctowl|0 fnt\n|faint|p2a: Noctowl\n|\n|upkeep\n|\n|t:|1782890930\n|switch|p2a: Ampharos|Ampharos, L88, M|196/302\n|turn|15\n|\n|t:|1782890933\n|switch|p1a: Lurantis|Lurantis, L87, F|200/264\n|move|p2a: Ampharos|Volt Switch|p1a: Lurantis\n|-resisted|p1a: Lurantis\n|-damage|p1a: Lurantis|167/264\n|\n|t:|1782890950\n|switch|p2a: Kommo-o|Kommo-o, L78, M|245/245|[from] Volt Switch\n|\n|upkeep\n|turn|16\n|\n|t:|1782890956\n|move|p2a: Kommo-o|Clangorous Soul|p2a: Kommo-o\n|-boost|p2a: Kommo-o|atk|1\n|-boost|p2a: Kommo-o|def|1\n|-boost|p2a: Kommo-o|spa|1\n|-boost|p2a: Kommo-o|spd|1\n|-boost|p2a: Kommo-o|spe|1\n|-damage|p2a: Kommo-o|165/245\n|-enditem|p2a: Kommo-o|Throat Spray\n|-boost|p2a: Kommo-o|spa|1|[from] item: Throat Spray\n|move|p1a: Lurantis|Superpower|p2a: Kommo-o\n|-damage|p2a: Kommo-o|114/245\n|-boost|p1a: Lurantis|atk|1\n|-boost|p1a: Lurantis|def|1\n|\n|upkeep\n|turn|17\n|\n|t:|1782890966\n|move|p2a: Kommo-o|Clanging Scales|p1a: Lurantis\n|-damage|p1a: Lurantis|28/264\n|-unboost|p2a: Kommo-o|def|1\n|move|p1a: Lurantis|Superpower|p2a: Kommo-o\n|-damage|p2a: Kommo-o|5/245\n|-boost|p1a: Lurantis|atk|1\n|-boost|p1a: Lurantis|def|1\n|\n|upkeep\n|turn|18\n|\n|t:|1782890970\n|move|p2a: Kommo-o|Drain Punch|p1a: Lurantis\n|-damage|p1a: Lurantis|0 fnt\n|-heal|p2a: Kommo-o|19/245|[from] drain|[of] p1a: Lurantis\n|faint|p1a: Lurantis\n|\n|upkeep\n|\n|t:|1782890972\n|switch|p1a: Porygon-Z|Porygon-Z, L83, tera:Ghost|124/277\n|turn|19\n|\n|t:|1782890979\n|move|p1a: Porygon-Z|Shadow Ball|p2a: Kommo-o\n|-damage|p2a: Kommo-o|0 fnt\n|faint|p2a: Kommo-o\n|\n|upkeep\n|\n|t:|1782890982\n|switch|p2a: Ampharos|Ampharos, L88, M|196/302\n|turn|20\n|\n|t:|1782890986\n|move|p1a: Porygon-Z|Shadow Ball|p2a: Ampharos\n|-damage|p2a: Ampharos|112/302\n|move|p2a: Ampharos|Discharge|p1a: Porygon-Z\n|-damage|p1a: Porygon-Z|0 fnt\n|faint|p1a: Porygon-Z\n|\n|upkeep\n|\n|t:|1782890989\n|switch|p1a: Gothitelle|Gothitelle, L90, M|272/272\n|turn|21\n|\n|t:|1782890993\n|move|p1a: Gothitelle|Psychic|p2a: Ampharos\n|-damage|p2a: Ampharos|43/302\n|move|p2a: Ampharos|Volt Switch|p1a: Gothitelle\n|-damage|p1a: Gothitelle|200/272\n|\n|t:|1782891000\n|switch|p2a: Gallade|Gallade, L80, M|192/240|[from] Volt Switch\n|\n|upkeep\n|turn|22\n|\n|t:|1782891003\n|switch|p1a: Clawitzer|Clawitzer, L87, M|195/265\n|move|p2a: Gallade|Night Slash|p1a: Clawitzer\n|-crit|p1a: Clawitzer\n|-damage|p1a: Clawitzer|49/265\n|-damage|p2a: Gallade|168/240|[from] item: Life Orb\n|\n|upkeep\n|turn|23\n|\n|t:|1782891005\n|move|p2a: Gallade|Sacred Sword|p1a: Clawitzer\n|-damage|p1a: Clawitzer|0 fnt\n|faint|p1a: Clawitzer\n|-damage|p2a: Gallade|144/240|[from] item: Life Orb\n|\n|upkeep\n|\n|t:|1782891008\n|switch|p1a: Gothitelle|Gothitelle, L90, M|200/272\n|turn|24\n|\n|t:|1782891014\n|move|p1a: Gothitelle|Psychic|p2a: Gallade\n|-damage|p2a: Gallade|48/240\n|move|p2a: Gallade|Night Slash|p1a: Gothitelle\n|-supereffective|p1a: Gothitelle\n|-damage|p1a: Gothitelle|0 fnt\n|faint|p1a: Gothitelle\n|-damage|p2a: Gallade|24/240|[from] item: Life Orb\n|\n|win|swaqfeq\n|raw|jnpr010334's rating: 1792 &rarr; <strong>1774</strong><br />(-18 for losing)\n|raw|swaqfeq's rating: 1824 &rarr; <strong>1842</strong><br />(+18 for winning)\n", "inputlog": ">version f8ac14003a5f27e1bdc8d8c59608a773c1cb96e5\n>start {\"formatid\":\"gen9randombattle\",\"seed\":\"sodium,335e4b356f3a9fbd4c4f23d7f5677b08\",\"rated\":\"Rated battle\"}\n>player p1 {\"name\":\"jnpr010334\",\"avatar\":\"265\",\"rating\":1834,\"seed\":\"sodium,988e3887cf0358ca7c9ce4e76da69c1a\"}\n>player p2 {\"name\":\"swaqfeq\",\"avatar\":\"az\",\"rating\":1824,\"seed\":\"sodium,62b0c576c7161efcddd9cb69a4a34f8c\"}\n>p1 switch 5\n>p2 move sacredsword\n>p1 move bravebird\n>p2 move sacredsword\n>p1 switch 4\n>p1 move shadowball terastallize\n>p2 switch 6\n>p1 move shadowball\n>p2 move spikes\n>p2 switch 2\n>p1 switch 2\n>p2 move calmmind\n>p1 move dragondance\n>p2 move hypervoice\n>p1 move outrage\n>p2 move hypervoice\n>p1 switch 2\n>p1 move icebeam\n>p2 switch 5\n>p1 switch 5\n>p2 move voltswitch\n>p2 switch 5\n>p1 switch 5\n>p2 move hurricane\n>p1 move icebeam\n>p2 switch 5\n>p1 switch 5\n>p2 move voltswitch\n>p2 switch 5\n>p1 switch 3\n>p2 move hurricane\n>p1 move dragonpulse\n>p2 move hypervoice\n>p2 switch 5\n>p1 switch 3\n>p2 move voltswitch\n>p2 switch 3\n>p1 move superpower\n>p2 move clangoroussoul\n>p1 move superpower\n>p2 move clangingscales\n>p1 move superpower\n>p2 move drainpunch\n>p1 switch 5\n>p1 move shadowball\n>p2 move clangingscales\n>p2 switch 3\n>p1 move shadowball\n>p2 move discharge\n>p1 switch 6\n>p1 move psychic\n>p2 move voltswitch\n>p2 switch 6\n>p1 switch 3\n>p2 move nightslash\n>p1 move waterpulse\n>p2 move sacredsword\n>p1 switch 3\n>p1 move psychic\n>p2 move nightslash", "uploadtime": 1782891014, "views": 3, "formatid": "gen9randombattle", "rating": 1774, "private": 0, "password": null, "player_dets": [{"name": "jnpr010334", "avatar": "265", "rating": 1834, "seed": "sodium,988e3887cf0358ca7c9ce4e76da69c1a"}, {"name": "swaqfeq", "avatar": "az", "rating": 1824, "seed": "sodium,62b0c576c7161efcddd9cb69a4a34f8c"}], "teams_full": [{"Lurantis": {"name": "Lurantis", "species": "Lurantis", "speciesId": "lurantis", "gender": "F", "shiny": false, "level": 87, "moves": ["knockoff", "leafstorm", "leechlife", "superpower"], "ability": "Contrary", "evs": {"hp": 85, "atk": 85, "def": 85, "spa": 85, "spd": 85, "spe": 85}, "ivs": {"hp": 31, "atk": 31, "def": 31, "spa": 31, "spd": 31, "spe": 31}, "item": "Assault Vest", "teraType": "Water", "role": "AV Pivot", "bvs": {"hp": 70, "atk": 105, "def": 90, "spa": 80, "spd": 90, "spe": 45}, "stats": {"hp": 264, "atk": 232, "def": 206, "spa": 189, "spd": 206, "spe": 128}, "types": ["Grass"]}, "Kingdra": {"name": "Kingdra", "species": "Kingdra", "speciesId": "kingdra", "gender": "M", "shiny": false, "level": 84, "moves": ["dragondance", "waterfall", "outrage", "wavecrash"], "ability": "Sniper", "evs": {"hp": 85, "atk": 85, "def": 85, "spa": 85, "spd": 85, "spe": 85}, "ivs": {"hp": 31, "atk": 31, "def": 31, "spa": 31, "spd": 31, "spe": 31}, "item": "Lum Berry", "teraType": "Water", "role": "Setup Sweeper", "bvs": {"hp": 75, "atk": 95, "def": 95, "spa": 95, "spd": 95, "spe": 85}, "stats": {"hp": 263, "atk": 208, "def": 208, "spa": 208, "spd": 208, "spe": 191}, "types": ["Water", "Dragon"]}, "Clawitzer": {"name": "Clawitzer", "species": "Clawitzer", "speciesId": "clawitzer", "gender": "M", "shiny": false, "level": 87, "moves": ["uturn", "dragonpulse", "aurasphere", "waterpulse"], "ability": "Mega Launcher", "evs": {"hp": 85, "atk": 85, "def": 85, "spa": 85, "spd": 85, "spe": 85}, "ivs": {"hp": 31, "atk": 31, "def": 31, "spa": 31, "spd": 31, "spe": 31}, "item": "Assault Vest", "teraType": "Dragon", "role": "AV Pivot", "bvs": {"hp": 71, "atk": 73, "def": 88, "spa": 120, "spd": 89, "spe": 59}, "stats": {"hp": 265, "atk": 177, "def": 203, "spa": 259, "spd": 205, "spe": 152}, "types": ["Water"]}, "Porygon-Z": {"name": "Porygon-Z", "species": "Porygon-Z", "speciesId": "porygonz", "gender": "N", "shiny": false, "level": 83, "moves": ["icebeam", "triattack", "trick", "shadowball"], "ability": "Adaptability", "evs": {"hp": 85, "atk": 0, "def": 85, "spa": 85, "spd": 85, "spe": 85}, "ivs": {"hp": 31, "atk": 0, "def": 31, "spa": 31, "spd": 31, "spe": 31}, "item": "Choice Scarf", "teraType": "Ghost", "role": "Fast Attacker", "bvs": {"hp": 85, "atk": 80, "def": 70, "spa": 135, "spd": 75, "spe": 90}, "stats": {"hp": 277, "atk": 137, "def": 164, "spa": 272, "spd": 172, "spe": 197}, "types": ["Normal"]}, "Corviknight": {"name": "Corviknight", "species": "Corviknight", "speciesId": "corviknight", "gender": "M", "shiny": false, "level": 80, "moves": ["bodypress", "bravebird", "defog", "roost"], "ability": "Pressure", "evs": {"hp": 85, "atk": 85, "def": 85, "spa": 85, "spd": 85, "spe": 85}, "ivs": {"hp": 31, "atk": 31, "def": 31, "spa": 31, "spd": 31, "spe": 31}, "item": "Leftovers", "teraType": "Dragon", "role": "Bulky Support", "bvs": {"hp": 98, "atk": 87, "def": 105, "spa": 53, "spd": 85, "spe": 67}, "stats": {"hp": 288, "atk": 185, "def": 214, "spa": 131, "spd": 182, "spe": 153}, "types": ["Flying", "Steel"]}, "Gothitelle": {"name": "Gothitelle", "species": "Gothitelle", "speciesId": "gothitelle", "gender": "M", "shiny": false, "level": 90, "moves": ["psychic", "darkpulse", "focusblast", "trick"], "ability": "Shadow Tag", "evs": {"hp": 85, "atk": 0, "def": 85, "spa": 85, "spd": 85, "spe": 85}, "ivs": {"hp": 31, "atk": 0, "def": 31, "spa": 31, "spd": 31, "spe": 31}, "item": "Choice Scarf", "teraType": "Steel", "role": "Fast Attacker", "bvs": {"hp": 70, "atk": 55, "def": 95, "spa": 95, "spd": 110, "spe": 65}, "stats": {"hp": 272, "atk": 104, "def": 222, "spa": 222, "spd": 249, "spe": 168}, "types": ["Psychic"]}}, {"Gallade": {"name": "Gallade", "species": "Gallade", "speciesId": "gallade", "gender": "M", "shiny": false, "level": 80, "moves": ["sacredsword", "agility", "nightslash", "psychocut"], "ability": "Sharpness", "evs": {"hp": 85, "atk": 85, "def": 85, "spa": 85, "spd": 85, "spe": 85}, "ivs": {"hp": 31, "atk": 31, "def": 31, "spa": 31, "spd": 31, "spe": 31}, "item": "Life Orb", "teraType": "Fighting", "role": "Setup Sweeper", "bvs": {"hp": 68, "atk": 125, "def": 65, "spa": 65, "spd": 115, "spe": 80}, "stats": {"hp": 240, "atk": 246, "def": 150, "spa": 150, "spd": 230, "spe": 174}, "types": ["Psychic", "Fighting"]}, "Noctowl": {"name": "Noctowl", "species": "Noctowl", "speciesId": "noctowl", "gender": "M", "shiny": false, "level": 95, "moves": ["hypervoice", "roost", "hurricane", "calmmind"], "ability": "Tinted Lens", "evs": {"hp": 85, "atk": 0, "def": 85, "spa": 85, "spd": 85, "spe": 85}, "ivs": {"hp": 31, "atk": 0, "def": 31, "spa": 31, "spd": 31, "spe": 31}, "item": "Heavy-Duty Boots", "teraType": "Normal", "role": "Bulky Attacker", "bvs": {"hp": 100, "atk": 50, "def": 50, "spa": 86, "spd": 96, "spe": 70}, "stats": {"hp": 344, "atk": 100, "def": 149, "spa": 217, "spd": 236, "spe": 187}, "types": ["Normal", "Flying"]}, "Kommo-o": {"name": "Kommo-o", "species": "Kommo-o", "speciesId": "kommoo", "gender": "M", "shiny": false, "level": 78, "moves": ["ironhead", "drainpunch", "clangingscales", "clangoroussoul"], "ability": "Soundproof", "evs": {"hp": 85, "atk": 85, "def": 85, "spa": 85, "spd": 85, "spe": 85}, "ivs": {"hp": 31, "atk": 31, "def": 31, "spa": 31, "spd": 31, "spe": 31}, "item": "Throat Spray", "teraType": "Steel", "role": "Fast Bulky Setup", "bvs": {"hp": 75, "atk": 110, "def": 125, "spa": 100, "spd": 105, "spe": 85}, "stats": {"hp": 245, "atk": 217, "def": 240, "spa": 201, "spd": 209, "spe": 178}, "types": ["Dragon", "Fighting"]}, "Pikachu": {"name": "Pikachu", "species": "Pikachu-Sinnoh", "speciesId": "pikachu", "gender": "M", "shiny": false, "level": 93, "moves": ["knockoff", "surf", "fakeout", "volttackle"], "ability": "Lightning Rod", "evs": {"hp": 85, "atk": 85, "def": 85, "spa": 85, "spd": 85, "spe": 85}, "ivs": {"hp": 31, "atk": 31, "def": 31, "spa": 31, "spd": 31, "spe": 31}, "item": "Light Ball", "teraType": "Water", "role": "Fast Attacker", "bvs": {"hp": 35, "atk": 55, "def": 40, "spa": 50, "spd": 50, "spe": 90}, "stats": {"hp": 216, "atk": 155, "def": 127, "spa": 146, "spd": 146, "spe": 220}, "types": ["Electric"]}, "Ampharos": {"name": "Ampharos", "species": "Ampharos", "speciesId": "ampharos", "gender": "M", "shiny": false, "level": 88, "moves": ["voltswitch", "discharge", "dazzlinggleam", "focusblast"], "ability": "Static", "evs": {"hp": 85, "atk": 0, "def": 85, "spa": 85, "spd": 85, "spe": 85}, "ivs": {"hp": 31, "atk": 0, "def": 31, "spa": 31, "spd": 31, "spe": 31}, "item": "Assault Vest", "teraType": "Fairy", "role": "AV Pivot", "bvs": {"hp": 90, "atk": 75, "def": 85, "spa": 115, "spd": 90, "spe": 55}, "stats": {"hp": 302, "atk": 137, "def": 200, "spa": 253, "spd": 209, "spe": 147}, "types": ["Electric"]}, "Delibird": {"name": "Delibird", "species": "Delibird", "speciesId": "delibird", "gender": "F", "shiny": false, "level": 100, "moves": ["bravebird", "rapidspin", "spikes", "freezedry"], "ability": "Vital Spirit", "evs": {"hp": 85, "atk": 85, "def": 85, "spa": 85, "spd": 85, "spe": 85}, "ivs": {"hp": 31, "atk": 31, "def": 31, "spa": 31, "spd": 31, "spe": 31}, "item": "Heavy-Duty Boots", "teraType": "Ghost", "role": "Fast Support", "bvs": {"hp": 45, "atk": 55, "def": 45, "spa": 65, "spd": 45, "spe": 75}, "stats": {"hp": 252, "atk": 167, "def": 147, "spa": 187, "spd": 147, "spe": 207}, "types": ["Ice", "Flying"]}}]}