{"id": "gen9randombattle-2642229971", "format": "[Gen 9] Random Battle", "players": ["PeterPmpknEater69", "tj131"], "log": "|j|\u2606PeterPmpknEater69\n|j|\u203dtj131\n|t:|1782914097\n|gametype|singles\n|player|p1|PeterPmpknEater69|169|2142\n|player|p2|tj131|unknown|2232\n|gen|9\n|tier|[Gen 9] Random Battle\n|rated|\n|rule|Species Clause: Limit one of each Pok\u00e9mon\n|rule|HP Percentage Mod: HP is shown in percentages\n|rule|Sleep Clause Mod: Limit one foe put to sleep\n|rule|Illusion Level Mod: Illusion disguises the Pok\u00e9mon's true level\n|\n|t:|1782914097\n|teamsize|p1|6\n|teamsize|p2|6\n|start\n|switch|p1a: Arceus|Arceus, L68|276/276\n|switch|p2a: Meganium|Meganium, L90, M|290/290\n|turn|1\n|inactive|Battle timer is ON: inactive players will automatically lose when time's up. (requested by PeterPmpknEater69)\n|\n|t:|1782914115\n|switch|p1a: Bombirdier|Bombirdier, L85, M|258/258\n|move|p2a: Meganium|Swords Dance|p2a: Meganium\n|-boost|p2a: Meganium|atk|2\n|\n|upkeep\n|turn|2\n|\n|t:|1782914126\n|switch|p2a: Pachirisu|Pachirisu, L96, M|271/271\n|move|p1a: Bombirdier|Stealth Rock|p2a: Pachirisu\n|-sidestart|p2: tj131|move: Stealth Rock\n|\n|upkeep\n|turn|3\n|\n|t:|1782914142\n|switch|p1a: Dugtrio|Dugtrio, L84, M|196/196\n|move|p2a: Pachirisu|Super Fang|p1a: Dugtrio\n|-damage|p1a: Dugtrio|98/196\n|\n|upkeep\n|turn|4\n|inactive|tj131 has 120 seconds left.\n|\n|t:|1782914196\n|move|p1a: Dugtrio|Earthquake|p2a: Pachirisu\n|-supereffective|p2a: Pachirisu\n|-damage|p2a: Pachirisu|0 fnt\n|faint|p2a: Pachirisu\n|\n|upkeep\n|\n|t:|1782914203\n|switch|p2a: Yanmega|Yanmega, L82, M|275/275\n|-damage|p2a: Yanmega|138/275|[from] Stealth Rock\n|turn|5\n|inactive|PeterPmpknEater69 has 120 seconds left.\n|\n|t:|1782914261\n|switch|p1a: Bombirdier|Bombirdier, L85, M|258/258\n|move|p2a: Yanmega|Bug Buzz|p1a: Bombirdier\n|-damage|p1a: Bombirdier|104/258\n|\n|upkeep\n|turn|6\n|inactive|PeterPmpknEater69 has 90 seconds left.\n|inactive|tj131 has 90 seconds left.\n|\n|t:|1782914297\n|move|p2a: Yanmega|Bug Buzz|p1a: Bombirdier\n|-damage|p1a: Bombirdier|0 fnt\n|faint|p1a: Bombirdier\n|\n|upkeep\n|\n|t:|1782914308\n|switch|p1a: Granbull|Granbull, L88, M|302/302\n|-ability|p1a: Granbull|Intimidate|boost\n|-unboost|p2a: Yanmega|atk|1\n|turn|7\n|inactive|tj131 has 90 seconds left.\n|\n|t:|1782914320\n|move|p2a: Yanmega|Bug Buzz|p1a: Granbull\n|-resisted|p1a: Granbull\n|-damage|p1a: Granbull|116/302\n|-unboost|p1a: Granbull|spd|1\n|move|p1a: Granbull|Play Rough|p2a: Yanmega\n|-damage|p2a: Yanmega|17/275\n|\n|-heal|p1a: Granbull|134/302|[from] item: Leftovers\n|upkeep\n|turn|8\n|\n|t:|1782914333\n|move|p2a: Yanmega|Bug Buzz|p1a: Granbull\n|-resisted|p1a: Granbull\n|-damage|p1a: Granbull|0 fnt\n|faint|p1a: Granbull\n|\n|upkeep\n|\n|t:|1782914337\n|switch|p1a: Abomasnow|Abomasnow, L84, F|287/287\n|-weather|Snowscape|[from] ability: Snow Warning|[of] p1a: Abomasnow\n|turn|9\n|\n|t:|1782914347\n|switch|p2a: Poliwrath|Poliwrath, L88, F|302/302\n|-damage|p2a: Poliwrath|284/302|[from] Stealth Rock\n|move|p1a: Abomasnow|Ice Shard|p2a: Poliwrath\n|-resisted|p2a: Poliwrath\n|-damage|p2a: Poliwrath|265/302\n|\n|-weather|Snowscape|[upkeep]\n|-heal|p2a: Poliwrath|283/302|[from] item: Leftovers\n|upkeep\n|turn|10\n|inactive|PeterPmpknEater69 has 90 seconds left.\n|\n|t:|1782914357\n|move|p2a: Poliwrath|Bulk Up|p2a: Poliwrath\n|-boost|p2a: Poliwrath|atk|1\n|-boost|p2a: Poliwrath|def|1\n|move|p1a: Abomasnow|Aurora Veil|p1a: Abomasnow\n|-sidestart|p1: PeterPmpknEater69|move: Aurora Veil\n|\n|-weather|Snowscape|[upkeep]\n|-heal|p2a: Poliwrath|301/302|[from] item: Leftovers\n|upkeep\n|turn|11\n|inactive|PeterPmpknEater69 has 90 seconds left.\n|\n|t:|1782914372\n|switch|p1a: Bellossom|Bellossom, L84, M|263/263\n|move|p2a: Poliwrath|Bulk Up|p2a: Poliwrath\n|-boost|p2a: Poliwrath|atk|1\n|-boost|p2a: Poliwrath|def|1\n|\n|-weather|Snowscape|[upkeep]\n|-heal|p2a: Poliwrath|302/302|[from] item: Leftovers\n|upkeep\n|turn|12\n|inactive|PeterPmpknEater69 has 90 seconds left.\n|inactive|tj131 has 120 seconds left.\n|inactive|tj131 has 90 seconds left.\n|\n|t:|1782914431\n|move|p2a: Poliwrath|Ice Punch|p1a: Bellossom\n|-supereffective|p1a: Bellossom\n|-crit|p1a: Bellossom\n|-damage|p1a: Bellossom|0 fnt\n|faint|p1a: Bellossom\n|\n|-weather|Snowscape|[upkeep]\n|upkeep\n|inactive|PeterPmpknEater69 has 90 seconds left.\n|-message|PeterPmpknEater69 forfeited.\n|\n|win|tj131\n|raw|PeterPmpknEater69's rating: 2142 &rarr; <strong>2127</strong><br />(-15 for losing)\n|raw|tj131's rating: 2232 &rarr; <strong>2247</strong><br />(+15 for winning)\n|l|\u2606PeterPmpknEater69\n|player|p1|\n", "inputlog": ">version f8ac14003a5f27e1bdc8d8c59608a773c1cb96e5\n>start {\"formatid\":\"gen9randombattle\",\"seed\":\"sodium,e7de0d45f7bf4f8ca857c68b0a7f4388\",\"rated\":\"Rated battle\"}\n>player p1 {\"name\":\"PeterPmpknEater69\",\"avatar\":\"169\",\"rating\":2142,\"seed\":\"sodium,13a78322648adfd3919b3b872510a491\"}\n>player p2 {\"name\":\"tj131\",\"avatar\":\"unknown\",\"rating\":2232,\"seed\":\"sodium,a2b713648a1da438be8962751c521292\"}\n>p1 switch 3\n>p2 move swordsdance\n>p1 move stealthrock\n>p2 switch 2\n>p1 switch 6\n>p2 move superfang\n>p1 move earthquake\n>p2 move uturn\n>p2 switch 5\n>p1 switch 6\n>p2 move bugbuzz\n>p1 move bravebird\n>p2 move bugbuzz\n>p1 switch 4\n>p1 move playrough\n>p2 move bugbuzz\n>p1 move playrough\n>p2 move bugbuzz\n>p1 switch 5\n>p1 move iceshard\n>p2 switch 4\n>p1 move auroraveil\n>p2 move bulkup\n>p1 switch 2\n>p2 move bulkup\n>p1 move quiverdance\n>p2 move icepunch\n>forcelose p1", "uploadtime": 1782914438, "views": 8, "formatid": "gen9randombattle", "rating": 2127, "private": 0, "password": null, "player_dets": [{"name": "PeterPmpknEater69", "avatar": "169", "rating": 2142, "seed": "sodium,13a78322648adfd3919b3b872510a491"}, {"name": "tj131", "avatar": "unknown", "rating": 2232, "seed": "sodium,a2b713648a1da438be8962751c521292"}], "teams_full": [{"Arceus": {"name": "Arceus", "species": "Arceus", "speciesId": "arceus", "gender": "N", "shiny": false, "level": 68, "moves": ["recover", "extremespeed", "earthquake", "swordsdance"], "ability": "Multitype", "evs": {"hp": 85, "atk": 85, "def": 85, "spa": 85, "spd": 85, "spe": 85}, "ivs": {"hp": 31, "atk": 31, "def": 31, "spa": 31, "spd": 31, "spe": 31}, "item": "Life Orb", "teraType": "Normal", "role": "Setup Sweeper", "bvs": {"hp": 120, "atk": 120, "def": 120, "spa": 120, "spd": 120, "spe": 120}, "stats": {"hp": 276, "atk": 203, "def": 203, "spa": 203, "spd": 203, "spe": 203}, "types": ["Normal"]}, "Bellossom": {"name": "Bellossom", "species": "Bellossom", "speciesId": "bellossom", "gender": "M", "shiny": false, "level": 84, "moves": ["sludgebomb", "gigadrain", "strengthsap", "quiverdance"], "ability": "Chlorophyll", "evs": {"hp": 85, "atk": 0, "def": 85, "spa": 85, "spd": 85, "spe": 85}, "ivs": {"hp": 31, "atk": 0, "def": 31, "spa": 31, "spd": 31, "spe": 31}, "item": "Leftovers", "teraType": "Poison", "role": "Bulky Setup", "bvs": {"hp": 75, "atk": 80, "def": 95, "spa": 90, "spd": 100, "spe": 50}, "stats": {"hp": 263, "atk": 139, "def": 208, "spa": 199, "spd": 216, "spe": 132}, "types": ["Grass"]}, "Bombirdier": {"name": "Bombirdier", "species": "Bombirdier", "speciesId": "bombirdier", "gender": "M", "shiny": false, "level": 85, "moves": ["roost", "stealthrock", "bravebird", "knockoff"], "ability": "Big Pecks", "evs": {"hp": 85, "atk": 85, "def": 85, "spa": 85, "spd": 85, "spe": 85}, "ivs": {"hp": 31, "atk": 31, "def": 31, "spa": 31, "spd": 31, "spe": 31}, "item": "Heavy-Duty Boots", "teraType": "Steel", "role": "Bulky Support", "bvs": {"hp": 70, "atk": 103, "def": 85, "spa": 60, "spd": 85, "spe": 82}, "stats": {"hp": 258, "atk": 224, "def": 193, "spa": 151, "spd": 193, "spe": 188}, "types": ["Flying", "Dark"]}, "Granbull": {"name": "Granbull", "species": "Granbull", "speciesId": "granbull", "gender": "M", "shiny": false, "level": 88, "moves": ["playrough", "earthquake", "thunderwave", "encore"], "ability": "Intimidate", "evs": {"hp": 85, "atk": 85, "def": 85, "spa": 85, "spd": 85, "spe": 85}, "ivs": {"hp": 31, "atk": 31, "def": 31, "spa": 31, "spd": 31, "spe": 31}, "item": "Leftovers", "teraType": "Ground", "role": "Bulky Attacker", "bvs": {"hp": 90, "atk": 120, "def": 75, "spa": 60, "spd": 60, "spe": 45}, "stats": {"hp": 302, "atk": 261, "def": 182, "spa": 156, "spd": 156, "spe": 129}, "types": ["Fairy"]}, "Abomasnow": {"name": "Abomasnow", "species": "Abomasnow", "speciesId": "abomasnow", "gender": "F", "shiny": false, "level": 84, "moves": ["auroraveil", "iceshard", "woodhammer", "blizzard"], "ability": "Snow Warning", "evs": {"hp": 77, "atk": 85, "def": 85, "spa": 85, "spd": 85, "spe": 85}, "ivs": {"hp": 31, "atk": 31, "def": 31, "spa": 31, "spd": 31, "spe": 31}, "item": "Light Clay", "teraType": "Water", "role": "Bulky Support", "bvs": {"hp": 90, "atk": 92, "def": 75, "spa": 92, "spd": 85, "spe": 60}, "stats": {"hp": 287, "atk": 203, "def": 174, "spa": 203, "spd": 191, "spe": 149}, "types": ["Grass", "Ice"]}, "Dugtrio": {"name": "Dugtrio", "species": "Dugtrio", "speciesId": "dugtrio", "gender": "M", "shiny": false, "level": 84, "moves": ["throatchop", "stoneedge", "earthquake", "suckerpunch"], "ability": "Arena Trap", "evs": {"hp": 85, "atk": 85, "def": 85, "spa": 85, "spd": 85, "spe": 85}, "ivs": {"hp": 31, "atk": 31, "def": 31, "spa": 31, "spd": 31, "spe": 31}, "item": "Choice Band", "teraType": "Ground", "role": "Wallbreaker", "bvs": {"hp": 35, "atk": 100, "def": 50, "spa": 50, "spd": 70, "spe": 120}, "stats": {"hp": 196, "atk": 216, "def": 132, "spa": 132, "spd": 166, "spe": 250}, "types": ["Ground"]}}, {"Meganium": {"name": "Meganium", "species": "Meganium", "speciesId": "meganium", "gender": "M", "shiny": false, "level": 90, "moves": ["knockoff", "swordsdance", "earthquake", "petalblizzard"], "ability": "Overgrow", "evs": {"hp": 85, "atk": 85, "def": 85, "spa": 85, "spd": 85, "spe": 85}, "ivs": {"hp": 31, "atk": 31, "def": 31, "spa": 31, "spd": 31, "spe": 31}, "item": "Leftovers", "teraType": "Ground", "role": "Bulky Setup", "bvs": {"hp": 80, "atk": 82, "def": 100, "spa": 83, "spd": 100, "spe": 80}, "stats": {"hp": 290, "atk": 199, "def": 231, "spa": 201, "spd": 231, "spe": 195}, "types": ["Grass"]}, "Pachirisu": {"name": "Pachirisu", "species": "Pachirisu", "speciesId": "pachirisu", "gender": "M", "shiny": false, "level": 96, "moves": ["superfang", "nuzzle", "uturn", "thunderbolt"], "ability": "Volt Absorb", "evs": {"hp": 85, "atk": 85, "def": 85, "spa": 85, "spd": 85, "spe": 85}, "ivs": {"hp": 31, "atk": 31, "def": 31, "spa": 31, "spd": 31, "spe": 31}, "item": "Assault Vest", "teraType": "Flying", "role": "AV Pivot", "bvs": {"hp": 60, "atk": 45, "def": 70, "spa": 45, "spd": 90, "spe": 95}, "stats": {"hp": 271, "atk": 141, "def": 189, "spa": 141, "spd": 227, "spe": 237}, "types": ["Electric"]}, "Gouging Fire": {"name": "Gouging Fire", "species": "Gouging Fire", "speciesId": "gougingfire", "gender": "N", "shiny": false, "level": 74, "moves": ["dragondance", "outrage", "heatcrash", "earthquake"], "ability": "Protosynthesis", "evs": {"hp": 85, "atk": 85, "def": 85, "spa": 85, "spd": 85, "spe": 85}, "ivs": {"hp": 31, "atk": 31, "def": 31, "spa": 31, "spd": 31, "spe": 31}, "item": "Heavy-Duty Boots", "teraType": "Ground", "role": "Setup Sweeper", "bvs": {"hp": 105, "atk": 115, "def": 121, "spa": 65, "spd": 93, "spe": 91}, "stats": {"hp": 277, "atk": 213, "def": 222, "spa": 139, "spd": 181, "spe": 178}, "types": ["Fire", "Dragon"]}, "Poliwrath": {"name": "Poliwrath", "species": "Poliwrath", "speciesId": "poliwrath", "gender": "F", "shiny": false, "level": 88, "moves": ["drainpunch", "liquidation", "bulkup", "icepunch"], "ability": "Water Absorb", "evs": {"hp": 85, "atk": 85, "def": 85, "spa": 85, "spd": 85, "spe": 85}, "ivs": {"hp": 31, "atk": 31, "def": 31, "spa": 31, "spd": 31, "spe": 31}, "item": "Leftovers", "teraType": "Fighting", "role": "Bulky Setup", "bvs": {"hp": 90, "atk": 95, "def": 95, "spa": 70, "spd": 90, "spe": 70}, "stats": {"hp": 302, "atk": 217, "def": 217, "spa": 173, "spd": 209, "spe": 173}, "types": ["Water", "Fighting"]}, "Yanmega": {"name": "Yanmega", "species": "Yanmega", "speciesId": "yanmega", "gender": "M", "shiny": false, "level": 82, "moves": ["bugbuzz", "airslash", "gigadrain", "uturn"], "ability": "Tinted Lens", "evs": {"hp": 85, "atk": 85, "def": 85, "spa": 85, "spd": 85, "spe": 85}, "ivs": {"hp": 31, "atk": 31, "def": 31, "spa": 31, "spd": 31, "spe": 31}, "item": "Choice Specs", "teraType": "Bug", "role": "Wallbreaker", "bvs": {"hp": 86, "atk": 76, "def": 86, "spa": 116, "spd": 56, "spe": 95}, "stats": {"hp": 275, "atk": 172, "def": 188, "spa": 237, "spd": 139, "spe": 203}, "types": ["Bug", "Flying"]}, "Lunala": {"name": "Lunala", "species": "Lunala", "speciesId": "lunala", "gender": "N", "shiny": false, "level": 70, "moves": ["calmmind", "focusblast", "moongeistbeam", "moonlight"], "ability": "Shadow Shield", "evs": {"hp": 85, "atk": 0, "def": 85, "spa": 85, "spd": 85, "spe": 85}, "ivs": {"hp": 31, "atk": 0, "def": 31, "spa": 31, "spd": 31, "spe": 31}, "item": "Leftovers", "teraType": "Fighting", "role": "Bulky Setup", "bvs": {"hp": 137, "atk": 113, "def": 89, "spa": 137, "spd": 107, "spe": 97}, "stats": {"hp": 308, "atk": 163, "def": 166, "spa": 233, "spd": 191, "spe": 177}, "types": ["Psychic", "Ghost"]}}]}