{"id": "gen9randombattle-2641578439", "format": "[Gen 9] Random Battle", "players": ["SquadLeCuisto", "gothampaladin"], "log": "|j|\u2606SquadLeCuisto\n|j|\u2606gothampaladin\n|t:|1782811944\n|gametype|singles\n|player|p1|SquadLeCuisto|102|2154\n|player|p2|gothampaladin|flannery|2214\n|gen|9\n|tier|[Gen 9] Random Battle\n|rated|\n|rule|Species Clause: Limit one of each Pok\u00e9mon\n|rule|HP Percentage Mod: HP is shown in percentages\n|rule|Sleep Clause Mod: Limit one foe put to sleep\n|rule|Illusion Level Mod: Illusion disguises the Pok\u00e9mon's true level\n|\n|t:|1782811944\n|teamsize|p1|6\n|teamsize|p2|6\n|start\n|switch|p1a: Typhlosion|Typhlosion-Hisui, L83, F|257/257\n|switch|p2a: Whimsicott|Whimsicott, L84, M|238/238\n|turn|1\n|inactive|Battle timer is ON: inactive players will automatically lose when time's up. (requested by gothampaladin)\n|\n|t:|1782811968\n|move|p2a: Whimsicott|Substitute|p2a: Whimsicott\n|-start|p2a: Whimsicott|Substitute\n|-damage|p2a: Whimsicott|179/238\n|move|p1a: Typhlosion|Fire Blast|p2a: Whimsicott\n|-supereffective|p2a: Whimsicott\n|-end|p2a: Whimsicott|Substitute\n|\n|-heal|p2a: Whimsicott|193/238|[from] item: Leftovers\n|upkeep\n|turn|2\n|\n|t:|1782811976\n|switch|p2a: Lycanroc|Lycanroc-Midnight, L89, F|296/296\n|move|p1a: Typhlosion|Shadow Ball|p2a: Lycanroc\n|-damage|p2a: Lycanroc|188/296\n|\n|upkeep\n|turn|3\n|\n|t:|1782811984\n|switch|p1a: Wyrdeer|Wyrdeer, L87, F|321/321\n|-ability|p1a: Wyrdeer|Intimidate|boost\n|-unboost|p2a: Lycanroc|atk|1\n|move|p2a: Lycanroc|Stone Edge|p1a: Wyrdeer\n|-damage|p1a: Wyrdeer|187/321\n|-damage|p2a: Lycanroc|159/296|[from] item: Life Orb\n|\n|upkeep\n|turn|4\n|\n|t:|1782811995\n|switch|p2a: Morpeko|Morpeko, L88, M|245/245\n|move|p1a: Wyrdeer|Psychic Noise|p2a: Morpeko\n|-immune|p2a: Morpeko\n|\n|-formechange|p2a: Morpeko|Morpeko-Hangry||[from] ability: Hunger Switch\n|upkeep\n|turn|5\n|\n|t:|1782812003\n|switch|p1a: Arceus|Arceus-Fairy, L69|280/280\n|move|p2a: Morpeko|Knock Off|p1a: Arceus\n|-resisted|p1a: Arceus\n|-crit|p1a: Arceus\n|-damage|p1a: Arceus|223/280\n|\n|-formechange|p2a: Morpeko|Morpeko||[from] ability: Hunger Switch\n|upkeep\n|turn|6\n|\n|t:|1782812015\n|switch|p2a: Ceruledge|Ceruledge, L78, M|245/245\n|move|p1a: Arceus|Judgment|p2a: Ceruledge\n|-resisted|p2a: Ceruledge\n|-damage|p2a: Ceruledge|196/245\n|\n|upkeep\n|turn|7\n|\n|t:|1782812020\n|move|p1a: Arceus|Earth Power|p2a: Ceruledge\n|-supereffective|p2a: Ceruledge\n|-damage|p2a: Ceruledge|100/245\n|move|p2a: Ceruledge|Swords Dance|p2a: Ceruledge\n|-boost|p2a: Ceruledge|atk|2\n|\n|upkeep\n|turn|8\n|\n|t:|1782812025\n|move|p1a: Arceus|Earth Power|p2a: Ceruledge\n|-supereffective|p2a: Ceruledge\n|-damage|p2a: Ceruledge|6/245\n|-unboost|p2a: Ceruledge|spd|1\n|move|p2a: Ceruledge|Bitter Blade|p1a: Arceus\n|-damage|p1a: Arceus|27/280\n|-heal|p2a: Ceruledge|104/245|[from] drain|[of] p1a: Arceus\n|\n|upkeep\n|turn|9\n|\n|t:|1782812033\n|move|p2a: Ceruledge|Shadow Sneak|p1a: Arceus\n|-damage|p1a: Arceus|0 fnt\n|faint|p1a: Arceus\n|\n|upkeep\n|\n|t:|1782812041\n|switch|p1a: Hydreigon|Hydreigon, L79, F|275/275\n|turn|10\n|\n|t:|1782812049\n|switch|p2a: Wigglytuff|Wigglytuff, L96, F|424/424\n|move|p1a: Hydreigon|Dark Pulse|p2a: Wigglytuff\n|-resisted|p2a: Wigglytuff\n|-damage|p2a: Wigglytuff|343/424\n|-damage|p1a: Hydreigon|248/275|[from] item: Life Orb\n|\n|-heal|p2a: Wigglytuff|369/424|[from] item: Leftovers\n|upkeep\n|turn|11\n|\n|t:|1782812059\n|switch|p1a: Wyrdeer|Wyrdeer, L87, F|187/321\n|-ability|p1a: Wyrdeer|Intimidate|boost\n|-unboost|p2a: Wigglytuff|atk|1\n|-ability|p2a: Wigglytuff|Competitive|boost\n|-boost|p2a: Wigglytuff|spa|2\n|move|p2a: Wigglytuff|Wish|p2a: Wigglytuff\n|\n|-heal|p2a: Wigglytuff|395/424|[from] item: Leftovers\n|upkeep\n|turn|12\n|\n|t:|1782812063\n|move|p1a: Wyrdeer|Psychic Noise|p2a: Wigglytuff\n|-damage|p2a: Wigglytuff|278/424\n|-start|p2a: Wigglytuff|move: Heal Block\n|move|p2a: Wigglytuff|Dazzling Gleam|p1a: Wyrdeer\n|-damage|p1a: Wyrdeer|45/321\n|\n|upkeep\n|turn|13\n|\n|t:|1782812069\n|move|p1a: Wyrdeer|Body Slam|p2a: Wigglytuff\n|-damage|p2a: Wigglytuff|130/424\n|-status|p2a: Wigglytuff|par\n|move|p2a: Wigglytuff|Dazzling Gleam|p1a: Wyrdeer\n|-damage|p1a: Wyrdeer|0 fnt\n|faint|p1a: Wyrdeer\n|\n|-end|p2a: Wigglytuff|move: Heal Block\n|upkeep\n|\n|t:|1782812096\n|switch|p1a: Hydreigon|Hydreigon, L79, F|248/275\n|turn|14\n|\n|t:|1782812098\n|move|p1a: Hydreigon|Fire Blast|p2a: Wigglytuff\n|-damage|p2a: Wigglytuff|0 fnt\n|faint|p2a: Wigglytuff\n|-damage|p1a: Hydreigon|221/275|[from] item: Life Orb\n|\n|upkeep\n|\n|t:|1782812105\n|switch|p2a: Whimsicott|Whimsicott, L84, M|193/238\n|turn|15\n|\n|t:|1782812113\n|-terastallize|p1a: Hydreigon|Fire\n|move|p2a: Whimsicott|Substitute|p2a: Whimsicott\n|-start|p2a: Whimsicott|Substitute\n|-damage|p2a: Whimsicott|134/238\n|move|p1a: Hydreigon|Fire Blast|p2a: Whimsicott\n|-supereffective|p2a: Whimsicott\n|-end|p2a: Whimsicott|Substitute\n|-damage|p1a: Hydreigon|194/275|[from] item: Life Orb\n|\n|-heal|p2a: Whimsicott|148/238|[from] item: Leftovers\n|upkeep\n|turn|16\n|\n|t:|1782812120\n|move|p2a: Whimsicott|Substitute|p2a: Whimsicott\n|-start|p2a: Whimsicott|Substitute\n|-damage|p2a: Whimsicott|89/238\n|move|p1a: Hydreigon|Fire Blast|p2a: Whimsicott\n|-supereffective|p2a: Whimsicott\n|-end|p2a: Whimsicott|Substitute\n|-damage|p1a: Hydreigon|167/275|[from] item: Life Orb\n|\n|-heal|p2a: Whimsicott|103/238|[from] item: Leftovers\n|upkeep\n|turn|17\n|\n|t:|1782812122\n|move|p2a: Whimsicott|Substitute|p2a: Whimsicott\n|-start|p2a: Whimsicott|Substitute\n|-damage|p2a: Whimsicott|44/238\n|move|p1a: Hydreigon|Fire Blast|p2a: Whimsicott\n|-supereffective|p2a: Whimsicott\n|-end|p2a: Whimsicott|Substitute\n|-damage|p1a: Hydreigon|140/275|[from] item: Life Orb\n|\n|-heal|p2a: Whimsicott|58/238|[from] item: Leftovers\n|upkeep\n|turn|18\n|\n|t:|1782812126\n|move|p2a: Whimsicott|Moonblast|p1a: Hydreigon\n|-resisted|p1a: Hydreigon\n|-damage|p1a: Hydreigon|100/275\n|move|p1a: Hydreigon|Fire Blast|p2a: Whimsicott\n|-supereffective|p2a: Whimsicott\n|-damage|p2a: Whimsicott|0 fnt\n|faint|p2a: Whimsicott\n|-damage|p1a: Hydreigon|73/275|[from] item: Life Orb\n|\n|upkeep\n|\n|t:|1782812135\n|switch|p2a: Morpeko|Morpeko, L88, M|245/245\n|turn|19\n|\n|t:|1782812140\n|switch|p1a: Jolteon|Jolteon, L84, F|246/246\n|move|p2a: Morpeko|Aura Wheel|p1a: Jolteon\n|-immune|p1a: Jolteon|[from] ability: Volt Absorb\n|\n|-formechange|p2a: Morpeko|Morpeko-Hangry||[from] ability: Hunger Switch\n|upkeep\n|turn|20\n|\n|t:|1782812154\n|move|p1a: Jolteon|Tera Blast|p2a: Morpeko\n|-damage|p2a: Morpeko|165/245\n|move|p2a: Morpeko|Aura Wheel|p1a: Jolteon\n|-damage|p1a: Jolteon|84/246\n|-boost|p2a: Morpeko|spe|1\n|\n|-heal|p2a: Morpeko|180/245|[from] item: Leftovers\n|-heal|p1a: Jolteon|99/246|[from] item: Leftovers\n|-formechange|p2a: Morpeko|Morpeko||[from] ability: Hunger Switch\n|upkeep\n|turn|21\n|\n|t:|1782812158\n|move|p2a: Morpeko|Knock Off|p1a: Jolteon\n|-damage|p1a: Jolteon|0 fnt\n|-enditem|p1a: Jolteon|Leftovers|[from] move: Knock Off|[of] p2a: Morpeko\n|faint|p1a: Jolteon\n|\n|-heal|p2a: Morpeko|195/245|[from] item: Leftovers\n|-formechange|p2a: Morpeko|Morpeko-Hangry||[from] ability: Hunger Switch\n|upkeep\n|\n|t:|1782812175\n|switch|p1a: Golduck|Golduck, L90, M|290/290\n|-ability|p1a: Golduck|Cloud Nine\n|turn|22\n|\n|t:|1782812182\n|move|p2a: Morpeko|Knock Off|p1a: Golduck\n|-damage|p1a: Golduck|184/290\n|-enditem|p1a: Golduck|Leftovers|[from] move: Knock Off|[of] p2a: Morpeko\n|move|p1a: Golduck|Nasty Plot|p1a: Golduck\n|-boost|p1a: Golduck|spa|2\n|\n|-heal|p2a: Morpeko|210/245|[from] item: Leftovers\n|-formechange|p2a: Morpeko|Morpeko||[from] ability: Hunger Switch\n|upkeep\n|turn|23\n|-message|SquadLeCuisto forfeited.\n|\n|win|gothampaladin\n", "inputlog": ">version f8ac14003a5f27e1bdc8d8c59608a773c1cb96e5\n>start {\"formatid\":\"gen9randombattle\",\"seed\":\"sodium,cc49452bfa858e55d36dfb809d24d74c\",\"rated\":\"Rated battle\"}\n>player p1 {\"name\":\"SquadLeCuisto\",\"avatar\":\"102\",\"rating\":2154,\"seed\":\"sodium,d288bc3f19616a57845b5c61fd2f96fa\"}\n>player p2 {\"name\":\"gothampaladin\",\"avatar\":\"flannery\",\"rating\":2214,\"seed\":\"sodium,8f9cae9628e5fa8bc6ce50c15a22024b\"}\n>p1 move fireblast\n>p2 move substitute\n>p1 move shadowball\n>p2 switch 2\n>p1 switch 4\n>p2 move stoneedge\n>p1 move psychicnoise\n>p2 switch 4\n>p1 switch 2\n>p2 move knockoff\n>p1 move judgment\n>p2 switch 3\n>p1 move earthpower\n>p2 move swordsdance\n>p1 move earthpower\n>p2 move bitterblade\n>p1 move earthpower\n>p2 move shadowsneak\n>p1 switch 5\n>p1 move darkpulse\n>p2 switch 6\n>p1 switch 2\n>p2 move wish\n>p1 move psychicnoise\n>p2 move dazzlinggleam\n>p1 move bodyslam\n>p2 move dazzlinggleam\n>p1 switch 2\n>p1 move fireblast\n>p2 move dazzlinggleam\n>p2 switch 2\n>p1 move fireblast terastallize\n>p2 move substitute\n>p1 move fireblast\n>p2 move substitute\n>p1 move fireblast\n>p2 move substitute\n>p1 move fireblast\n>p2 move moonblast\n>p2 switch 3\n>p1 switch 3\n>p2 move aurawheel\n>p1 move terablast\n>p2 move aurawheel\n>p1 move substitute\n>p2 move knockoff\n>p1 switch 6\n>p1 move nastyplot\n>p2 move knockoff\n>forcelose p1", "uploadtime": 1782811946, "views": 5, "formatid": "gen9randombattle", "rating": null, "private": 0, "password": null, "player_dets": [{"name": "SquadLeCuisto", "avatar": "102", "rating": 2154, "seed": "sodium,d288bc3f19616a57845b5c61fd2f96fa"}, {"name": "gothampaladin", "avatar": "flannery", "rating": 2214, "seed": "sodium,8f9cae9628e5fa8bc6ce50c15a22024b"}], "teams_full": [{"Typhlosion": {"name": "Typhlosion", "species": "Typhlosion-Hisui", "speciesId": "typhlosionhisui", "gender": "F", "shiny": false, "level": 83, "moves": ["substitute", "fireblast", "shadowball", "calmmind"], "ability": "Blaze", "evs": {"hp": 85, "atk": 0, "def": 85, "spa": 85, "spd": 85, "spe": 85}, "ivs": {"hp": 31, "atk": 0, "def": 31, "spa": 31, "spd": 31, "spe": 31}, "item": "Leftovers", "teraType": "Ghost", "role": "Fast Bulky Setup", "bvs": {"hp": 73, "atk": 84, "def": 78, "spa": 119, "spd": 85, "spe": 95}, "stats": {"hp": 257, "atk": 144, "def": 177, "spa": 245, "spd": 189, "spe": 205}, "types": ["Fire", "Ghost"]}, "Arceus": {"name": "Arceus", "species": "Arceus-Fairy", "speciesId": "arceusfairy", "gender": "N", "shiny": false, "level": 69, "moves": ["judgment", "earthpower", "calmmind", "recover"], "ability": "Multitype", "evs": {"hp": 85, "atk": 0, "def": 85, "spa": 85, "spd": 85, "spe": 85}, "ivs": {"hp": 31, "atk": 0, "def": 31, "spa": 31, "spd": 31, "spe": 31}, "item": "Pixie Plate", "teraType": "Steel", "role": "Bulky Setup", "bvs": {"hp": 120, "atk": 120, "def": 120, "spa": 120, "spd": 120, "spe": 120}, "stats": {"hp": 280, "atk": 170, "def": 206, "spa": 206, "spd": 206, "spe": 206}, "types": ["Fairy"]}, "Jolteon": {"name": "Jolteon", "species": "Jolteon", "speciesId": "jolteon", "gender": "F", "shiny": false, "level": 84, "moves": ["calmmind", "substitute", "terablast", "thunderbolt"], "ability": "Volt Absorb", "evs": {"hp": 85, "atk": 0, "def": 85, "spa": 85, "spd": 85, "spe": 85}, "ivs": {"hp": 31, "atk": 0, "def": 31, "spa": 31, "spd": 31, "spe": 31}, "item": "Leftovers", "teraType": "Ice", "role": "Tera Blast user", "bvs": {"hp": 65, "atk": 65, "def": 60, "spa": 110, "spd": 95, "spe": 130}, "stats": {"hp": 246, "atk": 114, "def": 149, "spa": 233, "spd": 208, "spe": 267}, "types": ["Electric"]}, "Wyrdeer": {"name": "Wyrdeer", "species": "Wyrdeer", "speciesId": "wyrdeer", "gender": "F", "shiny": false, "level": 87, "moves": ["bodyslam", "earthquake", "megahorn", "psychicnoise"], "ability": "Intimidate", "evs": {"hp": 85, "atk": 85, "def": 85, "spa": 85, "spd": 85, "spe": 85}, "ivs": {"hp": 31, "atk": 31, "def": 31, "spa": 31, "spd": 31, "spe": 31}, "item": "Assault Vest", "teraType": "Ground", "role": "Bulky Attacker", "bvs": {"hp": 103, "atk": 105, "def": 72, "spa": 105, "spd": 75, "spe": 65}, "stats": {"hp": 321, "atk": 232, "def": 175, "spa": 232, "spd": 180, "spe": 163}, "types": ["Normal", "Psychic"]}, "Hydreigon": {"name": "Hydreigon", "species": "Hydreigon", "speciesId": "hydreigon", "gender": "F", "shiny": false, "level": 79, "moves": ["fireblast", "dracometeor", "darkpulse", "nastyplot"], "ability": "Levitate", "evs": {"hp": 85, "atk": 0, "def": 85, "spa": 85, "spd": 85, "spe": 85}, "ivs": {"hp": 31, "atk": 0, "def": 31, "spa": 31, "spd": 31, "spe": 31}, "item": "Life Orb", "teraType": "Fire", "role": "Fast Attacker", "bvs": {"hp": 92, "atk": 105, "def": 90, "spa": 125, "spd": 90, "spe": 98}, "stats": {"hp": 275, "atk": 170, "def": 188, "spa": 243, "spd": 188, "spe": 200}, "types": ["Dark", "Dragon"]}, "Golduck": {"name": "Golduck", "species": "Golduck", "speciesId": "golduck", "gender": "M", "shiny": false, "level": 90, "moves": ["grassknot", "icebeam", "nastyplot", "hydropump"], "ability": "Cloud Nine", "evs": {"hp": 85, "atk": 0, "def": 85, "spa": 85, "spd": 85, "spe": 85}, "ivs": {"hp": 31, "atk": 0, "def": 31, "spa": 31, "spd": 31, "spe": 31}, "item": "Leftovers", "teraType": "Water", "role": "Bulky Setup", "bvs": {"hp": 80, "atk": 82, "def": 78, "spa": 95, "spd": 80, "spe": 85}, "stats": {"hp": 290, "atk": 152, "def": 192, "spa": 222, "spd": 195, "spe": 204}, "types": ["Water"]}}, {"Whimsicott": {"name": "Whimsicott", "species": "Whimsicott", "speciesId": "whimsicott", "gender": "M", "shiny": false, "level": 84, "moves": ["substitute", "moonblast", "leechseed", "encore"], "ability": "Prankster", "evs": {"hp": 85, "atk": 0, "def": 85, "spa": 85, "spd": 85, "spe": 85}, "ivs": {"hp": 31, "atk": 0, "def": 31, "spa": 31, "spd": 31, "spe": 31}, "item": "Leftovers", "teraType": "Poison", "role": "Bulky Support", "bvs": {"hp": 60, "atk": 67, "def": 85, "spa": 77, "spd": 75, "spe": 116}, "stats": {"hp": 238, "atk": 117, "def": 191, "spa": 178, "spd": 174, "spe": 243}, "types": ["Grass", "Fairy"]}, "Lycanroc": {"name": "Lycanroc", "species": "Lycanroc-Midnight", "speciesId": "lycanrocmidnight", "gender": "F", "shiny": false, "level": 89, "moves": ["closecombat", "swordsdance", "playrough", "stoneedge"], "ability": "No Guard", "evs": {"hp": 85, "atk": 85, "def": 85, "spa": 85, "spd": 85, "spe": 85}, "ivs": {"hp": 31, "atk": 31, "def": 31, "spa": 31, "spd": 31, "spe": 31}, "item": "Life Orb", "teraType": "Fighting", "role": "Fast Attacker", "bvs": {"hp": 85, "atk": 115, "def": 75, "spa": 55, "spd": 75, "spe": 82}, "stats": {"hp": 296, "atk": 255, "def": 184, "spa": 149, "spd": 184, "spe": 197}, "types": ["Rock"]}, "Ceruledge": {"name": "Ceruledge", "species": "Ceruledge", "speciesId": "ceruledge", "gender": "M", "shiny": false, "level": 78, "moves": ["shadowsneak", "bitterblade", "swordsdance", "poltergeist"], "ability": "Weak Armor", "evs": {"hp": 85, "atk": 85, "def": 85, "spa": 85, "spd": 85, "spe": 85}, "ivs": {"hp": 31, "atk": 31, "def": 31, "spa": 31, "spd": 31, "spe": 31}, "item": "Heavy-Duty Boots", "teraType": "Ghost", "role": "Setup Sweeper", "bvs": {"hp": 75, "atk": 125, "def": 80, "spa": 60, "spd": 100, "spe": 85}, "stats": {"hp": 245, "atk": 240, "def": 170, "spa": 139, "spd": 201, "spe": 178}, "types": ["Fire", "Ghost"]}, "Morpeko": {"name": "Morpeko", "species": "Morpeko", "speciesId": "morpeko", "gender": "M", "shiny": false, "level": 88, "moves": ["aurawheel", "rapidspin", "knockoff", "protect"], "ability": "Hunger Switch", "evs": {"hp": 85, "atk": 85, "def": 85, "spa": 85, "spd": 85, "spe": 85}, "ivs": {"hp": 31, "atk": 31, "def": 31, "spa": 31, "spd": 31, "spe": 31}, "item": "Leftovers", "teraType": "Electric", "role": "Bulky Attacker", "bvs": {"hp": 58, "atk": 95, "def": 58, "spa": 70, "spd": 58, "spe": 97}, "stats": {"hp": 245, "atk": 217, "def": 152, "spa": 173, "spd": 152, "spe": 221}, "types": ["Electric", "Dark"]}, "Floatzel": {"name": "Floatzel", "species": "Floatzel", "speciesId": "floatzel", "gender": "F", "shiny": false, "level": 86, "moves": ["bulkup", "icespinner", "wavecrash", "taunt"], "ability": "Water Veil", "evs": {"hp": 85, "atk": 85, "def": 85, "spa": 85, "spd": 85, "spe": 85}, "ivs": {"hp": 31, "atk": 31, "def": 31, "spa": 31, "spd": 31, "spe": 31}, "item": "Leftovers", "teraType": "Water", "role": "Bulky Setup", "bvs": {"hp": 85, "atk": 105, "def": 55, "spa": 85, "spd": 50, "spe": 115}, "stats": {"hp": 286, "atk": 230, "def": 144, "spa": 195, "spd": 135, "spe": 247}, "types": ["Water"]}, "Wigglytuff": {"name": "Wigglytuff", "species": "Wigglytuff", "speciesId": "wigglytuff", "gender": "F", "shiny": false, "level": 96, "moves": ["dazzlinggleam", "wish", "knockoff", "protect"], "ability": "Competitive", "evs": {"hp": 85, "atk": 85, "def": 85, "spa": 85, "spd": 85, "spe": 85}, "ivs": {"hp": 31, "atk": 31, "def": 31, "spa": 31, "spd": 31, "spe": 31}, "item": "Leftovers", "teraType": "Steel", "role": "Bulky Support", "bvs": {"hp": 140, "atk": 70, "def": 45, "spa": 85, "spd": 50, "spe": 45}, "stats": {"hp": 424, "atk": 189, "def": 141, "spa": 218, "spd": 150, "spe": 141}, "types": ["Normal", "Fairy"]}}]}