{"id": "gen9randombattle-2641959162", "format": "[Gen 9] Random Battle", "players": ["DutchmanDevin", "saya9de"], "log": "|j|\u2606DutchmanDevin\n|j|\u2606saya9de\n|t:|1782864938\n|gametype|singles\n|player|p1|DutchmanDevin|brycen|1696\n|player|p2|saya9de|roxie|1721\n|gen|9\n|tier|[Gen 9] Random Battle\n|rated|\n|rule|Species Clause: Limit one of each Pok\u00e9mon\n|rule|HP Percentage Mod: HP is shown in percentages\n|rule|Sleep Clause Mod: Limit one foe put to sleep\n|rule|Illusion Level Mod: Illusion disguises the Pok\u00e9mon's true level\n|\n|t:|1782864938\n|teamsize|p1|6\n|teamsize|p2|6\n|start\n|switch|p1a: Dragapult|Dragapult, L77, M|262/262\n|switch|p2a: Lumineon|Lumineon, L93, M|279/279\n|turn|1\n|inactive|Battle timer is ON: inactive players will automatically lose when time's up. (requested by DutchmanDevin)\n|inactive|saya9de has 120 seconds left.\n|inactive|saya9de has 90 seconds left.\n|\n|t:|1782865002\n|move|p1a: Dragapult|U-turn|p2a: Lumineon\n|-damage|p2a: Lumineon|225/279\n|\n|t:|1782865004\n|switch|p1a: Toxapex|Toxapex, L82, M|216/216|[from] U-turn\n|move|p2a: Lumineon|U-turn|p1a: Toxapex\n|-resisted|p1a: Toxapex\n|-damage|p1a: Toxapex|199/216\n|inactive|saya9de has 120 seconds left.\n|\n|t:|1782865041\n|switch|p2a: Toxtricity|Toxtricity, L82, M|257/257|[from] U-turn\n|\n|-heal|p1a: Toxapex|212/216|[from] item: Leftovers\n|upkeep\n|turn|2\n|\n|t:|1782865048\n|switch|p1a: Whimsicott|Whimsicott, L84, M|238/238\n|move|p2a: Toxtricity|Volt Switch|p1a: Whimsicott\n|-resisted|p1a: Whimsicott\n|-damage|p1a: Whimsicott|172/238\n|inactive|saya9de has 120 seconds left.\n|\n|t:|1782865070\n|switch|p2a: Pecharunt|Pecharunt, L77|262/262|[from] Volt Switch\n|\n|-heal|p1a: Whimsicott|186/238|[from] item: Leftovers\n|upkeep\n|turn|3\n|\n|t:|1782865077\n|switch|p1a: Toxapex|Toxapex, L82, M|216/216\n|move|p2a: Pecharunt|Malignant Chain|p1a: Toxapex\n|-resisted|p1a: Toxapex\n|-damage|p1a: Toxapex|186/216\n|\n|-heal|p1a: Toxapex|199/216|[from] item: Leftovers\n|upkeep\n|turn|4\n|\n|t:|1782865091\n|move|p2a: Pecharunt|Parting Shot|p1a: Toxapex\n|-unboost|p1a: Toxapex|atk|1\n|-unboost|p1a: Toxapex|spa|1\n|\n|t:|1782865100\n|switch|p2a: Pelipper|Pelipper, L86, F|243/243|[from] Parting Shot\n|-weather|RainDance|[from] ability: Drizzle|[of] p2a: Pelipper\n|move|p1a: Toxapex|Liquidation|p2a: Pelipper\n|-resisted|p2a: Pelipper\n|-damage|p2a: Pelipper|216/243\n|\n|-weather|RainDance|[upkeep]\n|-heal|p1a: Toxapex|212/216|[from] item: Leftovers\n|upkeep\n|turn|5\n|\n|t:|1782865112\n|move|p2a: Pelipper|Hurricane|p1a: Toxapex\n|-damage|p1a: Toxapex|80/216\n|-start|p1a: Toxapex|confusion\n|-activate|p1a: Toxapex|confusion\n|move|p1a: Toxapex|Toxic|p2a: Pelipper\n|-status|p2a: Pelipper|tox\n|\n|-weather|RainDance|[upkeep]\n|-heal|p1a: Toxapex|93/216|[from] item: Leftovers\n|-damage|p2a: Pelipper|201/243 tox|[from] psn\n|upkeep\n|turn|6\n|\n|t:|1782865122\n|switch|p1a: Beartic|Beartic, L91, F|321/321\n|move|p2a: Pelipper|Hurricane|p1a: Beartic\n|-damage|p1a: Beartic|138/321\n|\n|-weather|RainDance|[upkeep]\n|-damage|p2a: Pelipper|171/243 tox|[from] psn\n|upkeep\n|turn|7\n|\n|t:|1782865134\n|move|p2a: Pelipper|Hurricane|p1a: Beartic\n|-damage|p1a: Beartic|0 fnt\n|faint|p1a: Beartic\n|\n|-weather|RainDance|[upkeep]\n|-damage|p2a: Pelipper|126/243 tox|[from] psn\n|upkeep\n|\n|t:|1782865144\n|switch|p1a: Whimsicott|Whimsicott, L84, M|186/238\n|turn|8\n|\n|t:|1782865155\n|switch|p2a: Toxtricity|Toxtricity, L82, M|257/257\n|move|p1a: Whimsicott|Substitute|p1a: Whimsicott\n|-start|p1a: Whimsicott|Substitute\n|-damage|p1a: Whimsicott|127/238\n|\n|-weather|none\n|-heal|p1a: Whimsicott|141/238|[from] item: Leftovers\n|upkeep\n|turn|9\n|\n|t:|1782865163\n|move|p1a: Whimsicott|Leech Seed|p2a: Toxtricity|[miss]\n|-miss|p1a: Whimsicott|p2a: Toxtricity\n|move|p2a: Toxtricity|Boomburst|p1a: Whimsicott\n|-damage|p1a: Whimsicott|0 fnt\n|faint|p1a: Whimsicott\n|\n|upkeep\n|\n|t:|1782865168\n|switch|p1a: Dragapult|Dragapult, L77, M|262/262\n|turn|10\n|\n|t:|1782865183\n|switch|p2a: Lumineon|Lumineon, L93, M|225/279\n|move|p1a: Dragapult|Dragon Darts|p2a: Lumineon\n|-damage|p2a: Lumineon|168/279\n|-anim|p1a: Dragapult|Dragon Darts|p2a: Lumineon\n|-damage|p2a: Lumineon|111/279\n|\n|upkeep\n|turn|11\n|\n|t:|1782865201\n|move|p1a: Dragapult|Dragon Darts|p2a: Lumineon\n|-damage|p2a: Lumineon|53/279\n|-anim|p1a: Dragapult|Dragon Darts|p2a: Lumineon\n|-damage|p2a: Lumineon|0 fnt\n|faint|p2a: Lumineon\n|\n|upkeep\n|\n|t:|1782865214\n|switch|p2a: Hydrapple|Hydrapple, L83, M|312/312\n|turn|12\n|\n|t:|1782865219\n|-terastallize|p2a: Hydrapple|Steel\n|move|p1a: Dragapult|U-turn|p2a: Hydrapple\n|-resisted|p2a: Hydrapple\n|-damage|p2a: Hydrapple|292/312\n|\n|t:|1782865222\n|switch|p1a: Toxapex|Toxapex, L82, M|165/216|[from] U-turn\n|move|p2a: Hydrapple|Nasty Plot|p2a: Hydrapple\n|-boost|p2a: Hydrapple|spa|2\n|\n|-heal|p2a: Hydrapple|311/312|[from] item: Leftovers\n|-heal|p1a: Toxapex|178/216|[from] item: Leftovers\n|upkeep\n|turn|13\n|\n|t:|1782865226\n|move|p2a: Hydrapple|Earth Power|p1a: Toxapex\n|-supereffective|p1a: Toxapex\n|-damage|p1a: Toxapex|0 fnt\n|faint|p1a: Toxapex\n|\n|-heal|p2a: Hydrapple|312/312|[from] item: Leftovers\n|upkeep\n|\n|t:|1782865229\n|switch|p1a: Mienshao|Mienshao, L83, M|244/244\n|turn|14\n|\n|t:|1782865234\n|switch|p2a: Pecharunt|Pecharunt, L77|262/262\n|move|p1a: Mienshao|Knock Off|p2a: Pecharunt\n|-supereffective|p2a: Pecharunt\n|-damage|p2a: Pecharunt|160/262\n|-enditem|p2a: Pecharunt|Leftovers|[from] move: Knock Off|[of] p1a: Mienshao\n|\n|upkeep\n|turn|15\n|\n|t:|1782865243\n|move|p1a: Mienshao|U-turn|p2a: Pecharunt\n|-resisted|p2a: Pecharunt\n|-damage|p2a: Pecharunt|151/262\n|\n|t:|1782865246\n|switch|p1a: Dragapult|Dragapult, L77, M|262/262|[from] U-turn\n|move|p2a: Pecharunt|Parting Shot|p1a: Dragapult\n|-unboost|p1a: Dragapult|atk|1\n|-unboost|p1a: Dragapult|spa|1\n|\n|t:|1782865252\n|switch|p2a: Hydrapple|Hydrapple, L83, M, tera:Steel|312/312|[from] Parting Shot\n|\n|upkeep\n|turn|16\n|\n|t:|1782865257\n|move|p1a: Dragapult|U-turn|p2a: Hydrapple\n|-resisted|p2a: Hydrapple\n|-damage|p2a: Hydrapple|298/312\n|\n|t:|1782865259\n|switch|p1a: Mienshao|Mienshao, L83, M|244/244|[from] U-turn\n|move|p2a: Hydrapple|Nasty Plot|p2a: Hydrapple\n|-boost|p2a: Hydrapple|spa|2\n|\n|-heal|p2a: Hydrapple|312/312|[from] item: Leftovers\n|upkeep\n|turn|17\n|\n|t:|1782865265\n|move|p1a: Mienshao|Close Combat|p2a: Hydrapple\n|-supereffective|p2a: Hydrapple\n|-damage|p2a: Hydrapple|48/312\n|-unboost|p1a: Mienshao|def|1\n|-unboost|p1a: Mienshao|spd|1\n|move|p2a: Hydrapple|Fickle Beam|p1a: Mienshao|[anim] Fickle Beam All Out\n|-activate|p2a: Hydrapple|move: Fickle Beam\n|-damage|p1a: Mienshao|0 fnt\n|faint|p1a: Mienshao\n|\n|-heal|p2a: Hydrapple|67/312|[from] item: Leftovers\n|upkeep\n|\n|t:|1782865268\n|switch|p1a: Dragapult|Dragapult, L77, M|262/262\n|turn|18\n|\n|t:|1782865276\n|move|p1a: Dragapult|Hex|p2a: Hydrapple\n|-crit|p2a: Hydrapple\n|-damage|p2a: Hydrapple|0 fnt\n|faint|p2a: Hydrapple\n|\n|upkeep\n|inactive|saya9de has 120 seconds left.\n|\n|t:|1782865318\n|switch|p2a: Pecharunt|Pecharunt, L77|151/262\n|turn|19\n|\n|t:|1782865325\n|move|p1a: Dragapult|Hex|p2a: Pecharunt\n|-supereffective|p2a: Pecharunt\n|-damage|p2a: Pecharunt|35/262\n|move|p2a: Pecharunt|Shadow Ball|p1a: Dragapult\n|-supereffective|p1a: Dragapult\n|-damage|p1a: Dragapult|92/262\n|-start|p2a: Pecharunt|Disable|Shadow Ball|[from] ability: Cursed Body|[of] p1a: Dragapult\n|\n|upkeep\n|turn|20\n|inactive|saya9de has 120 seconds left.\n|\n|t:|1782865339\n|switch|p2a: Great Tusk|Great Tusk, L77|304/304\n|move|p1a: Dragapult|Hex|p2a: Great Tusk\n|-damage|p2a: Great Tusk|238/304\n|\n|upkeep\n|turn|21\n|\n|t:|1782865346\n|move|p1a: Dragapult|Will-O-Wisp|p2a: Great Tusk|[miss]\n|-miss|p1a: Dragapult|p2a: Great Tusk\n|move|p2a: Great Tusk|Ice Spinner|p1a: Dragapult\n|-supereffective|p1a: Dragapult\n|-damage|p1a: Dragapult|0 fnt\n|faint|p1a: Dragapult\n|\n|upkeep\n|\n|t:|1782865349\n|switch|p1a: Latios|Latios, L78, M|253/253\n|turn|22\n|\n|t:|1782865355\n|-terastallize|p1a: Latios|Steel\n|move|p1a: Latios|Calm Mind|p1a: Latios\n|-boost|p1a: Latios|spa|1\n|-boost|p1a: Latios|spd|1\n|move|p2a: Great Tusk|Ice Spinner|p1a: Latios\n|-resisted|p1a: Latios\n|-damage|p1a: Latios|216/253\n|\n|upkeep\n|turn|23\n|\n|t:|1782865360\n|move|p1a: Latios|Psyshock|p2a: Great Tusk\n|-supereffective|p2a: Great Tusk\n|-damage|p2a: Great Tusk|0 fnt\n|faint|p2a: Great Tusk\n|-end|p2a: Great Tusk|Protosynthesis|[silent]\n|\n|upkeep\n|\n|t:|1782865380\n|switch|p2a: Pelipper|Pelipper, L86, F|126/243 tox\n|-weather|RainDance|[from] ability: Drizzle|[of] p2a: Pelipper\n|turn|24\n|\n|t:|1782865385\n|move|p1a: Latios|Psyshock|p2a: Pelipper\n|-damage|p2a: Pelipper|0 fnt\n|faint|p2a: Pelipper\n|\n|-weather|RainDance|[upkeep]\n|upkeep\n|\n|t:|1782865389\n|switch|p2a: Pecharunt|Pecharunt, L77|35/262\n|turn|25\n|\n|t:|1782865391\n|move|p1a: Latios|Psyshock|p2a: Pecharunt\n|-supereffective|p2a: Pecharunt\n|-damage|p2a: Pecharunt|0 fnt\n|faint|p2a: Pecharunt\n|\n|-weather|RainDance|[upkeep]\n|upkeep\n|\n|t:|1782865393\n|switch|p2a: Toxtricity|Toxtricity, L82, M|257/257\n|turn|26\n|\n|t:|1782865395\n|move|p1a: Latios|Psyshock|p2a: Toxtricity\n|-supereffective|p2a: Toxtricity\n|-damage|p2a: Toxtricity|0 fnt\n|faint|p2a: Toxtricity\n|\n|win|DutchmanDevin\n|raw|DutchmanDevin's rating: 1696 &rarr; <strong>1717</strong><br />(+21 for winning)\n|raw|saya9de's rating: 1721 &rarr; <strong>1700</strong><br />(-21 for losing)\n|c|\u2606DutchmanDevin|gg\n|c|\u2606saya9de|ugh\n|c|\u2606saya9de|gg\n|l|\u2606DutchmanDevin\n|player|p1|\n", "inputlog": ">version f8ac14003a5f27e1bdc8d8c59608a773c1cb96e5\n>start {\"formatid\":\"gen9randombattle\",\"seed\":\"sodium,7a685e3cf7a36314bd6ef44570b03974\",\"rated\":\"Rated battle\"}\n>player p1 {\"name\":\"DutchmanDevin\",\"avatar\":\"brycen\",\"rating\":1696,\"seed\":\"sodium,d55eab9859c3fed24a796a5843bdd6e9\"}\n>player p2 {\"name\":\"saya9de\",\"avatar\":\"roxie\",\"rating\":1721,\"seed\":\"sodium,29d56660e3b3ee148dfa3b53db5cd4ed\"}\n>p1 move uturn\n>p2 move uturn\n>p1 switch 3\n>p2 switch 3\n>p1 switch 2\n>p2 move voltswitch\n>p2 switch 4\n>p1 switch 2\n>p2 move malignantchain\n>p1 move liquidation\n>p2 move partingshot\n>p2 switch 2\n>p1 move toxic\n>p2 move hurricane\n>p1 switch 4\n>p2 move hurricane\n>p1 move iciclecrash\n>p2 move hurricane\n>p1 switch 2\n>p1 move substitute\n>p2 switch 4\n>p1 move leechseed\n>p2 move boomburst\n>p1 switch 3\n>p1 move dragondarts\n>p2 switch 3\n>p1 move dragondarts\n>p2 move icebeam\n>p2 switch 5\n>p1 move uturn\n>p2 move nastyplot terastallize\n>p1 switch 4\n>p1 move haze\n>p2 move earthpower\n>p1 switch 6\n>p1 move knockoff\n>p2 switch 2\n>p1 move uturn\n>p2 move partingshot\n>p1 switch 4\n>p2 switch 2\n>p1 move uturn\n>p2 move nastyplot\n>p1 switch 4\n>p1 move closecombat\n>p2 move ficklebeam\n>p1 switch 4\n>p1 move hex\n>p2 move recover\n>p2 switch 2\n>p1 move hex\n>p2 move shadowball\n>p1 move hex\n>p2 switch 6\n>p1 move willowisp\n>p2 move icespinner\n>p1 switch 5\n>p1 move calmmind terastallize\n>p2 move icespinner\n>p1 move psyshock\n>p2 move closecombat\n>p2 switch 4\n>p1 move psyshock\n>p2 move weatherball\n>p2 switch 6\n>p1 move psyshock\n>p2 move recover\n>p2 switch 3\n>p1 move psyshock\n>p2 move boomburst", "uploadtime": 1782865423, "views": 12, "formatid": "gen9randombattle", "rating": 1700, "private": 0, "password": null, "player_dets": [{"name": "DutchmanDevin", "avatar": "brycen", "rating": 1696, "seed": "sodium,d55eab9859c3fed24a796a5843bdd6e9"}, {"name": "saya9de", "avatar": "roxie", "rating": 1721, "seed": "sodium,29d56660e3b3ee148dfa3b53db5cd4ed"}], "teams_full": [{"Dragapult": {"name": "Dragapult", "species": "Dragapult", "speciesId": "dragapult", "gender": "M", "shiny": false, "level": 77, "moves": ["hex", "willowisp", "dragondarts", "uturn"], "ability": "Cursed Body", "evs": {"hp": 85, "atk": 85, "def": 85, "spa": 85, "spd": 85, "spe": 85}, "ivs": {"hp": 31, "atk": 31, "def": 31, "spa": 31, "spd": 31, "spe": 31}, "item": "Heavy-Duty Boots", "teraType": "Fairy", "role": "Fast Support", "bvs": {"hp": 88, "atk": 120, "def": 75, "spa": 100, "spd": 75, "spe": 142}, "stats": {"hp": 262, "atk": 229, "def": 160, "spa": 199, "spd": 160, "spe": 263}, "types": ["Dragon", "Ghost"]}, "Whimsicott": {"name": "Whimsicott", "species": "Whimsicott", "speciesId": "whimsicott", "gender": "M", "shiny": false, "level": 84, "moves": ["encore", "moonblast", "substitute", "leechseed"], "ability": "Prankster", "evs": {"hp": 85, "atk": 0, "def": 85, "spa": 85, "spd": 85, "spe": 85}, "ivs": {"hp": 31, "atk": 0, "def": 31, "spa": 31, "spd": 31, "spe": 31}, "item": "Leftovers", "teraType": "Poison", "role": "Bulky Support", "bvs": {"hp": 60, "atk": 67, "def": 85, "spa": 77, "spd": 75, "spe": 116}, "stats": {"hp": 238, "atk": 117, "def": 191, "spa": 178, "spd": 174, "spe": 243}, "types": ["Grass", "Fairy"]}, "Toxapex": {"name": "Toxapex", "species": "Toxapex", "speciesId": "toxapex", "gender": "M", "shiny": false, "level": 82, "moves": ["toxic", "liquidation", "haze", "recover"], "ability": "Regenerator", "evs": {"hp": 85, "atk": 85, "def": 85, "spa": 85, "spd": 85, "spe": 85}, "ivs": {"hp": 31, "atk": 31, "def": 31, "spa": 31, "spd": 31, "spe": 31}, "item": "Leftovers", "teraType": "Steel", "role": "Bulky Support", "bvs": {"hp": 50, "atk": 63, "def": 152, "spa": 53, "spd": 142, "spe": 35}, "stats": {"hp": 216, "atk": 150, "def": 296, "spa": 134, "spd": 280, "spe": 105}, "types": ["Poison", "Water"]}, "Beartic": {"name": "Beartic", "species": "Beartic", "speciesId": "beartic", "gender": "F", "shiny": false, "level": 91, "moves": ["snowscape", "iciclecrash", "earthquake", "closecombat"], "ability": "Slush Rush", "evs": {"hp": 85, "atk": 85, "def": 85, "spa": 85, "spd": 85, "spe": 85}, "ivs": {"hp": 31, "atk": 31, "def": 31, "spa": 31, "spd": 31, "spe": 31}, "item": "Heavy-Duty Boots", "teraType": "Fighting", "role": "Wallbreaker", "bvs": {"hp": 95, "atk": 130, "def": 80, "spa": 70, "spd": 80, "spe": 50}, "stats": {"hp": 321, "atk": 288, "def": 197, "spa": 179, "spd": 197, "spe": 143}, "types": ["Ice"]}, "Latios": {"name": "Latios", "species": "Latios", "speciesId": "latios", "gender": "M", "shiny": false, "level": 78, "moves": ["dracometeor", "psyshock", "calmmind", "recover"], "ability": "Levitate", "evs": {"hp": 85, "atk": 0, "def": 85, "spa": 85, "spd": 85, "spe": 85}, "ivs": {"hp": 31, "atk": 0, "def": 31, "spa": 31, "spd": 31, "spe": 31}, "item": "Soul Dew", "teraType": "Steel", "role": "Bulky Setup", "bvs": {"hp": 80, "atk": 90, "def": 80, "spa": 130, "spd": 110, "spe": 110}, "stats": {"hp": 253, "atk": 145, "def": 170, "spa": 248, "spd": 217, "spe": 217}, "types": ["Dragon", "Psychic"]}, "Mienshao": {"name": "Mienshao", "species": "Mienshao", "speciesId": "mienshao", "gender": "M", "shiny": false, "level": 83, "moves": ["knockoff", "closecombat", "uturn", "fakeout"], "ability": "Regenerator", "evs": {"hp": 85, "atk": 85, "def": 85, "spa": 85, "spd": 85, "spe": 85}, "ivs": {"hp": 31, "atk": 31, "def": 31, "spa": 31, "spd": 31, "spe": 31}, "item": "Assault Vest", "teraType": "Dark", "role": "AV Pivot", "bvs": {"hp": 65, "atk": 125, "def": 60, "spa": 95, "spd": 60, "spe": 105}, "stats": {"hp": 244, "atk": 255, "def": 147, "spa": 205, "spd": 147, "spe": 222}, "types": ["Fighting"]}}, {"Lumineon": {"name": "Lumineon", "species": "Lumineon", "speciesId": "lumineon", "gender": "M", "shiny": false, "level": 93, "moves": ["icebeam", "encore", "hydropump", "uturn"], "ability": "Storm Drain", "evs": {"hp": 85, "atk": 85, "def": 85, "spa": 85, "spd": 85, "spe": 85}, "ivs": {"hp": 31, "atk": 31, "def": 31, "spa": 31, "spd": 31, "spe": 31}, "item": "Heavy-Duty Boots", "teraType": "Steel", "role": "Fast Support", "bvs": {"hp": 69, "atk": 69, "def": 76, "spa": 69, "spd": 86, "spe": 91}, "stats": {"hp": 279, "atk": 181, "def": 194, "spa": 181, "spd": 213, "spe": 222}, "types": ["Water"]}, "Pelipper": {"name": "Pelipper", "species": "Pelipper", "speciesId": "pelipper", "gender": "F", "shiny": false, "level": 86, "moves": ["hydropump", "weatherball", "hurricane", "uturn"], "ability": "Drizzle", "evs": {"hp": 85, "atk": 85, "def": 85, "spa": 85, "spd": 85, "spe": 85}, "ivs": {"hp": 31, "atk": 31, "def": 31, "spa": 31, "spd": 31, "spe": 31}, "item": "Choice Specs", "teraType": "Water", "role": "Wallbreaker", "bvs": {"hp": 60, "atk": 50, "def": 100, "spa": 95, "spd": 70, "spe": 65}, "stats": {"hp": 243, "atk": 135, "def": 221, "spa": 213, "spd": 170, "spe": 161}, "types": ["Water", "Flying"]}, "Toxtricity": {"name": "Toxtricity", "species": "Toxtricity", "speciesId": "toxtricity", "gender": "M", "shiny": false, "level": 82, "moves": ["boomburst", "voltswitch", "overdrive", "sludgewave"], "ability": "Punk Rock", "evs": {"hp": 85, "atk": 0, "def": 85, "spa": 85, "spd": 85, "spe": 85}, "ivs": {"hp": 31, "atk": 0, "def": 31, "spa": 31, "spd": 31, "spe": 31}, "item": "Choice Specs", "teraType": "Normal", "role": "Fast Attacker", "bvs": {"hp": 75, "atk": 98, "def": 70, "spa": 114, "spd": 70, "spe": 75}, "stats": {"hp": 257, "atk": 165, "def": 162, "spa": 234, "spd": 162, "spe": 170}, "types": ["Electric", "Poison"]}, "Pecharunt": {"name": "Pecharunt", "species": "Pecharunt", "speciesId": "pecharunt", "gender": "N", "shiny": false, "level": 77, "moves": ["recover", "shadowball", "malignantchain", "partingshot"], "ability": "Poison Puppeteer", "evs": {"hp": 85, "atk": 0, "def": 85, "spa": 85, "spd": 85, "spe": 85}, "ivs": {"hp": 31, "atk": 0, "def": 31, "spa": 31, "spd": 31, "spe": 31}, "item": "Leftovers", "teraType": "Dark", "role": "Bulky Attacker", "bvs": {"hp": 88, "atk": 88, "def": 160, "spa": 88, "spd": 88, "spe": 88}, "stats": {"hp": 262, "atk": 140, "def": 291, "spa": 180, "spd": 180, "spe": 180}, "types": ["Poison", "Ghost"]}, "Hydrapple": {"name": "Hydrapple", "species": "Hydrapple", "speciesId": "hydrapple", "gender": "M", "shiny": false, "level": 83, "moves": ["ficklebeam", "recover", "nastyplot", "earthpower"], "ability": "Regenerator", "evs": {"hp": 85, "atk": 0, "def": 85, "spa": 85, "spd": 85, "spe": 85}, "ivs": {"hp": 31, "atk": 0, "def": 31, "spa": 31, "spd": 31, "spe": 31}, "item": "Leftovers", "teraType": "Steel", "role": "Fast Bulky Setup", "bvs": {"hp": 106, "atk": 80, "def": 110, "spa": 120, "spd": 80, "spe": 44}, "stats": {"hp": 312, "atk": 137, "def": 230, "spa": 247, "spd": 180, "spe": 121}, "types": ["Grass", "Dragon"]}, "Great Tusk": {"name": "Great Tusk", "species": "Great Tusk", "speciesId": "greattusk", "gender": "N", "shiny": false, "level": 77, "moves": ["icespinner", "headlongrush", "rapidspin", "closecombat"], "ability": "Protosynthesis", "evs": {"hp": 85, "atk": 85, "def": 85, "spa": 85, "spd": 85, "spe": 85}, "ivs": {"hp": 31, "atk": 31, "def": 31, "spa": 31, "spd": 31, "spe": 31}, "item": "Assault Vest", "teraType": "Steel", "role": "Bulky Support", "bvs": {"hp": 115, "atk": 131, "def": 131, "spa": 53, "spd": 53, "spe": 87}, "stats": {"hp": 304, "atk": 246, "def": 246, "spa": 126, "spd": 126, "spe": 179}, "types": ["Ground", "Fighting"]}}]}