{"id": "gen9randombattle-2642088621", "format": "[Gen 9] Random Battle", "players": ["afenggiegie", "5th Vision"], "log": "|j|\u2606afenggiegie\n|j|\u26065th Vision\n|t:|1782887381\n|gametype|singles\n|player|p1|afenggiegie|wattson|1668\n|player|p2|5th Vision|iris|1684\n|gen|9\n|tier|[Gen 9] Random Battle\n|rated|\n|rule|Species Clause: Limit one of each Pok\u00e9mon\n|rule|HP Percentage Mod: HP is shown in percentages\n|rule|Sleep Clause Mod: Limit one foe put to sleep\n|rule|Illusion Level Mod: Illusion disguises the Pok\u00e9mon's true level\n|\n|t:|1782887381\n|teamsize|p1|6\n|teamsize|p2|6\n|start\n|switch|p1a: Golem|Golem, L87, F|281/281\n|switch|p2a: Leafeon|Leafeon, L88, F|258/258\n|turn|1\n|inactive|Battle timer is ON: inactive players will automatically lose when time's up. (requested by afenggiegie)\n|\n|t:|1782887405\n|move|p2a: Leafeon|Swords Dance|p2a: Leafeon\n|-boost|p2a: Leafeon|atk|2\n|move|p1a: Golem|Stealth Rock|p2a: Leafeon\n|-sidestart|p2: 5th Vision|move: Stealth Rock\n|\n|upkeep\n|turn|2\n|\n|t:|1782887417\n|move|p2a: Leafeon|Leaf Blade|p1a: Golem\n|-supereffective|p1a: Golem\n|-ability|p1a: Golem|Sturdy\n|-damage|p1a: Golem|1/281\n|-damage|p2a: Leafeon|233/258|[from] item: Life Orb\n|move|p1a: Golem|Stone Edge|p2a: Leafeon\n|-damage|p2a: Leafeon|142/258\n|\n|upkeep\n|turn|3\n|-enditem|p1a: Golem|Custap Berry|[eat]\n|-activate|p1a: Golem|item: Custap Berry|[consumed]\n|\n|t:|1782887434\n|move|p1a: Golem|Explosion|p2a: Leafeon\n|-damage|p2a: Leafeon|0 fnt\n|faint|p1a: Golem\n|faint|p2a: Leafeon\n|\n|upkeep\n|inactive|5th Vision has 120 seconds left.\n|\n|t:|1782887467\n|switch|p2a: Seviper|Seviper, L93, M|287/287\n|switch|p1a: Froslass|Froslass, L87, F|263/263\n|-damage|p2a: Seviper|252/287|[from] Stealth Rock\n|turn|4\n|\n|t:|1782887484\n|switch|p2a: Stonjourner|Stonjourner, L91, F|330/330\n|-damage|p2a: Stonjourner|289/330|[from] Stealth Rock\n|move|p1a: Froslass|Taunt|p2a: Stonjourner\n|-start|p2a: Stonjourner|move: Taunt\n|\n|upkeep\n|turn|5\n|\n|t:|1782887494\n|switch|p1a: Scrafty|Scrafty, L83, F|244/244\n|-ability|p1a: Scrafty|Intimidate|boost\n|-unboost|p2a: Stonjourner|atk|1\n|move|p2a: Stonjourner|Stone Edge|p1a: Scrafty\n|-resisted|p1a: Scrafty\n|-damage|p1a: Scrafty|187/244\n|-damage|p2a: Stonjourner|256/330|[from] item: Life Orb\n|\n|-heal|p1a: Scrafty|202/244|[from] item: Leftovers\n|upkeep\n|turn|6\n|\n|t:|1782887515\n|switch|p2a: Mimikyu|Mimikyu, L79, F|216/216\n|-damage|p2a: Mimikyu|189/216|[from] Stealth Rock\n|move|p1a: Scrafty|Knock Off|p2a: Mimikyu\n|-activate|p2a: Mimikyu|ability: Disguise\n|-damage|p2a: Mimikyu|189/216\n|-enditem|p2a: Mimikyu|Life Orb|[from] move: Knock Off|[of] p1a: Scrafty\n|detailschange|p2a: Mimikyu|Mimikyu-Busted, L79, F\n|-damage|p2a: Mimikyu|162/216|[from] pokemon: Mimikyu-Busted\n|\n|-heal|p1a: Scrafty|217/244|[from] item: Leftovers\n|upkeep\n|turn|7\n|inactive|5th Vision has 90 seconds left.\n|\n|t:|1782887535\n|move|p2a: Mimikyu|Swords Dance|p2a: Mimikyu\n|-boost|p2a: Mimikyu|atk|2\n|move|p1a: Scrafty|Poison Jab|p2a: Mimikyu\n|-damage|p2a: Mimikyu|106/216\n|-status|p2a: Mimikyu|psn\n|\n|-heal|p1a: Scrafty|232/244|[from] item: Leftovers\n|-damage|p2a: Mimikyu|79/216 psn|[from] psn\n|upkeep\n|turn|8\n|inactive|afenggiegie has 120 seconds left.\n|\n|t:|1782887557\n|switch|p1a: Froslass|Froslass, L87, F|263/263\n|move|p2a: Mimikyu|Drain Punch|p1a: Froslass\n|-immune|p1a: Froslass\n|\n|-damage|p2a: Mimikyu|52/216 psn|[from] psn\n|upkeep\n|turn|9\n|inactive|afenggiegie has 120 seconds left.\n|\n|t:|1782887569\n|switch|p1a: Scrafty|Scrafty, L83, F|232/244\n|-ability|p1a: Scrafty|Intimidate|boost\n|-unboost|p2a: Mimikyu|atk|1\n|move|p2a: Mimikyu|Shadow Sneak|p1a: Scrafty\n|-resisted|p1a: Scrafty\n|-damage|p1a: Scrafty|208/244\n|\n|-heal|p1a: Scrafty|223/244|[from] item: Leftovers\n|-damage|p2a: Mimikyu|25/216 psn|[from] psn\n|upkeep\n|turn|10\n|\n|t:|1782887579\n|switch|p1a: Froslass|Froslass, L87, F|263/263\n|move|p2a: Mimikyu|Drain Punch|p1a: Froslass\n|-immune|p1a: Froslass\n|\n|-damage|p2a: Mimikyu|0 fnt|[from] psn\n|faint|p2a: Mimikyu\n|upkeep\n|\n|t:|1782887586\n|switch|p2a: Stonjourner|Stonjourner, L91, F|256/330\n|-damage|p2a: Stonjourner|215/330|[from] Stealth Rock\n|turn|11\n|\n|t:|1782887594\n|switch|p1a: Scrafty|Scrafty, L83, F|223/244\n|-ability|p1a: Scrafty|Intimidate|boost\n|-unboost|p2a: Stonjourner|atk|1\n|move|p2a: Stonjourner|Heat Crash|p1a: Scrafty\n|-damage|p1a: Scrafty|137/244\n|-damage|p2a: Stonjourner|182/330|[from] item: Life Orb\n|\n|-heal|p1a: Scrafty|152/244|[from] item: Leftovers\n|upkeep\n|turn|12\n|inactive|5th Vision has 90 seconds left.\n|\n|t:|1782887633\n|switch|p2a: Arceus|Arceus-Grass, L73|296/296\n|-damage|p2a: Arceus|259/296|[from] Stealth Rock\n|move|p1a: Scrafty|Dragon Dance|p1a: Scrafty\n|-boost|p1a: Scrafty|atk|1\n|-boost|p1a: Scrafty|spe|1\n|\n|-heal|p1a: Scrafty|167/244|[from] item: Leftovers\n|upkeep\n|turn|13\n|inactive|5th Vision has 90 seconds left.\n|\n|t:|1782887649\n|-terastallize|p2a: Arceus|Fire\n|move|p2a: Arceus|Calm Mind|p2a: Arceus\n|-boost|p2a: Arceus|spa|1\n|-boost|p2a: Arceus|spd|1\n|move|p1a: Scrafty|Dragon Dance|p1a: Scrafty\n|-boost|p1a: Scrafty|atk|1\n|-boost|p1a: Scrafty|spe|1\n|\n|-heal|p1a: Scrafty|182/244|[from] item: Leftovers\n|upkeep\n|turn|14\n|inactive|5th Vision has 90 seconds left.\n|\n|t:|1782887661\n|move|p1a: Scrafty|Drain Punch|p2a: Arceus\n|-damage|p2a: Arceus|138/296\n|-heal|p1a: Scrafty|243/244|[from] drain|[of] p2a: Arceus\n|move|p2a: Arceus|Fire Blast|p1a: Scrafty\n|-damage|p1a: Scrafty|110/244\n|\n|-heal|p1a: Scrafty|125/244|[from] item: Leftovers\n|upkeep\n|turn|15\n|inactive|5th Vision has 90 seconds left.\n|\n|t:|1782887673\n|move|p1a: Scrafty|Drain Punch|p2a: Arceus\n|-damage|p2a: Arceus|15/296\n|-heal|p1a: Scrafty|187/244|[from] drain|[of] p2a: Arceus\n|move|p2a: Arceus|Judgment|p1a: Scrafty\n|-damage|p1a: Scrafty|36/244\n|\n|-heal|p1a: Scrafty|51/244|[from] item: Leftovers\n|upkeep\n|turn|16\n|inactive|5th Vision has 90 seconds left.\n|\n|t:|1782887686\n|move|p1a: Scrafty|Drain Punch|p2a: Arceus\n|-damage|p2a: Arceus|0 fnt\n|-heal|p1a: Scrafty|59/244|[from] drain|[of] p2a: Arceus\n|faint|p2a: Arceus\n|\n|-heal|p1a: Scrafty|74/244|[from] item: Leftovers\n|upkeep\n|\n|t:|1782887690\n|switch|p2a: Charizard|Charizard, L85, F|271/271\n|turn|17\n|\n|t:|1782887695\n|move|p1a: Scrafty|Knock Off|p2a: Charizard\n|-damage|p2a: Charizard|60/271\n|-enditem|p2a: Charizard|Heavy-Duty Boots|[from] move: Knock Off|[of] p1a: Scrafty\n|move|p2a: Charizard|Flamethrower|p1a: Scrafty\n|-damage|p1a: Scrafty|0 fnt\n|faint|p1a: Scrafty\n|\n|upkeep\n|\n|t:|1782887708\n|switch|p1a: Dedenne|Dedenne, L88, F|261/261\n|turn|18\n|\n|t:|1782887717\n|switch|p2a: Seviper|Seviper, L93, M|252/287\n|-damage|p2a: Seviper|217/287|[from] Stealth Rock\n|move|p1a: Dedenne|Thunderbolt|p2a: Seviper\n|-damage|p2a: Seviper|112/287\n|\n|-heal|p2a: Seviper|129/287|[from] item: Leftovers\n|upkeep\n|turn|19\n|\n|t:|1782887729\n|switch|p1a: Magmortar|Magmortar, L88, M|275/275\n|move|p2a: Seviper|Trailblaze|p1a: Magmortar\n|-resisted|p1a: Magmortar\n|-damage|p1a: Magmortar|250/275\n|-boost|p2a: Seviper|spe|1\n|-status|p2a: Seviper|brn|[from] ability: Flame Body|[of] p1a: Magmortar\n|\n|-heal|p2a: Seviper|146/287 brn|[from] item: Leftovers\n|-damage|p2a: Seviper|129/287 brn|[from] brn\n|upkeep\n|turn|20\n|inactive|5th Vision has 120 seconds left.\n|\n|t:|1782887741\n|move|p2a: Seviper|Swords Dance|p2a: Seviper\n|-boost|p2a: Seviper|atk|2\n|move|p1a: Magmortar|Earthquake|p2a: Seviper\n|-supereffective|p2a: Seviper\n|-damage|p2a: Seviper|0 fnt\n|faint|p2a: Seviper\n|\n|upkeep\n|\n|t:|1782887749\n|switch|p2a: Stonjourner|Stonjourner, L91, F|182/330\n|-damage|p2a: Stonjourner|141/330|[from] Stealth Rock\n|turn|21\n|inactive|5th Vision has 120 seconds left.\n|\n|t:|1782887756\n|move|p1a: Magmortar|Earthquake|p2a: Stonjourner\n|-supereffective|p2a: Stonjourner\n|-damage|p2a: Stonjourner|45/330\n|move|p2a: Stonjourner|Stone Edge|p1a: Magmortar\n|-supereffective|p1a: Magmortar\n|-damage|p1a: Magmortar|0 fnt\n|faint|p1a: Magmortar\n|-damage|p2a: Stonjourner|12/330|[from] item: Life Orb\n|\n|upkeep\n|\n|t:|1782887760\n|switch|p1a: Tatsugiri|Tatsugiri, L87, M|260/260\n|turn|22\n|\n|t:|1782887766\n|move|p1a: Tatsugiri|Rapid Spin|p2a: Stonjourner\n|-resisted|p2a: Stonjourner\n|-damage|p2a: Stonjourner|3/330\n|-boost|p1a: Tatsugiri|spe|1\n|move|p2a: Stonjourner|Rock Polish|p2a: Stonjourner\n|-boost|p2a: Stonjourner|spe|2\n|\n|upkeep\n|turn|23\n|\n|t:|1782887775\n|move|p2a: Stonjourner|Stone Edge|p1a: Tatsugiri\n|-damage|p1a: Tatsugiri|13/260\n|-damage|p2a: Stonjourner|0 fnt|[from] item: Life Orb\n|faint|p2a: Stonjourner\n|move|p1a: Tatsugiri|Rapid Spin|p2: Stonjourner|[notarget]\n|-fail|p1a: Tatsugiri\n|\n|upkeep\n|\n|t:|1782887781\n|switch|p2a: Charizard|Charizard, L85, F|60/271\n|-damage|p2a: Charizard|0 fnt|[from] Stealth Rock\n|faint|p2a: Charizard\n|\n|win|afenggiegie\n|raw|afenggiegie's rating: 1668 &rarr; <strong>1689</strong><br />(+21 for winning)\n|raw|5th Vision's rating: 1684 &rarr; <strong>1663</strong><br />(-21 for losing)\n", "inputlog": ">version f8ac14003a5f27e1bdc8d8c59608a773c1cb96e5\n>start {\"formatid\":\"gen9randombattle\",\"seed\":\"sodium,2dc725321dd347c627f0d32070409834\",\"rated\":\"Rated battle\"}\n>player p1 {\"name\":\"afenggiegie\",\"avatar\":\"wattson\",\"rating\":1668,\"seed\":\"sodium,eac180f1d10a878f98cb14fe7f78bb09\"}\n>player p2 {\"name\":\"5th Vision\",\"avatar\":\"iris\",\"rating\":1684,\"seed\":\"sodium,737ee11c2bf43a7587bc27874f20d5cd\"}\n>p1 move stealthrock\n>p2 move swordsdance\n>p1 move stoneedge\n>p2 move leafblade\n>p1 move explosion\n>p2 move doubleedge\n>p1 switch 5\n>p2 switch 6\n>p1 move taunt\n>p2 switch 3\n>p1 switch 4\n>p2 move stoneedge\n>p1 move knockoff\n>p2 switch 2\n>p1 move poisonjab\n>p2 move swordsdance\n>p1 switch 4\n>p2 move drainpunch\n>p1 switch 4\n>p2 move shadowsneak\n>p1 switch 4\n>p2 move drainpunch\n>p2 switch 2\n>p1 switch 4\n>p2 move heatcrash\n>p1 move dragondance\n>p2 switch 4\n>p1 move dragondance\n>p2 move calmmind terastallize\n>p1 move drainpunch\n>p2 move fireblast\n>p1 move drainpunch\n>p2 move judgment\n>p1 move drainpunch\n>p2 move recover\n>p2 switch 5\n>p1 move knockoff\n>p2 move flamethrower\n>p1 switch 6\n>p1 move thunderbolt\n>p2 switch 3\n>p1 switch 2\n>p2 move trailblaze\n>p1 move earthquake\n>p2 move swordsdance\n>p2 switch 4\n>p1 move earthquake\n>p2 move stoneedge\n>p1 switch 3\n>p1 move rapidspin\n>p2 move rockpolish\n>p1 move rapidspin\n>p2 move stoneedge\n>p2 switch 3", "uploadtime": 1782887783, "views": 4, "formatid": "gen9randombattle", "rating": 1663, "private": 0, "password": null, "player_dets": [{"name": "afenggiegie", "avatar": "wattson", "rating": 1668, "seed": "sodium,eac180f1d10a878f98cb14fe7f78bb09"}, {"name": "5th Vision", "avatar": "iris", "rating": 1684, "seed": "sodium,737ee11c2bf43a7587bc27874f20d5cd"}], "teams_full": [{"Golem": {"name": "Golem", "species": "Golem", "speciesId": "golem", "gender": "F", "shiny": false, "level": 87, "moves": ["explosion", "earthquake", "stoneedge", "stealthrock"], "ability": "Sturdy", "evs": {"hp": 85, "atk": 85, "def": 85, "spa": 85, "spd": 85, "spe": 85}, "ivs": {"hp": 31, "atk": 31, "def": 31, "spa": 31, "spd": 31, "spe": 31}, "item": "Custap Berry", "teraType": "Ground", "role": "Bulky Attacker", "bvs": {"hp": 80, "atk": 120, "def": 130, "spa": 55, "spd": 65, "spe": 45}, "stats": {"hp": 281, "atk": 259, "def": 276, "spa": 145, "spd": 163, "spe": 128}, "types": ["Rock", "Ground"]}, "Magmortar": {"name": "Magmortar", "species": "Magmortar", "speciesId": "magmortar", "gender": "M", "shiny": false, "level": 88, "moves": ["thunderbolt", "fireblast", "earthquake", "willowisp"], "ability": "Flame Body", "evs": {"hp": 85, "atk": 85, "def": 85, "spa": 85, "spd": 85, "spe": 85}, "ivs": {"hp": 31, "atk": 31, "def": 31, "spa": 31, "spd": 31, "spe": 31}, "item": "Heavy-Duty Boots", "teraType": "Water", "role": "Fast Attacker", "bvs": {"hp": 75, "atk": 95, "def": 67, "spa": 125, "spd": 95, "spe": 83}, "stats": {"hp": 275, "atk": 217, "def": 168, "spa": 270, "spd": 217, "spe": 196}, "types": ["Fire"]}, "Tatsugiri": {"name": "Tatsugiri", "species": "Tatsugiri", "speciesId": "tatsugiri", "gender": "M", "shiny": false, "level": 87, "moves": ["hydropump", "rapidspin", "nastyplot", "dracometeor"], "ability": "Storm Drain", "evs": {"hp": 85, "atk": 85, "def": 85, "spa": 85, "spd": 85, "spe": 85}, "ivs": {"hp": 31, "atk": 31, "def": 31, "spa": 31, "spd": 31, "spe": 31}, "item": "Heavy-Duty Boots", "teraType": "Steel", "role": "Fast Support", "bvs": {"hp": 68, "atk": 50, "def": 60, "spa": 120, "spd": 95, "spe": 82}, "stats": {"hp": 260, "atk": 137, "def": 154, "spa": 259, "spd": 215, "spe": 192}, "types": ["Dragon", "Water"]}, "Scrafty": {"name": "Scrafty", "species": "Scrafty", "speciesId": "scrafty", "gender": "F", "shiny": false, "level": 83, "moves": ["drainpunch", "poisonjab", "dragondance", "knockoff"], "ability": "Intimidate", "evs": {"hp": 85, "atk": 85, "def": 85, "spa": 85, "spd": 85, "spe": 85}, "ivs": {"hp": 31, "atk": 31, "def": 31, "spa": 31, "spd": 31, "spe": 31}, "item": "Leftovers", "teraType": "Poison", "role": "Bulky Attacker", "bvs": {"hp": 65, "atk": 90, "def": 115, "spa": 45, "spd": 115, "spe": 58}, "stats": {"hp": 244, "atk": 197, "def": 239, "spa": 122, "spd": 239, "spe": 144}, "types": ["Dark", "Fighting"]}, "Froslass": {"name": "Froslass", "species": "Froslass", "speciesId": "froslass", "gender": "F", "shiny": false, "level": 87, "moves": ["poltergeist", "destinybond", "taunt", "tripleaxel"], "ability": "Cursed Body", "evs": {"hp": 81, "atk": 85, "def": 85, "spa": 85, "spd": 85, "spe": 85}, "ivs": {"hp": 31, "atk": 31, "def": 31, "spa": 31, "spd": 31, "spe": 31}, "item": "Wide Lens", "teraType": "Ghost", "role": "Fast Support", "bvs": {"hp": 70, "atk": 80, "def": 70, "spa": 80, "spd": 70, "spe": 110}, "stats": {"hp": 263, "atk": 189, "def": 172, "spa": 189, "spd": 172, "spe": 241}, "types": ["Ice", "Ghost"]}, "Dedenne": {"name": "Dedenne", "species": "Dedenne", "speciesId": "dedenne", "gender": "F", "shiny": false, "level": 88, "moves": ["nuzzle", "superfang", "thunderbolt", "dazzlinggleam"], "ability": "Cheek Pouch", "evs": {"hp": 85, "atk": 85, "def": 85, "spa": 85, "spd": 85, "spe": 85}, "ivs": {"hp": 31, "atk": 31, "def": 31, "spa": 31, "spd": 31, "spe": 31}, "item": "Sitrus Berry", "teraType": "Flying", "role": "Fast Support", "bvs": {"hp": 67, "atk": 58, "def": 57, "spa": 81, "spd": 67, "spe": 101}, "stats": {"hp": 261, "atk": 152, "def": 151, "spa": 193, "spd": 168, "spe": 228}, "types": ["Electric", "Fairy"]}}, {"Leafeon": {"name": "Leafeon", "species": "Leafeon", "speciesId": "leafeon", "gender": "F", "shiny": false, "level": 88, "moves": ["leafblade", "swordsdance", "doubleedge", "synthesis"], "ability": "Chlorophyll", "evs": {"hp": 85, "atk": 85, "def": 85, "spa": 85, "spd": 85, "spe": 85}, "ivs": {"hp": 31, "atk": 31, "def": 31, "spa": 31, "spd": 31, "spe": 31}, "item": "Life Orb", "teraType": "Normal", "role": "Setup Sweeper", "bvs": {"hp": 65, "atk": 110, "def": 130, "spa": 60, "spd": 65, "spe": 95}, "stats": {"hp": 258, "atk": 244, "def": 279, "spa": 156, "spd": 165, "spe": 217}, "types": ["Grass"]}, "Mimikyu": {"name": "Mimikyu", "species": "Mimikyu", "speciesId": "mimikyu", "gender": "F", "shiny": false, "level": 79, "moves": ["swordsdance", "shadowsneak", "drainpunch", "playrough"], "ability": "Disguise", "evs": {"hp": 85, "atk": 85, "def": 85, "spa": 85, "spd": 85, "spe": 85}, "ivs": {"hp": 31, "atk": 31, "def": 31, "spa": 31, "spd": 31, "spe": 31}, "item": "Life Orb", "teraType": "Fairy", "role": "Setup Sweeper", "bvs": {"hp": 55, "atk": 90, "def": 80, "spa": 50, "spd": 105, "spe": 96}, "stats": {"hp": 216, "atk": 188, "def": 172, "spa": 125, "spd": 211, "spe": 197}, "types": ["Ghost", "Fairy"]}, "Stonjourner": {"name": "Stonjourner", "species": "Stonjourner", "speciesId": "stonjourner", "gender": "F", "shiny": false, "level": 91, "moves": ["heatcrash", "earthquake", "stoneedge", "rockpolish"], "ability": "Power Spot", "evs": {"hp": 85, "atk": 85, "def": 85, "spa": 85, "spd": 85, "spe": 85}, "ivs": {"hp": 31, "atk": 31, "def": 31, "spa": 31, "spd": 31, "spe": 31}, "item": "Life Orb", "teraType": "Ground", "role": "Fast Attacker", "bvs": {"hp": 100, "atk": 125, "def": 135, "spa": 20, "spd": 20, "spe": 70}, "stats": {"hp": 330, "atk": 279, "def": 298, "spa": 88, "spd": 88, "spe": 179}, "types": ["Rock"]}, "Arceus": {"name": "Arceus", "species": "Arceus-Grass", "speciesId": "arceusgrass", "gender": "N", "shiny": false, "level": 73, "moves": ["calmmind", "fireblast", "recover", "judgment"], "ability": "Multitype", "evs": {"hp": 85, "atk": 0, "def": 85, "spa": 85, "spd": 85, "spe": 85}, "ivs": {"hp": 31, "atk": 0, "def": 31, "spa": 31, "spd": 31, "spe": 31}, "item": "Meadow Plate", "teraType": "Fire", "role": "Bulky Setup", "bvs": {"hp": 120, "atk": 120, "def": 120, "spa": 120, "spd": 120, "spe": 120}, "stats": {"hp": 296, "atk": 180, "def": 218, "spa": 218, "spd": 218, "spe": 218}, "types": ["Grass"]}, "Charizard": {"name": "Charizard", "species": "Charizard", "speciesId": "charizard", "gender": "F", "shiny": false, "level": 85, "moves": ["hurricane", "earthquake", "focusblast", "flamethrower"], "ability": "Blaze", "evs": {"hp": 85, "atk": 85, "def": 85, "spa": 85, "spd": 85, "spe": 85}, "ivs": {"hp": 31, "atk": 31, "def": 31, "spa": 31, "spd": 31, "spe": 31}, "item": "Heavy-Duty Boots", "teraType": "Dragon", "role": "Fast Attacker", "bvs": {"hp": 78, "atk": 84, "def": 78, "spa": 109, "spd": 85, "spe": 100}, "stats": {"hp": 271, "atk": 192, "def": 181, "spa": 234, "spd": 193, "spe": 219}, "types": ["Fire", "Flying"]}, "Seviper": {"name": "Seviper", "species": "Seviper", "speciesId": "seviper", "gender": "M", "shiny": false, "level": 93, "moves": ["gunkshot", "earthquake", "swordsdance", "trailblaze"], "ability": "Shed Skin", "evs": {"hp": 85, "atk": 85, "def": 85, "spa": 85, "spd": 85, "spe": 85}, "ivs": {"hp": 31, "atk": 31, "def": 31, "spa": 31, "spd": 31, "spe": 31}, "item": "Leftovers", "teraType": "Grass", "role": "Bulky Setup", "bvs": {"hp": 73, "atk": 100, "def": 60, "spa": 100, "spd": 60, "spe": 65}, "stats": {"hp": 287, "atk": 239, "def": 164, "spa": 239, "spd": 164, "spe": 174}, "types": ["Poison"]}}]}