{"id": "gen9randombattle-2642134058", "format": "[Gen 9] Random Battle", "players": ["dennisfh", "jnpr010334"], "log": "|j|\u2606dennisfh\n|j|\u2606jnpr010334\n|t:|1782897272\n|gametype|singles\n|player|p1|dennisfh|102|1680\n|player|p2|jnpr010334|265|1664\n|gen|9\n|tier|[Gen 9] Random Battle\n|rated|\n|rule|Species Clause: Limit one of each Pok\u00e9mon\n|rule|HP Percentage Mod: HP is shown in percentages\n|rule|Sleep Clause Mod: Limit one foe put to sleep\n|rule|Illusion Level Mod: Illusion disguises the Pok\u00e9mon's true level\n|\n|t:|1782897272\n|teamsize|p1|6\n|teamsize|p2|6\n|start\n|switch|p1a: Solgaleo|Solgaleo, L74|325/325\n|switch|p2a: Lucario|Lucario, L84, M|255/255\n|turn|1\n|inactive|Battle timer is ON: inactive players will automatically lose when time's up. (requested by dennisfh)\n|\n|t:|1782897276\n|move|p2a: Lucario|Swords Dance|p2a: Lucario\n|-boost|p2a: Lucario|atk|2\n|move|p1a: Solgaleo|Flame Charge|p2a: Lucario\n|-supereffective|p2a: Lucario\n|-damage|p2a: Lucario|163/255\n|-boost|p1a: Solgaleo|spe|1\n|\n|upkeep\n|turn|2\n|inactive|jnpr010334 also wants the timer to be on.\n|\n|t:|1782897289\n|move|p1a: Solgaleo|Close Combat|p2a: Lucario\n|-supereffective|p2a: Lucario\n|-damage|p2a: Lucario|0 fnt\n|-unboost|p1a: Solgaleo|def|1\n|-unboost|p1a: Solgaleo|spd|1\n|faint|p2a: Lucario\n|\n|upkeep\n|\n|t:|1782897291\n|switch|p2a: Kommo-o|Kommo-o, L78, F|245/245\n|turn|3\n|\n|t:|1782897314\n|move|p1a: Solgaleo|Close Combat|p2a: Kommo-o\n|-damage|p2a: Kommo-o|174/245\n|-unboost|p1a: Solgaleo|def|1\n|-unboost|p1a: Solgaleo|spd|1\n|move|p2a: Kommo-o|Clangorous Soul|p2a: Kommo-o\n|-boost|p2a: Kommo-o|atk|1\n|-boost|p2a: Kommo-o|def|1\n|-boost|p2a: Kommo-o|spa|1\n|-boost|p2a: Kommo-o|spd|1\n|-boost|p2a: Kommo-o|spe|1\n|-damage|p2a: Kommo-o|94/245\n|-enditem|p2a: Kommo-o|Throat Spray\n|-boost|p2a: Kommo-o|spa|1|[from] item: Throat Spray\n|\n|upkeep\n|turn|4\n|\n|t:|1782897326\n|switch|p1a: Slowking|Slowking, L88, M|310/310\n|-terastallize|p2a: Kommo-o|Steel\n|move|p2a: Kommo-o|Drain Punch|p1a: Slowking\n|-resisted|p1a: Slowking\n|-damage|p1a: Slowking|256/310\n|-heal|p2a: Kommo-o|121/245|[from] drain|[of] p1a: Slowking\n|\n|upkeep\n|turn|5\n|\n|t:|1782897330\n|move|p2a: Kommo-o|Iron Head|p1a: Slowking\n|-resisted|p1a: Slowking\n|-damage|p1a: Slowking|190/310\n|cant|p1a: Slowking|flinch\n|\n|upkeep\n|turn|6\n|\n|t:|1782897335\n|move|p2a: Kommo-o|Iron Head|p1a: Slowking\n|-resisted|p1a: Slowking\n|-damage|p1a: Slowking|127/310\n|move|p1a: Slowking|Slack Off|p1a: Slowking\n|-heal|p1a: Slowking|282/310\n|\n|upkeep\n|turn|7\n|\n|t:|1782897341\n|move|p2a: Kommo-o|Iron Head|p1a: Slowking\n|-resisted|p1a: Slowking\n|-damage|p1a: Slowking|222/310\n|move|p1a: Slowking|Scald|p2a: Kommo-o\n|-crit|p2a: Kommo-o\n|-damage|p2a: Kommo-o|0 fnt\n|faint|p2a: Kommo-o\n|\n|upkeep\n|\n|t:|1782897343\n|switch|p2a: Girafarig|Girafarig, L89, F|269/269\n|turn|8\n|\n|t:|1782897354\n|move|p2a: Girafarig|Nasty Plot|p2a: Girafarig\n|-boost|p2a: Girafarig|spa|2\n|move|p1a: Slowking|Scald|p2a: Girafarig\n|-damage|p2a: Girafarig|197/269\n|\n|upkeep\n|turn|9\n|\n|t:|1782897364\n|move|p2a: Girafarig|Nasty Plot|p2a: Girafarig\n|-boost|p2a: Girafarig|spa|2\n|-prepare|p1a: Slowking|Chilly Reception|[premajor]\n|move|p1a: Slowking|Chilly Reception|p1a: Slowking\n|-weather|Snowscape\n|\n|t:|1782897374\n|switch|p1a: Solgaleo|Solgaleo, L74|325/325|[from] Chilly Reception\n|\n|-weather|Snowscape|[upkeep]\n|upkeep\n|turn|10\n|\n|t:|1782897376\n|move|p2a: Girafarig|Shadow Ball|p1a: Solgaleo\n|-supereffective|p1a: Solgaleo\n|-damage|p1a: Solgaleo|0 fnt\n|faint|p1a: Solgaleo\n|\n|-weather|Snowscape|[upkeep]\n|upkeep\n|\n|t:|1782897382\n|switch|p1a: Klefki|Klefki, L84, F|233/233\n|turn|11\n|\n|t:|1782897384\n|move|p1a: Klefki|Thunder Wave|p2a: Girafarig\n|-status|p2a: Girafarig|par\n|move|p2a: Girafarig|Shadow Ball|p1a: Klefki\n|-damage|p1a: Klefki|40/233\n|\n|-weather|Snowscape|[upkeep]\n|-heal|p1a: Klefki|54/233|[from] item: Leftovers\n|upkeep\n|turn|12\n|\n|t:|1782897390\n|move|p1a: Klefki|Foul Play|p2a: Girafarig\n|-supereffective|p2a: Girafarig\n|-damage|p2a: Girafarig|129/269 par\n|move|p2a: Girafarig|Shadow Ball|p1a: Klefki\n|-damage|p1a: Klefki|0 fnt\n|faint|p1a: Klefki\n|\n|-weather|Snowscape|[upkeep]\n|upkeep\n|\n|t:|1782897404\n|switch|p1a: Zapdos|Zapdos, L78|268/268\n|turn|13\n|\n|t:|1782897408\n|move|p1a: Zapdos|Thunderbolt|p2a: Girafarig\n|-damage|p2a: Girafarig|44/269 par\n|move|p2a: Girafarig|Psyshock|p1a: Zapdos\n|-damage|p1a: Zapdos|0 fnt\n|faint|p1a: Zapdos\n|\n|-weather|none\n|upkeep\n|\n|t:|1782897412\n|switch|p1a: Rotom|Rotom-Mow, L87|229/229\n|turn|14\n|\n|t:|1782897414\n|move|p1a: Rotom|Thunderbolt|p2a: Girafarig\n|-damage|p2a: Girafarig|0 fnt\n|faint|p2a: Girafarig\n|\n|upkeep\n|\n|t:|1782897417\n|switch|p2a: Magearna|Magearna-Original, L77|250/250\n|turn|15\n|\n|t:|1782897421\n|move|p1a: Rotom|Will-O-Wisp|p2a: Magearna\n|-status|p2a: Magearna|brn\n|move|p2a: Magearna|Fleur Cannon|p1a: Rotom\n|-damage|p1a: Rotom|112/229\n|-unboost|p2a: Magearna|spa|2\n|\n|-heal|p1a: Rotom|126/229|[from] item: Leftovers\n|-damage|p2a: Magearna|235/250 brn|[from] brn\n|upkeep\n|turn|16\n|\n|t:|1782897425\n|move|p1a: Rotom|Nasty Plot|p1a: Rotom\n|-boost|p1a: Rotom|spa|2\n|move|p2a: Magearna|Fleur Cannon|p1a: Rotom\n|-damage|p1a: Rotom|62/229\n|-unboost|p2a: Magearna|spa|2\n|\n|-heal|p1a: Rotom|76/229|[from] item: Leftovers\n|-heal|p2a: Magearna|250/250 brn|[from] item: Leftovers\n|-damage|p2a: Magearna|235/250 brn|[from] brn\n|upkeep\n|turn|17\n|\n|t:|1782897428\n|move|p1a: Rotom|Thunderbolt|p2a: Magearna\n|-damage|p2a: Magearna|51/250 brn\n|move|p2a: Magearna|Fleur Cannon|p1a: Rotom\n|-damage|p1a: Rotom|37/229\n|-unboost|p2a: Magearna|spa|2\n|\n|-heal|p1a: Rotom|51/229|[from] item: Leftovers\n|-heal|p2a: Magearna|66/250 brn|[from] item: Leftovers\n|-damage|p2a: Magearna|51/250 brn|[from] brn\n|upkeep\n|turn|18\n|\n|t:|1782897433\n|move|p1a: Rotom|Thunderbolt|p2a: Magearna\n|-damage|p2a: Magearna|0 fnt\n|faint|p2a: Magearna\n|\n|-heal|p1a: Rotom|65/229|[from] item: Leftovers\n|upkeep\n|\n|t:|1782897435\n|switch|p2a: Dachsbun|Dachsbun, L92, F|254/254\n|turn|19\n|\n|t:|1782897439\n|move|p2a: Dachsbun|Play Rough|p1a: Rotom\n|-damage|p1a: Rotom|0 fnt\n|faint|p1a: Rotom\n|\n|upkeep\n|\n|t:|1782897442\n|switch|p1a: Slowking|Slowking, L88, M|310/310\n|turn|20\n|\n|t:|1782897446\n|switch|p2a: Farigiraf|Farigiraf, L90, M|362/362\n|move|p1a: Slowking|Scald|p2a: Farigiraf\n|-damage|p2a: Farigiraf|263/362\n|-status|p2a: Farigiraf|brn\n|\n|-heal|p2a: Farigiraf|285/362 brn|[from] item: Leftovers\n|-damage|p2a: Farigiraf|263/362 brn|[from] brn\n|upkeep\n|turn|21\n|\n|t:|1782897456\n|move|p2a: Farigiraf|Body Slam|p1a: Slowking\n|-damage|p1a: Slowking|256/310\n|move|p1a: Slowking|Scald|p2a: Farigiraf\n|-crit|p2a: Farigiraf\n|-damage|p2a: Farigiraf|104/362 brn\n|\n|-heal|p2a: Farigiraf|126/362 brn|[from] item: Leftovers\n|-damage|p2a: Farigiraf|104/362 brn|[from] brn\n|upkeep\n|turn|22\n|\n|t:|1782897459\n|move|p2a: Farigiraf|Wish|p2a: Farigiraf\n|move|p1a: Slowking|Scald|p2a: Farigiraf\n|-damage|p2a: Farigiraf|5/362 brn\n|\n|-heal|p2a: Farigiraf|27/362 brn|[from] item: Leftovers\n|-damage|p2a: Farigiraf|5/362 brn|[from] brn\n|upkeep\n|turn|23\n|\n|t:|1782897461\n|move|p2a: Farigiraf|Protect|p2a: Farigiraf\n|-singleturn|p2a: Farigiraf|Protect\n|move|p1a: Slowking|Future Sight|p2a: Farigiraf\n|-start|p1a: Slowking|move: Future Sight\n|\n|-heal|p2a: Farigiraf|186/362 brn|[from] move: Wish|[wisher] Farigiraf\n|-heal|p2a: Farigiraf|208/362 brn|[from] item: Leftovers\n|-damage|p2a: Farigiraf|186/362 brn|[from] brn\n|upkeep\n|turn|24\n|\n|t:|1782897465\n|move|p2a: Farigiraf|Wish|p2a: Farigiraf\n|move|p1a: Slowking|Scald|p2a: Farigiraf\n|-damage|p2a: Farigiraf|72/362 brn\n|\n|-heal|p2a: Farigiraf|94/362 brn|[from] item: Leftovers\n|-damage|p2a: Farigiraf|72/362 brn|[from] brn\n|upkeep\n|turn|25\n|\n|t:|1782897470\n|move|p2a: Farigiraf|Protect|p2a: Farigiraf\n|-singleturn|p2a: Farigiraf|Protect\n|move|p1a: Slowking|Scald|p2a: Farigiraf\n|-activate|p2a: Farigiraf|move: Protect\n|\n|-end|p2a: Farigiraf|move: Future Sight\n|-resisted|p2a: Farigiraf\n|-crit|p2a: Farigiraf\n|-damage|p2a: Farigiraf|0 fnt\n|faint|p2a: Farigiraf\n|upkeep\n|\n|t:|1782897472\n|switch|p2a: Dachsbun|Dachsbun, L92, F|254/254\n|turn|26\n|\n|t:|1782897480\n|move|p2a: Dachsbun|Play Rough|p1a: Slowking\n|-damage|p1a: Slowking|160/310\n|move|p1a: Slowking|Scald|p2a: Dachsbun\n|-damage|p2a: Dachsbun|152/254\n|\n|-heal|p2a: Dachsbun|167/254|[from] item: Leftovers\n|upkeep\n|turn|27\n|\n|t:|1782897487\n|move|p2a: Dachsbun|Play Rough|p1a: Slowking\n|-damage|p1a: Slowking|57/310\n|move|p1a: Slowking|Slack Off|p1a: Slowking\n|-heal|p1a: Slowking|212/310\n|\n|-heal|p2a: Dachsbun|182/254|[from] item: Leftovers\n|upkeep\n|turn|28\n|\n|t:|1782897492\n|move|p2a: Dachsbun|Protect|p2a: Dachsbun\n|-singleturn|p2a: Dachsbun|Protect\n|move|p1a: Slowking|Scald|p2a: Dachsbun\n|-activate|p2a: Dachsbun|move: Protect\n|\n|-heal|p2a: Dachsbun|197/254|[from] item: Leftovers\n|upkeep\n|turn|29\n|\n|t:|1782897494\n|move|p2a: Dachsbun|Wish|p2a: Dachsbun\n|move|p1a: Slowking|Scald|p2a: Dachsbun\n|-damage|p2a: Dachsbun|97/254\n|-status|p2a: Dachsbun|brn\n|\n|-heal|p2a: Dachsbun|112/254 brn|[from] item: Leftovers\n|-damage|p2a: Dachsbun|97/254 brn|[from] brn\n|upkeep\n|turn|30\n|\n|t:|1782897499\n|move|p2a: Dachsbun|Protect|p2a: Dachsbun\n|-singleturn|p2a: Dachsbun|Protect\n|move|p1a: Slowking|Future Sight|p2a: Dachsbun\n|-start|p1a: Slowking|move: Future Sight\n|\n|-heal|p2a: Dachsbun|224/254 brn|[from] move: Wish|[wisher] Dachsbun\n|-heal|p2a: Dachsbun|239/254 brn|[from] item: Leftovers\n|-damage|p2a: Dachsbun|224/254 brn|[from] brn\n|upkeep\n|turn|31\n|\n|t:|1782897502\n|move|p2a: Dachsbun|Wish|p2a: Dachsbun\n|move|p1a: Slowking|Scald|p2a: Dachsbun\n|-damage|p2a: Dachsbun|127/254 brn\n|\n|-heal|p2a: Dachsbun|142/254 brn|[from] item: Leftovers\n|-damage|p2a: Dachsbun|127/254 brn|[from] brn\n|upkeep\n|turn|32\n|\n|t:|1782897508\n|move|p2a: Dachsbun|Protect|p2a: Dachsbun\n|-singleturn|p2a: Dachsbun|Protect\n|move|p1a: Slowking|Slack Off|p1a: Slowking\n|-heal|p1a: Slowking|310/310\n|\n|-end|p2a: Dachsbun|move: Future Sight\n|-damage|p2a: Dachsbun|0 fnt\n|faint|p2a: Dachsbun\n|\n|win|dennisfh\n|raw|dennisfh's rating: 1680 &rarr; <strong>1699</strong><br />(+19 for winning)\n|raw|jnpr010334's rating: 1656 &rarr; <strong>1637</strong><br />(-19 for losing)\n", "inputlog": ">version f8ac14003a5f27e1bdc8d8c59608a773c1cb96e5\n>start {\"formatid\":\"gen9randombattle\",\"seed\":\"sodium,ce8033d0be992c4663e916975eba3c6a\",\"rated\":\"Rated battle\"}\n>player p1 {\"name\":\"dennisfh\",\"avatar\":\"102\",\"rating\":1680,\"seed\":\"sodium,2351b5832785c457c704310e96ce17e5\"}\n>player p2 {\"name\":\"jnpr010334\",\"avatar\":\"265\",\"rating\":1664,\"seed\":\"sodium,68da7092d8a669e5d97ef75c882f60b4\"}\n>p1 move flamecharge\n>p2 move swordsdance\n>p1 move closecombat\n>p2 move closecombat\n>p2 switch 4\n>p1 move closecombat\n>p2 move clangoroussoul\n>p1 switch 3\n>p2 move drainpunch terastallize\n>p1 move scald\n>p2 move ironhead\n>p1 move slackoff\n>p2 move ironhead\n>p1 move scald\n>p2 move ironhead\n>p2 switch 5\n>p1 move scald\n>p2 move nastyplot\n>p1 move chillyreception\n>p2 move nastyplot\n>p1 switch 3\n>p1 move knockoff\n>p2 move shadowball\n>p1 switch 4\n>p1 move thunderwave\n>p2 move shadowball\n>p1 move foulplay\n>p2 move shadowball\n>p1 switch 2\n>p1 move thunderbolt\n>p2 move psyshock\n>p1 switch 5\n>p1 move thunderbolt\n>p2 move psyshock\n>p2 switch 2\n>p1 move willowisp\n>p2 move fleurcannon\n>p1 move nastyplot\n>p2 move fleurcannon\n>p1 move thunderbolt\n>p2 move fleurcannon\n>p1 move thunderbolt\n>p2 move fleurcannon\n>p2 switch 3\n>p1 move thunderbolt\n>p2 move playrough\n>p1 switch 3\n>p1 move scald\n>p2 switch 6\n>p1 move scald\n>p2 move bodyslam\n>p1 move scald\n>p2 move wish\n>p1 move futuresight\n>p2 move protect\n>p1 move scald\n>p2 move wish\n>p1 move scald\n>p2 move protect\n>p2 switch 6\n>p1 move scald\n>p2 move playrough\n>p1 move slackoff\n>p2 move playrough\n>p1 move scald\n>p2 move protect\n>p1 move scald\n>p2 move wish\n>p1 move futuresight\n>p2 move protect\n>p1 move scald\n>p2 move wish\n>p1 move slackoff\n>p2 move protect", "uploadtime": 1782897508, "views": 2, "formatid": "gen9randombattle", "rating": 1637, "private": 0, "password": null, "player_dets": [{"name": "dennisfh", "avatar": "102", "rating": 1680, "seed": "sodium,2351b5832785c457c704310e96ce17e5"}, {"name": "jnpr010334", "avatar": "265", "rating": 1664, "seed": "sodium,68da7092d8a669e5d97ef75c882f60b4"}], "teams_full": [{"Solgaleo": {"name": "Solgaleo", "species": "Solgaleo", "speciesId": "solgaleo", "gender": "N", "shiny": false, "level": 74, "moves": ["flamecharge", "closecombat", "sunsteelstrike", "knockoff"], "ability": "Full Metal Body", "evs": {"hp": 85, "atk": 85, "def": 85, "spa": 85, "spd": 85, "spe": 85}, "ivs": {"hp": 31, "atk": 31, "def": 31, "spa": 31, "spd": 31, "spe": 31}, "item": "Weakness Policy", "teraType": "Fighting", "role": "Bulky Setup", "bvs": {"hp": 137, "atk": 137, "def": 107, "spa": 113, "spd": 89, "spe": 97}, "stats": {"hp": 325, "atk": 246, "def": 201, "spa": 210, "spd": 175, "spe": 187}, "types": ["Psychic", "Steel"]}, "Zapdos": {"name": "Zapdos", "species": "Zapdos", "speciesId": "zapdos", "gender": "N", "shiny": false, "level": 78, "moves": ["hurricane", "thunderbolt", "heatwave", "roost"], "ability": "Static", "evs": {"hp": 85, "atk": 0, "def": 85, "spa": 85, "spd": 85, "spe": 85}, "ivs": {"hp": 31, "atk": 0, "def": 31, "spa": 31, "spd": 31, "spe": 31}, "item": "Heavy-Duty Boots", "teraType": "Electric", "role": "Bulky Attacker", "bvs": {"hp": 90, "atk": 90, "def": 85, "spa": 125, "spd": 90, "spe": 100}, "stats": {"hp": 268, "atk": 145, "def": 178, "spa": 240, "spd": 185, "spe": 201}, "types": ["Electric", "Flying"]}, "Slowking": {"name": "Slowking", "species": "Slowking", "speciesId": "slowking", "gender": "M", "shiny": false, "level": 88, "moves": ["slackoff", "chillyreception", "scald", "futuresight"], "ability": "Regenerator", "evs": {"hp": 85, "atk": 0, "def": 85, "spa": 85, "spd": 85, "spe": 85}, "ivs": {"hp": 31, "atk": 0, "def": 31, "spa": 31, "spd": 31, "spe": 31}, "item": "Heavy-Duty Boots", "teraType": "Fairy", "role": "Fast Support", "bvs": {"hp": 95, "atk": 75, "def": 80, "spa": 100, "spd": 110, "spe": 30}, "stats": {"hp": 310, "atk": 137, "def": 191, "spa": 226, "spd": 244, "spe": 103}, "types": ["Water", "Psychic"]}, "Klefki": {"name": "Klefki", "species": "Klefki", "speciesId": "klefki", "gender": "F", "shiny": false, "level": 84, "moves": ["thunderwave", "foulplay", "dazzlinggleam", "spikes"], "ability": "Prankster", "evs": {"hp": 85, "atk": 0, "def": 85, "spa": 85, "spd": 85, "spe": 85}, "ivs": {"hp": 31, "atk": 0, "def": 31, "spa": 31, "spd": 31, "spe": 31}, "item": "Leftovers", "teraType": "Flying", "role": "Bulky Attacker", "bvs": {"hp": 57, "atk": 80, "def": 91, "spa": 80, "spd": 87, "spe": 75}, "stats": {"hp": 233, "atk": 139, "def": 201, "spa": 183, "spd": 194, "spe": 174}, "types": ["Steel", "Fairy"]}, "Rotom": {"name": "Rotom", "species": "Rotom-Mow", "speciesId": "rotommow", "gender": "N", "shiny": false, "level": 87, "moves": ["nastyplot", "thunderbolt", "leafstorm", "willowisp"], "ability": "Levitate", "evs": {"hp": 85, "atk": 0, "def": 85, "spa": 85, "spd": 85, "spe": 85}, "ivs": {"hp": 31, "atk": 0, "def": 31, "spa": 31, "spd": 31, "spe": 31}, "item": "Leftovers", "teraType": "Grass", "role": "Bulky Attacker", "bvs": {"hp": 50, "atk": 65, "def": 107, "spa": 105, "spd": 107, "spe": 86}, "stats": {"hp": 229, "atk": 118, "def": 236, "spa": 232, "spd": 236, "spe": 199}, "types": ["Electric", "Grass"]}, "Keldeo": {"name": "Keldeo", "species": "Keldeo-Resolute", "speciesId": "keldeoresolute", "gender": "N", "shiny": false, "level": 79, "moves": ["vacuumwave", "secretsword", "airslash", "hydropump"], "ability": "Justified", "evs": {"hp": 85, "atk": 0, "def": 85, "spa": 85, "spd": 85, "spe": 85}, "ivs": {"hp": 31, "atk": 0, "def": 31, "spa": 31, "spd": 31, "spe": 31}, "item": "Choice Specs", "teraType": "Fighting", "role": "Fast Attacker", "bvs": {"hp": 91, "atk": 72, "def": 90, "spa": 129, "spd": 90, "spe": 108}, "stats": {"hp": 273, "atk": 118, "def": 188, "spa": 249, "spd": 188, "spe": 216}, "types": ["Water", "Fighting"]}}, {"Lucario": {"name": "Lucario", "species": "Lucario", "speciesId": "lucario", "gender": "M", "shiny": false, "level": 84, "moves": ["extremespeed", "closecombat", "swordsdance", "meteormash"], "ability": "Justified", "evs": {"hp": 85, "atk": 85, "def": 85, "spa": 85, "spd": 85, "spe": 85}, "ivs": {"hp": 31, "atk": 31, "def": 31, "spa": 31, "spd": 31, "spe": 31}, "item": "Life Orb", "teraType": "Normal", "role": "Fast Attacker", "bvs": {"hp": 70, "atk": 110, "def": 70, "spa": 115, "spd": 70, "spe": 90}, "stats": {"hp": 255, "atk": 233, "def": 166, "spa": 241, "spd": 166, "spe": 199}, "types": ["Fighting", "Steel"]}, "Magearna": {"name": "Magearna", "species": "Magearna-Original", "speciesId": "magearna", "gender": "N", "shiny": false, "level": 77, "moves": ["flashcannon", "painsplit", "fleurcannon", "aurasphere"], "ability": "Soul-Heart", "evs": {"hp": 85, "atk": 0, "def": 85, "spa": 85, "spd": 85, "spe": 85}, "ivs": {"hp": 31, "atk": 0, "def": 31, "spa": 31, "spd": 31, "spe": 31}, "item": "Leftovers", "teraType": "Fighting", "role": "Bulky Attacker", "bvs": {"hp": 80, "atk": 95, "def": 115, "spa": 130, "spd": 115, "spe": 65}, "stats": {"hp": 250, "atk": 151, "def": 222, "spa": 245, "spd": 222, "spe": 145}, "types": ["Steel", "Fairy"]}, "Dachsbun": {"name": "Dachsbun", "species": "Dachsbun", "speciesId": "dachsbun", "gender": "F", "shiny": false, "level": 92, "moves": ["protect", "bodypress", "playrough", "wish"], "ability": "Well-Baked Body", "evs": {"hp": 85, "atk": 85, "def": 85, "spa": 85, "spd": 85, "spe": 85}, "ivs": {"hp": 31, "atk": 31, "def": 31, "spa": 31, "spd": 31, "spe": 31}, "item": "Leftovers", "teraType": "Steel", "role": "Bulky Support", "bvs": {"hp": 57, "atk": 80, "def": 115, "spa": 50, "spd": 80, "spe": 95}, "stats": {"hp": 254, "atk": 200, "def": 264, "spa": 144, "spd": 200, "spe": 227}, "types": ["Fairy"]}, "Kommo-o": {"name": "Kommo-o", "species": "Kommo-o", "speciesId": "kommoo", "gender": "F", "shiny": false, "level": 78, "moves": ["clangingscales", "ironhead", "clangoroussoul", "drainpunch"], "ability": "Soundproof", "evs": {"hp": 85, "atk": 85, "def": 85, "spa": 85, "spd": 85, "spe": 85}, "ivs": {"hp": 31, "atk": 31, "def": 31, "spa": 31, "spd": 31, "spe": 31}, "item": "Throat Spray", "teraType": "Steel", "role": "Fast Bulky Setup", "bvs": {"hp": 75, "atk": 110, "def": 125, "spa": 100, "spd": 105, "spe": 85}, "stats": {"hp": 245, "atk": 217, "def": 240, "spa": 201, "spd": 209, "spe": 178}, "types": ["Dragon", "Fighting"]}, "Girafarig": {"name": "Girafarig", "species": "Girafarig", "speciesId": "girafarig", "gender": "F", "shiny": false, "level": 89, "moves": ["shadowball", "dazzlinggleam", "psyshock", "nastyplot"], "ability": "Sap Sipper", "evs": {"hp": 85, "atk": 0, "def": 85, "spa": 85, "spd": 85, "spe": 85}, "ivs": {"hp": 31, "atk": 0, "def": 31, "spa": 31, "spd": 31, "spe": 31}, "item": "Eviolite", "teraType": "Psychic", "role": "Bulky Setup", "bvs": {"hp": 70, "atk": 80, "def": 65, "spa": 90, "spd": 65, "spe": 85}, "stats": {"hp": 269, "atk": 147, "def": 166, "spa": 211, "spd": 166, "spe": 202}, "types": ["Normal", "Psychic"]}, "Farigiraf": {"name": "Farigiraf", "species": "Farigiraf", "speciesId": "farigiraf", "gender": "M", "shiny": false, "level": 90, "moves": ["bodyslam", "protect", "wish", "psychicnoise"], "ability": "Sap Sipper", "evs": {"hp": 85, "atk": 85, "def": 85, "spa": 85, "spd": 85, "spe": 85}, "ivs": {"hp": 31, "atk": 31, "def": 31, "spa": 31, "spd": 31, "spe": 31}, "item": "Leftovers", "teraType": "Water", "role": "Bulky Support", "bvs": {"hp": 120, "atk": 90, "def": 70, "spa": 110, "spd": 70, "spe": 60}, "stats": {"hp": 362, "atk": 213, "def": 177, "spa": 249, "spd": 177, "spe": 159}, "types": ["Normal", "Psychic"]}}]}