{"id": "gen9randombattle-2641807011", "format": "[Gen 9] Random Battle", "players": ["TC2003", "UltraBallzz"], "log": "|badge|p2|bronze|gen9ou|100-9\n|uhtml|medal-msg|<div class=\"broadcast-blue\">Curious what those medals under the avatar are? PS now has Ladder Seasons! For more information, check out the <a href=\"https://www.smogon.com/forums/threads/3740067/\">thread on Smogon.</a></div>\n|j|\u2606TC2003\n|j|\u2606UltraBallzz\n|t:|1782844207\n|gametype|singles\n|player|p1|TC2003|ethan|1998\n|player|p2|UltraBallzz|#splxbigs|2024\n|gen|9\n|tier|[Gen 9] Random Battle\n|rated|\n|rule|Species Clause: Limit one of each Pok\u00e9mon\n|rule|HP Percentage Mod: HP is shown in percentages\n|rule|Sleep Clause Mod: Limit one foe put to sleep\n|rule|Illusion Level Mod: Illusion disguises the Pok\u00e9mon's true level\n|\n|t:|1782844207\n|teamsize|p1|6\n|teamsize|p2|6\n|start\n|switch|p1a: Altaria|Altaria, L89, F|278/278\n|switch|p2a: Glimmora|Glimmora, L75, M|248/248\n|turn|1\n|inactive|Battle timer is ON: inactive players will automatically lose when time's up. (requested by UltraBallzz)\n|\n|t:|1782844221\n|switch|p1a: Tinkaton|Tinkaton, L82, F|274/274\n|-ability|p1a: Tinkaton|Mold Breaker\n|move|p2a: Glimmora|Meteor Beam||[still]\n|-prepare|p2a: Glimmora|Meteor Beam\n|-boost|p2a: Glimmora|spa|1\n|-enditem|p2a: Glimmora|Power Herb\n|-anim|p2a: Glimmora|Meteor Beam|p1a: Tinkaton|[miss]\n|-miss|p2a: Glimmora|p1a: Tinkaton\n|\n|upkeep\n|turn|2\n|\n|t:|1782844237\n|-terastallize|p2a: Glimmora|Grass\n|move|p1a: Tinkaton|Encore|p2a: Glimmora\n|-start|p2a: Glimmora|Encore\n|move|p2a: Glimmora|Meteor Beam||[still]\n|-prepare|p2a: Glimmora|Meteor Beam\n|-boost|p2a: Glimmora|spa|1\n|\n|upkeep\n|turn|3\n|\n|t:|1782844241\n|move|p1a: Tinkaton|Stealth Rock|p2a: Glimmora\n|-sidestart|p2: UltraBallzz|move: Stealth Rock\n|move|p2a: Glimmora|Meteor Beam|p1a: Tinkaton|[from] lockedmove\n|-resisted|p1a: Tinkaton\n|-damage|p1a: Tinkaton|151/274\n|\n|-heal|p1a: Tinkaton|168/274|[from] item: Leftovers\n|upkeep\n|turn|4\n|\n|t:|1782844247\n|switch|p1a: Altaria|Altaria, L89, F|278/278\n|move|p2a: Glimmora|Meteor Beam||[still]\n|-prepare|p2a: Glimmora|Meteor Beam\n|-boost|p2a: Glimmora|spa|1\n|\n|-end|p2a: Glimmora|Encore\n|upkeep\n|turn|5\n|\n|t:|1782844249\n|move|p1a: Altaria|Brave Bird|p2a: Glimmora\n|-supereffective|p2a: Glimmora\n|-damage|p2a: Glimmora|0 fnt\n|-activate|p2a: Glimmora|ability: Toxic Debris\n|-sidestart|p1: TC2003|move: Toxic Spikes\n|faint|p2a: Glimmora\n|-damage|p1a: Altaria|196/278|[from] Recoil\n|\n|upkeep\n|\n|t:|1782844255\n|switch|p2a: Ting-Lu|Ting-Lu, L78|370/370\n|-damage|p2a: Ting-Lu|347/370|[from] Stealth Rock\n|-ability|p2a: Ting-Lu|Vessel of Ruin\n|turn|6\n|\n|t:|1782844259\n|switch|p1a: Tinkaton|Tinkaton, L82, F|168/274\n|-ability|p1a: Tinkaton|Mold Breaker\n|move|p2a: Ting-Lu|Stealth Rock|p1a: Tinkaton\n|-sidestart|p1: TC2003|move: Stealth Rock\n|\n|-heal|p1a: Tinkaton|185/274|[from] item: Leftovers\n|-heal|p2a: Ting-Lu|370/370|[from] item: Leftovers\n|upkeep\n|turn|7\n|\n|t:|1782844265\n|switch|p2a: Krookodile|Krookodile, L79, F|280/280\n|-damage|p2a: Krookodile|263/280|[from] Stealth Rock\n|-ability|p2a: Krookodile|Intimidate|boost\n|-unboost|p1a: Tinkaton|atk|1\n|move|p1a: Tinkaton|Play Rough|p2a: Krookodile|[miss]\n|-miss|p1a: Tinkaton|p2a: Krookodile\n|\n|-heal|p1a: Tinkaton|202/274|[from] item: Leftovers\n|upkeep\n|turn|8\n|\n|t:|1782844268\n|move|p2a: Krookodile|Earthquake|p1a: Tinkaton\n|-supereffective|p1a: Tinkaton\n|-damage|p1a: Tinkaton|0 fnt\n|faint|p1a: Tinkaton\n|\n|upkeep\n|\n|t:|1782844272\n|switch|p1a: Sneasler|Sneasler, L74, F|240/240\n|-sideend|p1: TC2003|move: Toxic Spikes|[of] p1a: Sneasler\n|-damage|p1a: Sneasler|225/240|[from] Stealth Rock\n|turn|9\n|\n|t:|1782844275\n|switch|p2a: Hatterene|Hatterene, L85, F|236/236\n|-damage|p2a: Hatterene|207/236|[from] Stealth Rock\n|move|p1a: Sneasler|Close Combat|p2a: Hatterene\n|-resisted|p2a: Hatterene\n|-damage|p2a: Hatterene|162/236\n|-unboost|p1a: Sneasler|def|1\n|-unboost|p1a: Sneasler|spd|1\n|\n|-heal|p2a: Hatterene|176/236|[from] item: Leftovers\n|upkeep\n|turn|10\n|\n|t:|1782844281\n|switch|p1a: Swalot|Swalot, L90, M|326/326\n|-damage|p1a: Swalot|286/326|[from] Stealth Rock\n|switch|p2a: Krookodile|Krookodile, L79, F|263/280\n|-damage|p2a: Krookodile|246/280|[from] Stealth Rock\n|-ability|p2a: Krookodile|Intimidate|boost\n|-unboost|p1a: Swalot|atk|1\n|\n|-heal|p1a: Swalot|306/326|[from] item: Leftovers\n|upkeep\n|turn|11\n|\n|t:|1782844286\n|switch|p1a: Altaria|Altaria, L89, F|196/278\n|move|p2a: Krookodile|Knock Off|p1a: Altaria\n|-damage|p1a: Altaria|103/278\n|-enditem|p1a: Altaria|Heavy-Duty Boots|[from] move: Knock Off|[of] p2a: Krookodile\n|\n|upkeep\n|turn|12\n|\n|t:|1782844293\n|switch|p2a: Ting-Lu|Ting-Lu, L78|370/370\n|-damage|p2a: Ting-Lu|347/370|[from] Stealth Rock\n|-ability|p2a: Ting-Lu|Vessel of Ruin\n|move|p1a: Altaria|Roost|p1a: Altaria\n|-heal|p1a: Altaria|242/278\n|-singleturn|p1a: Altaria|move: Roost\n|\n|-heal|p2a: Ting-Lu|370/370|[from] item: Leftovers\n|upkeep\n|turn|13\n|\n|t:|1782844295\n|move|p1a: Altaria|Will-O-Wisp|p2a: Ting-Lu\n|-status|p2a: Ting-Lu|brn\n|move|p2a: Ting-Lu|Spikes|p1a: Altaria\n|-sidestart|p1: TC2003|Spikes\n|\n|-damage|p2a: Ting-Lu|347/370 brn|[from] brn\n|upkeep\n|turn|14\n|\n|t:|1782844298\n|move|p1a: Altaria|Brave Bird|p2a: Ting-Lu\n|-damage|p2a: Ting-Lu|262/370 brn\n|-damage|p1a: Altaria|214/278|[from] Recoil\n|move|p2a: Ting-Lu|Spikes|p1a: Altaria\n|-sidestart|p1: TC2003|Spikes\n|\n|-heal|p2a: Ting-Lu|285/370 brn|[from] item: Leftovers\n|-damage|p2a: Ting-Lu|262/370 brn|[from] brn\n|upkeep\n|turn|15\n|\n|t:|1782844307\n|move|p1a: Altaria|Brave Bird|p2a: Ting-Lu\n|-damage|p2a: Ting-Lu|171/370 brn\n|-damage|p1a: Altaria|184/278|[from] Recoil\n|move|p2a: Ting-Lu|Spikes|p1a: Altaria\n|-sidestart|p1: TC2003|Spikes\n|\n|-heal|p2a: Ting-Lu|194/370 brn|[from] item: Leftovers\n|-damage|p2a: Ting-Lu|171/370 brn|[from] brn\n|upkeep\n|turn|16\n|\n|t:|1782844311\n|move|p1a: Altaria|Defog|p2a: Ting-Lu\n|-unboost|p2a: Ting-Lu|evasion|1\n|-sideend|p2: UltraBallzz|Stealth Rock|[from] move: Defog|[of] p1a: Altaria\n|-sideend|p1: TC2003|Spikes|[from] move: Defog|[of] p1a: Altaria\n|-sideend|p1: TC2003|Stealth Rock|[from] move: Defog|[of] p1a: Altaria\n|move|p2a: Ting-Lu|Throat Chop|p1a: Altaria\n|-damage|p1a: Altaria|146/278\n|-start|p1a: Altaria|Throat Chop|[silent]\n|\n|-heal|p2a: Ting-Lu|194/370 brn|[from] item: Leftovers\n|-damage|p2a: Ting-Lu|171/370 brn|[from] brn\n|upkeep\n|turn|17\n|\n|t:|1782844313\n|move|p1a: Altaria|Brave Bird|p2a: Ting-Lu\n|-damage|p2a: Ting-Lu|72/370 brn\n|-damage|p1a: Altaria|113/278|[from] Recoil\n|move|p2a: Ting-Lu|Stealth Rock|p1a: Altaria\n|-sidestart|p1: TC2003|move: Stealth Rock\n|\n|-heal|p2a: Ting-Lu|95/370 brn|[from] item: Leftovers\n|-damage|p2a: Ting-Lu|72/370 brn|[from] brn\n|-end|p1a: Altaria|Throat Chop|[silent]\n|upkeep\n|turn|18\n|\n|t:|1782844317\n|switch|p2a: Hatterene|Hatterene, L85, F|176/236\n|move|p1a: Altaria|Defog|p2a: Hatterene\n|move|p2a: Hatterene|Defog|p1a: Altaria|[from] ability: Magic Bounce\n|-unboost|p1a: Altaria|evasion|1\n|-sideend|p1: TC2003|Stealth Rock|[from] move: Defog|[of] p2a: Hatterene\n|\n|-heal|p2a: Hatterene|190/236|[from] item: Leftovers\n|upkeep\n|turn|19\n|\n|t:|1782844323\n|switch|p1a: Swalot|Swalot, L90, M|306/326\n|move|p2a: Hatterene|Calm Mind|p2a: Hatterene\n|-boost|p2a: Hatterene|spa|1\n|-boost|p2a: Hatterene|spd|1\n|\n|-heal|p1a: Swalot|326/326|[from] item: Leftovers\n|-heal|p2a: Hatterene|204/236|[from] item: Leftovers\n|upkeep\n|turn|20\n|\n|t:|1782844328\n|move|p1a: Swalot|Gunk Shot|p2a: Hatterene\n|-supereffective|p2a: Hatterene\n|-damage|p2a: Hatterene|0 fnt\n|faint|p2a: Hatterene\n|\n|upkeep\n|\n|t:|1782844331\n|switch|p2a: Greedent|Greedent, L86, M|347/347\n|turn|21\n|\n|t:|1782844342\n|move|p1a: Swalot|Swords Dance|p1a: Swalot\n|-boost|p1a: Swalot|atk|2\n|move|p2a: Greedent|Swords Dance|p2a: Greedent\n|-boost|p2a: Greedent|atk|2\n|\n|upkeep\n|turn|22\n|\n|t:|1782844347\n|move|p1a: Swalot|Knock Off|p2a: Greedent\n|-damage|p2a: Greedent|239/347\n|-enditem|p2a: Greedent|Sitrus Berry|[from] move: Knock Off|[of] p1a: Swalot\n|move|p2a: Greedent|Earthquake|p1a: Swalot\n|-supereffective|p1a: Swalot\n|-damage|p1a: Swalot|62/326\n|\n|-heal|p1a: Swalot|82/326|[from] item: Leftovers\n|upkeep\n|turn|23\n|\n|t:|1782844351\n|move|p1a: Swalot|Gunk Shot|p2a: Greedent\n|-damage|p2a: Greedent|8/347\n|move|p2a: Greedent|Knock Off|p1a: Swalot\n|-damage|p1a: Swalot|0 fnt\n|-enditem|p1a: Swalot|Leftovers|[from] move: Knock Off|[of] p2a: Greedent\n|faint|p1a: Swalot\n|\n|upkeep\n|\n|t:|1782844356\n|switch|p1a: Heracross|Heracross, L80, F|259/259\n|turn|24\n|\n|t:|1782844360\n|move|p1a: Heracross|Trailblaze|p2a: Greedent\n|-damage|p2a: Greedent|0 fnt\n|-boost|p1a: Heracross|spe|1\n|faint|p2a: Greedent\n|\n|-status|p1a: Heracross|brn|[from] item: Flame Orb\n|upkeep\n|\n|t:|1782844364\n|switch|p2a: Zapdos|Zapdos-Galar, L77|265/265\n|turn|25\n|\n|t:|1782844369\n|-terastallize|p1a: Heracross|Normal\n|move|p1a: Heracross|Facade|p2a: Zapdos\n|-damage|p2a: Zapdos|12/265\n|move|p2a: Zapdos|Brave Bird|p1a: Heracross\n|-damage|p1a: Heracross|24/259 brn\n|-damage|p2a: Zapdos|0 fnt|[from] Recoil\n|faint|p2a: Zapdos\n|\n|-damage|p1a: Heracross|8/259 brn|[from] brn\n|upkeep\n|\n|t:|1782844375\n|switch|p2a: Krookodile|Krookodile, L79, F|246/280\n|-ability|p2a: Krookodile|Intimidate|boost\n|-unboost|p1a: Heracross|atk|1\n|turn|26\n|\n|t:|1782844386\n|move|p2a: Krookodile|Earthquake|p1a: Heracross\n|-damage|p1a: Heracross|0 fnt\n|faint|p1a: Heracross\n|\n|upkeep\n|\n|t:|1782844391\n|switch|p1a: Altaria|Altaria, L89, F|113/278\n|turn|27\n|\n|t:|1782844393\n|switch|p2a: Ting-Lu|Ting-Lu, L78|72/370 brn\n|-ability|p2a: Ting-Lu|Vessel of Ruin\n|move|p1a: Altaria|Will-O-Wisp|p2a: Ting-Lu\n|-fail|p2a: Ting-Lu|brn\n|\n|-heal|p2a: Ting-Lu|95/370 brn|[from] item: Leftovers\n|-damage|p2a: Ting-Lu|72/370 brn|[from] brn\n|upkeep\n|turn|28\n|\n|t:|1782844396\n|switch|p2a: Krookodile|Krookodile, L79, F|246/280\n|-ability|p2a: Krookodile|Intimidate|boost\n|-unboost|p1a: Altaria|atk|1\n|move|p1a: Altaria|Brave Bird|p2a: Krookodile\n|-damage|p2a: Krookodile|165/280\n|-damage|p1a: Altaria|86/278|[from] Recoil\n|\n|upkeep\n|turn|29\n|\n|t:|1782844402\n|move|p2a: Krookodile|Stone Edge|p1a: Altaria\n|-supereffective|p1a: Altaria\n|-damage|p1a: Altaria|0 fnt\n|faint|p1a: Altaria\n|\n|upkeep\n|\n|t:|1782844404\n|switch|p1a: Sneasler|Sneasler, L74, F|225/240\n|turn|30\n|\n|t:|1782844407\n|switch|p2a: Ting-Lu|Ting-Lu, L78|72/370 brn\n|-ability|p2a: Ting-Lu|Vessel of Ruin\n|move|p1a: Sneasler|U-turn|p2a: Ting-Lu\n|-supereffective|p2a: Ting-Lu\n|-damage|p2a: Ting-Lu|0 fnt\n|faint|p2a: Ting-Lu\n|\n|t:|1782844409\n|switch|p1a: Flutter Mane|Flutter Mane, L74|203/203|[from] U-turn\n|\n|upkeep\n|\n|t:|1782844412\n|switch|p2a: Krookodile|Krookodile, L79, F|165/280\n|-ability|p2a: Krookodile|Intimidate|boost\n|-unboost|p1a: Flutter Mane|atk|1\n|turn|31\n|\n|t:|1782844415\n|move|p2a: Krookodile|Earthquake|p1a: Flutter Mane\n|-damage|p1a: Flutter Mane|31/203\n|move|p1a: Flutter Mane|Moonblast|p2a: Krookodile\n|-supereffective|p2a: Krookodile\n|-damage|p2a: Krookodile|0 fnt\n|faint|p2a: Krookodile\n|-damage|p1a: Flutter Mane|11/203|[from] item: Life Orb\n|\n|win|TC2003\n|raw|TC2003's rating: 2020 &rarr; <strong>2040</strong><br />(+20 for winning)\n|raw|UltraBallzz's rating: 2024 &rarr; <strong>2004</strong><br />(-20 for losing)\n", "inputlog": ">version f8ac14003a5f27e1bdc8d8c59608a773c1cb96e5\n>start {\"formatid\":\"gen9randombattle\",\"seed\":\"sodium,cdea420966191968c8077376334fd157\",\"rated\":\"Rated battle\"}\n>player p1 {\"name\":\"TC2003\",\"avatar\":\"ethan\",\"rating\":1998,\"seed\":\"sodium,8d12486344b124c6c048f96ed7334a5f\"}\n>player p2 {\"name\":\"UltraBallzz\",\"avatar\":\"#splxbigs\",\"rating\":2024,\"seed\":\"sodium,3cf80b29b936be22ec77759a7f4ee267\"}\n>p1 switch 6\n>p2 move meteorbeam\n>p1 move encore\n>p2 move earthpower terastallize\n>p1 move stealthrock\n>p2 move meteorbeam\n>p1 switch 6\n>p2 move meteorbeam\n>p1 move bravebird\n>p2 move meteorbeam\n>p2 switch 5\n>p1 switch 6\n>p2 move stealthrock\n>p1 move playrough\n>p2 switch 6\n>p1 move playrough\n>p2 move earthquake\n>p1 switch 3\n>p1 move closecombat\n>p2 switch 3\n>p1 switch 2\n>p2 switch 3\n>p1 switch 6\n>p2 move knockoff\n>p1 move roost\n>p2 switch 6\n>p1 move willowisp\n>p2 move spikes\n>p1 move bravebird\n>p2 move spikes\n>p1 move bravebird\n>p2 move spikes\n>p1 move defog\n>p2 move throatchop\n>p1 move bravebird\n>p2 move stealthrock\n>p1 move defog\n>p2 switch 3\n>p1 switch 6\n>p2 move calmmind\n>p1 move gunkshot\n>p2 move psyshock\n>p2 switch 2\n>p1 move swordsdance\n>p2 move swordsdance\n>p1 move knockoff\n>p2 move earthquake\n>p1 move gunkshot\n>p2 move knockoff\n>p1 switch 5\n>p1 move trailblaze\n>p2 move earthquake\n>p2 switch 4\n>p1 move facade terastallize\n>p2 move bravebird\n>p2 switch 6\n>p1 move closecombat\n>p2 move earthquake\n>p1 switch 6\n>p1 move willowisp\n>p2 switch 3\n>p1 move bravebird\n>p2 switch 3\n>p1 move willowisp\n>p2 move stoneedge\n>p1 switch 2\n>p1 move uturn\n>p2 switch 3\n>p1 switch 4\n>p2 switch 3\n>p1 move moonblast\n>p2 move earthquake", "uploadtime": 1782844416, "views": 6, "formatid": "gen9randombattle", "rating": 2004, "private": 0, "password": null, "player_dets": [{"name": "TC2003", "avatar": "ethan", "rating": 1998, "seed": "sodium,8d12486344b124c6c048f96ed7334a5f"}, {"name": "UltraBallzz", "avatar": "#splxbigs", "rating": 2024, "seed": "sodium,3cf80b29b936be22ec77759a7f4ee267"}], "teams_full": [{"Altaria": {"name": "Altaria", "species": "Altaria", "speciesId": "altaria", "gender": "F", "shiny": false, "level": 89, "moves": ["bravebird", "willowisp", "roost", "defog"], "ability": "Natural Cure", "evs": {"hp": 85, "atk": 85, "def": 85, "spa": 85, "spd": 85, "spe": 85}, "ivs": {"hp": 31, "atk": 31, "def": 31, "spa": 31, "spd": 31, "spe": 31}, "item": "Heavy-Duty Boots", "teraType": "Steel", "role": "Bulky Support", "bvs": {"hp": 75, "atk": 70, "def": 90, "spa": 70, "spd": 105, "spe": 80}, "stats": {"hp": 278, "atk": 175, "def": 211, "spa": 175, "spd": 238, "spe": 193}, "types": ["Dragon", "Flying"]}, "Swalot": {"name": "Swalot", "species": "Swalot", "speciesId": "swalot", "gender": "M", "shiny": false, "level": 90, "moves": ["swordsdance", "earthquake", "knockoff", "gunkshot"], "ability": "Liquid Ooze", "evs": {"hp": 85, "atk": 85, "def": 85, "spa": 85, "spd": 85, "spe": 85}, "ivs": {"hp": 31, "atk": 31, "def": 31, "spa": 31, "spd": 31, "spe": 31}, "item": "Leftovers", "teraType": "Dark", "role": "Bulky Setup", "bvs": {"hp": 100, "atk": 73, "def": 83, "spa": 73, "spd": 83, "spe": 55}, "stats": {"hp": 326, "atk": 183, "def": 201, "spa": 183, "spd": 201, "spe": 150}, "types": ["Poison"]}, "Sneasler": {"name": "Sneasler", "species": "Sneasler", "speciesId": "sneasler", "gender": "F", "shiny": false, "level": 74, "moves": ["direclaw", "closecombat", "uturn", "throatchop"], "ability": "Poison Touch", "evs": {"hp": 85, "atk": 85, "def": 85, "spa": 85, "spd": 85, "spe": 85}, "ivs": {"hp": 31, "atk": 31, "def": 31, "spa": 31, "spd": 31, "spe": 31}, "item": "Choice Band", "teraType": "Fighting", "role": "Fast Attacker", "bvs": {"hp": 80, "atk": 130, "def": 60, "spa": 40, "spd": 80, "spe": 120}, "stats": {"hp": 240, "atk": 235, "def": 132, "spa": 102, "spd": 161, "spe": 221}, "types": ["Fighting", "Poison"]}, "Flutter Mane": {"name": "Flutter Mane", "species": "Flutter Mane", "speciesId": "fluttermane", "gender": "N", "shiny": false, "level": 74, "moves": ["moonblast", "calmmind", "mysticalfire", "shadowball"], "ability": "Protosynthesis", "evs": {"hp": 85, "atk": 0, "def": 85, "spa": 85, "spd": 85, "spe": 85}, "ivs": {"hp": 31, "atk": 0, "def": 31, "spa": 31, "spd": 31, "spe": 31}, "item": "Life Orb", "teraType": "Fire", "role": "Setup Sweeper", "bvs": {"hp": 55, "atk": 55, "def": 55, "spa": 135, "spd": 135, "spe": 135}, "stats": {"hp": 203, "atk": 86, "def": 124, "spa": 243, "spd": 243, "spe": 243}, "types": ["Ghost", "Fairy"]}, "Heracross": {"name": "Heracross", "species": "Heracross", "speciesId": "heracross", "gender": "F", "shiny": false, "level": 80, "moves": ["facade", "closecombat", "knockoff", "trailblaze"], "ability": "Guts", "evs": {"hp": 85, "atk": 85, "def": 85, "spa": 85, "spd": 85, "spe": 85}, "ivs": {"hp": 31, "atk": 31, "def": 31, "spa": 31, "spd": 31, "spe": 31}, "item": "Flame Orb", "teraType": "Normal", "role": "Setup Sweeper", "bvs": {"hp": 80, "atk": 125, "def": 75, "spa": 40, "spd": 95, "spe": 85}, "stats": {"hp": 259, "atk": 246, "def": 166, "spa": 110, "spd": 198, "spe": 182}, "types": ["Bug", "Fighting"]}, "Tinkaton": {"name": "Tinkaton", "species": "Tinkaton", "speciesId": "tinkaton", "gender": "F", "shiny": false, "level": 82, "moves": ["playrough", "gigatonhammer", "stealthrock", "encore"], "ability": "Mold Breaker", "evs": {"hp": 85, "atk": 85, "def": 85, "spa": 85, "spd": 85, "spe": 85}, "ivs": {"hp": 31, "atk": 31, "def": 31, "spa": 31, "spd": 31, "spe": 31}, "item": "Leftovers", "teraType": "Water", "role": "Bulky Attacker", "bvs": {"hp": 85, "atk": 75, "def": 77, "spa": 70, "spd": 105, "spe": 94}, "stats": {"hp": 274, "atk": 170, "def": 173, "spa": 162, "spd": 219, "spe": 201}, "types": ["Fairy", "Steel"]}}, {"Glimmora": {"name": "Glimmora", "species": "Glimmora", "speciesId": "glimmora", "gender": "M", "shiny": false, "level": 75, "moves": ["meteorbeam", "sludgewave", "earthpower", "energyball"], "ability": "Toxic Debris", "evs": {"hp": 85, "atk": 0, "def": 85, "spa": 85, "spd": 85, "spe": 85}, "ivs": {"hp": 31, "atk": 0, "def": 31, "spa": 31, "spd": 31, "spe": 31}, "item": "Power Herb", "teraType": "Grass", "role": "Setup Sweeper", "bvs": {"hp": 83, "atk": 55, "def": 90, "spa": 130, "spd": 81, "spe": 86}, "stats": {"hp": 248, "atk": 87, "def": 179, "spa": 239, "spd": 165, "spe": 173}, "types": ["Rock", "Poison"]}, "Greedent": {"name": "Greedent", "species": "Greedent", "speciesId": "greedent", "gender": "M", "shiny": false, "level": 86, "moves": ["knockoff", "swordsdance", "doubleedge", "earthquake"], "ability": "Cheek Pouch", "evs": {"hp": 85, "atk": 85, "def": 85, "spa": 85, "spd": 85, "spe": 85}, "ivs": {"hp": 31, "atk": 31, "def": 31, "spa": 31, "spd": 31, "spe": 31}, "item": "Sitrus Berry", "teraType": "Ground", "role": "Bulky Setup", "bvs": {"hp": 120, "atk": 95, "def": 95, "spa": 55, "spd": 75, "spe": 20}, "stats": {"hp": 347, "atk": 213, "def": 213, "spa": 144, "spd": 178, "spe": 84}, "types": ["Normal"]}, "Hatterene": {"name": "Hatterene", "species": "Hatterene", "speciesId": "hatterene", "gender": "F", "shiny": false, "level": 85, "moves": ["psyshock", "calmmind", "drainingkiss", "mysticalfire"], "ability": "Magic Bounce", "evs": {"hp": 85, "atk": 0, "def": 85, "spa": 85, "spd": 85, "spe": 85}, "ivs": {"hp": 31, "atk": 0, "def": 31, "spa": 31, "spd": 31, "spe": 31}, "item": "Leftovers", "teraType": "Fairy", "role": "Bulky Setup", "bvs": {"hp": 57, "atk": 90, "def": 95, "spa": 136, "spd": 103, "spe": 29}, "stats": {"hp": 236, "atk": 158, "def": 210, "spa": 280, "spd": 224, "spe": 98}, "types": ["Psychic", "Fairy"]}, "Zapdos": {"name": "Zapdos", "species": "Zapdos-Galar", "speciesId": "zapdosgalar", "gender": "N", "shiny": false, "level": 77, "moves": ["uturn", "bravebird", "closecombat", "knockoff"], "ability": "Defiant", "evs": {"hp": 85, "atk": 85, "def": 85, "spa": 85, "spd": 85, "spe": 85}, "ivs": {"hp": 31, "atk": 31, "def": 31, "spa": 31, "spd": 31, "spe": 31}, "item": "Choice Band", "teraType": "Dark", "role": "Fast Attacker", "bvs": {"hp": 90, "atk": 125, "def": 90, "spa": 85, "spd": 90, "spe": 100}, "stats": {"hp": 265, "atk": 237, "def": 183, "spa": 175, "spd": 183, "spe": 199}, "types": ["Fighting", "Flying"]}, "Ting-Lu": {"name": "Ting-Lu", "species": "Ting-Lu", "speciesId": "tinglu", "gender": "N", "shiny": false, "level": 78, "moves": ["spikes", "earthquake", "throatchop", "stealthrock"], "ability": "Vessel of Ruin", "evs": {"hp": 85, "atk": 85, "def": 85, "spa": 85, "spd": 85, "spe": 85}, "ivs": {"hp": 31, "atk": 31, "def": 31, "spa": 31, "spd": 31, "spe": 31}, "item": "Leftovers", "teraType": "Ghost", "role": "Bulky Support", "bvs": {"hp": 155, "atk": 110, "def": 125, "spa": 55, "spd": 80, "spe": 45}, "stats": {"hp": 370, "atk": 217, "def": 240, "spa": 131, "spd": 170, "spe": 115}, "types": ["Dark", "Ground"]}, "Krookodile": {"name": "Krookodile", "species": "Krookodile", "speciesId": "krookodile", "gender": "F", "shiny": false, "level": 79, "moves": ["gunkshot", "earthquake", "stoneedge", "knockoff"], "ability": "Intimidate", "evs": {"hp": 85, "atk": 85, "def": 85, "spa": 85, "spd": 85, "spe": 85}, "ivs": {"hp": 31, "atk": 31, "def": 31, "spa": 31, "spd": 31, "spe": 31}, "item": "Choice Scarf", "teraType": "Poison", "role": "Fast Attacker", "bvs": {"hp": 95, "atk": 117, "def": 80, "spa": 65, "spd": 70, "spe": 92}, "stats": {"hp": 280, "atk": 230, "def": 172, "spa": 148, "spd": 156, "spe": 191}, "types": ["Ground", "Dark"]}}]}