{"id": "gen9randombattle-2642031246", "format": "[Gen 9] Random Battle", "players": ["bdhb tera", "locano78"], "log": "|j|\u2606bdhb tera\n|j|\u2606locano78\n|t:|1782876178\n|gametype|singles\n|player|p1|bdhb tera|pokemonranger-gen4|1351\n|player|p2|locano78|hugh|1313\n|gen|9\n|tier|[Gen 9] Random Battle\n|rated|\n|rule|Species Clause: Limit one of each Pok\u00e9mon\n|rule|HP Percentage Mod: HP is shown in percentages\n|rule|Sleep Clause Mod: Limit one foe put to sleep\n|rule|Illusion Level Mod: Illusion disguises the Pok\u00e9mon's true level\n|\n|t:|1782876178\n|teamsize|p1|6\n|teamsize|p2|6\n|start\n|switch|p1a: Mimikyu|Mimikyu, L79, F|216/216\n|switch|p2a: Alcremie|Alcremie, L90, F|263/263\n|turn|1\n|inactive|Battle timer is ON: inactive players will automatically lose when time's up. (requested by locano78)\n|\n|t:|1782876189\n|switch|p2a: Wigglytuff|Wigglytuff, L96, F|424/424\n|move|p1a: Mimikyu|Swords Dance|p1a: Mimikyu\n|-boost|p1a: Mimikyu|atk|2\n|\n|upkeep\n|turn|2\n|\n|t:|1782876196\n|move|p1a: Mimikyu|Play Rough|p2a: Wigglytuff\n|-damage|p2a: Wigglytuff|142/424\n|-damage|p1a: Mimikyu|195/216|[from] item: Life Orb\n|move|p2a: Wigglytuff|Alluring Voice|p1a: Mimikyu\n|-activate|p1a: Mimikyu|ability: Disguise\n|-damage|p1a: Mimikyu|195/216\n|detailschange|p1a: Mimikyu|Mimikyu-Busted, L79, F\n|-damage|p1a: Mimikyu|168/216|[from] pokemon: Mimikyu-Busted\n|\n|-heal|p2a: Wigglytuff|168/424|[from] item: Leftovers\n|upkeep\n|turn|3\n|\n|t:|1782876202\n|move|p1a: Mimikyu|Play Rough|p2a: Wigglytuff\n|-damage|p2a: Wigglytuff|0 fnt\n|faint|p2a: Wigglytuff\n|-damage|p1a: Mimikyu|147/216|[from] item: Life Orb\n|\n|upkeep\n|\n|t:|1782876204\n|switch|p2a: Registeel|Registeel, L81|262/262\n|turn|4\n|\n|t:|1782876231\n|move|p1a: Mimikyu|Shadow Claw|p2a: Registeel\n|-damage|p2a: Registeel|157/262\n|-damage|p1a: Mimikyu|126/216|[from] item: Life Orb\n|move|p2a: Registeel|Iron Head|p1a: Mimikyu\n|-supereffective|p1a: Mimikyu\n|-damage|p1a: Mimikyu|0 fnt\n|faint|p1a: Mimikyu\n|\n|upkeep\n|\n|t:|1782876236\n|switch|p1a: Incineroar|Incineroar, L82, F|290/290\n|-ability|p1a: Incineroar|Intimidate|boost\n|-fail|p2a: Registeel|unboost|[from] ability: Clear Body|[of] p2a: Registeel\n|turn|5\n|\n|t:|1782876241\n|move|p1a: Incineroar|Knock Off|p2a: Registeel\n|-damage|p2a: Registeel|82/262\n|-enditem|p2a: Registeel|Chesto Berry|[from] move: Knock Off|[of] p1a: Incineroar\n|move|p2a: Registeel|Body Press|p1a: Incineroar\n|-supereffective|p1a: Incineroar\n|-crit|p1a: Incineroar\n|-damage|p1a: Incineroar|82/290\n|\n|upkeep\n|turn|6\n|\n|t:|1782876250\n|move|p1a: Incineroar|Flare Blitz|p2a: Registeel\n|-supereffective|p2a: Registeel\n|-damage|p2a: Registeel|0 fnt\n|faint|p2a: Registeel\n|-damage|p1a: Incineroar|55/290|[from] Recoil\n|\n|upkeep\n|\n|t:|1782876272\n|switch|p2a: Alcremie|Alcremie, L90, F|263/263\n|turn|7\n|\n|t:|1782876280\n|switch|p1a: Rampardos|Rampardos, L90, M|321/321\n|move|p2a: Alcremie|Calm Mind|p2a: Alcremie\n|-boost|p2a: Alcremie|spa|1\n|-boost|p2a: Alcremie|spd|1\n|\n|upkeep\n|turn|8\n|\n|t:|1782876288\n|move|p2a: Alcremie|Alluring Voice|p1a: Rampardos\n|-damage|p1a: Rampardos|111/321\n|move|p1a: Rampardos|Rock Slide|p2a: Alcremie\n|-damage|p2a: Alcremie|13/263\n|\n|-heal|p2a: Alcremie|29/263|[from] item: Leftovers\n|upkeep\n|turn|9\n|\n|t:|1782876299\n|move|p2a: Alcremie|Alluring Voice|p1a: Rampardos\n|-damage|p1a: Rampardos|0 fnt\n|faint|p1a: Rampardos\n|\n|-heal|p2a: Alcremie|45/263|[from] item: Leftovers\n|upkeep\n|\n|t:|1782876304\n|switch|p1a: Latias|Latias, L79, F|256/256\n|turn|10\n|\n|t:|1782876307\n|move|p1a: Latias|Psyshock|p2a: Alcremie\n|-damage|p2a: Alcremie|0 fnt\n|faint|p2a: Alcremie\n|\n|upkeep\n|\n|t:|1782876315\n|switch|p2a: Meganium|Meganium, L90, F|290/290\n|turn|11\n|\n|t:|1782876320\n|switch|p1a: Incineroar|Incineroar, L82, F|55/290\n|-ability|p1a: Incineroar|Intimidate|boost\n|-unboost|p2a: Meganium|atk|1\n|move|p2a: Meganium|Knock Off|p1a: Incineroar\n|-resisted|p1a: Incineroar\n|-damage|p1a: Incineroar|34/290\n|-enditem|p1a: Incineroar|Heavy-Duty Boots|[from] move: Knock Off|[of] p2a: Meganium\n|\n|upkeep\n|turn|12\n|\n|t:|1782876326\n|switch|p2a: Sudowoodo|Sudowoodo, L94, M|284/284\n|move|p1a: Incineroar|Knock Off|p2a: Sudowoodo\n|-damage|p2a: Sudowoodo|199/284\n|-enditem|p2a: Sudowoodo|Leftovers|[from] move: Knock Off|[of] p1a: Incineroar\n|\n|upkeep\n|turn|13\n|\n|t:|1782876332\n|move|p1a: Incineroar|Trailblaze|p2a: Sudowoodo\n|-supereffective|p2a: Sudowoodo\n|-damage|p2a: Sudowoodo|141/284\n|-boost|p1a: Incineroar|spe|1\n|move|p2a: Sudowoodo|Stealth Rock|p1a: Incineroar\n|-sidestart|p1: bdhb tera|move: Stealth Rock\n|\n|upkeep\n|turn|14\n|\n|t:|1782876337\n|move|p2a: Sudowoodo|Sucker Punch|p1a: Incineroar\n|-resisted|p1a: Incineroar\n|-damage|p1a: Incineroar|4/290\n|move|p1a: Incineroar|Trailblaze|p2a: Sudowoodo\n|-supereffective|p2a: Sudowoodo\n|-damage|p2a: Sudowoodo|83/284\n|-boost|p1a: Incineroar|spe|1\n|\n|upkeep\n|turn|15\n|\n|t:|1782876344\n|move|p2a: Sudowoodo|Sucker Punch|p1a: Incineroar\n|-resisted|p1a: Incineroar\n|-damage|p1a: Incineroar|0 fnt\n|faint|p1a: Incineroar\n|\n|upkeep\n|\n|t:|1782876353\n|switch|p1a: Klawf|Klawf, L90, F|272/272\n|-damage|p1a: Klawf|238/272|[from] Stealth Rock\n|turn|16\n|\n|t:|1782876357\n|move|p1a: Klawf|Swords Dance|p1a: Klawf\n|-boost|p1a: Klawf|atk|2\n|move|p2a: Sudowoodo|Wood Hammer|p1a: Klawf\n|-supereffective|p1a: Klawf\n|-damage|p1a: Klawf|64/272\n|-ability|p1a: Klawf|Anger Shell|boost\n|-boost|p1a: Klawf|atk|1\n|-boost|p1a: Klawf|spa|1\n|-boost|p1a: Klawf|spe|1\n|-unboost|p1a: Klawf|def|1\n|-unboost|p1a: Klawf|spd|1\n|\n|upkeep\n|turn|17\n|\n|t:|1782876362\n|move|p2a: Sudowoodo|Sucker Punch|p1a: Klawf\n|-damage|p1a: Klawf|0 fnt\n|faint|p1a: Klawf\n|\n|upkeep\n|\n|t:|1782876371\n|switch|p1a: Venomoth|Venomoth, L84, M|255/255\n|turn|18\n|\n|t:|1782876375\n|move|p1a: Venomoth|Sleep Powder|p2a: Sudowoodo|[miss]\n|-miss|p1a: Venomoth|p2a: Sudowoodo\n|move|p2a: Sudowoodo|Head Smash|p1a: Venomoth\n|-supereffective|p1a: Venomoth\n|-damage|p1a: Venomoth|0 fnt\n|faint|p1a: Venomoth\n|\n|upkeep\n|\n|t:|1782876379\n|switch|p1a: Latias|Latias, L79, F|256/256\n|-damage|p1a: Latias|224/256|[from] Stealth Rock\n|turn|19\n|c|\u2606locano78|gg\n|\n|t:|1782876384\n|-terastallize|p1a: Latias|Steel\n|move|p1a: Latias|Calm Mind|p1a: Latias\n|-boost|p1a: Latias|spa|1\n|-boost|p1a: Latias|spd|1\n|move|p2a: Sudowoodo|Head Smash|p1a: Latias\n|-resisted|p1a: Latias\n|-damage|p1a: Latias|128/256\n|\n|upkeep\n|turn|20\n|\n|t:|1782876393\n|move|p1a: Latias|Recover|p1a: Latias\n|-heal|p1a: Latias|256/256\n|move|p2a: Sudowoodo|Head Smash|p1a: Latias\n|-resisted|p1a: Latias\n|-damage|p1a: Latias|143/256\n|\n|upkeep\n|turn|21\n|\n|t:|1782876404\n|move|p1a: Latias|Calm Mind|p1a: Latias\n|-boost|p1a: Latias|spa|1\n|-boost|p1a: Latias|spd|1\n|move|p2a: Sudowoodo|Head Smash|p1a: Latias|[miss]\n|-miss|p2a: Sudowoodo|p1a: Latias\n|\n|upkeep\n|turn|22\n|\n|t:|1782876410\n|move|p1a: Latias|Recover|p1a: Latias\n|-heal|p1a: Latias|256/256\n|move|p2a: Sudowoodo|Head Smash|p1a: Latias\n|-resisted|p1a: Latias\n|-damage|p1a: Latias|160/256\n|\n|upkeep\n|turn|23\n|\n|t:|1782876414\n|move|p1a: Latias|Calm Mind|p1a: Latias\n|-boost|p1a: Latias|spa|1\n|-boost|p1a: Latias|spd|1\n|move|p2a: Sudowoodo|Head Smash|p1a: Latias\n|-resisted|p1a: Latias\n|-damage|p1a: Latias|53/256\n|\n|upkeep\n|turn|24\n|\n|t:|1782876417\n|move|p1a: Latias|Recover|p1a: Latias\n|-heal|p1a: Latias|181/256\n|move|p2a: Sudowoodo|Head Smash|p1a: Latias\n|-resisted|p1a: Latias\n|-damage|p1a: Latias|85/256\n|\n|upkeep\n|turn|25\n|\n|t:|1782876422\n|move|p1a: Latias|Recover|p1a: Latias\n|-heal|p1a: Latias|213/256\n|move|p2a: Sudowoodo|Head Smash|p1a: Latias\n|-resisted|p1a: Latias\n|-damage|p1a: Latias|114/256\n|\n|upkeep\n|turn|26\n|\n|t:|1782876428\n|switch|p2a: Plusle|Plusle, L95, M|268/268\n|move|p1a: Latias|Recover|p1a: Latias\n|-heal|p1a: Latias|242/256\n|\n|upkeep\n|turn|27\n|\n|t:|1782876436\n|move|p2a: Plusle|Thunderbolt|p1a: Latias\n|-damage|p1a: Latias|198/256\n|-damage|p2a: Plusle|242/268|[from] item: Life Orb\n|move|p1a: Latias|Psyshock|p2a: Plusle\n|-damage|p2a: Plusle|0 fnt\n|faint|p2a: Plusle\n|\n|upkeep\n|\n|t:|1782876439\n|switch|p2a: Meganium|Meganium, L90, F|290/290\n|turn|28\n|\n|t:|1782876448\n|-terastallize|p2a: Meganium|Steel\n|move|p1a: Latias|Psyshock|p2a: Meganium\n|-resisted|p2a: Meganium\n|-damage|p2a: Meganium|186/290\n|move|p2a: Meganium|Knock Off|p1a: Latias\n|-damage|p1a: Latias|130/256\n|-enditem|p1a: Latias|Soul Dew|[from] move: Knock Off|[of] p2a: Meganium\n|\n|-heal|p2a: Meganium|204/290|[from] item: Leftovers\n|upkeep\n|turn|29\n|\n|t:|1782876461\n|move|p1a: Latias|Psyshock|p2a: Meganium\n|-resisted|p2a: Meganium\n|-damage|p2a: Meganium|115/290\n|move|p2a: Meganium|Knock Off|p1a: Latias\n|-damage|p1a: Latias|77/256\n|\n|-heal|p2a: Meganium|133/290|[from] item: Leftovers\n|upkeep\n|turn|30\n|\n|t:|1782876465\n|move|p1a: Latias|Recover|p1a: Latias\n|-heal|p1a: Latias|205/256\n|move|p2a: Meganium|Synthesis|p2a: Meganium\n|-heal|p2a: Meganium|278/290\n|\n|-heal|p2a: Meganium|290/290|[from] item: Leftovers\n|upkeep\n|turn|31\n|\n|t:|1782876470\n|move|p1a: Latias|Calm Mind|p1a: Latias\n|-boost|p1a: Latias|spa|1\n|-boost|p1a: Latias|spd|1\n|move|p2a: Meganium|Knock Off|p1a: Latias\n|-damage|p1a: Latias|153/256\n|\n|upkeep\n|turn|32\n|\n|t:|1782876473\n|move|p1a: Latias|Calm Mind|p1a: Latias\n|-boost|p1a: Latias|spa|1\n|-boost|p1a: Latias|spd|1\n|move|p2a: Meganium|Knock Off|p1a: Latias\n|-crit|p1a: Latias\n|-damage|p1a: Latias|83/256\n|\n|upkeep\n|turn|33\n|\n|t:|1782876476\n|move|p1a: Latias|Recover|p1a: Latias\n|-heal|p1a: Latias|211/256\n|move|p2a: Meganium|Knock Off|p1a: Latias\n|-damage|p1a: Latias|161/256\n|\n|upkeep\n|turn|34\n|\n|t:|1782876478\n|move|p1a: Latias|Calm Mind|p1a: Latias\n|-boost|p1a: Latias|spa|1\n|-boost|p1a: Latias|spd|1\n|move|p2a: Meganium|Knock Off|p1a: Latias\n|-damage|p1a: Latias|110/256\n|\n|upkeep\n|turn|35\n|\n|t:|1782876484\n|move|p1a: Latias|Recover|p1a: Latias\n|-heal|p1a: Latias|238/256\n|move|p2a: Meganium|Knock Off|p1a: Latias\n|-damage|p1a: Latias|193/256\n|\n|upkeep\n|turn|36\n|\n|t:|1782876487\n|move|p1a: Latias|Psyshock|p2a: Meganium\n|-resisted|p2a: Meganium\n|-damage|p2a: Meganium|149/290\n|move|p2a: Meganium|Knock Off|p1a: Latias\n|-damage|p1a: Latias|147/256\n|\n|-heal|p2a: Meganium|167/290|[from] item: Leftovers\n|upkeep\n|turn|37\n|\n|t:|1782876490\n|move|p1a: Latias|Draco Meteor|p2a: Meganium\n|-resisted|p2a: Meganium\n|-damage|p2a: Meganium|0 fnt\n|-unboost|p1a: Latias|spa|2\n|faint|p2a: Meganium\n|\n|upkeep\n|\n|t:|1782876493\n|switch|p2a: Sudowoodo|Sudowoodo, L94, M|83/284\n|turn|38\n|\n|t:|1782876496\n|move|p1a: Latias|Psyshock|p2a: Sudowoodo\n|-damage|p2a: Sudowoodo|0 fnt\n|faint|p2a: Sudowoodo\n|\n|win|bdhb tera\n|raw|bdhb tera's rating: 1351 &rarr; <strong>1369</strong><br />(+18 for winning)\n|raw|locano78's rating: 1313 &rarr; <strong>1295</strong><br />(-18 for losing)\n|l|\u2606locano78\n|player|p2|\n", "inputlog": ">version f8ac14003a5f27e1bdc8d8c59608a773c1cb96e5\n>start {\"formatid\":\"gen9randombattle\",\"seed\":\"sodium,06d16642bffbead062d926c0a3db5f0c\",\"rated\":\"Rated battle\"}\n>player p1 {\"name\":\"bdhb tera\",\"avatar\":\"pokemonranger-gen4\",\"rating\":1351,\"seed\":\"sodium,8f06f5a81e4a0220c5fbe53b13e82218\"}\n>player p2 {\"name\":\"locano78\",\"avatar\":\"hugh\",\"rating\":1313,\"seed\":\"sodium,623c12297c8b4de510f896d44e9dbbbe\"}\n>p1 move swordsdance\n>p2 switch 4\n>p1 move playrough\n>p2 move alluringvoice\n>p1 move playrough\n>p2 move knockoff\n>p2 switch 3\n>p1 move shadowclaw\n>p2 move ironhead\n>p1 switch 2\n>p1 move knockoff\n>p2 move bodypress\n>p1 move flareblitz\n>p2 move bodypress\n>p2 switch 4\n>p1 switch 4\n>p2 move calmmind\n>p1 move rockslide\n>p2 move alluringvoice\n>p1 move rockslide\n>p2 move alluringvoice\n>p1 switch 3\n>p1 move psyshock\n>p2 move recover\n>p2 switch 5\n>p1 switch 4\n>p2 move knockoff\n>p1 move knockoff\n>p2 switch 2\n>p1 move trailblaze\n>p2 move stealthrock\n>p1 move trailblaze\n>p2 move suckerpunch\n>p1 move trailblaze\n>p2 move suckerpunch\n>p1 switch 5\n>p1 move swordsdance\n>p2 move woodhammer\n>p1 move highhorsepower\n>p2 move suckerpunch\n>p1 switch 6\n>p1 move sleeppowder\n>p2 move headsmash\n>p1 switch 4\n>chat \u2606locano78|gg\n>p1 move calmmind terastallize\n>p2 move headsmash\n>p1 move recover\n>p2 move headsmash\n>p1 move calmmind\n>p2 move headsmash\n>p1 move recover\n>p2 move headsmash\n>p1 move calmmind\n>p2 move headsmash\n>p1 move recover\n>p2 move headsmash\n>p1 move recover\n>p2 move headsmash\n>p1 move recover\n>p2 switch 6\n>p1 move psyshock\n>p2 move thunderbolt\n>p2 switch 2\n>p1 move psyshock\n>p2 move knockoff terastallize\n>p1 move psyshock\n>p2 move knockoff\n>p1 move recover\n>p2 move synthesis\n>p1 move calmmind\n>p2 move knockoff\n>p1 move calmmind\n>p2 move knockoff\n>p1 move recover\n>p2 move knockoff\n>p1 move calmmind\n>p2 move knockoff\n>p1 move recover\n>p2 move knockoff\n>p1 move psyshock\n>p2 move knockoff\n>p1 move dracometeor\n>p2 move knockoff\n>p2 switch 6\n>p1 move psyshock\n>p2 move woodhammer", "uploadtime": 1782876514, "views": 8, "formatid": "gen9randombattle", "rating": 1295, "private": 0, "password": null, "player_dets": [{"name": "bdhb tera", "avatar": "pokemonranger-gen4", "rating": 1351, "seed": "sodium,8f06f5a81e4a0220c5fbe53b13e82218"}, {"name": "locano78", "avatar": "hugh", "rating": 1313, "seed": "sodium,623c12297c8b4de510f896d44e9dbbbe"}], "teams_full": [{"Mimikyu": {"name": "Mimikyu", "species": "Mimikyu", "speciesId": "mimikyu", "gender": "F", "shiny": false, "level": 79, "moves": ["shadowsneak", "playrough", "shadowclaw", "swordsdance"], "ability": "Disguise", "evs": {"hp": 85, "atk": 85, "def": 85, "spa": 85, "spd": 85, "spe": 85}, "ivs": {"hp": 31, "atk": 31, "def": 31, "spa": 31, "spd": 31, "spe": 31}, "item": "Life Orb", "teraType": "Ghost", "role": "Fast Bulky Setup", "bvs": {"hp": 55, "atk": 90, "def": 80, "spa": 50, "spd": 105, "spe": 96}, "stats": {"hp": 216, "atk": 188, "def": 172, "spa": 125, "spd": 211, "spe": 197}, "types": ["Ghost", "Fairy"]}, "Incineroar": {"name": "Incineroar", "species": "Incineroar", "speciesId": "incineroar", "gender": "F", "shiny": false, "level": 82, "moves": ["knockoff", "swordsdance", "flareblitz", "trailblaze"], "ability": "Intimidate", "evs": {"hp": 85, "atk": 85, "def": 85, "spa": 85, "spd": 85, "spe": 85}, "ivs": {"hp": 31, "atk": 31, "def": 31, "spa": 31, "spd": 31, "spe": 31}, "item": "Heavy-Duty Boots", "teraType": "Grass", "role": "Setup Sweeper", "bvs": {"hp": 95, "atk": 115, "def": 90, "spa": 80, "spd": 90, "spe": 60}, "stats": {"hp": 290, "atk": 236, "def": 195, "spa": 178, "spd": 195, "spe": 146}, "types": ["Fire", "Dark"]}, "Latias": {"name": "Latias", "species": "Latias", "speciesId": "latias", "gender": "F", "shiny": false, "level": 79, "moves": ["dracometeor", "calmmind", "recover", "psyshock"], "ability": "Levitate", "evs": {"hp": 85, "atk": 0, "def": 85, "spa": 85, "spd": 85, "spe": 85}, "ivs": {"hp": 31, "atk": 0, "def": 31, "spa": 31, "spd": 31, "spe": 31}, "item": "Soul Dew", "teraType": "Steel", "role": "Fast Bulky Setup", "bvs": {"hp": 80, "atk": 80, "def": 90, "spa": 110, "spd": 130, "spe": 110}, "stats": {"hp": 256, "atk": 131, "def": 188, "spa": 219, "spd": 251, "spe": 219}, "types": ["Dragon", "Psychic"]}, "Rampardos": {"name": "Rampardos", "species": "Rampardos", "speciesId": "rampardos", "gender": "M", "shiny": false, "level": 90, "moves": ["firepunch", "zenheadbutt", "rockslide", "earthquake"], "ability": "Sheer Force", "evs": {"hp": 85, "atk": 85, "def": 85, "spa": 85, "spd": 85, "spe": 85}, "ivs": {"hp": 31, "atk": 31, "def": 31, "spa": 31, "spd": 31, "spe": 31}, "item": "Life Orb", "teraType": "Psychic", "role": "Wallbreaker", "bvs": {"hp": 97, "atk": 165, "def": 60, "spa": 65, "spd": 50, "spe": 58}, "stats": {"hp": 321, "atk": 348, "def": 159, "spa": 168, "spd": 141, "spe": 156}, "types": ["Rock"]}, "Klawf": {"name": "Klawf", "species": "Klawf", "speciesId": "klawf", "gender": "F", "shiny": false, "level": 90, "moves": ["swordsdance", "highhorsepower", "stoneedge", "crabhammer"], "ability": "Anger Shell", "evs": {"hp": 85, "atk": 85, "def": 85, "spa": 85, "spd": 85, "spe": 85}, "ivs": {"hp": 31, "atk": 31, "def": 31, "spa": 31, "spd": 31, "spe": 31}, "item": "Lum Berry", "teraType": "Rock", "role": "Setup Sweeper", "bvs": {"hp": 70, "atk": 100, "def": 115, "spa": 35, "spd": 55, "spe": 75}, "stats": {"hp": 272, "atk": 231, "def": 258, "spa": 114, "spd": 150, "spe": 186}, "types": ["Rock"]}, "Venomoth": {"name": "Venomoth", "species": "Venomoth", "speciesId": "venomoth", "gender": "M", "shiny": false, "level": 84, "moves": ["sludgewave", "quiverdance", "sleeppowder", "bugbuzz"], "ability": "Tinted Lens", "evs": {"hp": 85, "atk": 0, "def": 85, "spa": 85, "spd": 85, "spe": 85}, "ivs": {"hp": 31, "atk": 0, "def": 31, "spa": 31, "spd": 31, "spe": 31}, "item": "Heavy-Duty Boots", "teraType": "Poison", "role": "Setup Sweeper", "bvs": {"hp": 70, "atk": 65, "def": 60, "spa": 90, "spd": 75, "spe": 90}, "stats": {"hp": 255, "atk": 114, "def": 149, "spa": 199, "spd": 174, "spe": 199}, "types": ["Bug", "Poison"]}}, {"Alcremie": {"name": "Alcremie", "species": "Alcremie", "speciesId": "alcremie", "gender": "F", "shiny": false, "level": 90, "moves": ["alluringvoice", "calmmind", "recover", "psyshock"], "ability": "Aroma Veil", "evs": {"hp": 85, "atk": 0, "def": 85, "spa": 85, "spd": 85, "spe": 85}, "ivs": {"hp": 31, "atk": 0, "def": 31, "spa": 31, "spd": 31, "spe": 31}, "item": "Leftovers", "teraType": "Poison", "role": "Bulky Setup", "bvs": {"hp": 65, "atk": 60, "def": 75, "spa": 110, "spd": 121, "spe": 64}, "stats": {"hp": 263, "atk": 113, "def": 186, "spa": 249, "spd": 269, "spe": 167}, "types": ["Fairy"]}, "Sudowoodo": {"name": "Sudowoodo", "species": "Sudowoodo", "speciesId": "sudowoodo", "gender": "M", "shiny": false, "level": 94, "moves": ["woodhammer", "suckerpunch", "headsmash", "stealthrock"], "ability": "Rock Head", "evs": {"hp": 85, "atk": 85, "def": 85, "spa": 85, "spd": 85, "spe": 85}, "ivs": {"hp": 31, "atk": 31, "def": 31, "spa": 31, "spd": 31, "spe": 31}, "item": "Leftovers", "teraType": "Grass", "role": "Bulky Attacker", "bvs": {"hp": 70, "atk": 100, "def": 115, "spa": 30, "spd": 65, "spe": 30}, "stats": {"hp": 284, "atk": 241, "def": 270, "spa": 110, "spd": 176, "spe": 110}, "types": ["Rock"]}, "Registeel": {"name": "Registeel", "species": "Registeel", "speciesId": "registeel", "gender": "N", "shiny": false, "level": 81, "moves": ["irondefense", "ironhead", "bodypress", "rest"], "ability": "Clear Body", "evs": {"hp": 85, "atk": 85, "def": 85, "spa": 85, "spd": 85, "spe": 85}, "ivs": {"hp": 31, "atk": 31, "def": 31, "spa": 31, "spd": 31, "spe": 31}, "item": "Chesto Berry", "teraType": "Fighting", "role": "Bulky Setup", "bvs": {"hp": 80, "atk": 75, "def": 150, "spa": 75, "spd": 150, "spe": 50}, "stats": {"hp": 262, "atk": 168, "def": 290, "spa": 168, "spd": 290, "spe": 128}, "types": ["Steel"]}, "Wigglytuff": {"name": "Wigglytuff", "species": "Wigglytuff", "speciesId": "wigglytuff", "gender": "F", "shiny": false, "level": 96, "moves": ["alluringvoice", "knockoff", "protect", "wish"], "ability": "Competitive", "evs": {"hp": 85, "atk": 85, "def": 85, "spa": 85, "spd": 85, "spe": 85}, "ivs": {"hp": 31, "atk": 31, "def": 31, "spa": 31, "spd": 31, "spe": 31}, "item": "Leftovers", "teraType": "Poison", "role": "Bulky Support", "bvs": {"hp": 140, "atk": 70, "def": 45, "spa": 85, "spd": 50, "spe": 45}, "stats": {"hp": 424, "atk": 189, "def": 141, "spa": 218, "spd": 150, "spe": 141}, "types": ["Normal", "Fairy"]}, "Meganium": {"name": "Meganium", "species": "Meganium", "speciesId": "meganium", "gender": "F", "shiny": false, "level": 90, "moves": ["knockoff", "energyball", "synthesis", "dragontail"], "ability": "Overgrow", "evs": {"hp": 85, "atk": 85, "def": 85, "spa": 85, "spd": 85, "spe": 85}, "ivs": {"hp": 31, "atk": 31, "def": 31, "spa": 31, "spd": 31, "spe": 31}, "item": "Leftovers", "teraType": "Steel", "role": "Bulky Attacker", "bvs": {"hp": 80, "atk": 82, "def": 100, "spa": 83, "spd": 100, "spe": 80}, "stats": {"hp": 290, "atk": 199, "def": 231, "spa": 201, "spd": 231, "spe": 195}, "types": ["Grass"]}, "Plusle": {"name": "Plusle", "species": "Plusle", "speciesId": "plusle", "gender": "M", "shiny": false, "level": 95, "moves": ["nastyplot", "grassknot", "thunderbolt", "alluringvoice"], "ability": "Lightning Rod", "evs": {"hp": 85, "atk": 0, "def": 85, "spa": 85, "spd": 85, "spe": 85}, "ivs": {"hp": 31, "atk": 0, "def": 31, "spa": 31, "spd": 31, "spe": 31}, "item": "Life Orb", "teraType": "Grass", "role": "Setup Sweeper", "bvs": {"hp": 60, "atk": 50, "def": 40, "spa": 85, "spd": 75, "spe": 95}, "stats": {"hp": 268, "atk": 100, "def": 130, "spa": 215, "spd": 196, "spe": 234}, "types": ["Electric"]}}]}