{"id": "gen9randombattle-2642099842", "format": "[Gen 9] Random Battle", "players": ["toplaneisop", "jnpr010334"], "log": "|j|\u2606toplaneisop\n|j|\u2606jnpr010334\n|t:|1782889846\n|gametype|singles\n|player|p1|toplaneisop|266|1900\n|player|p2|jnpr010334|265|1944\n|gen|9\n|tier|[Gen 9] Random Battle\n|rated|\n|rule|Species Clause: Limit one of each Pok\u00e9mon\n|rule|HP Percentage Mod: HP is shown in percentages\n|rule|Sleep Clause Mod: Limit one foe put to sleep\n|rule|Illusion Level Mod: Illusion disguises the Pok\u00e9mon's true level\n|\n|t:|1782889846\n|teamsize|p1|6\n|teamsize|p2|6\n|start\n|switch|p1a: Ditto|Ditto, L87|225/225\n|switch|p2a: Muk|Muk, L86, M|321/321\n|-transform|p1a: Ditto|p2a: Muk|[from] ability: Imposter\n|turn|1\n|inactive|Battle timer is ON: inactive players will automatically lose when time's up. (requested by jnpr010334)\n|inactive|toplaneisop has 120 seconds left.\n|inactive|toplaneisop has 90 seconds left.\n|\n|t:|1782889936\n|switch|p1a: Bisharp|Bisharp, L79, M|232/232\n|move|p2a: Muk|Knock Off|p1a: Bisharp\n|-resisted|p1a: Bisharp\n|-damage|p1a: Bisharp|205/232\n|-enditem|p1a: Bisharp|Eviolite|[from] move: Knock Off|[of] p2a: Muk\n|\n|upkeep\n|turn|2\n|\n|t:|1782889941\n|move|p1a: Bisharp|Stealth Rock|p2a: Muk\n|-sidestart|p2: jnpr010334|move: Stealth Rock\n|move|p2a: Muk|Drain Punch|p1a: Bisharp\n|-supereffective|p1a: Bisharp\n|-damage|p1a: Bisharp|0 fnt\n|faint|p1a: Bisharp\n|\n|upkeep\n|\n|t:|1782889949\n|switch|p1a: Girafarig|Girafarig, L89, M|269/269\n|turn|3\n|\n|t:|1782889953\n|-terastallize|p2a: Muk|Dark\n|move|p1a: Girafarig|Nasty Plot|p1a: Girafarig\n|-boost|p1a: Girafarig|spa|2\n|move|p2a: Muk|Knock Off|p1a: Girafarig\n|-supereffective|p1a: Girafarig\n|-damage|p1a: Girafarig|99/269\n|-enditem|p1a: Girafarig|Eviolite|[from] move: Knock Off|[of] p2a: Muk\n|\n|upkeep\n|turn|4\n|\n|t:|1782889957\n|move|p1a: Girafarig|Hyper Voice|p2a: Muk\n|-damage|p2a: Muk|146/321\n|move|p2a: Muk|Knock Off|p1a: Girafarig\n|-supereffective|p1a: Girafarig\n|-damage|p1a: Girafarig|0 fnt\n|faint|p1a: Girafarig\n|\n|-heal|p2a: Muk|166/321|[from] item: Leftovers\n|upkeep\n|\n|t:|1782889960\n|switch|p1a: Pawmot|Pawmot, L80, M|243/243\n|turn|5\n|\n|t:|1782889964\n|move|p1a: Pawmot|Double Shock|p2a: Muk\n|-damage|p2a: Muk|0 fnt\n|-start|p1a: Pawmot|typechange|???/Fighting|[from] move: Double Shock\n|faint|p2a: Muk\n|-damage|p1a: Pawmot|219/243|[from] item: Life Orb\n|\n|upkeep\n|\n|t:|1782889966\n|switch|p2a: Masquerain|Masquerain, L87, F|264/264\n|-ability|p2a: Masquerain|Intimidate|boost\n|-unboost|p1a: Pawmot|atk|1\n|turn|6\n|\n|t:|1782889973\n|move|p1a: Pawmot|Ice Punch|p2a: Masquerain\n|-supereffective|p2a: Masquerain\n|-damage|p2a: Masquerain|105/264\n|-damage|p1a: Pawmot|195/243|[from] item: Life Orb\n|move|p2a: Masquerain|Hurricane|p1a: Pawmot|[miss]\n|-miss|p2a: Masquerain|p1a: Pawmot\n|\n|upkeep\n|turn|7\n|\n|t:|1782889987\n|move|p1a: Pawmot|Ice Punch|p2a: Masquerain\n|-supereffective|p2a: Masquerain\n|-damage|p2a: Masquerain|0 fnt\n|faint|p2a: Masquerain\n|-damage|p1a: Pawmot|171/243|[from] item: Life Orb\n|\n|upkeep\n|\n|t:|1782889990\n|switch|p2a: Falinks|Falinks, L84|246/246\n|-damage|p2a: Falinks|231/246|[from] Stealth Rock\n|turn|8\n|\n|t:|1782889996\n|move|p1a: Pawmot|Close Combat|p2a: Falinks\n|-damage|p2a: Falinks|128/246\n|-unboost|p1a: Pawmot|def|1\n|-unboost|p1a: Pawmot|spd|1\n|-damage|p1a: Pawmot|147/243|[from] item: Life Orb\n|move|p2a: Falinks|No Retreat|p2a: Falinks\n|-boost|p2a: Falinks|atk|1\n|-boost|p2a: Falinks|def|1\n|-boost|p2a: Falinks|spa|1\n|-boost|p2a: Falinks|spd|1\n|-boost|p2a: Falinks|spe|1\n|-start|p2a: Falinks|move: No Retreat\n|\n|upkeep\n|turn|9\n|\n|t:|1782890005\n|move|p2a: Falinks|Close Combat|p1a: Pawmot\n|-damage|p1a: Pawmot|0 fnt\n|-unboost|p2a: Falinks|def|1\n|-unboost|p2a: Falinks|spd|1\n|faint|p1a: Pawmot\n|-damage|p2a: Falinks|104/246|[from] item: Life Orb\n|\n|upkeep\n|\n|t:|1782890007\n|switch|p1a: Ditto|Ditto, L87|225/225\n|-transform|p1a: Ditto|p2a: Falinks|[from] ability: Imposter\n|turn|10\n|\n|t:|1782890009\n|move|p1a: Ditto|Close Combat|p2a: Falinks\n|-damage|p2a: Falinks|0 fnt\n|-unboost|p1a: Ditto|def|1\n|-unboost|p1a: Ditto|spd|1\n|faint|p2a: Falinks\n|\n|upkeep\n|\n|t:|1782890011\n|switch|p2a: Salamence|Salamence, L77, M|273/273\n|turn|11\n|\n|t:|1782890016\n|switch|p1a: Swampert|Swampert, L83, F|302/302\n|move|p2a: Salamence|Dragon Dance|p2a: Salamence\n|-boost|p2a: Salamence|atk|1\n|-boost|p2a: Salamence|spe|1\n|\n|upkeep\n|turn|12\n|\n|t:|1782890018\n|move|p2a: Salamence|Outrage|p1a: Swampert\n|-damage|p1a: Swampert|92/302\n|move|p1a: Swampert|Ice Beam|p2a: Salamence\n|-supereffective|p2a: Salamence\n|-damage|p2a: Salamence|1/273\n|\n|-heal|p1a: Swampert|110/302|[from] item: Leftovers\n|upkeep\n|turn|13\n|\n|t:|1782890021\n|move|p2a: Salamence|Outrage|p1a: Swampert|[from] lockedmove\n|-damage|p1a: Swampert|0 fnt\n|faint|p1a: Swampert\n|-ability|p2a: Salamence|Moxie|boost\n|-boost|p2a: Salamence|atk|1\n|-start|p2a: Salamence|confusion|[fatigue]\n|\n|upkeep\n|\n|t:|1782890023\n|switch|p1a: Ditto|Ditto, L87|225/225\n|-transform|p1a: Ditto|p2a: Salamence|[from] ability: Imposter\n|turn|14\n|\n|t:|1782890027\n|move|p1a: Ditto|Outrage|p2a: Salamence\n|-supereffective|p2a: Salamence\n|-damage|p2a: Salamence|0 fnt\n|faint|p2a: Salamence\n|-ability|p1a: Ditto|Moxie|boost\n|-boost|p1a: Ditto|atk|1\n|\n|upkeep\n|\n|t:|1782890028\n|switch|p2a: Gastrodon|Gastrodon, L86, M|331/331\n|-damage|p2a: Gastrodon|311/331|[from] Stealth Rock\n|turn|15\n|\n|t:|1782890032\n|move|p1a: Ditto|Outrage|p2a: Gastrodon|[from] lockedmove\n|-damage|p2a: Gastrodon|0 fnt\n|faint|p2a: Gastrodon\n|-ability|p1a: Ditto|Moxie|boost\n|-boost|p1a: Ditto|atk|1\n|\n|upkeep\n|\n|t:|1782890035\n|switch|p2a: Ogerpon|Ogerpon, L80, F|259/259\n|-damage|p2a: Ogerpon|227/259|[from] Stealth Rock\n|turn|16\n|\n|t:|1782890037\n|move|p1a: Ditto|Outrage|p2a: Ogerpon|[from] lockedmove\n|-damage|p2a: Ogerpon|0 fnt\n|faint|p2a: Ogerpon\n|-start|p1a: Ditto|confusion|[fatigue]\n|\n|win|toplaneisop\n|raw|toplaneisop's rating: 1900 &rarr; <strong>1921</strong><br />(+21 for winning)\n|raw|jnpr010334's rating: 1914 &rarr; <strong>1893</strong><br />(-21 for losing)\n", "inputlog": ">version f8ac14003a5f27e1bdc8d8c59608a773c1cb96e5\n>start {\"formatid\":\"gen9randombattle\",\"seed\":\"sodium,6b5b87f105f1edc55d199a2a84eed9ac\",\"rated\":\"Rated battle\"}\n>player p1 {\"name\":\"toplaneisop\",\"avatar\":\"266\",\"rating\":1900,\"seed\":\"sodium,cd3555a9bfdd41b035c3a0dc436c95dc\"}\n>player p2 {\"name\":\"jnpr010334\",\"avatar\":\"265\",\"rating\":1944,\"seed\":\"sodium,fe8a032fa990160077d8fad3d3475193\"}\n>p1 switch 4\n>p2 move knockoff\n>p1 move stealthrock\n>p2 move drainpunch\n>p1 switch 6\n>p1 move nastyplot\n>p2 move knockoff terastallize\n>p1 move hypervoice\n>p2 move knockoff\n>p1 switch 2\n>p1 move doubleshock\n>p2 move gunkshot\n>p2 switch 3\n>p1 move icepunch\n>p2 move hurricane\n>p1 move icepunch\n>p2 move hurricane\n>p2 switch 4\n>p1 move closecombat\n>p2 move noretreat\n>p1 move revivalblessing\n>p2 move closecombat\n>p1 switch 4\n>p1 move closecombat\n>p2 move closecombat\n>p2 switch 6\n>p1 switch 5\n>p2 move dragondance\n>p1 move icebeam\n>p2 move outrage\n>p1 move icebeam\n>p2 move outrage\n>p1 switch 5\n>p1 move outrage\n>p2 move outrage\n>p2 switch 5\n>p1 move outrage\n>p2 move icebeam\n>p2 switch 2\n>p1 move outrage\n>p2 move knockoff", "uploadtime": 1782890037, "views": 2, "formatid": "gen9randombattle", "rating": 1893, "private": 0, "password": null, "player_dets": [{"name": "toplaneisop", "avatar": "266", "rating": 1900, "seed": "sodium,cd3555a9bfdd41b035c3a0dc436c95dc"}, {"name": "jnpr010334", "avatar": "265", "rating": 1944, "seed": "sodium,fe8a032fa990160077d8fad3d3475193"}], "teams_full": [{"Ditto": {"name": "Ditto", "species": "Ditto", "speciesId": "ditto", "gender": "N", "shiny": false, "level": 87, "moves": ["transform"], "ability": "Imposter", "evs": {"hp": 85, "atk": 85, "def": 85, "spa": 85, "spd": 85, "spe": 85}, "ivs": {"hp": 31, "atk": 31, "def": 31, "spa": 31, "spd": 31, "spe": 31}, "item": "Choice Scarf", "teraType": "Ghost", "role": "Fast Support", "bvs": {"hp": 48, "atk": 48, "def": 48, "spa": 48, "spd": 48, "spe": 48}, "stats": {"hp": 225, "atk": 133, "def": 133, "spa": 133, "spd": 133, "spe": 133}, "types": ["Normal"]}, "Pawmot": {"name": "Pawmot", "species": "Pawmot", "speciesId": "pawmot", "gender": "M", "shiny": false, "level": 80, "moves": ["closecombat", "revivalblessing", "icepunch", "doubleshock"], "ability": "Iron Fist", "evs": {"hp": 85, "atk": 85, "def": 85, "spa": 85, "spd": 85, "spe": 85}, "ivs": {"hp": 31, "atk": 31, "def": 31, "spa": 31, "spd": 31, "spe": 31}, "item": "Life Orb", "teraType": "Electric", "role": "Wallbreaker", "bvs": {"hp": 70, "atk": 115, "def": 70, "spa": 70, "spd": 60, "spe": 105}, "stats": {"hp": 243, "atk": 230, "def": 158, "spa": 158, "spd": 142, "spe": 214}, "types": ["Electric", "Fighting"]}, "Klawf": {"name": "Klawf", "species": "Klawf", "speciesId": "klawf", "gender": "F", "shiny": false, "level": 90, "moves": ["highhorsepower", "swordsdance", "stoneedge", "knockoff"], "ability": "Anger Shell", "evs": {"hp": 85, "atk": 85, "def": 85, "spa": 85, "spd": 85, "spe": 85}, "ivs": {"hp": 31, "atk": 31, "def": 31, "spa": 31, "spd": 31, "spe": 31}, "item": "Sitrus Berry", "teraType": "Rock", "role": "Setup Sweeper", "bvs": {"hp": 70, "atk": 100, "def": 115, "spa": 35, "spd": 55, "spe": 75}, "stats": {"hp": 272, "atk": 231, "def": 258, "spa": 114, "spd": 150, "spe": 186}, "types": ["Rock"]}, "Bisharp": {"name": "Bisharp", "species": "Bisharp", "speciesId": "bisharp", "gender": "M", "shiny": false, "level": 79, "moves": ["ironhead", "suckerpunch", "throatchop", "stealthrock"], "ability": "Defiant", "evs": {"hp": 85, "atk": 85, "def": 85, "spa": 85, "spd": 85, "spe": 85}, "ivs": {"hp": 31, "atk": 31, "def": 31, "spa": 31, "spd": 31, "spe": 31}, "item": "Eviolite", "teraType": "Ghost", "role": "Bulky Attacker", "bvs": {"hp": 65, "atk": 125, "def": 100, "spa": 60, "spd": 70, "spe": 70}, "stats": {"hp": 232, "atk": 243, "def": 204, "spa": 140, "spd": 156, "spe": 156}, "types": ["Dark", "Steel"]}, "Swampert": {"name": "Swampert", "species": "Swampert", "speciesId": "swampert", "gender": "F", "shiny": false, "level": 83, "moves": ["flipturn", "earthquake", "yawn", "icebeam"], "ability": "Torrent", "evs": {"hp": 85, "atk": 85, "def": 85, "spa": 85, "spd": 85, "spe": 85}, "ivs": {"hp": 31, "atk": 31, "def": 31, "spa": 31, "spd": 31, "spe": 31}, "item": "Leftovers", "teraType": "Poison", "role": "Bulky Support", "bvs": {"hp": 100, "atk": 110, "def": 90, "spa": 85, "spd": 90, "spe": 60}, "stats": {"hp": 302, "atk": 230, "def": 197, "spa": 189, "spd": 197, "spe": 147}, "types": ["Water", "Ground"]}, "Girafarig": {"name": "Girafarig", "species": "Girafarig", "speciesId": "girafarig", "gender": "M", "shiny": false, "level": 89, "moves": ["psyshock", "hypervoice", "thunderbolt", "nastyplot"], "ability": "Sap Sipper", "evs": {"hp": 85, "atk": 0, "def": 85, "spa": 85, "spd": 85, "spe": 85}, "ivs": {"hp": 31, "atk": 0, "def": 31, "spa": 31, "spd": 31, "spe": 31}, "item": "Eviolite", "teraType": "Electric", "role": "Fast Bulky Setup", "bvs": {"hp": 70, "atk": 80, "def": 65, "spa": 90, "spd": 65, "spe": 85}, "stats": {"hp": 269, "atk": 147, "def": 166, "spa": 211, "spd": 166, "spe": 202}, "types": ["Normal", "Psychic"]}}, {"Muk": {"name": "Muk", "species": "Muk", "speciesId": "muk", "gender": "M", "shiny": false, "level": 86, "moves": ["knockoff", "drainpunch", "gunkshot", "haze"], "ability": "Poison Touch", "evs": {"hp": 85, "atk": 85, "def": 85, "spa": 85, "spd": 85, "spe": 85}, "ivs": {"hp": 31, "atk": 31, "def": 31, "spa": 31, "spd": 31, "spe": 31}, "item": "Leftovers", "teraType": "Dark", "role": "Bulky Attacker", "bvs": {"hp": 105, "atk": 105, "def": 75, "spa": 65, "spd": 100, "spe": 50}, "stats": {"hp": 321, "atk": 230, "def": 178, "spa": 161, "spd": 221, "spe": 135}, "types": ["Poison"]}, "Ogerpon": {"name": "Ogerpon", "species": "Ogerpon", "speciesId": "ogerpon", "gender": "F", "shiny": false, "level": 80, "moves": ["knockoff", "spikes", "ivycudgel", "encore"], "ability": "Defiant", "evs": {"hp": 85, "atk": 85, "def": 85, "spa": 85, "spd": 85, "spe": 85}, "ivs": {"hp": 31, "atk": 31, "def": 31, "spa": 31, "spd": 31, "spe": 31}, "item": "Leftovers", "teraType": "Grass", "role": "Fast Support", "bvs": {"hp": 80, "atk": 120, "def": 84, "spa": 60, "spd": 96, "spe": 110}, "stats": {"hp": 259, "atk": 238, "def": 181, "spa": 142, "spd": 200, "spe": 222}, "types": ["Grass"]}, "Masquerain": {"name": "Masquerain", "species": "Masquerain", "speciesId": "masquerain", "gender": "F", "shiny": false, "level": 87, "moves": ["hydropump", "stickyweb", "uturn", "hurricane"], "ability": "Intimidate", "evs": {"hp": 85, "atk": 85, "def": 85, "spa": 85, "spd": 85, "spe": 85}, "ivs": {"hp": 31, "atk": 31, "def": 31, "spa": 31, "spd": 31, "spe": 31}, "item": "Heavy-Duty Boots", "teraType": "Ground", "role": "Fast Support", "bvs": {"hp": 70, "atk": 60, "def": 62, "spa": 100, "spd": 82, "spe": 80}, "stats": {"hp": 264, "atk": 154, "def": 158, "spa": 224, "spd": 192, "spe": 189}, "types": ["Bug", "Flying"]}, "Falinks": {"name": "Falinks", "species": "Falinks", "speciesId": "falinks", "gender": "N", "shiny": false, "level": 84, "moves": ["closecombat", "ironhead", "noretreat", "knockoff"], "ability": "Defiant", "evs": {"hp": 85, "atk": 85, "def": 85, "spa": 85, "spd": 85, "spe": 85}, "ivs": {"hp": 31, "atk": 31, "def": 31, "spa": 31, "spd": 31, "spe": 31}, "item": "Life Orb", "teraType": "Dark", "role": "Setup Sweeper", "bvs": {"hp": 65, "atk": 100, "def": 100, "spa": 70, "spd": 60, "spe": 75}, "stats": {"hp": 246, "atk": 216, "def": 216, "spa": 166, "spd": 149, "spe": 174}, "types": ["Fighting"]}, "Gastrodon": {"name": "Gastrodon", "species": "Gastrodon", "speciesId": "gastrodon", "gender": "M", "shiny": false, "level": 86, "moves": ["surf", "icebeam", "earthquake", "recover"], "ability": "Storm Drain", "evs": {"hp": 85, "atk": 85, "def": 85, "spa": 85, "spd": 85, "spe": 85}, "ivs": {"hp": 31, "atk": 31, "def": 31, "spa": 31, "spd": 31, "spe": 31}, "item": "Leftovers", "teraType": "Poison", "role": "Bulky Attacker", "bvs": {"hp": 111, "atk": 83, "def": 68, "spa": 92, "spd": 82, "spe": 39}, "stats": {"hp": 331, "atk": 192, "def": 166, "spa": 207, "spd": 190, "spe": 116}, "types": ["Water", "Ground"]}, "Salamence": {"name": "Salamence", "species": "Salamence", "speciesId": "salamence", "gender": "M", "shiny": false, "level": 77, "moves": ["dragondance", "outrage", "dualwingbeat", "earthquake"], "ability": "Moxie", "evs": {"hp": 85, "atk": 85, "def": 85, "spa": 85, "spd": 85, "spe": 85}, "ivs": {"hp": 31, "atk": 31, "def": 31, "spa": 31, "spd": 31, "spe": 31}, "item": "Heavy-Duty Boots", "teraType": "Steel", "role": "Setup Sweeper", "bvs": {"hp": 95, "atk": 135, "def": 80, "spa": 110, "spd": 80, "spe": 100}, "stats": {"hp": 273, "atk": 252, "def": 168, "spa": 214, "spd": 168, "spe": 199}, "types": ["Dragon", "Flying"]}}]}