{"id": "gen9randombattle-2642204266", "format": "[Gen 9] Random Battle", "players": ["teapause", "jnpr010334"], "log": "|j|\u2606teapause\n|j|\u2606jnpr010334\n|t:|1782910436\n|gametype|singles\n|player|p1|teapause|waiter|1763\n|player|p2|jnpr010334|265|1796\n|gen|9\n|tier|[Gen 9] Random Battle\n|rated|\n|rule|Species Clause: Limit one of each Pok\u00e9mon\n|rule|HP Percentage Mod: HP is shown in percentages\n|rule|Sleep Clause Mod: Limit one foe put to sleep\n|rule|Illusion Level Mod: Illusion disguises the Pok\u00e9mon's true level\n|\n|t:|1782910436\n|teamsize|p1|6\n|teamsize|p2|6\n|start\n|switch|p1a: Sandaconda|Sandaconda, L84, M|258/258\n|switch|p2a: Sylveon|Sylveon, L85, F|300/300\n|turn|1\n|inactive|Battle timer is ON: inactive players will automatically lose when time's up. (requested by teapause)\n|inactive|jnpr010334 also wants the timer to be on.\n|inactive|teapause has 120 seconds left.\n|\n|t:|1782910476\n|move|p1a: Sandaconda|Earthquake|p2a: Sylveon\n|-damage|p2a: Sylveon|150/300\n|move|p2a: Sylveon|Hyper Voice|p1a: Sandaconda\n|-crit|p1a: Sandaconda\n|-damage|p1a: Sandaconda|38/258\n|\n|-heal|p2a: Sylveon|168/300|[from] item: Leftovers\n|upkeep\n|turn|2\n|\n|t:|1782910485\n|move|p1a: Sandaconda|Earthquake|p2a: Sylveon\n|-damage|p2a: Sylveon|24/300\n|move|p2a: Sylveon|Wish|p2a: Sylveon\n|\n|-heal|p2a: Sylveon|42/300|[from] item: Leftovers\n|upkeep\n|turn|3\n|\n|t:|1782910491\n|move|p2a: Sylveon|Protect|p2a: Sylveon\n|-singleturn|p2a: Sylveon|Protect\n|move|p1a: Sandaconda|Coil|p1a: Sandaconda\n|-boost|p1a: Sandaconda|atk|1\n|-boost|p1a: Sandaconda|def|1\n|-boost|p1a: Sandaconda|accuracy|1\n|\n|-heal|p2a: Sylveon|192/300|[from] move: Wish|[wisher] Sylveon\n|-heal|p2a: Sylveon|210/300|[from] item: Leftovers\n|upkeep\n|turn|4\n|\n|t:|1782910500\n|move|p1a: Sandaconda|Earthquake|p2a: Sylveon\n|-damage|p2a: Sylveon|0 fnt\n|faint|p2a: Sylveon\n|\n|upkeep\n|\n|t:|1782910502\n|switch|p2a: Miraidon|Miraidon, L65|238/238\n|-fieldstart|move: Electric Terrain|[from] ability: Hadron Engine|[of] p2a: Miraidon\n|turn|5\n|\n|t:|1782910512\n|move|p2a: Miraidon|Draco Meteor|p1a: Sandaconda\n|-damage|p1a: Sandaconda|0 fnt\n|-unboost|p2a: Miraidon|spa|2\n|faint|p1a: Sandaconda\n|\n|upkeep\n|\n|t:|1782910525\n|switch|p1a: Umbreon|Umbreon, L84, M|297/297\n|turn|6\n|\n|t:|1782910531\n|switch|p2a: Grafaiai|Grafaiai, L86, F|249/249\n|move|p1a: Umbreon|Toxic|p2a: Grafaiai\n|-immune|p2a: Grafaiai\n|\n|upkeep\n|turn|7\n|\n|t:|1782910540\n|move|p2a: Grafaiai|Gunk Shot|p1a: Umbreon|[miss]\n|-miss|p2a: Grafaiai|p1a: Umbreon\n|move|p1a: Umbreon|Foul Play|p2a: Grafaiai\n|-damage|p2a: Grafaiai|119/249\n|\n|upkeep\n|turn|8\n|\n|t:|1782910553\n|move|p2a: Grafaiai|Gunk Shot|p1a: Umbreon\n|-damage|p1a: Umbreon|186/297\n|-status|p1a: Umbreon|psn\n|-activate|p1a: Umbreon|ability: Synchronize\n|-immune|p2a: Grafaiai\n|move|p1a: Umbreon|Foul Play|p2a: Grafaiai\n|-damage|p2a: Grafaiai|0 fnt\n|faint|p2a: Grafaiai\n|\n|-heal|p1a: Umbreon|204/297 psn|[from] item: Leftovers\n|-damage|p1a: Umbreon|167/297 psn|[from] psn\n|upkeep\n|\n|t:|1782910556\n|switch|p2a: Miraidon|Miraidon, L65|238/238\n|-activate|p2a: Miraidon|ability: Hadron Engine\n|turn|9\n|\n|t:|1782910570\n|move|p2a: Miraidon|Electro Drift|p1a: Umbreon\n|-damage|p1a: Umbreon|7/297 psn\n|move|p1a: Umbreon|Toxic|p2a: Miraidon\n|-status|p2a: Miraidon|tox\n|\n|-heal|p1a: Umbreon|25/297 psn|[from] item: Leftovers\n|-damage|p2a: Miraidon|224/238 tox|[from] psn\n|-damage|p1a: Umbreon|0 fnt|[from] psn\n|faint|p1a: Umbreon\n|-fieldend|move: Electric Terrain\n|upkeep\n|\n|t:|1782910582\n|switch|p1a: Lokix|Lokix, L82, M|251/251\n|turn|10\n|\n|t:|1782910586\n|move|p2a: Miraidon|Electro Drift|p1a: Lokix\n|-crit|p1a: Lokix\n|-damage|p1a: Lokix|0 fnt\n|faint|p1a: Lokix\n|\n|-damage|p2a: Miraidon|196/238 tox|[from] psn\n|upkeep\n|\n|t:|1782910601\n|switch|p1a: Gyarados|Gyarados, L79, F|280/280\n|turn|11\n|\n|t:|1782910607\n|-terastallize|p1a: Gyarados|Ground\n|move|p2a: Miraidon|Electro Drift|p1a: Gyarados\n|-immune|p1a: Gyarados\n|move|p1a: Gyarados|Dragon Dance|p1a: Gyarados\n|-boost|p1a: Gyarados|atk|1\n|-boost|p1a: Gyarados|spe|1\n|\n|-damage|p2a: Miraidon|154/238 tox|[from] psn\n|upkeep\n|turn|12\n|\n|t:|1782910616\n|switch|p2a: Glaceon|Glaceon, L94, M|275/275\n|move|p1a: Gyarados|Dragon Dance|p1a: Gyarados\n|-boost|p1a: Gyarados|atk|1\n|-boost|p1a: Gyarados|spe|1\n|\n|upkeep\n|turn|13\n|\n|t:|1782910624\n|move|p1a: Gyarados|Earthquake|p2a: Glaceon\n|-damage|p2a: Glaceon|110/275\n|move|p2a: Glaceon|Freeze-Dry|p1a: Gyarados\n|-supereffective|p1a: Gyarados\n|-damage|p1a: Gyarados|58/280\n|\n|upkeep\n|turn|14\n|\n|t:|1782910630\n|move|p1a: Gyarados|Earthquake|p2a: Glaceon\n|-damage|p2a: Glaceon|0 fnt\n|faint|p2a: Glaceon\n|-ability|p1a: Gyarados|Moxie|boost\n|-boost|p1a: Gyarados|atk|1\n|\n|upkeep\n|\n|t:|1782910632\n|switch|p2a: Kingambit|Kingambit, L74, M|270/270\n|-activate|p2a: Kingambit|ability: Supreme Overlord\n|-start|p2a: Kingambit|fallen3|[silent]\n|turn|15\n|\n|t:|1782910640\n|switch|p1a: Talonflame|Talonflame, L83, F|265/265\n|move|p2a: Kingambit|Sucker Punch||[still]\n|-fail|p2a: Kingambit\n|\n|upkeep\n|turn|16\n|\n|t:|1782910657\n|-terastallize|p2a: Kingambit|Dark\n|move|p1a: Talonflame|Swords Dance|p1a: Talonflame\n|-boost|p1a: Talonflame|atk|2\n|move|p2a: Kingambit|Kowtow Cleave|p1a: Talonflame\n|-damage|p1a: Talonflame|79/265\n|\n|upkeep\n|turn|17\n|\n|t:|1782910668\n|move|p2a: Kingambit|Sucker Punch|p1a: Talonflame\n|-damage|p1a: Talonflame|0 fnt\n|faint|p1a: Talonflame\n|\n|upkeep\n|-message|teapause forfeited.\n|\n|win|jnpr010334\n|raw|teapause's rating: 1763 &rarr; <strong>1748</strong><br />(-15 for losing)\n|raw|jnpr010334's rating: 1852 &rarr; <strong>1867</strong><br />(+15 for winning)\n", "inputlog": ">version f8ac14003a5f27e1bdc8d8c59608a773c1cb96e5\n>start {\"formatid\":\"gen9randombattle\",\"seed\":\"sodium,20c8369f078fa3c47f78bdf7722c17b9\",\"rated\":\"Rated battle\"}\n>player p1 {\"name\":\"teapause\",\"avatar\":\"waiter\",\"rating\":1763,\"seed\":\"sodium,8c3f7bacd2df5ff674b84932c6f44686\"}\n>player p2 {\"name\":\"jnpr010334\",\"avatar\":\"265\",\"rating\":1796,\"seed\":\"sodium,cc7125dbfdb20268ac6bf92c4317e714\"}\n>p1 move earthquake\n>p2 move hypervoice\n>p1 move earthquake\n>p2 move wish\n>p1 move coil\n>p2 move protect\n>p1 move earthquake\n>p2 move hypervoice\n>p2 switch 5\n>p1 move earthquake\n>p2 move dracometeor\n>p1 switch 2\n>p1 move toxic\n>p2 switch 6\n>p1 move foulplay\n>p2 move gunkshot\n>p1 move foulplay\n>p2 move gunkshot\n>p2 switch 6\n>p1 move toxic\n>p2 move electrodrift\n>p1 switch 3\n>p1 move knockoff\n>p2 move electrodrift\n>p1 switch 6\n>p1 move dragondance terastallize\n>p2 move electrodrift\n>p1 move dragondance\n>p2 switch 2\n>p1 move earthquake\n>p2 move freezedry\n>p1 move earthquake\n>p2 move freezedry\n>p2 switch 4\n>p1 switch 4\n>p2 move suckerpunch\n>p1 move swordsdance\n>p2 move kowtowcleave terastallize\n>p1 move flareblitz\n>p2 move suckerpunch\n>forcelose p1", "uploadtime": 1782910673, "views": 2, "formatid": "gen9randombattle", "rating": 1748, "private": 0, "password": null, "player_dets": [{"name": "teapause", "avatar": "waiter", "rating": 1763, "seed": "sodium,8c3f7bacd2df5ff674b84932c6f44686"}, {"name": "jnpr010334", "avatar": "265", "rating": 1796, "seed": "sodium,cc7125dbfdb20268ac6bf92c4317e714"}], "teams_full": [{"Sandaconda": {"name": "Sandaconda", "species": "Sandaconda", "speciesId": "sandaconda", "gender": "M", "shiny": false, "level": 84, "moves": ["coil", "rockblast", "scaleshot", "earthquake"], "ability": "Shed Skin", "evs": {"hp": 85, "atk": 85, "def": 85, "spa": 85, "spd": 85, "spe": 85}, "ivs": {"hp": 31, "atk": 31, "def": 31, "spa": 31, "spd": 31, "spe": 31}, "item": "Loaded Dice", "teraType": "Dragon", "role": "Fast Bulky Setup", "bvs": {"hp": 72, "atk": 107, "def": 125, "spa": 65, "spd": 70, "spe": 71}, "stats": {"hp": 258, "atk": 228, "def": 258, "spa": 157, "spd": 166, "spe": 167}, "types": ["Ground"]}, "Umbreon": {"name": "Umbreon", "species": "Umbreon", "speciesId": "umbreon", "gender": "M", "shiny": false, "level": 84, "moves": ["toxic", "wish", "foulplay", "protect"], "ability": "Synchronize", "evs": {"hp": 85, "atk": 0, "def": 85, "spa": 85, "spd": 85, "spe": 85}, "ivs": {"hp": 31, "atk": 0, "def": 31, "spa": 31, "spd": 31, "spe": 31}, "item": "Leftovers", "teraType": "Poison", "role": "Bulky Support", "bvs": {"hp": 95, "atk": 65, "def": 110, "spa": 60, "spd": 130, "spe": 65}, "stats": {"hp": 297, "atk": 114, "def": 233, "spa": 149, "spd": 267, "spe": 157}, "types": ["Dark"]}, "Lokix": {"name": "Lokix", "species": "Lokix", "speciesId": "lokix", "gender": "M", "shiny": false, "level": 82, "moves": ["suckerpunch", "knockoff", "leechlife", "firstimpression"], "ability": "Tinted Lens", "evs": {"hp": 85, "atk": 85, "def": 85, "spa": 85, "spd": 85, "spe": 85}, "ivs": {"hp": 31, "atk": 31, "def": 31, "spa": 31, "spd": 31, "spe": 31}, "item": "Life Orb", "teraType": "Bug", "role": "Wallbreaker", "bvs": {"hp": 71, "atk": 102, "def": 78, "spa": 52, "spd": 55, "spe": 92}, "stats": {"hp": 251, "atk": 214, "def": 175, "spa": 132, "spd": 137, "spe": 198}, "types": ["Bug", "Dark"]}, "Talonflame": {"name": "Talonflame", "species": "Talonflame", "speciesId": "talonflame", "gender": "F", "shiny": false, "level": 83, "moves": ["flareblitz", "terablast", "bravebird", "swordsdance"], "ability": "Flame Body", "evs": {"hp": 85, "atk": 85, "def": 85, "spa": 85, "spd": 85, "spe": 85}, "ivs": {"hp": 31, "atk": 31, "def": 31, "spa": 31, "spd": 31, "spe": 31}, "item": "Heavy-Duty Boots", "teraType": "Ground", "role": "Tera Blast user", "bvs": {"hp": 78, "atk": 81, "def": 71, "spa": 74, "spd": 69, "spe": 126}, "stats": {"hp": 265, "atk": 182, "def": 166, "spa": 171, "spd": 162, "spe": 257}, "types": ["Fire", "Flying"]}, "Slowking": {"name": "Slowking", "species": "Slowking", "speciesId": "slowking", "gender": "F", "shiny": false, "level": 88, "moves": ["scald", "chillyreception", "psychicnoise", "slackoff"], "ability": "Regenerator", "evs": {"hp": 85, "atk": 0, "def": 85, "spa": 85, "spd": 85, "spe": 85}, "ivs": {"hp": 31, "atk": 0, "def": 31, "spa": 31, "spd": 31, "spe": 31}, "item": "Heavy-Duty Boots", "teraType": "Dragon", "role": "Bulky Attacker", "bvs": {"hp": 95, "atk": 75, "def": 80, "spa": 100, "spd": 110, "spe": 30}, "stats": {"hp": 310, "atk": 137, "def": 191, "spa": 226, "spd": 244, "spe": 103}, "types": ["Water", "Psychic"]}, "Gyarados": {"name": "Gyarados", "species": "Gyarados", "speciesId": "gyarados", "gender": "F", "shiny": false, "level": 79, "moves": ["earthquake", "waterfall", "stoneedge", "dragondance"], "ability": "Moxie", "evs": {"hp": 85, "atk": 85, "def": 85, "spa": 85, "spd": 85, "spe": 85}, "ivs": {"hp": 31, "atk": 31, "def": 31, "spa": 31, "spd": 31, "spe": 31}, "item": "Heavy-Duty Boots", "teraType": "Ground", "role": "Setup Sweeper", "bvs": {"hp": 95, "atk": 125, "def": 79, "spa": 60, "spd": 100, "spe": 81}, "stats": {"hp": 280, "atk": 243, "def": 170, "spa": 140, "spd": 204, "spe": 174}, "types": ["Water", "Flying"]}}, {"Sylveon": {"name": "Sylveon", "species": "Sylveon", "speciesId": "sylveon", "gender": "F", "shiny": false, "level": 85, "moves": ["protect", "wish", "calmmind", "hypervoice"], "ability": "Pixilate", "evs": {"hp": 85, "atk": 0, "def": 85, "spa": 85, "spd": 85, "spe": 85}, "ivs": {"hp": 31, "atk": 0, "def": 31, "spa": 31, "spd": 31, "spe": 31}, "item": "Leftovers", "teraType": "Steel", "role": "Bulky Setup", "bvs": {"hp": 95, "atk": 65, "def": 65, "spa": 110, "spd": 130, "spe": 60}, "stats": {"hp": 300, "atk": 115, "def": 159, "spa": 236, "spd": 270, "spe": 151}, "types": ["Fairy"]}, "Glaceon": {"name": "Glaceon", "species": "Glaceon", "speciesId": "glaceon", "gender": "M", "shiny": false, "level": 94, "moves": ["freezedry", "protect", "wish", "mudshot"], "ability": "Ice Body", "evs": {"hp": 85, "atk": 0, "def": 85, "spa": 85, "spd": 85, "spe": 85}, "ivs": {"hp": 31, "atk": 0, "def": 31, "spa": 31, "spd": 31, "spe": 31}, "item": "Heavy-Duty Boots", "teraType": "Ground", "role": "Bulky Attacker", "bvs": {"hp": 65, "atk": 60, "def": 110, "spa": 130, "spd": 95, "spe": 65}, "stats": {"hp": 275, "atk": 117, "def": 260, "spa": 298, "spd": 232, "spe": 176}, "types": ["Ice"]}, "Scovillain": {"name": "Scovillain", "species": "Scovillain", "speciesId": "scovillain", "gender": "F", "shiny": false, "level": 91, "moves": ["protect", "flamethrower", "leechseed", "substitute"], "ability": "Chlorophyll", "evs": {"hp": 85, "atk": 0, "def": 85, "spa": 85, "spd": 85, "spe": 85}, "ivs": {"hp": 31, "atk": 0, "def": 31, "spa": 31, "spd": 31, "spe": 31}, "item": "Leftovers", "teraType": "Steel", "role": "Bulky Attacker", "bvs": {"hp": 65, "atk": 108, "def": 65, "spa": 108, "spd": 65, "spe": 75}, "stats": {"hp": 266, "atk": 201, "def": 170, "spa": 248, "spd": 170, "spe": 188}, "types": ["Grass", "Fire"]}, "Kingambit": {"name": "Kingambit", "species": "Kingambit", "speciesId": "kingambit", "gender": "M", "shiny": false, "level": 74, "moves": ["swordsdance", "kowtowcleave", "ironhead", "suckerpunch"], "ability": "Supreme Overlord", "evs": {"hp": 85, "atk": 85, "def": 85, "spa": 85, "spd": 85, "spe": 85}, "ivs": {"hp": 31, "atk": 31, "def": 31, "spa": 31, "spd": 31, "spe": 31}, "item": "Leftovers", "teraType": "Dark", "role": "Bulky Attacker", "bvs": {"hp": 100, "atk": 135, "def": 120, "spa": 60, "spd": 85, "spe": 50}, "stats": {"hp": 270, "atk": 243, "def": 221, "spa": 132, "spd": 169, "spe": 117}, "types": ["Dark", "Steel"]}, "Miraidon": {"name": "Miraidon", "species": "Miraidon", "speciesId": "miraidon", "gender": "N", "shiny": false, "level": 65, "moves": ["overheat", "voltswitch", "dracometeor", "electrodrift"], "ability": "Hadron Engine", "evs": {"hp": 85, "atk": 0, "def": 85, "spa": 85, "spd": 85, "spe": 85}, "ivs": {"hp": 31, "atk": 0, "def": 31, "spa": 31, "spd": 31, "spe": 31}, "item": "Choice Specs", "teraType": "Electric", "role": "Fast Attacker", "bvs": {"hp": 100, "atk": 85, "def": 100, "spa": 135, "spd": 115, "spe": 135}, "stats": {"hp": 238, "atk": 115, "def": 168, "spa": 214, "spd": 188, "spe": 214}, "types": ["Electric", "Dragon"]}, "Grafaiai": {"name": "Grafaiai", "species": "Grafaiai", "speciesId": "grafaiai", "gender": "F", "shiny": false, "level": 86, "moves": ["encore", "partingshot", "gunkshot", "knockoff"], "ability": "Prankster", "evs": {"hp": 85, "atk": 85, "def": 85, "spa": 85, "spd": 85, "spe": 85}, "ivs": {"hp": 31, "atk": 31, "def": 31, "spa": 31, "spd": 31, "spe": 31}, "item": "Heavy-Duty Boots", "teraType": "Dark", "role": "Fast Support", "bvs": {"hp": 63, "atk": 95, "def": 65, "spa": 80, "spd": 72, "spe": 110}, "stats": {"hp": 249, "atk": 213, "def": 161, "spa": 187, "spd": 173, "spe": 238}, "types": ["Poison", "Normal"]}}]}