{"id": "gen9randombattle-2642138744", "format": "[Gen 9] Random Battle", "players": ["koopa003", "forcemajor14"], "log": "|j|\u2606koopa003\n|j|\u2606forcemajor14\n|t:|1782898268\n|gametype|singles\n|player|p1|koopa003|camper|2284\n|player|p2|forcemajor14|266|2169\n|gen|9\n|tier|[Gen 9] Random Battle\n|rated|\n|rule|Species Clause: Limit one of each Pok\u00e9mon\n|rule|HP Percentage Mod: HP is shown in percentages\n|rule|Sleep Clause Mod: Limit one foe put to sleep\n|rule|Illusion Level Mod: Illusion disguises the Pok\u00e9mon's true level\n|\n|t:|1782898268\n|teamsize|p1|6\n|teamsize|p2|6\n|start\n|switch|p1a: Decidueye|Decidueye-Hisui, L87, M|295/295\n|switch|p2a: Comfey|Comfey, L85, F|225/225\n|turn|1\n|inactive|Battle timer is ON: inactive players will automatically lose when time's up. (requested by koopa003)\n|inactive|forcemajor14 also wants the timer to be on.\n|\n|t:|1782898280\n|switch|p2a: Skuntank|Skuntank, L84, F|310/310\n|switch|p1a: Eternatus|Eternatus, L69|308/308\n|-ability|p1a: Eternatus|Pressure\n|\n|upkeep\n|turn|2\n|\n|t:|1782898285\n|move|p1a: Eternatus|Meteor Beam||[still]\n|-prepare|p1a: Eternatus|Meteor Beam\n|-boost|p1a: Eternatus|spa|1\n|-enditem|p1a: Eternatus|Power Herb\n|-anim|p1a: Eternatus|Meteor Beam|p2a: Skuntank\n|-damage|p2a: Skuntank|149/310\n|move|p2a: Skuntank|Toxic Spikes|p1a: Eternatus\n|-sidestart|p1: koopa003|move: Toxic Spikes\n|\n|-heal|p2a: Skuntank|168/310|[from] item: Leftovers\n|upkeep\n|turn|3\n|\n|t:|1782898292\n|switch|p2a: Latias|Latias, L79, F|256/256\n|move|p1a: Eternatus|Dynamax Cannon|p2a: Latias\n|-supereffective|p2a: Latias\n|-damage|p2a: Latias|28/256\n|\n|upkeep\n|turn|4\n|\n|t:|1782898297\n|move|p1a: Eternatus|Dynamax Cannon|p2a: Latias\n|-supereffective|p2a: Latias\n|-damage|p2a: Latias|0 fnt\n|faint|p2a: Latias\n|\n|upkeep\n|\n|t:|1782898299\n|switch|p2a: Florges|Florges, L85, F|271/271\n|turn|5\n|\n|t:|1782898303\n|move|p2a: Florges|Protect|p2a: Florges\n|-singleturn|p2a: Florges|Protect\n|move|p1a: Eternatus|Sludge Bomb|p2a: Florges\n|-activate|p2a: Florges|move: Protect\n|\n|upkeep\n|turn|6\n|\n|t:|1782898307\n|-terastallize|p2a: Florges|Steel\n|move|p1a: Eternatus|Fire Blast|p2a: Florges\n|-supereffective|p2a: Florges\n|-damage|p2a: Florges|139/271\n|move|p2a: Florges|Calm Mind|p2a: Florges\n|-boost|p2a: Florges|spa|1\n|-boost|p2a: Florges|spd|1\n|\n|-heal|p2a: Florges|155/271|[from] item: Leftovers\n|upkeep\n|turn|7\n|\n|t:|1782898318\n|switch|p1a: Glalie|Glalie, L96, F|309/309\n|move|p2a: Florges|Protect||[still]\n|-fail|p2a: Florges\n|\n|-heal|p2a: Florges|171/271|[from] item: Leftovers\n|upkeep\n|turn|8\n|\n|t:|1782898320\n|move|p1a: Glalie|Earthquake|p2a: Florges\n|-supereffective|p2a: Florges\n|-damage|p2a: Florges|0 fnt\n|faint|p2a: Florges\n|\n|upkeep\n|\n|t:|1782898324\n|switch|p2a: Cinderace|Cinderace, L77, M|249/249\n|turn|9\n|\n|t:|1782898345\n|switch|p1a: Eternatus|Eternatus, L69|308/308\n|-sideend|p1: koopa003|move: Toxic Spikes|[of] p1a: Eternatus\n|-ability|p1a: Eternatus|Pressure\n|move|p2a: Cinderace|U-turn|p1a: Eternatus\n|-start|p2a: Cinderace|typechange|Bug|[from] ability: Libero\n|-resisted|p1a: Eternatus\n|-crit|p1a: Eternatus\n|-damage|p1a: Eternatus|223/308\n|\n|t:|1782898349\n|switch|p2a: Garchomp|Garchomp, L74, F|282/282|[from] U-turn\n|\n|upkeep\n|turn|10\n|\n|t:|1782898354\n|move|p1a: Eternatus|Dynamax Cannon|p2a: Garchomp\n|-supereffective|p2a: Garchomp\n|-damage|p2a: Garchomp|40/282\n|move|p2a: Garchomp|Earthquake|p1a: Eternatus\n|-supereffective|p1a: Eternatus\n|-damage|p1a: Eternatus|0 fnt\n|faint|p1a: Eternatus\n|\n|upkeep\n|\n|t:|1782898361\n|switch|p1a: Glalie|Glalie, L96, F|309/309\n|turn|11\n|\n|t:|1782898363\n|move|p1a: Glalie|Freeze-Dry|p2a: Garchomp\n|-supereffective|p2a: Garchomp\n|-damage|p2a: Garchomp|0 fnt\n|faint|p2a: Garchomp\n|\n|upkeep\n|\n|t:|1782898365\n|switch|p2a: Cinderace|Cinderace, L77, M|249/249\n|turn|12\n|inactive|koopa003 has 120 seconds left.\n|\n|t:|1782898419\n|switch|p1a: Scovillain|Scovillain, L91, F|266/266\n|move|p2a: Cinderace|Pyro Ball|p1a: Scovillain|[miss]\n|-miss|p2a: Cinderace|p1a: Scovillain\n|\n|upkeep\n|turn|13\n|\n|t:|1782898422\n|switch|p2a: Skuntank|Skuntank, L84, F|168/310\n|move|p1a: Scovillain|Leech Seed|p2a: Skuntank\n|-start|p2a: Skuntank|move: Leech Seed\n|\n|-heal|p2a: Skuntank|187/310|[from] item: Leftovers\n|-damage|p2a: Skuntank|149/310|[from] Leech Seed|[of] p1a: Scovillain\n|upkeep\n|turn|14\n|\n|t:|1782898440\n|switch|p2a: Cinderace|Cinderace, L77, M|249/249\n|switch|p1a: Glalie|Glalie, L96, F|309/309\n|\n|upkeep\n|turn|15\n|\n|t:|1782898445\n|switch|p1a: Scovillain|Scovillain, L91, F|266/266\n|move|p2a: Cinderace|U-turn|p1a: Scovillain\n|-start|p2a: Cinderace|typechange|Bug|[from] ability: Libero\n|-damage|p1a: Scovillain|143/266\n|\n|t:|1782898446\n|switch|p2a: Skuntank|Skuntank, L84, F|149/310|[from] U-turn\n|\n|-heal|p2a: Skuntank|168/310|[from] item: Leftovers\n|-heal|p1a: Scovillain|159/266|[from] item: Leftovers\n|upkeep\n|turn|16\n|\n|t:|1782898452\n|switch|p1a: Glalie|Glalie, L96, F|309/309\n|move|p2a: Skuntank|Toxic Spikes|p1a: Glalie\n|-sidestart|p1: koopa003|move: Toxic Spikes\n|\n|-heal|p2a: Skuntank|187/310|[from] item: Leftovers\n|upkeep\n|turn|17\n|\n|t:|1782898457\n|switch|p2a: Cinderace|Cinderace, L77, M|249/249\n|move|p1a: Glalie|Earthquake|p2a: Cinderace\n|-supereffective|p2a: Cinderace\n|-damage|p2a: Cinderace|57/249\n|\n|upkeep\n|turn|18\n|\n|t:|1782898463\n|switch|p1a: Scovillain|Scovillain, L91, F|159/266\n|-status|p1a: Scovillain|psn\n|move|p2a: Cinderace|Pyro Ball|p1a: Scovillain\n|-damage|p1a: Scovillain|0 fnt\n|faint|p1a: Scovillain\n|\n|upkeep\n|\n|t:|1782898473\n|switch|p1a: Chien-Pao|Chien-Pao, L72|234/234\n|-status|p1a: Chien-Pao|psn\n|-ability|p1a: Chien-Pao|Sword of Ruin\n|turn|19\n|\n|t:|1782898477\n|switch|p2a: Comfey|Comfey, L85, F|225/225\n|move|p1a: Chien-Pao|Sacred Sword|p2a: Comfey\n|-resisted|p2a: Comfey\n|-damage|p2a: Comfey|174/225\n|\n|-heal|p2a: Comfey|188/225|[from] item: Leftovers\n|-damage|p1a: Chien-Pao|205/234 psn|[from] psn\n|upkeep\n|turn|20\n|\n|t:|1782898483\n|switch|p1a: Koraidon|Koraidon, L64|235/235\n|-status|p1a: Koraidon|psn\n|-weather|SunnyDay|[from] ability: Orichalcum Pulse|[of] p1a: Koraidon\n|-activate|p1a: Koraidon|Orichalcum Pulse|[source]\n|move|p2a: Comfey|Calm Mind|p2a: Comfey\n|-boost|p2a: Comfey|spa|1\n|-boost|p2a: Comfey|spd|1\n|\n|-weather|SunnyDay|[upkeep]\n|-heal|p2a: Comfey|202/225|[from] item: Leftovers\n|-damage|p1a: Koraidon|206/235 psn|[from] psn\n|upkeep\n|turn|21\n|\n|t:|1782898489\n|-terastallize|p1a: Koraidon|Fire\n|move|p2a: Comfey|Draining Kiss|p1a: Koraidon\n|-resisted|p1a: Koraidon\n|-damage|p1a: Koraidon|161/235 psn\n|-heal|p2a: Comfey|225/225|[from] drain|[of] p1a: Koraidon\n|move|p1a: Koraidon|Flare Blitz|p2a: Comfey\n|-damage|p2a: Comfey|39/225\n|-status|p2a: Comfey|brn\n|-damage|p1a: Koraidon|100/235 psn|[from] Recoil\n|\n|-weather|SunnyDay|[upkeep]\n|-heal|p2a: Comfey|53/225 brn|[from] item: Leftovers\n|-damage|p1a: Koraidon|71/235 psn|[from] psn\n|-damage|p2a: Comfey|39/225 brn|[from] brn\n|upkeep\n|turn|22\n|\n|t:|1782898492\n|move|p2a: Comfey|Tera Blast|p1a: Koraidon\n|-crit|p1a: Koraidon\n|-damage|p1a: Koraidon|0 fnt\n|faint|p1a: Koraidon\n|\n|-weather|SunnyDay|[upkeep]\n|-heal|p2a: Comfey|53/225 brn|[from] item: Leftovers\n|-damage|p2a: Comfey|39/225 brn|[from] brn\n|upkeep\n|\n|t:|1782898497\n|switch|p1a: Glalie|Glalie, L96, F|309/309\n|turn|23\n|\n|t:|1782898499\n|move|p2a: Comfey|Draining Kiss|p1a: Glalie\n|-crit|p1a: Glalie\n|-damage|p1a: Glalie|206/309\n|-heal|p2a: Comfey|116/225 brn|[from] drain|[of] p1a: Glalie\n|move|p1a: Glalie|Earthquake|p2a: Comfey\n|-damage|p2a: Comfey|44/225 brn\n|\n|-weather|SunnyDay|[upkeep]\n|-heal|p2a: Comfey|58/225 brn|[from] item: Leftovers\n|-damage|p2a: Comfey|44/225 brn|[from] brn\n|upkeep\n|turn|24\n|\n|t:|1782898501\n|move|p2a: Comfey|Draining Kiss|p1a: Glalie\n|-damage|p1a: Glalie|137/309\n|-heal|p2a: Comfey|96/225 brn|[from] drain|[of] p1a: Glalie\n|move|p1a: Glalie|Earthquake|p2a: Comfey\n|-damage|p2a: Comfey|19/225 brn\n|\n|-weather|none\n|-heal|p2a: Comfey|33/225 brn|[from] item: Leftovers\n|-damage|p2a: Comfey|19/225 brn|[from] brn\n|upkeep\n|turn|25\n|\n|t:|1782898506\n|move|p2a: Comfey|Draining Kiss|p1a: Glalie\n|-damage|p1a: Glalie|65/309\n|-heal|p2a: Comfey|73/225 brn|[from] drain|[of] p1a: Glalie\n|move|p1a: Glalie|Earthquake|p2a: Comfey\n|-damage|p2a: Comfey|0 fnt\n|faint|p2a: Comfey\n|\n|upkeep\n|\n|t:|1782898507\n|switch|p2a: Cinderace|Cinderace, L77, M|57/249\n|turn|26\n|\n|t:|1782898511\n|move|p2a: Cinderace|Pyro Ball|p1a: Glalie\n|-supereffective|p1a: Glalie\n|-damage|p1a: Glalie|0 fnt\n|faint|p1a: Glalie\n|\n|upkeep\n|\n|t:|1782898513\n|switch|p1a: Chien-Pao|Chien-Pao, L72|205/234 psn\n|-ability|p1a: Chien-Pao|Sword of Ruin\n|turn|27\n|\n|t:|1782898518\n|switch|p2a: Skuntank|Skuntank, L84, F|187/310\n|move|p1a: Chien-Pao|Icicle Crash|p2a: Skuntank|[miss]\n|-miss|p1a: Chien-Pao|p2a: Skuntank\n|\n|-heal|p2a: Skuntank|206/310|[from] item: Leftovers\n|-damage|p1a: Chien-Pao|176/234 psn|[from] psn\n|upkeep\n|turn|28\n|\n|t:|1782898521\n|move|p1a: Chien-Pao|Icicle Crash|p2a: Skuntank\n|-damage|p2a: Skuntank|14/310\n|cant|p2a: Skuntank|flinch\n|\n|-heal|p2a: Skuntank|33/310|[from] item: Leftovers\n|-damage|p1a: Chien-Pao|147/234 psn|[from] psn\n|upkeep\n|turn|29\n|\n|t:|1782898524\n|move|p1a: Chien-Pao|Icicle Crash|p2a: Skuntank\n|-damage|p2a: Skuntank|0 fnt\n|faint|p2a: Skuntank\n|\n|-damage|p1a: Chien-Pao|118/234 psn|[from] psn\n|upkeep\n|\n|t:|1782898525\n|switch|p2a: Cinderace|Cinderace, L77, M|57/249\n|turn|30\n|\n|t:|1782898529\n|switch|p1a: Decidueye|Decidueye-Hisui, L87, M|295/295\n|-status|p1a: Decidueye|psn\n|move|p2a: Cinderace|Pyro Ball|p1a: Decidueye\n|-supereffective|p1a: Decidueye\n|-damage|p1a: Decidueye|0 fnt\n|faint|p1a: Decidueye\n|\n|upkeep\n|\n|t:|1782898531\n|switch|p1a: Chien-Pao|Chien-Pao, L72|118/234 psn\n|-ability|p1a: Chien-Pao|Sword of Ruin\n|turn|31\n|\n|t:|1782898532\n|move|p1a: Chien-Pao|Throat Chop|p2a: Cinderace\n|-damage|p2a: Cinderace|0 fnt\n|faint|p2a: Cinderace\n|\n|win|koopa003\n|raw|koopa003's rating: 2284 &rarr; <strong>2300</strong><br />(+16 for winning)\n|raw|forcemajor14's rating: 2210 &rarr; <strong>2194</strong><br />(-16 for losing)\n", "inputlog": ">version f8ac14003a5f27e1bdc8d8c59608a773c1cb96e5\n>start {\"formatid\":\"gen9randombattle\",\"seed\":\"sodium,f1818f985ff1148bdc9f4f78af45a361\",\"rated\":\"Rated battle\"}\n>player p1 {\"name\":\"koopa003\",\"avatar\":\"camper\",\"rating\":2284,\"seed\":\"sodium,969ed08df0121f2bc6c5b00c796ec65c\"}\n>player p2 {\"name\":\"forcemajor14\",\"avatar\":\"266\",\"rating\":2169,\"seed\":\"sodium,fc83d96fe77f973c7cf49d153b7b7073\"}\n>p1 switch 2\n>p2 switch 6\n>p1 move meteorbeam\n>p2 move toxicspikes\n>p1 move dynamaxcannon\n>p2 switch 2\n>p1 move dynamaxcannon\n>p2 move dracometeor\n>p2 switch 3\n>p1 move sludgebomb\n>p2 move protect\n>p1 move fireblast\n>p2 move calmmind terastallize\n>p1 switch 6\n>p2 move protect\n>p1 move earthquake\n>p2 move moonblast\n>p2 switch 5\n>p1 switch 6\n>p2 move uturn\n>p2 switch 4\n>p1 move dynamaxcannon\n>p2 move earthquake\n>p1 switch 6\n>p1 move freezedry\n>p2 move spikes\n>p2 switch 4\n>p1 switch 5\n>p2 move pyroball\n>p1 move leechseed\n>p2 switch 2\n>p1 switch 5\n>p2 switch 2\n>p1 switch 5\n>p2 move uturn\n>p2 switch 2\n>p1 switch 5\n>p2 move toxicspikes\n>p1 move earthquake\n>p2 switch 2\n>p1 switch 5\n>p2 move pyroball\n>p1 switch 3\n>p1 move sacredsword\n>p2 switch 6\n>p1 switch 4\n>p2 move calmmind\n>p1 move flareblitz terastallize\n>p2 move drainingkiss\n>p1 move flareblitz\n>p2 move terablast\n>p1 switch 5\n>p1 move earthquake\n>p2 move drainingkiss\n>p1 move earthquake\n>p2 move drainingkiss\n>p1 move earthquake\n>p2 move drainingkiss\n>p2 switch 6\n>p1 move earthquake\n>p2 move pyroball\n>p1 switch 4\n>p1 move iciclecrash\n>p2 switch 2\n>p1 move iciclecrash\n>p2 move gunkshot\n>p1 move iciclecrash\n>p2 move gunkshot\n>p2 switch 2\n>p1 switch 2\n>p2 move pyroball\n>p1 switch 2\n>p1 move throatchop\n>p2 move pyroball", "uploadtime": 1782898533, "views": 3, "formatid": "gen9randombattle", "rating": 2194, "private": 0, "password": null, "player_dets": [{"name": "koopa003", "avatar": "camper", "rating": 2284, "seed": "sodium,969ed08df0121f2bc6c5b00c796ec65c"}, {"name": "forcemajor14", "avatar": "266", "rating": 2169, "seed": "sodium,fc83d96fe77f973c7cf49d153b7b7073"}], "teams_full": [{"Decidueye": {"name": "Decidueye", "species": "Decidueye-Hisui", "speciesId": "decidueyehisui", "gender": "M", "shiny": false, "level": 87, "moves": ["leafblade", "triplearrows", "swordsdance", "roost"], "ability": "Scrappy", "evs": {"hp": 85, "atk": 85, "def": 85, "spa": 85, "spd": 85, "spe": 85}, "ivs": {"hp": 31, "atk": 31, "def": 31, "spa": 31, "spd": 31, "spe": 31}, "item": "Leftovers", "teraType": "Water", "role": "Bulky Attacker", "bvs": {"hp": 88, "atk": 112, "def": 80, "spa": 95, "spd": 95, "spe": 60}, "stats": {"hp": 295, "atk": 245, "def": 189, "spa": 215, "spd": 215, "spe": 154}, "types": ["Grass", "Fighting"]}, "Eternatus": {"name": "Eternatus", "species": "Eternatus", "speciesId": "eternatus", "gender": "N", "shiny": false, "level": 69, "moves": ["dynamaxcannon", "sludgebomb", "meteorbeam", "fireblast"], "ability": "Pressure", "evs": {"hp": 85, "atk": 0, "def": 85, "spa": 85, "spd": 85, "spe": 85}, "ivs": {"hp": 31, "atk": 0, "def": 31, "spa": 31, "spd": 31, "spe": 31}, "item": "Power Herb", "teraType": "Poison", "role": "Setup Sweeper", "bvs": {"hp": 140, "atk": 85, "def": 95, "spa": 145, "spd": 95, "spe": 130}, "stats": {"hp": 308, "atk": 122, "def": 171, "spa": 240, "spd": 171, "spe": 220}, "types": ["Poison", "Dragon"]}, "Chien-Pao": {"name": "Chien-Pao", "species": "Chien-Pao", "speciesId": "chienpao", "gender": "N", "shiny": false, "level": 72, "moves": ["iceshard", "iciclecrash", "throatchop", "sacredsword"], "ability": "Sword of Ruin", "evs": {"hp": 85, "atk": 85, "def": 85, "spa": 85, "spd": 85, "spe": 85}, "ivs": {"hp": 31, "atk": 31, "def": 31, "spa": 31, "spd": 31, "spe": 31}, "item": "Choice Band", "teraType": "Fighting", "role": "Wallbreaker", "bvs": {"hp": 80, "atk": 120, "def": 80, "spa": 90, "spd": 65, "spe": 135}, "stats": {"hp": 234, "atk": 215, "def": 157, "spa": 172, "spd": 136, "spe": 236}, "types": ["Dark", "Ice"]}, "Koraidon": {"name": "Koraidon", "species": "Koraidon", "speciesId": "koraidon", "gender": "N", "shiny": false, "level": 64, "moves": ["swordsdance", "scaleshot", "collisioncourse", "flareblitz"], "ability": "Orichalcum Pulse", "evs": {"hp": 85, "atk": 85, "def": 85, "spa": 85, "spd": 85, "spe": 85}, "ivs": {"hp": 31, "atk": 31, "def": 31, "spa": 31, "spd": 31, "spe": 31}, "item": "Loaded Dice", "teraType": "Fire", "role": "Setup Sweeper", "bvs": {"hp": 100, "atk": 135, "def": 115, "spa": 85, "spd": 100, "spe": 135}, "stats": {"hp": 235, "atk": 211, "def": 185, "spa": 147, "spd": 166, "spe": 211}, "types": ["Fighting", "Dragon"]}, "Scovillain": {"name": "Scovillain", "species": "Scovillain", "speciesId": "scovillain", "gender": "F", "shiny": false, "level": 91, "moves": ["flamethrower", "leechseed", "protect", "substitute"], "ability": "Chlorophyll", "evs": {"hp": 85, "atk": 0, "def": 85, "spa": 85, "spd": 85, "spe": 85}, "ivs": {"hp": 31, "atk": 0, "def": 31, "spa": 31, "spd": 31, "spe": 31}, "item": "Leftovers", "teraType": "Steel", "role": "Bulky Attacker", "bvs": {"hp": 65, "atk": 108, "def": 65, "spa": 108, "spd": 65, "spe": 75}, "stats": {"hp": 266, "atk": 201, "def": 170, "spa": 248, "spd": 170, "spe": 188}, "types": ["Grass", "Fire"]}, "Glalie": {"name": "Glalie", "species": "Glalie", "speciesId": "glalie", "gender": "F", "shiny": false, "level": 96, "moves": ["earthquake", "freezedry", "spikes", "taunt"], "ability": "Inner Focus", "evs": {"hp": 85, "atk": 85, "def": 85, "spa": 85, "spd": 85, "spe": 85}, "ivs": {"hp": 31, "atk": 31, "def": 31, "spa": 31, "spd": 31, "spe": 31}, "item": "Heavy-Duty Boots", "teraType": "Ghost", "role": "Fast Support", "bvs": {"hp": 80, "atk": 80, "def": 80, "spa": 80, "spd": 80, "spe": 80}, "stats": {"hp": 309, "atk": 208, "def": 208, "spa": 208, "spd": 208, "spe": 208}, "types": ["Ice"]}}, {"Comfey": {"name": "Comfey", "species": "Comfey", "speciesId": "comfey", "gender": "F", "shiny": false, "level": 85, "moves": ["calmmind", "terablast", "gigadrain", "drainingkiss"], "ability": "Triage", "evs": {"hp": 85, "atk": 0, "def": 85, "spa": 85, "spd": 85, "spe": 85}, "ivs": {"hp": 31, "atk": 0, "def": 31, "spa": 31, "spd": 31, "spe": 31}, "item": "Leftovers", "teraType": "Ground", "role": "Tera Blast user", "bvs": {"hp": 51, "atk": 52, "def": 90, "spa": 82, "spd": 110, "spe": 100}, "stats": {"hp": 225, "atk": 93, "def": 202, "spa": 188, "spd": 236, "spe": 219}, "types": ["Fairy"]}, "Latias": {"name": "Latias", "species": "Latias", "speciesId": "latias", "gender": "F", "shiny": false, "level": 79, "moves": ["psyshock", "dracometeor", "calmmind", "recover"], "ability": "Levitate", "evs": {"hp": 85, "atk": 0, "def": 85, "spa": 85, "spd": 85, "spe": 85}, "ivs": {"hp": 31, "atk": 0, "def": 31, "spa": 31, "spd": 31, "spe": 31}, "item": "Soul Dew", "teraType": "Steel", "role": "Fast Bulky Setup", "bvs": {"hp": 80, "atk": 80, "def": 90, "spa": 110, "spd": 130, "spe": 110}, "stats": {"hp": 256, "atk": 131, "def": 188, "spa": 219, "spd": 251, "spe": 219}, "types": ["Dragon", "Psychic"]}, "Florges": {"name": "Florges", "species": "Florges", "speciesId": "florges", "gender": "F", "shiny": false, "level": 85, "moves": ["moonblast", "wish", "calmmind", "protect"], "ability": "Flower Veil", "evs": {"hp": 85, "atk": 0, "def": 85, "spa": 85, "spd": 85, "spe": 85}, "ivs": {"hp": 31, "atk": 0, "def": 31, "spa": 31, "spd": 31, "spe": 31}, "item": "Leftovers", "teraType": "Steel", "role": "Bulky Setup", "bvs": {"hp": 78, "atk": 65, "def": 68, "spa": 112, "spd": 154, "spe": 75}, "stats": {"hp": 271, "atk": 115, "def": 164, "spa": 239, "spd": 311, "spe": 176}, "types": ["Fairy"]}, "Garchomp": {"name": "Garchomp", "species": "Garchomp", "speciesId": "garchomp", "gender": "F", "shiny": false, "level": 74, "moves": ["spikes", "dragontail", "earthquake", "outrage"], "ability": "Rough Skin", "evs": {"hp": 85, "atk": 85, "def": 85, "spa": 85, "spd": 85, "spe": 85}, "ivs": {"hp": 31, "atk": 31, "def": 31, "spa": 31, "spd": 31, "spe": 31}, "item": "Rocky Helmet", "teraType": "Ground", "role": "Fast Support", "bvs": {"hp": 108, "atk": 130, "def": 95, "spa": 80, "spd": 85, "spe": 102}, "stats": {"hp": 282, "atk": 235, "def": 184, "spa": 161, "spd": 169, "spe": 194}, "types": ["Dragon", "Ground"]}, "Cinderace": {"name": "Cinderace", "species": "Cinderace", "speciesId": "cinderace", "gender": "M", "shiny": false, "level": 77, "moves": ["gunkshot", "highjumpkick", "uturn", "pyroball"], "ability": "Libero", "evs": {"hp": 81, "atk": 85, "def": 85, "spa": 85, "spd": 85, "spe": 85}, "ivs": {"hp": 31, "atk": 31, "def": 31, "spa": 31, "spd": 31, "spe": 31}, "item": "Choice Band", "teraType": "Fire", "role": "Wallbreaker", "bvs": {"hp": 80, "atk": 116, "def": 75, "spa": 65, "spd": 75, "spe": 119}, "stats": {"hp": 249, "atk": 223, "def": 160, "spa": 145, "spd": 160, "spe": 228}, "types": ["Fire"]}, "Skuntank": {"name": "Skuntank", "species": "Skuntank", "speciesId": "skuntank", "gender": "F", "shiny": false, "level": 84, "moves": ["knockoff", "gunkshot", "taunt", "toxicspikes"], "ability": "Aftermath", "evs": {"hp": 85, "atk": 85, "def": 85, "spa": 85, "spd": 85, "spe": 85}, "ivs": {"hp": 31, "atk": 31, "def": 31, "spa": 31, "spd": 31, "spe": 31}, "item": "Leftovers", "teraType": "Poison", "role": "Fast Support", "bvs": {"hp": 103, "atk": 93, "def": 67, "spa": 71, "spd": 61, "spe": 84}, "stats": {"hp": 310, "atk": 204, "def": 161, "spa": 167, "spd": 151, "spe": 189}, "types": ["Poison", "Dark"]}}]}