{"id": "gen9randombattle-2641916222", "format": "[Gen 9] Random Battle", "players": ["blaxkst4r", "soypepegrillo"], "log": "|j|\u2606blaxkst4r\n|j|\u2606soypepegrillo\n|t:|1782858185\n|gametype|singles\n|player|p1|blaxkst4r|iris|1203\n|player|p2|soypepegrillo|shadowtriad|1226\n|gen|9\n|tier|[Gen 9] Random Battle\n|rated|\n|rule|Species Clause: Limit one of each Pok\u00e9mon\n|rule|HP Percentage Mod: HP is shown in percentages\n|rule|Sleep Clause Mod: Limit one foe put to sleep\n|rule|Illusion Level Mod: Illusion disguises the Pok\u00e9mon's true level\n|\n|t:|1782858185\n|teamsize|p1|6\n|teamsize|p2|6\n|start\n|switch|p1a: Lurantis|Lurantis, L87, M|264/264\n|switch|p2a: Klawf|Klawf, L90, M|272/272\n|turn|1\n|inactive|Battle timer is ON: inactive players will automatically lose when time's up. (requested by blaxkst4r)\n|\n|t:|1782858208\n|move|p2a: Klawf|Stealth Rock|p1a: Lurantis\n|-sidestart|p1: blaxkst4r|move: Stealth Rock\n|move|p1a: Lurantis|Leaf Storm|p2a: Klawf\n|-supereffective|p2a: Klawf\n|-damage|p2a: Klawf|0 fnt\n|-boost|p1a: Lurantis|spa|2\n|faint|p2a: Klawf\n|\n|upkeep\n|\n|t:|1782858216\n|switch|p2a: Kilowattrel|Kilowattrel, L83, M|252/252\n|turn|2\n|\n|t:|1782858233\n|switch|p1a: Dunsparce|Dunsparce, L86, F|312/312\n|-damage|p1a: Dunsparce|273/312|[from] Stealth Rock\n|move|p2a: Kilowattrel|Hurricane|p1a: Dunsparce|[miss]\n|-miss|p2a: Kilowattrel|p1a: Dunsparce\n|\n|upkeep\n|turn|3\n|\n|t:|1782858256\n|switch|p2a: Quagsire|Quagsire, L84, F|297/297\n|move|p1a: Dunsparce|Coil|p1a: Dunsparce\n|-boost|p1a: Dunsparce|atk|1\n|-boost|p1a: Dunsparce|def|1\n|-boost|p1a: Dunsparce|accuracy|1\n|\n|upkeep\n|turn|4\n|inactive|blaxkst4r has 120 seconds left.\n|\n|t:|1782858281\n|switch|p1a: Basculegion|Basculegion-F, L83, F|335/335\n|-damage|p1a: Basculegion|294/335|[from] Stealth Rock\n|move|p2a: Quagsire|Toxic|p1a: Basculegion\n|-status|p1a: Basculegion|tox\n|\n|-damage|p1a: Basculegion|274/335 tox|[from] psn\n|upkeep\n|turn|5\n|inactive|blaxkst4r has 120 seconds left.\n|inactive|soypepegrillo has 120 seconds left.\n|\n|t:|1782858326\n|move|p1a: Basculegion|Ice Beam|p2a: Quagsire\n|-damage|p2a: Quagsire|178/297\n|move|p2a: Quagsire|Earthquake|p1a: Basculegion\n|-damage|p1a: Basculegion|148/335 tox\n|\n|-heal|p2a: Quagsire|196/297|[from] item: Leftovers\n|-damage|p1a: Basculegion|108/335 tox|[from] psn\n|upkeep\n|turn|6\n|\n|t:|1782858341\n|move|p1a: Basculegion|Ice Beam|p2a: Quagsire\n|-damage|p2a: Quagsire|81/297\n|move|p2a: Quagsire|Recover|p2a: Quagsire\n|-heal|p2a: Quagsire|230/297\n|\n|-heal|p2a: Quagsire|248/297|[from] item: Leftovers\n|-damage|p1a: Basculegion|48/335 tox|[from] psn\n|upkeep\n|turn|7\n|\n|t:|1782858352\n|move|p1a: Basculegion|Ice Beam|p2a: Quagsire\n|-damage|p2a: Quagsire|129/297\n|move|p2a: Quagsire|Recover|p2a: Quagsire\n|-heal|p2a: Quagsire|278/297\n|\n|-heal|p2a: Quagsire|296/297|[from] item: Leftovers\n|-damage|p1a: Basculegion|0 fnt|[from] psn\n|faint|p1a: Basculegion\n|upkeep\n|\n|t:|1782858363\n|switch|p1a: Lurantis|Lurantis, L87, M|264/264\n|-damage|p1a: Lurantis|231/264|[from] Stealth Rock\n|turn|8\n|inactive|soypepegrillo has 120 seconds left.\n|\n|t:|1782858371\n|switch|p2a: Pachirisu|Pachirisu, L96, F|271/271\n|move|p1a: Lurantis|Leaf Storm|p2a: Pachirisu\n|-damage|p2a: Pachirisu|193/271\n|-boost|p1a: Lurantis|spa|2\n|\n|-heal|p1a: Lurantis|247/264|[from] item: Leftovers\n|upkeep\n|turn|9\n|inactive|blaxkst4r has 90 seconds left.\n|\n|t:|1782858403\n|move|p2a: Pachirisu|U-turn|p1a: Lurantis\n|-supereffective|p1a: Lurantis\n|-damage|p1a: Lurantis|177/264\n|\n|t:|1782858417\n|switch|p2a: Kilowattrel|Kilowattrel, L83, M|252/252|[from] U-turn\n|move|p1a: Lurantis|Leaf Storm|p2a: Kilowattrel\n|-resisted|p2a: Kilowattrel\n|-damage|p2a: Kilowattrel|75/252\n|-boost|p1a: Lurantis|spa|2\n|\n|-heal|p1a: Lurantis|193/264|[from] item: Leftovers\n|upkeep\n|turn|10\n|inactive|blaxkst4r has 90 seconds left.\n|\n|t:|1782858438\n|switch|p1a: Chandelure|Chandelure, L83, F|235/235\n|-damage|p1a: Chandelure|177/235|[from] Stealth Rock\n|move|p2a: Kilowattrel|Hurricane|p1a: Chandelure|[miss]\n|-miss|p2a: Kilowattrel|p1a: Chandelure\n|\n|upkeep\n|turn|11\n|inactive|soypepegrillo has 120 seconds left.\n|\n|t:|1782858465\n|switch|p2a: Chansey|Chansey, L85, F|564/564\n|move|p1a: Chandelure|Fire Blast|p2a: Chansey\n|-damage|p2a: Chansey|471/564\n|\n|upkeep\n|turn|12\n|\n|t:|1782858474\n|move|p1a: Chandelure|Fire Blast|p2a: Chansey\n|-damage|p2a: Chansey|381/564\n|move|p2a: Chansey|Thunder Wave|p1a: Chandelure\n|-status|p1a: Chandelure|par\n|\n|upkeep\n|turn|13\n|\n|t:|1782858489\n|switch|p1a: Dunsparce|Dunsparce, L86, F|273/312\n|-damage|p1a: Dunsparce|234/312|[from] Stealth Rock\n|move|p2a: Chansey|Soft-Boiled|p2a: Chansey\n|-heal|p2a: Chansey|564/564\n|\n|upkeep\n|turn|14\n|\n|t:|1782858500\n|move|p2a: Chansey|Seismic Toss|p1a: Dunsparce\n|-damage|p1a: Dunsparce|149/312\n|move|p1a: Dunsparce|Coil|p1a: Dunsparce\n|-boost|p1a: Dunsparce|atk|1\n|-boost|p1a: Dunsparce|def|1\n|-boost|p1a: Dunsparce|accuracy|1\n|\n|upkeep\n|turn|15\n|\n|t:|1782858511\n|move|p2a: Chansey|Thunder Wave|p1a: Dunsparce\n|-status|p1a: Dunsparce|par\n|move|p1a: Dunsparce|Roost|p1a: Dunsparce\n|-heal|p1a: Dunsparce|305/312 par\n|-singleturn|p1a: Dunsparce|move: Roost\n|\n|upkeep\n|turn|16\n|\n|t:|1782858524\n|move|p2a: Chansey|Heal Bell||[still]\n|-activate|p2a: Chansey|move: Heal Bell\n|-fail|p2a: Chansey\n|cant|p1a: Dunsparce|par\n|\n|upkeep\n|turn|17\n|\n|t:|1782858537\n|move|p2a: Chansey|Seismic Toss|p1a: Dunsparce\n|-damage|p1a: Dunsparce|220/312 par\n|move|p1a: Dunsparce|Earthquake|p2a: Chansey\n|-damage|p2a: Chansey|375/564\n|\n|upkeep\n|turn|18\n|\n|t:|1782858553\n|move|p2a: Chansey|Seismic Toss|p1a: Dunsparce\n|-damage|p1a: Dunsparce|135/312 par\n|move|p1a: Dunsparce|Earthquake|p2a: Chansey\n|-crit|p2a: Chansey\n|-damage|p2a: Chansey|68/564\n|\n|upkeep\n|turn|19\n|\n|t:|1782858560\n|move|p2a: Chansey|Soft-Boiled|p2a: Chansey\n|-heal|p2a: Chansey|350/564\n|cant|p1a: Dunsparce|par\n|\n|upkeep\n|turn|20\n|\n|t:|1782858566\n|move|p2a: Chansey|Soft-Boiled|p2a: Chansey\n|-heal|p2a: Chansey|564/564\n|cant|p1a: Dunsparce|par\n|\n|upkeep\n|turn|21\n|inactive|blaxkst4r has 90 seconds left.\n|\n|t:|1782858572\n|move|p2a: Chansey|Seismic Toss|p1a: Dunsparce\n|-damage|p1a: Dunsparce|50/312 par\n|move|p1a: Dunsparce|Roost|p1a: Dunsparce\n|-heal|p1a: Dunsparce|206/312 par\n|-singleturn|p1a: Dunsparce|move: Roost\n|\n|upkeep\n|turn|22\n|\n|t:|1782858579\n|move|p2a: Chansey|Seismic Toss|p1a: Dunsparce\n|-damage|p1a: Dunsparce|121/312 par\n|cant|p1a: Dunsparce|par\n|\n|upkeep\n|turn|23\n|\n|t:|1782858588\n|move|p2a: Chansey|Seismic Toss|p1a: Dunsparce\n|-damage|p1a: Dunsparce|36/312 par\n|move|p1a: Dunsparce|Coil|p1a: Dunsparce\n|-boost|p1a: Dunsparce|atk|1\n|-boost|p1a: Dunsparce|def|1\n|-boost|p1a: Dunsparce|accuracy|1\n|\n|upkeep\n|turn|24\n|\n|t:|1782858596\n|move|p2a: Chansey|Seismic Toss|p1a: Dunsparce\n|-damage|p1a: Dunsparce|0 fnt\n|faint|p1a: Dunsparce\n|\n|upkeep\n|\n|t:|1782858611\n|switch|p1a: Sandaconda|Sandaconda, L84, F|258/258\n|-damage|p1a: Sandaconda|242/258|[from] Stealth Rock\n|turn|25\n|\n|t:|1782858621\n|switch|p2a: Kilowattrel|Kilowattrel, L83, M|75/252\n|move|p1a: Sandaconda|Coil|p1a: Sandaconda\n|-boost|p1a: Sandaconda|atk|1\n|-boost|p1a: Sandaconda|def|1\n|-boost|p1a: Sandaconda|accuracy|1\n|\n|-heal|p1a: Sandaconda|258/258|[from] item: Leftovers\n|upkeep\n|turn|26\n|\n|t:|1782858632\n|move|p2a: Kilowattrel|Hurricane|p1a: Sandaconda\n|-damage|p1a: Sandaconda|110/258\n|move|p1a: Sandaconda|Stone Edge|p2a: Kilowattrel\n|-supereffective|p2a: Kilowattrel\n|-damage|p2a: Kilowattrel|0 fnt\n|faint|p2a: Kilowattrel\n|\n|-heal|p1a: Sandaconda|126/258|[from] item: Leftovers\n|upkeep\n|\n|t:|1782858638\n|switch|p2a: Quagsire|Quagsire, L84, F|296/297\n|turn|27\n|\n|t:|1782858646\n|move|p1a: Sandaconda|Rest|p1a: Sandaconda\n|-status|p1a: Sandaconda|slp|[from] move: Rest\n|-heal|p1a: Sandaconda|258/258 slp|[silent]\n|move|p2a: Quagsire|Toxic||[still]\n|-fail|p2a: Quagsire\n|\n|-activate|p1a: Sandaconda|ability: Shed Skin\n|-curestatus|p1a: Sandaconda|slp|[msg]\n|-heal|p2a: Quagsire|297/297|[from] item: Leftovers\n|upkeep\n|turn|28\n|inactive|blaxkst4r has 120 seconds left.\n|\n|t:|1782858660\n|move|p1a: Sandaconda|Earthquake|p2a: Quagsire\n|-damage|p2a: Quagsire|188/297\n|move|p2a: Quagsire|Spikes|p1a: Sandaconda\n|-sidestart|p1: blaxkst4r|Spikes\n|\n|-heal|p2a: Quagsire|206/297|[from] item: Leftovers\n|upkeep\n|turn|29\n|inactive|blaxkst4r has 120 seconds left.\n|\n|t:|1782858670\n|move|p1a: Sandaconda|Coil|p1a: Sandaconda\n|-boost|p1a: Sandaconda|atk|1\n|-boost|p1a: Sandaconda|def|1\n|-boost|p1a: Sandaconda|accuracy|1\n|move|p2a: Quagsire|Toxic|p1a: Sandaconda\n|-status|p1a: Sandaconda|tox\n|\n|-heal|p2a: Quagsire|224/297|[from] item: Leftovers\n|-damage|p1a: Sandaconda|242/258 tox|[from] psn\n|upkeep\n|turn|30\n|inactive|blaxkst4r has 120 seconds left.\n|\n|t:|1782858683\n|move|p1a: Sandaconda|Earthquake|p2a: Quagsire\n|-damage|p2a: Quagsire|103/297\n|move|p2a: Quagsire|Earthquake|p1a: Sandaconda\n|-damage|p1a: Sandaconda|173/258 tox\n|\n|-activate|p1a: Sandaconda|ability: Shed Skin\n|-curestatus|p1a: Sandaconda|tox|[msg]\n|-heal|p1a: Sandaconda|189/258|[from] item: Leftovers\n|-heal|p2a: Quagsire|121/297|[from] item: Leftovers\n|upkeep\n|turn|31\n|inactive|blaxkst4r has 120 seconds left.\n|\n|t:|1782858695\n|move|p1a: Sandaconda|Earthquake|p2a: Quagsire\n|-damage|p2a: Quagsire|9/297\n|move|p2a: Quagsire|Recover|p2a: Quagsire\n|-heal|p2a: Quagsire|158/297\n|\n|-heal|p1a: Sandaconda|205/258|[from] item: Leftovers\n|-heal|p2a: Quagsire|176/297|[from] item: Leftovers\n|upkeep\n|turn|32\n|inactive|blaxkst4r has 120 seconds left.\n|\n|t:|1782858709\n|move|p1a: Sandaconda|Earthquake|p2a: Quagsire\n|-damage|p2a: Quagsire|65/297\n|move|p2a: Quagsire|Toxic|p1a: Sandaconda\n|-status|p1a: Sandaconda|tox\n|\n|-activate|p1a: Sandaconda|ability: Shed Skin\n|-curestatus|p1a: Sandaconda|tox|[msg]\n|-heal|p1a: Sandaconda|221/258|[from] item: Leftovers\n|-heal|p2a: Quagsire|83/297|[from] item: Leftovers\n|upkeep\n|turn|33\n|inactive|blaxkst4r has 120 seconds left.\n|\n|t:|1782858727\n|move|p1a: Sandaconda|Earthquake|p2a: Quagsire\n|-damage|p2a: Quagsire|0 fnt\n|faint|p2a: Quagsire\n|\n|-heal|p1a: Sandaconda|237/258|[from] item: Leftovers\n|upkeep\n|\n|t:|1782858732\n|switch|p2a: Conkeldurr|Conkeldurr, L80, M|299/299\n|turn|34\n|inactive|blaxkst4r has 120 seconds left.\n|\n|t:|1782858745\n|move|p1a: Sandaconda|Coil|p1a: Sandaconda\n|-boost|p1a: Sandaconda|atk|1\n|-boost|p1a: Sandaconda|def|1\n|-boost|p1a: Sandaconda|accuracy|1\n|move|p2a: Conkeldurr|Knock Off|p1a: Sandaconda\n|-damage|p1a: Sandaconda|212/258\n|-enditem|p1a: Sandaconda|Leftovers|[from] move: Knock Off|[of] p2a: Conkeldurr\n|\n|-status|p2a: Conkeldurr|brn|[from] item: Flame Orb\n|upkeep\n|turn|35\n|inactive|blaxkst4r has 120 seconds left.\n|\n|t:|1782858756\n|move|p1a: Sandaconda|Earthquake|p2a: Conkeldurr\n|-damage|p2a: Conkeldurr|8/299 brn\n|move|p2a: Conkeldurr|Facade|p1a: Sandaconda\n|-damage|p1a: Sandaconda|158/258\n|\n|-damage|p2a: Conkeldurr|0 fnt|[from] brn\n|faint|p2a: Conkeldurr\n|upkeep\n|\n|t:|1782858762\n|switch|p2a: Pachirisu|Pachirisu, L96, F|193/271\n|turn|36\n|\n|t:|1782858775\n|-terastallize|p2a: Pachirisu|Flying\n|move|p2a: Pachirisu|U-turn|p1a: Sandaconda\n|-damage|p1a: Sandaconda|147/258\n|\n|t:|1782858779\n|switch|p2a: Chansey|Chansey, L85, F|564/564|[from] U-turn\n|move|p1a: Sandaconda|Earthquake|p2a: Chansey\n|-damage|p2a: Chansey|0 fnt\n|faint|p2a: Chansey\n|\n|upkeep\n|\n|t:|1782858782\n|switch|p2a: Pachirisu|Pachirisu, L96, F, tera:Flying|193/271\n|turn|37\n|\n|t:|1782858791\n|move|p2a: Pachirisu|Super Fang|p1a: Sandaconda\n|-damage|p1a: Sandaconda|74/258\n|move|p1a: Sandaconda|Stone Edge|p2a: Pachirisu\n|-supereffective|p2a: Pachirisu\n|-damage|p2a: Pachirisu|0 fnt\n|faint|p2a: Pachirisu\n|\n|win|blaxkst4r\n|raw|blaxkst4r's rating: 1203 &rarr; <strong>1230</strong><br />(+27 for winning)\n|raw|soypepegrillo's rating: 1226 &rarr; <strong>1199</strong><br />(-27 for losing)\n|l|\u2606soypepegrillo\n|player|p2|\n", "inputlog": ">version f8ac14003a5f27e1bdc8d8c59608a773c1cb96e5\n>start {\"formatid\":\"gen9randombattle\",\"seed\":\"sodium,10431d5066da62f7355e1704262e1ef1\",\"rated\":\"Rated battle\"}\n>player p1 {\"name\":\"blaxkst4r\",\"avatar\":\"iris\",\"rating\":1203,\"seed\":\"sodium,345b3f96511e46c7ce468a2b0f685d28\"}\n>player p2 {\"name\":\"soypepegrillo\",\"avatar\":\"shadowtriad\",\"rating\":1226,\"seed\":\"sodium,5bc1e4d9545129d7cfefd6bfb29d4bf1\"}\n>p1 move leafstorm\n>p2 move stealthrock\n>p2 switch 4\n>p1 switch 2\n>p2 move hurricane\n>p1 move coil\n>p2 switch 2\n>p1 switch 3\n>p2 move toxic\n>p1 move icebeam\n>p2 move earthquake\n>p1 move icebeam\n>p2 move recover\n>p1 move icebeam\n>p2 move recover\n>p1 switch 2\n>p1 move leafstorm\n>p2 switch 3\n>p1 move leafstorm\n>p2 move uturn\n>p2 switch 2\n>p1 switch 5\n>p2 move hurricane\n>p1 move fireblast\n>p2 switch 6\n>p1 move fireblast\n>p2 move thunderwave\n>p1 switch 3\n>p2 move softboiled\n>p1 move coil\n>p2 move seismictoss\n>p1 move roost\n>p2 move thunderwave\n>p1 move earthquake\n>p2 move healbell\n>p1 move earthquake\n>p2 move seismictoss\n>p1 move earthquake\n>p2 move seismictoss\n>p1 move roost\n>p2 move softboiled\n>p1 move roost\n>p2 move softboiled\n>p1 move roost\n>p2 move seismictoss\n>p1 move earthquake\n>p2 move seismictoss\n>p1 move coil\n>p2 move seismictoss\n>p1 move roost\n>p2 move seismictoss\n>p1 switch 6\n>p1 move coil\n>p2 switch 6\n>p1 move stoneedge\n>p2 move hurricane\n>p2 switch 3\n>p1 move rest\n>p2 move toxic\n>p1 move earthquake\n>p2 move spikes\n>p1 move coil\n>p2 move toxic\n>p1 move earthquake\n>p2 move earthquake\n>p1 move earthquake\n>p2 move recover\n>p1 move earthquake\n>p2 move toxic\n>p1 move earthquake\n>p2 move earthquake\n>p2 switch 5\n>p1 move coil\n>p2 move knockoff\n>p1 move earthquake\n>p2 move facade\n>p2 switch 2\n>p1 move earthquake\n>p2 move uturn terastallize\n>p2 switch 6\n>p2 switch 6\n>p1 move stoneedge\n>p2 move superfang", "uploadtime": 1782858806, "views": 24, "formatid": "gen9randombattle", "rating": 1199, "private": 0, "password": null, "player_dets": [{"name": "blaxkst4r", "avatar": "iris", "rating": 1203, "seed": "sodium,345b3f96511e46c7ce468a2b0f685d28"}, {"name": "soypepegrillo", "avatar": "shadowtriad", "rating": 1226, "seed": "sodium,5bc1e4d9545129d7cfefd6bfb29d4bf1"}], "teams_full": [{"Lurantis": {"name": "Lurantis", "species": "Lurantis", "speciesId": "lurantis", "gender": "M", "shiny": false, "level": 87, "moves": ["defog", "synthesis", "leafstorm", "superpower"], "ability": "Contrary", "evs": {"hp": 85, "atk": 85, "def": 85, "spa": 85, "spd": 85, "spe": 85}, "ivs": {"hp": 31, "atk": 31, "def": 31, "spa": 31, "spd": 31, "spe": 31}, "item": "Leftovers", "teraType": "Fighting", "role": "Bulky Attacker", "bvs": {"hp": 70, "atk": 105, "def": 90, "spa": 80, "spd": 90, "spe": 45}, "stats": {"hp": 264, "atk": 232, "def": 206, "spa": 189, "spd": 206, "spe": 128}, "types": ["Grass"]}, "Dunsparce": {"name": "Dunsparce", "species": "Dunsparce", "speciesId": "dunsparce", "gender": "F", "shiny": false, "level": 86, "moves": ["earthquake", "coil", "roost", "bodyslam"], "ability": "Serene Grace", "evs": {"hp": 85, "atk": 85, "def": 85, "spa": 85, "spd": 85, "spe": 85}, "ivs": {"hp": 31, "atk": 31, "def": 31, "spa": 31, "spd": 31, "spe": 31}, "item": "Eviolite", "teraType": "Ghost", "role": "Bulky Setup", "bvs": {"hp": 100, "atk": 70, "def": 70, "spa": 65, "spd": 65, "spe": 45}, "stats": {"hp": 312, "atk": 170, "def": 170, "spa": 161, "spd": 161, "spe": 127}, "types": ["Normal"]}, "Basculegion": {"name": "Basculegion", "species": "Basculegion-F", "speciesId": "basculegionf", "gender": "F", "shiny": false, "level": 83, "moves": ["flipturn", "icebeam", "hydropump", "shadowball"], "ability": "Adaptability", "evs": {"hp": 85, "atk": 85, "def": 85, "spa": 85, "spd": 85, "spe": 85}, "ivs": {"hp": 31, "atk": 31, "def": 31, "spa": 31, "spd": 31, "spe": 31}, "item": "Choice Specs", "teraType": "Water", "role": "Wallbreaker", "bvs": {"hp": 120, "atk": 92, "def": 65, "spa": 100, "spd": 75, "spe": 78}, "stats": {"hp": 335, "atk": 200, "def": 156, "spa": 214, "spd": 172, "spe": 177}, "types": ["Water", "Ghost"]}, "Moltres": {"name": "Moltres", "species": "Moltres", "speciesId": "moltres", "gender": "N", "shiny": false, "level": 81, "moves": ["roost", "uturn", "fireblast", "bravebird"], "ability": "Flame Body", "evs": {"hp": 85, "atk": 85, "def": 85, "spa": 85, "spd": 85, "spe": 85}, "ivs": {"hp": 31, "atk": 31, "def": 31, "spa": 31, "spd": 31, "spe": 31}, "item": "Heavy-Duty Boots", "teraType": "Steel", "role": "Bulky Attacker", "bvs": {"hp": 90, "atk": 100, "def": 90, "spa": 125, "spd": 85, "spe": 90}, "stats": {"hp": 278, "atk": 209, "def": 192, "spa": 249, "spd": 184, "spe": 192}, "types": ["Fire", "Flying"]}, "Chandelure": {"name": "Chandelure", "species": "Chandelure", "speciesId": "chandelure", "gender": "F", "shiny": false, "level": 83, "moves": ["trick", "shadowball", "fireblast", "energyball"], "ability": "Flash Fire", "evs": {"hp": 85, "atk": 0, "def": 85, "spa": 85, "spd": 85, "spe": 85}, "ivs": {"hp": 31, "atk": 0, "def": 31, "spa": 31, "spd": 31, "spe": 31}, "item": "Choice Scarf", "teraType": "Grass", "role": "Fast Attacker", "bvs": {"hp": 60, "atk": 55, "def": 90, "spa": 145, "spd": 90, "spe": 80}, "stats": {"hp": 235, "atk": 96, "def": 197, "spa": 288, "spd": 197, "spe": 180}, "types": ["Ghost", "Fire"]}, "Sandaconda": {"name": "Sandaconda", "species": "Sandaconda", "speciesId": "sandaconda", "gender": "F", "shiny": false, "level": 84, "moves": ["rest", "earthquake", "coil", "stoneedge"], "ability": "Shed Skin", "evs": {"hp": 85, "atk": 85, "def": 85, "spa": 85, "spd": 85, "spe": 85}, "ivs": {"hp": 31, "atk": 31, "def": 31, "spa": 31, "spd": 31, "spe": 31}, "item": "Leftovers", "teraType": "Dragon", "role": "Bulky Setup", "bvs": {"hp": 72, "atk": 107, "def": 125, "spa": 65, "spd": 70, "spe": 71}, "stats": {"hp": 258, "atk": 228, "def": 258, "spa": 157, "spd": 166, "spe": 167}, "types": ["Ground"]}}, {"Klawf": {"name": "Klawf", "species": "Klawf", "speciesId": "klawf", "gender": "M", "shiny": false, "level": 90, "moves": ["stoneedge", "knockoff", "highhorsepower", "stealthrock"], "ability": "Regenerator", "evs": {"hp": 85, "atk": 85, "def": 85, "spa": 85, "spd": 85, "spe": 85}, "ivs": {"hp": 31, "atk": 31, "def": 31, "spa": 31, "spd": 31, "spe": 31}, "item": "Life Orb", "teraType": "Dark", "role": "Fast Attacker", "bvs": {"hp": 70, "atk": 100, "def": 115, "spa": 35, "spd": 55, "spe": 75}, "stats": {"hp": 272, "atk": 231, "def": 258, "spa": 114, "spd": 150, "spe": 186}, "types": ["Rock"]}, "Quagsire": {"name": "Quagsire", "species": "Quagsire", "speciesId": "quagsire", "gender": "F", "shiny": false, "level": 84, "moves": ["spikes", "toxic", "earthquake", "recover"], "ability": "Unaware", "evs": {"hp": 85, "atk": 85, "def": 85, "spa": 85, "spd": 85, "spe": 85}, "ivs": {"hp": 31, "atk": 31, "def": 31, "spa": 31, "spd": 31, "spe": 31}, "item": "Leftovers", "teraType": "Poison", "role": "Bulky Support", "bvs": {"hp": 95, "atk": 85, "def": 85, "spa": 65, "spd": 65, "spe": 35}, "stats": {"hp": 297, "atk": 191, "def": 191, "spa": 157, "spd": 157, "spe": 107}, "types": ["Water", "Ground"]}, "Pachirisu": {"name": "Pachirisu", "species": "Pachirisu", "speciesId": "pachirisu", "gender": "F", "shiny": false, "level": 96, "moves": ["nuzzle", "uturn", "thunderbolt", "superfang"], "ability": "Volt Absorb", "evs": {"hp": 85, "atk": 85, "def": 85, "spa": 85, "spd": 85, "spe": 85}, "ivs": {"hp": 31, "atk": 31, "def": 31, "spa": 31, "spd": 31, "spe": 31}, "item": "Assault Vest", "teraType": "Flying", "role": "AV Pivot", "bvs": {"hp": 60, "atk": 45, "def": 70, "spa": 45, "spd": 90, "spe": 95}, "stats": {"hp": 271, "atk": 141, "def": 189, "spa": 141, "spd": 227, "spe": 237}, "types": ["Electric"]}, "Kilowattrel": {"name": "Kilowattrel", "species": "Kilowattrel", "speciesId": "kilowattrel", "gender": "M", "shiny": false, "level": 83, "moves": ["discharge", "roost", "uturn", "hurricane"], "ability": "Volt Absorb", "evs": {"hp": 85, "atk": 85, "def": 85, "spa": 85, "spd": 85, "spe": 85}, "ivs": {"hp": 31, "atk": 31, "def": 31, "spa": 31, "spd": 31, "spe": 31}, "item": "Heavy-Duty Boots", "teraType": "Water", "role": "Bulky Attacker", "bvs": {"hp": 70, "atk": 70, "def": 60, "spa": 105, "spd": 60, "spe": 125}, "stats": {"hp": 252, "atk": 164, "def": 147, "spa": 222, "spd": 147, "spe": 255}, "types": ["Electric", "Flying"]}, "Conkeldurr": {"name": "Conkeldurr", "species": "Conkeldurr", "speciesId": "conkeldurr", "gender": "M", "shiny": false, "level": 80, "moves": ["machpunch", "knockoff", "closecombat", "facade"], "ability": "Guts", "evs": {"hp": 85, "atk": 85, "def": 85, "spa": 85, "spd": 85, "spe": 85}, "ivs": {"hp": 31, "atk": 31, "def": 31, "spa": 31, "spd": 31, "spe": 31}, "item": "Flame Orb", "teraType": "Normal", "role": "Wallbreaker", "bvs": {"hp": 105, "atk": 140, "def": 95, "spa": 55, "spd": 65, "spe": 45}, "stats": {"hp": 299, "atk": 270, "def": 198, "spa": 134, "spd": 150, "spe": 118}, "types": ["Fighting"]}, "Chansey": {"name": "Chansey", "species": "Chansey", "speciesId": "chansey", "gender": "F", "shiny": false, "level": 85, "moves": ["thunderwave", "seismictoss", "softboiled", "healbell"], "ability": "Natural Cure", "evs": {"hp": 85, "atk": 0, "def": 85, "spa": 85, "spd": 85, "spe": 85}, "ivs": {"hp": 31, "atk": 0, "def": 31, "spa": 31, "spd": 31, "spe": 31}, "item": "Eviolite", "teraType": "Ghost", "role": "Bulky Support", "bvs": {"hp": 250, "atk": 5, "def": 5, "spa": 35, "spd": 105, "spe": 50}, "stats": {"hp": 564, "atk": 13, "def": 57, "spa": 108, "spd": 227, "spe": 134}, "types": ["Normal"]}}]}