{"id": "gen9randombattle-2642014794", "format": "[Gen 9] Random Battle", "players": ["randbatsluvr", "FlordaFeraligatrs"], "log": "|j|\u2606randbatsluvr\n|j|\u2606FlordaFeraligatrs\n|t:|1782873513\n|gametype|singles\n|player|p1|randbatsluvr|169|1164\n|player|p2|FlordaFeraligatrs|linebacker|1198\n|gen|9\n|tier|[Gen 9] Random Battle\n|rated|\n|rule|Species Clause: Limit one of each Pok\u00e9mon\n|rule|HP Percentage Mod: HP is shown in percentages\n|rule|Sleep Clause Mod: Limit one foe put to sleep\n|rule|Illusion Level Mod: Illusion disguises the Pok\u00e9mon's true level\n|\n|t:|1782873513\n|teamsize|p1|6\n|teamsize|p2|6\n|start\n|switch|p1a: Manaphy|Manaphy, L78|284/284\n|switch|p2a: Azelf|Azelf, L82|257/257\n|turn|1\n|inactive|Battle timer is ON: inactive players will automatically lose when time's up. (requested by randbatsluvr)\n|\n|t:|1782873534\n|switch|p2a: Hydrapple|Hydrapple, L83, F|312/312\n|move|p1a: Manaphy|Tail Glow|p1a: Manaphy\n|-boost|p1a: Manaphy|spa|3\n|\n|upkeep\n|turn|2\n|\n|t:|1782873541\n|move|p1a: Manaphy|Ice Beam|p2a: Hydrapple\n|-supereffective|p2a: Hydrapple\n|-damage|p2a: Hydrapple|0 fnt\n|faint|p2a: Hydrapple\n|\n|upkeep\n|\n|t:|1782873554\n|switch|p2a: Frosmoth|Frosmoth, L82, F|249/249\n|turn|3\n|\n|t:|1782873558\n|move|p1a: Manaphy|Surf|p2a: Frosmoth\n|-damage|p2a: Frosmoth|142/249\n|move|p2a: Frosmoth|Quiver Dance|p2a: Frosmoth\n|-boost|p2a: Frosmoth|spa|1\n|-boost|p2a: Frosmoth|spd|1\n|-boost|p2a: Frosmoth|spe|1\n|\n|upkeep\n|turn|4\n|\n|t:|1782873565\n|move|p2a: Frosmoth|Giga Drain|p1a: Manaphy\n|-supereffective|p1a: Manaphy\n|-damage|p1a: Manaphy|96/284\n|-heal|p2a: Frosmoth|236/249|[from] drain|[of] p1a: Manaphy\n|move|p1a: Manaphy|Surf|p2a: Frosmoth\n|-damage|p2a: Frosmoth|170/249\n|\n|-heal|p1a: Manaphy|113/284|[from] item: Leftovers\n|upkeep\n|turn|5\n|\n|t:|1782873573\n|switch|p1a: Hitmontop|Hitmontop, L88, M|231/231\n|-ability|p1a: Hitmontop|Intimidate|boost\n|-unboost|p2a: Frosmoth|atk|1\n|move|p2a: Frosmoth|Quiver Dance|p2a: Frosmoth\n|-boost|p2a: Frosmoth|spa|1\n|-boost|p2a: Frosmoth|spd|1\n|-boost|p2a: Frosmoth|spe|1\n|\n|upkeep\n|turn|6\n|\n|t:|1782873592\n|move|p2a: Frosmoth|Giga Drain|p1a: Hitmontop\n|-damage|p1a: Hitmontop|159/231\n|-heal|p2a: Frosmoth|206/249|[from] drain|[of] p1a: Hitmontop\n|move|p1a: Hitmontop|Close Combat|p2a: Frosmoth\n|-damage|p2a: Frosmoth|11/249\n|-unboost|p1a: Hitmontop|def|1\n|-unboost|p1a: Hitmontop|spd|1\n|\n|upkeep\n|turn|7\n|\n|t:|1782873604\n|-terastallize|p1a: Hitmontop|Steel\n|move|p2a: Frosmoth|Ice Beam|p1a: Hitmontop\n|-resisted|p1a: Hitmontop\n|-damage|p1a: Hitmontop|77/231\n|move|p1a: Hitmontop|Rapid Spin|p2a: Frosmoth\n|-damage|p2a: Frosmoth|0 fnt\n|-boost|p1a: Hitmontop|spe|1\n|faint|p2a: Frosmoth\n|\n|upkeep\n|inactive|FlordaFeraligatrs has 120 seconds left.\n|\n|t:|1782873629\n|switch|p2a: Manaphy|Manaphy, L78|284/284\n|turn|8\n|\n|t:|1782873632\n|move|p1a: Hitmontop|Close Combat|p2a: Manaphy\n|-damage|p2a: Manaphy|146/284\n|-unboost|p1a: Hitmontop|def|1\n|-unboost|p1a: Hitmontop|spd|1\n|move|p2a: Manaphy|Tail Glow|p2a: Manaphy\n|-boost|p2a: Manaphy|spa|3\n|\n|-heal|p2a: Manaphy|163/284|[from] item: Leftovers\n|upkeep\n|turn|9\n|\n|t:|1782873651\n|move|p1a: Hitmontop|Close Combat|p2a: Manaphy\n|-crit|p2a: Manaphy\n|-damage|p2a: Manaphy|0 fnt\n|-unboost|p1a: Hitmontop|def|1\n|-unboost|p1a: Hitmontop|spd|1\n|faint|p2a: Manaphy\n|\n|upkeep\n|\n|t:|1782873659\n|switch|p2a: Azelf|Azelf, L82|257/257\n|turn|10\n|\n|t:|1782873662\n|switch|p1a: Azumarill|Azumarill, L82, M|298/298\n|move|p2a: Azelf|Nasty Plot|p2a: Azelf\n|-boost|p2a: Azelf|spa|2\n|\n|upkeep\n|turn|11\n|\n|t:|1782873671\n|move|p2a: Azelf|Psyshock|p1a: Azumarill\n|-damage|p1a: Azumarill|8/298\n|-damage|p2a: Azelf|232/257|[from] item: Life Orb\n|move|p1a: Azumarill|Liquidation|p2a: Azelf\n|-damage|p2a: Azelf|31/257\n|\n|upkeep\n|turn|12\n|\n|t:|1782873680\n|move|p2a: Azelf|Dazzling Gleam|p1a: Azumarill\n|-damage|p1a: Azumarill|0 fnt\n|faint|p1a: Azumarill\n|-damage|p2a: Azelf|6/257|[from] item: Life Orb\n|\n|upkeep\n|\n|t:|1782873681\n|switch|p1a: Chi-Yu|Chi-Yu, L77|211/211\n|-ability|p1a: Chi-Yu|Beads of Ruin\n|turn|13\n|\n|t:|1782873688\n|move|p2a: Azelf|Dazzling Gleam|p1a: Chi-Yu\n|-damage|p1a: Chi-Yu|54/211\n|-damage|p2a: Azelf|0 fnt|[from] item: Life Orb\n|faint|p2a: Azelf\n|move|p1a: Chi-Yu|Dark Pulse|p2: Azelf|[notarget]\n|-fail|p1a: Chi-Yu\n|\n|upkeep\n|\n|t:|1782873699\n|switch|p2a: Milotic|Milotic, L83, F|293/293\n|turn|14\n|\n|t:|1782873703\n|switch|p1a: Manaphy|Manaphy, L78|113/284\n|move|p2a: Milotic|Scald|p1a: Manaphy\n|-resisted|p1a: Manaphy\n|-damage|p1a: Manaphy|72/284\n|\n|-heal|p1a: Manaphy|89/284|[from] item: Leftovers\n|upkeep\n|turn|15\n|\n|t:|1782873713\n|move|p1a: Manaphy|Tail Glow|p1a: Manaphy\n|-boost|p1a: Manaphy|spa|3\n|move|p2a: Milotic|Dragon Tail|p1a: Manaphy\n|-damage|p1a: Manaphy|59/284\n|drag|p1a: Hitmontop|Hitmontop, L88, M, tera:Steel|77/231\n|-ability|p1a: Hitmontop|Intimidate|boost\n|-unboost|p2a: Milotic|atk|1\n|-ability|p2a: Milotic|Competitive|boost\n|-boost|p2a: Milotic|spa|2\n|\n|upkeep\n|turn|16\n|\n|t:|1782873726\n|move|p2a: Milotic|Scald|p1a: Hitmontop\n|-damage|p1a: Hitmontop|0 fnt\n|faint|p1a: Hitmontop\n|\n|upkeep\n|\n|t:|1782873727\n|switch|p1a: Urshifu|Urshifu, L74, M|270/270\n|turn|17\n|\n|t:|1782873735\n|move|p1a: Urshifu|Close Combat|p2a: Milotic\n|-damage|p2a: Milotic|166/293\n|-unboost|p1a: Urshifu|def|1\n|-unboost|p1a: Urshifu|spd|1\n|move|p2a: Milotic|Scald|p1a: Urshifu\n|-damage|p1a: Urshifu|0 fnt\n|faint|p1a: Urshifu\n|\n|-heal|p2a: Milotic|184/293|[from] item: Leftovers\n|upkeep\n|\n|t:|1782873736\n|switch|p1a: Manaphy|Manaphy, L78|59/284\n|turn|18\n|\n|t:|1782873755\n|move|p1a: Manaphy|Energy Ball|p2a: Milotic\n|-supereffective|p2a: Milotic\n|-damage|p2a: Milotic|96/293\n|move|p2a: Milotic|Recover|p2a: Milotic\n|-heal|p2a: Milotic|243/293\n|\n|-heal|p1a: Manaphy|76/284|[from] item: Leftovers\n|-heal|p2a: Milotic|261/293|[from] item: Leftovers\n|upkeep\n|turn|19\n|\n|t:|1782873767\n|move|p1a: Manaphy|Energy Ball|p2a: Milotic\n|-supereffective|p2a: Milotic\n|-damage|p2a: Milotic|169/293\n|-unboost|p2a: Milotic|spd|1\n|-ability|p2a: Milotic|Competitive|boost\n|-boost|p2a: Milotic|spa|2\n|move|p2a: Milotic|Dragon Tail|p1a: Manaphy\n|-damage|p1a: Manaphy|56/284\n|drag|p1a: Chi-Yu|Chi-Yu, L77|54/211\n|-ability|p1a: Chi-Yu|Beads of Ruin\n|\n|-heal|p2a: Milotic|187/293|[from] item: Leftovers\n|upkeep\n|turn|20\n|\n|t:|1782873780\n|move|p1a: Chi-Yu|Dark Pulse|p2a: Milotic\n|-damage|p2a: Milotic|39/293\n|move|p2a: Milotic|Scald|p1a: Chi-Yu\n|-supereffective|p1a: Chi-Yu\n|-damage|p1a: Chi-Yu|0 fnt\n|faint|p1a: Chi-Yu\n|\n|-heal|p2a: Milotic|57/293|[from] item: Leftovers\n|upkeep\n|\n|t:|1782873782\n|switch|p1a: Manaphy|Manaphy, L78|56/284\n|turn|21\n|\n|t:|1782873800\n|switch|p2a: Porygon2|Porygon2, L81|270/270\n|-ability|p2a: Porygon2|Download|boost\n|-boost|p2a: Porygon2|spa|1\n|move|p1a: Manaphy|Energy Ball|p2a: Porygon2\n|-damage|p2a: Porygon2|234/270\n|\n|-heal|p1a: Manaphy|73/284|[from] item: Leftovers\n|upkeep\n|turn|22\n|\n|t:|1782873812\n|switch|p1a: Volcarona|Volcarona, L77, F|257/257\n|move|p2a: Porygon2|Discharge|p1a: Volcarona\n|-damage|p1a: Volcarona|182/257\n|-status|p1a: Volcarona|par\n|\n|upkeep\n|turn|23\n|\n|t:|1782873821\n|move|p2a: Porygon2|Tri Attack|p1a: Volcarona\n|-damage|p1a: Volcarona|59/257 par\n|move|p1a: Volcarona|Bug Buzz|p2a: Porygon2\n|-damage|p2a: Porygon2|135/270\n|\n|upkeep\n|turn|24\n|\n|t:|1782873827\n|move|p2a: Porygon2|Tri Attack|p1a: Volcarona\n|-damage|p1a: Volcarona|0 fnt\n|faint|p1a: Volcarona\n|\n|upkeep\n|\n|t:|1782873829\n|switch|p1a: Manaphy|Manaphy, L78|73/284\n|turn|25\n|\n|t:|1782873834\n|move|p1a: Manaphy|Surf|p2a: Porygon2\n|-damage|p2a: Porygon2|83/270\n|move|p2a: Porygon2|Discharge|p1a: Manaphy\n|-supereffective|p1a: Manaphy\n|-damage|p1a: Manaphy|0 fnt\n|faint|p1a: Manaphy\n|\n|win|FlordaFeraligatrs\n|raw|randbatsluvr's rating: 1142 &rarr; <strong>1121</strong><br />(-21 for losing)\n|raw|FlordaFeraligatrs's rating: 1198 &rarr; <strong>1219</strong><br />(+21 for winning)\n|l|\u2606randbatsluvr\n|player|p1|\n", "inputlog": ">version f8ac14003a5f27e1bdc8d8c59608a773c1cb96e5\n>start {\"formatid\":\"gen9randombattle\",\"seed\":\"sodium,d7467142d73431851e0e72f4742367fb\",\"rated\":\"Rated battle\"}\n>player p1 {\"name\":\"randbatsluvr\",\"avatar\":\"169\",\"rating\":1164,\"seed\":\"sodium,f9da2c491f42fd5a8ba0c1052ea4dd1a\"}\n>player p2 {\"name\":\"FlordaFeraligatrs\",\"avatar\":\"linebacker\",\"rating\":1198,\"seed\":\"sodium,faaba40e4c342744f62679f6082a67f3\"}\n>p1 move tailglow\n>p2 switch 6\n>p1 move icebeam\n>p2 move leafstorm\n>p2 switch 4\n>p1 move surf\n>p2 move quiverdance\n>p1 move surf\n>p2 move gigadrain\n>p1 switch 5\n>p2 move quiverdance\n>p1 move closecombat\n>p2 move gigadrain\n>p1 move rapidspin terastallize\n>p2 move icebeam\n>p2 switch 3\n>p1 move closecombat\n>p2 move tailglow\n>p1 move closecombat\n>p2 move hydropump\n>p2 switch 6\n>p1 switch 2\n>p2 move nastyplot\n>p1 move liquidation\n>p2 move psyshock\n>p1 move liquidation\n>p2 move dazzlinggleam\n>p1 switch 6\n>p1 move darkpulse\n>p2 move dazzlinggleam\n>p2 switch 5\n>p1 switch 5\n>p2 move scald\n>p1 move tailglow\n>p2 move dragontail\n>p1 move closecombat\n>p2 move scald\n>p1 switch 3\n>p1 move closecombat\n>p2 move scald\n>p1 switch 2\n>p1 move energyball\n>p2 move recover\n>p1 move energyball\n>p2 move dragontail\n>p1 move darkpulse\n>p2 move scald\n>p1 switch 5\n>p1 move energyball\n>p2 switch 2\n>p1 switch 4\n>p2 move discharge\n>p1 move bugbuzz\n>p2 move triattack\n>p1 move bugbuzz\n>p2 move triattack\n>p1 switch 4\n>p1 move surf\n>p2 move discharge", "uploadtime": 1782873842, "views": 15, "formatid": "gen9randombattle", "rating": 1121, "private": 0, "password": null, "player_dets": [{"name": "randbatsluvr", "avatar": "169", "rating": 1164, "seed": "sodium,f9da2c491f42fd5a8ba0c1052ea4dd1a"}, {"name": "FlordaFeraligatrs", "avatar": "linebacker", "rating": 1198, "seed": "sodium,faaba40e4c342744f62679f6082a67f3"}], "teams_full": [{"Manaphy": {"name": "Manaphy", "species": "Manaphy", "speciesId": "manaphy", "gender": "N", "shiny": false, "level": 78, "moves": ["icebeam", "tailglow", "energyball", "surf"], "ability": "Hydration", "evs": {"hp": 85, "atk": 0, "def": 85, "spa": 85, "spd": 85, "spe": 85}, "ivs": {"hp": 31, "atk": 0, "def": 31, "spa": 31, "spd": 31, "spe": 31}, "item": "Leftovers", "teraType": "Grass", "role": "Bulky Setup", "bvs": {"hp": 100, "atk": 100, "def": 100, "spa": 100, "spd": 100, "spe": 100}, "stats": {"hp": 284, "atk": 161, "def": 201, "spa": 201, "spd": 201, "spe": 201}, "types": ["Water"]}, "Azumarill": {"name": "Azumarill", "species": "Azumarill", "speciesId": "azumarill", "gender": "M", "shiny": false, "level": 82, "moves": ["playrough", "aquajet", "liquidation", "icespinner"], "ability": "Huge Power", "evs": {"hp": 85, "atk": 85, "def": 85, "spa": 85, "spd": 85, "spe": 85}, "ivs": {"hp": 31, "atk": 31, "def": 31, "spa": 31, "spd": 31, "spe": 31}, "item": "Choice Band", "teraType": "Water", "role": "Bulky Attacker", "bvs": {"hp": 100, "atk": 50, "def": 80, "spa": 60, "spd": 80, "spe": 50}, "stats": {"hp": 298, "atk": 129, "def": 178, "spa": 146, "spd": 178, "spe": 129}, "types": ["Water", "Fairy"]}, "Urshifu": {"name": "Urshifu", "species": "Urshifu", "speciesId": "urshifu", "gender": "M", "shiny": false, "level": 74, "moves": ["closecombat", "uturn", "poisonjab", "wickedblow"], "ability": "Unseen Fist", "evs": {"hp": 85, "atk": 85, "def": 85, "spa": 85, "spd": 85, "spe": 85}, "ivs": {"hp": 31, "atk": 31, "def": 31, "spa": 31, "spd": 31, "spe": 31}, "item": "Choice Scarf", "teraType": "Dark", "role": "Fast Attacker", "bvs": {"hp": 100, "atk": 130, "def": 100, "spa": 63, "spd": 60, "spe": 97}, "stats": {"hp": 270, "atk": 235, "def": 191, "spa": 136, "spd": 132, "spe": 187}, "types": ["Fighting", "Dark"]}, "Volcarona": {"name": "Volcarona", "species": "Volcarona", "speciesId": "volcarona", "gender": "F", "shiny": false, "level": 77, "moves": ["bugbuzz", "quiverdance", "fireblast", "terablast"], "ability": "Swarm", "evs": {"hp": 85, "atk": 0, "def": 85, "spa": 85, "spd": 85, "spe": 85}, "ivs": {"hp": 31, "atk": 0, "def": 31, "spa": 31, "spd": 31, "spe": 31}, "item": "Heavy-Duty Boots", "teraType": "Ground", "role": "Tera Blast user", "bvs": {"hp": 85, "atk": 60, "def": 65, "spa": 135, "spd": 105, "spe": 100}, "stats": {"hp": 257, "atk": 97, "def": 145, "spa": 252, "spd": 206, "spe": 199}, "types": ["Bug", "Fire"]}, "Hitmontop": {"name": "Hitmontop", "species": "Hitmontop", "speciesId": "hitmontop", "gender": "M", "shiny": false, "level": 88, "moves": ["stoneedge", "earthquake", "rapidspin", "closecombat"], "ability": "Intimidate", "evs": {"hp": 85, "atk": 85, "def": 85, "spa": 85, "spd": 85, "spe": 85}, "ivs": {"hp": 31, "atk": 31, "def": 31, "spa": 31, "spd": 31, "spe": 31}, "item": "Assault Vest", "teraType": "Steel", "role": "Bulky Support", "bvs": {"hp": 50, "atk": 95, "def": 95, "spa": 35, "spd": 110, "spe": 70}, "stats": {"hp": 231, "atk": 217, "def": 217, "spa": 112, "spd": 244, "spe": 173}, "types": ["Fighting"]}, "Chi-Yu": {"name": "Chi-Yu", "species": "Chi-Yu", "speciesId": "chiyu", "gender": "N", "shiny": false, "level": 77, "moves": ["fireblast", "nastyplot", "darkpulse", "willowisp"], "ability": "Beads of Ruin", "evs": {"hp": 85, "atk": 0, "def": 85, "spa": 85, "spd": 85, "spe": 85}, "ivs": {"hp": 31, "atk": 0, "def": 31, "spa": 31, "spd": 31, "spe": 31}, "item": "Heavy-Duty Boots", "teraType": "Dark", "role": "Setup Sweeper", "bvs": {"hp": 55, "atk": 80, "def": 80, "spa": 135, "spd": 120, "spe": 100}, "stats": {"hp": 211, "atk": 128, "def": 168, "spa": 252, "spd": 229, "spe": 199}, "types": ["Dark", "Fire"]}}, {"Azelf": {"name": "Azelf", "species": "Azelf", "speciesId": "azelf", "gender": "N", "shiny": false, "level": 82, "moves": ["nastyplot", "fireblast", "psyshock", "dazzlinggleam"], "ability": "Levitate", "evs": {"hp": 85, "atk": 0, "def": 85, "spa": 85, "spd": 85, "spe": 85}, "ivs": {"hp": 31, "atk": 0, "def": 31, "spa": 31, "spd": 31, "spe": 31}, "item": "Life Orb", "teraType": "Fire", "role": "Fast Attacker", "bvs": {"hp": 75, "atk": 125, "def": 70, "spa": 125, "spd": 70, "spe": 115}, "stats": {"hp": 257, "atk": 210, "def": 162, "spa": 252, "spd": 162, "spe": 236}, "types": ["Psychic"]}, "Porygon2": {"name": "Porygon2", "species": "Porygon2", "speciesId": "porygon2", "gender": "N", "shiny": false, "level": 81, "moves": ["recover", "icebeam", "discharge", "triattack"], "ability": "Download", "evs": {"hp": 85, "atk": 0, "def": 85, "spa": 85, "spd": 85, "spe": 85}, "ivs": {"hp": 31, "atk": 0, "def": 31, "spa": 31, "spd": 31, "spe": 31}, "item": "Eviolite", "teraType": "Ghost", "role": "Bulky Support", "bvs": {"hp": 85, "atk": 80, "def": 90, "spa": 105, "spd": 95, "spe": 60}, "stats": {"hp": 270, "atk": 134, "def": 192, "spa": 217, "spd": 201, "spe": 144}, "types": ["Normal"]}, "Manaphy": {"name": "Manaphy", "species": "Manaphy", "speciesId": "manaphy", "gender": "N", "shiny": false, "level": 78, "moves": ["icebeam", "hydropump", "energyball", "tailglow"], "ability": "Hydration", "evs": {"hp": 85, "atk": 0, "def": 85, "spa": 85, "spd": 85, "spe": 85}, "ivs": {"hp": 31, "atk": 0, "def": 31, "spa": 31, "spd": 31, "spe": 31}, "item": "Leftovers", "teraType": "Water", "role": "Bulky Setup", "bvs": {"hp": 100, "atk": 100, "def": 100, "spa": 100, "spd": 100, "spe": 100}, "stats": {"hp": 284, "atk": 161, "def": 201, "spa": 201, "spd": 201, "spe": 201}, "types": ["Water"]}, "Frosmoth": {"name": "Frosmoth", "species": "Frosmoth", "speciesId": "frosmoth", "gender": "F", "shiny": false, "level": 82, "moves": ["icebeam", "bugbuzz", "gigadrain", "quiverdance"], "ability": "Ice Scales", "evs": {"hp": 85, "atk": 0, "def": 85, "spa": 85, "spd": 85, "spe": 85}, "ivs": {"hp": 31, "atk": 0, "def": 31, "spa": 31, "spd": 31, "spe": 31}, "item": "Heavy-Duty Boots", "teraType": "Water", "role": "Setup Sweeper", "bvs": {"hp": 70, "atk": 65, "def": 60, "spa": 125, "spd": 90, "spe": 65}, "stats": {"hp": 249, "atk": 111, "def": 146, "spa": 252, "spd": 195, "spe": 154}, "types": ["Ice", "Bug"]}, "Milotic": {"name": "Milotic", "species": "Milotic", "speciesId": "milotic", "gender": "F", "shiny": false, "level": 83, "moves": ["dragontail", "scald", "recover", "icebeam"], "ability": "Competitive", "evs": {"hp": 85, "atk": 85, "def": 85, "spa": 85, "spd": 85, "spe": 85}, "ivs": {"hp": 31, "atk": 31, "def": 31, "spa": 31, "spd": 31, "spe": 31}, "item": "Leftovers", "teraType": "Dragon", "role": "Bulky Attacker", "bvs": {"hp": 95, "atk": 60, "def": 79, "spa": 100, "spd": 125, "spe": 81}, "stats": {"hp": 293, "atk": 147, "def": 179, "spa": 214, "spd": 255, "spe": 182}, "types": ["Water"]}, "Hydrapple": {"name": "Hydrapple", "species": "Hydrapple", "speciesId": "hydrapple", "gender": "F", "shiny": false, "level": 83, "moves": ["earthpower", "dracometeor", "ficklebeam", "leafstorm"], "ability": "Regenerator", "evs": {"hp": 85, "atk": 0, "def": 85, "spa": 85, "spd": 85, "spe": 85}, "ivs": {"hp": 31, "atk": 0, "def": 31, "spa": 31, "spd": 31, "spe": 31}, "item": "Choice Specs", "teraType": "Dragon", "role": "Wallbreaker", "bvs": {"hp": 106, "atk": 80, "def": 110, "spa": 120, "spd": 80, "spe": 44}, "stats": {"hp": 312, "atk": 137, "def": 230, "spa": 247, "spd": 180, "spe": 121}, "types": ["Grass", "Dragon"]}}]}