{"id": "gen9randombattle-2642230063", "format": "[Gen 9] Random Battle", "players": ["Ladder Newb", "Guillermo99999"], "log": "|j|\u2606Ladder Newb\n|j|\u2606Guillermo99999\n|t:|1782914109\n|gametype|singles\n|player|p1|Ladder Newb|cynthia-masters3|1371\n|player|p2|Guillermo99999|unknown|1312\n|gen|9\n|tier|[Gen 9] Random Battle\n|rated|\n|rule|Species Clause: Limit one of each Pok\u00e9mon\n|rule|HP Percentage Mod: HP is shown in percentages\n|rule|Sleep Clause Mod: Limit one foe put to sleep\n|rule|Illusion Level Mod: Illusion disguises the Pok\u00e9mon's true level\n|\n|t:|1782914109\n|teamsize|p1|6\n|teamsize|p2|6\n|start\n|switch|p1a: Salazzle|Salazzle, L83, F|249/249\n|switch|p2a: Suicune|Suicune, L82|298/298\n|-ability|p2a: Suicune|Pressure\n|turn|1\n|inactive|Battle timer is ON: inactive players will automatically lose when time's up. (requested by Guillermo99999)\n|\n|t:|1782914149\n|move|p1a: Salazzle|Toxic|p2a: Suicune\n|-status|p2a: Suicune|tox\n|move|p2a: Suicune|Calm Mind|p2a: Suicune\n|-boost|p2a: Suicune|spa|1\n|-boost|p2a: Suicune|spd|1\n|\n|-damage|p2a: Suicune|280/298 tox|[from] psn\n|upkeep\n|turn|2\n|\n|t:|1782914152\n|move|p1a: Salazzle|Substitute|p1a: Salazzle\n|-start|p1a: Salazzle|Substitute\n|-damage|p1a: Salazzle|187/249\n|move|p2a: Suicune|Scald|p1a: Salazzle\n|-supereffective|p1a: Salazzle\n|-end|p1a: Salazzle|Substitute\n|\n|-heal|p1a: Salazzle|202/249|[from] item: Leftovers\n|-heal|p2a: Suicune|298/298 tox|[from] item: Leftovers\n|-damage|p2a: Suicune|262/298 tox|[from] psn\n|upkeep\n|turn|3\n|\n|t:|1782914158\n|move|p1a: Salazzle|Substitute|p1a: Salazzle\n|-start|p1a: Salazzle|Substitute\n|-damage|p1a: Salazzle|140/249\n|move|p2a: Suicune|Scald|p1a: Salazzle\n|-supereffective|p1a: Salazzle\n|-end|p1a: Salazzle|Substitute\n|\n|-heal|p1a: Salazzle|155/249|[from] item: Leftovers\n|-heal|p2a: Suicune|280/298 tox|[from] item: Leftovers\n|-damage|p2a: Suicune|226/298 tox|[from] psn\n|upkeep\n|turn|4\n|\n|t:|1782914161\n|move|p1a: Salazzle|Protect|p1a: Salazzle\n|-singleturn|p1a: Salazzle|Protect\n|move|p2a: Suicune|Scald|p1a: Salazzle\n|-activate|p1a: Salazzle|move: Protect\n|\n|-heal|p1a: Salazzle|170/249|[from] item: Leftovers\n|-heal|p2a: Suicune|244/298 tox|[from] item: Leftovers\n|-damage|p2a: Suicune|172/298 tox|[from] psn\n|upkeep\n|turn|5\n|\n|t:|1782914165\n|move|p1a: Salazzle|Substitute|p1a: Salazzle\n|-start|p1a: Salazzle|Substitute\n|-damage|p1a: Salazzle|108/249\n|move|p2a: Suicune|Scald|p1a: Salazzle\n|-supereffective|p1a: Salazzle\n|-end|p1a: Salazzle|Substitute\n|\n|-heal|p1a: Salazzle|123/249|[from] item: Leftovers\n|-heal|p2a: Suicune|190/298 tox|[from] item: Leftovers\n|-damage|p2a: Suicune|100/298 tox|[from] psn\n|upkeep\n|turn|6\n|\n|t:|1782914167\n|move|p1a: Salazzle|Protect|p1a: Salazzle\n|-singleturn|p1a: Salazzle|Protect\n|move|p2a: Suicune|Scald|p1a: Salazzle\n|-activate|p1a: Salazzle|move: Protect\n|\n|-heal|p1a: Salazzle|138/249|[from] item: Leftovers\n|-heal|p2a: Suicune|118/298 tox|[from] item: Leftovers\n|-damage|p2a: Suicune|10/298 tox|[from] psn\n|upkeep\n|turn|7\n|\n|t:|1782914173\n|move|p1a: Salazzle|Substitute|p1a: Salazzle\n|-start|p1a: Salazzle|Substitute\n|-damage|p1a: Salazzle|76/249\n|move|p2a: Suicune|Substitute|p2a: Suicune\n|-fail|p2a: Suicune|move: Substitute|[weak]\n|\n|-heal|p1a: Salazzle|91/249|[from] item: Leftovers\n|-heal|p2a: Suicune|28/298 tox|[from] item: Leftovers\n|-damage|p2a: Suicune|0 fnt|[from] psn\n|faint|p2a: Suicune\n|upkeep\n|\n|t:|1782914179\n|switch|p2a: Cresselia|Cresselia, L80, F|323/323\n|turn|8\n|\n|t:|1782914188\n|move|p1a: Salazzle|Toxic|p2a: Cresselia\n|-status|p2a: Cresselia|tox\n|move|p2a: Cresselia|Psyshock|p1a: Salazzle\n|-supereffective|p1a: Salazzle\n|-end|p1a: Salazzle|Substitute\n|\n|-heal|p1a: Salazzle|106/249|[from] item: Leftovers\n|-damage|p2a: Cresselia|303/323 tox|[from] psn\n|upkeep\n|turn|9\n|\n|t:|1782914199\n|move|p1a: Salazzle|Protect|p1a: Salazzle\n|-singleturn|p1a: Salazzle|Protect\n|move|p2a: Cresselia|Psyshock|p1a: Salazzle\n|-activate|p1a: Salazzle|move: Protect\n|\n|-heal|p1a: Salazzle|121/249|[from] item: Leftovers\n|-heal|p2a: Cresselia|323/323 tox|[from] item: Leftovers\n|-damage|p2a: Cresselia|283/323 tox|[from] psn\n|upkeep\n|turn|10\n|\n|t:|1782914204\n|move|p1a: Salazzle|Substitute|p1a: Salazzle\n|-start|p1a: Salazzle|Substitute\n|-damage|p1a: Salazzle|59/249\n|move|p2a: Cresselia|Psyshock|p1a: Salazzle\n|-supereffective|p1a: Salazzle\n|-end|p1a: Salazzle|Substitute\n|\n|-heal|p1a: Salazzle|74/249|[from] item: Leftovers\n|-heal|p2a: Cresselia|303/323 tox|[from] item: Leftovers\n|-damage|p2a: Cresselia|243/323 tox|[from] psn\n|upkeep\n|turn|11\n|\n|t:|1782914208\n|move|p1a: Salazzle|Protect|p1a: Salazzle\n|-singleturn|p1a: Salazzle|Protect\n|move|p2a: Cresselia|Moonlight|p2a: Cresselia\n|-heal|p2a: Cresselia|323/323 tox\n|\n|-heal|p1a: Salazzle|89/249|[from] item: Leftovers\n|-damage|p2a: Cresselia|243/323 tox|[from] psn\n|upkeep\n|turn|12\n|\n|t:|1782914215\n|move|p1a: Salazzle|Substitute|p1a: Salazzle\n|-start|p1a: Salazzle|Substitute\n|-damage|p1a: Salazzle|27/249\n|move|p2a: Cresselia|Psyshock|p1a: Salazzle\n|-supereffective|p1a: Salazzle\n|-end|p1a: Salazzle|Substitute\n|\n|-heal|p1a: Salazzle|42/249|[from] item: Leftovers\n|-heal|p2a: Cresselia|263/323 tox|[from] item: Leftovers\n|-damage|p2a: Cresselia|163/323 tox|[from] psn\n|upkeep\n|turn|13\n|\n|t:|1782914218\n|move|p1a: Salazzle|Protect|p1a: Salazzle\n|-singleturn|p1a: Salazzle|Protect\n|move|p2a: Cresselia|Psyshock|p1a: Salazzle\n|-activate|p1a: Salazzle|move: Protect\n|\n|-heal|p1a: Salazzle|57/249|[from] item: Leftovers\n|-heal|p2a: Cresselia|183/323 tox|[from] item: Leftovers\n|-damage|p2a: Cresselia|63/323 tox|[from] psn\n|upkeep\n|turn|14\n|\n|t:|1782914222\n|move|p1a: Salazzle|Flamethrower|p2a: Cresselia\n|-damage|p2a: Cresselia|0 fnt\n|faint|p2a: Cresselia\n|\n|-heal|p1a: Salazzle|72/249|[from] item: Leftovers\n|upkeep\n|c|\u2606Guillermo99999|hope you die soon\n|-message|Guillermo99999 forfeited.\n|\n|win|Ladder Newb\n", "inputlog": ">version f8ac14003a5f27e1bdc8d8c59608a773c1cb96e5\n>start {\"formatid\":\"gen9randombattle\",\"seed\":\"sodium,e4475c1b87d7f75950286c9ea58fd920\",\"rated\":\"Rated battle\"}\n>player p1 {\"name\":\"Ladder Newb\",\"avatar\":\"cynthia-masters3\",\"rating\":1371,\"seed\":\"sodium,f058c4036c489dfd8f36588a78da9340\"}\n>player p2 {\"name\":\"Guillermo99999\",\"avatar\":\"unknown\",\"rating\":1312,\"seed\":\"sodium,667849ffa58fabc20a2d445cac8c14e4\"}\n>p1 move toxic\n>p2 move calmmind\n>p1 move substitute\n>p2 move scald\n>p1 move substitute\n>p2 move scald\n>p1 move protect\n>p2 move scald\n>p1 move substitute\n>p2 move scald\n>p1 move protect\n>p2 move scald\n>p1 move substitute\n>p2 move substitute\n>p2 switch 2\n>p1 move toxic\n>p2 move psyshock\n>p1 move protect\n>p2 move psyshock\n>p1 move substitute\n>p2 move psyshock\n>p1 move protect\n>p2 move moonlight\n>p1 move substitute\n>p2 move psyshock\n>p1 move protect\n>p2 move psyshock\n>p1 move flamethrower\n>p2 move psyshock\n>chat \u2606Guillermo99999|hope you die soon\n>forcelose p2", "uploadtime": 1782914229, "views": 5, "formatid": "gen9randombattle", "rating": null, "private": 0, "password": null, "player_dets": [{"name": "Ladder Newb", "avatar": "cynthia-masters3", "rating": 1371, "seed": "sodium,f058c4036c489dfd8f36588a78da9340"}, {"name": "Guillermo99999", "avatar": "unknown", "rating": 1312, "seed": "sodium,667849ffa58fabc20a2d445cac8c14e4"}], "teams_full": [{"Salazzle": {"name": "Salazzle", "species": "Salazzle", "speciesId": "salazzle", "gender": "F", "shiny": false, "level": 83, "moves": ["flamethrower", "substitute", "toxic", "protect"], "ability": "Corrosion", "evs": {"hp": 85, "atk": 0, "def": 85, "spa": 85, "spd": 85, "spe": 85}, "ivs": {"hp": 31, "atk": 0, "def": 31, "spa": 31, "spd": 31, "spe": 31}, "item": "Leftovers", "teraType": "Grass", "role": "Fast Support", "bvs": {"hp": 68, "atk": 64, "def": 60, "spa": 111, "spd": 60, "spe": 117}, "stats": {"hp": 249, "atk": 111, "def": 147, "spa": 232, "spd": 147, "spe": 242}, "types": ["Poison", "Fire"]}, "Ursaring": {"name": "Ursaring", "species": "Ursaring", "speciesId": "ursaring", "gender": "M", "shiny": false, "level": 84, "moves": ["earthquake", "rest", "bodyslam", "sleeptalk"], "ability": "Guts", "evs": {"hp": 85, "atk": 85, "def": 85, "spa": 85, "spd": 85, "spe": 85}, "ivs": {"hp": 31, "atk": 31, "def": 31, "spa": 31, "spd": 31, "spe": 31}, "item": "Eviolite", "teraType": "Ground", "role": "Bulky Attacker", "bvs": {"hp": 90, "atk": 130, "def": 75, "spa": 75, "spd": 75, "spe": 55}, "stats": {"hp": 288, "atk": 267, "def": 174, "spa": 174, "spd": 174, "spe": 141}, "types": ["Normal"]}, "Cloyster": {"name": "Cloyster", "species": "Cloyster", "speciesId": "cloyster", "gender": "M", "shiny": false, "level": 80, "moves": ["rockblast", "drillrun", "shellsmash", "iciclespear"], "ability": "Skill Link", "evs": {"hp": 85, "atk": 85, "def": 85, "spa": 85, "spd": 85, "spe": 85}, "ivs": {"hp": 31, "atk": 31, "def": 31, "spa": 31, "spd": 31, "spe": 31}, "item": "White Herb", "teraType": "Ground", "role": "Fast Attacker", "bvs": {"hp": 50, "atk": 95, "def": 180, "spa": 85, "spd": 45, "spe": 70}, "stats": {"hp": 211, "atk": 198, "def": 334, "spa": 182, "spd": 118, "spe": 158}, "types": ["Water", "Ice"]}, "Zangoose": {"name": "Zangoose", "species": "Zangoose", "speciesId": "zangoose", "gender": "F", "shiny": false, "level": 85, "moves": ["closecombat", "facade", "quickattack", "knockoff"], "ability": "Toxic Boost", "evs": {"hp": 85, "atk": 85, "def": 85, "spa": 85, "spd": 85, "spe": 85}, "ivs": {"hp": 31, "atk": 31, "def": 31, "spa": 31, "spd": 31, "spe": 31}, "item": "Toxic Orb", "teraType": "Normal", "role": "Fast Attacker", "bvs": {"hp": 73, "atk": 115, "def": 60, "spa": 60, "spd": 60, "spe": 90}, "stats": {"hp": 263, "atk": 244, "def": 151, "spa": 151, "spd": 151, "spe": 202}, "types": ["Normal"]}, "Honchkrow": {"name": "Honchkrow", "species": "Honchkrow", "speciesId": "honchkrow", "gender": "M", "shiny": false, "level": 86, "moves": ["uturn", "bravebird", "heatwave", "suckerpunch"], "ability": "Moxie", "evs": {"hp": 85, "atk": 85, "def": 85, "spa": 85, "spd": 85, "spe": 85}, "ivs": {"hp": 31, "atk": 31, "def": 31, "spa": 31, "spd": 31, "spe": 31}, "item": "Heavy-Duty Boots", "teraType": "Dark", "role": "Fast Attacker", "bvs": {"hp": 100, "atk": 125, "def": 52, "spa": 105, "spd": 52, "spe": 71}, "stats": {"hp": 312, "atk": 264, "def": 139, "spa": 230, "spd": 139, "spe": 171}, "types": ["Dark", "Flying"]}, "Lumineon": {"name": "Lumineon", "species": "Lumineon", "speciesId": "lumineon", "gender": "F", "shiny": false, "level": 93, "moves": ["alluringvoice", "icebeam", "hydropump", "encore"], "ability": "Storm Drain", "evs": {"hp": 85, "atk": 0, "def": 85, "spa": 85, "spd": 85, "spe": 85}, "ivs": {"hp": 31, "atk": 0, "def": 31, "spa": 31, "spd": 31, "spe": 31}, "item": "Life Orb", "teraType": "Fairy", "role": "Fast Attacker", "bvs": {"hp": 69, "atk": 69, "def": 76, "spa": 69, "spd": 86, "spe": 91}, "stats": {"hp": 279, "atk": 133, "def": 194, "spa": 181, "spd": 213, "spe": 222}, "types": ["Water"]}}, {"Suicune": {"name": "Suicune", "species": "Suicune", "speciesId": "suicune", "gender": "N", "shiny": false, "level": 82, "moves": ["calmmind", "scald", "icebeam", "substitute"], "ability": "Pressure", "evs": {"hp": 85, "atk": 0, "def": 85, "spa": 85, "spd": 85, "spe": 85}, "ivs": {"hp": 31, "atk": 0, "def": 31, "spa": 31, "spd": 31, "spe": 31}, "item": "Leftovers", "teraType": "Steel", "role": "Bulky Setup", "bvs": {"hp": 100, "atk": 75, "def": 115, "spa": 90, "spd": 115, "spe": 85}, "stats": {"hp": 298, "atk": 127, "def": 236, "spa": 195, "spd": 236, "spe": 187}, "types": ["Water"]}, "Cresselia": {"name": "Cresselia", "species": "Cresselia", "speciesId": "cresselia", "gender": "F", "shiny": false, "level": 80, "moves": ["calmmind", "moonlight", "psyshock", "thunderbolt"], "ability": "Levitate", "evs": {"hp": 85, "atk": 0, "def": 85, "spa": 85, "spd": 85, "spe": 85}, "ivs": {"hp": 31, "atk": 0, "def": 31, "spa": 31, "spd": 31, "spe": 31}, "item": "Leftovers", "teraType": "Electric", "role": "Bulky Setup", "bvs": {"hp": 120, "atk": 70, "def": 110, "spa": 75, "spd": 120, "spe": 85}, "stats": {"hp": 323, "atk": 117, "def": 222, "spa": 166, "spd": 238, "spe": 182}, "types": ["Psychic"]}, "Appletun": {"name": "Appletun", "species": "Appletun", "speciesId": "appletun", "gender": "F", "shiny": false, "level": 92, "moves": ["dragontail", "dracometeor", "appleacid", "recover"], "ability": "Thick Fat", "evs": {"hp": 85, "atk": 85, "def": 85, "spa": 85, "spd": 85, "spe": 85}, "ivs": {"hp": 31, "atk": 31, "def": 31, "spa": 31, "spd": 31, "spe": 31}, "item": "Leftovers", "teraType": "Steel", "role": "Bulky Attacker", "bvs": {"hp": 110, "atk": 85, "def": 80, "spa": 100, "spd": 80, "spe": 30}, "stats": {"hp": 352, "atk": 209, "def": 200, "spa": 236, "spd": 200, "spe": 108}, "types": ["Grass", "Dragon"]}, "Zamazenta": {"name": "Zamazenta", "species": "Zamazenta", "speciesId": "zamazenta", "gender": "N", "shiny": false, "level": 71, "moves": ["ironhead", "bodypress", "crunch", "irondefense"], "ability": "Dauntless Shield", "evs": {"hp": 85, "atk": 85, "def": 85, "spa": 85, "spd": 85, "spe": 85}, "ivs": {"hp": 31, "atk": 31, "def": 31, "spa": 31, "spd": 31, "spe": 31}, "item": "Leftovers", "teraType": "Steel", "role": "Bulky Setup", "bvs": {"hp": 92, "atk": 120, "def": 115, "spa": 80, "spd": 115, "spe": 138}, "stats": {"hp": 248, "atk": 212, "def": 205, "spa": 155, "spd": 205, "spe": 237}, "types": ["Fighting"]}, "Furret": {"name": "Furret", "species": "Furret", "speciesId": "furret", "gender": "M", "shiny": false, "level": 94, "moves": ["brickbreak", "tidyup", "doubleedge", "knockoff"], "ability": "Frisk", "evs": {"hp": 85, "atk": 85, "def": 85, "spa": 85, "spd": 85, "spe": 85}, "ivs": {"hp": 31, "atk": 31, "def": 31, "spa": 31, "spd": 31, "spe": 31}, "item": "Life Orb", "teraType": "Ghost", "role": "Setup Sweeper", "bvs": {"hp": 85, "atk": 76, "def": 64, "spa": 45, "spd": 55, "spe": 90}, "stats": {"hp": 312, "atk": 196, "def": 174, "spa": 138, "spd": 157, "spe": 223}, "types": ["Normal"]}, "Manaphy": {"name": "Manaphy", "species": "Manaphy", "speciesId": "manaphy", "gender": "N", "shiny": false, "level": 78, "moves": ["hydropump", "icebeam", "energyball", "tailglow"], "ability": "Hydration", "evs": {"hp": 85, "atk": 0, "def": 85, "spa": 85, "spd": 85, "spe": 85}, "ivs": {"hp": 31, "atk": 0, "def": 31, "spa": 31, "spd": 31, "spe": 31}, "item": "Leftovers", "teraType": "Grass", "role": "Bulky Setup", "bvs": {"hp": 100, "atk": 100, "def": 100, "spa": 100, "spd": 100, "spe": 100}, "stats": {"hp": 284, "atk": 161, "def": 201, "spa": 201, "spd": 201, "spe": 201}, "types": ["Water"]}}]}