{"id": "gen9randombattle-2642108801", "format": "[Gen 9] Random Battle", "players": ["jnpr010334", "Elydes"], "log": "|j|\u2606jnpr010334\n|j|\u203dElydes\n|t:|1782891808\n|gametype|singles\n|player|p1|jnpr010334|265|1801\n|player|p2|Elydes|n|1857\n|gen|9\n|tier|[Gen 9] Random Battle\n|rated|\n|rule|Species Clause: Limit one of each Pok\u00e9mon\n|rule|HP Percentage Mod: HP is shown in percentages\n|rule|Sleep Clause Mod: Limit one foe put to sleep\n|rule|Illusion Level Mod: Illusion disguises the Pok\u00e9mon's true level\n|\n|t:|1782891809\n|teamsize|p1|6\n|teamsize|p2|6\n|start\n|switch|p1a: Braviary|Braviary-Hisui, L85, M|326/326\n|switch|p2a: Maushold|Maushold, L76|238/238\n|turn|1\n|inactive|Battle timer is ON: inactive players will automatically lose when time's up. (requested by jnpr010334)\n|l|\u203dElydes\n|inactive|Elydes disconnected and has a minute to reconnect!\n|player|p2|\n|j|\u2606Elydes\n|inactive|Elydes reconnected and has 125 seconds left.\n|player|p2|Elydes|n|\n|inactive|Elydes has 120 seconds left.\n|inactive|Elydes has 90 seconds left.\n|\n|t:|1782891883\n|-terastallize|p2a: Maushold|Normal\n|move|p2a: Maushold|Population Bomb|p1a: Braviary\n|-damage|p1a: Braviary|290/326\n|-damage|p1a: Braviary|254/326\n|-damage|p1a: Braviary|216/326\n|-damage|p1a: Braviary|178/326\n|-damage|p1a: Braviary|140/326\n|-damage|p1a: Braviary|104/326\n|-damage|p1a: Braviary|66/326\n|-damage|p1a: Braviary|28/326\n|-damage|p1a: Braviary|0 fnt\n|faint|p1a: Braviary\n|-hitcount|p1: Braviary|9\n|\n|upkeep\n|\n|t:|1782891885\n|switch|p1a: Stonjourner|Stonjourner, L91, F|330/330\n|turn|2\n|inactive|Elydes has 120 seconds left.\n|\n|t:|1782891932\n|switch|p2a: Arbok|Arbok, L87, M|246/246\n|-ability|p2a: Arbok|Intimidate|boost\n|-unboost|p1a: Stonjourner|atk|1\n|move|p1a: Stonjourner|Stealth Rock|p2a: Arbok\n|-sidestart|p2: Elydes|move: Stealth Rock\n|\n|upkeep\n|turn|3\n|\n|t:|1782891950\n|move|p2a: Arbok|Coil|p2a: Arbok\n|-boost|p2a: Arbok|atk|1\n|-boost|p2a: Arbok|def|1\n|-boost|p2a: Arbok|accuracy|1\n|move|p1a: Stonjourner|Earthquake|p2a: Arbok\n|-supereffective|p2a: Arbok\n|-damage|p2a: Arbok|108/246\n|-damage|p1a: Stonjourner|297/330|[from] item: Life Orb\n|\n|-heal|p2a: Arbok|123/246|[from] item: Leftovers\n|upkeep\n|turn|4\n|inactive|Elydes has 90 seconds left.\n|\n|t:|1782891972\n|move|p2a: Arbok|Coil|p2a: Arbok\n|-boost|p2a: Arbok|atk|1\n|-boost|p2a: Arbok|def|1\n|-boost|p2a: Arbok|accuracy|1\n|move|p1a: Stonjourner|Earthquake|p2a: Arbok\n|-supereffective|p2a: Arbok\n|-damage|p2a: Arbok|14/246\n|-damage|p1a: Stonjourner|264/330|[from] item: Life Orb\n|\n|-heal|p2a: Arbok|29/246|[from] item: Leftovers\n|upkeep\n|turn|5\n|\n|t:|1782891975\n|move|p2a: Arbok|Earthquake|p1a: Stonjourner\n|-supereffective|p1a: Stonjourner\n|-damage|p1a: Stonjourner|60/330\n|move|p1a: Stonjourner|Earthquake|p2a: Arbok\n|-supereffective|p2a: Arbok\n|-damage|p2a: Arbok|0 fnt\n|faint|p2a: Arbok\n|-damage|p1a: Stonjourner|27/330|[from] item: Life Orb\n|\n|upkeep\n|inactive|Elydes has 90 seconds left.\n|\n|t:|1782891992\n|switch|p2a: Palafin|Palafin, L77, F|281/281\n|-damage|p2a: Palafin|246/281|[from] Stealth Rock\n|turn|6\n|\n|t:|1782891997\n|move|p2a: Palafin|Jet Punch|p1a: Stonjourner\n|-supereffective|p1a: Stonjourner\n|-damage|p1a: Stonjourner|0 fnt\n|faint|p1a: Stonjourner\n|\n|-heal|p2a: Palafin|263/281|[from] item: Leftovers\n|upkeep\n|\n|t:|1782891999\n|switch|p1a: Porygon-Z|Porygon-Z, L83|277/277\n|turn|7\n|inactive|Elydes has 90 seconds left.\n|\n|t:|1782892019\n|detailschange|p2a: Palafin|Palafin-Hero, L77, F\n|switch|p2a: Perrserker|Perrserker, L89, M|269/269\n|-damage|p2a: Perrserker|253/269|[from] Stealth Rock\n|move|p1a: Porygon-Z|Tera Blast|p2a: Perrserker\n|-resisted|p2a: Perrserker\n|-crit|p2a: Perrserker\n|-damage|p2a: Perrserker|62/269\n|-damage|p1a: Porygon-Z|250/277|[from] item: Life Orb\n|\n|upkeep\n|turn|8\n|inactive|Elydes has 90 seconds left.\n|\n|t:|1782892031\n|move|p1a: Porygon-Z|Tera Blast|p2a: Perrserker\n|-resisted|p2a: Perrserker\n|-damage|p2a: Perrserker|0 fnt\n|faint|p2a: Perrserker\n|-damage|p1a: Porygon-Z|223/277|[from] item: Life Orb\n|\n|upkeep\n|inactive|Elydes has 90 seconds left.\n|\n|t:|1782892045\n|switch|p2a: Palafin|Palafin-Hero, L77, F|263/281\n|-damage|p2a: Palafin|228/281|[from] Stealth Rock\n|-activate|p2a: Palafin|ability: Zero to Hero\n|turn|9\n|inactive|Elydes has 90 seconds left.\n|\n|t:|1782892052\n|move|p2a: Palafin|Bulk Up|p2a: Palafin\n|-boost|p2a: Palafin|atk|1\n|-boost|p2a: Palafin|def|1\n|move|p1a: Porygon-Z|Tera Blast|p2a: Palafin\n|-damage|p2a: Palafin|36/281\n|-damage|p1a: Porygon-Z|196/277|[from] item: Life Orb\n|\n|-heal|p2a: Palafin|53/281|[from] item: Leftovers\n|upkeep\n|turn|10\n|\n|t:|1782892054\n|switch|p1a: Dewgong|Dewgong, L94, M|322/322\n|move|p2a: Palafin|Wave Crash|p1a: Dewgong\n|-resisted|p1a: Dewgong\n|-damage|p1a: Dewgong|203/322\n|-damage|p2a: Palafin|14/281|[from] Recoil\n|\n|-heal|p2a: Palafin|31/281|[from] item: Leftovers\n|upkeep\n|turn|11\n|\n|t:|1782892073\n|move|p2a: Palafin|Wave Crash|p1a: Dewgong\n|-resisted|p1a: Dewgong\n|-damage|p1a: Dewgong|80/322\n|-damage|p2a: Palafin|0 fnt|[from] Recoil\n|faint|p2a: Palafin\n|move|p1a: Dewgong|Surf|p2: Palafin|[notarget]\n|-fail|p1a: Dewgong\n|\n|upkeep\n|inactive|Elydes has 90 seconds left.\n|\n|t:|1782892086\n|switch|p2a: Maushold|Maushold, L76, tera:Normal|238/238\n|-damage|p2a: Maushold|209/238|[from] Stealth Rock\n|turn|12\n|\n|t:|1782892088\n|move|p2a: Maushold|Tidy Up|p2a: Maushold\n|-sideend|p2: Elydes|Stealth Rock\n|-activate|p2a: Maushold|move: Tidy Up\n|-boost|p2a: Maushold|atk|1\n|-boost|p2a: Maushold|spe|1\n|move|p1a: Dewgong|Ice Beam|p2a: Maushold\n|-damage|p2a: Maushold|100/238\n|-status|p2a: Maushold|frz\n|\n|upkeep\n|turn|13\n|\n|t:|1782892093\n|cant|p2a: Maushold|frz\n|move|p1a: Dewgong|Surf|p2a: Maushold\n|-damage|p2a: Maushold|0 fnt\n|faint|p2a: Maushold\n|\n|upkeep\n|\n|t:|1782892097\n|switch|p2a: Ninetales|Ninetales-Alola, L78, M|242/242\n|-weather|Snowscape|[from] ability: Snow Warning|[of] p2a: Ninetales\n|turn|14\n|inactive|Elydes has 120 seconds left.\n|\n|t:|1782892103\n|move|p2a: Ninetales|Aurora Veil|p2a: Ninetales\n|-sidestart|p2: Elydes|move: Aurora Veil\n|move|p1a: Dewgong|Surf|p2a: Ninetales\n|-damage|p2a: Ninetales|200/242\n|\n|-weather|Snowscape|[upkeep]\n|upkeep\n|turn|15\n|\n|t:|1782892108\n|move|p2a: Ninetales|Nasty Plot|p2a: Ninetales\n|-boost|p2a: Ninetales|spa|2\n|move|p1a: Dewgong|Surf|p2a: Ninetales\n|-damage|p2a: Ninetales|157/242\n|\n|-weather|Snowscape|[upkeep]\n|upkeep\n|turn|16\n|\n|t:|1782892114\n|move|p2a: Ninetales|Moonblast|p1a: Dewgong\n|-damage|p1a: Dewgong|0 fnt\n|faint|p1a: Dewgong\n|\n|-weather|Snowscape|[upkeep]\n|upkeep\n|\n|t:|1782892115\n|switch|p1a: Carbink|Carbink, L90|236/236\n|turn|17\n|\n|t:|1782892118\n|move|p2a: Ninetales|Nasty Plot|p2a: Ninetales\n|-boost|p2a: Ninetales|spa|2\n|move|p1a: Carbink|Iron Defense|p1a: Carbink\n|-boost|p1a: Carbink|def|2\n|\n|-weather|Snowscape|[upkeep]\n|upkeep\n|turn|18\n|\n|t:|1782892121\n|-terastallize|p1a: Carbink|Fighting\n|move|p2a: Ninetales|Nasty Plot|p2a: Ninetales\n|-boost|p2a: Ninetales|spa|2\n|move|p1a: Carbink|Body Press|p2a: Ninetales\n|-damage|p2a: Ninetales|43/242\n|\n|-weather|none\n|upkeep\n|turn|19\n|\n|t:|1782892124\n|move|p2a: Ninetales|Moonblast|p1a: Carbink\n|-supereffective|p1a: Carbink\n|-damage|p1a: Carbink|0 fnt\n|faint|p1a: Carbink\n|\n|upkeep\n|\n|t:|1782892127\n|switch|p1a: Lokix|Lokix, L82, M|251/251\n|turn|20\n|\n|t:|1782892135\n|move|p1a: Lokix|Sucker Punch|p2a: Ninetales\n|-resisted|p2a: Ninetales\n|-damage|p2a: Ninetales|0 fnt\n|faint|p2a: Ninetales\n|-damage|p1a: Lokix|226/251|[from] item: Life Orb\n|\n|upkeep\n|\n|t:|1782892139\n|switch|p2a: Honchkrow|Honchkrow, L86, F|312/312\n|turn|21\n|\n|t:|1782892144\n|move|p1a: Lokix|Swords Dance|p1a: Lokix\n|-boost|p1a: Lokix|atk|2\n|move|p2a: Honchkrow|Brave Bird|p1a: Lokix\n|-supereffective|p1a: Lokix\n|-damage|p1a: Lokix|0 fnt\n|faint|p1a: Lokix\n|-ability|p2a: Honchkrow|Moxie|boost\n|-boost|p2a: Honchkrow|atk|1\n|-damage|p2a: Honchkrow|237/312|[from] Recoil\n|\n|-sideend|p2: Elydes|move: Aurora Veil\n|upkeep\n|\n|t:|1782892146\n|switch|p1a: Porygon-Z|Porygon-Z, L83|196/277\n|turn|22\n|\n|t:|1782892160\n|move|p1a: Porygon-Z|Tera Blast|p2a: Honchkrow\n|-damage|p2a: Honchkrow|0 fnt\n|faint|p2a: Honchkrow\n|-damage|p1a: Porygon-Z|169/277|[from] item: Life Orb\n|\n|win|jnpr010334\n|raw|jnpr010334's rating: 1787 &rarr; <strong>1811</strong><br />(+24 for winning)\n|raw|Elydes's rating: 1857 &rarr; <strong>1833</strong><br />(-24 for losing)\n", "inputlog": ">version f8ac14003a5f27e1bdc8d8c59608a773c1cb96e5\n>start {\"formatid\":\"gen9randombattle\",\"seed\":\"sodium,76d7666b345a757fa3a0fae417c23f9e\",\"rated\":\"Rated battle\"}\n>player p1 {\"name\":\"jnpr010334\",\"avatar\":\"265\",\"rating\":1801,\"seed\":\"sodium,ea740b99d2767abd6e2de57bc1a8b1ab\"}\n>player p2 {\"name\":\"Elydes\",\"avatar\":\"n\",\"rating\":1857,\"seed\":\"sodium,5199e569b42999929864f2c3927a3a17\"}\n>p1 move esperwing\n>p2 move populationbomb terastallize\n>p1 switch 5\n>p1 move stealthrock\n>p2 switch 4\n>p1 move earthquake\n>p2 move coil\n>p1 move earthquake\n>p2 move coil\n>p1 move earthquake\n>p2 move earthquake\n>p2 switch 2\n>p1 move stoneedge\n>p2 move jetpunch\n>p1 switch 4\n>p1 move terablast\n>p2 switch 5\n>p1 move terablast\n>p2 move closecombat\n>p2 switch 5\n>p1 move terablast\n>p2 move bulkup\n>p1 switch 3\n>p2 move wavecrash\n>p1 move surf\n>p2 move wavecrash\n>p2 switch 4\n>p1 move icebeam\n>p2 move tidyup\n>p1 move surf\n>p2 move populationbomb\n>p2 switch 6\n>p1 move surf\n>p2 move auroraveil\n>p1 move surf\n>p2 move nastyplot\n>p1 move surf\n>p2 move moonblast\n>p1 switch 6\n>p1 move irondefense\n>p2 move nastyplot\n>p1 move bodypress terastallize\n>p2 move nastyplot\n>p1 move bodypress\n>p2 move moonblast\n>p1 switch 2\n>p1 move suckerpunch\n>p2 move blizzard\n>p2 switch 3\n>p1 move swordsdance\n>p2 move bravebird\n>p1 switch 3\n>p1 move terablast\n>p2 move bravebird", "uploadtime": 1782892161, "views": 2, "formatid": "gen9randombattle", "rating": 1811, "private": 0, "password": null, "player_dets": [{"name": "jnpr010334", "avatar": "265", "rating": 1801, "seed": "sodium,ea740b99d2767abd6e2de57bc1a8b1ab"}, {"name": "Elydes", "avatar": "n", "rating": 1857, "seed": "sodium,5199e569b42999929864f2c3927a3a17"}], "teams_full": [{"Braviary": {"name": "Braviary", "species": "Braviary-Hisui", "speciesId": "braviaryhisui", "gender": "M", "shiny": false, "level": 85, "moves": ["hurricane", "uturn", "esperwing", "vacuumwave"], "ability": "Tinted Lens", "evs": {"hp": 85, "atk": 85, "def": 85, "spa": 85, "spd": 85, "spe": 85}, "ivs": {"hp": 31, "atk": 31, "def": 31, "spa": 31, "spd": 31, "spe": 31}, "item": "Choice Specs", "teraType": "Psychic", "role": "Wallbreaker", "bvs": {"hp": 110, "atk": 83, "def": 70, "spa": 112, "spd": 70, "spe": 65}, "stats": {"hp": 326, "atk": 190, "def": 168, "spa": 239, "spd": 168, "spe": 159}, "types": ["Psychic", "Flying"]}, "Lokix": {"name": "Lokix", "species": "Lokix", "speciesId": "lokix", "gender": "M", "shiny": false, "level": 82, "moves": ["suckerpunch", "knockoff", "swordsdance", "leechlife"], "ability": "Tinted Lens", "evs": {"hp": 85, "atk": 85, "def": 85, "spa": 85, "spd": 85, "spe": 85}, "ivs": {"hp": 31, "atk": 31, "def": 31, "spa": 31, "spd": 31, "spe": 31}, "item": "Life Orb", "teraType": "Dark", "role": "Setup Sweeper", "bvs": {"hp": 71, "atk": 102, "def": 78, "spa": 52, "spd": 55, "spe": 92}, "stats": {"hp": 251, "atk": 214, "def": 175, "spa": 132, "spd": 137, "spe": 198}, "types": ["Bug", "Dark"]}, "Dewgong": {"name": "Dewgong", "species": "Dewgong", "speciesId": "dewgong", "gender": "M", "shiny": false, "level": 94, "moves": ["knockoff", "icebeam", "surf", "encore"], "ability": "Thick Fat", "evs": {"hp": 85, "atk": 85, "def": 85, "spa": 85, "spd": 85, "spe": 85}, "ivs": {"hp": 31, "atk": 31, "def": 31, "spa": 31, "spd": 31, "spe": 31}, "item": "Heavy-Duty Boots", "teraType": "Grass", "role": "Bulky Support", "bvs": {"hp": 90, "atk": 70, "def": 80, "spa": 70, "spd": 95, "spe": 70}, "stats": {"hp": 322, "atk": 185, "def": 204, "spa": 185, "spd": 232, "spe": 185}, "types": ["Water", "Ice"]}, "Porygon-Z": {"name": "Porygon-Z", "species": "Porygon-Z", "speciesId": "porygonz", "gender": "N", "shiny": false, "level": 83, "moves": ["shadowball", "agility", "terablast", "nastyplot"], "ability": "Adaptability", "evs": {"hp": 85, "atk": 0, "def": 85, "spa": 85, "spd": 85, "spe": 85}, "ivs": {"hp": 31, "atk": 0, "def": 31, "spa": 31, "spd": 31, "spe": 31}, "item": "Life Orb", "teraType": "Fighting", "role": "Tera Blast user", "bvs": {"hp": 85, "atk": 80, "def": 70, "spa": 135, "spd": 75, "spe": 90}, "stats": {"hp": 277, "atk": 137, "def": 164, "spa": 272, "spd": 172, "spe": 197}, "types": ["Normal"]}, "Stonjourner": {"name": "Stonjourner", "species": "Stonjourner", "speciesId": "stonjourner", "gender": "F", "shiny": false, "level": 91, "moves": ["earthquake", "heatcrash", "stoneedge", "stealthrock"], "ability": "Power Spot", "evs": {"hp": 85, "atk": 85, "def": 85, "spa": 85, "spd": 85, "spe": 85}, "ivs": {"hp": 31, "atk": 31, "def": 31, "spa": 31, "spd": 31, "spe": 31}, "item": "Life Orb", "teraType": "Fire", "role": "Fast Attacker", "bvs": {"hp": 100, "atk": 125, "def": 135, "spa": 20, "spd": 20, "spe": 70}, "stats": {"hp": 330, "atk": 279, "def": 298, "spa": 88, "spd": 88, "spe": 179}, "types": ["Rock"]}, "Carbink": {"name": "Carbink", "species": "Carbink", "speciesId": "carbink", "gender": "N", "shiny": false, "level": 90, "moves": ["rest", "moonblast", "bodypress", "irondefense"], "ability": "Clear Body", "evs": {"hp": 85, "atk": 0, "def": 85, "spa": 85, "spd": 85, "spe": 85}, "ivs": {"hp": 31, "atk": 0, "def": 31, "spa": 31, "spd": 31, "spe": 31}, "item": "Chesto Berry", "teraType": "Fighting", "role": "Fast Bulky Setup", "bvs": {"hp": 50, "atk": 50, "def": 150, "spa": 50, "spd": 150, "spe": 50}, "stats": {"hp": 236, "atk": 95, "def": 321, "spa": 141, "spd": 321, "spe": 141}, "types": ["Rock", "Fairy"]}}, {"Maushold": {"name": "Maushold", "species": "Maushold", "speciesId": "maushold", "gender": "N", "shiny": false, "level": 76, "moves": ["populationbomb", "bite", "encore", "tidyup"], "ability": "Technician", "evs": {"hp": 85, "atk": 85, "def": 85, "spa": 85, "spd": 85, "spe": 85}, "ivs": {"hp": 31, "atk": 31, "def": 31, "spa": 31, "spd": 31, "spe": 31}, "item": "Wide Lens", "teraType": "Normal", "role": "Setup Sweeper", "bvs": {"hp": 74, "atk": 75, "def": 70, "spa": 65, "spd": 75, "spe": 111}, "stats": {"hp": 238, "atk": 158, "def": 150, "spa": 143, "spd": 158, "spe": 213}, "types": ["Normal"]}, "Palafin": {"name": "Palafin", "species": "Palafin", "speciesId": "palafin", "gender": "F", "shiny": false, "level": 77, "moves": ["bulkup", "icepunch", "jetpunch", "wavecrash"], "ability": "Zero to Hero", "evs": {"hp": 85, "atk": 85, "def": 85, "spa": 85, "spd": 85, "spe": 85}, "ivs": {"hp": 31, "atk": 31, "def": 31, "spa": 31, "spd": 31, "spe": 31}, "item": "Leftovers", "teraType": "Dragon", "role": "Bulky Setup", "bvs": {"hp": 100, "atk": 70, "def": 72, "spa": 53, "spd": 62, "spe": 100}, "stats": {"hp": 281, "atk": 152, "def": 155, "spa": 126, "spd": 140, "spe": 199}, "types": ["Water"]}, "Honchkrow": {"name": "Honchkrow", "species": "Honchkrow", "speciesId": "honchkrow", "gender": "F", "shiny": false, "level": 86, "moves": ["heatwave", "uturn", "bravebird", "suckerpunch"], "ability": "Moxie", "evs": {"hp": 85, "atk": 85, "def": 85, "spa": 85, "spd": 85, "spe": 85}, "ivs": {"hp": 31, "atk": 31, "def": 31, "spa": 31, "spd": 31, "spe": 31}, "item": "Heavy-Duty Boots", "teraType": "Dark", "role": "Fast Attacker", "bvs": {"hp": 100, "atk": 125, "def": 52, "spa": 105, "spd": 52, "spe": 71}, "stats": {"hp": 312, "atk": 264, "def": 139, "spa": 230, "spd": 139, "spe": 171}, "types": ["Dark", "Flying"]}, "Arbok": {"name": "Arbok", "species": "Arbok", "speciesId": "arbok", "gender": "M", "shiny": false, "level": 87, "moves": ["trailblaze", "earthquake", "coil", "gunkshot"], "ability": "Intimidate", "evs": {"hp": 85, "atk": 85, "def": 85, "spa": 85, "spd": 85, "spe": 85}, "ivs": {"hp": 31, "atk": 31, "def": 31, "spa": 31, "spd": 31, "spe": 31}, "item": "Leftovers", "teraType": "Ground", "role": "Bulky Setup", "bvs": {"hp": 60, "atk": 95, "def": 69, "spa": 65, "spd": 79, "spe": 80}, "stats": {"hp": 246, "atk": 215, "def": 170, "spa": 163, "spd": 187, "spe": 189}, "types": ["Poison"]}, "Perrserker": {"name": "Perrserker", "species": "Perrserker", "speciesId": "perrserker", "gender": "M", "shiny": false, "level": 89, "moves": ["uturn", "closecombat", "stealthrock", "ironhead"], "ability": "Tough Claws", "evs": {"hp": 85, "atk": 85, "def": 85, "spa": 85, "spd": 85, "spe": 85}, "ivs": {"hp": 31, "atk": 31, "def": 31, "spa": 31, "spd": 31, "spe": 31}, "item": "Life Orb", "teraType": "Fighting", "role": "Fast Attacker", "bvs": {"hp": 70, "atk": 110, "def": 100, "spa": 50, "spd": 60, "spe": 50}, "stats": {"hp": 269, "atk": 247, "def": 229, "spa": 140, "spd": 158, "spe": 140}, "types": ["Steel"]}, "Ninetales": {"name": "Ninetales", "species": "Ninetales-Alola", "speciesId": "ninetalesalola", "gender": "M", "shiny": false, "level": 78, "moves": ["auroraveil", "blizzard", "nastyplot", "moonblast"], "ability": "Snow Warning", "evs": {"hp": 85, "atk": 0, "def": 85, "spa": 85, "spd": 85, "spe": 85}, "ivs": {"hp": 31, "atk": 0, "def": 31, "spa": 31, "spd": 31, "spe": 31}, "item": "Light Clay", "teraType": "Water", "role": "Fast Support", "bvs": {"hp": 73, "atk": 67, "def": 75, "spa": 81, "spd": 100, "spe": 109}, "stats": {"hp": 242, "atk": 109, "def": 162, "spa": 171, "spd": 201, "spe": 215}, "types": ["Ice", "Fairy"]}}]}