{"id": "gen9randombattle-2641843041", "format": "[Gen 9] Random Battle", "players": ["DaJiTo", "MichaelderBeste2"], "log": "|badge|p1|bronze|gen9randombattle|100-9\n|html|<div class=\"broadcast-red\"><strong>This battle is required to be public due to one or more player having a season medal.</strong><br />During the public phase, you can discuss the state of the ladder <a href=\"/seasondiscussion\">in a special chatroom.</a></div>\n|uhtml|medal-msg|<div class=\"broadcast-blue\">Curious what those medals under the avatar are? PS now has Ladder Seasons! For more information, check out the <a href=\"https://www.smogon.com/forums/threads/3740067/\">thread on Smogon.</a></div>\n|badge|p2|gold|gen9randombattle|3-9\n|uhtml|medal-msg|<div class=\"broadcast-blue\">Curious what those medals under the avatar are? PS now has Ladder Seasons! For more information, check out the <a href=\"https://www.smogon.com/forums/threads/3740067/\">thread on Smogon.</a></div>\n|raw|<div class=\"broadcast-blue\"><strong>This battle is required to be public due to a player having a name starting with 'medal'.</div>\n|j|\u2606DaJiTo\n|j|\u2606MichaelderBeste2\n|t:|1782848537\n|gametype|singles\n|player|p1|DaJiTo|pokefan-gen4|2293\n|player|p2|MichaelderBeste2|#wcop2026germany|2505\n|gen|9\n|tier|[Gen 9] Random Battle\n|rated|\n|rule|Species Clause: Limit one of each Pok\u00e9mon\n|rule|HP Percentage Mod: HP is shown in percentages\n|rule|Sleep Clause Mod: Limit one foe put to sleep\n|rule|Illusion Level Mod: Illusion disguises the Pok\u00e9mon's true level\n|\n|t:|1782848537\n|teamsize|p1|6\n|teamsize|p2|6\n|start\n|switch|p1a: Luxray|Luxray, L88, M|283/283\n|switch|p2a: Keldeo|Keldeo-Resolute, L79|273/273\n|turn|1\n|inactive|Battle timer is ON: inactive players will automatically lose when time's up. (requested by DaJiTo)\n|\n|t:|1782848568\n|move|p2a: Keldeo|Hydro Pump|p1a: Luxray\n|-damage|p1a: Luxray|153/283\n|move|p1a: Luxray|Play Rough|p2a: Keldeo|[miss]\n|-miss|p1a: Luxray|p2a: Keldeo\n|\n|-status|p1a: Luxray|brn|[from] item: Flame Orb\n|upkeep\n|turn|2\n|\n|t:|1782848576\n|move|p2a: Keldeo|Hydro Pump|p1a: Luxray\n|-damage|p1a: Luxray|15/283 brn\n|move|p1a: Luxray|Supercell Slam|p2a: Keldeo\n|-supereffective|p2a: Keldeo\n|-damage|p2a: Keldeo|0 fnt\n|faint|p2a: Keldeo\n|\n|-damage|p1a: Luxray|0 fnt|[from] brn\n|faint|p1a: Luxray\n|upkeep\n|\n|t:|1782848584\n|switch|p2a: Persian|Persian, L92, F|269/269\n|switch|p1a: Pelipper|Pelipper, L86, F|243/243\n|-weather|RainDance|[from] ability: Drizzle|[of] p1a: Pelipper\n|turn|3\n|\n|t:|1782848590\n|move|p2a: Persian|U-turn|p1a: Pelipper\n|-resisted|p1a: Pelipper\n|-damage|p1a: Pelipper|212/243\n|\n|t:|1782848592\n|switch|p2a: Kingdra|Kingdra, L84, M|263/263|[from] U-turn\n|move|p1a: Pelipper|Weather Ball|p2a: Kingdra\n|-resisted|p2a: Kingdra\n|-damage|p2a: Kingdra|201/263\n|\n|-weather|RainDance|[upkeep]\n|upkeep\n|turn|4\n|\n|t:|1782848602\n|switch|p1a: Electrode|Electrode-Hisui, L87|246/246\n|move|p2a: Kingdra|Wave Crash|p1a: Electrode\n|-resisted|p1a: Electrode\n|-damage|p1a: Electrode|141/246\n|-damage|p2a: Kingdra|166/263|[from] Recoil\n|\n|-weather|RainDance|[upkeep]\n|-heal|p1a: Electrode|156/246|[from] item: Leftovers\n|upkeep\n|turn|5\n|\n|t:|1782848614\n|move|p1a: Electrode|Leech Seed|p2a: Kingdra\n|-start|p2a: Kingdra|move: Leech Seed\n|move|p2a: Kingdra|Outrage|p1a: Electrode\n|-damage|p1a: Electrode|18/246\n|\n|-weather|RainDance|[upkeep]\n|-heal|p1a: Electrode|33/246|[from] item: Leftovers\n|-damage|p2a: Kingdra|134/263|[from] Leech Seed|[of] p1a: Electrode\n|-heal|p1a: Electrode|65/246|[silent]\n|upkeep\n|turn|6\n|\n|t:|1782848622\n|move|p1a: Electrode|Substitute|p1a: Electrode\n|-start|p1a: Electrode|Substitute\n|-damage|p1a: Electrode|4/246\n|move|p2a: Kingdra|Outrage|p1a: Electrode|[from] lockedmove\n|-end|p1a: Electrode|Substitute\n|-start|p2a: Kingdra|confusion|[fatigue]\n|-enditem|p2a: Kingdra|Lum Berry|[eat]\n|-end|p2a: Kingdra|confusion\n|\n|-weather|RainDance|[upkeep]\n|-heal|p1a: Electrode|19/246|[from] item: Leftovers\n|-damage|p2a: Kingdra|102/263|[from] Leech Seed|[of] p1a: Electrode\n|-heal|p1a: Electrode|51/246|[silent]\n|upkeep\n|turn|7\n|\n|t:|1782848633\n|move|p1a: Electrode|Thunderbolt|p2a: Kingdra\n|-damage|p2a: Kingdra|18/263\n|move|p2a: Kingdra|Waterfall|p1a: Electrode\n|-resisted|p1a: Electrode\n|-damage|p1a: Electrode|0 fnt\n|faint|p1a: Electrode\n|\n|-weather|none\n|upkeep\n|\n|t:|1782848647\n|switch|p1a: Koraidon|Koraidon, L64|235/235\n|-weather|SunnyDay|[from] ability: Orichalcum Pulse|[of] p1a: Koraidon\n|-activate|p1a: Koraidon|Orichalcum Pulse|[source]\n|turn|8\n|\n|t:|1782848650\n|move|p1a: Koraidon|Scale Shot|p2a: Kingdra\n|-supereffective|p2a: Kingdra\n|-damage|p2a: Kingdra|0 fnt\n|faint|p2a: Kingdra\n|-hitcount|p2: Kingdra|1\n|-unboost|p1a: Koraidon|def|1\n|-boost|p1a: Koraidon|spe|1\n|\n|-weather|SunnyDay|[upkeep]\n|upkeep\n|\n|t:|1782848665\n|switch|p2a: Grimmsnarl|Grimmsnarl, L83, M|293/293\n|turn|9\n|\n|t:|1782848670\n|switch|p1a: Chi-Yu|Chi-Yu, L77|211/211\n|-ability|p1a: Chi-Yu|Beads of Ruin\n|move|p2a: Grimmsnarl|Thunder Wave|p1a: Chi-Yu\n|-hint|Since gen 7, Dark is immune to Prankster moves.\n|-immune|p1a: Chi-Yu\n|\n|-weather|SunnyDay|[upkeep]\n|upkeep\n|turn|10\n|\n|t:|1782848679\n|move|p2a: Grimmsnarl|Sucker Punch|p1a: Chi-Yu\n|-resisted|p1a: Chi-Yu\n|-crit|p1a: Chi-Yu\n|-damage|p1a: Chi-Yu|132/211\n|move|p1a: Chi-Yu|Fire Blast|p2a: Grimmsnarl\n|-damage|p2a: Grimmsnarl|0 fnt\n|faint|p2a: Grimmsnarl\n|\n|-weather|SunnyDay|[upkeep]\n|upkeep\n|\n|t:|1782848687\n|switch|p2a: Persian|Persian, L92, F|269/269\n|turn|11\n|\n|t:|1782848692\n|switch|p1a: Pelipper|Pelipper, L86, F|212/243\n|-weather|RainDance|[from] ability: Drizzle|[of] p1a: Pelipper\n|move|p2a: Persian|Double-Edge|p1a: Pelipper\n|-damage|p1a: Pelipper|59/243\n|-damage|p2a: Persian|219/269|[from] Recoil\n|\n|-weather|RainDance|[upkeep]\n|upkeep\n|turn|12\n|\n|t:|1782848708\n|move|p2a: Persian|Double-Edge|p1a: Pelipper\n|-damage|p1a: Pelipper|0 fnt\n|faint|p1a: Pelipper\n|-damage|p2a: Persian|200/269|[from] Recoil\n|\n|-weather|RainDance|[upkeep]\n|upkeep\n|\n|t:|1782848720\n|switch|p1a: Koraidon|Koraidon, L64|235/235\n|-weather|SunnyDay|[from] ability: Orichalcum Pulse|[of] p1a: Koraidon\n|-activate|p1a: Koraidon|Orichalcum Pulse|[source]\n|turn|13\n|\n|t:|1782848724\n|-terastallize|p2a: Persian|Normal\n|move|p2a: Persian|Double-Edge|p1a: Koraidon\n|-damage|p1a: Koraidon|0 fnt\n|faint|p1a: Koraidon\n|-damage|p2a: Persian|122/269|[from] Recoil\n|\n|-weather|SunnyDay|[upkeep]\n|upkeep\n|\n|t:|1782848737\n|switch|p1a: Chi-Yu|Chi-Yu, L77|132/211\n|-ability|p1a: Chi-Yu|Beads of Ruin\n|turn|14\n|\n|t:|1782848738\n|move|p2a: Persian|Double-Edge|p1a: Chi-Yu\n|-damage|p1a: Chi-Yu|0 fnt\n|faint|p1a: Chi-Yu\n|-damage|p2a: Persian|78/269|[from] Recoil\n|\n|-weather|SunnyDay|[upkeep]\n|upkeep\n|\n|t:|1782848741\n|switch|p1a: Armarouge|Armarouge, L80, M|267/267\n|turn|15\n|\n|t:|1782848756\n|switch|p2a: Dodrio|Dodrio, L85, F|241/241\n|move|p1a: Armarouge|Armor Cannon|p2a: Dodrio\n|-damage|p2a: Dodrio|0 fnt\n|-unboost|p1a: Armarouge|def|1\n|-unboost|p1a: Armarouge|spd|1\n|faint|p2a: Dodrio\n|\n|-weather|SunnyDay|[upkeep]\n|upkeep\n|\n|t:|1782848762\n|switch|p2a: Persian|Persian, L92, F, tera:Normal|78/269\n|turn|16\n|\n|t:|1782848764\n|move|p2a: Persian|Double-Edge|p1a: Armarouge\n|-damage|p1a: Armarouge|0 fnt\n|faint|p1a: Armarouge\n|-damage|p2a: Persian|0 fnt|[from] Recoil\n|faint|p2a: Persian\n|\n|win|MichaelderBeste2\n|raw|DaJiTo's rating: 2293 &rarr; <strong>2284</strong><br />(-9 for losing)\n|raw|MichaelderBeste2's rating: 2505 &rarr; <strong>2514</strong><br />(+9 for winning)\n", "inputlog": ">version f8ac14003a5f27e1bdc8d8c59608a773c1cb96e5\n>start {\"formatid\":\"gen9randombattle\",\"seed\":\"sodium,a0884794ff08856f4878a9a37d49792e\",\"rated\":\"Rated battle\"}\n>player p1 {\"name\":\"DaJiTo\",\"avatar\":\"pokefan-gen4\",\"rating\":2293,\"seed\":\"sodium,5e12adb433b20d440e2db96a773473a5\"}\n>player p2 {\"name\":\"MichaelderBeste2\",\"avatar\":\"#wcop2026germany\",\"rating\":2505,\"seed\":\"sodium,92b0b76d4e0ec6cd1311571ecaf1f3b4\"}\n>p1 move playrough\n>p2 move hydropump\n>p1 move supercellslam\n>p2 move hydropump\n>p1 switch 2\n>p2 switch 4\n>p1 move weatherball\n>p2 move uturn\n>p2 switch 3\n>p1 switch 6\n>p2 move wavecrash\n>p1 move leechseed\n>p2 move outrage\n>p1 move substitute\n>p2 move outrage\n>p1 move thunderbolt\n>p2 move waterfall\n>p1 switch 5\n>p1 move scaleshot\n>p2 move outrage\n>p2 switch 5\n>p1 switch 3\n>p2 move thunderwave\n>p1 move fireblast\n>p2 move suckerpunch\n>p2 switch 3\n>p1 switch 6\n>p2 move doubleedge\n>p1 move weatherball\n>p2 move doubleedge\n>p1 switch 3\n>p1 move scaleshot\n>p2 move doubleedge terastallize\n>p1 switch 6\n>p1 move willowisp\n>p2 move doubleedge\n>p1 switch 4\n>p1 move armorcannon\n>p2 switch 6\n>p2 switch 6\n>p1 move armorcannon\n>p2 move doubleedge", "uploadtime": 1782848764, "views": 7, "formatid": "gen9randombattle", "rating": 2284, "private": 0, "password": null, "player_dets": [{"name": "DaJiTo", "avatar": "pokefan-gen4", "rating": 2293, "seed": "sodium,5e12adb433b20d440e2db96a773473a5"}, {"name": "MichaelderBeste2", "avatar": "#wcop2026germany", "rating": 2505, "seed": "sodium,92b0b76d4e0ec6cd1311571ecaf1f3b4"}], "teams_full": [{"Luxray": {"name": "Luxray", "species": "Luxray", "speciesId": "luxray", "gender": "M", "shiny": false, "level": 88, "moves": ["supercellslam", "facade", "playrough", "trailblaze"], "ability": "Guts", "evs": {"hp": 81, "atk": 85, "def": 85, "spa": 85, "spd": 85, "spe": 85}, "ivs": {"hp": 31, "atk": 31, "def": 31, "spa": 31, "spd": 31, "spe": 31}, "item": "Flame Orb", "teraType": "Normal", "role": "Setup Sweeper", "bvs": {"hp": 80, "atk": 120, "def": 79, "spa": 95, "spd": 79, "spe": 70}, "stats": {"hp": 283, "atk": 261, "def": 189, "spa": 217, "spd": 189, "spe": 173}, "types": ["Electric"]}, "Pelipper": {"name": "Pelipper", "species": "Pelipper", "speciesId": "pelipper", "gender": "F", "shiny": false, "level": 86, "moves": ["hydropump", "weatherball", "uturn", "hurricane"], "ability": "Drizzle", "evs": {"hp": 85, "atk": 85, "def": 85, "spa": 85, "spd": 85, "spe": 85}, "ivs": {"hp": 31, "atk": 31, "def": 31, "spa": 31, "spd": 31, "spe": 31}, "item": "Choice Specs", "teraType": "Flying", "role": "Wallbreaker", "bvs": {"hp": 60, "atk": 50, "def": 100, "spa": 95, "spd": 70, "spe": 65}, "stats": {"hp": 243, "atk": 135, "def": 221, "spa": 213, "spd": 170, "spe": 161}, "types": ["Water", "Flying"]}, "Chi-Yu": {"name": "Chi-Yu", "species": "Chi-Yu", "speciesId": "chiyu", "gender": "N", "shiny": false, "level": 77, "moves": ["willowisp", "darkpulse", "nastyplot", "fireblast"], "ability": "Beads of Ruin", "evs": {"hp": 85, "atk": 0, "def": 85, "spa": 85, "spd": 85, "spe": 85}, "ivs": {"hp": 31, "atk": 0, "def": 31, "spa": 31, "spd": 31, "spe": 31}, "item": "Heavy-Duty Boots", "teraType": "Fire", "role": "Setup Sweeper", "bvs": {"hp": 55, "atk": 80, "def": 80, "spa": 135, "spd": 120, "spe": 100}, "stats": {"hp": 211, "atk": 128, "def": 168, "spa": 252, "spd": 229, "spe": 199}, "types": ["Dark", "Fire"]}, "Armarouge": {"name": "Armarouge", "species": "Armarouge", "speciesId": "armarouge", "gender": "M", "shiny": false, "level": 80, "moves": ["psyshock", "armorcannon", "focusblast", "energyball"], "ability": "Weak Armor", "evs": {"hp": 85, "atk": 0, "def": 85, "spa": 85, "spd": 85, "spe": 85}, "ivs": {"hp": 31, "atk": 0, "def": 31, "spa": 31, "spd": 31, "spe": 31}, "item": "Choice Specs", "teraType": "Psychic", "role": "Wallbreaker", "bvs": {"hp": 85, "atk": 60, "def": 100, "spa": 125, "spd": 80, "spe": 75}, "stats": {"hp": 267, "atk": 101, "def": 206, "spa": 246, "spd": 174, "spe": 166}, "types": ["Fire", "Psychic"]}, "Koraidon": {"name": "Koraidon", "species": "Koraidon", "speciesId": "koraidon", "gender": "N", "shiny": false, "level": 64, "moves": ["flareblitz", "swordsdance", "scaleshot", "collisioncourse"], "ability": "Orichalcum Pulse", "evs": {"hp": 85, "atk": 85, "def": 85, "spa": 85, "spd": 85, "spe": 85}, "ivs": {"hp": 31, "atk": 31, "def": 31, "spa": 31, "spd": 31, "spe": 31}, "item": "Loaded Dice", "teraType": "Fire", "role": "Setup Sweeper", "bvs": {"hp": 100, "atk": 135, "def": 115, "spa": 85, "spd": 100, "spe": 135}, "stats": {"hp": 235, "atk": 211, "def": 185, "spa": 147, "spd": 166, "spe": 211}, "types": ["Fighting", "Dragon"]}, "Electrode": {"name": "Electrode", "species": "Electrode-Hisui", "speciesId": "electrodehisui", "gender": "N", "shiny": false, "level": 87, "moves": ["gigadrain", "leechseed", "thunderbolt", "substitute"], "ability": "Soundproof", "evs": {"hp": 85, "atk": 0, "def": 85, "spa": 85, "spd": 85, "spe": 85}, "ivs": {"hp": 31, "atk": 0, "def": 31, "spa": 31, "spd": 31, "spe": 31}, "item": "Leftovers", "teraType": "Poison", "role": "Fast Support", "bvs": {"hp": 60, "atk": 50, "def": 70, "spa": 80, "spd": 80, "spe": 150}, "stats": {"hp": 246, "atk": 92, "def": 172, "spa": 189, "spd": 189, "spe": 311}, "types": ["Electric", "Grass"]}}, {"Keldeo": {"name": "Keldeo", "species": "Keldeo-Resolute", "speciesId": "keldeoresolute", "gender": "N", "shiny": false, "level": 79, "moves": ["secretsword", "substitute", "calmmind", "hydropump"], "ability": "Justified", "evs": {"hp": 85, "atk": 0, "def": 85, "spa": 85, "spd": 85, "spe": 85}, "ivs": {"hp": 31, "atk": 0, "def": 31, "spa": 31, "spd": 31, "spe": 31}, "item": "Leftovers", "teraType": "Steel", "role": "Bulky Setup", "bvs": {"hp": 91, "atk": 72, "def": 90, "spa": 129, "spd": 90, "spe": 108}, "stats": {"hp": 273, "atk": 118, "def": 188, "spa": 249, "spd": 188, "spe": 216}, "types": ["Water", "Fighting"]}, "Iron Crown": {"name": "Iron Crown", "species": "Iron Crown", "speciesId": "ironcrown", "gender": "N", "shiny": false, "level": 78, "moves": ["psyshock", "focusblast", "voltswitch", "tachyoncutter"], "ability": "Quark Drive", "evs": {"hp": 85, "atk": 0, "def": 85, "spa": 85, "spd": 85, "spe": 85}, "ivs": {"hp": 31, "atk": 0, "def": 31, "spa": 31, "spd": 31, "spe": 31}, "item": "Choice Specs", "teraType": "Steel", "role": "Wallbreaker", "bvs": {"hp": 90, "atk": 72, "def": 100, "spa": 122, "spd": 108, "spe": 98}, "stats": {"hp": 268, "atk": 117, "def": 201, "spa": 235, "spd": 214, "spe": 198}, "types": ["Steel", "Psychic"]}, "Kingdra": {"name": "Kingdra", "species": "Kingdra", "speciesId": "kingdra", "gender": "M", "shiny": false, "level": 84, "moves": ["outrage", "wavecrash", "waterfall", "dragondance"], "ability": "Sniper", "evs": {"hp": 85, "atk": 85, "def": 85, "spa": 85, "spd": 85, "spe": 85}, "ivs": {"hp": 31, "atk": 31, "def": 31, "spa": 31, "spd": 31, "spe": 31}, "item": "Lum Berry", "teraType": "Water", "role": "Setup Sweeper", "bvs": {"hp": 75, "atk": 95, "def": 95, "spa": 95, "spd": 95, "spe": 85}, "stats": {"hp": 263, "atk": 208, "def": 208, "spa": 208, "spd": 208, "spe": 191}, "types": ["Water", "Dragon"]}, "Persian": {"name": "Persian", "species": "Persian", "speciesId": "persian", "gender": "F", "shiny": false, "level": 92, "moves": ["doubleedge", "uturn", "knockoff", "switcheroo"], "ability": "Limber", "evs": {"hp": 85, "atk": 85, "def": 85, "spa": 85, "spd": 85, "spe": 85}, "ivs": {"hp": 31, "atk": 31, "def": 31, "spa": 31, "spd": 31, "spe": 31}, "item": "Choice Band", "teraType": "Normal", "role": "Wallbreaker", "bvs": {"hp": 65, "atk": 70, "def": 60, "spa": 65, "spd": 65, "spe": 115}, "stats": {"hp": 269, "atk": 181, "def": 163, "spa": 172, "spd": 172, "spe": 264}, "types": ["Normal"]}, "Grimmsnarl": {"name": "Grimmsnarl", "species": "Grimmsnarl", "speciesId": "grimmsnarl", "gender": "M", "shiny": false, "level": 83, "moves": ["suckerpunch", "partingshot", "spiritbreak", "thunderwave"], "ability": "Prankster", "evs": {"hp": 85, "atk": 85, "def": 85, "spa": 85, "spd": 85, "spe": 85}, "ivs": {"hp": 31, "atk": 31, "def": 31, "spa": 31, "spd": 31, "spe": 31}, "item": "Leftovers", "teraType": "Poison", "role": "Bulky Attacker", "bvs": {"hp": 95, "atk": 120, "def": 65, "spa": 95, "spd": 75, "spe": 60}, "stats": {"hp": 293, "atk": 247, "def": 156, "spa": 205, "spd": 172, "spe": 147}, "types": ["Dark", "Fairy"]}, "Dodrio": {"name": "Dodrio", "species": "Dodrio", "speciesId": "dodrio", "gender": "F", "shiny": false, "level": 85, "moves": ["swordsdance", "bravebird", "knockoff", "doubleedge"], "ability": "Early Bird", "evs": {"hp": 85, "atk": 85, "def": 85, "spa": 85, "spd": 85, "spe": 85}, "ivs": {"hp": 31, "atk": 31, "def": 31, "spa": 31, "spd": 31, "spe": 31}, "item": "Heavy-Duty Boots", "teraType": "Normal", "role": "Setup Sweeper", "bvs": {"hp": 60, "atk": 110, "def": 70, "spa": 60, "spd": 60, "spe": 110}, "stats": {"hp": 241, "atk": 236, "def": 168, "spa": 151, "spd": 151, "spe": 236}, "types": ["Normal", "Flying"]}}]}