{"id": "gen9randombattle-2642201112", "format": "[Gen 9] Random Battle", "players": ["auraitsitsd", "Pigeon Trainer"], "log": "|j|\u2606auraitsitsd\n|j|\u2606Pigeon Trainer\n|t:|1782909949\n|gametype|singles\n|player|p1|auraitsitsd|266|1927\n|player|p2|Pigeon Trainer|barry|1950\n|gen|9\n|tier|[Gen 9] Random Battle\n|rated|\n|rule|Species Clause: Limit one of each Pok\u00e9mon\n|rule|HP Percentage Mod: HP is shown in percentages\n|rule|Sleep Clause Mod: Limit one foe put to sleep\n|rule|Illusion Level Mod: Illusion disguises the Pok\u00e9mon's true level\n|\n|t:|1782909949\n|teamsize|p1|6\n|teamsize|p2|6\n|start\n|switch|p1a: Falinks|Falinks, L84|246/246\n|switch|p2a: Moltres|Moltres, L81|278/278\n|turn|1\n|inactive|Battle timer is ON: inactive players will automatically lose when time's up. (requested by auraitsitsd)\n|\n|t:|1782909956\n|switch|p1a: Sandaconda|Sandaconda, L84, F|258/258\n|move|p2a: Moltres|Scorching Sands|p1a: Sandaconda\n|-damage|p1a: Sandaconda|196/258\n|-status|p1a: Sandaconda|brn\n|\n|-activate|p1a: Sandaconda|ability: Shed Skin\n|-curestatus|p1a: Sandaconda|brn|[msg]\n|-heal|p1a: Sandaconda|212/258|[from] item: Leftovers\n|upkeep\n|turn|2\n|\n|t:|1782909963\n|switch|p2a: Annihilape|Annihilape, L76, M|292/292\n|move|p1a: Sandaconda|Stone Edge|p2a: Annihilape\n|-resisted|p2a: Annihilape\n|-damage|p2a: Annihilape|251/292\n|\n|-heal|p1a: Sandaconda|228/258|[from] item: Leftovers\n|upkeep\n|turn|3\n|\n|t:|1782909969\n|switch|p2a: Moltres|Moltres, L81|278/278\n|move|p1a: Sandaconda|Coil|p1a: Sandaconda\n|-boost|p1a: Sandaconda|atk|1\n|-boost|p1a: Sandaconda|def|1\n|-boost|p1a: Sandaconda|accuracy|1\n|\n|-heal|p1a: Sandaconda|244/258|[from] item: Leftovers\n|upkeep\n|turn|4\n|\n|t:|1782909976\n|move|p2a: Moltres|Fire Blast|p1a: Sandaconda\n|-damage|p1a: Sandaconda|91/258\n|move|p1a: Sandaconda|Stone Edge|p2a: Moltres\n|-supereffective|p2a: Moltres\n|-damage|p2a: Moltres|0 fnt\n|faint|p2a: Moltres\n|\n|-heal|p1a: Sandaconda|107/258|[from] item: Leftovers\n|upkeep\n|\n|t:|1782909983\n|switch|p2a: Palkia|Palkia-Origin, L72|249/249\n|-ability|p2a: Palkia|Pressure\n|turn|5\n|\n|t:|1782909988\n|switch|p1a: Porygon2|Porygon2, L81|270/270\n|-ability|p1a: Porygon2|Download|boost\n|-boost|p1a: Porygon2|atk|1\n|move|p2a: Palkia|Spacial Rend|p1a: Porygon2\n|-damage|p1a: Porygon2|185/270\n|\n|upkeep\n|turn|6\n|\n|t:|1782909994\n|switch|p2a: Jolteon|Jolteon, L84, M|246/246\n|move|p1a: Porygon2|Recover|p1a: Porygon2\n|-heal|p1a: Porygon2|270/270\n|\n|upkeep\n|turn|7\n|\n|t:|1782910000\n|switch|p1a: Sandaconda|Sandaconda, L84, F|107/258\n|move|p2a: Jolteon|Calm Mind|p2a: Jolteon\n|-boost|p2a: Jolteon|spa|1\n|-boost|p2a: Jolteon|spd|1\n|\n|-heal|p1a: Sandaconda|123/258|[from] item: Leftovers\n|upkeep\n|turn|8\n|\n|t:|1782910011\n|move|p2a: Jolteon|Calm Mind|p2a: Jolteon\n|-boost|p2a: Jolteon|spa|1\n|-boost|p2a: Jolteon|spd|1\n|move|p1a: Sandaconda|Earthquake|p2a: Jolteon\n|-supereffective|p2a: Jolteon\n|-damage|p2a: Jolteon|0 fnt\n|faint|p2a: Jolteon\n|\n|-heal|p1a: Sandaconda|139/258|[from] item: Leftovers\n|upkeep\n|\n|t:|1782910017\n|switch|p2a: Annihilape|Annihilape, L76, M|251/292\n|turn|9\n|\n|t:|1782910034\n|move|p2a: Annihilape|Bulk Up|p2a: Annihilape\n|-boost|p2a: Annihilape|atk|1\n|-boost|p2a: Annihilape|def|1\n|move|p1a: Sandaconda|Coil|p1a: Sandaconda\n|-boost|p1a: Sandaconda|atk|1\n|-boost|p1a: Sandaconda|def|1\n|-boost|p1a: Sandaconda|accuracy|1\n|\n|-heal|p1a: Sandaconda|155/258|[from] item: Leftovers\n|upkeep\n|turn|10\n|\n|t:|1782910039\n|move|p2a: Annihilape|Bulk Up|p2a: Annihilape\n|-boost|p2a: Annihilape|atk|1\n|-boost|p2a: Annihilape|def|1\n|move|p1a: Sandaconda|Coil|p1a: Sandaconda\n|-boost|p1a: Sandaconda|atk|1\n|-boost|p1a: Sandaconda|def|1\n|-boost|p1a: Sandaconda|accuracy|1\n|\n|-heal|p1a: Sandaconda|171/258|[from] item: Leftovers\n|upkeep\n|turn|11\n|\n|t:|1782910042\n|move|p2a: Annihilape|Bulk Up|p2a: Annihilape\n|-boost|p2a: Annihilape|atk|1\n|-boost|p2a: Annihilape|def|1\n|move|p1a: Sandaconda|Coil|p1a: Sandaconda\n|-boost|p1a: Sandaconda|atk|1\n|-boost|p1a: Sandaconda|def|1\n|-boost|p1a: Sandaconda|accuracy|1\n|\n|-heal|p1a: Sandaconda|187/258|[from] item: Leftovers\n|upkeep\n|turn|12\n|\n|t:|1782910044\n|move|p2a: Annihilape|Bulk Up|p2a: Annihilape\n|-boost|p2a: Annihilape|atk|1\n|-boost|p2a: Annihilape|def|1\n|move|p1a: Sandaconda|Coil|p1a: Sandaconda\n|-boost|p1a: Sandaconda|atk|1\n|-boost|p1a: Sandaconda|def|1\n|-boost|p1a: Sandaconda|accuracy|1\n|\n|-heal|p1a: Sandaconda|203/258|[from] item: Leftovers\n|upkeep\n|turn|13\n|\n|t:|1782910047\n|move|p2a: Annihilape|Bulk Up|p2a: Annihilape\n|-boost|p2a: Annihilape|atk|1\n|-boost|p2a: Annihilape|def|1\n|move|p1a: Sandaconda|Coil|p1a: Sandaconda\n|-boost|p1a: Sandaconda|atk|1\n|-boost|p1a: Sandaconda|def|1\n|-boost|p1a: Sandaconda|accuracy|1\n|\n|-heal|p1a: Sandaconda|219/258|[from] item: Leftovers\n|upkeep\n|turn|14\n|\n|t:|1782910049\n|move|p2a: Annihilape|Bulk Up|p2a: Annihilape\n|-boost|p2a: Annihilape|atk|1\n|-boost|p2a: Annihilape|def|1\n|move|p1a: Sandaconda|Coil|p1a: Sandaconda\n|-boost|p1a: Sandaconda|atk|1\n|-boost|p1a: Sandaconda|def|1\n|-boost|p1a: Sandaconda|accuracy|1\n|\n|-heal|p1a: Sandaconda|235/258|[from] item: Leftovers\n|upkeep\n|turn|15\n|\n|t:|1782910053\n|move|p2a: Annihilape|Drain Punch|p1a: Sandaconda\n|-damage|p1a: Sandaconda|177/258\n|-heal|p2a: Annihilape|280/292|[from] drain|[of] p1a: Sandaconda\n|move|p1a: Sandaconda|Earthquake|p2a: Annihilape\n|-damage|p2a: Annihilape|141/292\n|\n|-heal|p1a: Sandaconda|193/258|[from] item: Leftovers\n|upkeep\n|turn|16\n|\n|t:|1782910061\n|move|p2a: Annihilape|Drain Punch|p1a: Sandaconda\n|-damage|p1a: Sandaconda|139/258\n|-heal|p2a: Annihilape|168/292|[from] drain|[of] p1a: Sandaconda\n|move|p1a: Sandaconda|Earthquake|p2a: Annihilape\n|-damage|p2a: Annihilape|24/292\n|\n|-heal|p1a: Sandaconda|155/258|[from] item: Leftovers\n|upkeep\n|turn|17\n|\n|t:|1782910072\n|move|p2a: Annihilape|Rest|p2a: Annihilape\n|-status|p2a: Annihilape|slp|[from] move: Rest\n|-heal|p2a: Annihilape|292/292 slp|[silent]\n|-enditem|p2a: Annihilape|Chesto Berry|[eat]\n|-curestatus|p2a: Annihilape|slp|[msg]\n|move|p1a: Sandaconda|Earthquake|p2a: Annihilape\n|-damage|p2a: Annihilape|168/292\n|\n|-heal|p1a: Sandaconda|171/258|[from] item: Leftovers\n|upkeep\n|turn|18\n|\n|t:|1782910085\n|move|p2a: Annihilape|Rage Fist|p1a: Sandaconda\n|-damage|p1a: Sandaconda|0 fnt\n|faint|p1a: Sandaconda\n|\n|upkeep\n|\n|t:|1782910095\n|switch|p1a: Porygon2|Porygon2, L81|270/270\n|-ability|p1a: Porygon2|Download|boost\n|-boost|p1a: Porygon2|spa|1\n|turn|19\n|\n|t:|1782910105\n|-terastallize|p1a: Porygon2|Ghost\n|move|p2a: Annihilape|Rage Fist|p1a: Porygon2\n|-supereffective|p1a: Porygon2\n|-damage|p1a: Porygon2|0 fnt\n|faint|p1a: Porygon2\n|\n|upkeep\n|\n|t:|1782910121\n|switch|p1a: Ogerpon|Ogerpon-Cornerstone, L76, F|247/247\n|turn|20\n|\n|t:|1782910126\n|move|p1a: Ogerpon|Encore|p2a: Annihilape\n|-start|p2a: Annihilape|Encore\n|move|p2a: Annihilape|Rage Fist|p1a: Ogerpon\n|-ability|p1a: Ogerpon|Sturdy\n|-damage|p1a: Ogerpon|1/247\n|\n|upkeep\n|turn|21\n|\n|t:|1782910130\n|move|p1a: Ogerpon|Ivy Cudgel|p2a: Annihilape|[anim] Ivy Cudgel Rock\n|-resisted|p2a: Annihilape\n|-damage|p2a: Annihilape|149/292\n|move|p2a: Annihilape|Rage Fist|p1a: Ogerpon\n|-damage|p1a: Ogerpon|0 fnt\n|faint|p1a: Ogerpon\n|\n|upkeep\n|\n|t:|1782910136\n|switch|p1a: Rayquaza|Rayquaza, L72|270/270\n|-ability|p1a: Rayquaza|Air Lock\n|turn|22\n|\n|t:|1782910139\n|move|p2a: Annihilape|Rage Fist|p1a: Rayquaza\n|-damage|p1a: Rayquaza|0 fnt\n|faint|p1a: Rayquaza\n|\n|-end|p2a: Annihilape|Encore\n|upkeep\n|-message|auraitsitsd forfeited.\n|\n|win|Pigeon Trainer\n|raw|auraitsitsd's rating: 1927 &rarr; <strong>1908</strong><br />(-19 for losing)\n|raw|Pigeon Trainer's rating: 1950 &rarr; <strong>1969</strong><br />(+19 for winning)\n", "inputlog": ">version f8ac14003a5f27e1bdc8d8c59608a773c1cb96e5\n>start {\"formatid\":\"gen9randombattle\",\"seed\":\"sodium,abf018fe59818f4ac6ddec318666a26f\",\"rated\":\"Rated battle\"}\n>player p1 {\"name\":\"auraitsitsd\",\"avatar\":\"266\",\"rating\":1927,\"seed\":\"sodium,27acf37485c2281a60d17ed65ae2c335\"}\n>player p2 {\"name\":\"Pigeon Trainer\",\"avatar\":\"barry\",\"rating\":1950,\"seed\":\"sodium,d6cdd5abafb0a8c1c2b65c555328fe6c\"}\n>p1 switch 4\n>p2 move scorchingsands\n>p1 move stoneedge\n>p2 switch 3\n>p1 move coil\n>p2 switch 3\n>p1 move stoneedge\n>p2 move fireblast\n>p2 switch 6\n>p1 switch 3\n>p2 move spacialrend\n>p1 move recover\n>p2 switch 4\n>p1 switch 3\n>p2 move calmmind\n>p1 move earthquake\n>p2 move calmmind\n>p2 switch 3\n>p1 move coil\n>p2 move bulkup\n>p1 move coil\n>p2 move bulkup\n>p1 move coil\n>p2 move bulkup\n>p1 move coil\n>p2 move bulkup\n>p1 move coil\n>p2 move bulkup\n>p1 move coil\n>p2 move bulkup\n>p1 move earthquake\n>p2 move drainpunch\n>p1 move earthquake\n>p2 move drainpunch\n>p1 move earthquake\n>p2 move rest\n>p1 move earthquake\n>p2 move ragefist\n>p1 switch 3\n>p1 move discharge terastallize\n>p2 move ragefist\n>p1 switch 6\n>p1 move encore\n>p2 move drainpunch\n>p1 move ivycudgel\n>p2 move ragefist\n>p1 switch 5\n>p1 move scaleshot\n>p2 move ragefist\n>forcelose p1", "uploadtime": 1782910142, "views": 5, "formatid": "gen9randombattle", "rating": 1908, "private": 0, "password": null, "player_dets": [{"name": "auraitsitsd", "avatar": "266", "rating": 1927, "seed": "sodium,27acf37485c2281a60d17ed65ae2c335"}, {"name": "Pigeon Trainer", "avatar": "barry", "rating": 1950, "seed": "sodium,d6cdd5abafb0a8c1c2b65c555328fe6c"}], "teams_full": [{"Falinks": {"name": "Falinks", "species": "Falinks", "speciesId": "falinks", "gender": "N", "shiny": false, "level": 84, "moves": ["noretreat", "knockoff", "closecombat", "ironhead"], "ability": "Defiant", "evs": {"hp": 85, "atk": 85, "def": 85, "spa": 85, "spd": 85, "spe": 85}, "ivs": {"hp": 31, "atk": 31, "def": 31, "spa": 31, "spd": 31, "spe": 31}, "item": "Life Orb", "teraType": "Steel", "role": "Setup Sweeper", "bvs": {"hp": 65, "atk": 100, "def": 100, "spa": 70, "spd": 60, "spe": 75}, "stats": {"hp": 246, "atk": 216, "def": 216, "spa": 166, "spd": 149, "spe": 174}, "types": ["Fighting"]}, "Copperajah": {"name": "Copperajah", "species": "Copperajah", "speciesId": "copperajah", "gender": "F", "shiny": false, "level": 86, "moves": ["stealthrock", "superpower", "ironhead", "playrough"], "ability": "Sheer Force", "evs": {"hp": 85, "atk": 85, "def": 85, "spa": 85, "spd": 85, "spe": 85}, "ivs": {"hp": 31, "atk": 31, "def": 31, "spa": 31, "spd": 31, "spe": 31}, "item": "Life Orb", "teraType": "Fairy", "role": "Wallbreaker", "bvs": {"hp": 122, "atk": 130, "def": 69, "spa": 80, "spd": 69, "spe": 30}, "stats": {"hp": 350, "atk": 273, "def": 168, "spa": 187, "spd": 168, "spe": 101}, "types": ["Steel"]}, "Porygon2": {"name": "Porygon2", "species": "Porygon2", "speciesId": "porygon2", "gender": "N", "shiny": false, "level": 81, "moves": ["triattack", "recover", "discharge", "icebeam"], "ability": "Download", "evs": {"hp": 85, "atk": 0, "def": 85, "spa": 85, "spd": 85, "spe": 85}, "ivs": {"hp": 31, "atk": 0, "def": 31, "spa": 31, "spd": 31, "spe": 31}, "item": "Eviolite", "teraType": "Ghost", "role": "Bulky Support", "bvs": {"hp": 85, "atk": 80, "def": 90, "spa": 105, "spd": 95, "spe": 60}, "stats": {"hp": 270, "atk": 134, "def": 192, "spa": 217, "spd": 201, "spe": 144}, "types": ["Normal"]}, "Sandaconda": {"name": "Sandaconda", "species": "Sandaconda", "speciesId": "sandaconda", "gender": "F", "shiny": false, "level": 84, "moves": ["coil", "rest", "stoneedge", "earthquake"], "ability": "Shed Skin", "evs": {"hp": 85, "atk": 85, "def": 85, "spa": 85, "spd": 85, "spe": 85}, "ivs": {"hp": 31, "atk": 31, "def": 31, "spa": 31, "spd": 31, "spe": 31}, "item": "Leftovers", "teraType": "Steel", "role": "Bulky Setup", "bvs": {"hp": 72, "atk": 107, "def": 125, "spa": 65, "spd": 70, "spe": 71}, "stats": {"hp": 258, "atk": 228, "def": 258, "spa": 157, "spd": 166, "spe": 167}, "types": ["Ground"]}, "Rayquaza": {"name": "Rayquaza", "species": "Rayquaza", "speciesId": "rayquaza", "gender": "N", "shiny": false, "level": 72, "moves": ["swordsdance", "dragonascent", "scaleshot", "earthquake"], "ability": "Air Lock", "evs": {"hp": 85, "atk": 85, "def": 85, "spa": 85, "spd": 85, "spe": 85}, "ivs": {"hp": 31, "atk": 31, "def": 31, "spa": 31, "spd": 31, "spe": 31}, "item": "Loaded Dice", "teraType": "Flying", "role": "Fast Bulky Setup", "bvs": {"hp": 105, "atk": 150, "def": 90, "spa": 150, "spd": 90, "spe": 95}, "stats": {"hp": 270, "atk": 258, "def": 172, "spa": 258, "spd": 172, "spe": 179}, "types": ["Dragon", "Flying"]}, "Ogerpon": {"name": "Ogerpon", "species": "Ogerpon-Cornerstone", "speciesId": "ogerponcornerstone", "gender": "F", "shiny": false, "level": 76, "moves": ["powerwhip", "ivycudgel", "synthesis", "encore"], "ability": "Sturdy", "evs": {"hp": 85, "atk": 85, "def": 85, "spa": 85, "spd": 85, "spe": 85}, "ivs": {"hp": 31, "atk": 31, "def": 31, "spa": 31, "spd": 31, "spe": 31}, "item": "Cornerstone Mask", "teraType": "Rock", "role": "Bulky Attacker", "bvs": {"hp": 80, "atk": 120, "def": 84, "spa": 60, "spd": 96, "spe": 110}, "stats": {"hp": 247, "atk": 226, "def": 172, "spa": 135, "spd": 190, "spe": 211}, "types": ["Grass", "Rock"]}}, {"Moltres": {"name": "Moltres", "species": "Moltres", "speciesId": "moltres", "gender": "N", "shiny": false, "level": 81, "moves": ["bravebird", "fireblast", "roost", "scorchingsands"], "ability": "Flame Body", "evs": {"hp": 85, "atk": 85, "def": 85, "spa": 85, "spd": 85, "spe": 85}, "ivs": {"hp": 31, "atk": 31, "def": 31, "spa": 31, "spd": 31, "spe": 31}, "item": "Heavy-Duty Boots", "teraType": "Ground", "role": "Bulky Attacker", "bvs": {"hp": 90, "atk": 100, "def": 90, "spa": 125, "spd": 85, "spe": 90}, "stats": {"hp": 278, "atk": 209, "def": 192, "spa": 249, "spd": 184, "spe": 192}, "types": ["Fire", "Flying"]}, "Roaring Moon": {"name": "Roaring Moon", "species": "Roaring Moon", "speciesId": "roaringmoon", "gender": "N", "shiny": false, "level": 72, "moves": ["knockoff", "outrage", "dragondance", "acrobatics"], "ability": "Protosynthesis", "evs": {"hp": 85, "atk": 85, "def": 85, "spa": 85, "spd": 85, "spe": 85}, "ivs": {"hp": 31, "atk": 31, "def": 31, "spa": 31, "spd": 31, "spe": 31}, "item": "Booster Energy", "teraType": "Flying", "role": "Fast Bulky Setup", "bvs": {"hp": 105, "atk": 139, "def": 71, "spa": 55, "spd": 101, "spe": 119}, "stats": {"hp": 270, "atk": 242, "def": 144, "spa": 121, "spd": 187, "spe": 213}, "types": ["Dragon", "Dark"]}, "Annihilape": {"name": "Annihilape", "species": "Annihilape", "speciesId": "annihilape", "gender": "M", "shiny": false, "level": 76, "moves": ["drainpunch", "rest", "ragefist", "bulkup"], "ability": "Defiant", "evs": {"hp": 85, "atk": 85, "def": 85, "spa": 85, "spd": 85, "spe": 85}, "ivs": {"hp": 31, "atk": 31, "def": 31, "spa": 31, "spd": 31, "spe": 31}, "item": "Chesto Berry", "teraType": "Water", "role": "Bulky Setup", "bvs": {"hp": 110, "atk": 115, "def": 80, "spa": 50, "spd": 90, "spe": 90}, "stats": {"hp": 292, "atk": 219, "def": 166, "spa": 120, "spd": 181, "spe": 181}, "types": ["Fighting", "Ghost"]}, "Jolteon": {"name": "Jolteon", "species": "Jolteon", "speciesId": "jolteon", "gender": "M", "shiny": false, "level": 84, "moves": ["substitute", "calmmind", "terablast", "thunderbolt"], "ability": "Volt Absorb", "evs": {"hp": 85, "atk": 0, "def": 85, "spa": 85, "spd": 85, "spe": 85}, "ivs": {"hp": 31, "atk": 0, "def": 31, "spa": 31, "spd": 31, "spe": 31}, "item": "Leftovers", "teraType": "Ice", "role": "Tera Blast user", "bvs": {"hp": 65, "atk": 65, "def": 60, "spa": 110, "spd": 95, "spe": 130}, "stats": {"hp": 246, "atk": 114, "def": 149, "spa": 233, "spd": 208, "spe": 267}, "types": ["Electric"]}, "Wyrdeer": {"name": "Wyrdeer", "species": "Wyrdeer", "speciesId": "wyrdeer", "gender": "M", "shiny": false, "level": 87, "moves": ["earthquake", "megahorn", "psychicnoise", "thunderwave"], "ability": "Intimidate", "evs": {"hp": 85, "atk": 85, "def": 85, "spa": 85, "spd": 85, "spe": 85}, "ivs": {"hp": 31, "atk": 31, "def": 31, "spa": 31, "spd": 31, "spe": 31}, "item": "Leftovers", "teraType": "Ground", "role": "Bulky Attacker", "bvs": {"hp": 103, "atk": 105, "def": 72, "spa": 105, "spd": 75, "spe": 65}, "stats": {"hp": 321, "atk": 232, "def": 175, "spa": 232, "spd": 180, "spe": 163}, "types": ["Normal", "Psychic"]}, "Palkia": {"name": "Palkia", "species": "Palkia-Origin", "speciesId": "palkiaorigin", "gender": "N", "shiny": false, "level": 72, "moves": ["spacialrend", "fireblast", "hydropump", "thunderwave"], "ability": "Pressure", "evs": {"hp": 85, "atk": 0, "def": 85, "spa": 85, "spd": 85, "spe": 85}, "ivs": {"hp": 31, "atk": 0, "def": 31, "spa": 31, "spd": 31, "spe": 31}, "item": "Lustrous Globe", "teraType": "Fire", "role": "Bulky Attacker", "bvs": {"hp": 90, "atk": 100, "def": 100, "spa": 150, "spd": 120, "spe": 120}, "stats": {"hp": 249, "atk": 149, "def": 186, "spa": 258, "spd": 215, "spe": 215}, "types": ["Water", "Dragon"]}}]}