{"id": "gen9randombattle-2642163576", "format": "[Gen 9] Random Battle", "players": ["jnpr010334", "socan"], "log": "|j|\u2606jnpr010334\n|j|\u2606socan\n|t:|1782903393\n|gametype|singles\n|player|p1|jnpr010334|265|1557\n|player|p2|socan|sage|1518\n|gen|9\n|tier|[Gen 9] Random Battle\n|rated|\n|rule|Species Clause: Limit one of each Pok\u00e9mon\n|rule|HP Percentage Mod: HP is shown in percentages\n|rule|Sleep Clause Mod: Limit one foe put to sleep\n|rule|Illusion Level Mod: Illusion disguises the Pok\u00e9mon's true level\n|\n|t:|1782903393\n|teamsize|p1|6\n|teamsize|p2|6\n|start\n|switch|p1a: Noctowl|Noctowl, L95, M|344/344\n|switch|p2a: Magearna|Magearna, L77|250/250\n|turn|1\n|inactive|Battle timer is ON: inactive players will automatically lose when time's up. (requested by socan)\n|inactive|jnpr010334 also wants the timer to be on.\n|inactive|socan has 120 seconds left.\n|\n|t:|1782903436\n|switch|p2a: Umbreon|Umbreon, L84, F|297/297\n|move|p1a: Noctowl|Calm Mind|p1a: Noctowl\n|-boost|p1a: Noctowl|spa|1\n|-boost|p1a: Noctowl|spd|1\n|\n|upkeep\n|turn|2\n|\n|t:|1782903441\n|move|p1a: Noctowl|Hurricane|p2a: Umbreon\n|-damage|p2a: Umbreon|158/297\n|move|p2a: Umbreon|Toxic|p1a: Noctowl|[miss]\n|-miss|p2a: Umbreon|p1a: Noctowl\n|\n|-heal|p2a: Umbreon|176/297|[from] item: Leftovers\n|upkeep\n|turn|3\n|\n|t:|1782903450\n|move|p2a: Umbreon|Protect|p2a: Umbreon\n|-singleturn|p2a: Umbreon|Protect\n|move|p1a: Noctowl|Hurricane|p2a: Umbreon\n|-activate|p2a: Umbreon|move: Protect\n|\n|-heal|p2a: Umbreon|194/297|[from] item: Leftovers\n|upkeep\n|turn|4\n|\n|t:|1782903455\n|move|p1a: Noctowl|Hurricane|p2a: Umbreon\n|-damage|p2a: Umbreon|46/297\n|move|p2a: Umbreon|Toxic|p1a: Noctowl\n|-status|p1a: Noctowl|tox\n|\n|-heal|p2a: Umbreon|64/297|[from] item: Leftovers\n|-damage|p1a: Noctowl|323/344 tox|[from] psn\n|upkeep\n|turn|5\n|\n|t:|1782903460\n|move|p2a: Umbreon|Protect|p2a: Umbreon\n|-singleturn|p2a: Umbreon|Protect\n|move|p1a: Noctowl|Hyper Voice|p2a: Umbreon\n|-activate|p2a: Umbreon|move: Protect\n|\n|-heal|p2a: Umbreon|82/297|[from] item: Leftovers\n|-damage|p1a: Noctowl|281/344 tox|[from] psn\n|upkeep\n|turn|6\n|\n|t:|1782903483\n|switch|p2a: Ho-Oh|Ho-Oh, L71|268/268\n|move|p1a: Noctowl|Hyper Voice|p2a: Ho-Oh\n|-damage|p2a: Ho-Oh|148/268\n|\n|-damage|p1a: Noctowl|218/344 tox|[from] psn\n|upkeep\n|turn|7\n|\n|t:|1782903486\n|switch|p1a: Klawf|Klawf, L90, M|272/272\n|switch|p2a: Volcanion|Volcanion, L79|255/255\n|\n|upkeep\n|turn|8\n|\n|t:|1782903498\n|move|p1a: Klawf|Stone Edge|p2a: Volcanion\n|-supereffective|p2a: Volcanion\n|-damage|p2a: Volcanion|0 fnt\n|faint|p2a: Volcanion\n|-damage|p1a: Klawf|245/272|[from] item: Life Orb\n|\n|upkeep\n|\n|t:|1782903513\n|switch|p2a: Magearna|Magearna, L77|250/250\n|turn|9\n|\n|t:|1782903514\n|move|p1a: Klawf|High Horsepower|p2a: Magearna\n|-supereffective|p2a: Magearna\n|-damage|p2a: Magearna|55/250\n|-enditem|p2a: Magearna|Weakness Policy\n|-boost|p2a: Magearna|atk|2|[from] item: Weakness Policy\n|-boost|p2a: Magearna|spa|2|[from] item: Weakness Policy\n|-damage|p1a: Klawf|218/272|[from] item: Life Orb\n|move|p2a: Magearna|Shift Gear|p2a: Magearna\n|-boost|p2a: Magearna|spe|2\n|-boost|p2a: Magearna|atk|1\n|\n|upkeep\n|turn|10\n|\n|t:|1782903525\n|-terastallize|p1a: Klawf|Rock\n|move|p2a: Magearna|Iron Head|p1a: Klawf\n|-supereffective|p1a: Klawf\n|-damage|p1a: Klawf|0 fnt\n|faint|p1a: Klawf\n|-ability|p2a: Magearna|Soul-Heart|boost\n|-boost|p2a: Magearna|spa|1\n|\n|upkeep\n|\n|t:|1782903527\n|switch|p1a: Lucario|Lucario, L84, M|255/255\n|turn|11\n|\n|t:|1782903538\n|move|p1a: Lucario|Vacuum Wave|p2a: Magearna\n|-damage|p2a: Magearna|0 fnt\n|faint|p2a: Magearna\n|-damage|p1a: Lucario|230/255|[from] item: Life Orb\n|\n|upkeep\n|\n|t:|1782903545\n|switch|p2a: Umbreon|Umbreon, L84, F|82/297\n|turn|12\n|\n|t:|1782903549\n|move|p2a: Umbreon|Protect|p2a: Umbreon\n|-singleturn|p2a: Umbreon|Protect\n|move|p1a: Lucario|Nasty Plot|p1a: Lucario\n|-boost|p1a: Lucario|spa|2\n|\n|-heal|p2a: Umbreon|100/297|[from] item: Leftovers\n|upkeep\n|turn|13\n|\n|t:|1782903561\n|switch|p2a: Ho-Oh|Ho-Oh, L71|237/268\n|move|p1a: Lucario|Flash Cannon|p2a: Ho-Oh\n|-resisted|p2a: Ho-Oh\n|-damage|p2a: Ho-Oh|151/268\n|-damage|p1a: Lucario|205/255|[from] item: Life Orb\n|\n|upkeep\n|turn|14\n|\n|t:|1782903564\n|switch|p1a: Cramorant|Cramorant, L86, F|261/261\n|move|p2a: Ho-Oh|Sacred Fire|p1a: Cramorant|[miss]\n|-miss|p2a: Ho-Oh|p1a: Cramorant\n|\n|upkeep\n|turn|15\n|\n|t:|1782903589\n|switch|p2a: Gurdurr|Gurdurr, L85, F|283/283\n|move|p1a: Cramorant|Surf|p2a: Gurdurr\n|-formechange|p1a: Cramorant|Cramorant-Gulping|\n|-damage|p2a: Gurdurr|196/283\n|\n|upkeep\n|turn|16\n|\n|t:|1782903593\n|move|p1a: Cramorant|Surf|p2a: Gurdurr\n|-damage|p2a: Gurdurr|115/283\n|move|p2a: Gurdurr|Knock Off|p1a: Cramorant\n|-damage|p1a: Cramorant|164/261\n|-damage|p2a: Gurdurr|45/283|[from] ability: Gulp Missile|[of] p1a: Cramorant\n|-unboost|p2a: Gurdurr|def|1\n|-formechange|p1a: Cramorant|Cramorant|\n|-enditem|p1a: Cramorant|Heavy-Duty Boots|[from] move: Knock Off|[of] p2a: Gurdurr\n|\n|upkeep\n|turn|17\n|\n|t:|1782903601\n|move|p2a: Gurdurr|Mach Punch|p1a: Cramorant\n|-resisted|p1a: Cramorant\n|-damage|p1a: Cramorant|132/261\n|move|p1a: Cramorant|Surf|p2a: Gurdurr\n|-formechange|p1a: Cramorant|Cramorant-Gulping|\n|-damage|p2a: Gurdurr|0 fnt\n|faint|p2a: Gurdurr\n|\n|upkeep\n|\n|t:|1782903606\n|switch|p2a: Umbreon|Umbreon, L84, F|100/297\n|turn|18\n|\n|t:|1782903611\n|move|p2a: Umbreon|Protect|p2a: Umbreon\n|-singleturn|p2a: Umbreon|Protect\n|move|p1a: Cramorant|Brave Bird|p2a: Umbreon\n|-activate|p2a: Umbreon|move: Protect\n|\n|-heal|p2a: Umbreon|118/297|[from] item: Leftovers\n|upkeep\n|turn|19\n|\n|t:|1782903617\n|move|p1a: Cramorant|Brave Bird|p2a: Umbreon\n|-damage|p2a: Umbreon|15/297\n|-damage|p1a: Cramorant|98/261|[from] Recoil\n|move|p2a: Umbreon|Wish|p2a: Umbreon\n|\n|-heal|p2a: Umbreon|33/297|[from] item: Leftovers\n|upkeep\n|turn|20\n|\n|t:|1782903622\n|move|p2a: Umbreon|Protect|p2a: Umbreon\n|-singleturn|p2a: Umbreon|Protect\n|move|p1a: Cramorant|Roost|p1a: Cramorant\n|-heal|p1a: Cramorant|229/261\n|-singleturn|p1a: Cramorant|move: Roost\n|\n|-heal|p2a: Umbreon|181/297|[from] move: Wish|[wisher] Umbreon\n|-heal|p2a: Umbreon|199/297|[from] item: Leftovers\n|upkeep\n|turn|21\n|\n|t:|1782903631\n|switch|p1a: Lucario|Lucario, L84, M|205/255\n|move|p2a: Umbreon|Wish|p2a: Umbreon\n|\n|-heal|p2a: Umbreon|217/297|[from] item: Leftovers\n|upkeep\n|turn|22\n|\n|t:|1782903642\n|switch|p2a: Tauros|Tauros-Paldea-Aqua, L81, M|252/252\n|move|p1a: Lucario|Nasty Plot|p1a: Lucario\n|-boost|p1a: Lucario|spa|2\n|\n|upkeep\n|turn|23\n|\n|t:|1782903647\n|move|p1a: Lucario|Vacuum Wave|p2a: Tauros\n|-damage|p2a: Tauros|87/252\n|-enditem|p2a: Tauros|Sitrus Berry|[eat]\n|-heal|p2a: Tauros|150/252|[from] item: Sitrus Berry\n|-damage|p1a: Lucario|180/255|[from] item: Life Orb\n|move|p2a: Tauros|Close Combat|p1a: Lucario\n|-supereffective|p1a: Lucario\n|-damage|p1a: Lucario|0 fnt\n|-unboost|p2a: Tauros|def|1\n|-unboost|p2a: Tauros|spd|1\n|faint|p1a: Lucario\n|\n|upkeep\n|\n|t:|1782903649\n|switch|p1a: Appletun|Appletun, L92, M|352/352\n|turn|24\n|\n|t:|1782903664\n|switch|p2a: Umbreon|Umbreon, L84, F|217/297\n|move|p1a: Appletun|Apple Acid|p2a: Umbreon\n|-damage|p2a: Umbreon|144/297\n|-unboost|p2a: Umbreon|spd|1\n|\n|-heal|p2a: Umbreon|162/297|[from] item: Leftovers\n|upkeep\n|turn|25\n|\n|t:|1782903669\n|move|p2a: Umbreon|Wish|p2a: Umbreon\n|move|p1a: Appletun|Apple Acid|p2a: Umbreon\n|-damage|p2a: Umbreon|41/297\n|-unboost|p2a: Umbreon|spd|1\n|\n|-heal|p2a: Umbreon|59/297|[from] item: Leftovers\n|upkeep\n|turn|26\n|\n|t:|1782903675\n|move|p2a: Umbreon|Protect|p2a: Umbreon\n|-singleturn|p2a: Umbreon|Protect\n|move|p1a: Appletun|Apple Acid|p2a: Umbreon\n|-activate|p2a: Umbreon|move: Protect\n|\n|-heal|p2a: Umbreon|207/297|[from] move: Wish|[wisher] Umbreon\n|-heal|p2a: Umbreon|225/297|[from] item: Leftovers\n|upkeep\n|turn|27\n|\n|t:|1782903683\n|switch|p2a: Ho-Oh|Ho-Oh, L71|240/268\n|move|p1a: Appletun|Apple Acid|p2a: Ho-Oh\n|-resisted|p2a: Ho-Oh\n|-damage|p2a: Ho-Oh|222/268\n|-unboost|p2a: Ho-Oh|spd|1\n|\n|upkeep\n|turn|28\n|\n|t:|1782903695\n|switch|p2a: Umbreon|Umbreon, L84, F|225/297\n|move|p1a: Appletun|Draco Meteor|p2a: Umbreon\n|-damage|p2a: Umbreon|108/297\n|-unboost|p1a: Appletun|spa|2\n|\n|-heal|p2a: Umbreon|126/297|[from] item: Leftovers\n|upkeep\n|turn|29\n|\n|t:|1782903698\n|switch|p1a: Dialga|Dialga, L73|266/266\n|-ability|p1a: Dialga|Pressure\n|move|p2a: Umbreon|Toxic|p1a: Dialga\n|-immune|p1a: Dialga\n|\n|-heal|p2a: Umbreon|144/297|[from] item: Leftovers\n|upkeep\n|turn|30\n|\n|t:|1782903704\n|move|p1a: Dialga|Thunder Wave|p2a: Umbreon|[miss]\n|-miss|p1a: Dialga|p2a: Umbreon\n|move|p2a: Umbreon|Wish|p2a: Umbreon\n|\n|-heal|p2a: Umbreon|162/297|[from] item: Leftovers\n|upkeep\n|turn|31\n|\n|t:|1782903718\n|switch|p2a: Ho-Oh|Ho-Oh, L71|268/268\n|move|p1a: Dialga|Thunder Wave|p2a: Ho-Oh\n|-status|p2a: Ho-Oh|par\n|\n|upkeep\n|turn|32\n|\n|t:|1782903720\n|switch|p1a: Appletun|Appletun, L92, M|352/352\n|move|p2a: Ho-Oh|Earthquake|p1a: Appletun\n|-resisted|p1a: Appletun\n|-damage|p1a: Appletun|320/352\n|\n|-heal|p1a: Appletun|342/352|[from] item: Leftovers\n|upkeep\n|turn|33\n|\n|t:|1782903727\n|move|p1a: Appletun|Apple Acid|p2a: Ho-Oh\n|-resisted|p2a: Ho-Oh\n|-damage|p2a: Ho-Oh|249/268 par\n|-unboost|p2a: Ho-Oh|spd|1\n|move|p2a: Ho-Oh|Brave Bird|p1a: Appletun\n|-supereffective|p1a: Appletun\n|-crit|p1a: Appletun\n|-damage|p1a: Appletun|0 fnt\n|faint|p1a: Appletun\n|-damage|p2a: Ho-Oh|136/268 par|[from] Recoil\n|\n|upkeep\n|\n|t:|1782903728\n|switch|p1a: Cramorant|Cramorant, L86, F|229/261\n|turn|34\n|\n|t:|1782903735\n|switch|p2a: Umbreon|Umbreon, L84, F|162/297\n|move|p1a: Cramorant|Surf|p2a: Umbreon\n|-formechange|p1a: Cramorant|Cramorant-Gulping|\n|-damage|p2a: Umbreon|95/297\n|\n|-heal|p2a: Umbreon|113/297|[from] item: Leftovers\n|upkeep\n|turn|35\n|\n|t:|1782903738\n|move|p1a: Cramorant|Brave Bird|p2a: Umbreon\n|-damage|p2a: Umbreon|11/297\n|-damage|p1a: Cramorant|195/261|[from] Recoil\n|move|p2a: Umbreon|Wish|p2a: Umbreon\n|\n|-heal|p2a: Umbreon|29/297|[from] item: Leftovers\n|upkeep\n|turn|36\n|\n|t:|1782903748\n|move|p1a: Cramorant|Surf|p2a: Umbreon\n|-damage|p2a: Umbreon|0 fnt\n|faint|p2a: Umbreon\n|\n|upkeep\n|-message|socan forfeited.\n|\n|win|jnpr010334\n|raw|jnpr010334's rating: 1622 &rarr; <strong>1636</strong><br />(+14 for winning)\n|raw|socan's rating: 1518 &rarr; <strong>1504</strong><br />(-14 for losing)\n|l|\u2606socan\n|player|p2|\n", "inputlog": ">version f8ac14003a5f27e1bdc8d8c59608a773c1cb96e5\n>start {\"formatid\":\"gen9randombattle\",\"seed\":\"sodium,c37a09a28d7f39a0933ac066f4f73b92\",\"rated\":\"Rated battle\"}\n>player p1 {\"name\":\"jnpr010334\",\"avatar\":\"265\",\"rating\":1557,\"seed\":\"sodium,1fb3396f64614fd95ee6589bc84b29ea\"}\n>player p2 {\"name\":\"socan\",\"avatar\":\"sage\",\"rating\":1518,\"seed\":\"sodium,0476faad6560de8bc9eda40d1fc3f61a\"}\n>p1 move calmmind\n>p2 switch 6\n>p1 move hurricane\n>p2 move toxic\n>p1 move hurricane\n>p2 move protect\n>p1 move hurricane\n>p2 move toxic\n>p1 move hypervoice\n>p2 move protect\n>p1 move hypervoice\n>p2 switch 3\n>p1 switch 4\n>p2 switch 2\n>p1 move stoneedge\n>p2 move flamecharge\n>p2 switch 6\n>p1 move highhorsepower\n>p2 move shiftgear\n>p1 move highhorsepower terastallize\n>p2 move ironhead\n>p1 switch 3\n>p1 move vacuumwave\n>p2 move fleurcannon\n>p2 switch 3\n>p1 move nastyplot\n>p2 move protect\n>p1 move flashcannon\n>p2 switch 2\n>p1 switch 6\n>p2 move sacredfire\n>p1 move surf\n>p2 switch 4\n>p1 move surf\n>p2 move knockoff\n>p1 move surf\n>p2 move machpunch\n>p2 switch 2\n>p1 move bravebird\n>p2 move protect\n>p1 move bravebird\n>p2 move wish\n>p1 move roost\n>p2 move protect\n>p1 switch 6\n>p2 move wish\n>p1 move nastyplot\n>p2 switch 5\n>p1 move vacuumwave\n>p2 move closecombat\n>p1 switch 2\n>p1 move appleacid\n>p2 switch 5\n>p1 move appleacid\n>p2 move wish\n>p1 move appleacid\n>p2 move protect\n>p1 move appleacid\n>p2 switch 4\n>p1 move dracometeor\n>p2 switch 4\n>p1 switch 5\n>p2 move toxic\n>p1 move thunderwave\n>p2 move wish\n>p1 move thunderwave\n>p2 switch 4\n>p1 switch 5\n>p2 move earthquake\n>p1 move appleacid\n>p2 move bravebird\n>p1 switch 6\n>p1 move surf\n>p2 switch 4\n>p1 move bravebird\n>p2 move wish\n>p1 move surf\n>p2 move toxic\n>forcelose p2", "uploadtime": 1782903754, "views": 2, "formatid": "gen9randombattle", "rating": 1504, "private": 0, "password": null, "player_dets": [{"name": "jnpr010334", "avatar": "265", "rating": 1557, "seed": "sodium,1fb3396f64614fd95ee6589bc84b29ea"}, {"name": "socan", "avatar": "sage", "rating": 1518, "seed": "sodium,0476faad6560de8bc9eda40d1fc3f61a"}], "teams_full": [{"Noctowl": {"name": "Noctowl", "species": "Noctowl", "speciesId": "noctowl", "gender": "M", "shiny": false, "level": 95, "moves": ["hurricane", "roost", "calmmind", "hypervoice"], "ability": "Tinted Lens", "evs": {"hp": 85, "atk": 0, "def": 85, "spa": 85, "spd": 85, "spe": 85}, "ivs": {"hp": 31, "atk": 0, "def": 31, "spa": 31, "spd": 31, "spe": 31}, "item": "Heavy-Duty Boots", "teraType": "Ground", "role": "Bulky Attacker", "bvs": {"hp": 100, "atk": 50, "def": 50, "spa": 86, "spd": 96, "spe": 70}, "stats": {"hp": 344, "atk": 100, "def": 149, "spa": 217, "spd": 236, "spe": 187}, "types": ["Normal", "Flying"]}, "Appletun": {"name": "Appletun", "species": "Appletun", "speciesId": "appletun", "gender": "M", "shiny": false, "level": 92, "moves": ["appleacid", "dracometeor", "dragontail", "recover"], "ability": "Thick Fat", "evs": {"hp": 85, "atk": 85, "def": 85, "spa": 85, "spd": 85, "spe": 85}, "ivs": {"hp": 31, "atk": 31, "def": 31, "spa": 31, "spd": 31, "spe": 31}, "item": "Leftovers", "teraType": "Steel", "role": "Bulky Attacker", "bvs": {"hp": 110, "atk": 85, "def": 80, "spa": 100, "spd": 80, "spe": 30}, "stats": {"hp": 352, "atk": 209, "def": 200, "spa": 236, "spd": 200, "spe": 108}, "types": ["Grass", "Dragon"]}, "Lucario": {"name": "Lucario", "species": "Lucario", "speciesId": "lucario", "gender": "M", "shiny": false, "level": 84, "moves": ["flashcannon", "nastyplot", "focusblast", "vacuumwave"], "ability": "Inner Focus", "evs": {"hp": 85, "atk": 0, "def": 85, "spa": 85, "spd": 85, "spe": 85}, "ivs": {"hp": 31, "atk": 0, "def": 31, "spa": 31, "spd": 31, "spe": 31}, "item": "Life Orb", "teraType": "Fighting", "role": "Setup Sweeper", "bvs": {"hp": 70, "atk": 110, "def": 70, "spa": 115, "spd": 70, "spe": 90}, "stats": {"hp": 255, "atk": 189, "def": 166, "spa": 241, "spd": 166, "spe": 199}, "types": ["Fighting", "Steel"]}, "Klawf": {"name": "Klawf", "species": "Klawf", "speciesId": "klawf", "gender": "M", "shiny": false, "level": 90, "moves": ["crabhammer", "stealthrock", "stoneedge", "highhorsepower"], "ability": "Regenerator", "evs": {"hp": 85, "atk": 85, "def": 85, "spa": 85, "spd": 85, "spe": 85}, "ivs": {"hp": 31, "atk": 31, "def": 31, "spa": 31, "spd": 31, "spe": 31}, "item": "Life Orb", "teraType": "Rock", "role": "Fast Attacker", "bvs": {"hp": 70, "atk": 100, "def": 115, "spa": 35, "spd": 55, "spe": 75}, "stats": {"hp": 272, "atk": 231, "def": 258, "spa": 114, "spd": 150, "spe": 186}, "types": ["Rock"]}, "Dialga": {"name": "Dialga", "species": "Dialga", "speciesId": "dialga", "gender": "N", "shiny": false, "level": 73, "moves": ["dracometeor", "thunderwave", "heavyslam", "fireblast"], "ability": "Pressure", "evs": {"hp": 85, "atk": 85, "def": 85, "spa": 85, "spd": 85, "spe": 85}, "ivs": {"hp": 31, "atk": 31, "def": 31, "spa": 31, "spd": 31, "spe": 31}, "item": "Leftovers", "teraType": "Flying", "role": "Bulky Attacker", "bvs": {"hp": 100, "atk": 120, "def": 120, "spa": 150, "spd": 100, "spe": 90}, "stats": {"hp": 266, "atk": 218, "def": 218, "spa": 261, "spd": 188, "spe": 174}, "types": ["Steel", "Dragon"]}, "Cramorant": {"name": "Cramorant", "species": "Cramorant", "speciesId": "cramorant", "gender": "F", "shiny": false, "level": 86, "moves": ["defog", "surf", "roost", "bravebird"], "ability": "Gulp Missile", "evs": {"hp": 85, "atk": 85, "def": 85, "spa": 85, "spd": 85, "spe": 85}, "ivs": {"hp": 31, "atk": 31, "def": 31, "spa": 31, "spd": 31, "spe": 31}, "item": "Heavy-Duty Boots", "teraType": "Ground", "role": "Bulky Support", "bvs": {"hp": 70, "atk": 85, "def": 55, "spa": 85, "spd": 95, "spe": 85}, "stats": {"hp": 261, "atk": 195, "def": 144, "spa": 195, "spd": 213, "spe": 195}, "types": ["Flying", "Water"]}}, {"Magearna": {"name": "Magearna", "species": "Magearna", "speciesId": "magearna", "gender": "N", "shiny": false, "level": 77, "moves": ["fleurcannon", "ironhead", "terablast", "shiftgear"], "ability": "Soul-Heart", "evs": {"hp": 85, "atk": 85, "def": 85, "spa": 85, "spd": 85, "spe": 85}, "ivs": {"hp": 31, "atk": 31, "def": 31, "spa": 31, "spd": 31, "spe": 31}, "item": "Weakness Policy", "teraType": "Ground", "role": "Tera Blast user", "bvs": {"hp": 80, "atk": 95, "def": 115, "spa": 130, "spd": 115, "spe": 65}, "stats": {"hp": 250, "atk": 191, "def": 222, "spa": 245, "spd": 222, "spe": 145}, "types": ["Steel", "Fairy"]}, "Volcanion": {"name": "Volcanion", "species": "Volcanion", "speciesId": "volcanion", "gender": "N", "shiny": false, "level": 79, "moves": ["flamethrower", "flamecharge", "steameruption", "earthpower"], "ability": "Water Absorb", "evs": {"hp": 81, "atk": 85, "def": 85, "spa": 85, "spd": 85, "spe": 85}, "ivs": {"hp": 31, "atk": 31, "def": 31, "spa": 31, "spd": 31, "spe": 31}, "item": "Assault Vest", "teraType": "Ground", "role": "Bulky Attacker", "bvs": {"hp": 80, "atk": 110, "def": 120, "spa": 130, "spd": 90, "spe": 70}, "stats": {"hp": 255, "atk": 219, "def": 235, "spa": 251, "spd": 188, "spe": 156}, "types": ["Fire", "Water"]}, "Ho-Oh": {"name": "Ho-Oh", "species": "Ho-Oh", "speciesId": "hooh", "gender": "N", "shiny": false, "level": 71, "moves": ["sacredfire", "earthquake", "bravebird", "recover"], "ability": "Regenerator", "evs": {"hp": 85, "atk": 85, "def": 85, "spa": 85, "spd": 85, "spe": 85}, "ivs": {"hp": 31, "atk": 31, "def": 31, "spa": 31, "spd": 31, "spe": 31}, "item": "Heavy-Duty Boots", "teraType": "Steel", "role": "Bulky Attacker", "bvs": {"hp": 106, "atk": 130, "def": 90, "spa": 110, "spd": 154, "spe": 90}, "stats": {"hp": 268, "atk": 226, "def": 169, "spa": 198, "spd": 260, "spe": 169}, "types": ["Fire", "Flying"]}, "Gurdurr": {"name": "Gurdurr", "species": "Gurdurr", "speciesId": "gurdurr", "gender": "F", "shiny": false, "level": 85, "moves": ["defog", "knockoff", "machpunch", "drainpunch"], "ability": "Guts", "evs": {"hp": 85, "atk": 85, "def": 85, "spa": 85, "spd": 85, "spe": 85}, "ivs": {"hp": 31, "atk": 31, "def": 31, "spa": 31, "spd": 31, "spe": 31}, "item": "Eviolite", "teraType": "Steel", "role": "Bulky Attacker", "bvs": {"hp": 85, "atk": 105, "def": 85, "spa": 40, "spd": 50, "spe": 40}, "stats": {"hp": 283, "atk": 227, "def": 193, "spa": 117, "spd": 134, "spe": 117}, "types": ["Fighting"]}, "Tauros": {"name": "Tauros", "species": "Tauros-Paldea-Aqua", "speciesId": "taurospaldeaaqua", "gender": "M", "shiny": false, "level": 81, "moves": ["liquidation", "substitute", "closecombat", "bulkup"], "ability": "Cud Chew", "evs": {"hp": 73, "atk": 85, "def": 85, "spa": 85, "spd": 85, "spe": 85}, "ivs": {"hp": 31, "atk": 31, "def": 31, "spa": 31, "spd": 31, "spe": 31}, "item": "Sitrus Berry", "teraType": "Water", "role": "Fast Bulky Setup", "bvs": {"hp": 75, "atk": 110, "def": 105, "spa": 30, "spd": 70, "spe": 100}, "stats": {"hp": 252, "atk": 225, "def": 217, "spa": 95, "spd": 160, "spe": 209}, "types": ["Fighting", "Water"]}, "Umbreon": {"name": "Umbreon", "species": "Umbreon", "speciesId": "umbreon", "gender": "F", "shiny": false, "level": 84, "moves": ["toxic", "protect", "foulplay", "wish"], "ability": "Synchronize", "evs": {"hp": 85, "atk": 0, "def": 85, "spa": 85, "spd": 85, "spe": 85}, "ivs": {"hp": 31, "atk": 0, "def": 31, "spa": 31, "spd": 31, "spe": 31}, "item": "Leftovers", "teraType": "Poison", "role": "Bulky Support", "bvs": {"hp": 95, "atk": 65, "def": 110, "spa": 60, "spd": 130, "spe": 65}, "stats": {"hp": 297, "atk": 114, "def": 233, "spa": 149, "spd": 267, "spe": 157}, "types": ["Dark"]}}]}