{"id": "gen9randombattle-2642119696", "format": "[Gen 9] Random Battle", "players": ["forcemajor14", "RC-DA"], "log": "|j|\u2606forcemajor14\n|j|\u2606RC-DA\n|t:|1782894208\n|gametype|singles\n|player|p1|forcemajor14|266|2161\n|player|p2|RC-DA|wallace|2048\n|gen|9\n|tier|[Gen 9] Random Battle\n|rated|\n|rule|Species Clause: Limit one of each Pok\u00e9mon\n|rule|HP Percentage Mod: HP is shown in percentages\n|rule|Sleep Clause Mod: Limit one foe put to sleep\n|rule|Illusion Level Mod: Illusion disguises the Pok\u00e9mon's true level\n|\n|t:|1782894208\n|teamsize|p1|6\n|teamsize|p2|6\n|start\n|switch|p1a: Grumpig|Grumpig, L92, M|297/297\n|switch|p2a: Dusknoir|Dusknoir, L89, F|225/225\n|-item|p1a: Grumpig|Choice Specs|[from] ability: Frisk|[of] p2a: Dusknoir\n|turn|1\n|\n|t:|1782894217\n|switch|p1a: Morpeko|Morpeko, L88, M|245/245\n|move|p2a: Dusknoir|Poltergeist|p1a: Morpeko\n|-activate|p1a: Morpeko|move: Poltergeist|Leftovers\n|-resisted|p1a: Morpeko\n|-crit|p1a: Morpeko\n|-damage|p1a: Morpeko|117/245\n|\n|-heal|p1a: Morpeko|132/245|[from] item: Leftovers\n|-formechange|p1a: Morpeko|Morpeko-Hangry||[from] ability: Hunger Switch\n|upkeep\n|turn|2\n|inactive|Battle timer is ON: inactive players will automatically lose when time's up. (requested by forcemajor14)\n|\n|t:|1782894223\n|move|p1a: Morpeko|Aura Wheel|p2a: Dusknoir\n|-supereffective|p2a: Dusknoir\n|-damage|p2a: Dusknoir|51/225\n|-boost|p1a: Morpeko|spe|1\n|move|p2a: Dusknoir|Earthquake|p1a: Morpeko\n|-supereffective|p1a: Morpeko\n|-damage|p1a: Morpeko|0 fnt\n|faint|p1a: Morpeko\n|\n|-heal|p2a: Dusknoir|65/225|[from] item: Leftovers\n|upkeep\n|\n|t:|1782894226\n|switch|p1a: Cetitan|Cetitan, L82, F|413/413\n|turn|3\n|\n|t:|1782894229\n|move|p1a: Cetitan|Icicle Crash|p2a: Dusknoir\n|-damage|p2a: Dusknoir|0 fnt\n|faint|p2a: Dusknoir\n|\n|upkeep\n|\n|t:|1782894237\n|switch|p2a: Muk|Muk-Alola, L82, M|306/306\n|turn|4\n|\n|t:|1782894241\n|switch|p1a: Archaludon|Archaludon, L78, M|268/268\n|move|p2a: Muk|Knock Off|p1a: Archaludon\n|-crit|p1a: Archaludon\n|-damage|p1a: Archaludon|142/268\n|-ability|p1a: Archaludon|Stamina|boost\n|-boost|p1a: Archaludon|def|1\n|-enditem|p1a: Archaludon|Leftovers|[from] move: Knock Off|[of] p2a: Muk\n|\n|upkeep\n|turn|5\n|\n|t:|1782894249\n|move|p1a: Archaludon|Stealth Rock|p2a: Muk\n|-sidestart|p2: RC-DA|move: Stealth Rock\n|move|p2a: Muk|Drain Punch|p1a: Archaludon\n|-supereffective|p1a: Archaludon\n|-damage|p1a: Archaludon|78/268\n|-ability|p1a: Archaludon|Stamina|boost\n|-boost|p1a: Archaludon|def|1\n|\n|upkeep\n|turn|6\n|\n|t:|1782894252\n|move|p1a: Archaludon|Body Press|p2a: Muk\n|-damage|p2a: Muk|150/306\n|move|p2a: Muk|Drain Punch|p1a: Archaludon\n|-supereffective|p1a: Archaludon\n|-damage|p1a: Archaludon|36/268\n|-heal|p2a: Muk|171/306|[from] drain|[of] p1a: Archaludon\n|-ability|p1a: Archaludon|Stamina|boost\n|-boost|p1a: Archaludon|def|1\n|\n|upkeep\n|turn|7\n|\n|t:|1782894259\n|switch|p2a: Pachirisu|Pachirisu, L96, M|271/271\n|-damage|p2a: Pachirisu|238/271|[from] Stealth Rock\n|move|p1a: Archaludon|Body Press|p2a: Pachirisu\n|-damage|p2a: Pachirisu|79/271\n|\n|upkeep\n|turn|8\n|\n|t:|1782894262\n|move|p2a: Pachirisu|Thunderbolt|p1a: Archaludon\n|-resisted|p1a: Archaludon\n|-damage|p1a: Archaludon|0 fnt\n|faint|p1a: Archaludon\n|\n|upkeep\n|\n|t:|1782894263\n|switch|p1a: Indeedee|Indeedee-F, L90, F|272/272\n|-fieldstart|move: Psychic Terrain|[from] ability: Psychic Surge|[of] p1a: Indeedee\n|turn|9\n|\n|t:|1782894265\n|move|p1a: Indeedee|Psyshock|p2a: Pachirisu\n|-damage|p2a: Pachirisu|0 fnt\n|faint|p2a: Pachirisu\n|\n|upkeep\n|\n|t:|1782894267\n|switch|p2a: Muk|Muk-Alola, L82, M|171/306\n|-damage|p2a: Muk|133/306|[from] Stealth Rock\n|turn|10\n|\n|t:|1782894271\n|-terastallize|p1a: Indeedee|Psychic\n|move|p1a: Indeedee|Psyshock|p2a: Muk\n|-immune|p2a: Muk\n|move|p2a: Muk|Knock Off|p1a: Indeedee\n|-supereffective|p1a: Indeedee\n|-damage|p1a: Indeedee|26/272\n|-status|p1a: Indeedee|psn|[from] ability: Poison Touch|[of] p2a: Muk\n|-enditem|p1a: Indeedee|Choice Scarf|[from] move: Knock Off|[of] p2a: Muk\n|\n|-damage|p1a: Indeedee|0 fnt|[from] psn\n|faint|p1a: Indeedee\n|upkeep\n|\n|t:|1782894274\n|switch|p1a: Cetitan|Cetitan, L82, F|413/413\n|turn|11\n|\n|t:|1782894283\n|move|p1a: Cetitan|Earthquake|p2a: Muk\n|-supereffective|p2a: Muk\n|-damage|p2a: Muk|0 fnt\n|faint|p2a: Muk\n|-damage|p1a: Cetitan|372/413|[from] item: Life Orb\n|\n|upkeep\n|\n|t:|1782894289\n|switch|p2a: Kingambit|Kingambit, L74, F|270/270\n|-damage|p2a: Kingambit|254/270|[from] Stealth Rock\n|-activate|p2a: Kingambit|ability: Supreme Overlord\n|-start|p2a: Kingambit|fallen3|[silent]\n|turn|12\n|\n|t:|1782894292\n|move|p1a: Cetitan|Earthquake|p2a: Kingambit\n|-supereffective|p2a: Kingambit\n|-damage|p2a: Kingambit|93/270\n|-damage|p1a: Cetitan|331/413|[from] item: Life Orb\n|move|p2a: Kingambit|Iron Head|p1a: Cetitan\n|-supereffective|p1a: Cetitan\n|-damage|p1a: Cetitan|35/413\n|\n|-heal|p2a: Kingambit|109/270|[from] item: Leftovers\n|upkeep\n|turn|13\n|\n|t:|1782894304\n|-end|p2a: Kingambit|fallen3|[silent]\n|switch|p2a: Altaria|Altaria, L89, F|278/278\n|move|p1a: Cetitan|Earthquake|p2a: Altaria\n|-immune|p2a: Altaria\n|\n|-fieldend|move: Psychic Terrain\n|upkeep\n|turn|14\n|\n|t:|1782894308\n|move|p1a: Cetitan|Ice Shard|p2a: Altaria\n|-supereffective|p2a: Altaria\n|-damage|p2a: Altaria|54/278\n|-damage|p1a: Cetitan|0 fnt|[from] item: Life Orb\n|faint|p1a: Cetitan\n|move|p2a: Altaria|Brave Bird|p1: Cetitan|[notarget]\n|-fail|p2a: Altaria\n|\n|upkeep\n|\n|t:|1782894309\n|switch|p1a: Grumpig|Grumpig, L92, M|297/297\n|turn|15\n|\n|t:|1782894313\n|move|p1a: Grumpig|Psychic|p2a: Altaria\n|-crit|p2a: Altaria\n|-damage|p2a: Altaria|0 fnt\n|faint|p2a: Altaria\n|\n|upkeep\n|\n|t:|1782894315\n|switch|p2a: Kingambit|Kingambit, L74, F|109/270\n|-damage|p2a: Kingambit|93/270|[from] Stealth Rock\n|-activate|p2a: Kingambit|ability: Supreme Overlord\n|-start|p2a: Kingambit|fallen4|[silent]\n|turn|16\n|\n|t:|1782894317\n|switch|p1a: Volbeat|Volbeat, L90, M|263/263\n|move|p2a: Kingambit|Swords Dance|p2a: Kingambit\n|-boost|p2a: Kingambit|atk|2\n|\n|-heal|p2a: Kingambit|109/270|[from] item: Leftovers\n|upkeep\n|turn|17\n|j| OrangeCarrots\n|\n|t:|1782894321\n|move|p1a: Volbeat|U-turn|p2a: Kingambit\n|-damage|p2a: Kingambit|40/270\n|\n|t:|1782894323\n|switch|p1a: Grumpig|Grumpig, L92, M|297/297|[from] U-turn\n|move|p2a: Kingambit|Kowtow Cleave|p1a: Grumpig\n|-supereffective|p1a: Grumpig\n|-damage|p1a: Grumpig|0 fnt\n|faint|p1a: Grumpig\n|\n|-heal|p2a: Kingambit|56/270|[from] item: Leftovers\n|upkeep\n|\n|t:|1782894325\n|switch|p1a: Volbeat|Volbeat, L90, M|263/263\n|turn|18\n|\n|t:|1782894328\n|move|p2a: Kingambit|Sucker Punch|p1a: Volbeat\n|-damage|p1a: Volbeat|34/263\n|move|p1a: Volbeat|U-turn|p2a: Kingambit\n|-damage|p2a: Kingambit|0 fnt\n|faint|p2a: Kingambit\n|-end|p2a: Kingambit|fallen4|[silent]\n|\n|upkeep\n|\n|t:|1782894331\n|switch|p2a: Kyurem|Kyurem-White, L73|303/303\n|-damage|p2a: Kyurem|228/303|[from] Stealth Rock\n|-ability|p2a: Kyurem|Turboblaze\n|turn|19\n|\n|t:|1782894335\n|move|p1a: Volbeat|Roost|p1a: Volbeat\n|-heal|p1a: Volbeat|166/263\n|-singleturn|p1a: Volbeat|move: Roost\n|move|p2a: Kyurem|Fusion Flare|p1a: Volbeat\n|-supereffective|p1a: Volbeat\n|-crit|p1a: Volbeat\n|-damage|p1a: Volbeat|0 fnt\n|faint|p1a: Volbeat\n|\n|win|RC-DA\n|raw|forcemajor14's rating: 2096 &rarr; <strong>2075</strong><br />(-21 for losing)\n|raw|RC-DA's rating: 2071 &rarr; <strong>2092</strong><br />(+21 for winning)\n", "inputlog": ">version f8ac14003a5f27e1bdc8d8c59608a773c1cb96e5\n>start {\"formatid\":\"gen9randombattle\",\"seed\":\"sodium,29c398e37255923aeff270d3275f7f2f\",\"rated\":\"Rated battle\"}\n>player p1 {\"name\":\"forcemajor14\",\"avatar\":\"266\",\"rating\":2161,\"seed\":\"sodium,4a5df8277f054e45af637857eb201d13\"}\n>player p2 {\"name\":\"RC-DA\",\"avatar\":\"wallace\",\"rating\":2048,\"seed\":\"sodium,6557f4c43182b0239d2d0f5da434883d\"}\n>p1 switch 2\n>p2 move poltergeist\n>p1 move aurawheel\n>p2 move earthquake\n>p1 switch 6\n>p1 move iciclecrash\n>p2 move painsplit\n>p2 switch 5\n>p1 switch 4\n>p2 move knockoff\n>p1 move stealthrock\n>p2 move drainpunch\n>p1 move bodypress\n>p2 move drainpunch\n>p1 move bodypress\n>p2 switch 3\n>p1 move bodypress\n>p2 move thunderbolt\n>p1 switch 3\n>p1 move psyshock\n>p2 move nuzzle\n>p2 switch 3\n>p1 move psyshock terastallize\n>p2 move knockoff\n>p1 switch 4\n>p1 move earthquake\n>p2 move drainpunch\n>p2 switch 4\n>p1 move earthquake\n>p2 move ironhead\n>p1 move earthquake\n>p2 switch 6\n>p1 move iceshard\n>p2 move bravebird\n>p1 switch 2\n>p1 move psychic\n>p2 move bravebird\n>p2 switch 6\n>p1 switch 5\n>p2 move swordsdance\n>p1 move uturn\n>p2 move kowtowcleave\n>p1 switch 5\n>p1 switch 5\n>p1 move uturn\n>p2 move suckerpunch\n>p2 switch 2\n>p1 move roost\n>p2 move fusionflare", "uploadtime": 1782894335, "views": 2, "formatid": "gen9randombattle", "rating": 2075, "private": 0, "password": null, "player_dets": [{"name": "forcemajor14", "avatar": "266", "rating": 2161, "seed": "sodium,4a5df8277f054e45af637857eb201d13"}, {"name": "RC-DA", "avatar": "wallace", "rating": 2048, "seed": "sodium,6557f4c43182b0239d2d0f5da434883d"}], "teams_full": [{"Grumpig": {"name": "Grumpig", "species": "Grumpig", "speciesId": "grumpig", "gender": "M", "shiny": false, "level": 92, "moves": ["earthpower", "psychic", "focusblast", "shadowball"], "ability": "Thick Fat", "evs": {"hp": 85, "atk": 0, "def": 85, "spa": 85, "spd": 85, "spe": 85}, "ivs": {"hp": 31, "atk": 0, "def": 31, "spa": 31, "spd": 31, "spe": 31}, "item": "Choice Specs", "teraType": "Ghost", "role": "Bulky Attacker", "bvs": {"hp": 80, "atk": 45, "def": 65, "spa": 90, "spd": 110, "spe": 80}, "stats": {"hp": 297, "atk": 87, "def": 172, "spa": 218, "spd": 255, "spe": 200}, "types": ["Psychic"]}, "Morpeko": {"name": "Morpeko", "species": "Morpeko", "speciesId": "morpeko", "gender": "M", "shiny": false, "level": 88, "moves": ["rapidspin", "knockoff", "protect", "aurawheel"], "ability": "Hunger Switch", "evs": {"hp": 85, "atk": 85, "def": 85, "spa": 85, "spd": 85, "spe": 85}, "ivs": {"hp": 31, "atk": 31, "def": 31, "spa": 31, "spd": 31, "spe": 31}, "item": "Leftovers", "teraType": "Electric", "role": "Bulky Attacker", "bvs": {"hp": 58, "atk": 95, "def": 58, "spa": 70, "spd": 58, "spe": 97}, "stats": {"hp": 245, "atk": 217, "def": 152, "spa": 173, "spd": 152, "spe": 221}, "types": ["Electric", "Dark"]}, "Indeedee": {"name": "Indeedee", "species": "Indeedee-F", "speciesId": "indeedeef", "gender": "F", "shiny": false, "level": 90, "moves": ["healingwish", "psyshock", "hypervoice", "dazzlinggleam"], "ability": "Psychic Surge", "evs": {"hp": 85, "atk": 0, "def": 85, "spa": 85, "spd": 85, "spe": 85}, "ivs": {"hp": 31, "atk": 0, "def": 31, "spa": 31, "spd": 31, "spe": 31}, "item": "Choice Scarf", "teraType": "Psychic", "role": "Fast Attacker", "bvs": {"hp": 70, "atk": 55, "def": 65, "spa": 95, "spd": 105, "spe": 85}, "stats": {"hp": 272, "atk": 104, "def": 168, "spa": 222, "spd": 240, "spe": 204}, "types": ["Psychic", "Normal"]}, "Archaludon": {"name": "Archaludon", "species": "Archaludon", "speciesId": "archaludon", "gender": "M", "shiny": false, "level": 78, "moves": ["stealthrock", "bodypress", "flashcannon", "dracometeor"], "ability": "Stamina", "evs": {"hp": 85, "atk": 0, "def": 85, "spa": 85, "spd": 85, "spe": 85}, "ivs": {"hp": 31, "atk": 0, "def": 31, "spa": 31, "spd": 31, "spe": 31}, "item": "Leftovers", "teraType": "Fighting", "role": "Bulky Attacker", "bvs": {"hp": 90, "atk": 105, "def": 130, "spa": 125, "spd": 65, "spe": 85}, "stats": {"hp": 268, "atk": 168, "def": 248, "spa": 240, "spd": 146, "spe": 178}, "types": ["Steel", "Dragon"]}, "Volbeat": {"name": "Volbeat", "species": "Volbeat", "speciesId": "volbeat", "gender": "M", "shiny": false, "level": 90, "moves": ["encore", "thunderwave", "roost", "uturn"], "ability": "Prankster", "evs": {"hp": 85, "atk": 85, "def": 85, "spa": 85, "spd": 85, "spe": 85}, "ivs": {"hp": 31, "atk": 31, "def": 31, "spa": 31, "spd": 31, "spe": 31}, "item": "Heavy-Duty Boots", "teraType": "Steel", "role": "Bulky Support", "bvs": {"hp": 65, "atk": 73, "def": 75, "spa": 47, "spd": 85, "spe": 85}, "stats": {"hp": 263, "atk": 183, "def": 186, "spa": 136, "spd": 204, "spe": 204}, "types": ["Bug"]}, "Cetitan": {"name": "Cetitan", "species": "Cetitan", "speciesId": "cetitan", "gender": "F", "shiny": false, "level": 82, "moves": ["iceshard", "liquidation", "earthquake", "iciclecrash"], "ability": "Sheer Force", "evs": {"hp": 85, "atk": 85, "def": 85, "spa": 85, "spd": 85, "spe": 85}, "ivs": {"hp": 31, "atk": 31, "def": 31, "spa": 31, "spd": 31, "spe": 31}, "item": "Life Orb", "teraType": "Water", "role": "Wallbreaker", "bvs": {"hp": 170, "atk": 113, "def": 65, "spa": 45, "spd": 55, "spe": 73}, "stats": {"hp": 413, "atk": 232, "def": 154, "spa": 121, "spd": 137, "spe": 167}, "types": ["Ice"]}}, {"Dusknoir": {"name": "Dusknoir", "species": "Dusknoir", "speciesId": "dusknoir", "gender": "F", "shiny": false, "level": 89, "moves": ["painsplit", "shadowsneak", "poltergeist", "earthquake"], "ability": "Frisk", "evs": {"hp": 85, "atk": 85, "def": 85, "spa": 85, "spd": 85, "spe": 85}, "ivs": {"hp": 31, "atk": 31, "def": 31, "spa": 31, "spd": 31, "spe": 31}, "item": "Leftovers", "teraType": "Fairy", "role": "Bulky Support", "bvs": {"hp": 45, "atk": 100, "def": 135, "spa": 65, "spd": 135, "spe": 45}, "stats": {"hp": 225, "atk": 229, "def": 291, "spa": 166, "spd": 291, "spe": 131}, "types": ["Ghost"]}, "Kyurem": {"name": "Kyurem", "species": "Kyurem-White", "speciesId": "kyuremwhite", "gender": "N", "shiny": false, "level": 73, "moves": ["icebeam", "dracometeor", "fusionflare", "freezedry"], "ability": "Turboblaze", "evs": {"hp": 85, "atk": 0, "def": 85, "spa": 85, "spd": 85, "spe": 85}, "ivs": {"hp": 31, "atk": 0, "def": 31, "spa": 31, "spd": 31, "spe": 31}, "item": "Choice Specs", "teraType": "Ice", "role": "Bulky Attacker", "bvs": {"hp": 125, "atk": 120, "def": 90, "spa": 170, "spd": 100, "spe": 95}, "stats": {"hp": 303, "atk": 180, "def": 174, "spa": 291, "spd": 188, "spe": 181}, "types": ["Dragon", "Ice"]}, "Pachirisu": {"name": "Pachirisu", "species": "Pachirisu", "speciesId": "pachirisu", "gender": "M", "shiny": false, "level": 96, "moves": ["uturn", "nuzzle", "thunderbolt", "superfang"], "ability": "Volt Absorb", "evs": {"hp": 85, "atk": 85, "def": 85, "spa": 85, "spd": 85, "spe": 85}, "ivs": {"hp": 31, "atk": 31, "def": 31, "spa": 31, "spd": 31, "spe": 31}, "item": "Assault Vest", "teraType": "Flying", "role": "AV Pivot", "bvs": {"hp": 60, "atk": 45, "def": 70, "spa": 45, "spd": 90, "spe": 95}, "stats": {"hp": 271, "atk": 141, "def": 189, "spa": 141, "spd": 227, "spe": 237}, "types": ["Electric"]}, "Kingambit": {"name": "Kingambit", "species": "Kingambit", "speciesId": "kingambit", "gender": "F", "shiny": false, "level": 74, "moves": ["ironhead", "kowtowcleave", "suckerpunch", "swordsdance"], "ability": "Supreme Overlord", "evs": {"hp": 85, "atk": 85, "def": 85, "spa": 85, "spd": 85, "spe": 85}, "ivs": {"hp": 31, "atk": 31, "def": 31, "spa": 31, "spd": 31, "spe": 31}, "item": "Leftovers", "teraType": "Flying", "role": "Bulky Attacker", "bvs": {"hp": 100, "atk": 135, "def": 120, "spa": 60, "spd": 85, "spe": 50}, "stats": {"hp": 270, "atk": 243, "def": 221, "spa": 132, "spd": 169, "spe": 117}, "types": ["Dark", "Steel"]}, "Muk": {"name": "Muk", "species": "Muk-Alola", "speciesId": "mukalola", "gender": "M", "shiny": false, "level": 82, "moves": ["drainpunch", "knockoff", "shadowsneak", "poisonjab"], "ability": "Poison Touch", "evs": {"hp": 85, "atk": 85, "def": 85, "spa": 85, "spd": 85, "spe": 85}, "ivs": {"hp": 31, "atk": 31, "def": 31, "spa": 31, "spd": 31, "spe": 31}, "item": "Assault Vest", "teraType": "Fighting", "role": "AV Pivot", "bvs": {"hp": 105, "atk": 105, "def": 75, "spa": 65, "spd": 100, "spe": 50}, "stats": {"hp": 306, "atk": 219, "def": 170, "spa": 154, "spd": 211, "spe": 129}, "types": ["Poison", "Dark"]}, "Altaria": {"name": "Altaria", "species": "Altaria", "speciesId": "altaria", "gender": "F", "shiny": false, "level": 89, "moves": ["dragondance", "bravebird", "roost", "earthquake"], "ability": "Natural Cure", "evs": {"hp": 85, "atk": 85, "def": 85, "spa": 85, "spd": 85, "spe": 85}, "ivs": {"hp": 31, "atk": 31, "def": 31, "spa": 31, "spd": 31, "spe": 31}, "item": "Heavy-Duty Boots", "teraType": "Steel", "role": "Bulky Setup", "bvs": {"hp": 75, "atk": 70, "def": 90, "spa": 70, "spd": 105, "spe": 80}, "stats": {"hp": 278, "atk": 175, "def": 211, "spa": 175, "spd": 238, "spe": 193}, "types": ["Dragon", "Flying"]}}]}