{"id": "gen9randombattle-2641779260", "format": "[Gen 9] Random Battle", "players": ["xAnt-04", "Danamite"], "log": "|j|\u2606xAnt-04\n|j|\u2606Danamite\n|t:|1782840925\n|gametype|singles\n|player|p1|xAnt-04|ninjaboy|1900\n|player|p2|Danamite|swimmer-gen4dp|1903\n|gen|9\n|tier|[Gen 9] Random Battle\n|rated|\n|rule|Species Clause: Limit one of each Pok\u00e9mon\n|rule|HP Percentage Mod: HP is shown in percentages\n|rule|Sleep Clause Mod: Limit one foe put to sleep\n|rule|Illusion Level Mod: Illusion disguises the Pok\u00e9mon's true level\n|\n|t:|1782840925\n|teamsize|p1|6\n|teamsize|p2|6\n|start\n|switch|p1a: Wigglytuff|Wigglytuff, L96, M|424/424\n|switch|p2a: Chesnaught|Chesnaught, L84, F|285/285\n|turn|1\n|inactive|Battle timer is ON: inactive players will automatically lose when time's up. (requested by Danamite)\n|\n|t:|1782840935\n|switch|p2a: Dunsparce|Dunsparce, L86, M|312/312\n|move|p1a: Wigglytuff|Dazzling Gleam|p2a: Dunsparce\n|-damage|p2a: Dunsparce|233/312\n|\n|upkeep\n|turn|2\n|inactive|xAnt-04 has 120 seconds left.\n|\n|t:|1782840977\n|switch|p1a: Tsareena|Tsareena, L87, F|267/267\n|move|p2a: Dunsparce|Body Slam|p1a: Tsareena\n|-damage|p1a: Tsareena|204/267\n|-status|p1a: Tsareena|par\n|\n|upkeep\n|turn|3\n|\n|t:|1782840987\n|switch|p2a: Chesnaught|Chesnaught, L84, F|285/285\n|move|p1a: Tsareena|High Jump Kick|p2a: Chesnaught\n|-damage|p2a: Chesnaught|191/285\n|-damage|p1a: Tsareena|160/267 par|[from] item: Rocky Helmet|[of] p2a: Chesnaught\n|\n|upkeep\n|turn|4\n|\n|t:|1782840997\n|switch|p1a: Pyroar|Pyroar, L88, M|295/295\n|-ability|p1a: Pyroar|Unnerve\n|move|p2a: Chesnaught|Synthesis|p2a: Chesnaught\n|-heal|p2a: Chesnaught|285/285\n|\n|upkeep\n|turn|5\n|\n|t:|1782841004\n|switch|p2a: Gouging Fire|Gouging Fire, L74|277/277\n|move|p1a: Pyroar|Will-O-Wisp|p2a: Gouging Fire\n|-immune|p2a: Gouging Fire\n|\n|upkeep\n|turn|6\n|\n|t:|1782841008\n|move|p1a: Pyroar|Hyper Voice|p2a: Gouging Fire\n|-damage|p2a: Gouging Fire|153/277\n|move|p2a: Gouging Fire|Earthquake|p1a: Pyroar\n|-supereffective|p1a: Pyroar\n|-damage|p1a: Pyroar|153/295\n|\n|upkeep\n|turn|7\n|\n|t:|1782841018\n|switch|p1a: Wigglytuff|Wigglytuff, L96, M|424/424\n|move|p2a: Gouging Fire|Dragon Dance|p2a: Gouging Fire\n|-boost|p2a: Gouging Fire|atk|1\n|-boost|p2a: Gouging Fire|spe|1\n|\n|upkeep\n|turn|8\n|\n|t:|1782841022\n|move|p2a: Gouging Fire|Heat Crash|p1a: Wigglytuff\n|-damage|p1a: Wigglytuff|198/424\n|move|p1a: Wigglytuff|Thunder Wave|p2a: Gouging Fire\n|-status|p2a: Gouging Fire|par\n|\n|-heal|p1a: Wigglytuff|224/424|[from] item: Leftovers\n|upkeep\n|turn|9\n|\n|t:|1782841028\n|move|p1a: Wigglytuff|Protect|p1a: Wigglytuff\n|-singleturn|p1a: Wigglytuff|Protect\n|move|p2a: Gouging Fire|Heat Crash|p1a: Wigglytuff\n|-activate|p1a: Wigglytuff|move: Protect\n|\n|-heal|p1a: Wigglytuff|250/424|[from] item: Leftovers\n|upkeep\n|turn|10\n|\n|t:|1782841036\n|switch|p1a: Landorus|Landorus, L75, M|257/257\n|-end|p2a: Gouging Fire|Protosynthesis|[silent]\n|switch|p2a: Sneasler|Sneasler, L74, F|240/240\n|\n|upkeep\n|turn|11\n|\n|t:|1782841039\n|move|p2a: Sneasler|U-turn|p1a: Landorus\n|-resisted|p1a: Landorus\n|-damage|p1a: Landorus|217/257\n|-status|p1a: Landorus|psn|[from] ability: Poison Touch|[of] p2a: Sneasler\n|\n|t:|1782841043\n|switch|p2a: Chesnaught|Chesnaught, L84, F|285/285|[from] U-turn\n|move|p1a: Landorus|Earth Power|p2a: Chesnaught\n|-resisted|p2a: Chesnaught\n|-damage|p2a: Chesnaught|201/285\n|\n|-damage|p1a: Landorus|185/257 psn|[from] psn\n|upkeep\n|turn|12\n|\n|t:|1782841048\n|move|p1a: Landorus|Psychic|p2a: Chesnaught\n|-supereffective|p2a: Chesnaught\n|-damage|p2a: Chesnaught|0 fnt\n|faint|p2a: Chesnaught\n|\n|-damage|p1a: Landorus|153/257 psn|[from] psn\n|upkeep\n|\n|t:|1782841063\n|switch|p2a: Meganium|Meganium, L90, M|290/290\n|turn|13\n|\n|t:|1782841072\n|move|p1a: Landorus|Sludge Wave|p2a: Meganium\n|-supereffective|p2a: Meganium\n|-damage|p2a: Meganium|116/290\n|move|p2a: Meganium|Petal Blizzard|p1a: Landorus\n|-damage|p1a: Landorus|50/257 psn\n|\n|-heal|p2a: Meganium|134/290|[from] item: Leftovers\n|-damage|p1a: Landorus|18/257 psn|[from] psn\n|upkeep\n|turn|14\n|\n|t:|1782841080\n|switch|p2a: Sneasler|Sneasler, L74, F|240/240\n|move|p1a: Landorus|Psychic|p2a: Sneasler\n|-supereffective|p2a: Sneasler\n|-damage|p2a: Sneasler|0 fnt\n|faint|p2a: Sneasler\n|\n|-damage|p1a: Landorus|0 fnt|[from] psn\n|faint|p1a: Landorus\n|upkeep\n|\n|t:|1782841086\n|switch|p2a: Braviary|Braviary, L85, M|309/309\n|switch|p1a: Luvdisc|Luvdisc, F|247/247\n|turn|15\n|\n|t:|1782841097\n|move|p1a: Luvdisc|Substitute|p1a: Luvdisc\n|-start|p1a: Luvdisc|Substitute\n|-damage|p1a: Luvdisc|186/247\n|move|p2a: Braviary|Brave Bird|p1a: Luvdisc\n|-end|p1a: Luvdisc|Substitute\n|-damage|p2a: Braviary|289/309|[from] Recoil|[of] p1a: Luvdisc\n|\n|upkeep\n|turn|16\n|\n|t:|1782841113\n|switch|p2a: Meganium|Meganium, L90, M|134/290\n|move|p1a: Luvdisc|Substitute|p1a: Luvdisc\n|-start|p1a: Luvdisc|Substitute\n|-damage|p1a: Luvdisc|125/247\n|\n|-heal|p2a: Meganium|152/290|[from] item: Leftovers\n|upkeep\n|turn|17\n|\n|t:|1782841123\n|move|p1a: Luvdisc|Whirlpool|p2a: Meganium\n|-resisted|p2a: Meganium\n|-damage|p2a: Meganium|140/290\n|-activate|p2a: Meganium|move: Whirlpool|[of] p1a: Luvdisc\n|move|p2a: Meganium|Petal Blizzard|p1a: Luvdisc\n|-supereffective|p1a: Luvdisc\n|-end|p1a: Luvdisc|Substitute\n|\n|-heal|p2a: Meganium|158/290|[from] item: Leftovers\n|-damage|p2a: Meganium|122/290|[from] move: Whirlpool|[partiallytrapped]\n|upkeep\n|turn|18\n|\n|t:|1782841127\n|move|p1a: Luvdisc|Substitute|p1a: Luvdisc\n|-start|p1a: Luvdisc|Substitute\n|-damage|p1a: Luvdisc|64/247\n|move|p2a: Meganium|Petal Blizzard|p1a: Luvdisc\n|-supereffective|p1a: Luvdisc\n|-end|p1a: Luvdisc|Substitute\n|\n|-heal|p2a: Meganium|140/290|[from] item: Leftovers\n|-damage|p2a: Meganium|104/290|[from] move: Whirlpool|[partiallytrapped]\n|upkeep\n|turn|19\n|\n|t:|1782841129\n|move|p1a: Luvdisc|Substitute|p1a: Luvdisc\n|-start|p1a: Luvdisc|Substitute\n|-damage|p1a: Luvdisc|3/247\n|move|p2a: Meganium|Petal Blizzard|p1a: Luvdisc\n|-supereffective|p1a: Luvdisc\n|-end|p1a: Luvdisc|Substitute\n|\n|-heal|p2a: Meganium|122/290|[from] item: Leftovers\n|-damage|p2a: Meganium|86/290|[from] move: Whirlpool|[partiallytrapped]\n|upkeep\n|turn|20\n|\n|t:|1782841132\n|move|p1a: Luvdisc|Endeavor|p2a: Meganium\n|-damage|p2a: Meganium|3/290\n|move|p2a: Meganium|Petal Blizzard|p1a: Luvdisc\n|-supereffective|p1a: Luvdisc\n|-damage|p1a: Luvdisc|0 fnt\n|faint|p1a: Luvdisc\n|\n|-heal|p2a: Meganium|21/290|[from] item: Leftovers\n|-end|p2a: Meganium|Whirlpool|[partiallytrapped]|[silent]\n|upkeep\n|\n|t:|1782841135\n|switch|p1a: Pyroar|Pyroar, L88, M|153/295\n|-ability|p1a: Pyroar|Unnerve\n|turn|21\n|\n|t:|1782841139\n|move|p1a: Pyroar|Hyper Voice|p2a: Meganium\n|-damage|p2a: Meganium|0 fnt\n|faint|p2a: Meganium\n|\n|upkeep\n|\n|t:|1782841148\n|switch|p2a: Gouging Fire|Gouging Fire, L74|153/277 par\n|turn|22\n|\n|t:|1782841156\n|move|p1a: Pyroar|Hyper Voice|p2a: Gouging Fire\n|-damage|p2a: Gouging Fire|33/277 par\n|move|p2a: Gouging Fire|Earthquake|p1a: Pyroar\n|-supereffective|p1a: Pyroar\n|-damage|p1a: Pyroar|19/295\n|\n|upkeep\n|turn|23\n|\n|t:|1782841164\n|move|p1a: Pyroar|Hyper Voice|p2a: Gouging Fire\n|-damage|p2a: Gouging Fire|0 fnt\n|faint|p2a: Gouging Fire\n|-end|p2a: Gouging Fire|Protosynthesis|[silent]\n|\n|upkeep\n|\n|t:|1782841167\n|switch|p2a: Dunsparce|Dunsparce, L86, M|233/312\n|turn|24\n|\n|t:|1782841176\n|move|p1a: Pyroar|Will-O-Wisp|p2a: Dunsparce\n|-status|p2a: Dunsparce|brn\n|move|p2a: Dunsparce|Body Slam|p1a: Pyroar\n|-damage|p1a: Pyroar|0 fnt\n|faint|p1a: Pyroar\n|\n|-damage|p2a: Dunsparce|214/312 brn|[from] brn\n|upkeep\n|\n|t:|1782841180\n|switch|p1a: Tsareena|Tsareena, L87, F|160/267 par\n|turn|25\n|\n|t:|1782841186\n|move|p2a: Dunsparce|Body Slam|p1a: Tsareena\n|-damage|p1a: Tsareena|128/267 par\n|cant|p1a: Tsareena|par\n|\n|-damage|p2a: Dunsparce|195/312 brn|[from] brn\n|upkeep\n|turn|26\n|\n|t:|1782841191\n|move|p2a: Dunsparce|Body Slam|p1a: Tsareena\n|-damage|p1a: Tsareena|92/267 par\n|move|p1a: Tsareena|High Jump Kick|p2a: Dunsparce\n|-supereffective|p2a: Dunsparce\n|-damage|p2a: Dunsparce|17/312 brn\n|\n|-damage|p2a: Dunsparce|0 fnt|[from] brn\n|faint|p2a: Dunsparce\n|upkeep\n|\n|t:|1782841195\n|switch|p2a: Braviary|Braviary, L85, M|289/309\n|turn|27\n|\n|t:|1782841198\n|switch|p1a: Wigglytuff|Wigglytuff, L96, M|250/424\n|move|p2a: Braviary|Brave Bird|p1a: Wigglytuff\n|-damage|p1a: Wigglytuff|45/424\n|-damage|p2a: Braviary|221/309|[from] Recoil\n|\n|-heal|p1a: Wigglytuff|71/424|[from] item: Leftovers\n|upkeep\n|turn|28\n|\n|t:|1782841203\n|move|p2a: Braviary|Brave Bird|p1a: Wigglytuff\n|-damage|p1a: Wigglytuff|0 fnt\n|faint|p1a: Wigglytuff\n|-damage|p2a: Braviary|198/309|[from] Recoil\n|\n|upkeep\n|\n|t:|1782841206\n|switch|p1a: Tsareena|Tsareena, L87, F|92/267 par\n|turn|29\n|\n|t:|1782841210\n|move|p2a: Braviary|Roost|p2a: Braviary\n|-heal|p2a: Braviary|309/309\n|-singleturn|p2a: Braviary|move: Roost\n|move|p1a: Tsareena|High Jump Kick|p2a: Braviary\n|-supereffective|p2a: Braviary\n|-damage|p2a: Braviary|31/309\n|\n|upkeep\n|turn|30\n|\n|t:|1782841220\n|move|p2a: Braviary|Brave Bird|p1a: Tsareena\n|-supereffective|p1a: Tsareena\n|-damage|p1a: Tsareena|0 fnt\n|faint|p1a: Tsareena\n|-damage|p2a: Braviary|1/309|[from] Recoil\n|\n|upkeep\n|\n|t:|1782841222\n|switch|p1a: Wugtrio|Wugtrio, L91, F|212/212\n|turn|31\n|\n|t:|1782841230\n|move|p1a: Wugtrio|Liquidation|p2a: Braviary\n|-damage|p2a: Braviary|0 fnt\n|faint|p2a: Braviary\n|\n|win|xAnt-04\n|raw|xAnt-04's rating: 1900 &rarr; <strong>1920</strong><br />(+20 for winning)\n|raw|Danamite's rating: 1903 &rarr; <strong>1883</strong><br />(-20 for losing)\n", "inputlog": ">version f8ac14003a5f27e1bdc8d8c59608a773c1cb96e5\n>start {\"formatid\":\"gen9randombattle\",\"seed\":\"sodium,2f3d423540948a0818cc33c32e6774b1\",\"rated\":\"Rated battle\"}\n>player p1 {\"name\":\"xAnt-04\",\"avatar\":\"ninjaboy\",\"rating\":1900,\"seed\":\"sodium,4560524d43e09c09f195880620b64784\"}\n>player p2 {\"name\":\"Danamite\",\"avatar\":\"swimmer-gen4dp\",\"rating\":1903,\"seed\":\"sodium,39bf0af9ee8f6ffaca5e7eef532a0b4a\"}\n>p1 move dazzlinggleam\n>p2 switch 4\n>p1 switch 6\n>p2 move bodyslam\n>p1 move highjumpkick\n>p2 switch 4\n>p1 switch 2\n>p2 move synthesis\n>p1 move willowisp\n>p2 switch 5\n>p1 move hypervoice\n>p2 move earthquake\n>p1 switch 6\n>p2 move dragondance\n>p1 move thunderwave\n>p2 move heatcrash\n>p1 move protect\n>p2 move heatcrash\n>p1 switch 5\n>p2 switch 3\n>p1 move earthpower\n>p2 move uturn\n>p2 switch 5\n>p1 move psychic\n>p2 move synthesis\n>p2 switch 2\n>p1 move sludgewave\n>p2 move petalblizzard\n>p1 move psychic\n>p2 switch 5\n>p1 switch 3\n>p2 switch 6\n>p1 move substitute\n>p2 move bravebird\n>p1 move substitute\n>p2 switch 5\n>p1 move whirlpool\n>p2 move petalblizzard\n>p1 move substitute\n>p2 move petalblizzard\n>p1 move substitute\n>p2 move petalblizzard\n>p1 move endeavor\n>p2 move petalblizzard\n>p1 switch 6\n>p1 move hypervoice\n>p2 move earthquake\n>p2 switch 3\n>p1 move hypervoice\n>p2 move earthquake\n>p1 move hypervoice\n>p2 move earthquake\n>p2 switch 4\n>p1 move willowisp\n>p2 move bodyslam\n>p1 switch 2\n>p1 move powerwhip\n>p2 move bodyslam\n>p1 move highjumpkick\n>p2 move bodyslam\n>p2 switch 5\n>p1 switch 5\n>p2 move bravebird\n>p1 move dazzlinggleam\n>p2 move bravebird\n>p1 switch 5\n>p1 move highjumpkick\n>p2 move roost\n>p1 move highjumpkick\n>p2 move bravebird\n>p1 switch 4\n>p1 move liquidation\n>p2 move bravebird", "uploadtime": 1782841230, "views": 9, "formatid": "gen9randombattle", "rating": 1883, "private": 0, "password": null, "player_dets": [{"name": "xAnt-04", "avatar": "ninjaboy", "rating": 1900, "seed": "sodium,4560524d43e09c09f195880620b64784"}, {"name": "Danamite", "avatar": "swimmer-gen4dp", "rating": 1903, "seed": "sodium,39bf0af9ee8f6ffaca5e7eef532a0b4a"}], "teams_full": [{"Wigglytuff": {"name": "Wigglytuff", "species": "Wigglytuff", "speciesId": "wigglytuff", "gender": "M", "shiny": false, "level": 96, "moves": ["protect", "thunderwave", "dazzlinggleam", "wish"], "ability": "Competitive", "evs": {"hp": 85, "atk": 0, "def": 85, "spa": 85, "spd": 85, "spe": 85}, "ivs": {"hp": 31, "atk": 0, "def": 31, "spa": 31, "spd": 31, "spe": 31}, "item": "Leftovers", "teraType": "Poison", "role": "Bulky Support", "bvs": {"hp": 140, "atk": 70, "def": 45, "spa": 85, "spd": 50, "spe": 45}, "stats": {"hp": 424, "atk": 139, "def": 141, "spa": 218, "spd": 150, "spe": 141}, "types": ["Normal", "Fairy"]}, "Pyroar": {"name": "Pyroar", "species": "Pyroar", "speciesId": "pyroar", "gender": "M", "shiny": false, "level": 88, "moves": ["hypervoice", "willowisp", "fireblast", "workup"], "ability": "Unnerve", "evs": {"hp": 85, "atk": 0, "def": 85, "spa": 85, "spd": 85, "spe": 85}, "ivs": {"hp": 31, "atk": 0, "def": 31, "spa": 31, "spd": 31, "spe": 31}, "item": "Heavy-Duty Boots", "teraType": "Fire", "role": "Fast Attacker", "bvs": {"hp": 86, "atk": 68, "def": 72, "spa": 109, "spd": 66, "spe": 106}, "stats": {"hp": 295, "atk": 124, "def": 177, "spa": 242, "spd": 166, "spe": 237}, "types": ["Fire", "Normal"]}, "Luvdisc": {"name": "Luvdisc", "species": "Luvdisc", "speciesId": "luvdisc", "gender": "F", "shiny": false, "level": 100, "moves": ["substitute", "surf", "endeavor", "whirlpool"], "ability": "Swift Swim", "evs": {"hp": 81, "atk": 0, "def": 85, "spa": 85, "spd": 85, "spe": 85}, "ivs": {"hp": 31, "atk": 0, "def": 31, "spa": 31, "spd": 31, "spe": 31}, "item": "Heavy-Duty Boots", "teraType": "Ghost", "role": "Fast Support", "bvs": {"hp": 43, "atk": 30, "def": 55, "spa": 40, "spd": 65, "spe": 97}, "stats": {"hp": 247, "atk": 65, "def": 167, "spa": 137, "spd": 187, "spe": 251}, "types": ["Water"]}, "Wugtrio": {"name": "Wugtrio", "species": "Wugtrio", "speciesId": "wugtrio", "gender": "F", "shiny": false, "level": 91, "moves": ["aquajet", "liquidation", "throatchop", "stompingtantrum"], "ability": "Gooey", "evs": {"hp": 85, "atk": 85, "def": 85, "spa": 85, "spd": 85, "spe": 85}, "ivs": {"hp": 31, "atk": 31, "def": 31, "spa": 31, "spd": 31, "spe": 31}, "item": "Choice Band", "teraType": "Ground", "role": "Fast Attacker", "bvs": {"hp": 35, "atk": 100, "def": 50, "spa": 50, "spd": 70, "spe": 120}, "stats": {"hp": 212, "atk": 234, "def": 143, "spa": 143, "spd": 179, "spe": 270}, "types": ["Water"]}, "Landorus": {"name": "Landorus", "species": "Landorus", "speciesId": "landorus", "gender": "M", "shiny": false, "level": 75, "moves": ["psychic", "sludgewave", "rockslide", "earthpower"], "ability": "Sheer Force", "evs": {"hp": 85, "atk": 85, "def": 85, "spa": 85, "spd": 85, "spe": 85}, "ivs": {"hp": 31, "atk": 31, "def": 31, "spa": 31, "spd": 31, "spe": 31}, "item": "Life Orb", "teraType": "Ground", "role": "Fast Attacker", "bvs": {"hp": 89, "atk": 125, "def": 90, "spa": 115, "spd": 80, "spe": 101}, "stats": {"hp": 257, "atk": 231, "def": 179, "spa": 216, "spd": 164, "spe": 195}, "types": ["Ground", "Flying"]}, "Tsareena": {"name": "Tsareena", "species": "Tsareena", "speciesId": "tsareena", "gender": "F", "shiny": false, "level": 87, "moves": ["uturn", "highjumpkick", "rapidspin", "powerwhip"], "ability": "Queenly Majesty", "evs": {"hp": 85, "atk": 85, "def": 85, "spa": 85, "spd": 85, "spe": 85}, "ivs": {"hp": 31, "atk": 31, "def": 31, "spa": 31, "spd": 31, "spe": 31}, "item": "Assault Vest", "teraType": "Fighting", "role": "Fast Support", "bvs": {"hp": 72, "atk": 120, "def": 98, "spa": 50, "spd": 98, "spe": 72}, "stats": {"hp": 267, "atk": 259, "def": 220, "spa": 137, "spd": 220, "spe": 175}, "types": ["Grass"]}}, {"Chesnaught": {"name": "Chesnaught", "species": "Chesnaught", "speciesId": "chesnaught", "gender": "F", "shiny": false, "level": 84, "moves": ["synthesis", "bodypress", "knockoff", "woodhammer"], "ability": "Bulletproof", "evs": {"hp": 85, "atk": 85, "def": 85, "spa": 85, "spd": 85, "spe": 85}, "ivs": {"hp": 31, "atk": 31, "def": 31, "spa": 31, "spd": 31, "spe": 31}, "item": "Rocky Helmet", "teraType": "Steel", "role": "Bulky Support", "bvs": {"hp": 88, "atk": 107, "def": 122, "spa": 74, "spd": 75, "spe": 64}, "stats": {"hp": 285, "atk": 228, "def": 253, "spa": 173, "spd": 174, "spe": 156}, "types": ["Grass", "Fighting"]}, "Meganium": {"name": "Meganium", "species": "Meganium", "speciesId": "meganium", "gender": "M", "shiny": false, "level": 90, "moves": ["earthquake", "swordsdance", "knockoff", "petalblizzard"], "ability": "Overgrow", "evs": {"hp": 85, "atk": 85, "def": 85, "spa": 85, "spd": 85, "spe": 85}, "ivs": {"hp": 31, "atk": 31, "def": 31, "spa": 31, "spd": 31, "spe": 31}, "item": "Leftovers", "teraType": "Water", "role": "Bulky Setup", "bvs": {"hp": 80, "atk": 82, "def": 100, "spa": 83, "spd": 100, "spe": 80}, "stats": {"hp": 290, "atk": 199, "def": 231, "spa": 201, "spd": 231, "spe": 195}, "types": ["Grass"]}, "Sneasler": {"name": "Sneasler", "species": "Sneasler", "speciesId": "sneasler", "gender": "F", "shiny": false, "level": 74, "moves": ["closecombat", "direclaw", "throatchop", "uturn"], "ability": "Poison Touch", "evs": {"hp": 85, "atk": 85, "def": 85, "spa": 85, "spd": 85, "spe": 85}, "ivs": {"hp": 31, "atk": 31, "def": 31, "spa": 31, "spd": 31, "spe": 31}, "item": "Choice Band", "teraType": "Fighting", "role": "Fast Attacker", "bvs": {"hp": 80, "atk": 130, "def": 60, "spa": 40, "spd": 80, "spe": 120}, "stats": {"hp": 240, "atk": 235, "def": 132, "spa": 102, "spd": 161, "spe": 221}, "types": ["Fighting", "Poison"]}, "Dunsparce": {"name": "Dunsparce", "species": "Dunsparce", "speciesId": "dunsparce", "gender": "M", "shiny": false, "level": 86, "moves": ["roost", "earthquake", "bodyslam", "coil"], "ability": "Serene Grace", "evs": {"hp": 85, "atk": 85, "def": 85, "spa": 85, "spd": 85, "spe": 85}, "ivs": {"hp": 31, "atk": 31, "def": 31, "spa": 31, "spd": 31, "spe": 31}, "item": "Eviolite", "teraType": "Ground", "role": "Bulky Setup", "bvs": {"hp": 100, "atk": 70, "def": 70, "spa": 65, "spd": 65, "spe": 45}, "stats": {"hp": 312, "atk": 170, "def": 170, "spa": 161, "spd": 161, "spe": 127}, "types": ["Normal"]}, "Gouging Fire": {"name": "Gouging Fire", "species": "Gouging Fire", "speciesId": "gougingfire", "gender": "N", "shiny": false, "level": 74, "moves": ["dragondance", "outrage", "heatcrash", "earthquake"], "ability": "Protosynthesis", "evs": {"hp": 85, "atk": 85, "def": 85, "spa": 85, "spd": 85, "spe": 85}, "ivs": {"hp": 31, "atk": 31, "def": 31, "spa": 31, "spd": 31, "spe": 31}, "item": "Heavy-Duty Boots", "teraType": "Ground", "role": "Setup Sweeper", "bvs": {"hp": 105, "atk": 115, "def": 121, "spa": 65, "spd": 93, "spe": 91}, "stats": {"hp": 277, "atk": 213, "def": 222, "spa": 139, "spd": 181, "spe": 178}, "types": ["Fire", "Dragon"]}, "Braviary": {"name": "Braviary", "species": "Braviary", "speciesId": "braviary", "gender": "M", "shiny": false, "level": 85, "moves": ["bulkup", "bravebird", "closecombat", "roost"], "ability": "Defiant", "evs": {"hp": 85, "atk": 85, "def": 85, "spa": 85, "spd": 85, "spe": 85}, "ivs": {"hp": 31, "atk": 31, "def": 31, "spa": 31, "spd": 31, "spe": 31}, "item": "Heavy-Duty Boots", "teraType": "Fighting", "role": "Fast Bulky Setup", "bvs": {"hp": 100, "atk": 123, "def": 75, "spa": 57, "spd": 75, "spe": 80}, "stats": {"hp": 309, "atk": 258, "def": 176, "spa": 146, "spd": 176, "spe": 185}, "types": ["Normal", "Flying"]}}]}