{"id": "gen9randombattle-2642010519", "format": "[Gen 9] Random Battle", "players": ["notmetbh102", "Seit417"], "log": "|badge|p2|bronze|gen9randombattle|100-10\n|uhtml|medal-msg|<div class=\"broadcast-blue\">Curious what those medals under the avatar are? PS now has Ladder Seasons! For more information, check out the <a href=\"https://www.smogon.com/forums/threads/3740067/\">thread on Smogon.</a></div>\n|j|\u2606notmetbh102\n|j|\u2606Seit417\n|t:|1782872801\n|gametype|singles\n|player|p1|notmetbh102|265|2305\n|player|p2|Seit417|burglar|2309\n|gen|9\n|tier|[Gen 9] Random Battle\n|rated|\n|rule|Species Clause: Limit one of each Pok\u00e9mon\n|rule|HP Percentage Mod: HP is shown in percentages\n|rule|Sleep Clause Mod: Limit one foe put to sleep\n|rule|Illusion Level Mod: Illusion disguises the Pok\u00e9mon's true level\n|\n|t:|1782872801\n|teamsize|p1|6\n|teamsize|p2|6\n|start\n|switch|p1a: Primarina|Primarina, L83, F|268/268\n|switch|p2a: Regice|Regice, L88|284/284\n|turn|1\n|inactive|Battle timer is ON: inactive players will automatically lose when time's up. (requested by notmetbh102)\n|c|\u2606notmetbh102|hf\n|\n|t:|1782872822\n|move|p1a: Primarina|Moonblast|p2a: Regice\n|-crit|p2a: Regice\n|-damage|p2a: Regice|152/284\n|move|p2a: Regice|Ice Beam|p1a: Primarina\n|-resisted|p1a: Primarina\n|-damage|p1a: Primarina|228/268\n|\n|upkeep\n|turn|2\n|\n|t:|1782872829\n|move|p1a: Primarina|Moonblast|p2a: Regice\n|-damage|p2a: Regice|58/284\n|move|p2a: Regice|Rest|p2a: Regice\n|-status|p2a: Regice|slp|[from] move: Rest\n|-heal|p2a: Regice|284/284 slp|[silent]\n|\n|upkeep\n|turn|3\n|\n|t:|1782872835\n|move|p1a: Primarina|Moonblast|p2a: Regice\n|-crit|p2a: Regice\n|-damage|p2a: Regice|161/284 slp\n|cant|p2a: Regice|slp\n|move|p2a: Regice|Sleep Talk|p2a: Regice\n|move|p2a: Regice|Ice Beam|p1a: Primarina|[from] move: Sleep Talk\n|-resisted|p1a: Primarina\n|-damage|p1a: Primarina|185/268\n|\n|upkeep\n|turn|4\n|\n|t:|1782872846\n|switch|p2a: Chansey|Chansey, L85, F|564/564\n|move|p1a: Primarina|Moonblast|p2a: Chansey\n|-damage|p2a: Chansey|459/564\n|-unboost|p2a: Chansey|spa|1\n|\n|upkeep\n|turn|5\n|\n|t:|1782872853\n|move|p1a: Primarina|Moonblast|p2a: Chansey\n|-damage|p2a: Chansey|359/564\n|move|p2a: Chansey|Thunder Wave|p1a: Primarina\n|-status|p1a: Primarina|par\n|\n|upkeep\n|turn|6\n|\n|t:|1782872859\n|switch|p1a: Greedent|Greedent, L86, F|347/347\n|move|p2a: Chansey|Soft-Boiled|p2a: Chansey\n|-heal|p2a: Chansey|564/564\n|\n|upkeep\n|turn|7\n|\n|t:|1782872865\n|switch|p2a: Hitmontop|Hitmontop, L88, M|231/231\n|-ability|p2a: Hitmontop|Intimidate|boost\n|-unboost|p1a: Greedent|atk|1\n|move|p1a: Greedent|Swords Dance|p1a: Greedent\n|-boost|p1a: Greedent|atk|2\n|\n|upkeep\n|turn|8\n|\n|t:|1782872875\n|move|p2a: Hitmontop|Earthquake|p1a: Greedent\n|-damage|p1a: Greedent|275/347\n|move|p1a: Greedent|Body Slam|p2a: Hitmontop\n|-crit|p2a: Hitmontop\n|-damage|p2a: Hitmontop|44/231\n|-status|p2a: Hitmontop|par\n|\n|upkeep\n|turn|9\n|\n|t:|1782872899\n|-terastallize|p1a: Greedent|Ground\n|cant|p2a: Hitmontop|par\n|move|p1a: Greedent|Swords Dance|p1a: Greedent\n|-boost|p1a: Greedent|atk|2\n|\n|upkeep\n|turn|10\n|\n|t:|1782872906\n|move|p2a: Hitmontop|Earthquake|p1a: Greedent\n|-damage|p1a: Greedent|209/347\n|move|p1a: Greedent|Swords Dance|p1a: Greedent\n|-boost|p1a: Greedent|atk|2\n|\n|upkeep\n|turn|11\n|\n|t:|1782872921\n|move|p2a: Hitmontop|Rapid Spin|p1a: Greedent\n|-damage|p1a: Greedent|172/347\n|-boost|p2a: Hitmontop|spe|1\n|-enditem|p1a: Greedent|Sitrus Berry|[eat]\n|-heal|p1a: Greedent|258/347|[from] item: Sitrus Berry\n|-heal|p1a: Greedent|347/347|[from] ability: Cheek Pouch\n|move|p1a: Greedent|Swords Dance|p1a: Greedent\n|-boost|p1a: Greedent|atk|1\n|\n|upkeep\n|turn|12\n|\n|t:|1782872930\n|move|p2a: Hitmontop|Close Combat|p1a: Greedent\n|-damage|p1a: Greedent|220/347\n|-unboost|p2a: Hitmontop|def|1\n|-unboost|p2a: Hitmontop|spd|1\n|move|p1a: Greedent|Body Slam|p2a: Hitmontop\n|-damage|p2a: Hitmontop|0 fnt\n|faint|p2a: Hitmontop\n|\n|upkeep\n|\n|t:|1782872947\n|switch|p2a: Miraidon|Miraidon, L65|238/238\n|-fieldstart|move: Electric Terrain|[from] ability: Hadron Engine|[of] p2a: Miraidon\n|turn|13\n|\n|t:|1782872949\n|switch|p1a: Primarina|Primarina, L83, F|185/268 par\n|move|p2a: Miraidon|Draco Meteor|p1a: Primarina\n|-immune|p1a: Primarina\n|\n|upkeep\n|turn|14\n|\n|t:|1782872956\n|switch|p2a: Chansey|Chansey, L85, F|564/564\n|cant|p1a: Primarina|par\n|\n|upkeep\n|turn|15\n|\n|t:|1782872966\n|switch|p2a: Regice|Regice, L88|161/284 slp\n|switch|p1a: Lycanroc|Lycanroc-Dusk, L81, M|254/254\n|\n|upkeep\n|turn|16\n|\n|t:|1782872976\n|move|p1a: Lycanroc|Close Combat|p2a: Regice\n|-supereffective|p2a: Regice\n|-damage|p2a: Regice|0 fnt\n|-unboost|p1a: Lycanroc|def|1\n|-unboost|p1a: Lycanroc|spd|1\n|faint|p2a: Regice\n|\n|upkeep\n|\n|t:|1782872984\n|switch|p2a: Meganium|Meganium, L90, F|290/290\n|turn|17\n|\n|t:|1782872992\n|move|p1a: Lycanroc|Close Combat|p2a: Meganium\n|-damage|p2a: Meganium|136/290\n|-unboost|p1a: Lycanroc|def|1\n|-unboost|p1a: Lycanroc|spd|1\n|move|p2a: Meganium|Swords Dance|p2a: Meganium\n|-boost|p2a: Meganium|atk|2\n|\n|-heal|p2a: Meganium|154/290|[from] item: Leftovers\n|-fieldend|move: Electric Terrain\n|upkeep\n|turn|18\n|\n|t:|1782872995\n|move|p1a: Lycanroc|Close Combat|p2a: Meganium\n|-damage|p2a: Meganium|0 fnt\n|-unboost|p1a: Lycanroc|def|1\n|-unboost|p1a: Lycanroc|spd|1\n|faint|p2a: Meganium\n|\n|upkeep\n|\n|t:|1782873003\n|switch|p2a: Minun|Minun, L95, M|268/268\n|turn|19\n|\n|t:|1782873018\n|switch|p2a: Miraidon|Miraidon, L65|238/238\n|-fieldstart|move: Electric Terrain|[from] ability: Hadron Engine|[of] p2a: Miraidon\n|switch|p1a: Greedent|Greedent, L86, F, tera:Ground|220/347\n|\n|upkeep\n|turn|20\n|\n|t:|1782873021\n|switch|p1a: Primarina|Primarina, L83, F|185/268 par\n|move|p2a: Miraidon|Draco Meteor|p1a: Primarina\n|-immune|p1a: Primarina\n|\n|upkeep\n|turn|21\n|\n|t:|1782873024\n|move|p2a: Miraidon|Draco Meteor|p1a: Primarina\n|-immune|p1a: Primarina\n|cant|p1a: Primarina|par\n|\n|upkeep\n|turn|22\n|\n|t:|1782873026\n|switch|p2a: Chansey|Chansey, L85, F|564/564\n|move|p1a: Primarina|Moonblast|p2a: Chansey\n|-damage|p2a: Chansey|453/564\n|\n|upkeep\n|turn|23\n|\n|t:|1782873033\n|switch|p1a: Lycanroc|Lycanroc-Dusk, L81, M|254/254\n|move|p2a: Chansey|Seismic Toss|p1a: Lycanroc\n|-damage|p1a: Lycanroc|169/254\n|\n|-fieldend|move: Electric Terrain\n|upkeep\n|turn|24\n|\n|t:|1782873039\n|move|p1a: Lycanroc|Close Combat|p2a: Chansey\n|-supereffective|p2a: Chansey\n|-damage|p2a: Chansey|0 fnt\n|-unboost|p1a: Lycanroc|def|1\n|-unboost|p1a: Lycanroc|spd|1\n|faint|p2a: Chansey\n|\n|upkeep\n|\n|t:|1782873044\n|switch|p2a: Minun|Minun, L95, M|268/268\n|turn|25\n|\n|t:|1782873047\n|move|p2a: Minun|Nasty Plot|p2a: Minun\n|-boost|p2a: Minun|spa|2\n|move|p1a: Lycanroc|Close Combat|p2a: Minun\n|-damage|p2a: Minun|25/268\n|-unboost|p1a: Lycanroc|def|1\n|-unboost|p1a: Lycanroc|spd|1\n|\n|upkeep\n|turn|26\n|-message|Seit417 forfeited.\n|\n|win|notmetbh102\n|raw|notmetbh102's rating: 2305 &rarr; <strong>2325</strong><br />(+20 for winning)\n|raw|Seit417's rating: 2309 &rarr; <strong>2289</strong><br />(-20 for losing)\n|c|\u2606notmetbh102|gg\n|l|\u2606Seit417\n|player|p2|\n", "inputlog": ">version f8ac14003a5f27e1bdc8d8c59608a773c1cb96e5\n>start {\"formatid\":\"gen9randombattle\",\"seed\":\"sodium,8b942743b5472191453c8759f5ee1f61\",\"rated\":\"Rated battle\"}\n>player p1 {\"name\":\"notmetbh102\",\"avatar\":\"265\",\"rating\":2305,\"seed\":\"sodium,4b6d04b824a064ec12a862bcab15f2b7\"}\n>player p2 {\"name\":\"Seit417\",\"avatar\":\"burglar\",\"rating\":2309,\"seed\":\"sodium,dae0bbcbabb114c39aa3f99dcf3d227a\"}\n>chat \u2606notmetbh102|hf\n>p1 move moonblast\n>p2 move icebeam\n>p1 move moonblast\n>p2 move rest\n>p1 move moonblast\n>p2 move sleeptalk\n>p1 move moonblast\n>p2 switch 4\n>p1 move moonblast\n>p2 move thunderwave\n>p1 switch 6\n>p2 move softboiled\n>p1 move swordsdance\n>p2 switch 2\n>p1 move bodyslam\n>p2 move earthquake\n>p1 move swordsdance terastallize\n>p2 move earthquake\n>p1 move swordsdance\n>p2 move earthquake\n>p1 move swordsdance\n>p2 move rapidspin\n>p1 move bodyslam\n>p2 move closecombat\n>p2 switch 6\n>p1 switch 6\n>p2 move dracometeor\n>p1 move moonblast\n>p2 switch 2\n>p1 switch 5\n>p2 switch 4\n>p1 move closecombat\n>p2 move sleeptalk\n>p2 switch 3\n>p1 move closecombat\n>p2 move swordsdance\n>p1 move closecombat\n>p2 move petalblizzard\n>p2 switch 5\n>p1 switch 6\n>p2 switch 2\n>p1 switch 5\n>p2 move dracometeor\n>p1 move flipturn\n>p2 move dracometeor\n>p1 move moonblast\n>p2 switch 4\n>p1 switch 6\n>p2 move seismictoss\n>p1 move closecombat\n>p2 move thunderwave\n>p2 switch 2\n>p1 move closecombat\n>p2 move nastyplot\n>forcelose p2", "uploadtime": 1782873054, "views": 6, "formatid": "gen9randombattle", "rating": 2289, "private": 0, "password": null, "player_dets": [{"name": "notmetbh102", "avatar": "265", "rating": 2305, "seed": "sodium,4b6d04b824a064ec12a862bcab15f2b7"}, {"name": "Seit417", "avatar": "burglar", "rating": 2309, "seed": "sodium,dae0bbcbabb114c39aa3f99dcf3d227a"}], "teams_full": [{"Primarina": {"name": "Primarina", "species": "Primarina", "speciesId": "primarina", "gender": "F", "shiny": false, "level": 83, "moves": ["psychic", "moonblast", "flipturn", "hydropump"], "ability": "Torrent", "evs": {"hp": 85, "atk": 85, "def": 85, "spa": 85, "spd": 85, "spe": 85}, "ivs": {"hp": 31, "atk": 31, "def": 31, "spa": 31, "spd": 31, "spe": 31}, "item": "Choice Specs", "teraType": "Water", "role": "Wallbreaker", "bvs": {"hp": 80, "atk": 74, "def": 74, "spa": 126, "spd": 116, "spe": 60}, "stats": {"hp": 268, "atk": 171, "def": 171, "spa": 257, "spd": 240, "spe": 147}, "types": ["Water", "Fairy"]}, "Decidueye": {"name": "Decidueye", "species": "Decidueye", "speciesId": "decidueye", "gender": "F", "shiny": false, "level": 88, "moves": ["roost", "spiritshackle", "knockoff", "leafstorm"], "ability": "Overgrow", "evs": {"hp": 85, "atk": 85, "def": 85, "spa": 85, "spd": 85, "spe": 85}, "ivs": {"hp": 31, "atk": 31, "def": 31, "spa": 31, "spd": 31, "spe": 31}, "item": "Life Orb", "teraType": "Dark", "role": "Fast Support", "bvs": {"hp": 78, "atk": 107, "def": 75, "spa": 100, "spd": 100, "spe": 70}, "stats": {"hp": 281, "atk": 239, "def": 182, "spa": 226, "spd": 226, "spe": 173}, "types": ["Grass", "Ghost"]}, "Miraidon": {"name": "Miraidon", "species": "Miraidon", "speciesId": "miraidon", "gender": "N", "shiny": false, "level": 65, "moves": ["voltswitch", "overheat", "dracometeor", "electrodrift"], "ability": "Hadron Engine", "evs": {"hp": 85, "atk": 0, "def": 85, "spa": 85, "spd": 85, "spe": 85}, "ivs": {"hp": 31, "atk": 0, "def": 31, "spa": 31, "spd": 31, "spe": 31}, "item": "Choice Specs", "teraType": "Electric", "role": "Fast Attacker", "bvs": {"hp": 100, "atk": 85, "def": 100, "spa": 135, "spd": 115, "spe": 135}, "stats": {"hp": 238, "atk": 115, "def": 168, "spa": 214, "spd": 188, "spe": 214}, "types": ["Electric", "Dragon"]}, "Registeel": {"name": "Registeel", "species": "Registeel", "speciesId": "registeel", "gender": "N", "shiny": false, "level": 81, "moves": ["rest", "ironhead", "irondefense", "bodypress"], "ability": "Clear Body", "evs": {"hp": 85, "atk": 85, "def": 85, "spa": 85, "spd": 85, "spe": 85}, "ivs": {"hp": 31, "atk": 31, "def": 31, "spa": 31, "spd": 31, "spe": 31}, "item": "Chesto Berry", "teraType": "Fighting", "role": "Bulky Setup", "bvs": {"hp": 80, "atk": 75, "def": 150, "spa": 75, "spd": 150, "spe": 50}, "stats": {"hp": 262, "atk": 168, "def": 290, "spa": 168, "spd": 290, "spe": 128}, "types": ["Steel"]}, "Lycanroc": {"name": "Lycanroc", "species": "Lycanroc-Dusk", "speciesId": "lycanrocdusk", "gender": "M", "shiny": false, "level": 81, "moves": ["closecombat", "throatchop", "accelerock", "stoneedge"], "ability": "Tough Claws", "evs": {"hp": 85, "atk": 85, "def": 85, "spa": 85, "spd": 85, "spe": 85}, "ivs": {"hp": 31, "atk": 31, "def": 31, "spa": 31, "spd": 31, "spe": 31}, "item": "Choice Band", "teraType": "Fighting", "role": "Wallbreaker", "bvs": {"hp": 75, "atk": 117, "def": 65, "spa": 55, "spd": 65, "spe": 110}, "stats": {"hp": 254, "atk": 236, "def": 152, "spa": 136, "spd": 152, "spe": 225}, "types": ["Rock"]}, "Greedent": {"name": "Greedent", "species": "Greedent", "speciesId": "greedent", "gender": "F", "shiny": false, "level": 86, "moves": ["earthquake", "swordsdance", "bodyslam", "knockoff"], "ability": "Cheek Pouch", "evs": {"hp": 85, "atk": 85, "def": 85, "spa": 85, "spd": 85, "spe": 85}, "ivs": {"hp": 31, "atk": 31, "def": 31, "spa": 31, "spd": 31, "spe": 31}, "item": "Sitrus Berry", "teraType": "Ground", "role": "Bulky Setup", "bvs": {"hp": 120, "atk": 95, "def": 95, "spa": 55, "spd": 75, "spe": 20}, "stats": {"hp": 347, "atk": 213, "def": 213, "spa": 144, "spd": 178, "spe": 84}, "types": ["Normal"]}}, {"Regice": {"name": "Regice", "species": "Regice", "speciesId": "regice", "gender": "N", "shiny": false, "level": 88, "moves": ["sleeptalk", "thunderbolt", "rest", "icebeam"], "ability": "Clear Body", "evs": {"hp": 85, "atk": 0, "def": 85, "spa": 85, "spd": 85, "spe": 85}, "ivs": {"hp": 31, "atk": 0, "def": 31, "spa": 31, "spd": 31, "spe": 31}, "item": "Heavy-Duty Boots", "teraType": "Electric", "role": "Bulky Attacker", "bvs": {"hp": 80, "atk": 50, "def": 100, "spa": 100, "spd": 200, "spe": 50}, "stats": {"hp": 284, "atk": 93, "def": 226, "spa": 226, "spd": 402, "spe": 138}, "types": ["Ice"]}, "Hitmontop": {"name": "Hitmontop", "species": "Hitmontop", "speciesId": "hitmontop", "gender": "M", "shiny": false, "level": 88, "moves": ["rapidspin", "stoneedge", "closecombat", "earthquake"], "ability": "Intimidate", "evs": {"hp": 85, "atk": 85, "def": 85, "spa": 85, "spd": 85, "spe": 85}, "ivs": {"hp": 31, "atk": 31, "def": 31, "spa": 31, "spd": 31, "spe": 31}, "item": "Assault Vest", "teraType": "Steel", "role": "Bulky Support", "bvs": {"hp": 50, "atk": 95, "def": 95, "spa": 35, "spd": 110, "spe": 70}, "stats": {"hp": 231, "atk": 217, "def": 217, "spa": 112, "spd": 244, "spe": 173}, "types": ["Fighting"]}, "Meganium": {"name": "Meganium", "species": "Meganium", "speciesId": "meganium", "gender": "F", "shiny": false, "level": 90, "moves": ["earthquake", "knockoff", "petalblizzard", "swordsdance"], "ability": "Overgrow", "evs": {"hp": 85, "atk": 85, "def": 85, "spa": 85, "spd": 85, "spe": 85}, "ivs": {"hp": 31, "atk": 31, "def": 31, "spa": 31, "spd": 31, "spe": 31}, "item": "Leftovers", "teraType": "Steel", "role": "Bulky Setup", "bvs": {"hp": 80, "atk": 82, "def": 100, "spa": 83, "spd": 100, "spe": 80}, "stats": {"hp": 290, "atk": 199, "def": 231, "spa": 201, "spd": 231, "spe": 195}, "types": ["Grass"]}, "Chansey": {"name": "Chansey", "species": "Chansey", "speciesId": "chansey", "gender": "F", "shiny": false, "level": 85, "moves": ["healbell", "thunderwave", "softboiled", "seismictoss"], "ability": "Natural Cure", "evs": {"hp": 85, "atk": 0, "def": 85, "spa": 85, "spd": 85, "spe": 85}, "ivs": {"hp": 31, "atk": 0, "def": 31, "spa": 31, "spd": 31, "spe": 31}, "item": "Eviolite", "teraType": "Dark", "role": "Bulky Support", "bvs": {"hp": 250, "atk": 5, "def": 5, "spa": 35, "spd": 105, "spe": 50}, "stats": {"hp": 564, "atk": 13, "def": 57, "spa": 108, "spd": 227, "spe": 134}, "types": ["Normal"]}, "Minun": {"name": "Minun", "species": "Minun", "speciesId": "minun", "gender": "M", "shiny": false, "level": 95, "moves": ["thunderbolt", "alluringvoice", "grassknot", "nastyplot"], "ability": "Volt Absorb", "evs": {"hp": 85, "atk": 0, "def": 85, "spa": 85, "spd": 85, "spe": 85}, "ivs": {"hp": 31, "atk": 0, "def": 31, "spa": 31, "spd": 31, "spe": 31}, "item": "Life Orb", "teraType": "Grass", "role": "Setup Sweeper", "bvs": {"hp": 60, "atk": 40, "def": 50, "spa": 75, "spd": 85, "spe": 95}, "stats": {"hp": 268, "atk": 81, "def": 149, "spa": 196, "spd": 215, "spe": 234}, "types": ["Electric"]}, "Miraidon": {"name": "Miraidon", "species": "Miraidon", "speciesId": "miraidon", "gender": "N", "shiny": false, "level": 65, "moves": ["voltswitch", "overheat", "electrodrift", "dracometeor"], "ability": "Hadron Engine", "evs": {"hp": 85, "atk": 0, "def": 85, "spa": 85, "spd": 85, "spe": 85}, "ivs": {"hp": 31, "atk": 0, "def": 31, "spa": 31, "spd": 31, "spe": 31}, "item": "Choice Specs", "teraType": "Electric", "role": "Fast Attacker", "bvs": {"hp": 100, "atk": 85, "def": 100, "spa": 135, "spd": 115, "spe": 135}, "stats": {"hp": 238, "atk": 115, "def": 168, "spa": 214, "spd": 188, "spe": 214}, "types": ["Electric", "Dragon"]}}]}