{"id": "gen9randombattle-2641772858", "format": "[Gen 9] Random Battle", "players": ["Flamingtiger56", "Rudeus quagmire"], "log": "|j|\u2606Flamingtiger56\n|j|\u2606Rudeus quagmire\n|t:|1782840168\n|gametype|singles\n|player|p1|Flamingtiger56|170|1623\n|player|p2|Rudeus quagmire|102|1685\n|gen|9\n|tier|[Gen 9] Random Battle\n|rated|\n|rule|Species Clause: Limit one of each Pok\u00e9mon\n|rule|HP Percentage Mod: HP is shown in percentages\n|rule|Sleep Clause Mod: Limit one foe put to sleep\n|rule|Illusion Level Mod: Illusion disguises the Pok\u00e9mon's true level\n|\n|t:|1782840168\n|teamsize|p1|6\n|teamsize|p2|6\n|start\n|switch|p1a: Granbull|Granbull, L88, F|302/302\n|switch|p2a: Kommo-o|Kommo-o, L78, M|245/245\n|-ability|p1a: Granbull|Intimidate|boost\n|-unboost|p2a: Kommo-o|atk|1\n|turn|1\n|inactive|Battle timer is ON: inactive players will automatically lose when time's up. (requested by Flamingtiger56)\n|\n|t:|1782840181\n|switch|p2a: Qwilfish|Qwilfish, L86, F|252/252\n|-ability|p2a: Qwilfish|Intimidate|boost\n|-unboost|p1a: Granbull|atk|1\n|move|p1a: Granbull|Play Rough|p2a: Qwilfish\n|-resisted|p2a: Qwilfish\n|-damage|p2a: Qwilfish|213/252\n|\n|-heal|p2a: Qwilfish|228/252|[from] item: Leftovers\n|upkeep\n|turn|2\n|\n|t:|1782840191\n|switch|p1a: Metagross|Metagross, L79|256/256\n|move|p2a: Qwilfish|Thunder Wave|p1a: Metagross\n|-status|p1a: Metagross|par\n|\n|-heal|p2a: Qwilfish|243/252|[from] item: Leftovers\n|upkeep\n|turn|3\n|\n|t:|1782840220\n|switch|p2a: Meowstic|Meowstic-F, L89, F|277/277\n|cant|p1a: Metagross|par\n|\n|upkeep\n|turn|4\n|\n|t:|1782840246\n|move|p2a: Meowstic|Nasty Plot|p2a: Meowstic\n|-boost|p2a: Meowstic|spa|2\n|move|p1a: Metagross|Heavy Slam|p2a: Meowstic\n|-damage|p2a: Meowstic|129/277\n|\n|upkeep\n|turn|5\n|\n|t:|1782840259\n|switch|p1a: Weavile|Weavile, L79, M|239/239\n|move|p2a: Meowstic|Dark Pulse|p1a: Weavile\n|-resisted|p1a: Weavile\n|-damage|p1a: Weavile|156/239\n|-damage|p2a: Meowstic|102/277|[from] item: Life Orb\n|\n|upkeep\n|turn|6\n|\n|t:|1782840274\n|move|p1a: Weavile|Knock Off|p2a: Meowstic\n|-supereffective|p2a: Meowstic\n|-damage|p2a: Meowstic|0 fnt\n|-enditem|p2a: Meowstic|Life Orb|[from] move: Knock Off|[of] p1a: Weavile\n|faint|p2a: Meowstic\n|\n|upkeep\n|\n|t:|1782840277\n|switch|p2a: Qwilfish|Qwilfish, L86, F|243/252\n|-ability|p2a: Qwilfish|Intimidate|boost\n|-unboost|p1a: Weavile|atk|1\n|turn|7\n|\n|t:|1782840285\n|switch|p1a: Metagross|Metagross, L79|256/256 par\n|move|p2a: Qwilfish|Waterfall|p1a: Metagross\n|-damage|p1a: Metagross|187/256 par\n|\n|-heal|p2a: Qwilfish|252/252|[from] item: Leftovers\n|upkeep\n|turn|8\n|\n|t:|1782840296\n|move|p2a: Qwilfish|Waterfall|p1a: Metagross\n|-damage|p1a: Metagross|115/256 par\n|move|p1a: Metagross|Psychic Fangs|p2a: Qwilfish\n|-supereffective|p2a: Qwilfish\n|-damage|p2a: Qwilfish|34/252\n|\n|-heal|p2a: Qwilfish|49/252|[from] item: Leftovers\n|upkeep\n|turn|9\n|\n|t:|1782840302\n|move|p2a: Qwilfish|Waterfall|p1a: Metagross\n|-damage|p1a: Metagross|42/256 par\n|cant|p1a: Metagross|par\n|\n|-heal|p2a: Qwilfish|64/252|[from] item: Leftovers\n|upkeep\n|turn|10\n|\n|t:|1782840307\n|move|p2a: Qwilfish|Waterfall|p1a: Metagross\n|-damage|p1a: Metagross|0 fnt\n|faint|p1a: Metagross\n|\n|-heal|p2a: Qwilfish|79/252|[from] item: Leftovers\n|upkeep\n|\n|t:|1782840309\n|switch|p1a: Gengar|Gengar, L81, M|230/230\n|turn|11\n|\n|t:|1782840321\n|move|p1a: Gengar|Shadow Ball|p2a: Qwilfish\n|-damage|p2a: Qwilfish|0 fnt\n|faint|p2a: Qwilfish\n|-damage|p1a: Gengar|207/230|[from] item: Life Orb\n|\n|upkeep\n|\n|t:|1782840323\n|switch|p2a: Meowscarada|Meowscarada, L78, M|247/247\n|turn|12\n|\n|t:|1782840332\n|switch|p1a: Granbull|Granbull, L88, F|302/302\n|-ability|p1a: Granbull|Intimidate|boost\n|-unboost|p2a: Meowscarada|atk|1\n|move|p2a: Meowscarada|Toxic Spikes|p1a: Granbull\n|-start|p2a: Meowscarada|typechange|Poison|[from] ability: Protean\n|-sidestart|p1: Flamingtiger56|move: Toxic Spikes\n|\n|upkeep\n|turn|13\n|\n|t:|1782840341\n|switch|p2a: Regice|Regice, L88|284/284\n|move|p1a: Granbull|Earthquake|p2a: Regice\n|-damage|p2a: Regice|202/284\n|\n|upkeep\n|turn|14\n|\n|t:|1782840348\n|switch|p1a: Weavile|Weavile, L79, M|156/239\n|-status|p1a: Weavile|psn\n|move|p2a: Regice|Ice Beam|p1a: Weavile\n|-resisted|p1a: Weavile\n|-damage|p1a: Weavile|99/239 psn\n|\n|-damage|p1a: Weavile|70/239 psn|[from] psn\n|upkeep\n|turn|15\n|\n|t:|1782840365\n|move|p1a: Weavile|Low Kick|p2a: Regice\n|-supereffective|p2a: Regice\n|-damage|p2a: Regice|18/284\n|move|p2a: Regice|Thunderbolt|p1a: Weavile\n|-damage|p1a: Weavile|0 fnt\n|faint|p1a: Weavile\n|\n|upkeep\n|\n|t:|1782840373\n|switch|p1a: Gengar|Gengar, L81, M|207/230\n|-sideend|p1: Flamingtiger56|move: Toxic Spikes|[of] p1a: Gengar\n|turn|16\n|\n|t:|1782840378\n|move|p1a: Gengar|Sludge Wave|p2a: Regice\n|-damage|p2a: Regice|0 fnt\n|faint|p2a: Regice\n|-damage|p1a: Gengar|184/230|[from] item: Life Orb\n|\n|upkeep\n|\n|t:|1782840380\n|switch|p2a: Meowscarada|Meowscarada, L78, M|247/247\n|turn|17\n|\n|t:|1782840385\n|switch|p1a: Granbull|Granbull, L88, F|302/302\n|-ability|p1a: Granbull|Intimidate|boost\n|-unboost|p2a: Meowscarada|atk|1\n|move|p2a: Meowscarada|Knock Off|p1a: Granbull\n|-start|p2a: Meowscarada|typechange|Dark|[from] ability: Protean\n|-resisted|p1a: Granbull\n|-damage|p1a: Granbull|259/302\n|-enditem|p1a: Granbull|Leftovers|[from] move: Knock Off|[of] p2a: Meowscarada\n|-damage|p2a: Meowscarada|223/247|[from] item: Life Orb\n|\n|upkeep\n|turn|18\n|\n|t:|1782840392\n|switch|p2a: Metagross|Metagross, L79|256/256\n|move|p1a: Granbull|Thunder Wave|p2a: Metagross|[miss]\n|-miss|p1a: Granbull|p2a: Metagross\n|\n|upkeep\n|turn|19\n|\n|t:|1782840399\n|switch|p1a: Sinistcha|Sinistcha-Masterpiece, L83|254/254\n|move|p2a: Metagross|Heavy Slam|p1a: Sinistcha\n|-damage|p1a: Sinistcha|124/254\n|\n|-heal|p1a: Sinistcha|139/254|[from] item: Leftovers\n|upkeep\n|turn|20\n|\n|t:|1782840406\n|switch|p2a: Meowscarada|Meowscarada, L78, M|223/247\n|move|p1a: Sinistcha|Shadow Ball|p2a: Meowscarada\n|-resisted|p2a: Meowscarada\n|-damage|p2a: Meowscarada|154/247\n|\n|-heal|p1a: Sinistcha|154/254|[from] item: Leftovers\n|upkeep\n|turn|21\n|\n|t:|1782840411\n|move|p2a: Meowscarada|Triple Axel|p1a: Sinistcha\n|-start|p2a: Meowscarada|typechange|Ice|[from] ability: Protean\n|-supereffective|p1a: Sinistcha\n|-damage|p1a: Sinistcha|105/254\n|-supereffective|p1a: Sinistcha\n|-damage|p1a: Sinistcha|9/254\n|-supereffective|p1a: Sinistcha\n|-damage|p1a: Sinistcha|0 fnt\n|faint|p1a: Sinistcha\n|-hitcount|p1: Sinistcha|3\n|-damage|p2a: Meowscarada|130/247|[from] item: Life Orb\n|\n|upkeep\n|\n|t:|1782840421\n|switch|p1a: Granbull|Granbull, L88, F|259/302\n|-ability|p1a: Granbull|Intimidate|boost\n|-unboost|p2a: Meowscarada|atk|1\n|turn|22\n|\n|t:|1782840426\n|switch|p2a: Metagross|Metagross, L79|256/256\n|move|p1a: Granbull|Thunder Wave|p2a: Metagross|[miss]\n|-miss|p1a: Granbull|p2a: Metagross\n|\n|upkeep\n|turn|23\n|\n|t:|1782840436\n|-terastallize|p1a: Granbull|Ground\n|move|p2a: Metagross|Heavy Slam|p1a: Granbull\n|-crit|p1a: Granbull\n|-damage|p1a: Granbull|21/302\n|move|p1a: Granbull|Earthquake|p2a: Metagross\n|-supereffective|p2a: Metagross\n|-crit|p2a: Metagross\n|-damage|p2a: Metagross|0 fnt\n|faint|p2a: Metagross\n|\n|upkeep\n|\n|t:|1782840441\n|switch|p2a: Meowscarada|Meowscarada, L78, M|130/247\n|turn|24\n|\n|t:|1782840448\n|move|p2a: Meowscarada|Flower Trick|p1a: Granbull\n|-start|p2a: Meowscarada|typechange|Grass|[from] ability: Protean\n|-supereffective|p1a: Granbull\n|-crit|p1a: Granbull\n|-damage|p1a: Granbull|0 fnt\n|faint|p1a: Granbull\n|-damage|p2a: Meowscarada|106/247|[from] item: Life Orb\n|\n|upkeep\n|\n|t:|1782840453\n|switch|p1a: Carbink|Carbink, L90|236/236\n|turn|25\n|\n|t:|1782840455\n|move|p2a: Meowscarada|Flower Trick|p1a: Carbink\n|-supereffective|p1a: Carbink\n|-crit|p1a: Carbink\n|-damage|p1a: Carbink|72/236\n|-damage|p2a: Meowscarada|82/247|[from] item: Life Orb\n|move|p1a: Carbink|Body Press|p2a: Meowscarada\n|-damage|p2a: Meowscarada|0 fnt\n|faint|p2a: Meowscarada\n|\n|upkeep\n|\n|t:|1782840458\n|switch|p2a: Kommo-o|Kommo-o, L78, M|245/245\n|turn|26\n|\n|t:|1782840463\n|move|p2a: Kommo-o|Iron Head|p1a: Carbink\n|-supereffective|p1a: Carbink\n|-damage|p1a: Carbink|0 fnt\n|faint|p1a: Carbink\n|\n|upkeep\n|\n|t:|1782840467\n|switch|p1a: Gengar|Gengar, L81, M|184/230\n|turn|27\n|\n|t:|1782840469\n|-terastallize|p2a: Kommo-o|Steel\n|move|p1a: Gengar|Will-O-Wisp|p2a: Kommo-o\n|-status|p2a: Kommo-o|brn\n|move|p2a: Kommo-o|Scale Shot|p1a: Gengar\n|-damage|p1a: Gengar|168/230\n|-damage|p1a: Gengar|150/230\n|-damage|p1a: Gengar|132/230\n|-damage|p1a: Gengar|114/230\n|-start|p2a: Kommo-o|Disable|Scale Shot|[from] ability: Cursed Body|[of] p1a: Gengar\n|-hitcount|p1a: Gengar|4\n|-unboost|p2a: Kommo-o|def|1\n|-boost|p2a: Kommo-o|spe|1\n|\n|-damage|p2a: Kommo-o|230/245 brn|[from] brn\n|upkeep\n|turn|28\n|\n|t:|1782840480\n|move|p2a: Kommo-o|Iron Head|p1a: Gengar\n|-crit|p1a: Gengar\n|-damage|p1a: Gengar|27/230\n|move|p1a: Gengar|Shadow Ball|p2a: Kommo-o\n|-damage|p2a: Kommo-o|109/245 brn\n|-damage|p1a: Gengar|4/230|[from] item: Life Orb\n|\n|-damage|p2a: Kommo-o|94/245 brn|[from] brn\n|upkeep\n|turn|29\n|\n|t:|1782840486\n|move|p2a: Kommo-o|Iron Head|p1a: Gengar\n|-damage|p1a: Gengar|0 fnt\n|faint|p1a: Gengar\n|\n|win|Rudeus quagmire\n|raw|Flamingtiger56's rating: 1623 &rarr; <strong>1607</strong><br />(-16 for losing)\n|raw|Rudeus quagmire's rating: 1702 &rarr; <strong>1718</strong><br />(+16 for winning)\n", "inputlog": ">version f8ac14003a5f27e1bdc8d8c59608a773c1cb96e5\n>start {\"formatid\":\"gen9randombattle\",\"seed\":\"sodium,95ae6759821581712cf9b59d8208c3b0\",\"rated\":\"Rated battle\"}\n>player p1 {\"name\":\"Flamingtiger56\",\"avatar\":\"170\",\"rating\":1623,\"seed\":\"sodium,c36505808329aeb29b9939044671f775\"}\n>player p2 {\"name\":\"Rudeus quagmire\",\"avatar\":\"102\",\"rating\":1685,\"seed\":\"sodium,8a8dd98d76bb3487766dd9a59a8c2c66\"}\n>p1 move playrough\n>p2 switch 2\n>p1 switch 4\n>p2 move thunderwave\n>p1 move psychicfangs\n>p2 switch 6\n>p1 move heavyslam\n>p2 move nastyplot\n>p1 switch 5\n>p2 move darkpulse\n>p1 move knockoff\n>p2 move thunderbolt\n>p2 switch 6\n>p1 switch 5\n>p2 move waterfall\n>p1 move psychicfangs\n>p2 move waterfall\n>p1 move psychicfangs\n>p2 move waterfall\n>p1 move psychicfangs\n>p2 move waterfall\n>p1 switch 3\n>p1 move shadowball\n>p2 move thunderwave\n>p2 switch 4\n>p1 switch 4\n>p2 move toxicspikes\n>p1 move earthquake\n>p2 switch 3\n>p1 switch 5\n>p2 move icebeam\n>p1 move lowkick\n>p2 move thunderbolt\n>p1 switch 4\n>p1 move sludgewave\n>p2 move thunderwave\n>p2 switch 3\n>p1 switch 5\n>p2 move knockoff\n>p1 move thunderwave\n>p2 switch 5\n>p1 switch 2\n>p2 move heavyslam\n>p1 move shadowball\n>p2 switch 5\n>p1 move strengthsap\n>p2 move tripleaxel\n>p1 switch 2\n>p1 move thunderwave\n>p2 switch 5\n>p1 move earthquake terastallize\n>p2 move heavyslam\n>p2 switch 5\n>p1 move playrough\n>p2 move flowertrick\n>p1 switch 6\n>p1 move bodypress\n>p2 move flowertrick\n>p2 switch 2\n>p1 move bodypress\n>p2 move ironhead\n>p1 switch 5\n>p1 move willowisp\n>p2 move scaleshot terastallize\n>p1 move shadowball\n>p2 move ironhead\n>p1 move shadowball\n>p2 move ironhead", "uploadtime": 1782840488, "views": 5, "formatid": "gen9randombattle", "rating": 1607, "private": 0, "password": null, "player_dets": [{"name": "Flamingtiger56", "avatar": "170", "rating": 1623, "seed": "sodium,c36505808329aeb29b9939044671f775"}, {"name": "Rudeus quagmire", "avatar": "102", "rating": 1685, "seed": "sodium,8a8dd98d76bb3487766dd9a59a8c2c66"}], "teams_full": [{"Granbull": {"name": "Granbull", "species": "Granbull", "speciesId": "granbull", "gender": "F", "shiny": false, "level": 88, "moves": ["thunderwave", "roar", "playrough", "earthquake"], "ability": "Intimidate", "evs": {"hp": 85, "atk": 85, "def": 85, "spa": 85, "spd": 85, "spe": 85}, "ivs": {"hp": 31, "atk": 31, "def": 31, "spa": 31, "spd": 31, "spe": 31}, "item": "Leftovers", "teraType": "Ground", "role": "Bulky Support", "bvs": {"hp": 90, "atk": 120, "def": 75, "spa": 60, "spd": 60, "spe": 45}, "stats": {"hp": 302, "atk": 261, "def": 182, "spa": 156, "spd": 156, "spe": 129}, "types": ["Fairy"]}, "Sinistcha": {"name": "Sinistcha", "species": "Sinistcha-Masterpiece", "speciesId": "sinistcha", "gender": "N", "shiny": false, "level": 83, "moves": ["shadowball", "strengthsap", "calmmind", "matchagotcha"], "ability": "Heatproof", "evs": {"hp": 85, "atk": 0, "def": 85, "spa": 85, "spd": 85, "spe": 85}, "ivs": {"hp": 31, "atk": 0, "def": 31, "spa": 31, "spd": 31, "spe": 31}, "item": "Leftovers", "teraType": "Steel", "role": "Bulky Setup", "bvs": {"hp": 71, "atk": 60, "def": 106, "spa": 121, "spd": 80, "spe": 70}, "stats": {"hp": 254, "atk": 104, "def": 224, "spa": 249, "spd": 180, "spe": 164}, "types": ["Grass", "Ghost"]}, "Gengar": {"name": "Gengar", "species": "Gengar", "speciesId": "gengar", "gender": "M", "shiny": false, "level": 81, "moves": ["sludgewave", "encore", "willowisp", "shadowball"], "ability": "Cursed Body", "evs": {"hp": 85, "atk": 0, "def": 85, "spa": 85, "spd": 85, "spe": 85}, "ivs": {"hp": 31, "atk": 0, "def": 31, "spa": 31, "spd": 31, "spe": 31}, "item": "Life Orb", "teraType": "Dark", "role": "Fast Attacker", "bvs": {"hp": 60, "atk": 65, "def": 60, "spa": 130, "spd": 75, "spe": 110}, "stats": {"hp": 230, "atk": 110, "def": 144, "spa": 257, "spd": 168, "spe": 225}, "types": ["Ghost", "Poison"]}, "Metagross": {"name": "Metagross", "species": "Metagross", "speciesId": "metagross", "gender": "N", "shiny": false, "level": 79, "moves": ["heavyslam", "agility", "psychicfangs", "earthquake"], "ability": "Clear Body", "evs": {"hp": 85, "atk": 85, "def": 85, "spa": 85, "spd": 85, "spe": 85}, "ivs": {"hp": 31, "atk": 31, "def": 31, "spa": 31, "spd": 31, "spe": 31}, "item": "Weakness Policy", "teraType": "Ground", "role": "Bulky Setup", "bvs": {"hp": 80, "atk": 135, "def": 130, "spa": 95, "spd": 90, "spe": 70}, "stats": {"hp": 256, "atk": 259, "def": 251, "spa": 196, "spd": 188, "spe": 156}, "types": ["Steel", "Psychic"]}, "Weavile": {"name": "Weavile", "species": "Weavile", "speciesId": "weavile", "gender": "M", "shiny": false, "level": 79, "moves": ["iceshard", "lowkick", "tripleaxel", "knockoff"], "ability": "Pickpocket", "evs": {"hp": 81, "atk": 85, "def": 85, "spa": 85, "spd": 85, "spe": 85}, "ivs": {"hp": 31, "atk": 31, "def": 31, "spa": 31, "spd": 31, "spe": 31}, "item": "Choice Band", "teraType": "Fighting", "role": "Fast Attacker", "bvs": {"hp": 70, "atk": 120, "def": 65, "spa": 45, "spd": 85, "spe": 125}, "stats": {"hp": 239, "atk": 235, "def": 148, "spa": 117, "spd": 180, "spe": 243}, "types": ["Dark", "Ice"]}, "Carbink": {"name": "Carbink", "species": "Carbink", "speciesId": "carbink", "gender": "N", "shiny": false, "level": 90, "moves": ["irondefense", "bodypress", "moonblast", "rest"], "ability": "Sturdy", "evs": {"hp": 85, "atk": 0, "def": 85, "spa": 85, "spd": 85, "spe": 85}, "ivs": {"hp": 31, "atk": 0, "def": 31, "spa": 31, "spd": 31, "spe": 31}, "item": "Chesto Berry", "teraType": "Fighting", "role": "Fast Bulky Setup", "bvs": {"hp": 50, "atk": 50, "def": 150, "spa": 50, "spd": 150, "spe": 50}, "stats": {"hp": 236, "atk": 95, "def": 321, "spa": 141, "spd": 321, "spe": 141}, "types": ["Rock", "Fairy"]}}, {"Kommo-o": {"name": "Kommo-o", "species": "Kommo-o", "speciesId": "kommoo", "gender": "M", "shiny": false, "level": 78, "moves": ["scaleshot", "ironhead", "closecombat", "swordsdance"], "ability": "Soundproof", "evs": {"hp": 85, "atk": 85, "def": 85, "spa": 85, "spd": 85, "spe": 85}, "ivs": {"hp": 31, "atk": 31, "def": 31, "spa": 31, "spd": 31, "spe": 31}, "item": "Loaded Dice", "teraType": "Steel", "role": "Setup Sweeper", "bvs": {"hp": 75, "atk": 110, "def": 125, "spa": 100, "spd": 105, "spe": 85}, "stats": {"hp": 245, "atk": 217, "def": 240, "spa": 201, "spd": 209, "spe": 178}, "types": ["Dragon", "Fighting"]}, "Qwilfish": {"name": "Qwilfish", "species": "Qwilfish", "speciesId": "qwilfish", "gender": "F", "shiny": false, "level": 86, "moves": ["taunt", "thunderwave", "waterfall", "gunkshot"], "ability": "Intimidate", "evs": {"hp": 85, "atk": 85, "def": 85, "spa": 85, "spd": 85, "spe": 85}, "ivs": {"hp": 31, "atk": 31, "def": 31, "spa": 31, "spd": 31, "spe": 31}, "item": "Leftovers", "teraType": "Dark", "role": "Bulky Support", "bvs": {"hp": 65, "atk": 95, "def": 85, "spa": 55, "spd": 55, "spe": 85}, "stats": {"hp": 252, "atk": 213, "def": 195, "spa": 144, "spd": 144, "spe": 195}, "types": ["Water", "Poison"]}, "Regice": {"name": "Regice", "species": "Regice", "speciesId": "regice", "gender": "N", "shiny": false, "level": 88, "moves": ["thunderwave", "icebeam", "bodypress", "thunderbolt"], "ability": "Clear Body", "evs": {"hp": 85, "atk": 0, "def": 85, "spa": 85, "spd": 85, "spe": 85}, "ivs": {"hp": 31, "atk": 0, "def": 31, "spa": 31, "spd": 31, "spe": 31}, "item": "Heavy-Duty Boots", "teraType": "Electric", "role": "Bulky Attacker", "bvs": {"hp": 80, "atk": 50, "def": 100, "spa": 100, "spd": 200, "spe": 50}, "stats": {"hp": 284, "atk": 93, "def": 226, "spa": 226, "spd": 402, "spe": 138}, "types": ["Ice"]}, "Meowscarada": {"name": "Meowscarada", "species": "Meowscarada", "speciesId": "meowscarada", "gender": "M", "shiny": false, "level": 78, "moves": ["tripleaxel", "knockoff", "flowertrick", "toxicspikes"], "ability": "Protean", "evs": {"hp": 85, "atk": 85, "def": 85, "spa": 85, "spd": 85, "spe": 85}, "ivs": {"hp": 31, "atk": 31, "def": 31, "spa": 31, "spd": 31, "spe": 31}, "item": "Life Orb", "teraType": "Grass", "role": "Fast Support", "bvs": {"hp": 76, "atk": 110, "def": 70, "spa": 81, "spd": 70, "spe": 123}, "stats": {"hp": 247, "atk": 217, "def": 154, "spa": 171, "spd": 154, "spe": 237}, "types": ["Grass", "Dark"]}, "Metagross": {"name": "Metagross", "species": "Metagross", "speciesId": "metagross", "gender": "N", "shiny": false, "level": 79, "moves": ["agility", "heavyslam", "psychicfangs", "earthquake"], "ability": "Clear Body", "evs": {"hp": 85, "atk": 85, "def": 85, "spa": 85, "spd": 85, "spe": 85}, "ivs": {"hp": 31, "atk": 31, "def": 31, "spa": 31, "spd": 31, "spe": 31}, "item": "Weakness Policy", "teraType": "Ground", "role": "Bulky Setup", "bvs": {"hp": 80, "atk": 135, "def": 130, "spa": 95, "spd": 90, "spe": 70}, "stats": {"hp": 256, "atk": 259, "def": 251, "spa": 196, "spd": 188, "spe": 156}, "types": ["Steel", "Psychic"]}, "Meowstic": {"name": "Meowstic", "species": "Meowstic-F", "speciesId": "meowsticf", "gender": "F", "shiny": false, "level": 89, "moves": ["thunderbolt", "darkpulse", "nastyplot", "psyshock"], "ability": "Competitive", "evs": {"hp": 85, "atk": 0, "def": 85, "spa": 85, "spd": 85, "spe": 85}, "ivs": {"hp": 31, "atk": 0, "def": 31, "spa": 31, "spd": 31, "spe": 31}, "item": "Life Orb", "teraType": "Dark", "role": "Setup Sweeper", "bvs": {"hp": 74, "atk": 48, "def": 76, "spa": 83, "spd": 81, "spe": 104}, "stats": {"hp": 277, "atk": 90, "def": 186, "spa": 199, "spd": 195, "spe": 236}, "types": ["Psychic"]}}]}