{"id": "gen9randombattle-2642180663", "format": "[Gen 9] Random Battle", "players": ["jnpr010334", "cityman16"], "log": "|j|\u2606jnpr010334\n|j|\u2606cityman16\n|t:|1782906568\n|gametype|singles\n|player|p1|jnpr010334|265|1739\n|player|p2|cityman16|chuck|1754\n|gen|9\n|tier|[Gen 9] Random Battle\n|rated|\n|rule|Species Clause: Limit one of each Pok\u00e9mon\n|rule|HP Percentage Mod: HP is shown in percentages\n|rule|Sleep Clause Mod: Limit one foe put to sleep\n|rule|Illusion Level Mod: Illusion disguises the Pok\u00e9mon's true level\n|\n|t:|1782906568\n|teamsize|p1|6\n|teamsize|p2|6\n|start\n|switch|p1a: Orthworm|Orthworm, L88, F|266/266\n|switch|p2a: Overqwil|Overqwil, L82, M|274/274\n|-ability|p2a: Overqwil|Intimidate|boost\n|-unboost|p1a: Orthworm|atk|1\n|turn|1\n|inactive|Battle timer is ON: inactive players will automatically lose when time's up. (requested by cityman16)\n|inactive|jnpr010334 also wants the timer to be on.\n|\n|t:|1782906582\n|move|p2a: Overqwil|Swords Dance|p2a: Overqwil\n|-boost|p2a: Overqwil|atk|2\n|move|p1a: Orthworm|Coil|p1a: Orthworm\n|-boost|p1a: Orthworm|atk|1\n|-boost|p1a: Orthworm|def|1\n|-boost|p1a: Orthworm|accuracy|1\n|\n|upkeep\n|turn|2\n|\n|t:|1782906589\n|move|p2a: Overqwil|Crunch|p1a: Orthworm\n|-damage|p1a: Orthworm|190/266\n|move|p1a: Orthworm|Coil|p1a: Orthworm\n|-boost|p1a: Orthworm|atk|1\n|-boost|p1a: Orthworm|def|1\n|-boost|p1a: Orthworm|accuracy|1\n|\n|upkeep\n|turn|3\n|\n|t:|1782906594\n|move|p2a: Overqwil|Crunch|p1a: Orthworm\n|-damage|p1a: Orthworm|126/266\n|move|p1a: Orthworm|Coil|p1a: Orthworm\n|-boost|p1a: Orthworm|atk|1\n|-boost|p1a: Orthworm|def|1\n|-boost|p1a: Orthworm|accuracy|1\n|\n|upkeep\n|turn|4\n|\n|t:|1782906599\n|move|p2a: Overqwil|Crunch|p1a: Orthworm\n|-damage|p1a: Orthworm|77/266\n|move|p1a: Orthworm|Iron Tail|p2a: Overqwil\n|-crit|p2a: Overqwil\n|-damage|p2a: Overqwil|0 fnt\n|faint|p2a: Overqwil\n|\n|upkeep\n|\n|t:|1782906605\n|switch|p2a: Jolteon|Jolteon, L84, F|246/246\n|turn|5\n|\n|t:|1782906610\n|switch|p1a: Camerupt|Camerupt, L91, M|275/275\n|move|p2a: Jolteon|Thunderbolt|p1a: Camerupt\n|-immune|p1a: Camerupt\n|\n|upkeep\n|turn|6\n|\n|t:|1782906623\n|switch|p2a: Vileplume|Vileplume, L85, F|266/266\n|move|p1a: Camerupt|Stealth Rock|p2a: Vileplume\n|-sidestart|p2: cityman16|move: Stealth Rock\n|\n|upkeep\n|turn|7\n|\n|t:|1782906629\n|switch|p1a: Scyther|Scyther, L82, M|249/249\n|move|p2a: Vileplume|Leech Seed|p1a: Scyther\n|-start|p1a: Scyther|move: Leech Seed\n|\n|-damage|p1a: Scyther|218/249|[from] Leech Seed|[of] p2a: Vileplume\n|upkeep\n|turn|8\n|\n|t:|1782906640\n|switch|p1a: Camerupt|Camerupt, L91, M|275/275\n|move|p2a: Vileplume|Strength Sap|p1a: Camerupt\n|-unboost|p1a: Camerupt|atk|1\n|\n|upkeep\n|turn|9\n|\n|t:|1782906644\n|switch|p1a: Scyther|Scyther, L82, M|218/249\n|move|p2a: Vileplume|Leech Seed|p1a: Scyther\n|-start|p1a: Scyther|move: Leech Seed\n|\n|-damage|p1a: Scyther|187/249|[from] Leech Seed|[of] p2a: Vileplume\n|upkeep\n|turn|10\n|\n|t:|1782906652\n|switch|p1a: Camerupt|Camerupt, L91, M|275/275\n|move|p2a: Vileplume|Strength Sap|p1a: Camerupt\n|-unboost|p1a: Camerupt|atk|1\n|\n|upkeep\n|turn|11\n|\n|t:|1782906654\n|switch|p1a: Scyther|Scyther, L82, M|187/249\n|move|p2a: Vileplume|Leech Seed|p1a: Scyther\n|-start|p1a: Scyther|move: Leech Seed\n|\n|-damage|p1a: Scyther|156/249|[from] Leech Seed|[of] p2a: Vileplume\n|upkeep\n|turn|12\n|\n|t:|1782906657\n|switch|p1a: Camerupt|Camerupt, L91, M|275/275\n|move|p2a: Vileplume|Giga Drain|p1a: Camerupt\n|-damage|p1a: Camerupt|184/275\n|\n|-heal|p1a: Camerupt|201/275|[from] item: Leftovers\n|upkeep\n|turn|13\n|\n|t:|1782906660\n|move|p2a: Vileplume|Leech Seed|p1a: Camerupt\n|-start|p1a: Camerupt|move: Leech Seed\n|move|p1a: Camerupt|Overheat|p2a: Vileplume\n|-supereffective|p2a: Vileplume\n|-damage|p2a: Vileplume|0 fnt\n|-unboost|p1a: Camerupt|spa|2\n|faint|p2a: Vileplume\n|\n|-heal|p1a: Camerupt|218/275|[from] item: Leftovers\n|upkeep\n|\n|t:|1782906666\n|switch|p2a: Sinistcha|Sinistcha, L83|254/254\n|-damage|p2a: Sinistcha|223/254|[from] Stealth Rock\n|turn|14\n|\n|t:|1782906669\n|switch|p1a: Weavile|Weavile, L79, F|240/240\n|move|p2a: Sinistcha|Calm Mind|p2a: Sinistcha\n|-boost|p2a: Sinistcha|spa|1\n|-boost|p2a: Sinistcha|spd|1\n|\n|-heal|p2a: Sinistcha|238/254|[from] item: Leftovers\n|upkeep\n|turn|15\n|\n|t:|1782906675\n|move|p1a: Weavile|Swords Dance|p1a: Weavile\n|-boost|p1a: Weavile|atk|2\n|move|p2a: Sinistcha|Strength Sap|p1a: Weavile\n|-unboost|p1a: Weavile|atk|1\n|-heal|p2a: Sinistcha|254/254\n|\n|upkeep\n|turn|16\n|\n|t:|1782906685\n|move|p1a: Weavile|Triple Axel|p2a: Sinistcha\n|-supereffective|p2a: Sinistcha\n|-damage|p2a: Sinistcha|192/254\n|-supereffective|p2a: Sinistcha\n|-damage|p2a: Sinistcha|66/254\n|-supereffective|p2a: Sinistcha\n|-damage|p2a: Sinistcha|0 fnt\n|faint|p2a: Sinistcha\n|-hitcount|p2: Sinistcha|3\n|\n|upkeep\n|\n|t:|1782906693\n|switch|p2a: Conkeldurr|Conkeldurr, L80, M|299/299\n|-damage|p2a: Conkeldurr|281/299|[from] Stealth Rock\n|turn|17\n|\n|t:|1782906697\n|-terastallize|p1a: Weavile|Ice\n|move|p2a: Conkeldurr|Mach Punch|p1a: Weavile\n|-supereffective|p1a: Weavile\n|-damage|p1a: Weavile|94/240\n|move|p1a: Weavile|Triple Axel|p2a: Conkeldurr\n|-damage|p2a: Conkeldurr|233/299\n|-hitcount|p2a: Conkeldurr|1\n|\n|-status|p2a: Conkeldurr|brn|[from] item: Flame Orb\n|upkeep\n|turn|18\n|\n|t:|1782906710\n|switch|p1a: Gliscor|Gliscor, L76, F|239/239\n|move|p2a: Conkeldurr|Mach Punch|p1a: Gliscor\n|-resisted|p1a: Gliscor\n|-damage|p1a: Gliscor|203/239\n|\n|-damage|p2a: Conkeldurr|215/299 brn|[from] brn\n|-status|p1a: Gliscor|tox|[from] item: Toxic Orb\n|upkeep\n|turn|19\n|\n|t:|1782906715\n|move|p1a: Gliscor|Substitute|p1a: Gliscor\n|-start|p1a: Gliscor|Substitute\n|-damage|p1a: Gliscor|144/239 tox\n|move|p2a: Conkeldurr|Facade|p1a: Gliscor\n|-end|p1a: Gliscor|Substitute\n|\n|-heal|p1a: Gliscor|173/239 tox|[from] ability: Poison Heal\n|-damage|p2a: Conkeldurr|197/299 brn|[from] brn\n|upkeep\n|turn|20\n|\n|t:|1782906723\n|move|p1a: Gliscor|Earthquake|p2a: Conkeldurr\n|-damage|p2a: Conkeldurr|118/299 brn\n|move|p2a: Conkeldurr|Facade|p1a: Gliscor\n|-damage|p1a: Gliscor|27/239 tox\n|\n|-heal|p1a: Gliscor|56/239 tox|[from] ability: Poison Heal\n|-damage|p2a: Conkeldurr|100/299 brn|[from] brn\n|upkeep\n|turn|21\n|\n|t:|1782906730\n|switch|p2a: Jolteon|Jolteon, L84, F|246/246\n|-damage|p2a: Jolteon|216/246|[from] Stealth Rock\n|move|p1a: Gliscor|Earthquake|p2a: Jolteon\n|-supereffective|p2a: Jolteon\n|-damage|p2a: Jolteon|0 fnt\n|faint|p2a: Jolteon\n|\n|-heal|p1a: Gliscor|85/239 tox|[from] ability: Poison Heal\n|upkeep\n|-message|cityman16 forfeited.\n|\n|win|jnpr010334\n|raw|jnpr010334's rating: 1720 &rarr; <strong>1742</strong><br />(+22 for winning)\n|raw|cityman16's rating: 1754 &rarr; <strong>1732</strong><br />(-22 for losing)\n", "inputlog": ">version f8ac14003a5f27e1bdc8d8c59608a773c1cb96e5\n>start {\"formatid\":\"gen9randombattle\",\"seed\":\"sodium,2158758cef2a2927ec9781c698abee96\",\"rated\":\"Rated battle\"}\n>player p1 {\"name\":\"jnpr010334\",\"avatar\":\"265\",\"rating\":1739,\"seed\":\"sodium,28b4fe5be83ef6fcd3b43bca4cac7196\"}\n>player p2 {\"name\":\"cityman16\",\"avatar\":\"chuck\",\"rating\":1754,\"seed\":\"sodium,3dae3f90ed4ba97c39a0897f81d39423\"}\n>p1 move coil\n>p2 move swordsdance\n>p1 move coil\n>p2 move crunch\n>p1 move coil\n>p2 move crunch\n>p1 move irontail\n>p2 move crunch\n>p2 switch 3\n>p1 switch 5\n>p2 move thunderbolt\n>p1 move stealthrock\n>p2 switch 2\n>p1 switch 3\n>p2 move leechseed\n>p1 switch 3\n>p2 move strengthsap\n>p1 switch 3\n>p2 move leechseed\n>p1 switch 3\n>p2 move strengthsap\n>p1 switch 3\n>p2 move leechseed\n>p1 switch 3\n>p2 move gigadrain\n>p1 move overheat\n>p2 move leechseed\n>p2 switch 6\n>p1 switch 4\n>p2 move calmmind\n>p1 move swordsdance\n>p2 move strengthsap\n>p1 move tripleaxel\n>p2 move matchagotcha\n>p2 switch 4\n>p1 move tripleaxel terastallize\n>p2 move machpunch\n>p1 switch 6\n>p2 move machpunch\n>p1 move substitute\n>p2 move facade\n>p1 move earthquake\n>p2 move facade\n>p1 move earthquake\n>p2 switch 2\n>forcelose p2", "uploadtime": 1782906733, "views": 6, "formatid": "gen9randombattle", "rating": 1732, "private": 0, "password": null, "player_dets": [{"name": "jnpr010334", "avatar": "265", "rating": 1739, "seed": "sodium,28b4fe5be83ef6fcd3b43bca4cac7196"}, {"name": "cityman16", "avatar": "chuck", "rating": 1754, "seed": "sodium,3dae3f90ed4ba97c39a0897f81d39423"}], "teams_full": [{"Orthworm": {"name": "Orthworm", "species": "Orthworm", "speciesId": "orthworm", "gender": "F", "shiny": false, "level": 88, "moves": ["coil", "bodypress", "irontail", "rest"], "ability": "Earth Eater", "evs": {"hp": 85, "atk": 85, "def": 85, "spa": 85, "spd": 85, "spe": 85}, "ivs": {"hp": 31, "atk": 31, "def": 31, "spa": 31, "spd": 31, "spe": 31}, "item": "Chesto Berry", "teraType": "Fighting", "role": "Bulky Setup", "bvs": {"hp": 70, "atk": 85, "def": 145, "spa": 60, "spd": 55, "spe": 65}, "stats": {"hp": 266, "atk": 200, "def": 305, "spa": 156, "spd": 147, "spe": 165}, "types": ["Steel"]}, "Palkia": {"name": "Palkia", "species": "Palkia-Origin", "speciesId": "palkiaorigin", "gender": "N", "shiny": false, "level": 72, "moves": ["dracometeor", "fireblast", "thunderwave", "hydropump"], "ability": "Pressure", "evs": {"hp": 85, "atk": 0, "def": 85, "spa": 85, "spd": 85, "spe": 85}, "ivs": {"hp": 31, "atk": 0, "def": 31, "spa": 31, "spd": 31, "spe": 31}, "item": "Lustrous Globe", "teraType": "Fire", "role": "Bulky Attacker", "bvs": {"hp": 90, "atk": 100, "def": 100, "spa": 150, "spd": 120, "spe": 120}, "stats": {"hp": 249, "atk": 149, "def": 186, "spa": 258, "spd": 215, "spe": 215}, "types": ["Water", "Dragon"]}, "Scyther": {"name": "Scyther", "species": "Scyther", "speciesId": "scyther", "gender": "M", "shiny": false, "level": 82, "moves": ["closecombat", "bugbite", "dualwingbeat", "swordsdance"], "ability": "Technician", "evs": {"hp": 85, "atk": 85, "def": 85, "spa": 85, "spd": 85, "spe": 85}, "ivs": {"hp": 31, "atk": 31, "def": 31, "spa": 31, "spd": 31, "spe": 31}, "item": "Heavy-Duty Boots", "teraType": "Fighting", "role": "Setup Sweeper", "bvs": {"hp": 70, "atk": 110, "def": 80, "spa": 55, "spd": 80, "spe": 105}, "stats": {"hp": 249, "atk": 228, "def": 178, "spa": 137, "spd": 178, "spe": 219}, "types": ["Bug", "Flying"]}, "Weavile": {"name": "Weavile", "species": "Weavile", "speciesId": "weavile", "gender": "F", "shiny": false, "level": 79, "moves": ["tripleaxel", "knockoff", "iceshard", "swordsdance"], "ability": "Pickpocket", "evs": {"hp": 85, "atk": 85, "def": 85, "spa": 85, "spd": 85, "spe": 85}, "ivs": {"hp": 31, "atk": 31, "def": 31, "spa": 31, "spd": 31, "spe": 31}, "item": "Heavy-Duty Boots", "teraType": "Ice", "role": "Fast Attacker", "bvs": {"hp": 70, "atk": 120, "def": 65, "spa": 45, "spd": 85, "spe": 125}, "stats": {"hp": 240, "atk": 235, "def": 148, "spa": 117, "spd": 180, "spe": 243}, "types": ["Dark", "Ice"]}, "Camerupt": {"name": "Camerupt", "species": "Camerupt", "speciesId": "camerupt", "gender": "M", "shiny": false, "level": 91, "moves": ["earthquake", "roar", "overheat", "stealthrock"], "ability": "Solid Rock", "evs": {"hp": 85, "atk": 85, "def": 85, "spa": 85, "spd": 85, "spe": 85}, "ivs": {"hp": 31, "atk": 31, "def": 31, "spa": 31, "spd": 31, "spe": 31}, "item": "Leftovers", "teraType": "Grass", "role": "Bulky Support", "bvs": {"hp": 70, "atk": 100, "def": 70, "spa": 105, "spd": 75, "spe": 40}, "stats": {"hp": 275, "atk": 234, "def": 179, "spa": 243, "spd": 188, "spe": 125}, "types": ["Fire", "Ground"]}, "Gliscor": {"name": "Gliscor", "species": "Gliscor", "speciesId": "gliscor", "gender": "F", "shiny": false, "level": 76, "moves": ["protect", "earthquake", "toxic", "substitute"], "ability": "Poison Heal", "evs": {"hp": 85, "atk": 85, "def": 85, "spa": 85, "spd": 85, "spe": 85}, "ivs": {"hp": 31, "atk": 31, "def": 31, "spa": 31, "spd": 31, "spe": 31}, "item": "Toxic Orb", "teraType": "Water", "role": "Fast Support", "bvs": {"hp": 75, "atk": 95, "def": 125, "spa": 45, "spd": 75, "spe": 95}, "stats": {"hp": 239, "atk": 188, "def": 234, "spa": 112, "spd": 158, "spe": 188}, "types": ["Ground", "Flying"]}}, {"Overqwil": {"name": "Overqwil", "species": "Overqwil", "speciesId": "overqwil", "gender": "M", "shiny": false, "level": 82, "moves": ["swordsdance", "scaleshot", "crunch", "gunkshot"], "ability": "Intimidate", "evs": {"hp": 85, "atk": 85, "def": 85, "spa": 85, "spd": 85, "spe": 85}, "ivs": {"hp": 31, "atk": 31, "def": 31, "spa": 31, "spd": 31, "spe": 31}, "item": "Loaded Dice", "teraType": "Dragon", "role": "Setup Sweeper", "bvs": {"hp": 85, "atk": 115, "def": 95, "spa": 65, "spd": 65, "spe": 85}, "stats": {"hp": 274, "atk": 236, "def": 203, "spa": 154, "spd": 154, "spe": 187}, "types": ["Dark", "Poison"]}, "Vileplume": {"name": "Vileplume", "species": "Vileplume", "speciesId": "vileplume", "gender": "F", "shiny": false, "level": 85, "moves": ["leechseed", "strengthsap", "sludgebomb", "gigadrain"], "ability": "Effect Spore", "evs": {"hp": 85, "atk": 0, "def": 85, "spa": 85, "spd": 85, "spe": 85}, "ivs": {"hp": 31, "atk": 0, "def": 31, "spa": 31, "spd": 31, "spe": 31}, "item": "Leftovers", "teraType": "Water", "role": "Bulky Attacker", "bvs": {"hp": 75, "atk": 80, "def": 85, "spa": 110, "spd": 90, "spe": 50}, "stats": {"hp": 266, "atk": 141, "def": 193, "spa": 236, "spd": 202, "spe": 134}, "types": ["Grass", "Poison"]}, "Jolteon": {"name": "Jolteon", "species": "Jolteon", "speciesId": "jolteon", "gender": "F", "shiny": false, "level": 84, "moves": ["calmmind", "terablast", "thunderbolt", "substitute"], "ability": "Volt Absorb", "evs": {"hp": 85, "atk": 0, "def": 85, "spa": 85, "spd": 85, "spe": 85}, "ivs": {"hp": 31, "atk": 0, "def": 31, "spa": 31, "spd": 31, "spe": 31}, "item": "Leftovers", "teraType": "Ice", "role": "Tera Blast user", "bvs": {"hp": 65, "atk": 65, "def": 60, "spa": 110, "spd": 95, "spe": 130}, "stats": {"hp": 246, "atk": 114, "def": 149, "spa": 233, "spd": 208, "spe": 267}, "types": ["Electric"]}, "Conkeldurr": {"name": "Conkeldurr", "species": "Conkeldurr", "speciesId": "conkeldurr", "gender": "M", "shiny": false, "level": 80, "moves": ["facade", "machpunch", "closecombat", "knockoff"], "ability": "Guts", "evs": {"hp": 85, "atk": 85, "def": 85, "spa": 85, "spd": 85, "spe": 85}, "ivs": {"hp": 31, "atk": 31, "def": 31, "spa": 31, "spd": 31, "spe": 31}, "item": "Flame Orb", "teraType": "Normal", "role": "Wallbreaker", "bvs": {"hp": 105, "atk": 140, "def": 95, "spa": 55, "spd": 65, "spe": 45}, "stats": {"hp": 299, "atk": 270, "def": 198, "spa": 134, "spd": 150, "spe": 118}, "types": ["Fighting"]}, "Raging Bolt": {"name": "Raging Bolt", "species": "Raging Bolt", "speciesId": "ragingbolt", "gender": "N", "shiny": false, "level": 78, "moves": ["dracometeor", "thunderbolt", "thunderclap", "calmmind"], "ability": "Protosynthesis", "evs": {"hp": 85, "atk": 0, "def": 85, "spa": 85, "spd": 85, "spe": 85}, "ivs": {"hp": 31, "atk": 0, "def": 31, "spa": 31, "spd": 31, "spe": 31}, "item": "Leftovers", "teraType": "Fairy", "role": "Bulky Setup", "bvs": {"hp": 125, "atk": 73, "def": 91, "spa": 137, "spd": 89, "spe": 75}, "stats": {"hp": 323, "atk": 118, "def": 187, "spa": 259, "spd": 184, "spe": 162}, "types": ["Electric", "Dragon"]}, "Sinistcha": {"name": "Sinistcha", "species": "Sinistcha", "speciesId": "sinistcha", "gender": "N", "shiny": false, "level": 83, "moves": ["strengthsap", "shadowball", "matchagotcha", "calmmind"], "ability": "Heatproof", "evs": {"hp": 85, "atk": 0, "def": 85, "spa": 85, "spd": 85, "spe": 85}, "ivs": {"hp": 31, "atk": 0, "def": 31, "spa": 31, "spd": 31, "spe": 31}, "item": "Leftovers", "teraType": "Steel", "role": "Bulky Setup", "bvs": {"hp": 71, "atk": 60, "def": 106, "spa": 121, "spd": 80, "spe": 70}, "stats": {"hp": 254, "atk": 104, "def": 224, "spa": 249, "spd": 180, "spe": 164}, "types": ["Grass", "Ghost"]}}]}