{"id": "gen9randombattle-2641806862", "format": "[Gen 9] Random Battle", "players": ["Dastan14", "Elite 4 Anubis"], "log": "|j|\u2606Dastan14\n|j|\u2606Elite 4 Anubis\n|t:|1782844188\n|gametype|singles\n|player|p1|Dastan14|266|2221\n|player|p2|Elite 4 Anubis|265|2254\n|gen|9\n|tier|[Gen 9] Random Battle\n|rated|\n|rule|Species Clause: Limit one of each Pok\u00e9mon\n|rule|HP Percentage Mod: HP is shown in percentages\n|rule|Sleep Clause Mod: Limit one foe put to sleep\n|rule|Illusion Level Mod: Illusion disguises the Pok\u00e9mon's true level\n|\n|t:|1782844188\n|teamsize|p1|6\n|teamsize|p2|6\n|start\n|switch|p1a: Sudowoodo|Sudowoodo, L94, F|284/284\n|switch|p2a: Dragonite|Dragonite, L74, F|257/257\n|turn|1\n|\n|t:|1782844205\n|switch|p2a: Lucario|Lucario, L84, M|255/255\n|move|p1a: Sudowoodo|Stealth Rock|p2a: Lucario\n|-sidestart|p2: Elite 4 Anubis|move: Stealth Rock\n|\n|upkeep\n|turn|2\n|inactive|Battle timer is ON: inactive players will automatically lose when time's up. (requested by Elite 4 Anubis)\n|\n|t:|1782844219\n|switch|p1a: Gyarados|Gyarados, L79, M|280/280\n|-ability|p1a: Gyarados|Intimidate|boost\n|-fail|p2a: Lucario|unboost|Attack|[from] ability: Inner Focus|[of] p2a: Lucario\n|move|p2a: Lucario|Nasty Plot|p2a: Lucario\n|-boost|p2a: Lucario|spa|2\n|\n|upkeep\n|turn|3\n|\n|t:|1782844231\n|move|p2a: Lucario|Focus Blast|p1a: Gyarados\n|-resisted|p1a: Gyarados\n|-damage|p1a: Gyarados|112/280\n|-damage|p2a: Lucario|230/255|[from] item: Life Orb\n|move|p1a: Gyarados|Earthquake|p2a: Lucario\n|-supereffective|p2a: Lucario\n|-damage|p2a: Lucario|42/255\n|\n|upkeep\n|turn|4\n|\n|t:|1782844242\n|move|p2a: Lucario|Focus Blast|p1a: Gyarados\n|-resisted|p1a: Gyarados\n|-damage|p1a: Gyarados|0 fnt\n|faint|p1a: Gyarados\n|-damage|p2a: Lucario|17/255|[from] item: Life Orb\n|\n|upkeep\n|\n|t:|1782844253\n|switch|p1a: Pachirisu|Pachirisu, L96, M|271/271\n|turn|5\n|\n|t:|1782844258\n|move|p2a: Lucario|Vacuum Wave|p1a: Pachirisu\n|-damage|p1a: Pachirisu|192/271\n|-damage|p2a: Lucario|0 fnt|[from] item: Life Orb\n|faint|p2a: Lucario\n|move|p1a: Pachirisu|Nuzzle|p2: Lucario|[notarget]\n|-fail|p1a: Pachirisu\n|\n|upkeep\n|\n|t:|1782844261\n|switch|p2a: Rhyperior|Rhyperior, L82, F|323/323\n|-damage|p2a: Rhyperior|303/323|[from] Stealth Rock\n|turn|6\n|\n|t:|1782844271\n|move|p1a: Pachirisu|Super Fang|p2a: Rhyperior\n|-damage|p2a: Rhyperior|152/323\n|move|p2a: Rhyperior|Earthquake|p1a: Pachirisu\n|-supereffective|p1a: Pachirisu\n|-damage|p1a: Pachirisu|0 fnt\n|faint|p1a: Pachirisu\n|\n|upkeep\n|\n|t:|1782844282\n|switch|p1a: Frosmoth|Frosmoth, L82, F|249/249\n|turn|7\n|\n|t:|1782844293\n|switch|p2a: Cetitan|Cetitan, L82, M|413/413\n|-damage|p2a: Cetitan|310/413|[from] Stealth Rock\n|move|p1a: Frosmoth|Ice Beam|p2a: Cetitan\n|-resisted|p2a: Cetitan\n|-damage|p2a: Cetitan|226/413\n|\n|upkeep\n|turn|8\n|\n|t:|1782844306\n|switch|p1a: Kingdra|Kingdra, L84, M|263/263\n|move|p2a: Cetitan|Liquidation|p1a: Kingdra\n|-resisted|p1a: Kingdra\n|-damage|p1a: Kingdra|240/263\n|\n|upkeep\n|turn|9\n|\n|t:|1782844315\n|move|p1a: Kingdra|Dragon Dance|p1a: Kingdra\n|-boost|p1a: Kingdra|atk|1\n|-boost|p1a: Kingdra|spe|1\n|move|p2a: Cetitan|Icicle Crash|p1a: Kingdra\n|-damage|p1a: Kingdra|98/263\n|\n|upkeep\n|turn|10\n|\n|t:|1782844324\n|move|p2a: Cetitan|Ice Shard|p1a: Kingdra\n|-damage|p1a: Kingdra|46/263\n|-damage|p2a: Cetitan|185/413|[from] item: Life Orb\n|move|p1a: Kingdra|Wave Crash|p2a: Cetitan\n|-damage|p2a: Cetitan|0 fnt\n|faint|p2a: Cetitan\n|-damage|p1a: Kingdra|0 fnt|[from] Recoil\n|faint|p1a: Kingdra\n|\n|upkeep\n|\n|t:|1782844337\n|switch|p1a: Golem|Golem, L87, M|281/281\n|switch|p2a: Armarouge|Armarouge, L80, F|267/267\n|-damage|p2a: Armarouge|201/267|[from] Stealth Rock\n|turn|11\n|\n|t:|1782844355\n|move|p2a: Armarouge|Energy Ball|p1a: Golem\n|-supereffective|p1a: Golem\n|-ability|p1a: Golem|Sturdy\n|-damage|p1a: Golem|1/281\n|-unboost|p1a: Golem|spd|1\n|-enditem|p1a: Golem|Weakness Policy\n|-boost|p1a: Golem|atk|2|[from] item: Weakness Policy\n|-boost|p1a: Golem|spa|2|[from] item: Weakness Policy\n|move|p1a: Golem|Rock Polish|p1a: Golem\n|-boost|p1a: Golem|spe|2\n|\n|upkeep\n|turn|12\n|inactive|Elite 4 Anubis has 120 seconds left.\n|\n|t:|1782844392\n|-terastallize|p2a: Armarouge|Grass\n|move|p1a: Golem|Stone Edge|p2a: Armarouge|[miss]\n|-miss|p1a: Golem|p2a: Armarouge\n|move|p2a: Armarouge|Energy Ball|p1a: Golem\n|-supereffective|p1a: Golem\n|-damage|p1a: Golem|0 fnt\n|faint|p1a: Golem\n|\n|upkeep\n|\n|t:|1782844402\n|switch|p1a: Frosmoth|Frosmoth, L82, F|249/249\n|turn|13\n|inactive|Elite 4 Anubis has 120 seconds left.\n|\n|t:|1782844424\n|-terastallize|p1a: Frosmoth|Water\n|move|p2a: Armarouge|Meteor Beam||[still]\n|-prepare|p2a: Armarouge|Meteor Beam\n|-boost|p2a: Armarouge|spa|1\n|-enditem|p2a: Armarouge|Power Herb\n|-anim|p2a: Armarouge|Meteor Beam|p1a: Frosmoth\n|-damage|p1a: Frosmoth|174/249\n|move|p1a: Frosmoth|Quiver Dance|p1a: Frosmoth\n|-boost|p1a: Frosmoth|spa|1\n|-boost|p1a: Frosmoth|spd|1\n|-boost|p1a: Frosmoth|spe|1\n|\n|upkeep\n|turn|14\n|\n|t:|1782844442\n|move|p1a: Frosmoth|Quiver Dance|p1a: Frosmoth\n|-boost|p1a: Frosmoth|spa|1\n|-boost|p1a: Frosmoth|spd|1\n|-boost|p1a: Frosmoth|spe|1\n|move|p2a: Armarouge|Psyshock|p1a: Frosmoth\n|-damage|p1a: Frosmoth|79/249\n|\n|upkeep\n|turn|15\n|\n|t:|1782844450\n|move|p1a: Frosmoth|Ice Beam|p2a: Armarouge\n|-supereffective|p2a: Armarouge\n|-damage|p2a: Armarouge|0 fnt\n|faint|p2a: Armarouge\n|\n|upkeep\n|inactive|Elite 4 Anubis has 120 seconds left.\n|\n|t:|1782844458\n|switch|p2a: Polteageist|Polteageist-Antique, L78|222/222\n|-damage|p2a: Polteageist|195/222|[from] Stealth Rock\n|turn|16\n|\n|t:|1782844467\n|move|p1a: Frosmoth|Quiver Dance|p1a: Frosmoth\n|-boost|p1a: Frosmoth|spa|1\n|-boost|p1a: Frosmoth|spd|1\n|-boost|p1a: Frosmoth|spe|1\n|move|p2a: Polteageist|Shell Smash|p2a: Polteageist\n|-unboost|p2a: Polteageist|def|1\n|-unboost|p2a: Polteageist|spd|1\n|-boost|p2a: Polteageist|atk|2\n|-boost|p2a: Polteageist|spa|2\n|-boost|p2a: Polteageist|spe|2\n|-enditem|p2a: Polteageist|White Herb\n|-clearnegativeboost|p2a: Polteageist|[silent]\n|\n|upkeep\n|turn|17\n|\n|t:|1782844479\n|move|p1a: Frosmoth|Ice Beam|p2a: Polteageist\n|-damage|p2a: Polteageist|0 fnt\n|faint|p2a: Polteageist\n|\n|upkeep\n|-message|Elite 4 Anubis forfeited.\n|\n|win|Dastan14\n|raw|Dastan14's rating: 2221 &rarr; <strong>2243</strong><br />(+22 for winning)\n|raw|Elite 4 Anubis's rating: 2254 &rarr; <strong>2232</strong><br />(-22 for losing)\n", "inputlog": ">version f8ac14003a5f27e1bdc8d8c59608a773c1cb96e5\n>start {\"formatid\":\"gen9randombattle\",\"seed\":\"sodium,5a2239e45efdac9d28d94eec6c9380fa\",\"rated\":\"Rated battle\"}\n>player p1 {\"name\":\"Dastan14\",\"avatar\":\"266\",\"rating\":2221,\"seed\":\"sodium,5ef00f4e6e2ca53f158886cdf58b3591\"}\n>player p2 {\"name\":\"Elite 4 Anubis\",\"avatar\":\"265\",\"rating\":2254,\"seed\":\"sodium,28df77eb67d6d8b971af61ec3678c7e8\"}\n>p1 move stealthrock\n>p2 switch 5\n>p1 switch 2\n>p2 move nastyplot\n>p1 move earthquake\n>p2 move focusblast\n>p1 move earthquake\n>p2 move focusblast\n>p1 switch 5\n>p1 move nuzzle\n>p2 move vacuumwave\n>p2 switch 3\n>p1 move superfang\n>p2 move earthquake\n>p1 switch 6\n>p1 move icebeam\n>p2 switch 6\n>p1 switch 3\n>p2 move liquidation\n>p1 move dragondance\n>p2 move iciclecrash\n>p1 move wavecrash\n>p2 move iceshard\n>p1 switch 4\n>p2 switch 4\n>p1 move rockpolish\n>p2 move energyball\n>p1 move stoneedge\n>p2 move energyball terastallize\n>p1 switch 3\n>p1 move quiverdance terastallize\n>p2 move meteorbeam\n>p1 move quiverdance\n>p2 move psyshock\n>p1 move icebeam\n>p2 move psyshock\n>p2 switch 2\n>p1 move quiverdance\n>p2 move shellsmash\n>p1 move icebeam\n>p2 move shellsmash\n>forcelose p2", "uploadtime": 1782844485, "views": 7, "formatid": "gen9randombattle", "rating": 2232, "private": 0, "password": null, "player_dets": [{"name": "Dastan14", "avatar": "266", "rating": 2221, "seed": "sodium,5ef00f4e6e2ca53f158886cdf58b3591"}, {"name": "Elite 4 Anubis", "avatar": "265", "rating": 2254, "seed": "sodium,28df77eb67d6d8b971af61ec3678c7e8"}], "teams_full": [{"Sudowoodo": {"name": "Sudowoodo", "species": "Sudowoodo", "speciesId": "sudowoodo", "gender": "F", "shiny": false, "level": 94, "moves": ["woodhammer", "headsmash", "earthquake", "stealthrock"], "ability": "Rock Head", "evs": {"hp": 85, "atk": 85, "def": 85, "spa": 85, "spd": 85, "spe": 85}, "ivs": {"hp": 31, "atk": 31, "def": 31, "spa": 31, "spd": 31, "spe": 31}, "item": "Leftovers", "teraType": "Rock", "role": "Bulky Attacker", "bvs": {"hp": 70, "atk": 100, "def": 115, "spa": 30, "spd": 65, "spe": 30}, "stats": {"hp": 284, "atk": 241, "def": 270, "spa": 110, "spd": 176, "spe": 110}, "types": ["Rock"]}, "Gyarados": {"name": "Gyarados", "species": "Gyarados", "speciesId": "gyarados", "gender": "M", "shiny": false, "level": 79, "moves": ["waterfall", "dragondance", "terablast", "earthquake"], "ability": "Intimidate", "evs": {"hp": 85, "atk": 85, "def": 85, "spa": 85, "spd": 85, "spe": 85}, "ivs": {"hp": 31, "atk": 31, "def": 31, "spa": 31, "spd": 31, "spe": 31}, "item": "Heavy-Duty Boots", "teraType": "Flying", "role": "Tera Blast user", "bvs": {"hp": 95, "atk": 125, "def": 79, "spa": 60, "spd": 100, "spe": 81}, "stats": {"hp": 280, "atk": 243, "def": 170, "spa": 140, "spd": 204, "spe": 174}, "types": ["Water", "Flying"]}, "Kingdra": {"name": "Kingdra", "species": "Kingdra", "speciesId": "kingdra", "gender": "M", "shiny": false, "level": 84, "moves": ["waterfall", "outrage", "dragondance", "wavecrash"], "ability": "Sniper", "evs": {"hp": 85, "atk": 85, "def": 85, "spa": 85, "spd": 85, "spe": 85}, "ivs": {"hp": 31, "atk": 31, "def": 31, "spa": 31, "spd": 31, "spe": 31}, "item": "Lum Berry", "teraType": "Water", "role": "Setup Sweeper", "bvs": {"hp": 75, "atk": 95, "def": 95, "spa": 95, "spd": 95, "spe": 85}, "stats": {"hp": 263, "atk": 208, "def": 208, "spa": 208, "spd": 208, "spe": 191}, "types": ["Water", "Dragon"]}, "Golem": {"name": "Golem", "species": "Golem", "speciesId": "golem", "gender": "M", "shiny": false, "level": 87, "moves": ["rockpolish", "earthquake", "stoneedge", "explosion"], "ability": "Sturdy", "evs": {"hp": 85, "atk": 85, "def": 85, "spa": 85, "spd": 85, "spe": 85}, "ivs": {"hp": 31, "atk": 31, "def": 31, "spa": 31, "spd": 31, "spe": 31}, "item": "Weakness Policy", "teraType": "Ground", "role": "Bulky Attacker", "bvs": {"hp": 80, "atk": 120, "def": 130, "spa": 55, "spd": 65, "spe": 45}, "stats": {"hp": 281, "atk": 259, "def": 276, "spa": 145, "spd": 163, "spe": 128}, "types": ["Rock", "Ground"]}, "Pachirisu": {"name": "Pachirisu", "species": "Pachirisu", "speciesId": "pachirisu", "gender": "M", "shiny": false, "level": 96, "moves": ["superfang", "thunderbolt", "nuzzle", "uturn"], "ability": "Volt Absorb", "evs": {"hp": 85, "atk": 85, "def": 85, "spa": 85, "spd": 85, "spe": 85}, "ivs": {"hp": 31, "atk": 31, "def": 31, "spa": 31, "spd": 31, "spe": 31}, "item": "Assault Vest", "teraType": "Flying", "role": "AV Pivot", "bvs": {"hp": 60, "atk": 45, "def": 70, "spa": 45, "spd": 90, "spe": 95}, "stats": {"hp": 271, "atk": 141, "def": 189, "spa": 141, "spd": 227, "spe": 237}, "types": ["Electric"]}, "Frosmoth": {"name": "Frosmoth", "species": "Frosmoth", "speciesId": "frosmoth", "gender": "F", "shiny": false, "level": 82, "moves": ["gigadrain", "bugbuzz", "icebeam", "quiverdance"], "ability": "Ice Scales", "evs": {"hp": 85, "atk": 0, "def": 85, "spa": 85, "spd": 85, "spe": 85}, "ivs": {"hp": 31, "atk": 0, "def": 31, "spa": 31, "spd": 31, "spe": 31}, "item": "Heavy-Duty Boots", "teraType": "Water", "role": "Setup Sweeper", "bvs": {"hp": 70, "atk": 65, "def": 60, "spa": 125, "spd": 90, "spe": 65}, "stats": {"hp": 249, "atk": 111, "def": 146, "spa": 252, "spd": 195, "spe": 154}, "types": ["Ice", "Bug"]}}, {"Dragonite": {"name": "Dragonite", "species": "Dragonite", "speciesId": "dragonite", "gender": "F", "shiny": false, "level": 74, "moves": ["terablast", "outrage", "earthquake", "dragondance"], "ability": "Multiscale", "evs": {"hp": 85, "atk": 85, "def": 85, "spa": 85, "spd": 85, "spe": 85}, "ivs": {"hp": 31, "atk": 31, "def": 31, "spa": 31, "spd": 31, "spe": 31}, "item": "Heavy-Duty Boots", "teraType": "Flying", "role": "Tera Blast user", "bvs": {"hp": 91, "atk": 134, "def": 95, "spa": 100, "spd": 100, "spe": 80}, "stats": {"hp": 257, "atk": 241, "def": 184, "spa": 191, "spd": 191, "spe": 161}, "types": ["Dragon", "Flying"]}, "Polteageist": {"name": "Polteageist", "species": "Polteageist-Antique", "speciesId": "polteageist", "gender": "N", "shiny": false, "level": 78, "moves": ["strengthsap", "storedpower", "shadowball", "shellsmash"], "ability": "Cursed Body", "evs": {"hp": 85, "atk": 0, "def": 85, "spa": 85, "spd": 85, "spe": 85}, "ivs": {"hp": 31, "atk": 0, "def": 31, "spa": 31, "spd": 31, "spe": 31}, "item": "White Herb", "teraType": "Dark", "role": "Setup Sweeper", "bvs": {"hp": 60, "atk": 65, "def": 65, "spa": 134, "spd": 114, "spe": 70}, "stats": {"hp": 222, "atk": 106, "def": 146, "spa": 254, "spd": 223, "spe": 154}, "types": ["Ghost"]}, "Rhyperior": {"name": "Rhyperior", "species": "Rhyperior", "speciesId": "rhyperior", "gender": "F", "shiny": false, "level": 82, "moves": ["rockpolish", "megahorn", "stoneedge", "earthquake"], "ability": "Solid Rock", "evs": {"hp": 85, "atk": 85, "def": 85, "spa": 85, "spd": 85, "spe": 85}, "ivs": {"hp": 31, "atk": 31, "def": 31, "spa": 31, "spd": 31, "spe": 31}, "item": "Weakness Policy", "teraType": "Rock", "role": "Bulky Setup", "bvs": {"hp": 115, "atk": 140, "def": 130, "spa": 55, "spd": 55, "spe": 40}, "stats": {"hp": 323, "atk": 277, "def": 260, "spa": 137, "spd": 137, "spe": 113}, "types": ["Ground", "Rock"]}, "Armarouge": {"name": "Armarouge", "species": "Armarouge", "speciesId": "armarouge", "gender": "F", "shiny": false, "level": 80, "moves": ["armorcannon", "psyshock", "meteorbeam", "energyball"], "ability": "Weak Armor", "evs": {"hp": 85, "atk": 0, "def": 85, "spa": 85, "spd": 85, "spe": 85}, "ivs": {"hp": 31, "atk": 0, "def": 31, "spa": 31, "spd": 31, "spe": 31}, "item": "Power Herb", "teraType": "Grass", "role": "Setup Sweeper", "bvs": {"hp": 85, "atk": 60, "def": 100, "spa": 125, "spd": 80, "spe": 75}, "stats": {"hp": 267, "atk": 101, "def": 206, "spa": 246, "spd": 174, "spe": 166}, "types": ["Fire", "Psychic"]}, "Lucario": {"name": "Lucario", "species": "Lucario", "speciesId": "lucario", "gender": "M", "shiny": false, "level": 84, "moves": ["flashcannon", "nastyplot", "vacuumwave", "focusblast"], "ability": "Inner Focus", "evs": {"hp": 85, "atk": 0, "def": 85, "spa": 85, "spd": 85, "spe": 85}, "ivs": {"hp": 31, "atk": 0, "def": 31, "spa": 31, "spd": 31, "spe": 31}, "item": "Life Orb", "teraType": "Fighting", "role": "Setup Sweeper", "bvs": {"hp": 70, "atk": 110, "def": 70, "spa": 115, "spd": 70, "spe": 90}, "stats": {"hp": 255, "atk": 189, "def": 166, "spa": 241, "spd": 166, "spe": 199}, "types": ["Fighting", "Steel"]}, "Cetitan": {"name": "Cetitan", "species": "Cetitan", "speciesId": "cetitan", "gender": "M", "shiny": false, "level": 82, "moves": ["liquidation", "superpower", "iceshard", "iciclecrash"], "ability": "Sheer Force", "evs": {"hp": 85, "atk": 85, "def": 85, "spa": 85, "spd": 85, "spe": 85}, "ivs": {"hp": 31, "atk": 31, "def": 31, "spa": 31, "spd": 31, "spe": 31}, "item": "Life Orb", "teraType": "Water", "role": "Wallbreaker", "bvs": {"hp": 170, "atk": 113, "def": 65, "spa": 45, "spd": 55, "spe": 73}, "stats": {"hp": 413, "atk": 232, "def": 154, "spa": 121, "spd": 137, "spe": 167}, "types": ["Ice"]}}]}