{"id": "gen9randombattle-2642074233", "format": "[Gen 9] Random Battle", "players": ["rinigan_minato", "Obaidelphox"], "log": "|j|\u2606rinigan_minato\n|j|\u2606Obaidelphox\n|t:|1782884290\n|gametype|singles\n|player|p1|rinigan_minato|volkner|1768\n|player|p2|Obaidelphox|2|1829\n|gen|9\n|tier|[Gen 9] Random Battle\n|rated|\n|rule|Species Clause: Limit one of each Pok\u00e9mon\n|rule|HP Percentage Mod: HP is shown in percentages\n|rule|Sleep Clause Mod: Limit one foe put to sleep\n|rule|Illusion Level Mod: Illusion disguises the Pok\u00e9mon's true level\n|\n|t:|1782884290\n|teamsize|p1|6\n|teamsize|p2|6\n|start\n|switch|p1a: Gurdurr|Gurdurr, L85, M|283/283\n|switch|p2a: Sandslash|Sandslash-Alola, L88, M|275/275\n|turn|1\n|inactive|Battle timer is ON: inactive players will automatically lose when time's up. (requested by rinigan_minato)\n|\n|t:|1782884335\n|switch|p2a: Emboar|Emboar, L84, F|322/322\n|move|p1a: Gurdurr|Knock Off|p2a: Emboar\n|-resisted|p2a: Emboar\n|-damage|p2a: Emboar|272/322\n|-enditem|p2a: Emboar|Choice Scarf|[from] move: Knock Off|[of] p1a: Gurdurr\n|\n|upkeep\n|turn|2\n|\n|t:|1782884342\n|move|p2a: Emboar|Flare Blitz|p1a: Gurdurr\n|-damage|p1a: Gurdurr|154/283\n|-damage|p2a: Emboar|229/322|[from] Recoil\n|move|p1a: Gurdurr|Drain Punch|p2a: Emboar\n|-damage|p2a: Emboar|118/322\n|-heal|p1a: Gurdurr|210/283|[from] drain|[of] p2a: Emboar\n|\n|upkeep\n|turn|3\n|inactive|Obaidelphox has 120 seconds left.\n|\n|t:|1782884374\n|move|p2a: Emboar|Flare Blitz|p1a: Gurdurr\n|-damage|p1a: Gurdurr|77/283\n|-damage|p2a: Emboar|74/322|[from] Recoil\n|move|p1a: Gurdurr|Drain Punch|p2a: Emboar\n|-damage|p2a: Emboar|0 fnt\n|-heal|p1a: Gurdurr|114/283|[from] drain|[of] p2a: Emboar\n|faint|p2a: Emboar\n|\n|upkeep\n|inactive|Obaidelphox has 120 seconds left.\n|\n|t:|1782884380\n|switch|p2a: Espeon|Espeon, L84, M|246/246\n|turn|4\n|\n|t:|1782884387\n|switch|p1a: Perrserker|Perrserker, L89, M|269/269\n|move|p2a: Espeon|Psychic|p1a: Perrserker\n|-resisted|p1a: Perrserker\n|-damage|p1a: Perrserker|168/269\n|-damage|p2a: Espeon|222/246|[from] item: Life Orb\n|\n|upkeep\n|turn|5\n|\n|t:|1782884396\n|switch|p2a: Quagsire|Quagsire, L84, M|297/297\n|move|p1a: Perrserker|U-turn|p2a: Quagsire\n|-damage|p2a: Quagsire|189/297\n|-damage|p1a: Perrserker|142/269|[from] item: Life Orb\n|\n|t:|1782884400\n|switch|p1a: Rillaboom|Rillaboom, L79, F|288/288|[from] U-turn\n|-fieldstart|move: Grassy Terrain|[from] ability: Grassy Surge|[of] p1a: Rillaboom\n|\n|-heal|p2a: Quagsire|207/297|[from] Grassy Terrain\n|-heal|p2a: Quagsire|225/297|[from] item: Leftovers\n|upkeep\n|turn|6\n|n|\u2606Obaidelphox|obaidelphox\n|\n|t:|1782884428\n|move|p1a: Rillaboom|Swords Dance|p1a: Rillaboom\n|-boost|p1a: Rillaboom|atk|2\n|move|p2a: Quagsire|Ice Beam|p1a: Rillaboom\n|-supereffective|p1a: Rillaboom\n|-damage|p1a: Rillaboom|174/288\n|\n|-heal|p1a: Rillaboom|192/288|[from] Grassy Terrain\n|-heal|p2a: Quagsire|243/297|[from] Grassy Terrain\n|-heal|p2a: Quagsire|261/297|[from] item: Leftovers\n|upkeep\n|turn|7\n|\n|t:|1782884433\n|switch|p2a: Ribombee|Ribombee, L83, M|235/235\n|move|p1a: Rillaboom|Grassy Glide|p2a: Ribombee\n|-resisted|p2a: Ribombee\n|-damage|p2a: Ribombee|92/235\n|-damage|p1a: Rillaboom|164/288|[from] item: Life Orb\n|\n|-heal|p2a: Ribombee|106/235|[from] Grassy Terrain\n|-heal|p1a: Rillaboom|182/288|[from] Grassy Terrain\n|upkeep\n|turn|8\n|\n|t:|1782884438\n|move|p1a: Rillaboom|Grassy Glide|p2a: Ribombee\n|-resisted|p2a: Ribombee\n|-damage|p2a: Ribombee|0 fnt\n|faint|p2a: Ribombee\n|-damage|p1a: Rillaboom|154/288|[from] item: Life Orb\n|\n|-heal|p1a: Rillaboom|172/288|[from] Grassy Terrain\n|upkeep\n|-message|Obaidelphox forfeited.\n|\n|win|rinigan_minato\n|raw|rinigan_minato's rating: 1768 &rarr; <strong>1790</strong><br />(+22 for winning)\n|raw|Obaidelphox's rating: 1807 &rarr; <strong>1785</strong><br />(-22 for losing)\n|l|\u2606Obaidelphox\n|player|p2|\n", "inputlog": ">version f8ac14003a5f27e1bdc8d8c59608a773c1cb96e5\n>start {\"formatid\":\"gen9randombattle\",\"seed\":\"sodium,251a54669e53636c0305d81889440b51\",\"rated\":\"Rated battle\"}\n>player p1 {\"name\":\"rinigan_minato\",\"avatar\":\"volkner\",\"rating\":1768,\"seed\":\"sodium,54d37f44c56897fa1cc909923a8e75a2\"}\n>player p2 {\"name\":\"Obaidelphox\",\"avatar\":\"2\",\"rating\":1829,\"seed\":\"sodium,1760fe4063f8b1e61e92bbdaf798f839\"}\n>p1 move knockoff\n>p2 switch 2\n>p1 move drainpunch\n>p2 move flareblitz\n>p1 move drainpunch\n>p2 move flareblitz\n>p2 switch 5\n>p1 switch 2\n>p2 move psychic\n>p1 move uturn\n>p2 switch 3\n>p1 switch 6\n>p1 move swordsdance\n>p2 move icebeam\n>p1 move grassyglide\n>p2 switch 6\n>p1 move grassyglide\n>p2 move bugbuzz\n>forcelose p2", "uploadtime": 1782884445, "views": 3, "formatid": "gen9randombattle", "rating": 1785, "private": 0, "password": null, "player_dets": [{"name": "rinigan_minato", "avatar": "volkner", "rating": 1768, "seed": "sodium,54d37f44c56897fa1cc909923a8e75a2"}, {"name": "Obaidelphox", "avatar": "2", "rating": 1829, "seed": "sodium,1760fe4063f8b1e61e92bbdaf798f839"}], "teams_full": [{"Gurdurr": {"name": "Gurdurr", "species": "Gurdurr", "speciesId": "gurdurr", "gender": "M", "shiny": false, "level": 85, "moves": ["drainpunch", "machpunch", "defog", "knockoff"], "ability": "Guts", "evs": {"hp": 85, "atk": 85, "def": 85, "spa": 85, "spd": 85, "spe": 85}, "ivs": {"hp": 31, "atk": 31, "def": 31, "spa": 31, "spd": 31, "spe": 31}, "item": "Eviolite", "teraType": "Steel", "role": "Bulky Attacker", "bvs": {"hp": 85, "atk": 105, "def": 85, "spa": 40, "spd": 50, "spe": 40}, "stats": {"hp": 283, "atk": 227, "def": 193, "spa": 117, "spd": 134, "spe": 117}, "types": ["Fighting"]}, "Perrserker": {"name": "Perrserker", "species": "Perrserker", "speciesId": "perrserker", "gender": "M", "shiny": false, "level": 89, "moves": ["stealthrock", "ironhead", "uturn", "closecombat"], "ability": "Tough Claws", "evs": {"hp": 85, "atk": 85, "def": 85, "spa": 85, "spd": 85, "spe": 85}, "ivs": {"hp": 31, "atk": 31, "def": 31, "spa": 31, "spd": 31, "spe": 31}, "item": "Life Orb", "teraType": "Fighting", "role": "Fast Attacker", "bvs": {"hp": 70, "atk": 110, "def": 100, "spa": 50, "spd": 60, "spe": 50}, "stats": {"hp": 269, "atk": 247, "def": 229, "spa": 140, "spd": 158, "spe": 140}, "types": ["Steel"]}, "Pecharunt": {"name": "Pecharunt", "species": "Pecharunt", "speciesId": "pecharunt", "gender": "N", "shiny": false, "level": 77, "moves": ["partingshot", "recover", "shadowball", "malignantchain"], "ability": "Poison Puppeteer", "evs": {"hp": 85, "atk": 0, "def": 85, "spa": 85, "spd": 85, "spe": 85}, "ivs": {"hp": 31, "atk": 0, "def": 31, "spa": 31, "spd": 31, "spe": 31}, "item": "Rocky Helmet", "teraType": "Dark", "role": "Bulky Attacker", "bvs": {"hp": 88, "atk": 88, "def": 160, "spa": 88, "spd": 88, "spe": 88}, "stats": {"hp": 262, "atk": 140, "def": 291, "spa": 180, "spd": 180, "spe": 180}, "types": ["Poison", "Ghost"]}, "Darkrai": {"name": "Darkrai", "species": "Darkrai", "speciesId": "darkrai", "gender": "N", "shiny": false, "level": 77, "moves": ["darkpulse", "nastyplot", "sludgebomb", "focusblast"], "ability": "Bad Dreams", "evs": {"hp": 85, "atk": 0, "def": 85, "spa": 85, "spd": 85, "spe": 85}, "ivs": {"hp": 31, "atk": 0, "def": 31, "spa": 31, "spd": 31, "spe": 31}, "item": "Life Orb", "teraType": "Poison", "role": "Setup Sweeper", "bvs": {"hp": 70, "atk": 90, "def": 90, "spa": 135, "spd": 90, "spe": 125}, "stats": {"hp": 234, "atk": 143, "def": 183, "spa": 252, "spd": 183, "spe": 237}, "types": ["Dark"]}, "Ursaring": {"name": "Ursaring", "species": "Ursaring", "speciesId": "ursaring", "gender": "F", "shiny": false, "level": 84, "moves": ["bodyslam", "earthquake", "rest", "sleeptalk"], "ability": "Guts", "evs": {"hp": 85, "atk": 85, "def": 85, "spa": 85, "spd": 85, "spe": 85}, "ivs": {"hp": 31, "atk": 31, "def": 31, "spa": 31, "spd": 31, "spe": 31}, "item": "Eviolite", "teraType": "Ground", "role": "Bulky Attacker", "bvs": {"hp": 90, "atk": 130, "def": 75, "spa": 75, "spd": 75, "spe": 55}, "stats": {"hp": 288, "atk": 267, "def": 174, "spa": 174, "spd": 174, "spe": 141}, "types": ["Normal"]}, "Rillaboom": {"name": "Rillaboom", "species": "Rillaboom", "speciesId": "rillaboom", "gender": "F", "shiny": false, "level": 79, "moves": ["woodhammer", "grassyglide", "swordsdance", "highhorsepower"], "ability": "Grassy Surge", "evs": {"hp": 85, "atk": 85, "def": 85, "spa": 85, "spd": 85, "spe": 85}, "ivs": {"hp": 31, "atk": 31, "def": 31, "spa": 31, "spd": 31, "spe": 31}, "item": "Life Orb", "teraType": "Grass", "role": "Fast Attacker", "bvs": {"hp": 100, "atk": 125, "def": 90, "spa": 60, "spd": 70, "spe": 85}, "stats": {"hp": 288, "atk": 243, "def": 188, "spa": 140, "spd": 156, "spe": 180}, "types": ["Grass"]}}, {"Sandslash": {"name": "Sandslash", "species": "Sandslash-Alola", "speciesId": "sandslashalola", "gender": "M", "shiny": false, "level": 88, "moves": ["rapidspin", "earthquake", "ironhead", "tripleaxel"], "ability": "Slush Rush", "evs": {"hp": 85, "atk": 85, "def": 85, "spa": 85, "spd": 85, "spe": 85}, "ivs": {"hp": 31, "atk": 31, "def": 31, "spa": 31, "spd": 31, "spe": 31}, "item": "Assault Vest", "teraType": "Flying", "role": "Bulky Support", "bvs": {"hp": 75, "atk": 100, "def": 120, "spa": 25, "spd": 65, "spe": 65}, "stats": {"hp": 275, "atk": 226, "def": 261, "spa": 94, "spd": 165, "spe": 165}, "types": ["Ice", "Steel"]}, "Emboar": {"name": "Emboar", "species": "Emboar", "speciesId": "emboar", "gender": "F", "shiny": false, "level": 84, "moves": ["wildcharge", "flareblitz", "headsmash", "closecombat"], "ability": "Reckless", "evs": {"hp": 85, "atk": 85, "def": 85, "spa": 85, "spd": 85, "spe": 85}, "ivs": {"hp": 31, "atk": 31, "def": 31, "spa": 31, "spd": 31, "spe": 31}, "item": "Choice Scarf", "teraType": "Fire", "role": "Fast Attacker", "bvs": {"hp": 110, "atk": 123, "def": 65, "spa": 100, "spd": 65, "spe": 65}, "stats": {"hp": 322, "atk": 255, "def": 157, "spa": 216, "spd": 157, "spe": 157}, "types": ["Fire", "Fighting"]}, "Quagsire": {"name": "Quagsire", "species": "Quagsire", "speciesId": "quagsire", "gender": "M", "shiny": false, "level": 84, "moves": ["toxic", "recover", "icebeam", "earthquake"], "ability": "Unaware", "evs": {"hp": 85, "atk": 85, "def": 85, "spa": 85, "spd": 85, "spe": 85}, "ivs": {"hp": 31, "atk": 31, "def": 31, "spa": 31, "spd": 31, "spe": 31}, "item": "Leftovers", "teraType": "Fairy", "role": "Bulky Support", "bvs": {"hp": 95, "atk": 85, "def": 85, "spa": 65, "spd": 65, "spe": 35}, "stats": {"hp": 297, "atk": 191, "def": 191, "spa": 157, "spd": 157, "spe": 107}, "types": ["Water", "Ground"]}, "Furret": {"name": "Furret", "species": "Furret", "speciesId": "furret", "gender": "F", "shiny": false, "level": 94, "moves": ["uturn", "trick", "knockoff", "doubleedge"], "ability": "Frisk", "evs": {"hp": 85, "atk": 85, "def": 85, "spa": 85, "spd": 85, "spe": 85}, "ivs": {"hp": 31, "atk": 31, "def": 31, "spa": 31, "spd": 31, "spe": 31}, "item": "Choice Band", "teraType": "Normal", "role": "Wallbreaker", "bvs": {"hp": 85, "atk": 76, "def": 64, "spa": 45, "spd": 55, "spe": 90}, "stats": {"hp": 312, "atk": 196, "def": 174, "spa": 138, "spd": 157, "spe": 223}, "types": ["Normal"]}, "Espeon": {"name": "Espeon", "species": "Espeon", "speciesId": "espeon", "gender": "M", "shiny": false, "level": 84, "moves": ["psychic", "calmmind", "morningsun", "shadowball"], "ability": "Magic Bounce", "evs": {"hp": 85, "atk": 0, "def": 85, "spa": 85, "spd": 85, "spe": 85}, "ivs": {"hp": 31, "atk": 0, "def": 31, "spa": 31, "spd": 31, "spe": 31}, "item": "Life Orb", "teraType": "Psychic", "role": "Fast Attacker", "bvs": {"hp": 65, "atk": 65, "def": 60, "spa": 130, "spd": 95, "spe": 110}, "stats": {"hp": 246, "atk": 114, "def": 149, "spa": 267, "spd": 208, "spe": 233}, "types": ["Psychic"]}, "Ribombee": {"name": "Ribombee", "species": "Ribombee", "speciesId": "ribombee", "gender": "M", "shiny": false, "level": 83, "moves": ["terablast", "quiverdance", "moonblast", "bugbuzz"], "ability": "Shield Dust", "evs": {"hp": 85, "atk": 0, "def": 85, "spa": 85, "spd": 85, "spe": 85}, "ivs": {"hp": 31, "atk": 0, "def": 31, "spa": 31, "spd": 31, "spe": 31}, "item": "Heavy-Duty Boots", "teraType": "Ground", "role": "Tera Blast user", "bvs": {"hp": 60, "atk": 55, "def": 60, "spa": 95, "spd": 70, "spe": 124}, "stats": {"hp": 235, "atk": 96, "def": 147, "spa": 205, "spd": 164, "spe": 254}, "types": ["Bug", "Fairy"]}}]}