{"id": "gen9randombattle-2642001622", "format": "[Gen 9] Random Battle", "players": ["notmetbh102", "velvet"], "log": "|j|\u2606notmetbh102\n|j|\u2606velvet\n|t:|1782871374\n|gametype|singles\n|player|p1|notmetbh102|265|2271\n|player|p2|velvet|winona-gen3|2222\n|gen|9\n|tier|[Gen 9] Random Battle\n|rated|\n|rule|Species Clause: Limit one of each Pok\u00e9mon\n|rule|HP Percentage Mod: HP is shown in percentages\n|rule|Sleep Clause Mod: Limit one foe put to sleep\n|rule|Illusion Level Mod: Illusion disguises the Pok\u00e9mon's true level\n|\n|t:|1782871374\n|teamsize|p1|6\n|teamsize|p2|6\n|start\n|switch|p1a: Amoonguss|Amoonguss, L82, M|321/321\n|switch|p2a: Typhlosion|Typhlosion, L84, M|267/267\n|turn|1\n|inactive|Battle timer is ON: inactive players will automatically lose when time's up. (requested by notmetbh102)\n|c|\u2606notmetbh102|hf\n|\n|t:|1782871377\n|switch|p1a: Feraligatr|Feraligatr, L79, M|264/264\n|move|p2a: Typhlosion|Eruption|p1a: Feraligatr\n|-resisted|p1a: Feraligatr\n|-damage|p1a: Feraligatr|122/264\n|\n|upkeep\n|turn|2\n|\n|t:|1782871381\n|move|p2a: Typhlosion|Eruption|p1a: Feraligatr\n|-resisted|p1a: Feraligatr\n|-damage|p1a: Feraligatr|0 fnt\n|faint|p1a: Feraligatr\n|\n|upkeep\n|\n|t:|1782871382\n|switch|p1a: Baxcalibur|Baxcalibur, L75, M|295/295\n|turn|3\n|\n|t:|1782871393\n|-terastallize|p2a: Typhlosion|Fire\n|-terastallize|p1a: Baxcalibur|Dragon\n|move|p2a: Typhlosion|Eruption|p1a: Baxcalibur\n|-resisted|p1a: Baxcalibur\n|-damage|p1a: Baxcalibur|111/295\n|-ability|p1a: Baxcalibur|Thermal Exchange|boost\n|-boost|p1a: Baxcalibur|atk|1\n|move|p1a: Baxcalibur|Glaive Rush|p2a: Typhlosion\n|-damage|p2a: Typhlosion|0 fnt\n|-singlemove|p1a: Baxcalibur|Glaive Rush|[silent]\n|faint|p2a: Typhlosion\n|\n|upkeep\n|\n|t:|1782871398\n|switch|p2a: Tentacruel|Tentacruel, L84, F|272/272\n|turn|4\n|\n|t:|1782871399\n|switch|p1a: Mabosstiff|Mabosstiff, L86, F|278/278\n|move|p2a: Tentacruel|Sludge Bomb|p1a: Mabosstiff\n|-damage|p1a: Mabosstiff|185/278\n|-status|p1a: Mabosstiff|psn\n|\n|-damage|p1a: Mabosstiff|151/278 psn|[from] psn\n|upkeep\n|turn|5\n|\n|t:|1782871402\n|move|p2a: Tentacruel|Sludge Bomb|p1a: Mabosstiff\n|-damage|p1a: Mabosstiff|63/278 psn\n|move|p1a: Mabosstiff|Psychic Fangs|p2a: Tentacruel\n|-supereffective|p2a: Tentacruel\n|-damage|p2a: Tentacruel|0 fnt\n|faint|p2a: Tentacruel\n|\n|-damage|p1a: Mabosstiff|29/278 psn|[from] psn\n|upkeep\n|\n|t:|1782871405\n|switch|p2a: Gastrodon|Gastrodon-East, L86, F|331/331\n|turn|6\n|\n|t:|1782871406\n|move|p1a: Mabosstiff|Psychic Fangs|p2a: Gastrodon\n|-damage|p2a: Gastrodon|193/331\n|move|p2a: Gastrodon|Stealth Rock|p1a: Mabosstiff\n|-sidestart|p1: notmetbh102|move: Stealth Rock\n|\n|-heal|p2a: Gastrodon|213/331|[from] item: Leftovers\n|-damage|p1a: Mabosstiff|0 fnt|[from] psn\n|faint|p1a: Mabosstiff\n|upkeep\n|\n|t:|1782871407\n|switch|p1a: Baxcalibur|Baxcalibur, L75, M, tera:Dragon|111/295\n|-damage|p1a: Baxcalibur|75/295|[from] Stealth Rock\n|turn|7\n|\n|t:|1782871409\n|move|p1a: Baxcalibur|Glaive Rush|p2a: Gastrodon\n|-damage|p2a: Gastrodon|0 fnt\n|-singlemove|p1a: Baxcalibur|Glaive Rush|[silent]\n|faint|p2a: Gastrodon\n|\n|upkeep\n|\n|t:|1782871414\n|switch|p2a: Drifblim|Drifblim, L86, F|396/396\n|turn|8\n|\n|t:|1782871415\n|move|p2a: Drifblim|Shadow Ball|p1a: Baxcalibur\n|-damage|p1a: Baxcalibur|0 fnt\n|faint|p1a: Baxcalibur\n|\n|upkeep\n|\n|t:|1782871416\n|switch|p1a: Chi-Yu|Chi-Yu, L77|211/211\n|-ability|p1a: Chi-Yu|Beads of Ruin\n|turn|9\n|\n|t:|1782871418\n|switch|p2a: Gurdurr|Gurdurr, L85, M|283/283\n|move|p1a: Chi-Yu|Fire Blast|p2a: Gurdurr\n|-damage|p2a: Gurdurr|118/283\n|-status|p2a: Gurdurr|brn\n|\n|-damage|p2a: Gurdurr|101/283 brn|[from] brn\n|upkeep\n|turn|10\n|\n|t:|1782871430\n|move|p2a: Gurdurr|Mach Punch|p1a: Chi-Yu\n|-supereffective|p1a: Chi-Yu\n|-damage|p1a: Chi-Yu|53/211\n|move|p1a: Chi-Yu|Psychic|p2a: Gurdurr\n|-supereffective|p2a: Gurdurr\n|-damage|p2a: Gurdurr|0 fnt\n|faint|p2a: Gurdurr\n|\n|upkeep\n|\n|t:|1782871432\n|switch|p2a: Girafarig|Girafarig, L89, F|269/269\n|turn|11\n|\n|t:|1782871435\n|switch|p1a: Amoonguss|Amoonguss, L82, M|321/321\n|-damage|p1a: Amoonguss|281/321|[from] Stealth Rock\n|move|p2a: Girafarig|Thunderbolt|p1a: Amoonguss\n|-resisted|p1a: Amoonguss\n|-damage|p1a: Amoonguss|245/321\n|\n|-heal|p1a: Amoonguss|265/321|[from] item: Leftovers\n|upkeep\n|turn|12\n|\n|t:|1782871438\n|move|p2a: Girafarig|Nasty Plot|p2a: Girafarig\n|-boost|p2a: Girafarig|spa|2\n|move|p1a: Amoonguss|Sludge Bomb|p2a: Girafarig\n|-damage|p2a: Girafarig|200/269\n|-status|p2a: Girafarig|psn\n|\n|-heal|p1a: Amoonguss|285/321|[from] item: Leftovers\n|-damage|p2a: Girafarig|167/269 psn|[from] psn\n|upkeep\n|turn|13\n|\n|t:|1782871440\n|move|p2a: Girafarig|Psyshock|p1a: Amoonguss\n|-supereffective|p1a: Amoonguss\n|-damage|p1a: Amoonguss|0 fnt\n|faint|p1a: Amoonguss\n|\n|-damage|p2a: Girafarig|134/269 psn|[from] psn\n|upkeep\n|\n|t:|1782871440\n|switch|p1a: Mimikyu|Mimikyu, L79, F|216/216\n|-damage|p1a: Mimikyu|189/216|[from] Stealth Rock\n|turn|14\n|\n|t:|1782871447\n|move|p2a: Girafarig|Shadow Ball|p1a: Mimikyu\n|-activate|p1a: Mimikyu|ability: Disguise\n|-damage|p1a: Mimikyu|189/216\n|detailschange|p1a: Mimikyu|Mimikyu-Busted, L79, F\n|-damage|p1a: Mimikyu|162/216|[from] pokemon: Mimikyu-Busted\n|move|p1a: Mimikyu|Play Rough|p2a: Girafarig\n|-damage|p2a: Girafarig|47/269 psn\n|-damage|p1a: Mimikyu|141/216|[from] item: Life Orb\n|\n|-damage|p2a: Girafarig|14/269 psn|[from] psn\n|upkeep\n|turn|15\n|\n|t:|1782871452\n|switch|p2a: Drifblim|Drifblim, L86, F|396/396\n|move|p1a: Mimikyu|Swords Dance|p1a: Mimikyu\n|-boost|p1a: Mimikyu|atk|2\n|\n|upkeep\n|turn|16\n|\n|t:|1782871454\n|move|p1a: Mimikyu|Shadow Claw|p2a: Drifblim\n|-supereffective|p2a: Drifblim\n|-damage|p2a: Drifblim|0 fnt\n|faint|p2a: Drifblim\n|-damage|p1a: Mimikyu|120/216|[from] item: Life Orb\n|\n|upkeep\n|\n|t:|1782871458\n|switch|p2a: Girafarig|Girafarig, L89, F|14/269 psn\n|turn|17\n|\n|t:|1782871459\n|move|p2a: Girafarig|Shadow Ball|p1a: Mimikyu\n|-supereffective|p1a: Mimikyu\n|-damage|p1a: Mimikyu|18/216\n|move|p1a: Mimikyu|Play Rough|p2a: Girafarig\n|-damage|p2a: Girafarig|0 fnt\n|faint|p2a: Girafarig\n|-damage|p1a: Mimikyu|0 fnt|[from] item: Life Orb\n|faint|p1a: Mimikyu\n|\n|win|notmetbh102\n|raw|notmetbh102's rating: 2271 &rarr; <strong>2288</strong><br />(+17 for winning)\n|raw|velvet's rating: 2222 &rarr; <strong>2205</strong><br />(-17 for losing)\n|c|\u2606notmetbh102|gg\n", "inputlog": ">version f8ac14003a5f27e1bdc8d8c59608a773c1cb96e5\n>start {\"formatid\":\"gen9randombattle\",\"seed\":\"sodium,5c4f68776747741e55957138e403409c\",\"rated\":\"Rated battle\"}\n>player p1 {\"name\":\"notmetbh102\",\"avatar\":\"265\",\"rating\":2271,\"seed\":\"sodium,565f8dd313e7baf38aadd89646b42584\"}\n>player p2 {\"name\":\"velvet\",\"avatar\":\"winona-gen3\",\"rating\":2222,\"seed\":\"sodium,a7d50a36e840895f9d88a3b83d9a3728\"}\n>chat \u2606notmetbh102|hf\n>p1 switch 5\n>p2 move eruption\n>p1 move dragondance\n>p2 move eruption\n>p1 switch 2\n>p1 move glaiverush terastallize\n>p2 move eruption terastallize\n>p2 switch 4\n>p1 switch 4\n>p2 move sludgebomb\n>p1 move psychicfangs\n>p2 move sludgebomb\n>p2 switch 2\n>p1 move psychicfangs\n>p2 move stealthrock\n>p1 switch 4\n>p1 move glaiverush\n>p2 move earthquake\n>p2 switch 3\n>p1 move glaiverush\n>p2 move shadowball\n>p1 switch 3\n>p1 move fireblast\n>p2 switch 6\n>p1 move psychic\n>p2 move machpunch\n>p2 switch 5\n>p1 switch 5\n>p2 move thunderbolt\n>p1 move sludgebomb\n>p2 move nastyplot\n>p1 move sludgebomb\n>p2 move psyshock\n>p1 switch 6\n>p1 move playrough\n>p2 move shadowball\n>p1 move swordsdance\n>p2 switch 6\n>p1 move shadowclaw\n>p2 move shadowball\n>p2 switch 6\n>p1 move playrough\n>p2 move shadowball", "uploadtime": 1782871460, "views": 10, "formatid": "gen9randombattle", "rating": 2205, "private": 0, "password": null, "player_dets": [{"name": "notmetbh102", "avatar": "265", "rating": 2271, "seed": "sodium,565f8dd313e7baf38aadd89646b42584"}, {"name": "velvet", "avatar": "winona-gen3", "rating": 2222, "seed": "sodium,a7d50a36e840895f9d88a3b83d9a3728"}], "teams_full": [{"Amoonguss": {"name": "Amoonguss", "species": "Amoonguss", "speciesId": "amoonguss", "gender": "M", "shiny": false, "level": 82, "moves": ["spore", "sludgebomb", "stompingtantrum", "gigadrain"], "ability": "Regenerator", "evs": {"hp": 85, "atk": 85, "def": 85, "spa": 85, "spd": 85, "spe": 85}, "ivs": {"hp": 31, "atk": 31, "def": 31, "spa": 31, "spd": 31, "spe": 31}, "item": "Leftovers", "teraType": "Steel", "role": "Bulky Attacker", "bvs": {"hp": 114, "atk": 85, "def": 70, "spa": 85, "spd": 80, "spe": 30}, "stats": {"hp": 321, "atk": 187, "def": 162, "spa": 187, "spd": 178, "spe": 96}, "types": ["Grass", "Poison"]}, "Baxcalibur": {"name": "Baxcalibur", "species": "Baxcalibur", "speciesId": "baxcalibur", "gender": "M", "shiny": false, "level": 75, "moves": ["iciclecrash", "glaiverush", "earthquake", "iceshard"], "ability": "Thermal Exchange", "evs": {"hp": 81, "atk": 85, "def": 85, "spa": 85, "spd": 85, "spe": 85}, "ivs": {"hp": 31, "atk": 31, "def": 31, "spa": 31, "spd": 31, "spe": 31}, "item": "Choice Band", "teraType": "Dragon", "role": "Fast Attacker", "bvs": {"hp": 115, "atk": 145, "def": 92, "spa": 75, "spd": 86, "spe": 87}, "stats": {"hp": 295, "atk": 261, "def": 182, "spa": 156, "spd": 173, "spe": 174}, "types": ["Dragon", "Ice"]}, "Chi-Yu": {"name": "Chi-Yu", "species": "Chi-Yu", "speciesId": "chiyu", "gender": "N", "shiny": false, "level": 77, "moves": ["psychic", "fireblast", "darkpulse", "nastyplot"], "ability": "Beads of Ruin", "evs": {"hp": 85, "atk": 0, "def": 85, "spa": 85, "spd": 85, "spe": 85}, "ivs": {"hp": 31, "atk": 0, "def": 31, "spa": 31, "spd": 31, "spe": 31}, "item": "Heavy-Duty Boots", "teraType": "Dark", "role": "Setup Sweeper", "bvs": {"hp": 55, "atk": 80, "def": 80, "spa": 135, "spd": 120, "spe": 100}, "stats": {"hp": 211, "atk": 128, "def": 168, "spa": 252, "spd": 229, "spe": 199}, "types": ["Dark", "Fire"]}, "Mabosstiff": {"name": "Mabosstiff", "species": "Mabosstiff", "speciesId": "mabosstiff", "gender": "F", "shiny": false, "level": 86, "moves": ["playrough", "crunch", "wildcharge", "psychicfangs"], "ability": "Stakeout", "evs": {"hp": 85, "atk": 85, "def": 85, "spa": 85, "spd": 85, "spe": 85}, "ivs": {"hp": 31, "atk": 31, "def": 31, "spa": 31, "spd": 31, "spe": 31}, "item": "Choice Band", "teraType": "Fairy", "role": "Bulky Attacker", "bvs": {"hp": 80, "atk": 120, "def": 90, "spa": 60, "spd": 70, "spe": 85}, "stats": {"hp": 278, "atk": 256, "def": 204, "spa": 152, "spd": 170, "spe": 195}, "types": ["Dark"]}, "Feraligatr": {"name": "Feraligatr", "species": "Feraligatr", "speciesId": "feraligatr", "gender": "M", "shiny": false, "level": 79, "moves": ["liquidation", "icepunch", "dragondance", "crunch"], "ability": "Sheer Force", "evs": {"hp": 85, "atk": 85, "def": 85, "spa": 85, "spd": 85, "spe": 85}, "ivs": {"hp": 31, "atk": 31, "def": 31, "spa": 31, "spd": 31, "spe": 31}, "item": "Life Orb", "teraType": "Steel", "role": "Fast Bulky Setup", "bvs": {"hp": 85, "atk": 105, "def": 100, "spa": 79, "spd": 83, "spe": 78}, "stats": {"hp": 264, "atk": 211, "def": 204, "spa": 170, "spd": 177, "spe": 169}, "types": ["Water"]}, "Mimikyu": {"name": "Mimikyu", "species": "Mimikyu", "speciesId": "mimikyu", "gender": "F", "shiny": false, "level": 79, "moves": ["swordsdance", "shadowclaw", "shadowsneak", "playrough"], "ability": "Disguise", "evs": {"hp": 85, "atk": 85, "def": 85, "spa": 85, "spd": 85, "spe": 85}, "ivs": {"hp": 31, "atk": 31, "def": 31, "spa": 31, "spd": 31, "spe": 31}, "item": "Life Orb", "teraType": "Ghost", "role": "Fast Bulky Setup", "bvs": {"hp": 55, "atk": 90, "def": 80, "spa": 50, "spd": 105, "spe": 96}, "stats": {"hp": 216, "atk": 188, "def": 172, "spa": 125, "spd": 211, "spe": 197}, "types": ["Ghost", "Fairy"]}}, {"Typhlosion": {"name": "Typhlosion", "species": "Typhlosion", "speciesId": "typhlosion", "gender": "M", "shiny": false, "level": 84, "moves": ["eruption", "focusblast", "scorchingsands", "fireblast"], "ability": "Blaze", "evs": {"hp": 81, "atk": 0, "def": 85, "spa": 85, "spd": 85, "spe": 85}, "ivs": {"hp": 31, "atk": 0, "def": 31, "spa": 31, "spd": 31, "spe": 31}, "item": "Choice Specs", "teraType": "Fire", "role": "Fast Attacker", "bvs": {"hp": 78, "atk": 84, "def": 78, "spa": 109, "spd": 85, "spe": 100}, "stats": {"hp": 267, "atk": 146, "def": 179, "spa": 231, "spd": 191, "spe": 216}, "types": ["Fire"]}, "Gastrodon": {"name": "Gastrodon", "species": "Gastrodon-East", "speciesId": "gastrodon", "gender": "F", "shiny": false, "level": 86, "moves": ["recover", "earthquake", "stealthrock", "surf"], "ability": "Storm Drain", "evs": {"hp": 85, "atk": 85, "def": 85, "spa": 85, "spd": 85, "spe": 85}, "ivs": {"hp": 31, "atk": 31, "def": 31, "spa": 31, "spd": 31, "spe": 31}, "item": "Leftovers", "teraType": "Poison", "role": "Bulky Support", "bvs": {"hp": 111, "atk": 83, "def": 68, "spa": 92, "spd": 82, "spe": 39}, "stats": {"hp": 331, "atk": 192, "def": 166, "spa": 207, "spd": 190, "spe": 116}, "types": ["Water", "Ground"]}, "Drifblim": {"name": "Drifblim", "species": "Drifblim", "speciesId": "drifblim", "gender": "F", "shiny": false, "level": 86, "moves": ["calmmind", "shadowball", "strengthsap", "airslash"], "ability": "Unburden", "evs": {"hp": 73, "atk": 0, "def": 85, "spa": 85, "spd": 85, "spe": 85}, "ivs": {"hp": 31, "atk": 0, "def": 31, "spa": 31, "spd": 31, "spe": 31}, "item": "Sitrus Berry", "teraType": "Steel", "role": "Bulky Attacker", "bvs": {"hp": 150, "atk": 80, "def": 44, "spa": 90, "spd": 54, "spe": 80}, "stats": {"hp": 396, "atk": 142, "def": 125, "spa": 204, "spd": 142, "spe": 187}, "types": ["Ghost", "Flying"]}, "Tentacruel": {"name": "Tentacruel", "species": "Tentacruel", "speciesId": "tentacruel", "gender": "F", "shiny": false, "level": 84, "moves": ["sludgebomb", "surf", "rapidspin", "haze"], "ability": "Liquid Ooze", "evs": {"hp": 85, "atk": 85, "def": 85, "spa": 85, "spd": 85, "spe": 85}, "ivs": {"hp": 31, "atk": 31, "def": 31, "spa": 31, "spd": 31, "spe": 31}, "item": "Leftovers", "teraType": "Flying", "role": "Bulky Support", "bvs": {"hp": 80, "atk": 70, "def": 65, "spa": 80, "spd": 120, "spe": 100}, "stats": {"hp": 272, "atk": 166, "def": 157, "spa": 183, "spd": 250, "spe": 216}, "types": ["Water", "Poison"]}, "Girafarig": {"name": "Girafarig", "species": "Girafarig", "speciesId": "girafarig", "gender": "F", "shiny": false, "level": 89, "moves": ["psyshock", "thunderbolt", "shadowball", "nastyplot"], "ability": "Sap Sipper", "evs": {"hp": 85, "atk": 0, "def": 85, "spa": 85, "spd": 85, "spe": 85}, "ivs": {"hp": 31, "atk": 0, "def": 31, "spa": 31, "spd": 31, "spe": 31}, "item": "Eviolite", "teraType": "Psychic", "role": "Bulky Setup", "bvs": {"hp": 70, "atk": 80, "def": 65, "spa": 90, "spd": 65, "spe": 85}, "stats": {"hp": 269, "atk": 147, "def": 166, "spa": 211, "spd": 166, "spe": 202}, "types": ["Normal", "Psychic"]}, "Gurdurr": {"name": "Gurdurr", "species": "Gurdurr", "speciesId": "gurdurr", "gender": "M", "shiny": false, "level": 85, "moves": ["bulkup", "knockoff", "drainpunch", "machpunch"], "ability": "Guts", "evs": {"hp": 85, "atk": 85, "def": 85, "spa": 85, "spd": 85, "spe": 85}, "ivs": {"hp": 31, "atk": 31, "def": 31, "spa": 31, "spd": 31, "spe": 31}, "item": "Eviolite", "teraType": "Steel", "role": "Bulky Attacker", "bvs": {"hp": 85, "atk": 105, "def": 85, "spa": 40, "spd": 50, "spe": 40}, "stats": {"hp": 283, "atk": 227, "def": 193, "spa": 117, "spd": 134, "spe": 117}, "types": ["Fighting"]}}]}