{"id": "gen9randombattle-2641754347", "format": "[Gen 9] Random Battle", "players": ["mudkiplover2808", "testbotcif"], "log": "|j|\u2606mudkiplover2808\n|j|\u2606testbotcif\n|t:|1782837944\n|gametype|singles\n|player|p1|mudkiplover2808|266|1277\n|player|p2|testbotcif|266|1304\n|gen|9\n|tier|[Gen 9] Random Battle\n|rated|\n|rule|Species Clause: Limit one of each Pok\u00e9mon\n|rule|HP Percentage Mod: HP is shown in percentages\n|rule|Sleep Clause Mod: Limit one foe put to sleep\n|rule|Illusion Level Mod: Illusion disguises the Pok\u00e9mon's true level\n|\n|t:|1782837944\n|teamsize|p1|6\n|teamsize|p2|6\n|start\n|switch|p1a: Garganacl|Garganacl, L80, M|291/291\n|switch|p2a: Polteageist|Polteageist, L78|222/222\n|turn|1\n|c|\u2606testbotcif|rlhf\n|inactive|Battle timer is ON: inactive players will automatically lose when time's up. (requested by mudkiplover2808)\n|inactive|testbotcif also wants the timer to be on.\n|c|\u2606mudkiplover2808|glfh sh 1488\n|inactive|mudkiplover2808 has 120 seconds left.\n|\n|t:|1782837982\n|move|p2a: Polteageist|Shell Smash|p2a: Polteageist\n|-unboost|p2a: Polteageist|def|1\n|-unboost|p2a: Polteageist|spd|1\n|-boost|p2a: Polteageist|atk|2\n|-boost|p2a: Polteageist|spa|2\n|-boost|p2a: Polteageist|spe|2\n|-enditem|p2a: Polteageist|White Herb\n|-clearnegativeboost|p2a: Polteageist|[silent]\n|move|p1a: Garganacl|Salt Cure|p2a: Polteageist\n|-damage|p2a: Polteageist|171/222\n|-start|p2a: Polteageist|Salt Cure\n|-start|p1a: Garganacl|Disable|Salt Cure|[from] ability: Cursed Body|[of] p2a: Polteageist\n|\n|-damage|p2a: Polteageist|144/222|[from] Salt Cure\n|upkeep\n|turn|2\n|\n|t:|1782837988\n|move|p2a: Polteageist|Shadow Ball|p1a: Garganacl\n|-crit|p1a: Garganacl\n|-damage|p1a: Garganacl|140/291\n|move|p1a: Garganacl|Stealth Rock|p2a: Polteageist\n|-sidestart|p2: testbotcif|move: Stealth Rock\n|\n|-heal|p1a: Garganacl|158/291|[from] item: Leftovers\n|-damage|p2a: Polteageist|117/222|[from] Salt Cure\n|upkeep\n|turn|3\n|\n|t:|1782838011\n|move|p1a: Garganacl|Protect|p1a: Garganacl\n|-singleturn|p1a: Garganacl|Protect\n|move|p2a: Polteageist|Shadow Ball|p1a: Garganacl\n|-activate|p1a: Garganacl|move: Protect\n|\n|-heal|p1a: Garganacl|176/291|[from] item: Leftovers\n|-damage|p2a: Polteageist|90/222|[from] Salt Cure\n|upkeep\n|turn|4\n|inactive|mudkiplover2808 has 120 seconds left.\n|\n|t:|1782838055\n|move|p2a: Polteageist|Shadow Ball|p1a: Garganacl\n|-damage|p1a: Garganacl|73/291\n|move|p1a: Garganacl|Recover|p1a: Garganacl\n|-heal|p1a: Garganacl|219/291\n|\n|-heal|p1a: Garganacl|237/291|[from] item: Leftovers\n|-damage|p2a: Polteageist|63/222|[from] Salt Cure\n|-end|p1a: Garganacl|Disable\n|upkeep\n|turn|5\n|\n|t:|1782838061\n|move|p1a: Garganacl|Protect|p1a: Garganacl\n|-singleturn|p1a: Garganacl|Protect\n|move|p2a: Polteageist|Strength Sap|p1a: Garganacl\n|-activate|p1a: Garganacl|move: Protect\n|\n|-heal|p1a: Garganacl|255/291|[from] item: Leftovers\n|-damage|p2a: Polteageist|36/222|[from] Salt Cure\n|upkeep\n|turn|6\n|\n|t:|1782838084\n|move|p2a: Polteageist|Shadow Ball|p1a: Garganacl\n|-damage|p1a: Garganacl|149/291\n|move|p1a: Garganacl|Recover|p1a: Garganacl\n|-heal|p1a: Garganacl|291/291\n|\n|-damage|p2a: Polteageist|9/222|[from] Salt Cure\n|upkeep\n|turn|7\n|\n|t:|1782838089\n|move|p1a: Garganacl|Protect|p1a: Garganacl\n|-singleturn|p1a: Garganacl|Protect\n|move|p2a: Polteageist|Strength Sap|p1a: Garganacl\n|-activate|p1a: Garganacl|move: Protect\n|\n|-damage|p2a: Polteageist|0 fnt|[from] Salt Cure\n|faint|p2a: Polteageist\n|upkeep\n|\n|t:|1782838089\n|switch|p2a: Milotic|Milotic, L83, M|293/293\n|-damage|p2a: Milotic|257/293|[from] Stealth Rock\n|turn|8\n|inactive|mudkiplover2808 has 90 seconds left.\n|\n|t:|1782838121\n|move|p2a: Milotic|Scald|p1a: Garganacl\n|-supereffective|p1a: Garganacl\n|-damage|p1a: Garganacl|121/291\n|move|p1a: Garganacl|Salt Cure|p2a: Milotic\n|-damage|p2a: Milotic|211/293\n|-start|p2a: Milotic|Salt Cure\n|\n|-heal|p2a: Milotic|229/293|[from] item: Leftovers\n|-heal|p1a: Garganacl|139/291|[from] item: Leftovers\n|-damage|p2a: Milotic|156/293|[from] Salt Cure\n|upkeep\n|turn|9\n|inactive|mudkiplover2808 has 90 seconds left.\n|\n|t:|1782838135\n|move|p1a: Garganacl|Protect|p1a: Garganacl\n|-singleturn|p1a: Garganacl|Protect\n|move|p2a: Milotic|Scald|p1a: Garganacl\n|-activate|p1a: Garganacl|move: Protect\n|\n|-heal|p2a: Milotic|174/293|[from] item: Leftovers\n|-heal|p1a: Garganacl|157/291|[from] item: Leftovers\n|-damage|p2a: Milotic|101/293|[from] Salt Cure\n|upkeep\n|turn|10\n|inactive|mudkiplover2808 has 90 seconds left.\n|\n|t:|1782838149\n|switch|p1a: Leavanny|Leavanny, L86, M|269/269\n|move|p2a: Milotic|Scald|p1a: Leavanny\n|-resisted|p1a: Leavanny\n|-damage|p1a: Leavanny|227/269\n|\n|-heal|p2a: Milotic|119/293|[from] item: Leftovers\n|-damage|p2a: Milotic|46/293|[from] Salt Cure\n|upkeep\n|turn|11\n|\n|t:|1782838153\n|switch|p2a: Masquerain|Masquerain, L87, M|264/264\n|-ability|p2a: Masquerain|Intimidate|boost\n|-unboost|p1a: Leavanny|atk|1\n|move|p1a: Leavanny|Sticky Web|p2a: Masquerain\n|-sidestart|p2: testbotcif|move: Sticky Web\n|\n|upkeep\n|turn|12\n|inactive|mudkiplover2808 has 90 seconds left.\n|\n|t:|1782838170\n|switch|p1a: Garganacl|Garganacl, L80, M|157/291\n|move|p2a: Masquerain|Quiver Dance|p2a: Masquerain\n|-boost|p2a: Masquerain|spa|1\n|-boost|p2a: Masquerain|spd|1\n|-boost|p2a: Masquerain|spe|1\n|\n|-heal|p1a: Garganacl|175/291|[from] item: Leftovers\n|upkeep\n|turn|13\n|\n|t:|1782838175\n|-terastallize|p2a: Masquerain|Water\n|move|p2a: Masquerain|Quiver Dance|p2a: Masquerain\n|-boost|p2a: Masquerain|spa|1\n|-boost|p2a: Masquerain|spd|1\n|-boost|p2a: Masquerain|spe|1\n|move|p1a: Garganacl|Salt Cure|p2a: Masquerain\n|-damage|p2a: Masquerain|212/264\n|-start|p2a: Masquerain|Salt Cure\n|\n|-heal|p1a: Garganacl|193/291|[from] item: Leftovers\n|-damage|p2a: Masquerain|146/264|[from] Salt Cure\n|upkeep\n|turn|14\n|\n|t:|1782838188\n|move|p1a: Garganacl|Protect|p1a: Garganacl\n|-singleturn|p1a: Garganacl|Protect\n|move|p2a: Masquerain|Hydro Pump|p1a: Garganacl\n|-activate|p1a: Garganacl|move: Protect\n|\n|-heal|p1a: Garganacl|211/291|[from] item: Leftovers\n|-damage|p2a: Masquerain|80/264|[from] Salt Cure\n|upkeep\n|turn|15\n|inactive|mudkiplover2808 has 90 seconds left.\n|\n|t:|1782838205\n|move|p2a: Masquerain|Hydro Pump|p1a: Garganacl\n|-supereffective|p1a: Garganacl\n|-damage|p1a: Garganacl|0 fnt\n|faint|p1a: Garganacl\n|\n|-damage|p2a: Masquerain|14/264|[from] Salt Cure\n|upkeep\n|inactive|mudkiplover2808 has 90 seconds left.\n|\n|t:|1782838221\n|switch|p1a: Crawdaunt|Crawdaunt, L84, M|243/243\n|turn|16\n|\n|t:|1782838224\n|move|p2a: Masquerain|Bug Buzz|p1a: Crawdaunt\n|-supereffective|p1a: Crawdaunt\n|-damage|p1a: Crawdaunt|0 fnt\n|faint|p1a: Crawdaunt\n|\n|-damage|p2a: Masquerain|0 fnt|[from] Salt Cure\n|faint|p2a: Masquerain\n|upkeep\n|inactive|mudkiplover2808 has 90 seconds left.\n|\n|t:|1782838230\n|switch|p2a: Tyranitar|Tyranitar, L78, F|284/284\n|switch|p1a: Darkrai|Darkrai, L77|234/234\n|-damage|p2a: Tyranitar|249/284|[from] Stealth Rock\n|-activate|p2a: Tyranitar|move: Sticky Web\n|-unboost|p2a: Tyranitar|spe|1\n|-weather|Sandstorm|[from] ability: Sand Stream|[of] p2a: Tyranitar\n|turn|17\n|\n|t:|1782838236\n|move|p1a: Darkrai|Nasty Plot|p1a: Darkrai\n|-boost|p1a: Darkrai|spa|2\n|move|p2a: Tyranitar|Stone Edge|p1a: Darkrai|[miss]\n|-miss|p2a: Tyranitar|p1a: Darkrai\n|\n|-weather|Sandstorm|[upkeep]\n|-damage|p1a: Darkrai|220/234|[from] Sandstorm\n|-heal|p1a: Darkrai|234/234|[from] item: Leftovers\n|-heal|p2a: Tyranitar|266/284|[from] item: Leftovers\n|upkeep\n|turn|18\n|\n|t:|1782838242\n|move|p1a: Darkrai|Sludge Bomb|p2a: Tyranitar\n|-resisted|p2a: Tyranitar\n|-damage|p2a: Tyranitar|222/284\n|move|p2a: Tyranitar|Stone Edge|p1a: Darkrai\n|-damage|p1a: Darkrai|116/234\n|\n|-weather|Sandstorm|[upkeep]\n|-damage|p1a: Darkrai|102/234|[from] Sandstorm\n|-heal|p1a: Darkrai|116/234|[from] item: Leftovers\n|-heal|p2a: Tyranitar|239/284|[from] item: Leftovers\n|upkeep\n|turn|19\n|\n|t:|1782838248\n|move|p1a: Darkrai|Sludge Bomb|p2a: Tyranitar\n|-resisted|p2a: Tyranitar\n|-damage|p2a: Tyranitar|193/284\n|move|p2a: Tyranitar|Stone Edge|p1a: Darkrai\n|-crit|p1a: Darkrai\n|-damage|p1a: Darkrai|0 fnt\n|faint|p1a: Darkrai\n|\n|-weather|Sandstorm|[upkeep]\n|-heal|p2a: Tyranitar|210/284|[from] item: Leftovers\n|upkeep\n|c|\u2606mudkiplover2808|please poison\n|c|\u2606mudkiplover2808|damn\n|\n|t:|1782838261\n|switch|p1a: Minior|Minior-Blue, L79|224/224\n|-formechange|p1a: Minior|Minior-Meteor||[from] ability: Shields Down\n|turn|20\n|\n|t:|1782838267\n|-terastallize|p1a: Minior|Steel\n|move|p1a: Minior|Shell Smash|p1a: Minior\n|-unboost|p1a: Minior|def|1\n|-unboost|p1a: Minior|spd|1\n|-boost|p1a: Minior|atk|2\n|-boost|p1a: Minior|spa|2\n|-boost|p1a: Minior|spe|2\n|-enditem|p1a: Minior|White Herb\n|-clearnegativeboost|p1a: Minior|[silent]\n|move|p2a: Tyranitar|Ice Beam|p1a: Minior\n|-resisted|p1a: Minior\n|-damage|p1a: Minior|200/224\n|\n|-weather|Sandstorm|[upkeep]\n|-heal|p2a: Tyranitar|227/284|[from] item: Leftovers\n|upkeep\n|turn|21\n|\n|t:|1782838281\n|move|p1a: Minior|Earthquake|p2a: Tyranitar\n|-supereffective|p2a: Tyranitar\n|-damage|p2a: Tyranitar|75/284\n|move|p2a: Tyranitar|Knock Off|p1a: Minior\n|-damage|p1a: Minior|127/224\n|\n|-weather|none\n|-heal|p2a: Tyranitar|92/284|[from] item: Leftovers\n|upkeep\n|turn|22\n|\n|t:|1782838285\n|move|p1a: Minior|Earthquake|p2a: Tyranitar\n|-supereffective|p2a: Tyranitar\n|-damage|p2a: Tyranitar|0 fnt\n|faint|p2a: Tyranitar\n|\n|upkeep\n|\n|t:|1782838285\n|switch|p2a: Iron Boulder|Iron Boulder, L77|265/265\n|-damage|p2a: Iron Boulder|232/265|[from] Stealth Rock\n|-activate|p2a: Iron Boulder|move: Sticky Web\n|-unboost|p2a: Iron Boulder|spe|1\n|turn|23\n|inactive|mudkiplover2808 has 120 seconds left.\n|\n|t:|1782838306\n|move|p1a: Minior|Earthquake|p2a: Iron Boulder\n|-supereffective|p2a: Iron Boulder\n|-damage|p2a: Iron Boulder|38/265\n|move|p2a: Iron Boulder|Mighty Cleave|p1a: Minior\n|-resisted|p1a: Minior\n|-damage|p1a: Minior|69/224\n|-damage|p2a: Iron Boulder|12/265|[from] item: Life Orb\n|\n|-formechange|p1a: Minior|Minior-Blue||[from] ability: Shields Down\n|upkeep\n|turn|24\n|\n|t:|1782838316\n|move|p1a: Minior|Earthquake|p2a: Iron Boulder\n|-supereffective|p2a: Iron Boulder\n|-damage|p2a: Iron Boulder|0 fnt\n|faint|p2a: Iron Boulder\n|-end|p2a: Iron Boulder|Quark Drive|[silent]\n|\n|upkeep\n|\n|t:|1782838316\n|switch|p2a: Milotic|Milotic, L83, M|46/293\n|-damage|p2a: Milotic|10/293|[from] Stealth Rock\n|-activate|p2a: Milotic|move: Sticky Web\n|-unboost|p2a: Milotic|spe|1\n|-ability|p2a: Milotic|Competitive|boost\n|-boost|p2a: Milotic|spa|2\n|turn|25\n|inactive|mudkiplover2808 has 120 seconds left.\n|\n|t:|1782838334\n|move|p1a: Minior|Acrobatics|p2a: Milotic\n|-damage|p2a: Milotic|0 fnt\n|faint|p2a: Milotic\n|\n|upkeep\n|\n|t:|1782838334\n|switch|p2a: Avalugg|Avalugg, L88, F|310/310\n|turn|26\n|inactive|mudkiplover2808 has 120 seconds left.\n|inactive|mudkiplover2808 has 90 seconds left.\n|\n|t:|1782838405\n|move|p1a: Minior|Power Gem|p2a: Avalugg\n|-supereffective|p2a: Avalugg\n|-ability|p2a: Avalugg|Sturdy\n|-damage|p2a: Avalugg|1/310\n|move|p2a: Avalugg|Avalanche|p1a: Minior\n|-resisted|p1a: Minior\n|-damage|p1a: Minior|0 fnt\n|faint|p1a: Minior\n|\n|upkeep\n|\n|t:|1782838413\n|switch|p1a: Leavanny|Leavanny, L86, M|227/269\n|turn|27\n|inactive|mudkiplover2808 has 60 seconds left.\n|\n|t:|1782838428\n|move|p1a: Leavanny|Bullet Seed|p2a: Avalugg\n|-damage|p2a: Avalugg|0 fnt\n|faint|p2a: Avalugg\n|-hitcount|p2: Avalugg|1\n|\n|win|mudkiplover2808\n|raw|mudkiplover2808's rating: 1277 &rarr; <strong>1304</strong><br />(+27 for winning)\n|raw|testbotcif's rating: 1304 &rarr; <strong>1282</strong><br />(-22 for losing)\n", "inputlog": ">version f8ac14003a5f27e1bdc8d8c59608a773c1cb96e5\n>start {\"formatid\":\"gen9randombattle\",\"seed\":\"sodium,2869831071acefb587e1addebbf39fb9\",\"rated\":\"Rated battle\"}\n>player p1 {\"name\":\"mudkiplover2808\",\"avatar\":\"266\",\"rating\":1277,\"seed\":\"sodium,f9ca5d1d618288709784a239aef9671a\"}\n>player p2 {\"name\":\"testbotcif\",\"avatar\":\"266\",\"rating\":1304,\"seed\":\"sodium,f6a938556ed69579de50a35c672a439e\"}\n>chat \u2606testbotcif|rlhf\n>chat \u2606mudkiplover2808|glfh sh 1488\n>p1 move saltcure\n>p2 move shellsmash\n>p1 move stealthrock\n>p2 move shadowball\n>p1 move protect\n>p2 move shadowball\n>p1 move recover\n>p2 move shadowball\n>p1 move protect\n>p2 move strengthsap\n>p1 move recover\n>p2 move shadowball\n>p1 move protect\n>p2 move strengthsap\n>p2 switch 5\n>p1 move saltcure\n>p2 move scald\n>p1 move protect\n>p2 move scald\n>p1 switch 3\n>p2 move scald\n>p1 move stickyweb\n>p2 switch 2\n>p1 switch 3\n>p2 move quiverdance\n>p1 move saltcure\n>p2 move quiverdance terastallize\n>p1 move protect\n>p2 move hydropump\n>p1 move recover\n>p2 move hydropump\n>p1 switch 5\n>p1 move dragondance\n>p2 move bugbuzz\n>p1 switch 4\n>p2 switch 4\n>p1 move nastyplot\n>p2 move stoneedge\n>p1 move sludgebomb\n>p2 move stoneedge\n>p1 move sludgebomb\n>p2 move stoneedge\n>chat \u2606mudkiplover2808|please poison\n>chat \u2606mudkiplover2808|damn\n>p1 switch 2\n>p1 move shellsmash terastallize\n>p2 move icebeam\n>p1 move earthquake\n>p2 move knockoff\n>p1 move earthquake\n>p2 move knockoff\n>p2 switch 3\n>p1 move earthquake\n>p2 move mightycleave\n>p1 move earthquake\n>p2 move mightycleave\n>p2 switch 2\n>p1 move acrobatics\n>p2 move recover\n>p2 switch 6\n>p1 move powergem\n>p2 move avalanche\n>p1 switch 3\n>p1 move bulletseed\n>p2 move avalanche", "uploadtime": 1782838428, "views": 6, "formatid": "gen9randombattle", "rating": 1282, "private": 0, "password": null, "player_dets": [{"name": "mudkiplover2808", "avatar": "266", "rating": 1277, "seed": "sodium,f9ca5d1d618288709784a239aef9671a"}, {"name": "testbotcif", "avatar": "266", "rating": 1304, "seed": "sodium,f6a938556ed69579de50a35c672a439e"}], "teams_full": [{"Garganacl": {"name": "Garganacl", "species": "Garganacl", "speciesId": "garganacl", "gender": "M", "shiny": false, "level": 80, "moves": ["recover", "protect", "saltcure", "stealthrock"], "ability": "Purifying Salt", "evs": {"hp": 85, "atk": 85, "def": 85, "spa": 85, "spd": 85, "spe": 85}, "ivs": {"hp": 31, "atk": 31, "def": 31, "spa": 31, "spd": 31, "spe": 31}, "item": "Leftovers", "teraType": "Dragon", "role": "Bulky Support", "bvs": {"hp": 100, "atk": 100, "def": 130, "spa": 45, "spd": 90, "spe": 35}, "stats": {"hp": 291, "atk": 206, "def": 254, "spa": 118, "spd": 190, "spe": 102}, "types": ["Rock"]}, "Minior": {"name": "Minior", "species": "Minior-Blue", "speciesId": "minior", "gender": "N", "shiny": false, "level": 79, "moves": ["earthquake", "shellsmash", "acrobatics", "powergem"], "ability": "Shields Down", "evs": {"hp": 85, "atk": 85, "def": 85, "spa": 85, "spd": 85, "spe": 85}, "ivs": {"hp": 31, "atk": 31, "def": 31, "spa": 31, "spd": 31, "spe": 31}, "item": "White Herb", "teraType": "Steel", "role": "Setup Sweeper", "bvs": {"hp": 60, "atk": 100, "def": 60, "spa": 100, "spd": 60, "spe": 120}, "stats": {"hp": 224, "atk": 204, "def": 140, "spa": 204, "spd": 140, "spe": 235}, "types": ["Rock", "Flying"]}, "Leavanny": {"name": "Leavanny", "species": "Leavanny", "speciesId": "leavanny", "gender": "M", "shiny": false, "level": 86, "moves": ["tripleaxel", "stickyweb", "bulletseed", "knockoff"], "ability": "Chlorophyll", "evs": {"hp": 85, "atk": 85, "def": 85, "spa": 85, "spd": 85, "spe": 85}, "ivs": {"hp": 31, "atk": 31, "def": 31, "spa": 31, "spd": 31, "spe": 31}, "item": "Loaded Dice", "teraType": "Rock", "role": "Fast Attacker", "bvs": {"hp": 75, "atk": 103, "def": 80, "spa": 70, "spd": 80, "spe": 92}, "stats": {"hp": 269, "atk": 226, "def": 187, "spa": 170, "spd": 187, "spe": 207}, "types": ["Bug", "Grass"]}, "Darkrai": {"name": "Darkrai", "species": "Darkrai", "speciesId": "darkrai", "gender": "N", "shiny": false, "level": 77, "moves": ["substitute", "sludgebomb", "darkpulse", "nastyplot"], "ability": "Bad Dreams", "evs": {"hp": 85, "atk": 0, "def": 85, "spa": 85, "spd": 85, "spe": 85}, "ivs": {"hp": 31, "atk": 0, "def": 31, "spa": 31, "spd": 31, "spe": 31}, "item": "Leftovers", "teraType": "Poison", "role": "Setup Sweeper", "bvs": {"hp": 70, "atk": 90, "def": 90, "spa": 135, "spd": 90, "spe": 125}, "stats": {"hp": 234, "atk": 143, "def": 183, "spa": 252, "spd": 183, "spe": 237}, "types": ["Dark"]}, "Crawdaunt": {"name": "Crawdaunt", "species": "Crawdaunt", "speciesId": "crawdaunt", "gender": "M", "shiny": false, "level": 84, "moves": ["dragondance", "aquajet", "knockoff", "crabhammer"], "ability": "Adaptability", "evs": {"hp": 85, "atk": 85, "def": 85, "spa": 85, "spd": 85, "spe": 85}, "ivs": {"hp": 31, "atk": 31, "def": 31, "spa": 31, "spd": 31, "spe": 31}, "item": "Life Orb", "teraType": "Water", "role": "Setup Sweeper", "bvs": {"hp": 63, "atk": 120, "def": 85, "spa": 90, "spd": 55, "spe": 55}, "stats": {"hp": 243, "atk": 250, "def": 191, "spa": 199, "spd": 141, "spe": 141}, "types": ["Water", "Dark"]}, "Gallade": {"name": "Gallade", "species": "Gallade", "speciesId": "gallade", "gender": "M", "shiny": false, "level": 80, "moves": ["psychocut", "nightslash", "sacredsword", "agility"], "ability": "Sharpness", "evs": {"hp": 85, "atk": 85, "def": 85, "spa": 85, "spd": 85, "spe": 85}, "ivs": {"hp": 31, "atk": 31, "def": 31, "spa": 31, "spd": 31, "spe": 31}, "item": "Life Orb", "teraType": "Fighting", "role": "Setup Sweeper", "bvs": {"hp": 68, "atk": 125, "def": 65, "spa": 65, "spd": 115, "spe": 80}, "stats": {"hp": 240, "atk": 246, "def": 150, "spa": 150, "spd": 230, "spe": 174}, "types": ["Psychic", "Fighting"]}}, {"Polteageist": {"name": "Polteageist", "species": "Polteageist", "speciesId": "polteageist", "gender": "N", "shiny": false, "level": 78, "moves": ["strengthsap", "storedpower", "shellsmash", "shadowball"], "ability": "Cursed Body", "evs": {"hp": 85, "atk": 0, "def": 85, "spa": 85, "spd": 85, "spe": 85}, "ivs": {"hp": 31, "atk": 0, "def": 31, "spa": 31, "spd": 31, "spe": 31}, "item": "White Herb", "teraType": "Psychic", "role": "Setup Sweeper", "bvs": {"hp": 60, "atk": 65, "def": 65, "spa": 134, "spd": 114, "spe": 70}, "stats": {"hp": 222, "atk": 106, "def": 146, "spa": 254, "spd": 223, "spe": 154}, "types": ["Ghost"]}, "Masquerain": {"name": "Masquerain", "species": "Masquerain", "speciesId": "masquerain", "gender": "M", "shiny": false, "level": 87, "moves": ["quiverdance", "hurricane", "bugbuzz", "hydropump"], "ability": "Intimidate", "evs": {"hp": 85, "atk": 0, "def": 85, "spa": 85, "spd": 85, "spe": 85}, "ivs": {"hp": 31, "atk": 0, "def": 31, "spa": 31, "spd": 31, "spe": 31}, "item": "Heavy-Duty Boots", "teraType": "Water", "role": "Setup Sweeper", "bvs": {"hp": 70, "atk": 60, "def": 62, "spa": 100, "spd": 82, "spe": 80}, "stats": {"hp": 264, "atk": 109, "def": 158, "spa": 224, "spd": 192, "spe": 189}, "types": ["Bug", "Flying"]}, "Iron Boulder": {"name": "Iron Boulder", "species": "Iron Boulder", "speciesId": "ironboulder", "gender": "N", "shiny": false, "level": 77, "moves": ["mightycleave", "closecombat", "swordsdance", "zenheadbutt"], "ability": "Quark Drive", "evs": {"hp": 85, "atk": 85, "def": 85, "spa": 85, "spd": 85, "spe": 85}, "ivs": {"hp": 31, "atk": 31, "def": 31, "spa": 31, "spd": 31, "spe": 31}, "item": "Life Orb", "teraType": "Fighting", "role": "Setup Sweeper", "bvs": {"hp": 90, "atk": 120, "def": 80, "spa": 68, "spd": 108, "spe": 124}, "stats": {"hp": 265, "atk": 229, "def": 168, "spa": 149, "spd": 211, "spe": 236}, "types": ["Rock", "Psychic"]}, "Tyranitar": {"name": "Tyranitar", "species": "Tyranitar", "speciesId": "tyranitar", "gender": "F", "shiny": false, "level": 78, "moves": ["knockoff", "stoneedge", "icebeam", "stealthrock"], "ability": "Sand Stream", "evs": {"hp": 85, "atk": 85, "def": 85, "spa": 85, "spd": 85, "spe": 85}, "ivs": {"hp": 31, "atk": 31, "def": 31, "spa": 31, "spd": 31, "spe": 31}, "item": "Leftovers", "teraType": "Rock", "role": "Bulky Support", "bvs": {"hp": 100, "atk": 134, "def": 110, "spa": 95, "spd": 100, "spe": 61}, "stats": {"hp": 284, "atk": 254, "def": 217, "spa": 193, "spd": 201, "spe": 140}, "types": ["Rock", "Dark"]}, "Milotic": {"name": "Milotic", "species": "Milotic", "speciesId": "milotic", "gender": "M", "shiny": false, "level": 83, "moves": ["icebeam", "dragontail", "recover", "scald"], "ability": "Competitive", "evs": {"hp": 85, "atk": 85, "def": 85, "spa": 85, "spd": 85, "spe": 85}, "ivs": {"hp": 31, "atk": 31, "def": 31, "spa": 31, "spd": 31, "spe": 31}, "item": "Leftovers", "teraType": "Steel", "role": "Bulky Attacker", "bvs": {"hp": 95, "atk": 60, "def": 79, "spa": 100, "spd": 125, "spe": 81}, "stats": {"hp": 293, "atk": 147, "def": 179, "spa": 214, "spd": 255, "spe": 182}, "types": ["Water"]}, "Avalugg": {"name": "Avalugg", "species": "Avalugg", "speciesId": "avalugg", "gender": "F", "shiny": false, "level": 88, "moves": ["recover", "rapidspin", "bodypress", "avalanche"], "ability": "Sturdy", "evs": {"hp": 85, "atk": 85, "def": 85, "spa": 85, "spd": 85, "spe": 85}, "ivs": {"hp": 31, "atk": 31, "def": 31, "spa": 31, "spd": 31, "spe": 31}, "item": "Heavy-Duty Boots", "teraType": "Fighting", "role": "Bulky Support", "bvs": {"hp": 95, "atk": 117, "def": 184, "spa": 44, "spd": 46, "spe": 28}, "stats": {"hp": 310, "atk": 256, "def": 374, "spa": 128, "spd": 131, "spe": 100}, "types": ["Ice"]}}]}