{"id": "gen9randombattle-2642149611", "format": "[Gen 9] Random Battle", "players": ["Oh No! Charizard", "lalalaplant"], "log": "|j|\u2606Oh No! Charizard\n|j|\u2606lalalaplant\n|t:|1782900547\n|gametype|singles\n|player|p1|Oh No! Charizard|nate-pokestar3|1909\n|player|p2|lalalaplant|169|1862\n|gen|9\n|tier|[Gen 9] Random Battle\n|rated|\n|rule|Species Clause: Limit one of each Pok\u00e9mon\n|rule|HP Percentage Mod: HP is shown in percentages\n|rule|Sleep Clause Mod: Limit one foe put to sleep\n|rule|Illusion Level Mod: Illusion disguises the Pok\u00e9mon's true level\n|\n|t:|1782900547\n|teamsize|p1|6\n|teamsize|p2|6\n|start\n|switch|p1a: Polteageist|Polteageist-Antique, L78|222/222\n|switch|p2a: Hitmonchan|Hitmonchan, L87, M|229/229\n|turn|1\n|inactive|Battle timer is ON: inactive players will automatically lose when time's up. (requested by Oh No! Charizard)\n|\n|t:|1782900576\n|switch|p1a: Eelektross|Eelektross, L87, M|290/290\n|move|p2a: Hitmonchan|Knock Off|p1a: Eelektross\n|-damage|p1a: Eelektross|208/290\n|-enditem|p1a: Eelektross|Leftovers|[from] move: Knock Off|[of] p2a: Hitmonchan\n|\n|upkeep\n|turn|2\n|\n|t:|1782900590\n|switch|p2a: Duraludon|Duraludon, L82, M|249/249\n|move|p1a: Eelektross|Knock Off|p2a: Duraludon\n|-damage|p2a: Duraludon|201/249\n|-enditem|p2a: Duraludon|Eviolite|[from] move: Knock Off|[of] p1a: Eelektross\n|\n|upkeep\n|turn|3\n|\n|t:|1782900598\n|move|p2a: Duraludon|Iron Defense|p2a: Duraludon\n|-boost|p2a: Duraludon|def|2\n|move|p1a: Eelektross|Drain Punch|p2a: Duraludon\n|-supereffective|p2a: Duraludon\n|-damage|p2a: Duraludon|145/249\n|-heal|p1a: Eelektross|236/290|[from] drain|[of] p2a: Duraludon\n|\n|upkeep\n|turn|4\n|\n|t:|1782900603\n|move|p2a: Duraludon|Flash Cannon|p1a: Eelektross\n|-resisted|p1a: Eelektross\n|-damage|p1a: Eelektross|190/290\n|move|p1a: Eelektross|Drain Punch|p2a: Duraludon\n|-supereffective|p2a: Duraludon\n|-damage|p2a: Duraludon|95/249\n|-heal|p1a: Eelektross|215/290|[from] drain|[of] p2a: Duraludon\n|\n|upkeep\n|turn|5\n|\n|t:|1782900606\n|move|p2a: Duraludon|Body Press|p1a: Eelektross\n|-damage|p1a: Eelektross|80/290\n|move|p1a: Eelektross|Drain Punch|p2a: Duraludon\n|-supereffective|p2a: Duraludon\n|-damage|p2a: Duraludon|41/249\n|-heal|p1a: Eelektross|107/290|[from] drain|[of] p2a: Duraludon\n|\n|upkeep\n|turn|6\n|\n|t:|1782900610\n|move|p2a: Duraludon|Draco Meteor|p1a: Eelektross\n|-damage|p1a: Eelektross|0 fnt\n|-unboost|p2a: Duraludon|spa|2\n|faint|p1a: Eelektross\n|\n|upkeep\n|\n|t:|1782900612\n|switch|p1a: Polteageist|Polteageist-Antique, L78|222/222\n|turn|7\n|\n|t:|1782900618\n|switch|p2a: Cryogonal|Cryogonal, L89|287/287\n|move|p1a: Polteageist|Shell Smash|p1a: Polteageist\n|-unboost|p1a: Polteageist|def|1\n|-unboost|p1a: Polteageist|spd|1\n|-boost|p1a: Polteageist|atk|2\n|-boost|p1a: Polteageist|spa|2\n|-boost|p1a: Polteageist|spe|2\n|-enditem|p1a: Polteageist|White Herb\n|-clearnegativeboost|p1a: Polteageist|[silent]\n|\n|upkeep\n|turn|8\n|\n|t:|1782900622\n|-terastallize|p1a: Polteageist|Psychic\n|move|p1a: Polteageist|Stored Power|p2a: Cryogonal\n|-damage|p2a: Cryogonal|73/287\n|move|p2a: Cryogonal|Haze|p2a: Cryogonal\n|-clearallboost\n|\n|upkeep\n|turn|9\n|\n|t:|1782900628\n|move|p2a: Cryogonal|Haze|p2a: Cryogonal\n|-clearallboost\n|move|p1a: Polteageist|Shell Smash|p1a: Polteageist\n|-unboost|p1a: Polteageist|def|1\n|-unboost|p1a: Polteageist|spd|1\n|-boost|p1a: Polteageist|atk|2\n|-boost|p1a: Polteageist|spa|2\n|-boost|p1a: Polteageist|spe|2\n|\n|upkeep\n|turn|10\n|\n|t:|1782900631\n|move|p1a: Polteageist|Stored Power|p2a: Cryogonal\n|-damage|p2a: Cryogonal|0 fnt\n|faint|p2a: Cryogonal\n|\n|upkeep\n|\n|t:|1782900643\n|switch|p2a: Hitmonchan|Hitmonchan, L87, M|229/229\n|turn|11\n|\n|t:|1782900654\n|switch|p2a: Gogoat|Gogoat, L88, M|360/360\n|move|p1a: Polteageist|Stored Power|p2a: Gogoat\n|-damage|p2a: Gogoat|41/360\n|\n|-heal|p2a: Gogoat|63/360|[from] item: Leftovers\n|upkeep\n|turn|12\n|\n|t:|1782900659\n|move|p1a: Polteageist|Stored Power|p2a: Gogoat\n|-damage|p2a: Gogoat|0 fnt\n|faint|p2a: Gogoat\n|\n|upkeep\n|\n|t:|1782900661\n|switch|p2a: Hitmonchan|Hitmonchan, L87, M|229/229\n|turn|13\n|\n|t:|1782900668\n|-terastallize|p2a: Hitmonchan|Steel\n|move|p1a: Polteageist|Stored Power|p2a: Hitmonchan\n|-resisted|p2a: Hitmonchan\n|-damage|p2a: Hitmonchan|103/229\n|move|p2a: Hitmonchan|Knock Off|p1a: Polteageist\n|-supereffective|p1a: Polteageist\n|-damage|p1a: Polteageist|20/222\n|-start|p2a: Hitmonchan|Disable|Knock Off|[from] ability: Cursed Body|[of] p1a: Polteageist\n|\n|-heal|p2a: Hitmonchan|117/229|[from] item: Leftovers\n|upkeep\n|turn|14\n|-message|lalalaplant forfeited.\n|\n|win|Oh No! Charizard\n|raw|Oh No! Charizard's rating: 1909 &rarr; <strong>1926</strong><br />(+17 for winning)\n|raw|lalalaplant's rating: 1862 &rarr; <strong>1845</strong><br />(-17 for losing)\n", "inputlog": ">version f8ac14003a5f27e1bdc8d8c59608a773c1cb96e5\n>start {\"formatid\":\"gen9randombattle\",\"seed\":\"sodium,260565a63c9f1b0b805f3d4d8cc78da0\",\"rated\":\"Rated battle\"}\n>player p1 {\"name\":\"Oh No! Charizard\",\"avatar\":\"nate-pokestar3\",\"rating\":1909,\"seed\":\"sodium,ed222920b22829266aef80ed86f613a2\"}\n>player p2 {\"name\":\"lalalaplant\",\"avatar\":\"169\",\"rating\":1862,\"seed\":\"sodium,314752942bbcccfeef38ae4d276ab471\"}\n>p1 switch 2\n>p2 move knockoff\n>p1 move knockoff\n>p2 switch 3\n>p1 move drainpunch\n>p2 move irondefense\n>p1 move drainpunch\n>p2 move flashcannon\n>p1 move drainpunch\n>p2 move bodypress\n>p1 move drainpunch\n>p2 move dracometeor\n>p1 switch 2\n>p1 move shellsmash\n>p2 switch 6\n>p1 move storedpower terastallize\n>p2 move haze\n>p1 move shellsmash\n>p2 move haze\n>p1 move storedpower\n>p2 move haze\n>p2 switch 3\n>p1 move storedpower\n>p2 switch 4\n>p1 move storedpower\n>p2 move hornleech\n>p2 switch 4\n>p1 move storedpower\n>p2 move knockoff terastallize\n>forcelose p2", "uploadtime": 1782900679, "views": 8, "formatid": "gen9randombattle", "rating": 1845, "private": 0, "password": null, "player_dets": [{"name": "Oh No! Charizard", "avatar": "nate-pokestar3", "rating": 1909, "seed": "sodium,ed222920b22829266aef80ed86f613a2"}, {"name": "lalalaplant", "avatar": "169", "rating": 1862, "seed": "sodium,314752942bbcccfeef38ae4d276ab471"}], "teams_full": [{"Polteageist": {"name": "Polteageist", "species": "Polteageist-Antique", "speciesId": "polteageist", "gender": "N", "shiny": false, "level": 78, "moves": ["shellsmash", "shadowball", "strengthsap", "storedpower"], "ability": "Cursed Body", "evs": {"hp": 85, "atk": 0, "def": 85, "spa": 85, "spd": 85, "spe": 85}, "ivs": {"hp": 31, "atk": 0, "def": 31, "spa": 31, "spd": 31, "spe": 31}, "item": "White Herb", "teraType": "Psychic", "role": "Setup Sweeper", "bvs": {"hp": 60, "atk": 65, "def": 65, "spa": 134, "spd": 114, "spe": 70}, "stats": {"hp": 222, "atk": 106, "def": 146, "spa": 254, "spd": 223, "spe": 154}, "types": ["Ghost"]}, "Eelektross": {"name": "Eelektross", "species": "Eelektross", "speciesId": "eelektross", "gender": "M", "shiny": false, "level": 87, "moves": ["knockoff", "drainpunch", "supercellslam", "coil"], "ability": "Levitate", "evs": {"hp": 85, "atk": 85, "def": 85, "spa": 85, "spd": 85, "spe": 85}, "ivs": {"hp": 31, "atk": 31, "def": 31, "spa": 31, "spd": 31, "spe": 31}, "item": "Leftovers", "teraType": "Fighting", "role": "Bulky Setup", "bvs": {"hp": 85, "atk": 115, "def": 80, "spa": 105, "spd": 80, "spe": 50}, "stats": {"hp": 290, "atk": 250, "def": 189, "spa": 232, "spd": 189, "spe": 137}, "types": ["Electric"]}, "Flamigo": {"name": "Flamigo", "species": "Flamigo", "speciesId": "flamigo", "gender": "F", "shiny": false, "level": 82, "moves": ["bravebird", "closecombat", "swordsdance", "roost"], "ability": "Scrappy", "evs": {"hp": 85, "atk": 85, "def": 85, "spa": 85, "spd": 85, "spe": 85}, "ivs": {"hp": 31, "atk": 31, "def": 31, "spa": 31, "spd": 31, "spe": 31}, "item": "Life Orb", "teraType": "Steel", "role": "Setup Sweeper", "bvs": {"hp": 82, "atk": 115, "def": 74, "spa": 75, "spd": 64, "spe": 90}, "stats": {"hp": 269, "atk": 236, "def": 169, "spa": 170, "spd": 152, "spe": 195}, "types": ["Flying", "Fighting"]}, "Basculegion": {"name": "Basculegion", "species": "Basculegion", "speciesId": "basculegion", "gender": "M", "shiny": false, "level": 80, "moves": ["wavecrash", "flipturn", "shadowball", "aquajet"], "ability": "Adaptability", "evs": {"hp": 85, "atk": 85, "def": 85, "spa": 85, "spd": 85, "spe": 85}, "ivs": {"hp": 31, "atk": 31, "def": 31, "spa": 31, "spd": 31, "spe": 31}, "item": "Assault Vest", "teraType": "Water", "role": "AV Pivot", "bvs": {"hp": 120, "atk": 112, "def": 65, "spa": 80, "spd": 75, "spe": 78}, "stats": {"hp": 323, "atk": 225, "def": 150, "spa": 174, "spd": 166, "spe": 171}, "types": ["Water", "Ghost"]}, "Dudunsparce": {"name": "Dudunsparce", "species": "Dudunsparce-Three-Segment", "speciesId": "dudunsparce", "gender": "M", "shiny": false, "level": 83, "moves": ["toxic", "roost", "boomburst", "earthquake"], "ability": "Rattled", "evs": {"hp": 85, "atk": 85, "def": 85, "spa": 85, "spd": 85, "spe": 85}, "ivs": {"hp": 31, "atk": 31, "def": 31, "spa": 31, "spd": 31, "spe": 31}, "item": "Leftovers", "teraType": "Ground", "role": "Bulky Attacker", "bvs": {"hp": 125, "atk": 100, "def": 80, "spa": 85, "spd": 75, "spe": 55}, "stats": {"hp": 343, "atk": 214, "def": 180, "spa": 189, "spd": 172, "spe": 139}, "types": ["Normal"]}, "Frosmoth": {"name": "Frosmoth", "species": "Frosmoth", "speciesId": "frosmoth", "gender": "M", "shiny": false, "level": 82, "moves": ["bugbuzz", "icebeam", "quiverdance", "terablast"], "ability": "Ice Scales", "evs": {"hp": 85, "atk": 0, "def": 85, "spa": 85, "spd": 85, "spe": 85}, "ivs": {"hp": 31, "atk": 0, "def": 31, "spa": 31, "spd": 31, "spe": 31}, "item": "Heavy-Duty Boots", "teraType": "Ground", "role": "Tera Blast user", "bvs": {"hp": 70, "atk": 65, "def": 60, "spa": 125, "spd": 90, "spe": 65}, "stats": {"hp": 249, "atk": 111, "def": 146, "spa": 252, "spd": 195, "spe": 154}, "types": ["Ice", "Bug"]}}, {"Hitmonchan": {"name": "Hitmonchan", "species": "Hitmonchan", "speciesId": "hitmonchan", "gender": "M", "shiny": false, "level": 87, "moves": ["bulkup", "drainpunch", "poisonjab", "knockoff"], "ability": "Iron Fist", "evs": {"hp": 85, "atk": 85, "def": 85, "spa": 85, "spd": 85, "spe": 85}, "ivs": {"hp": 31, "atk": 31, "def": 31, "spa": 31, "spd": 31, "spe": 31}, "item": "Leftovers", "teraType": "Steel", "role": "Bulky Setup", "bvs": {"hp": 50, "atk": 105, "def": 79, "spa": 35, "spd": 110, "spe": 76}, "stats": {"hp": 229, "atk": 232, "def": 187, "spa": 111, "spd": 241, "spe": 182}, "types": ["Fighting"]}, "Articuno": {"name": "Articuno", "species": "Articuno-Galar", "speciesId": "articunogalar", "gender": "N", "shiny": false, "level": 84, "moves": ["freezingglare", "hurricane", "recover", "calmmind"], "ability": "Competitive", "evs": {"hp": 85, "atk": 0, "def": 85, "spa": 85, "spd": 85, "spe": 85}, "ivs": {"hp": 31, "atk": 0, "def": 31, "spa": 31, "spd": 31, "spe": 31}, "item": "Heavy-Duty Boots", "teraType": "Steel", "role": "Fast Bulky Setup", "bvs": {"hp": 90, "atk": 85, "def": 85, "spa": 125, "spd": 100, "spe": 95}, "stats": {"hp": 288, "atk": 147, "def": 191, "spa": 258, "spd": 216, "spe": 208}, "types": ["Psychic", "Flying"]}, "Duraludon": {"name": "Duraludon", "species": "Duraludon", "speciesId": "duraludon", "gender": "M", "shiny": false, "level": 82, "moves": ["irondefense", "dracometeor", "bodypress", "flashcannon"], "ability": "Light Metal", "evs": {"hp": 85, "atk": 0, "def": 85, "spa": 85, "spd": 85, "spe": 85}, "ivs": {"hp": 31, "atk": 0, "def": 31, "spa": 31, "spd": 31, "spe": 31}, "item": "Eviolite", "teraType": "Fighting", "role": "Bulky Attacker", "bvs": {"hp": 70, "atk": 95, "def": 115, "spa": 120, "spd": 50, "spe": 85}, "stats": {"hp": 249, "atk": 160, "def": 236, "spa": 244, "spd": 129, "spe": 187}, "types": ["Steel", "Dragon"]}, "Gogoat": {"name": "Gogoat", "species": "Gogoat", "speciesId": "gogoat", "gender": "M", "shiny": false, "level": 88, "moves": ["hornleech", "earthquake", "milkdrink", "bulkup"], "ability": "Sap Sipper", "evs": {"hp": 85, "atk": 85, "def": 85, "spa": 85, "spd": 85, "spe": 85}, "ivs": {"hp": 31, "atk": 31, "def": 31, "spa": 31, "spd": 31, "spe": 31}, "item": "Leftovers", "teraType": "Water", "role": "Bulky Setup", "bvs": {"hp": 123, "atk": 100, "def": 62, "spa": 97, "spd": 81, "spe": 68}, "stats": {"hp": 360, "atk": 226, "def": 159, "spa": 221, "spd": 193, "spe": 170}, "types": ["Grass"]}, "Tropius": {"name": "Tropius", "species": "Tropius", "speciesId": "tropius", "gender": "F", "shiny": false, "level": 91, "moves": ["substitute", "airslash", "leechseed", "protect"], "ability": "Harvest", "evs": {"hp": 85, "atk": 0, "def": 85, "spa": 85, "spd": 85, "spe": 85}, "ivs": {"hp": 31, "atk": 0, "def": 31, "spa": 31, "spd": 31, "spe": 31}, "item": "Sitrus Berry", "teraType": "Steel", "role": "Bulky Support", "bvs": {"hp": 99, "atk": 68, "def": 83, "spa": 72, "spd": 87, "spe": 51}, "stats": {"hp": 328, "atk": 128, "def": 203, "spa": 183, "spd": 210, "spe": 145}, "types": ["Grass", "Flying"]}, "Cryogonal": {"name": "Cryogonal", "species": "Cryogonal", "speciesId": "cryogonal", "gender": "N", "shiny": false, "level": 89, "moves": ["rapidspin", "haze", "freezedry", "recover"], "ability": "Levitate", "evs": {"hp": 85, "atk": 85, "def": 85, "spa": 85, "spd": 85, "spe": 85}, "ivs": {"hp": 31, "atk": 31, "def": 31, "spa": 31, "spd": 31, "spe": 31}, "item": "Heavy-Duty Boots", "teraType": "Poison", "role": "Bulky Support", "bvs": {"hp": 80, "atk": 50, "def": 50, "spa": 95, "spd": 135, "spe": 105}, "stats": {"hp": 287, "atk": 140, "def": 140, "spa": 220, "spd": 291, "spe": 238}, "types": ["Ice"]}}]}