{"id": "gen9randombattle-2642151361", "format": "[Gen 9] Random Battle", "players": ["tiozinhoYT", "jnpr010334"], "log": "|j|\u2606tiozinhoYT\n|j|\u2606jnpr010334\n|t:|1782900912\n|gametype|singles\n|player|p1|tiozinhoYT|101|1571\n|player|p2|jnpr010334|265|1635\n|gen|9\n|tier|[Gen 9] Random Battle\n|rated|\n|rule|Species Clause: Limit one of each Pok\u00e9mon\n|rule|HP Percentage Mod: HP is shown in percentages\n|rule|Sleep Clause Mod: Limit one foe put to sleep\n|rule|Illusion Level Mod: Illusion disguises the Pok\u00e9mon's true level\n|\n|t:|1782900912\n|teamsize|p1|6\n|teamsize|p2|6\n|start\n|switch|p1a: Toxicroak|Toxicroak, L84, F|277/277\n|switch|p2a: Hippowdon|Hippowdon, L82, M|311/311\n|-weather|Sandstorm|[from] ability: Sand Stream|[of] p2a: Hippowdon\n|turn|1\n|inactive|Battle timer is ON: inactive players will automatically lose when time's up. (requested by jnpr010334)\n|\n|t:|1782900939\n|switch|p1a: Shiftry|Shiftry, L89, M|305/305\n|move|p2a: Hippowdon|Earthquake|p1a: Shiftry\n|-resisted|p1a: Shiftry\n|-damage|p1a: Shiftry|239/305\n|\n|-weather|Sandstorm|[upkeep]\n|-damage|p1a: Shiftry|220/305|[from] Sandstorm\n|upkeep\n|turn|2\n|\n|t:|1782900944\n|switch|p2a: Articuno|Articuno, L86|295/295\n|-ability|p2a: Articuno|Pressure\n|move|p1a: Shiftry|Tailwind|p1a: Shiftry\n|-sidestart|p1: tiozinhoYT|move: Tailwind\n|-ability|p1a: Shiftry|Wind Rider|boost\n|-boost|p1a: Shiftry|atk|1\n|\n|-weather|Sandstorm|[upkeep]\n|-damage|p1a: Shiftry|201/305|[from] Sandstorm\n|-damage|p2a: Articuno|277/295|[from] Sandstorm\n|upkeep\n|turn|3\n|\n|t:|1782900949\n|switch|p1a: Oricorio|Oricorio-Pom-Pom, L82, F|257/257\n|move|p2a: Articuno|U-turn|p1a: Oricorio\n|-resisted|p1a: Oricorio\n|-damage|p1a: Oricorio|229/257\n|\n|t:|1782900950\n|switch|p2a: Morpeko|Morpeko, L88, F|245/245|[from] U-turn\n|\n|-weather|Sandstorm|[upkeep]\n|-damage|p1a: Oricorio|213/257|[from] Sandstorm\n|-damage|p2a: Morpeko|230/245|[from] Sandstorm\n|-heal|p2a: Morpeko|245/245|[from] item: Leftovers\n|-formechange|p2a: Morpeko|Morpeko-Hangry||[from] ability: Hunger Switch\n|upkeep\n|turn|4\n|\n|t:|1782900958\n|-terastallize|p1a: Oricorio|Ground\n|move|p1a: Oricorio|Quiver Dance|p1a: Oricorio\n|-boost|p1a: Oricorio|spa|1\n|-boost|p1a: Oricorio|spd|1\n|-boost|p1a: Oricorio|spe|1\n|move|p2a: Morpeko|Aura Wheel|p1a: Oricorio\n|-damage|p1a: Oricorio|50/257\n|-boost|p2a: Morpeko|spe|1\n|\n|-weather|Sandstorm|[upkeep]\n|-damage|p2a: Morpeko|230/245|[from] Sandstorm\n|-heal|p2a: Morpeko|245/245|[from] item: Leftovers\n|-formechange|p2a: Morpeko|Morpeko||[from] ability: Hunger Switch\n|upkeep\n|turn|5\n|\n|t:|1782900962\n|switch|p2a: Munkidori|Munkidori, L79, M|269/269\n|move|p1a: Oricorio|Revelation Dance|p2a: Munkidori\n|-supereffective|p2a: Munkidori\n|-damage|p2a: Munkidori|89/269\n|\n|-weather|none\n|-sideend|p1: tiozinhoYT|move: Tailwind\n|upkeep\n|turn|6\n|\n|t:|1782900965\n|move|p2a: Munkidori|Fake Out|p1a: Oricorio\n|-damage|p1a: Oricorio|26/257\n|cant|p1a: Oricorio|flinch\n|\n|upkeep\n|turn|7\n|\n|t:|1782900968\n|switch|p2a: Primarina|Primarina, L83, M|268/268\n|move|p1a: Oricorio|Roost|p1a: Oricorio\n|-heal|p1a: Oricorio|155/257\n|\n|upkeep\n|turn|8\n|\n|t:|1782900975\n|move|p1a: Oricorio|Hurricane|p2a: Primarina\n|-damage|p2a: Primarina|129/268\n|move|p2a: Primarina|Sparkling Aria|p1a: Oricorio\n|-supereffective|p1a: Oricorio\n|-damage|p1a: Oricorio|0 fnt\n|faint|p1a: Oricorio\n|\n|-heal|p2a: Primarina|145/268|[from] item: Leftovers\n|upkeep\n|\n|t:|1782900978\n|switch|p1a: Golduck|Golduck, L90, F|290/290\n|-ability|p1a: Golduck|Cloud Nine\n|turn|9\n|\n|t:|1782900981\n|-terastallize|p2a: Primarina|Fairy\n|move|p1a: Golduck|Nasty Plot|p1a: Golduck\n|-boost|p1a: Golduck|spa|2\n|move|p2a: Primarina|Draining Kiss|p1a: Golduck\n|-damage|p1a: Golduck|176/290\n|-heal|p2a: Primarina|231/268|[from] drain|[of] p1a: Golduck\n|\n|-heal|p2a: Primarina|247/268|[from] item: Leftovers\n|upkeep\n|turn|10\n|\n|t:|1782900986\n|move|p1a: Golduck|Hydro Pump|p2a: Primarina\n|-damage|p2a: Primarina|0 fnt\n|faint|p2a: Primarina\n|-damage|p1a: Golduck|147/290|[from] item: Life Orb\n|\n|upkeep\n|\n|t:|1782900988\n|switch|p2a: Munkidori|Munkidori, L79, M|89/269\n|turn|11\n|\n|t:|1782900992\n|move|p2a: Munkidori|Fake Out|p1a: Golduck\n|-damage|p1a: Golduck|124/290\n|cant|p1a: Golduck|flinch\n|\n|upkeep\n|turn|12\n|\n|t:|1782900997\n|switch|p1a: Zacian|Zacian-Crowned, L64|225/225\n|-ability|p1a: Zacian|Intrepid Sword|boost\n|-boost|p1a: Zacian|atk|1\n|move|p2a: Munkidori|Sludge Wave|p1a: Zacian\n|-immune|p1a: Zacian\n|\n|upkeep\n|turn|13\n|\n|t:|1782900999\n|move|p1a: Zacian|Swords Dance|p1a: Zacian\n|-boost|p1a: Zacian|atk|2\n|move|p2a: Munkidori|Sludge Wave|p1a: Zacian\n|-immune|p1a: Zacian\n|\n|upkeep\n|turn|14\n|\n|t:|1782901004\n|move|p1a: Zacian|Behemoth Blade|p2a: Munkidori\n|-damage|p2a: Munkidori|0 fnt\n|faint|p2a: Munkidori\n|\n|upkeep\n|\n|t:|1782901005\n|switch|p2a: Hippowdon|Hippowdon, L82, M|311/311\n|-weather|Sandstorm|[from] ability: Sand Stream|[of] p2a: Hippowdon\n|turn|15\n|\n|t:|1782901010\n|move|p1a: Zacian|Close Combat|p2a: Hippowdon\n|-damage|p2a: Hippowdon|176/311\n|-unboost|p1a: Zacian|def|1\n|-unboost|p1a: Zacian|spd|1\n|move|p2a: Hippowdon|Earthquake|p1a: Zacian\n|-supereffective|p1a: Zacian\n|-damage|p1a: Zacian|0 fnt\n|faint|p1a: Zacian\n|\n|-weather|Sandstorm|[upkeep]\n|-heal|p2a: Hippowdon|195/311|[from] item: Leftovers\n|upkeep\n|\n|t:|1782901013\n|switch|p1a: Crawdaunt|Crawdaunt, L84, F|243/243\n|turn|16\n|\n|t:|1782901018\n|move|p1a: Crawdaunt|Dragon Dance|p1a: Crawdaunt\n|-boost|p1a: Crawdaunt|atk|1\n|-boost|p1a: Crawdaunt|spe|1\n|move|p2a: Hippowdon|Earthquake|p1a: Crawdaunt\n|-damage|p1a: Crawdaunt|120/243\n|\n|-weather|Sandstorm|[upkeep]\n|-damage|p1a: Crawdaunt|105/243|[from] Sandstorm\n|-heal|p2a: Hippowdon|214/311|[from] item: Leftovers\n|upkeep\n|turn|17\n|\n|t:|1782901021\n|move|p1a: Crawdaunt|Crabhammer|p2a: Hippowdon\n|-supereffective|p2a: Hippowdon\n|-damage|p2a: Hippowdon|0 fnt\n|faint|p2a: Hippowdon\n|-damage|p1a: Crawdaunt|81/243|[from] item: Life Orb\n|\n|-weather|Sandstorm|[upkeep]\n|-damage|p1a: Crawdaunt|66/243|[from] Sandstorm\n|upkeep\n|\n|t:|1782901023\n|switch|p2a: Morpeko|Morpeko, L88, F|245/245\n|turn|18\n|\n|t:|1782901026\n|move|p2a: Morpeko|Aura Wheel|p1a: Crawdaunt\n|-supereffective|p1a: Crawdaunt\n|-damage|p1a: Crawdaunt|0 fnt\n|-boost|p2a: Morpeko|spe|1\n|faint|p1a: Crawdaunt\n|\n|-weather|Sandstorm|[upkeep]\n|-damage|p2a: Morpeko|230/245|[from] Sandstorm\n|-heal|p2a: Morpeko|245/245|[from] item: Leftovers\n|-formechange|p2a: Morpeko|Morpeko-Hangry||[from] ability: Hunger Switch\n|upkeep\n|\n|t:|1782901030\n|switch|p1a: Toxicroak|Toxicroak, L84, F|277/277\n|turn|19\n|\n|t:|1782901032\n|switch|p2a: Eternatus|Eternatus, L69|308/308\n|-ability|p2a: Eternatus|Pressure\n|move|p1a: Toxicroak|Close Combat|p2a: Eternatus\n|-resisted|p2a: Eternatus\n|-damage|p2a: Eternatus|197/308\n|-unboost|p1a: Toxicroak|def|1\n|-unboost|p1a: Toxicroak|spd|1\n|\n|-weather|none\n|-heal|p2a: Eternatus|216/308|[from] item: Leftovers\n|upkeep\n|turn|20\n|\n|t:|1782901035\n|switch|p1a: Golduck|Golduck, L90, F|124/290\n|-ability|p1a: Golduck|Cloud Nine\n|move|p2a: Eternatus|Dynamax Cannon|p1a: Golduck\n|-damage|p1a: Golduck|16/290\n|\n|-heal|p2a: Eternatus|235/308|[from] item: Leftovers\n|upkeep\n|turn|21\n|\n|t:|1782901038\n|move|p2a: Eternatus|Sludge Bomb|p1a: Golduck\n|-damage|p1a: Golduck|0 fnt\n|faint|p1a: Golduck\n|\n|-heal|p2a: Eternatus|254/308|[from] item: Leftovers\n|upkeep\n|\n|t:|1782901039\n|switch|p1a: Shiftry|Shiftry, L89, M|201/305\n|turn|22\n|\n|t:|1782901042\n|switch|p1a: Toxicroak|Toxicroak, L84, F|277/277\n|move|p2a: Eternatus|Sludge Bomb|p1a: Toxicroak\n|-resisted|p1a: Toxicroak\n|-damage|p1a: Toxicroak|225/277\n|\n|-heal|p2a: Eternatus|273/308|[from] item: Leftovers\n|upkeep\n|turn|23\n|\n|t:|1782901045\n|move|p2a: Eternatus|Dynamax Cannon|p1a: Toxicroak\n|-damage|p1a: Toxicroak|93/277\n|move|p1a: Toxicroak|Knock Off|p2a: Eternatus\n|-damage|p2a: Eternatus|157/308\n|-enditem|p2a: Eternatus|Leftovers|[from] move: Knock Off|[of] p1a: Toxicroak\n|\n|upkeep\n|turn|24\n|\n|t:|1782901048\n|move|p2a: Eternatus|Recover|p2a: Eternatus\n|-heal|p2a: Eternatus|308/308\n|move|p1a: Toxicroak|Knock Off|p2a: Eternatus\n|-damage|p2a: Eternatus|218/308\n|\n|upkeep\n|turn|25\n|\n|t:|1782901051\n|move|p2a: Eternatus|Dynamax Cannon|p1a: Toxicroak\n|-damage|p1a: Toxicroak|0 fnt\n|faint|p1a: Toxicroak\n|\n|upkeep\n|-message|tiozinhoYT forfeited.\n|\n|win|jnpr010334\n|raw|tiozinhoYT's rating: 1571 &rarr; <strong>1555</strong><br />(-16 for losing)\n|raw|jnpr010334's rating: 1640 &rarr; <strong>1656</strong><br />(+16 for winning)\n", "inputlog": ">version f8ac14003a5f27e1bdc8d8c59608a773c1cb96e5\n>start {\"formatid\":\"gen9randombattle\",\"seed\":\"sodium,575ba0be5be08f5fb024d01770079be4\",\"rated\":\"Rated battle\"}\n>player p1 {\"name\":\"tiozinhoYT\",\"avatar\":\"101\",\"rating\":1571,\"seed\":\"sodium,b0a88484b0b03d09c22144624aac3d7f\"}\n>player p2 {\"name\":\"jnpr010334\",\"avatar\":\"265\",\"rating\":1635,\"seed\":\"sodium,f1832b2f3d0cd8ca1da332342b39ffe9\"}\n>p1 switch 3\n>p2 move earthquake\n>p1 move tailwind\n>p2 switch 6\n>p1 switch 4\n>p2 move uturn\n>p2 switch 4\n>p1 move quiverdance terastallize\n>p2 move aurawheel\n>p1 move revelationdance\n>p2 switch 3\n>p1 move revelationdance\n>p2 move fakeout\n>p1 move roost\n>p2 switch 5\n>p1 move hurricane\n>p2 move sparklingaria\n>p1 switch 6\n>p1 move nastyplot\n>p2 move drainingkiss terastallize\n>p1 move hydropump\n>p2 move drainingkiss\n>p2 switch 5\n>p1 move icebeam\n>p2 move fakeout\n>p1 switch 2\n>p2 move sludgewave\n>p1 move swordsdance\n>p2 move sludgewave\n>p1 move behemothblade\n>p2 move sludgewave\n>p2 switch 6\n>p1 move closecombat\n>p2 move earthquake\n>p1 switch 5\n>p1 move dragondance\n>p2 move earthquake\n>p1 move crabhammer\n>p2 move earthquake\n>p2 switch 3\n>p1 move closecombat\n>p2 move aurawheel\n>p1 switch 3\n>p1 move closecombat\n>p2 switch 2\n>p1 switch 2\n>p2 move dynamaxcannon\n>p1 move icebeam\n>p2 move sludgebomb\n>p1 switch 4\n>p1 switch 2\n>p2 move sludgebomb\n>p1 move knockoff\n>p2 move dynamaxcannon\n>p1 move knockoff\n>p2 move recover\n>p1 move knockoff\n>p2 move dynamaxcannon\n>forcelose p1", "uploadtime": 1782901052, "views": 2, "formatid": "gen9randombattle", "rating": 1555, "private": 0, "password": null, "player_dets": [{"name": "tiozinhoYT", "avatar": "101", "rating": 1571, "seed": "sodium,b0a88484b0b03d09c22144624aac3d7f"}, {"name": "jnpr010334", "avatar": "265", "rating": 1635, "seed": "sodium,f1832b2f3d0cd8ca1da332342b39ffe9"}], "teams_full": [{"Toxicroak": {"name": "Toxicroak", "species": "Toxicroak", "speciesId": "toxicroak", "gender": "F", "shiny": false, "level": 84, "moves": ["gunkshot", "closecombat", "suckerpunch", "knockoff"], "ability": "Dry Skin", "evs": {"hp": 85, "atk": 85, "def": 85, "spa": 85, "spd": 85, "spe": 85}, "ivs": {"hp": 31, "atk": 31, "def": 31, "spa": 31, "spd": 31, "spe": 31}, "item": "Choice Band", "teraType": "Dark", "role": "Fast Attacker", "bvs": {"hp": 83, "atk": 106, "def": 65, "spa": 86, "spd": 65, "spe": 85}, "stats": {"hp": 277, "atk": 226, "def": 157, "spa": 193, "spd": 157, "spe": 191}, "types": ["Poison", "Fighting"]}, "Zacian": {"name": "Zacian", "species": "Zacian", "speciesId": "zaciancrowned", "gender": "N", "shiny": false, "level": 64, "moves": ["behemothblade", "closecombat", "playrough", "swordsdance"], "ability": "Intrepid Sword", "evs": {"hp": 85, "atk": 85, "def": 85, "spa": 85, "spd": 85, "spe": 85}, "ivs": {"hp": 31, "atk": 31, "def": 31, "spa": 31, "spd": 31, "spe": 31}, "item": "Rusted Sword", "teraType": "Fighting", "role": "Setup Sweeper", "bvs": {"hp": 92, "atk": 150, "def": 115, "spa": 80, "spd": 115, "spe": 148}, "stats": {"hp": 225, "atk": 230, "def": 185, "spa": 140, "spd": 185, "spe": 227}, "types": ["Fairy", "Steel"]}, "Shiftry": {"name": "Shiftry", "species": "Shiftry", "speciesId": "shiftry", "gender": "M", "shiny": false, "level": 89, "moves": ["tailwind", "leafblade", "knockoff", "lowkick"], "ability": "Wind Rider", "evs": {"hp": 85, "atk": 85, "def": 85, "spa": 85, "spd": 85, "spe": 85}, "ivs": {"hp": 31, "atk": 31, "def": 31, "spa": 31, "spd": 31, "spe": 31}, "item": "Life Orb", "teraType": "Fighting", "role": "Setup Sweeper", "bvs": {"hp": 90, "atk": 100, "def": 60, "spa": 90, "spd": 60, "spe": 80}, "stats": {"hp": 305, "atk": 229, "def": 158, "spa": 211, "spd": 158, "spe": 193}, "types": ["Grass", "Dark"]}, "Oricorio": {"name": "Oricorio", "species": "Oricorio-Pom-Pom", "speciesId": "oricoriopompom", "gender": "F", "shiny": false, "level": 82, "moves": ["quiverdance", "roost", "revelationdance", "hurricane"], "ability": "Dancer", "evs": {"hp": 85, "atk": 0, "def": 85, "spa": 85, "spd": 85, "spe": 85}, "ivs": {"hp": 31, "atk": 0, "def": 31, "spa": 31, "spd": 31, "spe": 31}, "item": "Heavy-Duty Boots", "teraType": "Ground", "role": "Setup Sweeper", "bvs": {"hp": 75, "atk": 70, "def": 70, "spa": 98, "spd": 70, "spe": 93}, "stats": {"hp": 257, "atk": 119, "def": 162, "spa": 208, "spd": 162, "spe": 200}, "types": ["Electric", "Flying"]}, "Crawdaunt": {"name": "Crawdaunt", "species": "Crawdaunt", "speciesId": "crawdaunt", "gender": "F", "shiny": false, "level": 84, "moves": ["crabhammer", "closecombat", "knockoff", "dragondance"], "ability": "Adaptability", "evs": {"hp": 85, "atk": 85, "def": 85, "spa": 85, "spd": 85, "spe": 85}, "ivs": {"hp": 31, "atk": 31, "def": 31, "spa": 31, "spd": 31, "spe": 31}, "item": "Life Orb", "teraType": "Fighting", "role": "Fast Attacker", "bvs": {"hp": 63, "atk": 120, "def": 85, "spa": 90, "spd": 55, "spe": 55}, "stats": {"hp": 243, "atk": 250, "def": 191, "spa": 199, "spd": 141, "spe": 141}, "types": ["Water", "Dark"]}, "Golduck": {"name": "Golduck", "species": "Golduck", "speciesId": "golduck", "gender": "F", "shiny": false, "level": 90, "moves": ["icebeam", "grassknot", "hydropump", "nastyplot"], "ability": "Cloud Nine", "evs": {"hp": 85, "atk": 0, "def": 85, "spa": 85, "spd": 85, "spe": 85}, "ivs": {"hp": 31, "atk": 0, "def": 31, "spa": 31, "spd": 31, "spe": 31}, "item": "Life Orb", "teraType": "Grass", "role": "Fast Attacker", "bvs": {"hp": 80, "atk": 82, "def": 78, "spa": 95, "spd": 80, "spe": 85}, "stats": {"hp": 290, "atk": 152, "def": 192, "spa": 222, "spd": 195, "spe": 204}, "types": ["Water"]}}, {"Hippowdon": {"name": "Hippowdon", "species": "Hippowdon", "speciesId": "hippowdon", "gender": "M", "shiny": false, "level": 82, "moves": ["curse", "earthquake", "slackoff", "stoneedge"], "ability": "Sand Stream", "evs": {"hp": 85, "atk": 85, "def": 85, "spa": 85, "spd": 85, "spe": 85}, "ivs": {"hp": 31, "atk": 31, "def": 31, "spa": 31, "spd": 31, "spe": 31}, "item": "Leftovers", "teraType": "Rock", "role": "Bulky Setup", "bvs": {"hp": 108, "atk": 112, "def": 118, "spa": 68, "spd": 72, "spe": 47}, "stats": {"hp": 311, "atk": 231, "def": 241, "spa": 159, "spd": 165, "spe": 124}, "types": ["Ground"]}, "Eternatus": {"name": "Eternatus", "species": "Eternatus", "speciesId": "eternatus", "gender": "N", "shiny": false, "level": 69, "moves": ["fireblast", "sludgebomb", "dynamaxcannon", "recover"], "ability": "Pressure", "evs": {"hp": 85, "atk": 0, "def": 85, "spa": 85, "spd": 85, "spe": 85}, "ivs": {"hp": 31, "atk": 0, "def": 31, "spa": 31, "spd": 31, "spe": 31}, "item": "Leftovers", "teraType": "Fire", "role": "Bulky Attacker", "bvs": {"hp": 140, "atk": 85, "def": 95, "spa": 145, "spd": 95, "spe": 130}, "stats": {"hp": 308, "atk": 122, "def": 171, "spa": 240, "spd": 171, "spe": 220}, "types": ["Poison", "Dragon"]}, "Munkidori": {"name": "Munkidori", "species": "Munkidori", "speciesId": "munkidori", "gender": "M", "shiny": false, "level": 79, "moves": ["sludgewave", "fakeout", "psychicnoise", "uturn"], "ability": "Toxic Chain", "evs": {"hp": 85, "atk": 85, "def": 85, "spa": 85, "spd": 85, "spe": 85}, "ivs": {"hp": 31, "atk": 31, "def": 31, "spa": 31, "spd": 31, "spe": 31}, "item": "Assault Vest", "teraType": "Dark", "role": "AV Pivot", "bvs": {"hp": 88, "atk": 75, "def": 66, "spa": 130, "spd": 90, "spe": 106}, "stats": {"hp": 269, "atk": 164, "def": 150, "spa": 251, "spd": 188, "spe": 213}, "types": ["Poison", "Psychic"]}, "Morpeko": {"name": "Morpeko", "species": "Morpeko", "speciesId": "morpeko", "gender": "F", "shiny": false, "level": 88, "moves": ["protect", "rapidspin", "aurawheel", "knockoff"], "ability": "Hunger Switch", "evs": {"hp": 85, "atk": 85, "def": 85, "spa": 85, "spd": 85, "spe": 85}, "ivs": {"hp": 31, "atk": 31, "def": 31, "spa": 31, "spd": 31, "spe": 31}, "item": "Leftovers", "teraType": "Electric", "role": "Bulky Attacker", "bvs": {"hp": 58, "atk": 95, "def": 58, "spa": 70, "spd": 58, "spe": 97}, "stats": {"hp": 245, "atk": 217, "def": 152, "spa": 173, "spd": 152, "spe": 221}, "types": ["Electric", "Dark"]}, "Primarina": {"name": "Primarina", "species": "Primarina", "speciesId": "primarina", "gender": "M", "shiny": false, "level": 83, "moves": ["calmmind", "sparklingaria", "psychic", "drainingkiss"], "ability": "Torrent", "evs": {"hp": 85, "atk": 0, "def": 85, "spa": 85, "spd": 85, "spe": 85}, "ivs": {"hp": 31, "atk": 0, "def": 31, "spa": 31, "spd": 31, "spe": 31}, "item": "Leftovers", "teraType": "Fairy", "role": "Bulky Attacker", "bvs": {"hp": 80, "atk": 74, "def": 74, "spa": 126, "spd": 116, "spe": 60}, "stats": {"hp": 268, "atk": 127, "def": 171, "spa": 257, "spd": 240, "spe": 147}, "types": ["Water", "Fairy"]}, "Articuno": {"name": "Articuno", "species": "Articuno", "speciesId": "articuno", "gender": "N", "shiny": false, "level": 86, "moves": ["uturn", "roost", "bravebird", "freezedry"], "ability": "Pressure", "evs": {"hp": 85, "atk": 85, "def": 85, "spa": 85, "spd": 85, "spe": 85}, "ivs": {"hp": 31, "atk": 31, "def": 31, "spa": 31, "spd": 31, "spe": 31}, "item": "Heavy-Duty Boots", "teraType": "Ground", "role": "Bulky Support", "bvs": {"hp": 90, "atk": 85, "def": 100, "spa": 95, "spd": 125, "spe": 85}, "stats": {"hp": 295, "atk": 195, "def": 221, "spa": 213, "spd": 264, "spe": 195}, "types": ["Ice", "Flying"]}}]}