{"id": "gen9randombattle-2641750629", "format": "[Gen 9] Random Battle", "players": ["buzbee2000", "jonuz"], "log": "|j|\u203dbuzbee2000\n|j|\u2606jonuz\n|t:|1782837517\n|gametype|singles\n|player|p1|buzbee2000|266|1998\n|player|p2|jonuz|170|2036\n|gen|9\n|tier|[Gen 9] Random Battle\n|rated|\n|rule|Species Clause: Limit one of each Pok\u00e9mon\n|rule|HP Percentage Mod: HP is shown in percentages\n|rule|Sleep Clause Mod: Limit one foe put to sleep\n|rule|Illusion Level Mod: Illusion disguises the Pok\u00e9mon's true level\n|\n|t:|1782837517\n|teamsize|p1|6\n|teamsize|p2|6\n|start\n|switch|p1a: Hariyama|Hariyama, L87, F|392/392\n|switch|p2a: Klawf|Klawf, L90, M|272/272\n|turn|1\n|\n|t:|1782837531\n|switch|p2a: Florges|Florges-Blue, L85, F|271/271\n|move|p1a: Hariyama|Close Combat|p2a: Florges\n|-resisted|p2a: Florges\n|-damage|p2a: Florges|175/271\n|-unboost|p1a: Hariyama|def|1\n|-unboost|p1a: Hariyama|spd|1\n|\n|-heal|p2a: Florges|191/271|[from] item: Leftovers\n|-status|p1a: Hariyama|brn|[from] item: Flame Orb\n|upkeep\n|turn|2\n|\n|t:|1782837537\n|switch|p1a: Camerupt|Camerupt, L91, M|275/275\n|move|p2a: Florges|Moonblast|p1a: Camerupt\n|-resisted|p1a: Camerupt\n|-damage|p1a: Camerupt|216/275\n|-unboost|p1a: Camerupt|spa|1\n|\n|-heal|p2a: Florges|207/271|[from] item: Leftovers\n|-heal|p1a: Camerupt|233/275|[from] item: Leftovers\n|upkeep\n|turn|3\n|\n|t:|1782837553\n|switch|p2a: Dipplin|Dipplin, L88, F|284/284\n|move|p1a: Camerupt|Stealth Rock|p2a: Dipplin\n|-sidestart|p2: jonuz|move: Stealth Rock\n|\n|-heal|p1a: Camerupt|250/275|[from] item: Leftovers\n|upkeep\n|turn|4\n|\n|t:|1782837568\n|switch|p1a: Electivire|Electivire, L84, M|263/263\n|move|p2a: Dipplin|Giga Drain|p1a: Electivire\n|-damage|p1a: Electivire|173/263\n|\n|upkeep\n|turn|5\n|\n|t:|1782837583\n|switch|p2a: Raikou|Raikou, L81|278/278\n|-damage|p2a: Raikou|244/278|[from] Stealth Rock\n|-ability|p2a: Raikou|Pressure\n|move|p1a: Electivire|Ice Punch|p2a: Raikou\n|-damage|p2a: Raikou|149/278\n|-damage|p1a: Electivire|147/263|[from] item: Life Orb\n|\n|-heal|p2a: Raikou|166/278|[from] item: Leftovers\n|upkeep\n|turn|6\n|\n|t:|1782837588\n|move|p2a: Raikou|Scald|p1a: Electivire\n|-damage|p1a: Electivire|90/263\n|move|p1a: Electivire|Earthquake|p2a: Raikou\n|-supereffective|p2a: Raikou\n|-damage|p2a: Raikou|0 fnt\n|faint|p2a: Raikou\n|-damage|p1a: Electivire|64/263|[from] item: Life Orb\n|\n|upkeep\n|\n|t:|1782837597\n|switch|p2a: Seviper|Seviper, L93, F|287/287\n|-damage|p2a: Seviper|252/287|[from] Stealth Rock\n|turn|7\n|\n|t:|1782837604\n|switch|p1a: Camerupt|Camerupt, L91, M|250/275\n|move|p2a: Seviper|Earthquake|p1a: Camerupt\n|-supereffective|p1a: Camerupt\n|-damage|p1a: Camerupt|114/275\n|\n|-heal|p1a: Camerupt|131/275|[from] item: Leftovers\n|upkeep\n|turn|8\n|\n|t:|1782837613\n|move|p2a: Seviper|Earthquake|p1a: Camerupt\n|-supereffective|p1a: Camerupt\n|-damage|p1a: Camerupt|0 fnt\n|faint|p1a: Camerupt\n|\n|upkeep\n|\n|t:|1782837619\n|switch|p1a: Hariyama|Hariyama, L87, F|392/392 brn\n|turn|9\n|\n|t:|1782837621\n|switch|p2a: Dipplin|Dipplin, L88, F|284/284\n|-damage|p2a: Dipplin|249/284|[from] Stealth Rock\n|move|p1a: Hariyama|Facade|p2a: Dipplin\n|-damage|p2a: Dipplin|141/284\n|\n|-damage|p1a: Hariyama|368/392 brn|[from] brn\n|upkeep\n|turn|10\n|\n|t:|1782837627\n|move|p1a: Hariyama|Close Combat|p2a: Dipplin\n|-damage|p2a: Dipplin|5/284\n|-unboost|p1a: Hariyama|def|1\n|-unboost|p1a: Hariyama|spd|1\n|move|p2a: Dipplin|Recover|p2a: Dipplin\n|-heal|p2a: Dipplin|147/284\n|\n|-damage|p1a: Hariyama|344/392 brn|[from] brn\n|upkeep\n|turn|11\n|\n|t:|1782837632\n|switch|p2a: Florges|Florges-Blue, L85, F|207/271\n|-damage|p2a: Florges|174/271|[from] Stealth Rock\n|move|p1a: Hariyama|Close Combat|p2a: Florges\n|-resisted|p2a: Florges\n|-damage|p2a: Florges|30/271\n|-unboost|p1a: Hariyama|def|1\n|-unboost|p1a: Hariyama|spd|1\n|\n|-heal|p2a: Florges|46/271|[from] item: Leftovers\n|-damage|p1a: Hariyama|320/392 brn|[from] brn\n|upkeep\n|turn|12\n|\n|t:|1782837638\n|move|p1a: Hariyama|Bullet Punch|p2a: Florges\n|-supereffective|p2a: Florges\n|-damage|p2a: Florges|0 fnt\n|faint|p2a: Florges\n|\n|-damage|p1a: Hariyama|296/392 brn|[from] brn\n|upkeep\n|\n|t:|1782837644\n|switch|p2a: Seviper|Seviper, L93, F|252/287\n|-damage|p2a: Seviper|217/287|[from] Stealth Rock\n|turn|13\n|\n|t:|1782837652\n|switch|p1a: Electivire|Electivire, L84, M|64/263\n|move|p2a: Seviper|Gunk Shot|p1a: Electivire\n|-damage|p1a: Electivire|0 fnt\n|faint|p1a: Electivire\n|\n|upkeep\n|\n|t:|1782837660\n|switch|p1a: Lucario|Lucario, L84, F|255/255\n|turn|14\n|\n|t:|1782837664\n|switch|p2a: Dipplin|Dipplin, L88, F|147/284\n|-damage|p2a: Dipplin|112/284|[from] Stealth Rock\n|move|p1a: Lucario|Swords Dance|p1a: Lucario\n|-boost|p1a: Lucario|atk|2\n|\n|upkeep\n|turn|15\n|\n|t:|1782837667\n|move|p1a: Lucario|Close Combat|p2a: Dipplin\n|-damage|p2a: Dipplin|0 fnt\n|-unboost|p1a: Lucario|def|1\n|-unboost|p1a: Lucario|spd|1\n|faint|p2a: Dipplin\n|-damage|p1a: Lucario|230/255|[from] item: Life Orb\n|\n|upkeep\n|\n|t:|1782837677\n|switch|p2a: Seviper|Seviper, L93, F|217/287\n|-damage|p2a: Seviper|182/287|[from] Stealth Rock\n|turn|16\n|\n|t:|1782837691\n|-terastallize|p1a: Lucario|Normal\n|move|p1a: Lucario|Extreme Speed|p2a: Seviper\n|-damage|p2a: Seviper|0 fnt\n|faint|p2a: Seviper\n|-damage|p1a: Lucario|205/255|[from] item: Life Orb\n|\n|upkeep\n|\n|t:|1782837696\n|switch|p2a: Klawf|Klawf, L90, M|272/272\n|-damage|p2a: Klawf|238/272|[from] Stealth Rock\n|turn|17\n|\n|t:|1782837705\n|-terastallize|p2a: Klawf|Ground\n|move|p1a: Lucario|Close Combat|p2a: Klawf\n|-damage|p2a: Klawf|0 fnt\n|-unboost|p1a: Lucario|def|1\n|-unboost|p1a: Lucario|spd|1\n|faint|p2a: Klawf\n|-damage|p1a: Lucario|180/255|[from] item: Life Orb\n|\n|upkeep\n|-message|jonuz forfeited.\n|\n|win|buzbee2000\n|raw|buzbee2000's rating: 1998 &rarr; <strong>2020</strong><br />(+22 for winning)\n|raw|jonuz's rating: 2036 &rarr; <strong>2014</strong><br />(-22 for losing)\n", "inputlog": ">version f8ac14003a5f27e1bdc8d8c59608a773c1cb96e5\n>start {\"formatid\":\"gen9randombattle\",\"seed\":\"sodium,1d896163bfbec82eaf815da957d9c516\",\"rated\":\"Rated battle\"}\n>player p1 {\"name\":\"buzbee2000\",\"avatar\":\"266\",\"rating\":1998,\"seed\":\"sodium,f4620b5f7aa639e7dad86ce7283fa4b6\"}\n>player p2 {\"name\":\"jonuz\",\"avatar\":\"170\",\"rating\":2036,\"seed\":\"sodium,99c43c22e01373d99417d22471e16a6a\"}\n>p1 move closecombat\n>p2 switch 6\n>p1 switch 4\n>p2 move moonblast\n>p1 move stealthrock\n>p2 switch 2\n>p1 switch 6\n>p2 move gigadrain\n>p1 move icepunch\n>p2 switch 4\n>p1 move earthquake\n>p2 move scald\n>p2 switch 3\n>p1 switch 6\n>p2 move earthquake\n>p1 move earthquake\n>p2 move earthquake\n>p1 switch 4\n>p1 move facade\n>p2 switch 4\n>p1 move closecombat\n>p2 move recover\n>p1 move closecombat\n>p2 switch 2\n>p1 move bulletpunch\n>p2 move moonblast\n>p2 switch 4\n>p1 switch 6\n>p2 move gunkshot\n>p1 switch 5\n>p1 move swordsdance\n>p2 switch 2\n>p1 move closecombat\n>p2 move dragontail\n>p2 switch 2\n>p1 move extremespeed terastallize\n>p2 move earthquake\n>p2 switch 6\n>p1 move closecombat\n>p2 move highhorsepower terastallize\n>forcelose p2", "uploadtime": 1782837518, "views": 8, "formatid": "gen9randombattle", "rating": 2014, "private": 0, "password": null, "player_dets": [{"name": "buzbee2000", "avatar": "266", "rating": 1998, "seed": "sodium,f4620b5f7aa639e7dad86ce7283fa4b6"}, {"name": "jonuz", "avatar": "170", "rating": 2036, "seed": "sodium,99c43c22e01373d99417d22471e16a6a"}], "teams_full": [{"Hariyama": {"name": "Hariyama", "species": "Hariyama", "speciesId": "hariyama", "gender": "F", "shiny": false, "level": 87, "moves": ["facade", "knockoff", "closecombat", "bulletpunch"], "ability": "Guts", "evs": {"hp": 85, "atk": 85, "def": 85, "spa": 85, "spd": 85, "spe": 85}, "ivs": {"hp": 31, "atk": 31, "def": 31, "spa": 31, "spd": 31, "spe": 31}, "item": "Flame Orb", "teraType": "Normal", "role": "Wallbreaker", "bvs": {"hp": 144, "atk": 120, "def": 60, "spa": 40, "spd": 60, "spe": 50}, "stats": {"hp": 392, "atk": 259, "def": 154, "spa": 119, "spd": 154, "spe": 137}, "types": ["Fighting"]}, "Samurott": {"name": "Samurott", "species": "Samurott-Hisui", "speciesId": "samurotthisui", "gender": "M", "shiny": false, "level": 77, "moves": ["suckerpunch", "swordsdance", "ceaselessedge", "razorshell"], "ability": "Sharpness", "evs": {"hp": 85, "atk": 85, "def": 85, "spa": 85, "spd": 85, "spe": 85}, "ivs": {"hp": 31, "atk": 31, "def": 31, "spa": 31, "spd": 31, "spe": 31}, "item": "Life Orb", "teraType": "Poison", "role": "Fast Attacker", "bvs": {"hp": 90, "atk": 108, "def": 80, "spa": 100, "spd": 65, "spe": 85}, "stats": {"hp": 265, "atk": 211, "def": 168, "spa": 199, "spd": 145, "spe": 175}, "types": ["Water", "Dark"]}, "Crawdaunt": {"name": "Crawdaunt", "species": "Crawdaunt", "speciesId": "crawdaunt", "gender": "M", "shiny": false, "level": 84, "moves": ["crabhammer", "dragondance", "knockoff", "aquajet"], "ability": "Adaptability", "evs": {"hp": 85, "atk": 85, "def": 85, "spa": 85, "spd": 85, "spe": 85}, "ivs": {"hp": 31, "atk": 31, "def": 31, "spa": 31, "spd": 31, "spe": 31}, "item": "Life Orb", "teraType": "Water", "role": "Setup Sweeper", "bvs": {"hp": 63, "atk": 120, "def": 85, "spa": 90, "spd": 55, "spe": 55}, "stats": {"hp": 243, "atk": 250, "def": 191, "spa": 199, "spd": 141, "spe": 141}, "types": ["Water", "Dark"]}, "Camerupt": {"name": "Camerupt", "species": "Camerupt", "speciesId": "camerupt", "gender": "M", "shiny": false, "level": 91, "moves": ["overheat", "stealthrock", "willowisp", "earthquake"], "ability": "Solid Rock", "evs": {"hp": 85, "atk": 85, "def": 85, "spa": 85, "spd": 85, "spe": 85}, "ivs": {"hp": 31, "atk": 31, "def": 31, "spa": 31, "spd": 31, "spe": 31}, "item": "Leftovers", "teraType": "Grass", "role": "Bulky Support", "bvs": {"hp": 70, "atk": 100, "def": 70, "spa": 105, "spd": 75, "spe": 40}, "stats": {"hp": 275, "atk": 234, "def": 179, "spa": 243, "spd": 188, "spe": 125}, "types": ["Fire", "Ground"]}, "Lucario": {"name": "Lucario", "species": "Lucario", "speciesId": "lucario", "gender": "F", "shiny": false, "level": 84, "moves": ["closecombat", "meteormash", "extremespeed", "swordsdance"], "ability": "Justified", "evs": {"hp": 85, "atk": 85, "def": 85, "spa": 85, "spd": 85, "spe": 85}, "ivs": {"hp": 31, "atk": 31, "def": 31, "spa": 31, "spd": 31, "spe": 31}, "item": "Life Orb", "teraType": "Normal", "role": "Fast Attacker", "bvs": {"hp": 70, "atk": 110, "def": 70, "spa": 115, "spd": 70, "spe": 90}, "stats": {"hp": 255, "atk": 233, "def": 166, "spa": 241, "spd": 166, "spe": 199}, "types": ["Fighting", "Steel"]}, "Electivire": {"name": "Electivire", "species": "Electivire", "speciesId": "electivire", "gender": "M", "shiny": false, "level": 84, "moves": ["icepunch", "flamethrower", "earthquake", "supercellslam"], "ability": "Motor Drive", "evs": {"hp": 85, "atk": 85, "def": 85, "spa": 85, "spd": 85, "spe": 85}, "ivs": {"hp": 31, "atk": 31, "def": 31, "spa": 31, "spd": 31, "spe": 31}, "item": "Life Orb", "teraType": "Ice", "role": "Fast Attacker", "bvs": {"hp": 75, "atk": 123, "def": 67, "spa": 95, "spd": 85, "spe": 95}, "stats": {"hp": 263, "atk": 255, "def": 161, "spa": 208, "spd": 191, "spe": 208}, "types": ["Electric"]}}, {"Klawf": {"name": "Klawf", "species": "Klawf", "speciesId": "klawf", "gender": "M", "shiny": false, "level": 90, "moves": ["knockoff", "highhorsepower", "stealthrock", "stoneedge"], "ability": "Regenerator", "evs": {"hp": 85, "atk": 85, "def": 85, "spa": 85, "spd": 85, "spe": 85}, "ivs": {"hp": 31, "atk": 31, "def": 31, "spa": 31, "spd": 31, "spe": 31}, "item": "Life Orb", "teraType": "Ground", "role": "Fast Attacker", "bvs": {"hp": 70, "atk": 100, "def": 115, "spa": 35, "spd": 55, "spe": 75}, "stats": {"hp": 272, "atk": 231, "def": 258, "spa": 114, "spd": 150, "spe": 186}, "types": ["Rock"]}, "Dipplin": {"name": "Dipplin", "species": "Dipplin", "speciesId": "dipplin", "gender": "F", "shiny": false, "level": 88, "moves": ["gigadrain", "recover", "dragonpulse", "dragontail"], "ability": "Sticky Hold", "evs": {"hp": 85, "atk": 85, "def": 85, "spa": 85, "spd": 85, "spe": 85}, "ivs": {"hp": 31, "atk": 31, "def": 31, "spa": 31, "spd": 31, "spe": 31}, "item": "Eviolite", "teraType": "Steel", "role": "Bulky Attacker", "bvs": {"hp": 80, "atk": 80, "def": 110, "spa": 95, "spd": 80, "spe": 40}, "stats": {"hp": 284, "atk": 191, "def": 244, "spa": 217, "spd": 191, "spe": 121}, "types": ["Grass", "Dragon"]}, "Seviper": {"name": "Seviper", "species": "Seviper", "speciesId": "seviper", "gender": "F", "shiny": false, "level": 93, "moves": ["flamethrower", "switcheroo", "earthquake", "gunkshot"], "ability": "Infiltrator", "evs": {"hp": 85, "atk": 85, "def": 85, "spa": 85, "spd": 85, "spe": 85}, "ivs": {"hp": 31, "atk": 31, "def": 31, "spa": 31, "spd": 31, "spe": 31}, "item": "Choice Scarf", "teraType": "Ground", "role": "Fast Attacker", "bvs": {"hp": 73, "atk": 100, "def": 60, "spa": 100, "spd": 60, "spe": 65}, "stats": {"hp": 287, "atk": 239, "def": 164, "spa": 239, "spd": 164, "spe": 174}, "types": ["Poison"]}, "Raikou": {"name": "Raikou", "species": "Raikou", "speciesId": "raikou", "gender": "N", "shiny": false, "level": 81, "moves": ["calmmind", "substitute", "thunderbolt", "scald"], "ability": "Pressure", "evs": {"hp": 85, "atk": 0, "def": 85, "spa": 85, "spd": 85, "spe": 85}, "ivs": {"hp": 31, "atk": 0, "def": 31, "spa": 31, "spd": 31, "spe": 31}, "item": "Leftovers", "teraType": "Grass", "role": "Bulky Setup", "bvs": {"hp": 90, "atk": 85, "def": 75, "spa": 115, "spd": 100, "spe": 115}, "stats": {"hp": 278, "atk": 142, "def": 168, "spa": 233, "spd": 209, "spe": 233}, "types": ["Electric"]}, "Baxcalibur": {"name": "Baxcalibur", "species": "Baxcalibur", "speciesId": "baxcalibur", "gender": "M", "shiny": false, "level": 75, "moves": ["earthquake", "swordsdance", "iciclespear", "scaleshot"], "ability": "Thermal Exchange", "evs": {"hp": 81, "atk": 85, "def": 85, "spa": 85, "spd": 85, "spe": 85}, "ivs": {"hp": 31, "atk": 31, "def": 31, "spa": 31, "spd": 31, "spe": 31}, "item": "Loaded Dice", "teraType": "Ground", "role": "Bulky Setup", "bvs": {"hp": 115, "atk": 145, "def": 92, "spa": 75, "spd": 86, "spe": 87}, "stats": {"hp": 295, "atk": 261, "def": 182, "spa": 156, "spd": 173, "spe": 174}, "types": ["Dragon", "Ice"]}, "Florges": {"name": "Florges", "species": "Florges-Blue", "speciesId": "florges", "gender": "F", "shiny": false, "level": 85, "moves": ["synthesis", "calmmind", "terablast", "moonblast"], "ability": "Flower Veil", "evs": {"hp": 85, "atk": 0, "def": 85, "spa": 85, "spd": 85, "spe": 85}, "ivs": {"hp": 31, "atk": 0, "def": 31, "spa": 31, "spd": 31, "spe": 31}, "item": "Leftovers", "teraType": "Ground", "role": "Tera Blast user", "bvs": {"hp": 78, "atk": 65, "def": 68, "spa": 112, "spd": 154, "spe": 75}, "stats": {"hp": 271, "atk": 115, "def": 164, "spa": 239, "spd": 311, "spe": 176}, "types": ["Fairy"]}}]}