{"id": "gen9randombattle-2642051508", "format": "[Gen 9] Random Battle", "players": ["jnpr010334", "houndoom_chow"], "log": "|j|\u2606jnpr010334\n|j|\u2606houndoom_chow\n|t:|1782879805\n|gametype|singles\n|player|p1|jnpr010334|265|1567\n|player|p2|houndoom_chow|265|1574\n|gen|9\n|tier|[Gen 9] Random Battle\n|rated|\n|rule|Species Clause: Limit one of each Pok\u00e9mon\n|rule|HP Percentage Mod: HP is shown in percentages\n|rule|Sleep Clause Mod: Limit one foe put to sleep\n|rule|Illusion Level Mod: Illusion disguises the Pok\u00e9mon's true level\n|\n|t:|1782879805\n|teamsize|p1|6\n|teamsize|p2|6\n|start\n|switch|p1a: Mewtwo|Mewtwo, L72|272/272\n|switch|p2a: Houndoom|Houndoom, L87, M|272/272\n|-ability|p1a: Mewtwo|Pressure\n|turn|1\n|inactive|Battle timer is ON: inactive players will automatically lose when time's up. (requested by jnpr010334)\n|\n|t:|1782879811\n|switch|p1a: Iron Thorns|Iron Thorns, L83|302/302\n|move|p2a: Houndoom|Dark Pulse|p1a: Iron Thorns\n|-crit|p1a: Iron Thorns\n|-damage|p1a: Iron Thorns|142/302\n|\n|upkeep\n|turn|2\n|\n|t:|1782879819\n|move|p2a: Houndoom|Dark Pulse|p1a: Iron Thorns\n|-damage|p1a: Iron Thorns|39/302\n|cant|p1a: Iron Thorns|flinch\n|\n|upkeep\n|turn|3\n|\n|t:|1782879823\n|move|p2a: Houndoom|Dark Pulse|p1a: Iron Thorns\n|-damage|p1a: Iron Thorns|0 fnt\n|faint|p1a: Iron Thorns\n|-end|p1a: Iron Thorns|Quark Drive|[silent]\n|\n|upkeep\n|\n|t:|1782879825\n|switch|p1a: Miraidon|Miraidon, L65|238/238\n|-fieldstart|move: Electric Terrain|[from] ability: Hadron Engine|[of] p1a: Miraidon\n|turn|4\n|\n|t:|1782879842\n|switch|p2a: Iron Thorns|Iron Thorns, L83|302/302\n|-activate|p2a: Iron Thorns|ability: Quark Drive\n|-start|p2a: Iron Thorns|quarkdriveatk\n|move|p1a: Miraidon|Electro Drift|p2a: Iron Thorns\n|-resisted|p2a: Iron Thorns\n|-damage|p2a: Iron Thorns|192/302\n|\n|upkeep\n|turn|5\n|\n|t:|1782879850\n|switch|p1a: Gliscor|Gliscor, L76, M|239/239\n|move|p2a: Iron Thorns|Stone Edge|p1a: Gliscor\n|-damage|p1a: Gliscor|95/239\n|\n|-status|p1a: Gliscor|tox|[from] item: Toxic Orb\n|upkeep\n|turn|6\n|inactive|houndoom_chow has 120 seconds left.\n|\n|t:|1782879889\n|move|p1a: Gliscor|Earthquake|p2a: Iron Thorns\n|-supereffective|p2a: Iron Thorns\n|-damage|p2a: Iron Thorns|0 fnt\n|faint|p2a: Iron Thorns\n|-end|p2a: Iron Thorns|Quark Drive|[silent]\n|\n|-heal|p1a: Gliscor|124/239 tox|[from] ability: Poison Heal\n|upkeep\n|\n|t:|1782879919\n|switch|p2a: Houndoom|Houndoom, L87, M|272/272\n|turn|7\n|\n|t:|1782879927\n|move|p1a: Gliscor|Protect|p1a: Gliscor\n|-singleturn|p1a: Gliscor|Protect\n|move|p2a: Houndoom|Nasty Plot|p2a: Houndoom\n|-boost|p2a: Houndoom|spa|2\n|\n|-heal|p1a: Gliscor|153/239 tox|[from] ability: Poison Heal\n|upkeep\n|turn|8\n|\n|t:|1782879933\n|move|p2a: Houndoom|Dark Pulse|p1a: Gliscor\n|-damage|p1a: Gliscor|0 fnt\n|faint|p1a: Gliscor\n|\n|-fieldend|move: Electric Terrain\n|upkeep\n|\n|t:|1782879934\n|switch|p1a: Miraidon|Miraidon, L65|238/238\n|-fieldstart|move: Electric Terrain|[from] ability: Hadron Engine|[of] p1a: Miraidon\n|turn|9\n|\n|t:|1782879940\n|move|p2a: Houndoom|Dark Pulse|p1a: Miraidon\n|-damage|p1a: Miraidon|40/238\n|move|p1a: Miraidon|Electro Drift|p2a: Houndoom\n|-damage|p2a: Houndoom|23/272\n|\n|upkeep\n|turn|10\n|inactive|houndoom_chow has 120 seconds left.\n|\n|t:|1782879946\n|move|p2a: Houndoom|Dark Pulse|p1a: Miraidon\n|-damage|p1a: Miraidon|0 fnt\n|faint|p1a: Miraidon\n|\n|upkeep\n|\n|t:|1782879948\n|switch|p1a: Yanmega|Yanmega, L82, F|275/275\n|turn|11\n|\n|t:|1782879952\n|move|p2a: Houndoom|Fire Blast|p1a: Yanmega\n|-supereffective|p1a: Yanmega\n|-damage|p1a: Yanmega|0 fnt\n|faint|p1a: Yanmega\n|\n|upkeep\n|\n|t:|1782879955\n|switch|p1a: Mewtwo|Mewtwo, L72|272/272\n|-ability|p1a: Mewtwo|Pressure\n|turn|12\n|\n|t:|1782879960\n|move|p2a: Houndoom|Sucker Punch|p1a: Mewtwo\n|-supereffective|p1a: Mewtwo\n|-damage|p1a: Mewtwo|104/272\n|move|p1a: Mewtwo|Aura Sphere|p2a: Houndoom\n|-supereffective|p2a: Houndoom\n|-damage|p2a: Houndoom|0 fnt\n|faint|p2a: Houndoom\n|-damage|p1a: Mewtwo|77/272|[from] item: Life Orb\n|\n|upkeep\n|\n|t:|1782879967\n|switch|p2a: Zebstrika|Zebstrika, L87, F|272/272\n|turn|13\n|\n|t:|1782879970\n|move|p2a: Zebstrika|Volt Switch|p1a: Mewtwo\n|-damage|p1a: Mewtwo|0 fnt\n|faint|p1a: Mewtwo\n|-damage|p2a: Zebstrika|245/272|[from] item: Life Orb\n|\n|t:|1782879973\n|switch|p2a: Scovillain|Scovillain, L91, F|266/266|[from] Volt Switch\n|\n|-fieldend|move: Electric Terrain\n|upkeep\n|\n|t:|1782879975\n|switch|p1a: Chimecho|Chimecho, L93, F|290/290\n|turn|14\n|\n|t:|1782879986\n|-terastallize|p1a: Chimecho|Poison\n|move|p2a: Scovillain|Flamethrower|p1a: Chimecho\n|-damage|p1a: Chimecho|130/290\n|move|p1a: Chimecho|Calm Mind|p1a: Chimecho\n|-boost|p1a: Chimecho|spa|1\n|-boost|p1a: Chimecho|spd|1\n|\n|-heal|p1a: Chimecho|148/290|[from] item: Leftovers\n|upkeep\n|turn|15\n|\n|t:|1782879992\n|-terastallize|p2a: Scovillain|Fire\n|move|p2a: Scovillain|Flamethrower|p1a: Chimecho\n|-damage|p1a: Chimecho|14/290\n|move|p1a: Chimecho|Recover|p1a: Chimecho\n|-heal|p1a: Chimecho|159/290\n|\n|-heal|p1a: Chimecho|177/290|[from] item: Leftovers\n|upkeep\n|turn|16\n|\n|t:|1782879997\n|move|p2a: Scovillain|Flamethrower|p1a: Chimecho\n|-crit|p1a: Chimecho\n|-damage|p1a: Chimecho|0 fnt\n|faint|p1a: Chimecho\n|\n|win|houndoom_chow\n|raw|jnpr010334's rating: 1501 &rarr; <strong>1485</strong><br />(-16 for losing)\n|raw|houndoom_chow's rating: 1574 &rarr; <strong>1590</strong><br />(+16 for winning)\n|c|\u2606houndoom_chow|maybe you just need to click faster\n", "inputlog": ">version f8ac14003a5f27e1bdc8d8c59608a773c1cb96e5\n>start {\"formatid\":\"gen9randombattle\",\"seed\":\"sodium,82e893fdaeb50b04fdc553acfdd61cb1\",\"rated\":\"Rated battle\"}\n>player p1 {\"name\":\"jnpr010334\",\"avatar\":\"265\",\"rating\":1567,\"seed\":\"sodium,103cec058425266e0f1b17e1271ff7cc\"}\n>player p2 {\"name\":\"houndoom_chow\",\"avatar\":\"265\",\"rating\":1574,\"seed\":\"sodium,8ab616d1353c7f723fddcbf417562243\"}\n>p1 switch 2\n>p2 move darkpulse\n>p1 move stoneedge\n>p2 move darkpulse\n>p1 move stoneedge\n>p2 move darkpulse\n>p1 switch 4\n>p1 move electrodrift\n>p2 switch 5\n>p1 switch 6\n>p2 move stoneedge\n>p1 move earthquake\n>p2 move stoneedge\n>p2 switch 5\n>p1 move protect\n>p2 move nastyplot\n>p1 move earthquake\n>p2 move darkpulse\n>p1 switch 6\n>p1 move electrodrift\n>p2 move darkpulse\n>p1 move electrodrift\n>p2 move darkpulse\n>p1 switch 5\n>p1 move uturn\n>p2 move fireblast\n>p1 switch 2\n>p1 move aurasphere\n>p2 move suckerpunch\n>p2 switch 4\n>p1 move psystrike\n>p2 move voltswitch\n>p2 switch 2\n>p1 switch 3\n>p1 move calmmind terastallize\n>p2 move flamethrower\n>p1 move recover\n>p2 move flamethrower terastallize\n>p1 move recover\n>p2 move flamethrower", "uploadtime": 1782880004, "views": 2, "formatid": "gen9randombattle", "rating": 1485, "private": 0, "password": null, "player_dets": [{"name": "jnpr010334", "avatar": "265", "rating": 1567, "seed": "sodium,103cec058425266e0f1b17e1271ff7cc"}, {"name": "houndoom_chow", "avatar": "265", "rating": 1574, "seed": "sodium,8ab616d1353c7f723fddcbf417562243"}], "teams_full": [{"Mewtwo": {"name": "Mewtwo", "species": "Mewtwo", "speciesId": "mewtwo", "gender": "N", "shiny": false, "level": 72, "moves": ["fireblast", "psystrike", "aurasphere", "nastyplot"], "ability": "Pressure", "evs": {"hp": 85, "atk": 0, "def": 85, "spa": 85, "spd": 85, "spe": 85}, "ivs": {"hp": 31, "atk": 0, "def": 31, "spa": 31, "spd": 31, "spe": 31}, "item": "Life Orb", "teraType": "Fire", "role": "Setup Sweeper", "bvs": {"hp": 106, "atk": 110, "def": 90, "spa": 154, "spd": 90, "spe": 130}, "stats": {"hp": 272, "atk": 163, "def": 172, "spa": 264, "spd": 172, "spe": 229}, "types": ["Psychic"]}, "Iron Thorns": {"name": "Iron Thorns", "species": "Iron Thorns", "speciesId": "ironthorns", "gender": "N", "shiny": false, "level": 83, "moves": ["stoneedge", "wildcharge", "icepunch", "earthquake"], "ability": "Quark Drive", "evs": {"hp": 85, "atk": 85, "def": 85, "spa": 85, "spd": 85, "spe": 85}, "ivs": {"hp": 31, "atk": 31, "def": 31, "spa": 31, "spd": 31, "spe": 31}, "item": "Choice Band", "teraType": "Water", "role": "Fast Support", "bvs": {"hp": 100, "atk": 134, "def": 110, "spa": 70, "spd": 84, "spe": 72}, "stats": {"hp": 302, "atk": 270, "def": 230, "spa": 164, "spd": 187, "spe": 167}, "types": ["Rock", "Electric"]}, "Chimecho": {"name": "Chimecho", "species": "Chimecho", "speciesId": "chimecho", "gender": "F", "shiny": false, "level": 93, "moves": ["psyshock", "recover", "calmmind", "dazzlinggleam"], "ability": "Levitate", "evs": {"hp": 85, "atk": 0, "def": 85, "spa": 85, "spd": 85, "spe": 85}, "ivs": {"hp": 31, "atk": 0, "def": 31, "spa": 31, "spd": 31, "spe": 31}, "item": "Leftovers", "teraType": "Poison", "role": "Bulky Setup", "bvs": {"hp": 75, "atk": 50, "def": 80, "spa": 95, "spd": 90, "spe": 65}, "stats": {"hp": 290, "atk": 98, "def": 202, "spa": 230, "spd": 220, "spe": 174}, "types": ["Psychic"]}, "Miraidon": {"name": "Miraidon", "species": "Miraidon", "speciesId": "miraidon", "gender": "N", "shiny": false, "level": 65, "moves": ["overheat", "electrodrift", "dracometeor", "voltswitch"], "ability": "Hadron Engine", "evs": {"hp": 85, "atk": 0, "def": 85, "spa": 85, "spd": 85, "spe": 85}, "ivs": {"hp": 31, "atk": 0, "def": 31, "spa": 31, "spd": 31, "spe": 31}, "item": "Choice Specs", "teraType": "Electric", "role": "Fast Attacker", "bvs": {"hp": 100, "atk": 85, "def": 100, "spa": 135, "spd": 115, "spe": 135}, "stats": {"hp": 238, "atk": 115, "def": 168, "spa": 214, "spd": 188, "spe": 214}, "types": ["Electric", "Dragon"]}, "Yanmega": {"name": "Yanmega", "species": "Yanmega", "speciesId": "yanmega", "gender": "F", "shiny": false, "level": 82, "moves": ["airslash", "bugbuzz", "gigadrain", "uturn"], "ability": "Tinted Lens", "evs": {"hp": 85, "atk": 85, "def": 85, "spa": 85, "spd": 85, "spe": 85}, "ivs": {"hp": 31, "atk": 31, "def": 31, "spa": 31, "spd": 31, "spe": 31}, "item": "Choice Specs", "teraType": "Bug", "role": "Wallbreaker", "bvs": {"hp": 86, "atk": 76, "def": 86, "spa": 116, "spd": 56, "spe": 95}, "stats": {"hp": 275, "atk": 172, "def": 188, "spa": 237, "spd": 139, "spe": 203}, "types": ["Bug", "Flying"]}, "Gliscor": {"name": "Gliscor", "species": "Gliscor", "speciesId": "gliscor", "gender": "M", "shiny": false, "level": 76, "moves": ["earthquake", "protect", "toxic", "substitute"], "ability": "Poison Heal", "evs": {"hp": 85, "atk": 85, "def": 85, "spa": 85, "spd": 85, "spe": 85}, "ivs": {"hp": 31, "atk": 31, "def": 31, "spa": 31, "spd": 31, "spe": 31}, "item": "Toxic Orb", "teraType": "Water", "role": "Fast Support", "bvs": {"hp": 75, "atk": 95, "def": 125, "spa": 45, "spd": 75, "spe": 95}, "stats": {"hp": 239, "atk": 188, "def": 234, "spa": 112, "spd": 158, "spe": 188}, "types": ["Ground", "Flying"]}}, {"Houndoom": {"name": "Houndoom", "species": "Houndoom", "speciesId": "houndoom", "gender": "M", "shiny": false, "level": 87, "moves": ["fireblast", "nastyplot", "suckerpunch", "darkpulse"], "ability": "Flash Fire", "evs": {"hp": 85, "atk": 85, "def": 85, "spa": 85, "spd": 85, "spe": 85}, "ivs": {"hp": 31, "atk": 31, "def": 31, "spa": 31, "spd": 31, "spe": 31}, "item": "Heavy-Duty Boots", "teraType": "Fire", "role": "Fast Attacker", "bvs": {"hp": 75, "atk": 90, "def": 50, "spa": 110, "spd": 80, "spe": 95}, "stats": {"hp": 272, "atk": 206, "def": 137, "spa": 241, "spd": 189, "spe": 215}, "types": ["Dark", "Fire"]}, "Scovillain": {"name": "Scovillain", "species": "Scovillain", "speciesId": "scovillain", "gender": "F", "shiny": false, "level": 91, "moves": ["flamethrower", "overheat", "energyball", "leafstorm"], "ability": "Chlorophyll", "evs": {"hp": 85, "atk": 0, "def": 85, "spa": 85, "spd": 85, "spe": 85}, "ivs": {"hp": 31, "atk": 0, "def": 31, "spa": 31, "spd": 31, "spe": 31}, "item": "Choice Specs", "teraType": "Fire", "role": "Fast Attacker", "bvs": {"hp": 65, "atk": 108, "def": 65, "spa": 108, "spd": 65, "spe": 75}, "stats": {"hp": 266, "atk": 201, "def": 170, "spa": 248, "spd": 170, "spe": 188}, "types": ["Grass", "Fire"]}, "Lunala": {"name": "Lunala", "species": "Lunala", "speciesId": "lunala", "gender": "N", "shiny": false, "level": 70, "moves": ["moonblast", "calmmind", "moonlight", "moongeistbeam"], "ability": "Shadow Shield", "evs": {"hp": 85, "atk": 0, "def": 85, "spa": 85, "spd": 85, "spe": 85}, "ivs": {"hp": 31, "atk": 0, "def": 31, "spa": 31, "spd": 31, "spe": 31}, "item": "Leftovers", "teraType": "Fairy", "role": "Bulky Setup", "bvs": {"hp": 137, "atk": 113, "def": 89, "spa": 137, "spd": 107, "spe": 97}, "stats": {"hp": 308, "atk": 163, "def": 166, "spa": 233, "spd": 191, "spe": 177}, "types": ["Psychic", "Ghost"]}, "Zebstrika": {"name": "Zebstrika", "species": "Zebstrika", "speciesId": "zebstrika", "gender": "F", "shiny": false, "level": 87, "moves": ["highhorsepower", "voltswitch", "supercellslam", "overheat"], "ability": "Sap Sipper", "evs": {"hp": 85, "atk": 85, "def": 85, "spa": 85, "spd": 85, "spe": 85}, "ivs": {"hp": 31, "atk": 31, "def": 31, "spa": 31, "spd": 31, "spe": 31}, "item": "Life Orb", "teraType": "Ground", "role": "Fast Attacker", "bvs": {"hp": 75, "atk": 100, "def": 63, "spa": 80, "spd": 63, "spe": 116}, "stats": {"hp": 272, "atk": 224, "def": 159, "spa": 189, "spd": 159, "spe": 252}, "types": ["Electric"]}, "Iron Thorns": {"name": "Iron Thorns", "species": "Iron Thorns", "speciesId": "ironthorns", "gender": "N", "shiny": false, "level": 83, "moves": ["stoneedge", "stealthrock", "voltswitch", "wildcharge"], "ability": "Quark Drive", "evs": {"hp": 85, "atk": 85, "def": 85, "spa": 85, "spd": 85, "spe": 85}, "ivs": {"hp": 31, "atk": 31, "def": 31, "spa": 31, "spd": 31, "spe": 31}, "item": "Heavy-Duty Boots", "teraType": "Water", "role": "Fast Support", "bvs": {"hp": 100, "atk": 134, "def": 110, "spa": 70, "spd": 84, "spe": 72}, "stats": {"hp": 302, "atk": 270, "def": 230, "spa": 164, "spd": 187, "spe": 167}, "types": ["Rock", "Electric"]}, "Drifblim": {"name": "Drifblim", "species": "Drifblim", "speciesId": "drifblim", "gender": "M", "shiny": false, "level": 86, "moves": ["shadowball", "calmmind", "airslash", "strengthsap"], "ability": "Unburden", "evs": {"hp": 73, "atk": 0, "def": 85, "spa": 85, "spd": 85, "spe": 85}, "ivs": {"hp": 31, "atk": 0, "def": 31, "spa": 31, "spd": 31, "spe": 31}, "item": "Sitrus Berry", "teraType": "Dark", "role": "Bulky Attacker", "bvs": {"hp": 150, "atk": 80, "def": 44, "spa": 90, "spd": 54, "spe": 80}, "stats": {"hp": 396, "atk": 142, "def": 125, "spa": 204, "spd": 142, "spe": 187}, "types": ["Ghost", "Flying"]}}]}