{"id": "gen9randombattle-2642043937", "format": "[Gen 9] Random Battle", "players": ["PokeTacticianDan", "jnpr010334"], "log": "|j|\u2606PokeTacticianDan\n|j|\u2606jnpr010334\n|t:|1782878373\n|gametype|singles\n|player|p1|PokeTacticianDan|roughneck|1293\n|player|p2|jnpr010334|265|1337\n|gen|9\n|tier|[Gen 9] Random Battle\n|rated|\n|rule|Species Clause: Limit one of each Pok\u00e9mon\n|rule|HP Percentage Mod: HP is shown in percentages\n|rule|Sleep Clause Mod: Limit one foe put to sleep\n|rule|Illusion Level Mod: Illusion disguises the Pok\u00e9mon's true level\n|\n|t:|1782878373\n|teamsize|p1|6\n|teamsize|p2|6\n|start\n|switch|p1a: Fezandipiti|Fezandipiti, L82, M|278/278\n|switch|p2a: Hitmontop|Hitmontop, L88, M|231/231\n|-ability|p2a: Hitmontop|Intimidate|boost\n|-unboost|p1a: Fezandipiti|atk|1\n|turn|1\n|inactive|Battle timer is ON: inactive players will automatically lose when time's up. (requested by jnpr010334)\n|inactive|PokeTacticianDan has 120 seconds left.\n|inactive|PokeTacticianDan has 90 seconds left.\n|\n|t:|1782878449\n|switch|p1a: Talonflame|Talonflame, L83, M|265/265\n|switch|p2a: Iron Thorns|Iron Thorns, L83|302/302\n|\n|upkeep\n|turn|2\n|inactive|PokeTacticianDan has 120 seconds left.\n|\n|t:|1782878498\n|switch|p1a: Zekrom|Zekrom, L71|259/259\n|-ability|p1a: Zekrom|Teravolt\n|move|p2a: Iron Thorns|Stealth Rock|p1a: Zekrom\n|-sidestart|p1: PokeTacticianDan|move: Stealth Rock\n|\n|upkeep\n|turn|3\n|\n|t:|1782878510\n|move|p1a: Zekrom|Dragon Dance|p1a: Zekrom\n|-boost|p1a: Zekrom|atk|1\n|-boost|p1a: Zekrom|spe|1\n|move|p2a: Iron Thorns|Stone Edge|p1a: Zekrom\n|-damage|p1a: Zekrom|126/259\n|\n|-heal|p1a: Zekrom|142/259|[from] item: Leftovers\n|upkeep\n|turn|4\n|inactive|PokeTacticianDan has 90 seconds left.\n|\n|t:|1782878538\n|-terastallize|p1a: Zekrom|Steel\n|move|p1a: Zekrom|Outrage|p2a: Iron Thorns\n|-damage|p2a: Iron Thorns|142/302\n|move|p2a: Iron Thorns|Stone Edge|p1a: Zekrom|[miss]\n|-miss|p2a: Iron Thorns|p1a: Zekrom\n|\n|-heal|p1a: Zekrom|158/259|[from] item: Leftovers\n|upkeep\n|turn|5\n|\n|t:|1782878545\n|move|p1a: Zekrom|Outrage|p2a: Iron Thorns|[from] lockedmove\n|-damage|p2a: Iron Thorns|0 fnt\n|faint|p2a: Iron Thorns\n|-end|p2a: Iron Thorns|Quark Drive|[silent]\n|\n|-heal|p1a: Zekrom|174/259|[from] item: Leftovers\n|upkeep\n|\n|t:|1782878547\n|switch|p2a: Hitmontop|Hitmontop, L88, M|231/231\n|-ability|p2a: Hitmontop|Intimidate|boost\n|-unboost|p1a: Zekrom|atk|1\n|turn|6\n|\n|t:|1782878556\n|move|p1a: Zekrom|Outrage|p2a: Hitmontop|[from] lockedmove\n|-damage|p2a: Hitmontop|120/231\n|-start|p1a: Zekrom|confusion|[fatigue]\n|move|p2a: Hitmontop|Close Combat|p1a: Zekrom\n|-supereffective|p1a: Zekrom\n|-damage|p1a: Zekrom|0 fnt\n|-unboost|p2a: Hitmontop|def|1\n|-unboost|p2a: Hitmontop|spd|1\n|faint|p1a: Zekrom\n|\n|upkeep\n|inactive|PokeTacticianDan has 90 seconds left.\n|\n|t:|1782878579\n|switch|p1a: Suicune|Suicune, L82|298/298\n|-damage|p1a: Suicune|261/298|[from] Stealth Rock\n|-ability|p1a: Suicune|Pressure\n|turn|7\n|inactive|PokeTacticianDan has 90 seconds left.\n|\n|t:|1782878601\n|switch|p2a: Serperior|Serperior, L79, M|248/248\n|move|p1a: Suicune|Scald|p2a: Serperior\n|-resisted|p2a: Serperior\n|-damage|p2a: Serperior|208/248\n|-status|p2a: Serperior|brn\n|\n|-heal|p1a: Suicune|279/298|[from] item: Leftovers\n|-damage|p2a: Serperior|193/248 brn|[from] brn\n|upkeep\n|turn|8\n|\n|t:|1782878610\n|move|p2a: Serperior|Glare|p1a: Suicune\n|-status|p1a: Suicune|par\n|move|p1a: Suicune|Ice Beam|p2a: Serperior\n|-supereffective|p2a: Serperior\n|-damage|p2a: Serperior|77/248 brn\n|\n|-heal|p1a: Suicune|297/298 par|[from] item: Leftovers\n|-damage|p2a: Serperior|62/248 brn|[from] brn\n|upkeep\n|turn|9\n|inactive|PokeTacticianDan has 90 seconds left.\n|\n|t:|1782878621\n|move|p2a: Serperior|Synthesis|p2a: Serperior\n|-heal|p2a: Serperior|186/248 brn\n|move|p1a: Suicune|Ice Beam|p2a: Serperior\n|-supereffective|p2a: Serperior\n|-damage|p2a: Serperior|62/248 brn\n|\n|-heal|p1a: Suicune|298/298 par|[from] item: Leftovers\n|-damage|p2a: Serperior|47/248 brn|[from] brn\n|upkeep\n|turn|10\n|inactive|PokeTacticianDan has 90 seconds left.\n|\n|t:|1782878649\n|move|p2a: Serperior|Synthesis|p2a: Serperior\n|-heal|p2a: Serperior|171/248 brn\n|move|p1a: Suicune|Ice Beam|p2a: Serperior\n|-supereffective|p2a: Serperior\n|-damage|p2a: Serperior|67/248 brn\n|\n|-damage|p2a: Serperior|52/248 brn|[from] brn\n|upkeep\n|turn|11\n|\n|t:|1782878662\n|move|p2a: Serperior|Synthesis|p2a: Serperior\n|-heal|p2a: Serperior|176/248 brn\n|move|p1a: Suicune|Substitute|p1a: Suicune\n|-start|p1a: Suicune|Substitute\n|-damage|p1a: Suicune|224/298 par\n|\n|-heal|p1a: Suicune|242/298 par|[from] item: Leftovers\n|-damage|p2a: Serperior|161/248 brn|[from] brn\n|upkeep\n|turn|12\n|\n|t:|1782878674\n|move|p2a: Serperior|Leaf Storm|p1a: Suicune\n|-supereffective|p1a: Suicune\n|-end|p1a: Suicune|Substitute\n|-boost|p2a: Serperior|spa|2\n|-damage|p2a: Serperior|137/248 brn|[from] item: Life Orb\n|cant|p1a: Suicune|par\n|\n|-heal|p1a: Suicune|260/298 par|[from] item: Leftovers\n|-damage|p2a: Serperior|122/248 brn|[from] brn\n|upkeep\n|turn|13\n|\n|t:|1782878680\n|move|p2a: Serperior|Synthesis|p2a: Serperior\n|-heal|p2a: Serperior|246/248 brn\n|cant|p1a: Suicune|par\n|\n|-heal|p1a: Suicune|278/298 par|[from] item: Leftovers\n|-damage|p2a: Serperior|231/248 brn|[from] brn\n|upkeep\n|turn|14\n|\n|t:|1782878686\n|move|p2a: Serperior|Leaf Storm|p1a: Suicune|[miss]\n|-miss|p2a: Serperior|p1a: Suicune\n|move|p1a: Suicune|Ice Beam|p2a: Serperior\n|-supereffective|p2a: Serperior\n|-damage|p2a: Serperior|113/248 brn\n|\n|-heal|p1a: Suicune|296/298 par|[from] item: Leftovers\n|-damage|p2a: Serperior|98/248 brn|[from] brn\n|upkeep\n|turn|15\n|\n|t:|1782878694\n|move|p2a: Serperior|Synthesis|p2a: Serperior\n|-heal|p2a: Serperior|222/248 brn\n|move|p1a: Suicune|Ice Beam|p2a: Serperior\n|-supereffective|p2a: Serperior\n|-damage|p2a: Serperior|116/248 brn\n|\n|-heal|p1a: Suicune|298/298 par|[from] item: Leftovers\n|-damage|p2a: Serperior|101/248 brn|[from] brn\n|upkeep\n|turn|16\n|inactive|PokeTacticianDan has 90 seconds left.\n|\n|t:|1782878706\n|move|p2a: Serperior|Synthesis|p2a: Serperior\n|-heal|p2a: Serperior|225/248 brn\n|move|p1a: Suicune|Ice Beam|p2a: Serperior\n|-supereffective|p2a: Serperior\n|-damage|p2a: Serperior|105/248 brn\n|\n|-damage|p2a: Serperior|90/248 brn|[from] brn\n|upkeep\n|turn|17\n|inactive|PokeTacticianDan has 90 seconds left.\n|\n|t:|1782878714\n|move|p2a: Serperior|Synthesis|p2a: Serperior\n|-heal|p2a: Serperior|214/248 brn\n|move|p1a: Suicune|Ice Beam|p2a: Serperior\n|-supereffective|p2a: Serperior\n|-damage|p2a: Serperior|90/248 brn\n|\n|-damage|p2a: Serperior|75/248 brn|[from] brn\n|upkeep\n|turn|18\n|\n|t:|1782878723\n|move|p2a: Serperior|Synthesis|p2a: Serperior\n|-heal|p2a: Serperior|199/248 brn\n|cant|p1a: Suicune|par\n|\n|-damage|p2a: Serperior|184/248 brn|[from] brn\n|upkeep\n|turn|19\n|\n|t:|1782878733\n|move|p2a: Serperior|Leaf Storm|p1a: Suicune\n|-supereffective|p1a: Suicune\n|-damage|p1a: Suicune|0 fnt\n|-boost|p2a: Serperior|spa|2\n|faint|p1a: Suicune\n|-damage|p2a: Serperior|160/248 brn|[from] item: Life Orb\n|\n|-damage|p2a: Serperior|145/248 brn|[from] brn\n|upkeep\n|inactive|PokeTacticianDan has 90 seconds left.\n|\n|t:|1782878748\n|switch|p1a: Talonflame|Talonflame, L83, M|265/265\n|turn|20\n|\n|t:|1782878755\n|move|p1a: Talonflame|Brave Bird|p2a: Serperior\n|-supereffective|p2a: Serperior\n|-damage|p2a: Serperior|0 fnt\n|faint|p2a: Serperior\n|-damage|p1a: Talonflame|217/265|[from] Recoil\n|\n|upkeep\n|\n|t:|1782878758\n|switch|p2a: Drednaw|Drednaw, L81, M|278/278\n|turn|21\n|inactive|PokeTacticianDan has 90 seconds left.\n|\n|t:|1782878786\n|switch|p1a: Abomasnow|Abomasnow, L84, F|287/287\n|-damage|p1a: Abomasnow|216/287|[from] Stealth Rock\n|-weather|Snowscape|[from] ability: Snow Warning|[of] p1a: Abomasnow\n|-terastallize|p2a: Drednaw|Dark\n|move|p2a: Drednaw|Shell Smash|p2a: Drednaw\n|-unboost|p2a: Drednaw|def|1\n|-unboost|p2a: Drednaw|spd|1\n|-boost|p2a: Drednaw|atk|2\n|-boost|p2a: Drednaw|spa|2\n|-boost|p2a: Drednaw|spe|2\n|-enditem|p2a: Drednaw|White Herb\n|-clearnegativeboost|p2a: Drednaw|[silent]\n|\n|-weather|Snowscape|[upkeep]\n|upkeep\n|turn|22\n|inactive|PokeTacticianDan has 90 seconds left.\n|\n|t:|1782878800\n|move|p2a: Drednaw|Stone Edge|p1a: Abomasnow\n|-supereffective|p1a: Abomasnow\n|-damage|p1a: Abomasnow|0 fnt\n|faint|p1a: Abomasnow\n|\n|-weather|Snowscape|[upkeep]\n|upkeep\n|\n|t:|1782878807\n|switch|p1a: Fezandipiti|Fezandipiti, L82, M|278/278\n|-damage|p1a: Fezandipiti|244/278|[from] Stealth Rock\n|turn|23\n|inactive|PokeTacticianDan has 90 seconds left.\n|\n|t:|1782878815\n|move|p2a: Drednaw|Liquidation|p1a: Fezandipiti\n|-damage|p1a: Fezandipiti|46/278\n|move|p1a: Fezandipiti|Swords Dance|p1a: Fezandipiti\n|-boost|p1a: Fezandipiti|atk|2\n|\n|-weather|Snowscape|[upkeep]\n|-heal|p1a: Fezandipiti|63/278|[from] item: Leftovers\n|upkeep\n|turn|24\n|inactive|PokeTacticianDan has 90 seconds left.\n|\n|t:|1782878826\n|move|p2a: Drednaw|Liquidation|p1a: Fezandipiti\n|-damage|p1a: Fezandipiti|0 fnt\n|faint|p1a: Fezandipiti\n|\n|-weather|Snowscape|[upkeep]\n|upkeep\n|\n|t:|1782878831\n|switch|p1a: Meowstic|Meowstic-F, L89, F|277/277\n|-damage|p1a: Meowstic|243/277|[from] Stealth Rock\n|turn|25\n|\n|t:|1782878835\n|move|p2a: Drednaw|Crunch|p1a: Meowstic\n|-supereffective|p1a: Meowstic\n|-damage|p1a: Meowstic|0 fnt\n|faint|p1a: Meowstic\n|\n|-weather|none\n|upkeep\n|inactive|PokeTacticianDan has 90 seconds left.\n|l|\u2606PokeTacticianDan\n|inactive|PokeTacticianDan disconnected and has a minute to reconnect!\n|player|p1|\n|inactive|PokeTacticianDan has 30 seconds to reconnect!\n|inactive|PokeTacticianDan has 20 seconds to reconnect!\n|inactive|PokeTacticianDan has 15 seconds to reconnect!\n|inactive|PokeTacticianDan has 10 seconds to reconnect!\n|inactive|PokeTacticianDan has 5 seconds to reconnect!\n|-message|PokeTacticianDan lost due to inactivity.\n|\n|win|jnpr010334\n|raw|PokeTacticianDan's rating: 1293 &rarr; <strong>1276</strong><br />(-17 for losing)\n|raw|jnpr010334's rating: 1409 &rarr; <strong>1423</strong><br />(+14 for winning)\n", "inputlog": ">version f8ac14003a5f27e1bdc8d8c59608a773c1cb96e5\n>start {\"formatid\":\"gen9randombattle\",\"seed\":\"sodium,c7addecfe56216a3094d9a6eed8552a1\",\"rated\":\"Rated battle\"}\n>player p1 {\"name\":\"PokeTacticianDan\",\"avatar\":\"roughneck\",\"rating\":1293,\"seed\":\"sodium,6084d83b15af4305a72cf5f36b6ff4cd\"}\n>player p2 {\"name\":\"jnpr010334\",\"avatar\":\"265\",\"rating\":1337,\"seed\":\"sodium,bc1dc332665b56c8178c1b78ced11541\"}\n>p1 switch 2\n>p2 switch 4\n>p1 switch 6\n>p2 move stealthrock\n>p1 move dragondance\n>p2 move stoneedge\n>p1 move outrage terastallize\n>p2 move stoneedge\n>p1 move outrage\n>p2 move wildcharge\n>p2 switch 4\n>p1 move outrage\n>p2 move closecombat\n>p1 switch 5\n>p1 move scald\n>p2 switch 6\n>p1 move icebeam\n>p2 move glare\n>p1 move icebeam\n>p2 move synthesis\n>p1 move icebeam\n>p2 move synthesis\n>p1 move substitute\n>p2 move synthesis\n>p1 move icebeam\n>p2 move leafstorm\n>p1 move icebeam\n>p2 move synthesis\n>p1 move icebeam\n>p2 move leafstorm\n>p1 move icebeam\n>p2 move synthesis\n>p1 move icebeam\n>p2 move synthesis\n>p1 move icebeam\n>p2 move synthesis\n>p1 move icebeam\n>p2 move synthesis\n>p1 move icebeam\n>p2 move leafstorm\n>p1 switch 6\n>p1 move bravebird\n>p2 move terablast\n>p2 switch 3\n>p1 switch 3\n>p2 move shellsmash terastallize\n>p1 move auroraveil\n>p2 move stoneedge\n>p1 switch 2\n>p1 move swordsdance\n>p2 move liquidation\n>p1 move playrough\n>p2 move liquidation\n>p1 switch 4\n>p1 move alluringvoice\n>p2 move crunch\n>forcelose p1", "uploadtime": 1782878917, "views": 2, "formatid": "gen9randombattle", "rating": 1276, "private": 0, "password": null, "player_dets": [{"name": "PokeTacticianDan", "avatar": "roughneck", "rating": 1293, "seed": "sodium,6084d83b15af4305a72cf5f36b6ff4cd"}, {"name": "jnpr010334", "avatar": "265", "rating": 1337, "seed": "sodium,bc1dc332665b56c8178c1b78ced11541"}], "teams_full": [{"Fezandipiti": {"name": "Fezandipiti", "species": "Fezandipiti", "speciesId": "fezandipiti", "gender": "M", "shiny": false, "level": 82, "moves": ["gunkshot", "swordsdance", "terablast", "playrough"], "ability": "Toxic Chain", "evs": {"hp": 85, "atk": 85, "def": 85, "spa": 85, "spd": 85, "spe": 85}, "ivs": {"hp": 31, "atk": 31, "def": 31, "spa": 31, "spd": 31, "spe": 31}, "item": "Leftovers", "teraType": "Ground", "role": "Tera Blast user", "bvs": {"hp": 88, "atk": 91, "def": 82, "spa": 70, "spd": 125, "spe": 99}, "stats": {"hp": 278, "atk": 196, "def": 182, "spa": 162, "spd": 252, "spe": 210}, "types": ["Poison", "Fairy"]}, "Talonflame": {"name": "Talonflame", "species": "Talonflame", "speciesId": "talonflame", "gender": "M", "shiny": false, "level": 83, "moves": ["roost", "overheat", "willowisp", "bravebird"], "ability": "Flame Body", "evs": {"hp": 85, "atk": 85, "def": 85, "spa": 85, "spd": 85, "spe": 85}, "ivs": {"hp": 31, "atk": 31, "def": 31, "spa": 31, "spd": 31, "spe": 31}, "item": "Heavy-Duty Boots", "teraType": "Ground", "role": "Bulky Attacker", "bvs": {"hp": 78, "atk": 81, "def": 71, "spa": 74, "spd": 69, "spe": 126}, "stats": {"hp": 265, "atk": 182, "def": 166, "spa": 171, "spd": 162, "spe": 257}, "types": ["Fire", "Flying"]}, "Abomasnow": {"name": "Abomasnow", "species": "Abomasnow", "speciesId": "abomasnow", "gender": "F", "shiny": false, "level": 84, "moves": ["auroraveil", "earthquake", "iceshard", "blizzard"], "ability": "Snow Warning", "evs": {"hp": 77, "atk": 85, "def": 85, "spa": 85, "spd": 85, "spe": 85}, "ivs": {"hp": 31, "atk": 31, "def": 31, "spa": 31, "spd": 31, "spe": 31}, "item": "Light Clay", "teraType": "Water", "role": "Bulky Support", "bvs": {"hp": 90, "atk": 92, "def": 75, "spa": 92, "spd": 85, "spe": 60}, "stats": {"hp": 287, "atk": 203, "def": 174, "spa": 203, "spd": 191, "spe": 149}, "types": ["Grass", "Ice"]}, "Meowstic": {"name": "Meowstic", "species": "Meowstic-F", "speciesId": "meowsticf", "gender": "F", "shiny": false, "level": 89, "moves": ["thunderbolt", "alluringvoice", "nastyplot", "psychic"], "ability": "Competitive", "evs": {"hp": 85, "atk": 0, "def": 85, "spa": 85, "spd": 85, "spe": 85}, "ivs": {"hp": 31, "atk": 0, "def": 31, "spa": 31, "spd": 31, "spe": 31}, "item": "Life Orb", "teraType": "Fairy", "role": "Setup Sweeper", "bvs": {"hp": 74, "atk": 48, "def": 76, "spa": 83, "spd": 81, "spe": 104}, "stats": {"hp": 277, "atk": 90, "def": 186, "spa": 199, "spd": 195, "spe": 236}, "types": ["Psychic"]}, "Suicune": {"name": "Suicune", "species": "Suicune", "speciesId": "suicune", "gender": "N", "shiny": false, "level": 82, "moves": ["icebeam", "substitute", "calmmind", "scald"], "ability": "Pressure", "evs": {"hp": 85, "atk": 0, "def": 85, "spa": 85, "spd": 85, "spe": 85}, "ivs": {"hp": 31, "atk": 0, "def": 31, "spa": 31, "spd": 31, "spe": 31}, "item": "Leftovers", "teraType": "Steel", "role": "Bulky Setup", "bvs": {"hp": 100, "atk": 75, "def": 115, "spa": 90, "spd": 115, "spe": 85}, "stats": {"hp": 298, "atk": 127, "def": 236, "spa": 195, "spd": 236, "spe": 187}, "types": ["Water"]}, "Zekrom": {"name": "Zekrom", "species": "Zekrom", "speciesId": "zekrom", "gender": "N", "shiny": false, "level": 71, "moves": ["boltstrike", "outrage", "dragondance", "substitute"], "ability": "Teravolt", "evs": {"hp": 85, "atk": 85, "def": 85, "spa": 85, "spd": 85, "spe": 85}, "ivs": {"hp": 31, "atk": 31, "def": 31, "spa": 31, "spd": 31, "spe": 31}, "item": "Leftovers", "teraType": "Steel", "role": "Setup Sweeper", "bvs": {"hp": 100, "atk": 150, "def": 120, "spa": 120, "spd": 100, "spe": 90}, "stats": {"hp": 259, "atk": 254, "def": 212, "spa": 212, "spd": 183, "spe": 169}, "types": ["Dragon", "Electric"]}}, {"Hitmontop": {"name": "Hitmontop", "species": "Hitmontop", "speciesId": "hitmontop", "gender": "M", "shiny": false, "level": 88, "moves": ["suckerpunch", "stoneedge", "rapidspin", "closecombat"], "ability": "Intimidate", "evs": {"hp": 85, "atk": 85, "def": 85, "spa": 85, "spd": 85, "spe": 85}, "ivs": {"hp": 31, "atk": 31, "def": 31, "spa": 31, "spd": 31, "spe": 31}, "item": "Assault Vest", "teraType": "Steel", "role": "Bulky Support", "bvs": {"hp": 50, "atk": 95, "def": 95, "spa": 35, "spd": 110, "spe": 70}, "stats": {"hp": 231, "atk": 217, "def": 217, "spa": 112, "spd": 244, "spe": 173}, "types": ["Fighting"]}, "Gengar": {"name": "Gengar", "species": "Gengar", "speciesId": "gengar", "gender": "M", "shiny": false, "level": 81, "moves": ["nastyplot", "focusblast", "shadowball", "sludgewave"], "ability": "Cursed Body", "evs": {"hp": 85, "atk": 0, "def": 85, "spa": 85, "spd": 85, "spe": 85}, "ivs": {"hp": 31, "atk": 0, "def": 31, "spa": 31, "spd": 31, "spe": 31}, "item": "Life Orb", "teraType": "Ghost", "role": "Wallbreaker", "bvs": {"hp": 60, "atk": 65, "def": 60, "spa": 130, "spd": 75, "spe": 110}, "stats": {"hp": 230, "atk": 110, "def": 144, "spa": 257, "spd": 168, "spe": 225}, "types": ["Ghost", "Poison"]}, "Drednaw": {"name": "Drednaw", "species": "Drednaw", "speciesId": "drednaw", "gender": "M", "shiny": false, "level": 81, "moves": ["stoneedge", "liquidation", "shellsmash", "crunch"], "ability": "Strong Jaw", "evs": {"hp": 85, "atk": 85, "def": 85, "spa": 85, "spd": 85, "spe": 85}, "ivs": {"hp": 31, "atk": 31, "def": 31, "spa": 31, "spd": 31, "spe": 31}, "item": "White Herb", "teraType": "Dark", "role": "Setup Sweeper", "bvs": {"hp": 90, "atk": 115, "def": 90, "spa": 48, "spd": 68, "spe": 74}, "stats": {"hp": 278, "atk": 233, "def": 192, "spa": 124, "spd": 157, "spe": 167}, "types": ["Water", "Rock"]}, "Iron Thorns": {"name": "Iron Thorns", "species": "Iron Thorns", "speciesId": "ironthorns", "gender": "N", "shiny": false, "level": 83, "moves": ["wildcharge", "voltswitch", "stealthrock", "stoneedge"], "ability": "Quark Drive", "evs": {"hp": 85, "atk": 85, "def": 85, "spa": 85, "spd": 85, "spe": 85}, "ivs": {"hp": 31, "atk": 31, "def": 31, "spa": 31, "spd": 31, "spe": 31}, "item": "Heavy-Duty Boots", "teraType": "Water", "role": "Fast Support", "bvs": {"hp": 100, "atk": 134, "def": 110, "spa": 70, "spd": 84, "spe": 72}, "stats": {"hp": 302, "atk": 270, "def": 230, "spa": 164, "spd": 187, "spe": 167}, "types": ["Rock", "Electric"]}, "Latias": {"name": "Latias", "species": "Latias", "speciesId": "latias", "gender": "F", "shiny": false, "level": 79, "moves": ["dracometeor", "psyshock", "calmmind", "recover"], "ability": "Levitate", "evs": {"hp": 85, "atk": 0, "def": 85, "spa": 85, "spd": 85, "spe": 85}, "ivs": {"hp": 31, "atk": 0, "def": 31, "spa": 31, "spd": 31, "spe": 31}, "item": "Soul Dew", "teraType": "Steel", "role": "Fast Bulky Setup", "bvs": {"hp": 80, "atk": 80, "def": 90, "spa": 110, "spd": 130, "spe": 110}, "stats": {"hp": 256, "atk": 131, "def": 188, "spa": 219, "spd": 251, "spe": 219}, "types": ["Dragon", "Psychic"]}, "Serperior": {"name": "Serperior", "species": "Serperior", "speciesId": "serperior", "gender": "M", "shiny": false, "level": 79, "moves": ["synthesis", "leafstorm", "terablast", "glare"], "ability": "Contrary", "evs": {"hp": 85, "atk": 85, "def": 85, "spa": 85, "spd": 85, "spe": 85}, "ivs": {"hp": 31, "atk": 31, "def": 31, "spa": 31, "spd": 31, "spe": 31}, "item": "Life Orb", "teraType": "Fire", "role": "Tera Blast user", "bvs": {"hp": 75, "atk": 75, "def": 95, "spa": 75, "spd": 95, "spe": 113}, "stats": {"hp": 248, "atk": 164, "def": 196, "spa": 164, "spd": 196, "spe": 224}, "types": ["Grass"]}}]}