{"id": "gen9randombattle-2642162702", "format": "[Gen 9] Random Battle", "players": ["under the bed fred", "leavemynameblank"], "log": "|j|\u2606under the bed fred\n|j|\u2606leavemynameblank\n|t:|1782903228\n|gametype|singles\n|player|p1|under the bed fred|crasherwake|1178\n|player|p2|leavemynameblank|102|1228\n|gen|9\n|tier|[Gen 9] Random Battle\n|rated|\n|rule|Species Clause: Limit one of each Pok\u00e9mon\n|rule|HP Percentage Mod: HP is shown in percentages\n|rule|Sleep Clause Mod: Limit one foe put to sleep\n|rule|Illusion Level Mod: Illusion disguises the Pok\u00e9mon's true level\n|\n|t:|1782903228\n|teamsize|p1|6\n|teamsize|p2|6\n|start\n|switch|p1a: Froslass|Froslass, L87, F|263/263\n|switch|p2a: Cryogonal|Cryogonal, L89|287/287\n|turn|1\n|\n|t:|1782903247\n|switch|p1a: Komala|Komala, L88, F|258/258\n|-ability|p1a: Komala|Comatose\n|move|p2a: Cryogonal|Flash Cannon|p1a: Komala\n|-damage|p1a: Komala|219/258\n|\n|upkeep\n|turn|2\n|\n|t:|1782903257\n|move|p2a: Cryogonal|Rapid Spin|p1a: Komala\n|-damage|p1a: Komala|188/258\n|-boost|p2a: Cryogonal|spe|1\n|move|p1a: Komala|Body Slam|p2a: Cryogonal\n|-damage|p2a: Cryogonal|122/287\n|\n|upkeep\n|turn|3\n|\n|t:|1782903266\n|move|p2a: Cryogonal|Freeze-Dry|p1a: Komala\n|-damage|p1a: Komala|136/258\n|move|p1a: Komala|Body Slam|p2a: Cryogonal\n|-damage|p2a: Cryogonal|0 fnt\n|faint|p2a: Cryogonal\n|\n|upkeep\n|\n|t:|1782903296\n|switch|p2a: Tropius|Tropius, L91, M|328/328\n|turn|4\n|\n|t:|1782903306\n|move|p1a: Komala|Knock Off|p2a: Tropius\n|-damage|p2a: Tropius|242/328\n|-enditem|p2a: Tropius|Sitrus Berry|[from] move: Knock Off|[of] p1a: Komala\n|move|p2a: Tropius|Dual Wingbeat|p1a: Komala\n|-damage|p1a: Komala|93/258\n|-damage|p1a: Komala|42/258\n|-hitcount|p1a: Komala|2\n|\n|upkeep\n|turn|5\n|\n|t:|1782903319\n|move|p1a: Komala|Body Slam|p2a: Tropius\n|-damage|p2a: Tropius|134/328\n|move|p2a: Tropius|Dragon Dance|p2a: Tropius\n|-boost|p2a: Tropius|atk|1\n|-boost|p2a: Tropius|spe|1\n|\n|upkeep\n|turn|6\n|\n|t:|1782903328\n|move|p2a: Tropius|Dual Wingbeat|p1a: Komala\n|-damage|p1a: Komala|0 fnt\n|faint|p1a: Komala\n|-hitcount|p1: Komala|1\n|\n|upkeep\n|\n|t:|1782903335\n|switch|p1a: Froslass|Froslass, L87, F|263/263\n|turn|7\n|\n|t:|1782903341\n|move|p1a: Froslass|Triple Axel|p2a: Tropius\n|-supereffective|p2a: Tropius\n|-damage|p2a: Tropius|50/328\n|-supereffective|p2a: Tropius\n|-damage|p2a: Tropius|0 fnt\n|faint|p2a: Tropius\n|-hitcount|p2: Tropius|2\n|\n|upkeep\n|\n|t:|1782903356\n|switch|p2a: Rotom|Rotom, L88|231/231\n|turn|8\n|\n|t:|1782903364\n|move|p1a: Froslass|Poltergeist|p2a: Rotom\n|-activate|p2a: Rotom|move: Poltergeist|Life Orb\n|-supereffective|p2a: Rotom\n|-damage|p2a: Rotom|0 fnt\n|faint|p2a: Rotom\n|\n|upkeep\n|\n|t:|1782903373\n|switch|p2a: Barraskewda|Barraskewda, L81, F|231/231\n|turn|9\n|\n|t:|1782903378\n|move|p2a: Barraskewda|Throat Chop|p1a: Froslass\n|-supereffective|p1a: Froslass\n|-damage|p1a: Froslass|27/263\n|-start|p1a: Froslass|Throat Chop|[silent]\n|move|p1a: Froslass|Will-O-Wisp|p2a: Barraskewda\n|-status|p2a: Barraskewda|brn\n|\n|-damage|p2a: Barraskewda|217/231 brn|[from] brn\n|upkeep\n|turn|10\n|\n|t:|1782903389\n|move|p2a: Barraskewda|Throat Chop|p1a: Froslass\n|-supereffective|p1a: Froslass\n|-damage|p1a: Froslass|0 fnt\n|faint|p1a: Froslass\n|\n|-damage|p2a: Barraskewda|203/231 brn|[from] brn\n|upkeep\n|\n|t:|1782903394\n|switch|p1a: Oricorio|Oricorio-Pom-Pom, L82, M|257/257\n|turn|11\n|\n|t:|1782903405\n|move|p2a: Barraskewda|Throat Chop|p1a: Oricorio\n|-damage|p1a: Oricorio|204/257\n|-start|p1a: Oricorio|Throat Chop|[silent]\n|move|p1a: Oricorio|Revelation Dance|p2a: Barraskewda\n|-supereffective|p2a: Barraskewda\n|-damage|p2a: Barraskewda|0 fnt\n|faint|p2a: Barraskewda\n|\n|upkeep\n|\n|t:|1782903420\n|switch|p2a: Gholdengo|Gholdengo, L77|261/261\n|turn|12\n|\n|t:|1782903429\n|move|p2a: Gholdengo|Shadow Ball|p1a: Oricorio\n|-damage|p1a: Oricorio|90/257\n|-unboost|p1a: Oricorio|spd|1\n|move|p1a: Oricorio|Hurricane|p2a: Gholdengo|[miss]\n|-miss|p1a: Oricorio|p2a: Gholdengo\n|\n|-end|p1a: Oricorio|Throat Chop|[silent]\n|upkeep\n|turn|13\n|\n|t:|1782903437\n|move|p2a: Gholdengo|Shadow Ball|p1a: Oricorio\n|-damage|p1a: Oricorio|0 fnt\n|faint|p1a: Oricorio\n|\n|upkeep\n|\n|t:|1782903457\n|switch|p1a: Necrozma|Necrozma, L80|286/286\n|turn|14\n|\n|t:|1782903460\n|move|p2a: Gholdengo|Shadow Ball|p1a: Necrozma\n|-supereffective|p1a: Necrozma\n|-damage|p1a: Necrozma|147/286\n|-unboost|p1a: Necrozma|spd|1\n|move|p1a: Necrozma|Calm Mind|p1a: Necrozma\n|-boost|p1a: Necrozma|spa|1\n|-boost|p1a: Necrozma|spd|1\n|\n|-heal|p1a: Necrozma|164/286|[from] item: Leftovers\n|upkeep\n|turn|15\n|\n|t:|1782903471\n|move|p2a: Gholdengo|Shadow Ball|p1a: Necrozma\n|-supereffective|p1a: Necrozma\n|-damage|p1a: Necrozma|19/286\n|move|p1a: Necrozma|Heat Wave|p2a: Gholdengo\n|-supereffective|p2a: Gholdengo\n|-damage|p2a: Gholdengo|11/261\n|-status|p2a: Gholdengo|brn\n|\n|-heal|p1a: Necrozma|36/286|[from] item: Leftovers\n|-damage|p2a: Gholdengo|0 fnt|[from] brn\n|faint|p2a: Gholdengo\n|upkeep\n|\n|t:|1782903485\n|switch|p2a: Munkidori|Munkidori, L79, M|269/269\n|turn|16\n|\n|t:|1782903495\n|-terastallize|p2a: Munkidori|Dark\n|move|p2a: Munkidori|U-turn|p1a: Necrozma\n|-supereffective|p1a: Necrozma\n|-damage|p1a: Necrozma|0 fnt\n|faint|p1a: Necrozma\n|\n|upkeep\n|\n|t:|1782903501\n|switch|p1a: Plusle|Plusle, L95, M|268/268\n|turn|17\n|\n|t:|1782903511\n|move|p1a: Plusle|Alluring Voice|p2a: Munkidori\n|-supereffective|p2a: Munkidori\n|-damage|p2a: Munkidori|160/269\n|-damage|p1a: Plusle|242/268|[from] item: Life Orb\n|move|p2a: Munkidori|Sludge Wave|p1a: Plusle\n|-damage|p1a: Plusle|122/268\n|\n|upkeep\n|turn|18\n|\n|t:|1782903521\n|move|p1a: Plusle|Alluring Voice|p2a: Munkidori\n|-supereffective|p2a: Munkidori\n|-damage|p2a: Munkidori|40/269\n|-damage|p1a: Plusle|96/268|[from] item: Life Orb\n|move|p2a: Munkidori|Sludge Wave|p1a: Plusle\n|-damage|p1a: Plusle|0 fnt\n|faint|p1a: Plusle\n|\n|upkeep\n|\n|t:|1782903525\n|switch|p1a: Araquanid|Araquanid, L82, F|246/246\n|turn|19\n|\n|t:|1782903534\n|move|p2a: Munkidori|Fake Out||[still]\n|-hint|Fake Out only works on your first turn out.\n|-fail|p2a: Munkidori\n|move|p1a: Araquanid|Leech Life|p2a: Munkidori\n|-supereffective|p2a: Munkidori\n|-damage|p2a: Munkidori|0 fnt\n|faint|p2a: Munkidori\n|\n|win|under the bed fred\n|raw|under the bed fred's rating: 1178 &rarr; <strong>1207</strong><br />(+29 for winning)\n|raw|leavemynameblank's rating: 1228 &rarr; <strong>1199</strong><br />(-29 for losing)\n", "inputlog": ">version f8ac14003a5f27e1bdc8d8c59608a773c1cb96e5\n>start {\"formatid\":\"gen9randombattle\",\"seed\":\"sodium,a21534ee42add36361ea9e123d6695c5\",\"rated\":\"Rated battle\"}\n>player p1 {\"name\":\"under the bed fred\",\"avatar\":\"crasherwake\",\"rating\":1178,\"seed\":\"sodium,2f9bc788b93aefecb05f5db402ce94d7\"}\n>player p2 {\"name\":\"leavemynameblank\",\"avatar\":\"102\",\"rating\":1228,\"seed\":\"sodium,cd42c4d9fbde1fabb431a9de8c03b242\"}\n>p1 switch 6\n>p2 move flashcannon\n>p1 move bodyslam\n>p2 move rapidspin\n>p1 move bodyslam\n>p2 move freezedry\n>p2 switch 4\n>p1 move knockoff\n>p2 move dualwingbeat\n>p1 move bodyslam\n>p2 move dragondance\n>p1 move bodyslam\n>p2 move dualwingbeat\n>p1 switch 6\n>p1 move tripleaxel\n>p2 move leafblade\n>p2 switch 3\n>p1 move poltergeist\n>p2 move shadowball\n>p2 switch 5\n>p1 move willowisp\n>p2 move throatchop\n>p1 move destinybond\n>p2 move throatchop\n>p1 switch 5\n>p1 move revelationdance\n>p2 move throatchop\n>p2 switch 2\n>p1 move hurricane\n>p2 move shadowball\n>p1 move hurricane\n>p2 move shadowball\n>p1 switch 3\n>p1 move calmmind\n>p2 move shadowball\n>p1 move heatwave\n>p2 move shadowball\n>p2 switch 6\n>p1 move photongeyser\n>p2 move uturn terastallize\n>p1 switch 4\n>p1 move alluringvoice\n>p2 move sludgewave\n>p1 move alluringvoice\n>p2 move sludgewave\n>p1 switch 2\n>p1 move leechlife\n>p2 move fakeout", "uploadtime": 1782903545, "views": 2, "formatid": "gen9randombattle", "rating": 1199, "private": 0, "password": null, "player_dets": [{"name": "under the bed fred", "avatar": "crasherwake", "rating": 1178, "seed": "sodium,2f9bc788b93aefecb05f5db402ce94d7"}, {"name": "leavemynameblank", "avatar": "102", "rating": 1228, "seed": "sodium,cd42c4d9fbde1fabb431a9de8c03b242"}], "teams_full": [{"Froslass": {"name": "Froslass", "species": "Froslass", "speciesId": "froslass", "gender": "F", "shiny": false, "level": 87, "moves": ["tripleaxel", "poltergeist", "willowisp", "destinybond"], "ability": "Cursed Body", "evs": {"hp": 81, "atk": 85, "def": 85, "spa": 85, "spd": 85, "spe": 85}, "ivs": {"hp": 31, "atk": 31, "def": 31, "spa": 31, "spd": 31, "spe": 31}, "item": "Wide Lens", "teraType": "Ice", "role": "Fast Support", "bvs": {"hp": 70, "atk": 80, "def": 70, "spa": 80, "spd": 70, "spe": 110}, "stats": {"hp": 263, "atk": 189, "def": 172, "spa": 189, "spd": 172, "spe": 241}, "types": ["Ice", "Ghost"]}, "Araquanid": {"name": "Araquanid", "species": "Araquanid", "speciesId": "araquanid", "gender": "F", "shiny": false, "level": 82, "moves": ["liquidation", "stickyweb", "mirrorcoat", "leechlife"], "ability": "Water Bubble", "evs": {"hp": 85, "atk": 85, "def": 85, "spa": 85, "spd": 85, "spe": 85}, "ivs": {"hp": 31, "atk": 31, "def": 31, "spa": 31, "spd": 31, "spe": 31}, "item": "Heavy-Duty Boots", "teraType": "Ground", "role": "Bulky Attacker", "bvs": {"hp": 68, "atk": 70, "def": 92, "spa": 50, "spd": 132, "spe": 42}, "stats": {"hp": 246, "atk": 162, "def": 198, "spa": 129, "spd": 264, "spe": 116}, "types": ["Water", "Bug"]}, "Necrozma": {"name": "Necrozma", "species": "Necrozma", "speciesId": "necrozma", "gender": "N", "shiny": false, "level": 80, "moves": ["moonlight", "heatwave", "calmmind", "photongeyser"], "ability": "Prism Armor", "evs": {"hp": 85, "atk": 0, "def": 85, "spa": 85, "spd": 85, "spe": 85}, "ivs": {"hp": 31, "atk": 0, "def": 31, "spa": 31, "spd": 31, "spe": 31}, "item": "Leftovers", "teraType": "Steel", "role": "Bulky Setup", "bvs": {"hp": 97, "atk": 107, "def": 101, "spa": 127, "spd": 89, "spe": 79}, "stats": {"hp": 286, "atk": 176, "def": 208, "spa": 249, "spd": 189, "spe": 173}, "types": ["Psychic"]}, "Plusle": {"name": "Plusle", "species": "Plusle", "speciesId": "plusle", "gender": "M", "shiny": false, "level": 95, "moves": ["nastyplot", "thunderbolt", "grassknot", "alluringvoice"], "ability": "Lightning Rod", "evs": {"hp": 85, "atk": 0, "def": 85, "spa": 85, "spd": 85, "spe": 85}, "ivs": {"hp": 31, "atk": 0, "def": 31, "spa": 31, "spd": 31, "spe": 31}, "item": "Life Orb", "teraType": "Fairy", "role": "Setup Sweeper", "bvs": {"hp": 60, "atk": 50, "def": 40, "spa": 85, "spd": 75, "spe": 95}, "stats": {"hp": 268, "atk": 100, "def": 130, "spa": 215, "spd": 196, "spe": 234}, "types": ["Electric"]}, "Oricorio": {"name": "Oricorio", "species": "Oricorio-Pom-Pom", "speciesId": "oricoriopompom", "gender": "M", "shiny": false, "level": 82, "moves": ["roost", "quiverdance", "hurricane", "revelationdance"], "ability": "Dancer", "evs": {"hp": 85, "atk": 0, "def": 85, "spa": 85, "spd": 85, "spe": 85}, "ivs": {"hp": 31, "atk": 0, "def": 31, "spa": 31, "spd": 31, "spe": 31}, "item": "Heavy-Duty Boots", "teraType": "Ground", "role": "Setup Sweeper", "bvs": {"hp": 75, "atk": 70, "def": 70, "spa": 98, "spd": 70, "spe": 93}, "stats": {"hp": 257, "atk": 119, "def": 162, "spa": 208, "spd": 162, "spe": 200}, "types": ["Electric", "Flying"]}, "Komala": {"name": "Komala", "species": "Komala", "speciesId": "komala", "gender": "F", "shiny": false, "level": 88, "moves": ["rapidspin", "knockoff", "uturn", "bodyslam"], "ability": "Comatose", "evs": {"hp": 85, "atk": 85, "def": 85, "spa": 85, "spd": 85, "spe": 85}, "ivs": {"hp": 31, "atk": 31, "def": 31, "spa": 31, "spd": 31, "spe": 31}, "item": "Assault Vest", "teraType": "Ghost", "role": "Bulky Support", "bvs": {"hp": 65, "atk": 115, "def": 65, "spa": 75, "spd": 95, "spe": 65}, "stats": {"hp": 258, "atk": 253, "def": 165, "spa": 182, "spd": 217, "spe": 165}, "types": ["Normal"]}}, {"Cryogonal": {"name": "Cryogonal", "species": "Cryogonal", "speciesId": "cryogonal", "gender": "N", "shiny": false, "level": 89, "moves": ["recover", "rapidspin", "flashcannon", "freezedry"], "ability": "Levitate", "evs": {"hp": 85, "atk": 85, "def": 85, "spa": 85, "spd": 85, "spe": 85}, "ivs": {"hp": 31, "atk": 31, "def": 31, "spa": 31, "spd": 31, "spe": 31}, "item": "Heavy-Duty Boots", "teraType": "Steel", "role": "Bulky Support", "bvs": {"hp": 80, "atk": 50, "def": 50, "spa": 95, "spd": 135, "spe": 105}, "stats": {"hp": 287, "atk": 140, "def": 140, "spa": 220, "spd": 291, "spe": 238}, "types": ["Ice"]}, "Gholdengo": {"name": "Gholdengo", "species": "Gholdengo", "speciesId": "gholdengo", "gender": "N", "shiny": false, "level": 77, "moves": ["trick", "focusblast", "shadowball", "makeitrain"], "ability": "Good as Gold", "evs": {"hp": 85, "atk": 0, "def": 85, "spa": 85, "spd": 85, "spe": 85}, "ivs": {"hp": 31, "atk": 0, "def": 31, "spa": 31, "spd": 31, "spe": 31}, "item": "Choice Scarf", "teraType": "Fighting", "role": "Bulky Attacker", "bvs": {"hp": 87, "atk": 60, "def": 95, "spa": 133, "spd": 91, "spe": 84}, "stats": {"hp": 261, "atk": 97, "def": 191, "spa": 249, "spd": 185, "spe": 174}, "types": ["Steel", "Ghost"]}, "Rotom": {"name": "Rotom", "species": "Rotom", "speciesId": "rotom", "gender": "N", "shiny": false, "level": 88, "moves": ["willowisp", "thunderbolt", "voltswitch", "shadowball"], "ability": "Levitate", "evs": {"hp": 85, "atk": 0, "def": 85, "spa": 85, "spd": 85, "spe": 85}, "ivs": {"hp": 31, "atk": 0, "def": 31, "spa": 31, "spd": 31, "spe": 31}, "item": "Life Orb", "teraType": "Ghost", "role": "Fast Attacker", "bvs": {"hp": 50, "atk": 50, "def": 77, "spa": 95, "spd": 77, "spe": 91}, "stats": {"hp": 231, "atk": 93, "def": 186, "spa": 217, "spd": 186, "spe": 210}, "types": ["Electric", "Ghost"]}, "Tropius": {"name": "Tropius", "species": "Tropius", "speciesId": "tropius", "gender": "M", "shiny": false, "level": 91, "moves": ["leafblade", "dualwingbeat", "dragondance", "earthquake"], "ability": "Harvest", "evs": {"hp": 85, "atk": 85, "def": 85, "spa": 85, "spd": 85, "spe": 85}, "ivs": {"hp": 31, "atk": 31, "def": 31, "spa": 31, "spd": 31, "spe": 31}, "item": "Sitrus Berry", "teraType": "Ground", "role": "Setup Sweeper", "bvs": {"hp": 99, "atk": 68, "def": 83, "spa": 72, "spd": 87, "spe": 51}, "stats": {"hp": 328, "atk": 176, "def": 203, "spa": 183, "spd": 210, "spe": 145}, "types": ["Grass", "Flying"]}, "Barraskewda": {"name": "Barraskewda", "species": "Barraskewda", "speciesId": "barraskewda", "gender": "F", "shiny": false, "level": 81, "moves": ["flipturn", "throatchop", "waterfall", "closecombat"], "ability": "Swift Swim", "evs": {"hp": 85, "atk": 85, "def": 85, "spa": 85, "spd": 85, "spe": 85}, "ivs": {"hp": 31, "atk": 31, "def": 31, "spa": 31, "spd": 31, "spe": 31}, "item": "Choice Band", "teraType": "Water", "role": "Wallbreaker", "bvs": {"hp": 61, "atk": 123, "def": 60, "spa": 60, "spd": 50, "spe": 136}, "stats": {"hp": 231, "atk": 246, "def": 144, "spa": 144, "spd": 128, "spe": 267}, "types": ["Water"]}, "Munkidori": {"name": "Munkidori", "species": "Munkidori", "speciesId": "munkidori", "gender": "M", "shiny": false, "level": 79, "moves": ["sludgewave", "uturn", "fakeout", "psychicnoise"], "ability": "Toxic Chain", "evs": {"hp": 85, "atk": 85, "def": 85, "spa": 85, "spd": 85, "spe": 85}, "ivs": {"hp": 31, "atk": 31, "def": 31, "spa": 31, "spd": 31, "spe": 31}, "item": "Assault Vest", "teraType": "Dark", "role": "AV Pivot", "bvs": {"hp": 88, "atk": 75, "def": 66, "spa": 130, "spd": 90, "spe": 106}, "stats": {"hp": 269, "atk": 164, "def": 150, "spa": 251, "spd": 188, "spe": 213}, "types": ["Poison", "Psychic"]}}]}