{"id": "gen9randombattle-2642014469", "format": "[Gen 9] Random Battle", "players": ["costcos_wholesales", "shynii21"], "log": "|j|\u2606costcos_wholesales\n|j|\u2606shynii21\n|t:|1782873459\n|gametype|singles\n|player|p1|costcos_wholesales|hiker-gen4|2087\n|player|p2|shynii21|lucian|2106\n|gen|9\n|tier|[Gen 9] Random Battle\n|rated|\n|rule|Species Clause: Limit one of each Pok\u00e9mon\n|rule|HP Percentage Mod: HP is shown in percentages\n|rule|Sleep Clause Mod: Limit one foe put to sleep\n|rule|Illusion Level Mod: Illusion disguises the Pok\u00e9mon's true level\n|\n|t:|1782873459\n|teamsize|p1|6\n|teamsize|p2|6\n|start\n|switch|p1a: Hitmonchan|Hitmonchan, L87, M|229/229\n|switch|p2a: Deoxys|Deoxys-Defense, L84|221/221\n|-ability|p2a: Deoxys|Pressure\n|turn|1\n|inactive|Battle timer is ON: inactive players will automatically lose when time's up. (requested by shynii21)\n|\n|t:|1782873484\n|switch|p2a: Magmortar|Magmortar, L88, M|275/275\n|move|p1a: Hitmonchan|Bulk Up|p1a: Hitmonchan\n|-boost|p1a: Hitmonchan|atk|1\n|-boost|p1a: Hitmonchan|def|1\n|\n|upkeep\n|turn|2\n|\n|t:|1782873495\n|move|p2a: Magmortar|Fire Blast|p1a: Hitmonchan\n|-damage|p1a: Hitmonchan|49/229\n|move|p1a: Hitmonchan|Rapid Spin|p2a: Magmortar\n|-damage|p2a: Magmortar|201/275\n|-boost|p1a: Hitmonchan|spe|1\n|\n|-heal|p1a: Hitmonchan|63/229|[from] item: Leftovers\n|upkeep\n|turn|3\n|\n|t:|1782873502\n|move|p1a: Hitmonchan|Drain Punch|p2a: Magmortar\n|-damage|p2a: Magmortar|20/275\n|-heal|p1a: Hitmonchan|154/229|[from] drain|[of] p2a: Magmortar\n|move|p2a: Magmortar|Fire Blast|p1a: Hitmonchan|[miss]\n|-miss|p2a: Magmortar|p1a: Hitmonchan\n|\n|-heal|p1a: Hitmonchan|168/229|[from] item: Leftovers\n|upkeep\n|turn|4\n|\n|t:|1782873507\n|move|p1a: Hitmonchan|Rapid Spin|p2a: Magmortar\n|-damage|p2a: Magmortar|0 fnt\n|-boost|p1a: Hitmonchan|spe|1\n|faint|p2a: Magmortar\n|\n|-heal|p1a: Hitmonchan|182/229|[from] item: Leftovers\n|upkeep\n|\n|t:|1782873517\n|switch|p2a: Houndstone|Houndstone, L86, F|264/264\n|turn|5\n|\n|t:|1782873520\n|move|p1a: Hitmonchan|Knock Off|p2a: Houndstone\n|-supereffective|p2a: Houndstone\n|-damage|p2a: Houndstone|165/264\n|-enditem|p2a: Houndstone|Leftovers|[from] move: Knock Off|[of] p1a: Hitmonchan\n|move|p2a: Houndstone|Will-O-Wisp|p1a: Hitmonchan\n|-status|p1a: Hitmonchan|brn\n|\n|-heal|p1a: Hitmonchan|196/229 brn|[from] item: Leftovers\n|-damage|p1a: Hitmonchan|182/229 brn|[from] brn\n|upkeep\n|turn|6\n|\n|t:|1782873525\n|move|p1a: Hitmonchan|Bulk Up|p1a: Hitmonchan\n|-boost|p1a: Hitmonchan|atk|1\n|-boost|p1a: Hitmonchan|def|1\n|move|p2a: Houndstone|Poltergeist|p1a: Hitmonchan\n|-activate|p1a: Hitmonchan|move: Poltergeist|Leftovers\n|-damage|p1a: Hitmonchan|115/229 brn\n|\n|-heal|p1a: Hitmonchan|129/229 brn|[from] item: Leftovers\n|-damage|p1a: Hitmonchan|115/229 brn|[from] brn\n|upkeep\n|turn|7\n|\n|t:|1782873530\n|move|p1a: Hitmonchan|Knock Off|p2a: Houndstone\n|-supereffective|p2a: Houndstone\n|-damage|p2a: Houndstone|122/264\n|move|p2a: Houndstone|Poltergeist|p1a: Hitmonchan\n|-activate|p1a: Hitmonchan|move: Poltergeist|Leftovers\n|-damage|p1a: Hitmonchan|52/229 brn\n|\n|-heal|p1a: Hitmonchan|66/229 brn|[from] item: Leftovers\n|-damage|p1a: Hitmonchan|52/229 brn|[from] brn\n|upkeep\n|turn|8\n|\n|t:|1782873543\n|move|p2a: Houndstone|Shadow Sneak|p1a: Hitmonchan\n|-damage|p1a: Hitmonchan|24/229 brn\n|move|p1a: Hitmonchan|Knock Off|p2a: Houndstone\n|-supereffective|p2a: Houndstone\n|-damage|p2a: Houndstone|74/264\n|\n|-heal|p1a: Hitmonchan|38/229 brn|[from] item: Leftovers\n|-damage|p1a: Hitmonchan|24/229 brn|[from] brn\n|upkeep\n|turn|9\n|\n|t:|1782873546\n|move|p2a: Houndstone|Shadow Sneak|p1a: Hitmonchan\n|-damage|p1a: Hitmonchan|0 fnt\n|faint|p1a: Hitmonchan\n|\n|upkeep\n|\n|t:|1782873548\n|switch|p1a: Cinderace|Cinderace, L77, M|249/249\n|turn|10\n|\n|t:|1782873559\n|move|p2a: Houndstone|Shadow Sneak|p1a: Cinderace\n|-crit|p1a: Cinderace\n|-damage|p1a: Cinderace|162/249\n|move|p1a: Cinderace|Pyro Ball|p2a: Houndstone\n|-damage|p2a: Houndstone|0 fnt\n|faint|p2a: Houndstone\n|\n|upkeep\n|\n|t:|1782873565\n|switch|p2a: Lumineon|Lumineon, L93, F|279/279\n|turn|11\n|\n|t:|1782873570\n|move|p1a: Cinderace|U-turn|p2a: Lumineon\n|-start|p1a: Cinderace|typechange|Bug|[from] ability: Libero\n|-damage|p2a: Lumineon|207/279\n|\n|t:|1782873571\n|switch|p1a: Bisharp|Bisharp, L79, F|232/232|[from] U-turn\n|move|p2a: Lumineon|U-turn|p1a: Bisharp\n|-damage|p1a: Bisharp|198/232\n|\n|t:|1782873600\n|switch|p2a: Deoxys|Deoxys-Defense, L84|221/221|[from] U-turn\n|-ability|p2a: Deoxys|Pressure\n|\n|upkeep\n|turn|12\n|\n|t:|1782873607\n|move|p2a: Deoxys|Night Shade|p1a: Bisharp\n|-damage|p1a: Bisharp|114/232\n|move|p1a: Bisharp|Throat Chop|p2a: Deoxys\n|-supereffective|p2a: Deoxys\n|-damage|p2a: Deoxys|117/221\n|-start|p2a: Deoxys|Throat Chop|[silent]\n|\n|-heal|p2a: Deoxys|130/221|[from] item: Leftovers\n|upkeep\n|turn|13\n|\n|t:|1782873612\n|move|p2a: Deoxys|Cosmic Power|p2a: Deoxys\n|-boost|p2a: Deoxys|def|1\n|-boost|p2a: Deoxys|spd|1\n|move|p1a: Bisharp|Stealth Rock|p2a: Deoxys\n|-sidestart|p2: shynii21|move: Stealth Rock\n|\n|-heal|p2a: Deoxys|143/221|[from] item: Leftovers\n|-end|p2a: Deoxys|Throat Chop|[silent]\n|upkeep\n|turn|14\n|\n|t:|1782873620\n|switch|p1a: Leafeon|Leafeon, L88, F|258/258\n|move|p2a: Deoxys|Cosmic Power|p2a: Deoxys\n|-boost|p2a: Deoxys|def|1\n|-boost|p2a: Deoxys|spd|1\n|\n|-heal|p2a: Deoxys|156/221|[from] item: Leftovers\n|upkeep\n|turn|15\n|\n|t:|1782873626\n|move|p1a: Leafeon|Swords Dance|p1a: Leafeon\n|-boost|p1a: Leafeon|atk|2\n|move|p2a: Deoxys|Cosmic Power|p2a: Deoxys\n|-boost|p2a: Deoxys|def|1\n|-boost|p2a: Deoxys|spd|1\n|\n|-heal|p2a: Deoxys|169/221|[from] item: Leftovers\n|upkeep\n|turn|16\n|\n|t:|1782873637\n|-terastallize|p1a: Leafeon|Dark\n|-terastallize|p2a: Deoxys|Steel\n|move|p1a: Leafeon|Swords Dance|p1a: Leafeon\n|-boost|p1a: Leafeon|atk|2\n|move|p2a: Deoxys|Cosmic Power|p2a: Deoxys\n|-boost|p2a: Deoxys|def|1\n|-boost|p2a: Deoxys|spd|1\n|\n|-heal|p2a: Deoxys|182/221|[from] item: Leftovers\n|upkeep\n|turn|17\n|\n|t:|1782873647\n|move|p1a: Leafeon|Swords Dance|p1a: Leafeon\n|-boost|p1a: Leafeon|atk|2\n|move|p2a: Deoxys|Recover|p2a: Deoxys\n|-heal|p2a: Deoxys|221/221\n|\n|upkeep\n|turn|18\n|\n|t:|1782873657\n|move|p1a: Leafeon|Knock Off|p2a: Deoxys\n|-damage|p2a: Deoxys|87/221\n|-enditem|p2a: Deoxys|Leftovers|[from] move: Knock Off|[of] p1a: Leafeon\n|-damage|p1a: Leafeon|233/258|[from] item: Life Orb\n|move|p2a: Deoxys|Cosmic Power|p2a: Deoxys\n|-boost|p2a: Deoxys|def|1\n|-boost|p2a: Deoxys|spd|1\n|\n|upkeep\n|turn|19\n|\n|t:|1782873662\n|move|p1a: Leafeon|Leaf Blade|p2a: Deoxys\n|-resisted|p2a: Deoxys\n|-damage|p2a: Deoxys|30/221\n|-damage|p1a: Leafeon|208/258|[from] item: Life Orb\n|move|p2a: Deoxys|Recover|p2a: Deoxys\n|-heal|p2a: Deoxys|141/221\n|\n|upkeep\n|turn|20\n|\n|t:|1782873669\n|move|p1a: Leafeon|Leaf Blade|p2a: Deoxys\n|-resisted|p2a: Deoxys\n|-damage|p2a: Deoxys|86/221\n|-damage|p1a: Leafeon|183/258|[from] item: Life Orb\n|move|p2a: Deoxys|Recover|p2a: Deoxys\n|-heal|p2a: Deoxys|197/221\n|\n|upkeep\n|turn|21\n|\n|t:|1782873673\n|move|p1a: Leafeon|Leaf Blade|p2a: Deoxys\n|-resisted|p2a: Deoxys\n|-damage|p2a: Deoxys|145/221\n|-damage|p1a: Leafeon|158/258|[from] item: Life Orb\n|move|p2a: Deoxys|Night Shade|p1a: Leafeon\n|-damage|p1a: Leafeon|74/258\n|\n|upkeep\n|turn|22\n|\n|t:|1782873681\n|move|p1a: Leafeon|Leaf Blade|p2a: Deoxys\n|-resisted|p2a: Deoxys\n|-damage|p2a: Deoxys|89/221\n|-damage|p1a: Leafeon|49/258|[from] item: Life Orb\n|move|p2a: Deoxys|Recover|p2a: Deoxys\n|-heal|p2a: Deoxys|200/221\n|\n|upkeep\n|turn|23\n|\n|t:|1782873685\n|move|p1a: Leafeon|Leaf Blade|p2a: Deoxys\n|-resisted|p2a: Deoxys\n|-damage|p2a: Deoxys|144/221\n|-damage|p1a: Leafeon|24/258|[from] item: Life Orb\n|move|p2a: Deoxys|Night Shade|p1a: Leafeon\n|-damage|p1a: Leafeon|0 fnt\n|faint|p1a: Leafeon\n|\n|upkeep\n|-message|costcos_wholesales forfeited.\n|\n|win|shynii21\n|raw|costcos_wholesales's rating: 2087 &rarr; <strong>2068</strong><br />(-19 for losing)\n|raw|shynii21's rating: 2106 &rarr; <strong>2125</strong><br />(+19 for winning)\n", "inputlog": ">version f8ac14003a5f27e1bdc8d8c59608a773c1cb96e5\n>start {\"formatid\":\"gen9randombattle\",\"seed\":\"sodium,584e5768e34da41df9b46ef98fc84c56\",\"rated\":\"Rated battle\"}\n>player p1 {\"name\":\"costcos_wholesales\",\"avatar\":\"hiker-gen4\",\"rating\":2087,\"seed\":\"sodium,3cc1f25c9b4e174d9adba73c9e7914ce\"}\n>player p2 {\"name\":\"shynii21\",\"avatar\":\"lucian\",\"rating\":2106,\"seed\":\"sodium,342212d36d5e917c46be33228173ed02\"}\n>p1 move bulkup\n>p2 switch 2\n>p1 move rapidspin\n>p2 move fireblast\n>p1 move drainpunch\n>p2 move fireblast\n>p1 move rapidspin\n>p2 move fireblast\n>p2 switch 3\n>p1 move knockoff\n>p2 move willowisp\n>p1 move bulkup\n>p2 move poltergeist\n>p1 move knockoff\n>p2 move poltergeist\n>p1 move knockoff\n>p2 move shadowsneak\n>p1 move knockoff\n>p2 move shadowsneak\n>p1 switch 6\n>p1 move pyroball\n>p2 move shadowsneak\n>p2 switch 4\n>p1 move uturn\n>p2 move uturn\n>p1 switch 5\n>p2 switch 2\n>p1 move throatchop\n>p2 move nightshade\n>p1 move stealthrock\n>p2 move cosmicpower\n>p1 switch 2\n>p2 move cosmicpower\n>p1 move swordsdance\n>p2 move cosmicpower\n>p1 move swordsdance terastallize\n>p2 move cosmicpower terastallize\n>p1 move swordsdance\n>p2 move recover\n>p1 move knockoff\n>p2 move cosmicpower\n>p1 move leafblade\n>p2 move recover\n>p1 move leafblade\n>p2 move recover\n>p1 move leafblade\n>p2 move nightshade\n>p1 move leafblade\n>p2 move recover\n>p1 move leafblade\n>p2 move nightshade\n>forcelose p1", "uploadtime": 1782873690, "views": 7, "formatid": "gen9randombattle", "rating": 2068, "private": 0, "password": null, "player_dets": [{"name": "costcos_wholesales", "avatar": "hiker-gen4", "rating": 2087, "seed": "sodium,3cc1f25c9b4e174d9adba73c9e7914ce"}, {"name": "shynii21", "avatar": "lucian", "rating": 2106, "seed": "sodium,342212d36d5e917c46be33228173ed02"}], "teams_full": [{"Hitmonchan": {"name": "Hitmonchan", "species": "Hitmonchan", "speciesId": "hitmonchan", "gender": "M", "shiny": false, "level": 87, "moves": ["knockoff", "rapidspin", "bulkup", "drainpunch"], "ability": "Iron Fist", "evs": {"hp": 85, "atk": 85, "def": 85, "spa": 85, "spd": 85, "spe": 85}, "ivs": {"hp": 31, "atk": 31, "def": 31, "spa": 31, "spd": 31, "spe": 31}, "item": "Leftovers", "teraType": "Dark", "role": "Bulky Setup", "bvs": {"hp": 50, "atk": 105, "def": 79, "spa": 35, "spd": 110, "spe": 76}, "stats": {"hp": 229, "atk": 232, "def": 187, "spa": 111, "spd": 241, "spe": 182}, "types": ["Fighting"]}, "Leafeon": {"name": "Leafeon", "species": "Leafeon", "speciesId": "leafeon", "gender": "F", "shiny": false, "level": 88, "moves": ["leafblade", "doubleedge", "knockoff", "swordsdance"], "ability": "Chlorophyll", "evs": {"hp": 85, "atk": 85, "def": 85, "spa": 85, "spd": 85, "spe": 85}, "ivs": {"hp": 31, "atk": 31, "def": 31, "spa": 31, "spd": 31, "spe": 31}, "item": "Life Orb", "teraType": "Dark", "role": "Setup Sweeper", "bvs": {"hp": 65, "atk": 110, "def": 130, "spa": 60, "spd": 65, "spe": 95}, "stats": {"hp": 258, "atk": 244, "def": 279, "spa": 156, "spd": 165, "spe": 217}, "types": ["Grass"]}, "Klawf": {"name": "Klawf", "species": "Klawf", "speciesId": "klawf", "gender": "F", "shiny": false, "level": 90, "moves": ["stoneedge", "knockoff", "highhorsepower", "crabhammer"], "ability": "Regenerator", "evs": {"hp": 85, "atk": 85, "def": 85, "spa": 85, "spd": 85, "spe": 85}, "ivs": {"hp": 31, "atk": 31, "def": 31, "spa": 31, "spd": 31, "spe": 31}, "item": "Choice Scarf", "teraType": "Water", "role": "Fast Attacker", "bvs": {"hp": 70, "atk": 100, "def": 115, "spa": 35, "spd": 55, "spe": 75}, "stats": {"hp": 272, "atk": 231, "def": 258, "spa": 114, "spd": 150, "spe": 186}, "types": ["Rock"]}, "Mamoswine": {"name": "Mamoswine", "species": "Mamoswine", "speciesId": "mamoswine", "gender": "M", "shiny": false, "level": 81, "moves": ["knockoff", "earthquake", "iceshard", "iciclecrash"], "ability": "Thick Fat", "evs": {"hp": 85, "atk": 85, "def": 85, "spa": 85, "spd": 85, "spe": 85}, "ivs": {"hp": 31, "atk": 31, "def": 31, "spa": 31, "spd": 31, "spe": 31}, "item": "Choice Band", "teraType": "Ice", "role": "Wallbreaker", "bvs": {"hp": 110, "atk": 130, "def": 80, "spa": 70, "spd": 60, "spe": 80}, "stats": {"hp": 311, "atk": 257, "def": 176, "spa": 160, "spd": 144, "spe": 176}, "types": ["Ice", "Ground"]}, "Bisharp": {"name": "Bisharp", "species": "Bisharp", "speciesId": "bisharp", "gender": "F", "shiny": false, "level": 79, "moves": ["stealthrock", "suckerpunch", "ironhead", "throatchop"], "ability": "Defiant", "evs": {"hp": 85, "atk": 85, "def": 85, "spa": 85, "spd": 85, "spe": 85}, "ivs": {"hp": 31, "atk": 31, "def": 31, "spa": 31, "spd": 31, "spe": 31}, "item": "Eviolite", "teraType": "Ghost", "role": "Bulky Attacker", "bvs": {"hp": 65, "atk": 125, "def": 100, "spa": 60, "spd": 70, "spe": 70}, "stats": {"hp": 232, "atk": 243, "def": 204, "spa": 140, "spd": 156, "spe": 156}, "types": ["Dark", "Steel"]}, "Cinderace": {"name": "Cinderace", "species": "Cinderace", "speciesId": "cinderace", "gender": "M", "shiny": false, "level": 77, "moves": ["uturn", "courtchange", "pyroball", "highjumpkick"], "ability": "Libero", "evs": {"hp": 81, "atk": 85, "def": 85, "spa": 85, "spd": 85, "spe": 85}, "ivs": {"hp": 31, "atk": 31, "def": 31, "spa": 31, "spd": 31, "spe": 31}, "item": "Heavy-Duty Boots", "teraType": "Fighting", "role": "Fast Attacker", "bvs": {"hp": 80, "atk": 116, "def": 75, "spa": 65, "spd": 75, "spe": 119}, "stats": {"hp": 249, "atk": 223, "def": 160, "spa": 145, "spd": 160, "spe": 228}, "types": ["Fire"]}}, {"Deoxys": {"name": "Deoxys", "species": "Deoxys-Defense", "speciesId": "deoxysdefense", "gender": "N", "shiny": false, "level": 84, "moves": ["recover", "nightshade", "storedpower", "cosmicpower"], "ability": "Pressure", "evs": {"hp": 85, "atk": 0, "def": 85, "spa": 85, "spd": 85, "spe": 85}, "ivs": {"hp": 31, "atk": 0, "def": 31, "spa": 31, "spd": 31, "spe": 31}, "item": "Leftovers", "teraType": "Steel", "role": "Bulky Setup", "bvs": {"hp": 50, "atk": 70, "def": 160, "spa": 70, "spd": 160, "spe": 90}, "stats": {"hp": 221, "atk": 122, "def": 317, "spa": 166, "spd": 317, "spe": 199}, "types": ["Psychic"]}, "Magmortar": {"name": "Magmortar", "species": "Magmortar", "speciesId": "magmortar", "gender": "M", "shiny": false, "level": 88, "moves": ["thunderbolt", "focusblast", "scorchingsands", "fireblast"], "ability": "Flame Body", "evs": {"hp": 85, "atk": 0, "def": 85, "spa": 85, "spd": 85, "spe": 85}, "ivs": {"hp": 31, "atk": 0, "def": 31, "spa": 31, "spd": 31, "spe": 31}, "item": "Choice Specs", "teraType": "Fighting", "role": "Wallbreaker", "bvs": {"hp": 75, "atk": 95, "def": 67, "spa": 125, "spd": 95, "spe": 83}, "stats": {"hp": 275, "atk": 172, "def": 168, "spa": 270, "spd": 217, "spe": 196}, "types": ["Fire"]}, "Houndstone": {"name": "Houndstone", "species": "Houndstone", "speciesId": "houndstone", "gender": "F", "shiny": false, "level": 86, "moves": ["shadowsneak", "willowisp", "bodypress", "poltergeist"], "ability": "Fluffy", "evs": {"hp": 85, "atk": 85, "def": 85, "spa": 85, "spd": 85, "spe": 85}, "ivs": {"hp": 31, "atk": 31, "def": 31, "spa": 31, "spd": 31, "spe": 31}, "item": "Leftovers", "teraType": "Fighting", "role": "Bulky Attacker", "bvs": {"hp": 72, "atk": 101, "def": 100, "spa": 50, "spd": 97, "spe": 68}, "stats": {"hp": 264, "atk": 223, "def": 221, "spa": 135, "spd": 216, "spe": 166}, "types": ["Ghost"]}, "Lumineon": {"name": "Lumineon", "species": "Lumineon", "speciesId": "lumineon", "gender": "F", "shiny": false, "level": 93, "moves": ["encore", "hydropump", "icebeam", "uturn"], "ability": "Storm Drain", "evs": {"hp": 85, "atk": 85, "def": 85, "spa": 85, "spd": 85, "spe": 85}, "ivs": {"hp": 31, "atk": 31, "def": 31, "spa": 31, "spd": 31, "spe": 31}, "item": "Heavy-Duty Boots", "teraType": "Dragon", "role": "Fast Support", "bvs": {"hp": 69, "atk": 69, "def": 76, "spa": 69, "spd": 86, "spe": 91}, "stats": {"hp": 279, "atk": 181, "def": 194, "spa": 181, "spd": 213, "spe": 222}, "types": ["Water"]}, "Serperior": {"name": "Serperior", "species": "Serperior", "speciesId": "serperior", "gender": "F", "shiny": false, "level": 79, "moves": ["terablast", "leafstorm", "leechseed", "substitute"], "ability": "Contrary", "evs": {"hp": 85, "atk": 85, "def": 85, "spa": 85, "spd": 85, "spe": 85}, "ivs": {"hp": 31, "atk": 31, "def": 31, "spa": 31, "spd": 31, "spe": 31}, "item": "Leftovers", "teraType": "Rock", "role": "Tera Blast user", "bvs": {"hp": 75, "atk": 75, "def": 95, "spa": 75, "spd": 95, "spe": 113}, "stats": {"hp": 248, "atk": 164, "def": 196, "spa": 164, "spd": 196, "spe": 224}, "types": ["Grass"]}, "Lokix": {"name": "Lokix", "species": "Lokix", "speciesId": "lokix", "gender": "F", "shiny": false, "level": 82, "moves": ["knockoff", "swordsdance", "leechlife", "suckerpunch"], "ability": "Tinted Lens", "evs": {"hp": 85, "atk": 85, "def": 85, "spa": 85, "spd": 85, "spe": 85}, "ivs": {"hp": 31, "atk": 31, "def": 31, "spa": 31, "spd": 31, "spe": 31}, "item": "Life Orb", "teraType": "Dark", "role": "Setup Sweeper", "bvs": {"hp": 71, "atk": 102, "def": 78, "spa": 52, "spd": 55, "spe": 92}, "stats": {"hp": 251, "atk": 214, "def": 175, "spa": 132, "spd": 137, "spe": 198}, "types": ["Bug", "Dark"]}}]}