{"id": "gen9randombattle-2642184433", "format": "[Gen 9] Random Battle", "players": ["emanuelprinc", "pmooth"], "log": "|j|\u203demanuelprinc\n|j|\u203dpmooth\n|t:|1782907225\n|gametype|singles\n|player|p1|emanuelprinc|1|\n|player|p2|pmooth|2|\n|gen|9\n|tier|[Gen 9] Random Battle\n|rule|Species Clause: Limit one of each Pok\u00e9mon\n|rule|HP Percentage Mod: HP is shown in percentages\n|rule|Sleep Clause Mod: Limit one foe put to sleep\n|rule|Illusion Level Mod: Illusion disguises the Pok\u00e9mon's true level\n|\n|t:|1782907226\n|teamsize|p1|6\n|teamsize|p2|6\n|start\n|switch|p1a: Golurk|Golurk, L87|297/297\n|switch|p2a: Cramorant|Cramorant, L86, M|261/261\n|turn|1\n|\n|t:|1782907240\n|move|p2a: Cramorant|Surf|p1a: Golurk\n|-formechange|p2a: Cramorant|Cramorant-Gulping|\n|-supereffective|p1a: Golurk\n|-damage|p1a: Golurk|103/297\n|move|p1a: Golurk|Stone Edge|p2a: Cramorant\n|-supereffective|p2a: Cramorant\n|-damage|p2a: Cramorant|0 fnt\n|-damage|p1a: Golurk|29/297|[from] ability: Gulp Missile|[of] p2a: Cramorant\n|-unboost|p1a: Golurk|def|1\n|-formechange|p2a: Cramorant|Cramorant|\n|faint|p2a: Cramorant\n|-damage|p1a: Golurk|0 fnt|[from] item: Life Orb\n|faint|p1a: Golurk\n|\n|upkeep\n|\n|t:|1782907260\n|switch|p2a: Staraptor|Staraptor, L79, F|263/263\n|switch|p1a: Perrserker|Perrserker, L89, M|269/269\n|turn|2\n|\n|t:|1782907269\n|move|p2a: Staraptor|Close Combat|p1a: Perrserker\n|-supereffective|p1a: Perrserker\n|-damage|p1a: Perrserker|121/269\n|-unboost|p2a: Staraptor|def|1\n|-unboost|p2a: Staraptor|spd|1\n|move|p1a: Perrserker|Close Combat|p2a: Staraptor\n|-damage|p2a: Staraptor|0 fnt\n|-unboost|p1a: Perrserker|def|1\n|-unboost|p1a: Perrserker|spd|1\n|faint|p2a: Staraptor\n|\n|upkeep\n|\n|t:|1782907282\n|switch|p2a: Scizor|Scizor, L79, M|240/240\n|turn|3\n|\n|t:|1782907296\n|move|p2a: Scizor|Close Combat|p1a: Perrserker\n|-supereffective|p1a: Perrserker\n|-damage|p1a: Perrserker|0 fnt\n|-unboost|p2a: Scizor|def|1\n|-unboost|p2a: Scizor|spd|1\n|faint|p1a: Perrserker\n|\n|upkeep\n|\n|t:|1782907308\n|switch|p1a: Sunflora|Sunflora, F|312/312\n|turn|4\n|\n|t:|1782907319\n|move|p2a: Scizor|Close Combat|p1a: Sunflora\n|-damage|p1a: Sunflora|150/312\n|-unboost|p2a: Scizor|def|1\n|-unboost|p2a: Scizor|spd|1\n|move|p1a: Sunflora|Earth Power|p2a: Scizor\n|-damage|p2a: Scizor|0 fnt\n|faint|p2a: Scizor\n|\n|upkeep\n|\n|t:|1782907330\n|switch|p2a: Kommo-o|Kommo-o, L78, F|245/245\n|turn|5\n|\n|t:|1782907343\n|switch|p1a: Spiritomb|Spiritomb, L89, F|234/234\n|move|p2a: Kommo-o|Close Combat|p1a: Spiritomb\n|-immune|p1a: Spiritomb\n|\n|upkeep\n|turn|6\n|\n|t:|1782907370\n|switch|p2a: Hatterene|Hatterene, L85, F|236/236\n|move|p1a: Spiritomb|Shadow Sneak|p2a: Hatterene\n|-supereffective|p2a: Hatterene\n|-damage|p2a: Hatterene|140/236\n|\n|upkeep\n|turn|7\n|\n|t:|1782907378\n|move|p1a: Spiritomb|Poltergeist|p2a: Hatterene\n|-activate|p2a: Hatterene|move: Poltergeist|Assault Vest\n|-supereffective|p2a: Hatterene\n|-damage|p2a: Hatterene|0 fnt\n|faint|p2a: Hatterene\n|\n|upkeep\n|\n|t:|1782907385\n|switch|p2a: Kommo-o|Kommo-o, L78, F|245/245\n|turn|8\n|\n|t:|1782907391\n|move|p1a: Spiritomb|Shadow Sneak|p2a: Kommo-o\n|-damage|p2a: Kommo-o|209/245\n|move|p2a: Kommo-o|Swords Dance|p2a: Kommo-o\n|-boost|p2a: Kommo-o|atk|2\n|\n|upkeep\n|turn|9\n|\n|t:|1782907400\n|move|p2a: Kommo-o|Swords Dance|p2a: Kommo-o\n|-boost|p2a: Kommo-o|atk|2\n|move|p1a: Spiritomb|Poltergeist|p2a: Kommo-o\n|-activate|p2a: Kommo-o|move: Poltergeist|Loaded Dice\n|-damage|p2a: Kommo-o|103/245\n|\n|upkeep\n|turn|10\n|\n|t:|1782907408\n|move|p2a: Kommo-o|Scale Shot|p1a: Spiritomb\n|-damage|p1a: Spiritomb|170/234\n|-damage|p1a: Spiritomb|112/234\n|-damage|p1a: Spiritomb|45/234\n|-damage|p1a: Spiritomb|0 fnt\n|faint|p1a: Spiritomb\n|-hitcount|p1: Spiritomb|4\n|-unboost|p2a: Kommo-o|def|1\n|-boost|p2a: Kommo-o|spe|1\n|\n|upkeep\n|\n|t:|1782907422\n|switch|p1a: Amoonguss|Amoonguss, L82, M|321/321\n|turn|11\n|\n|t:|1782907428\n|move|p2a: Kommo-o|Scale Shot|p1a: Amoonguss\n|-damage|p1a: Amoonguss|224/321\n|-damage|p1a: Amoonguss|137/321\n|-damage|p1a: Amoonguss|50/321\n|-crit|p1a: Amoonguss\n|-damage|p1a: Amoonguss|0 fnt\n|faint|p1a: Amoonguss\n|-hitcount|p1: Amoonguss|4\n|-unboost|p2a: Kommo-o|def|1\n|-boost|p2a: Kommo-o|spe|1\n|\n|upkeep\n|\n|t:|1782907435\n|switch|p1a: Sunflora|Sunflora, F|150/312\n|turn|12\n|\n|t:|1782907440\n|move|p2a: Kommo-o|Scale Shot|p1a: Sunflora\n|-crit|p1a: Sunflora\n|-damage|p1a: Sunflora|17/312\n|-damage|p1a: Sunflora|0 fnt\n|faint|p1a: Sunflora\n|-hitcount|p1: Sunflora|2\n|-unboost|p2a: Kommo-o|def|1\n|-boost|p2a: Kommo-o|spe|1\n|\n|upkeep\n|\n|t:|1782907443\n|switch|p1a: Cramorant|Cramorant, L86, M|261/261\n|turn|13\n|\n|t:|1782907458\n|move|p2a: Kommo-o|Scale Shot|p1a: Cramorant\n|-crit|p1a: Cramorant\n|-damage|p1a: Cramorant|110/261\n|-damage|p1a: Cramorant|7/261\n|-crit|p1a: Cramorant\n|-damage|p1a: Cramorant|0 fnt\n|faint|p1a: Cramorant\n|-hitcount|p1: Cramorant|3\n|\n|win|pmooth\n|l|\u203demanuelprinc\n|player|p1|\n", "inputlog": ">version f8ac14003a5f27e1bdc8d8c59608a773c1cb96e5\n>start {\"formatid\":\"gen9randombattle\",\"seed\":\"sodium,fc3b458f1e9e28464b7187599542c34f\"}\n>player p1 {\"name\":\"emanuelprinc\",\"avatar\":\"1\",\"rating\":0,\"seed\":\"sodium,9da7890ac6615673bd4138bca3e7ba7f\"}\n>player p2 {\"name\":\"pmooth\",\"avatar\":\"2\",\"rating\":0,\"seed\":\"sodium,e0d7aee08b91f9f1e0ff7f21dde30df2\"}\n>p1 move stoneedge\n>p2 move surf\n>p1 switch 2\n>p2 switch 4\n>p1 move closecombat\n>p2 move closecombat\n>p2 switch 3\n>p1 move closecombat\n>p2 move closecombat\n>p1 switch 5\n>p1 move earthpower\n>p2 move closecombat\n>p2 switch 2\n>p1 switch 6\n>p2 move closecombat\n>p1 move shadowsneak\n>p2 switch 6\n>p1 move poltergeist\n>p2 move drainingkiss\n>p2 switch 6\n>p1 move shadowsneak\n>p2 move swordsdance\n>p1 move poltergeist\n>p2 move swordsdance\n>p1 move poltergeist\n>p2 move scaleshot\n>p1 switch 4\n>p1 move sludgebomb\n>p2 move scaleshot\n>p1 switch 6\n>p1 move dazzlinggleam\n>p2 move scaleshot\n>p1 switch 3\n>p1 move bravebird\n>p2 move scaleshot", "uploadtime": 1782907469, "views": 3, "formatid": "gen9randombattle", "rating": null, "private": 0, "password": null, "player_dets": [{"name": "emanuelprinc", "avatar": "1", "rating": 0, "seed": "sodium,9da7890ac6615673bd4138bca3e7ba7f"}, {"name": "pmooth", "avatar": "2", "rating": 0, "seed": "sodium,e0d7aee08b91f9f1e0ff7f21dde30df2"}], "teams_full": [{"Golurk": {"name": "Golurk", "species": "Golurk", "speciesId": "golurk", "gender": "N", "shiny": false, "level": 87, "moves": ["poltergeist", "stoneedge", "stealthrock", "earthquake"], "ability": "No Guard", "evs": {"hp": 85, "atk": 85, "def": 85, "spa": 85, "spd": 85, "spe": 85}, "ivs": {"hp": 31, "atk": 31, "def": 31, "spa": 31, "spd": 31, "spe": 31}, "item": "Life Orb", "teraType": "Ghost", "role": "Wallbreaker", "bvs": {"hp": 89, "atk": 124, "def": 80, "spa": 55, "spd": 80, "spe": 55}, "stats": {"hp": 297, "atk": 266, "def": 189, "spa": 145, "spd": 189, "spe": 145}, "types": ["Ground", "Ghost"]}, "Perrserker": {"name": "Perrserker", "species": "Perrserker", "speciesId": "perrserker", "gender": "M", "shiny": false, "level": 89, "moves": ["knockoff", "uturn", "closecombat", "ironhead"], "ability": "Tough Claws", "evs": {"hp": 85, "atk": 85, "def": 85, "spa": 85, "spd": 85, "spe": 85}, "ivs": {"hp": 31, "atk": 31, "def": 31, "spa": 31, "spd": 31, "spe": 31}, "item": "Choice Band", "teraType": "Fighting", "role": "Fast Attacker", "bvs": {"hp": 70, "atk": 110, "def": 100, "spa": 50, "spd": 60, "spe": 50}, "stats": {"hp": 269, "atk": 247, "def": 229, "spa": 140, "spd": 158, "spe": 140}, "types": ["Steel"]}, "Cramorant": {"name": "Cramorant", "species": "Cramorant", "speciesId": "cramorant", "gender": "M", "shiny": false, "level": 86, "moves": ["roost", "defog", "surf", "bravebird"], "ability": "Gulp Missile", "evs": {"hp": 85, "atk": 85, "def": 85, "spa": 85, "spd": 85, "spe": 85}, "ivs": {"hp": 31, "atk": 31, "def": 31, "spa": 31, "spd": 31, "spe": 31}, "item": "Heavy-Duty Boots", "teraType": "Ground", "role": "Bulky Support", "bvs": {"hp": 70, "atk": 85, "def": 55, "spa": 85, "spd": 95, "spe": 85}, "stats": {"hp": 261, "atk": 195, "def": 144, "spa": 195, "spd": 213, "spe": 195}, "types": ["Flying", "Water"]}, "Amoonguss": {"name": "Amoonguss", "species": "Amoonguss", "speciesId": "amoonguss", "gender": "M", "shiny": false, "level": 82, "moves": ["toxic", "gigadrain", "spore", "sludgebomb"], "ability": "Regenerator", "evs": {"hp": 85, "atk": 0, "def": 85, "spa": 85, "spd": 85, "spe": 85}, "ivs": {"hp": 31, "atk": 0, "def": 31, "spa": 31, "spd": 31, "spe": 31}, "item": "Leftovers", "teraType": "Water", "role": "Bulky Support", "bvs": {"hp": 114, "atk": 85, "def": 70, "spa": 85, "spd": 80, "spe": 30}, "stats": {"hp": 321, "atk": 144, "def": 162, "spa": 187, "spd": 178, "spe": 96}, "types": ["Grass", "Poison"]}, "Sunflora": {"name": "Sunflora", "species": "Sunflora", "speciesId": "sunflora", "gender": "F", "shiny": false, "level": 100, "moves": ["sludgebomb", "leafstorm", "dazzlinggleam", "earthpower"], "ability": "Chlorophyll", "evs": {"hp": 85, "atk": 0, "def": 85, "spa": 85, "spd": 85, "spe": 85}, "ivs": {"hp": 31, "atk": 0, "def": 31, "spa": 31, "spd": 31, "spe": 31}, "item": "Choice Specs", "teraType": "Poison", "role": "Wallbreaker", "bvs": {"hp": 75, "atk": 75, "def": 55, "spa": 105, "spd": 85, "spe": 30}, "stats": {"hp": 312, "atk": 155, "def": 167, "spa": 267, "spd": 227, "spe": 117}, "types": ["Grass"]}, "Spiritomb": {"name": "Spiritomb", "species": "Spiritomb", "speciesId": "spiritomb", "gender": "F", "shiny": false, "level": 89, "moves": ["painsplit", "shadowsneak", "foulplay", "poltergeist"], "ability": "Infiltrator", "evs": {"hp": 85, "atk": 85, "def": 85, "spa": 85, "spd": 85, "spe": 85}, "ivs": {"hp": 31, "atk": 31, "def": 31, "spa": 31, "spd": 31, "spe": 31}, "item": "Leftovers", "teraType": "Poison", "role": "Bulky Support", "bvs": {"hp": 50, "atk": 92, "def": 108, "spa": 92, "spd": 108, "spe": 35}, "stats": {"hp": 234, "atk": 215, "def": 243, "spa": 215, "spd": 243, "spe": 113}, "types": ["Ghost", "Dark"]}}, {"Cramorant": {"name": "Cramorant", "species": "Cramorant", "speciesId": "cramorant", "gender": "M", "shiny": false, "level": 86, "moves": ["bravebird", "defog", "surf", "roost"], "ability": "Gulp Missile", "evs": {"hp": 85, "atk": 85, "def": 85, "spa": 85, "spd": 85, "spe": 85}, "ivs": {"hp": 31, "atk": 31, "def": 31, "spa": 31, "spd": 31, "spe": 31}, "item": "Heavy-Duty Boots", "teraType": "Ground", "role": "Bulky Support", "bvs": {"hp": 70, "atk": 85, "def": 55, "spa": 85, "spd": 95, "spe": 85}, "stats": {"hp": 261, "atk": 195, "def": 144, "spa": 195, "spd": 213, "spe": 195}, "types": ["Flying", "Water"]}, "Kommo-o": {"name": "Kommo-o", "species": "Kommo-o", "speciesId": "kommoo", "gender": "F", "shiny": false, "level": 78, "moves": ["ironhead", "closecombat", "swordsdance", "scaleshot"], "ability": "Soundproof", "evs": {"hp": 85, "atk": 85, "def": 85, "spa": 85, "spd": 85, "spe": 85}, "ivs": {"hp": 31, "atk": 31, "def": 31, "spa": 31, "spd": 31, "spe": 31}, "item": "Loaded Dice", "teraType": "Steel", "role": "Setup Sweeper", "bvs": {"hp": 75, "atk": 110, "def": 125, "spa": 100, "spd": 105, "spe": 85}, "stats": {"hp": 245, "atk": 217, "def": 240, "spa": 201, "spd": 209, "spe": 178}, "types": ["Dragon", "Fighting"]}, "Scizor": {"name": "Scizor", "species": "Scizor", "speciesId": "scizor", "gender": "M", "shiny": false, "level": 79, "moves": ["closecombat", "bulletpunch", "knockoff", "uturn"], "ability": "Technician", "evs": {"hp": 85, "atk": 85, "def": 85, "spa": 85, "spd": 85, "spe": 85}, "ivs": {"hp": 31, "atk": 31, "def": 31, "spa": 31, "spd": 31, "spe": 31}, "item": "Choice Band", "teraType": "Steel", "role": "Wallbreaker", "bvs": {"hp": 70, "atk": 130, "def": 100, "spa": 55, "spd": 80, "spe": 65}, "stats": {"hp": 240, "atk": 251, "def": 204, "spa": 132, "spd": 172, "spe": 148}, "types": ["Bug", "Steel"]}, "Staraptor": {"name": "Staraptor", "species": "Staraptor", "speciesId": "staraptor", "gender": "F", "shiny": false, "level": 79, "moves": ["bravebird", "uturn", "closecombat", "doubleedge"], "ability": "Reckless", "evs": {"hp": 81, "atk": 85, "def": 85, "spa": 85, "spd": 85, "spe": 85}, "ivs": {"hp": 31, "atk": 31, "def": 31, "spa": 31, "spd": 31, "spe": 31}, "item": "Choice Scarf", "teraType": "Flying", "role": "Fast Attacker", "bvs": {"hp": 85, "atk": 120, "def": 70, "spa": 50, "spd": 60, "spe": 100}, "stats": {"hp": 263, "atk": 235, "def": 156, "spa": 125, "spd": 140, "spe": 204}, "types": ["Normal", "Flying"]}, "Golduck": {"name": "Golduck", "species": "Golduck", "speciesId": "golduck", "gender": "F", "shiny": false, "level": 90, "moves": ["hydropump", "nastyplot", "grassknot", "icebeam"], "ability": "Cloud Nine", "evs": {"hp": 85, "atk": 0, "def": 85, "spa": 85, "spd": 85, "spe": 85}, "ivs": {"hp": 31, "atk": 0, "def": 31, "spa": 31, "spd": 31, "spe": 31}, "item": "Leftovers", "teraType": "Water", "role": "Bulky Setup", "bvs": {"hp": 80, "atk": 82, "def": 78, "spa": 95, "spd": 80, "spe": 85}, "stats": {"hp": 290, "atk": 152, "def": 192, "spa": 222, "spd": 195, "spe": 204}, "types": ["Water"]}, "Hatterene": {"name": "Hatterene", "species": "Hatterene", "speciesId": "hatterene", "gender": "F", "shiny": false, "level": 85, "moves": ["nuzzle", "psychicnoise", "mysticalfire", "drainingkiss"], "ability": "Magic Bounce", "evs": {"hp": 85, "atk": 85, "def": 85, "spa": 85, "spd": 85, "spe": 85}, "ivs": {"hp": 31, "atk": 31, "def": 31, "spa": 31, "spd": 31, "spe": 31}, "item": "Assault Vest", "teraType": "Fairy", "role": "AV Pivot", "bvs": {"hp": 57, "atk": 90, "def": 95, "spa": 136, "spd": 103, "spe": 29}, "stats": {"hp": 236, "atk": 202, "def": 210, "spa": 280, "spd": 224, "spe": 98}, "types": ["Psychic", "Fairy"]}}]}