{"id": "gen9randombattle-2642059214", "format": "[Gen 9] Random Battle", "players": ["Gliscorthegoat", "jnpr010334"], "log": "|j|\u203dGliscorthegoat\n|j|\u2606jnpr010334\n|t:|1782881239\n|gametype|singles\n|player|p1|Gliscorthegoat|cynthia|1589\n|player|p2|jnpr010334|265|1626\n|gen|9\n|tier|[Gen 9] Random Battle\n|rated|\n|rule|Species Clause: Limit one of each Pok\u00e9mon\n|rule|HP Percentage Mod: HP is shown in percentages\n|rule|Sleep Clause Mod: Limit one foe put to sleep\n|rule|Illusion Level Mod: Illusion disguises the Pok\u00e9mon's true level\n|\n|t:|1782881239\n|teamsize|p1|6\n|teamsize|p2|6\n|start\n|switch|p1a: Venusaur|Venusaur, L84, M|272/272\n|switch|p2a: Manaphy|Manaphy, L78|284/284\n|turn|1\n|inactive|Battle timer is ON: inactive players will automatically lose when time's up. (requested by jnpr010334)\n|\n|t:|1782881255\n|switch|p2a: Illumise|Illumise, L91, F|266/266\n|move|p1a: Venusaur|Energy Ball|p2a: Illumise\n|-resisted|p2a: Illumise\n|-damage|p2a: Illumise|217/266\n|-unboost|p2a: Illumise|spd|1\n|\n|upkeep\n|turn|2\n|\n|t:|1782881260\n|move|p2a: Illumise|Thunder Wave|p1a: Venusaur\n|-status|p1a: Venusaur|par\n|cant|p1a: Venusaur|par\n|\n|upkeep\n|turn|3\n|\n|t:|1782881262\n|switch|p2a: Yanmega|Yanmega, L82, M|275/275\n|cant|p1a: Venusaur|par\n|\n|upkeep\n|turn|4\n|\n|t:|1782881267\n|move|p2a: Yanmega|Air Slash|p1a: Venusaur\n|-supereffective|p1a: Venusaur\n|-damage|p1a: Venusaur|42/272 par\n|cant|p1a: Venusaur|par\n|\n|-heal|p1a: Venusaur|59/272 par|[from] item: Leftovers\n|upkeep\n|turn|5\n|\n|t:|1782881272\n|switch|p1a: Iron Thorns|Iron Thorns, L83|302/302\n|move|p2a: Yanmega|Air Slash|p1a: Iron Thorns\n|-resisted|p1a: Iron Thorns\n|-damage|p1a: Iron Thorns|260/302\n|\n|upkeep\n|turn|6\n|\n|t:|1782881279\n|switch|p2a: Sunflora|Sunflora, F|312/312\n|move|p1a: Iron Thorns|Stone Edge|p2a: Sunflora\n|-crit|p2a: Sunflora\n|-damage|p2a: Sunflora|89/312\n|\n|upkeep\n|turn|7\n|\n|t:|1782881289\n|move|p1a: Iron Thorns|Ice Punch|p2a: Sunflora\n|-supereffective|p2a: Sunflora\n|-damage|p2a: Sunflora|0 fnt\n|faint|p2a: Sunflora\n|\n|upkeep\n|\n|t:|1782881291\n|switch|p2a: Manaphy|Manaphy, L78|284/284\n|turn|8\n|\n|t:|1782881300\n|move|p2a: Manaphy|Tail Glow|p2a: Manaphy\n|-boost|p2a: Manaphy|spa|3\n|move|p1a: Iron Thorns|Wild Charge|p2a: Manaphy\n|-supereffective|p2a: Manaphy\n|-damage|p2a: Manaphy|66/284\n|-damage|p1a: Iron Thorns|205/302|[from] Recoil\n|\n|-heal|p2a: Manaphy|83/284|[from] item: Leftovers\n|upkeep\n|turn|9\n|\n|t:|1782881304\n|-end|p1a: Iron Thorns|Quark Drive|[silent]\n|switch|p1a: Venusaur|Venusaur, L84, M|59/272 par\n|move|p2a: Manaphy|Energy Ball|p1a: Venusaur\n|-resisted|p1a: Venusaur\n|-damage|p1a: Venusaur|26/272 par\n|\n|-heal|p2a: Manaphy|100/284|[from] item: Leftovers\n|-heal|p1a: Venusaur|43/272 par|[from] item: Leftovers\n|upkeep\n|turn|10\n|\n|t:|1782881308\n|move|p2a: Manaphy|Ice Beam|p1a: Venusaur\n|-supereffective|p1a: Venusaur\n|-damage|p1a: Venusaur|0 fnt\n|faint|p1a: Venusaur\n|\n|-heal|p2a: Manaphy|117/284|[from] item: Leftovers\n|upkeep\n|\n|t:|1782881328\n|switch|p1a: Lokix|Lokix, L82, M|251/251\n|turn|11\n|\n|t:|1782881333\n|move|p1a: Lokix|First Impression|p2a: Manaphy\n|-damage|p2a: Manaphy|8/284\n|-damage|p1a: Lokix|226/251|[from] item: Life Orb\n|move|p2a: Manaphy|Hydro Pump|p1a: Lokix\n|-damage|p1a: Lokix|0 fnt\n|faint|p1a: Lokix\n|\n|-heal|p2a: Manaphy|25/284|[from] item: Leftovers\n|upkeep\n|\n|t:|1782881346\n|switch|p1a: Gliscor|Gliscor, L76, M|239/239\n|turn|12\n|\n|t:|1782881352\n|-terastallize|p1a: Gliscor|Water\n|move|p2a: Manaphy|Ice Beam|p1a: Gliscor\n|-resisted|p1a: Gliscor\n|-damage|p1a: Gliscor|156/239\n|move|p1a: Gliscor|Earthquake|p2a: Manaphy\n|-damage|p2a: Manaphy|0 fnt\n|faint|p2a: Manaphy\n|\n|-status|p1a: Gliscor|tox|[from] item: Toxic Orb\n|upkeep\n|\n|t:|1782881355\n|switch|p2a: Yanmega|Yanmega, L82, M|275/275\n|turn|13\n|\n|t:|1782881361\n|move|p1a: Gliscor|Protect|p1a: Gliscor\n|-singleturn|p1a: Gliscor|Protect\n|move|p2a: Yanmega|Bug Buzz|p1a: Gliscor\n|-activate|p1a: Gliscor|move: Protect\n|\n|-heal|p1a: Gliscor|185/239 tox|[from] ability: Poison Heal\n|upkeep\n|turn|14\n|\n|t:|1782881369\n|move|p2a: Yanmega|Bug Buzz|p1a: Gliscor\n|-damage|p1a: Gliscor|8/239 tox\n|move|p1a: Gliscor|Toxic|p2a: Yanmega\n|-status|p2a: Yanmega|tox\n|\n|-damage|p2a: Yanmega|258/275 tox|[from] psn\n|-heal|p1a: Gliscor|37/239 tox|[from] ability: Poison Heal\n|upkeep\n|turn|15\n|\n|t:|1782881372\n|move|p1a: Gliscor|Protect|p1a: Gliscor\n|-singleturn|p1a: Gliscor|Protect\n|move|p2a: Yanmega|Bug Buzz|p1a: Gliscor\n|-activate|p1a: Gliscor|move: Protect\n|\n|-damage|p2a: Yanmega|224/275 tox|[from] psn\n|-heal|p1a: Gliscor|66/239 tox|[from] ability: Poison Heal\n|upkeep\n|turn|16\n|\n|t:|1782881380\n|switch|p1a: Chandelure|Chandelure, L83, F|235/235\n|move|p2a: Yanmega|Bug Buzz|p1a: Chandelure\n|-resisted|p1a: Chandelure\n|-damage|p1a: Chandelure|161/235\n|\n|-damage|p2a: Yanmega|173/275 tox|[from] psn\n|upkeep\n|turn|17\n|\n|t:|1782881384\n|switch|p2a: Clawitzer|Clawitzer, L87, M|265/265\n|move|p1a: Chandelure|Fire Blast|p2a: Clawitzer\n|-resisted|p2a: Clawitzer\n|-damage|p2a: Clawitzer|217/265\n|\n|upkeep\n|turn|18\n|\n|t:|1782881398\n|move|p1a: Chandelure|Energy Ball|p2a: Clawitzer\n|-supereffective|p2a: Clawitzer\n|-damage|p2a: Clawitzer|107/265\n|move|p2a: Clawitzer|Water Pulse|p1a: Chandelure\n|-supereffective|p1a: Chandelure\n|-damage|p1a: Chandelure|0 fnt\n|faint|p1a: Chandelure\n|\n|upkeep\n|\n|t:|1782881411\n|switch|p1a: Iron Thorns|Iron Thorns, L83|205/302\n|turn|19\n|\n|t:|1782881418\n|-terastallize|p2a: Clawitzer|Dragon\n|move|p1a: Iron Thorns|Wild Charge|p2a: Clawitzer\n|-resisted|p2a: Clawitzer\n|-damage|p2a: Clawitzer|49/265\n|-damage|p1a: Iron Thorns|190/302|[from] Recoil\n|move|p2a: Clawitzer|Water Pulse|p1a: Iron Thorns\n|-supereffective|p1a: Iron Thorns\n|-damage|p1a: Iron Thorns|22/302\n|\n|upkeep\n|turn|20\n|\n|t:|1782881424\n|move|p1a: Iron Thorns|Volt Switch|p2a: Clawitzer\n|-resisted|p2a: Clawitzer\n|-crit|p2a: Clawitzer\n|-damage|p2a: Clawitzer|19/265\n|\n|t:|1782881432\n|-end|p1a: Iron Thorns|Quark Drive|[silent]\n|switch|p1a: Gliscor|Gliscor, L76, M, tera:Water|66/239 tox|[from] Volt Switch\n|move|p2a: Clawitzer|Dragon Pulse|p1a: Gliscor\n|-damage|p1a: Gliscor|0 fnt\n|faint|p1a: Gliscor\n|\n|upkeep\n|\n|t:|1782881434\n|switch|p1a: Hitmonlee|Hitmonlee, L85, M|224/224\n|turn|21\n|\n|t:|1782881439\n|move|p1a: Hitmonlee|Knock Off|p2a: Clawitzer\n|-damage|p2a: Clawitzer|0 fnt\n|-enditem|p2a: Clawitzer|Assault Vest|[from] move: Knock Off|[of] p1a: Hitmonlee\n|faint|p2a: Clawitzer\n|\n|upkeep\n|\n|t:|1782881440\n|switch|p2a: Dachsbun|Dachsbun, L92, M|254/254\n|turn|22\n|\n|t:|1782881447\n|move|p2a: Dachsbun|Play Rough|p1a: Hitmonlee\n|-supereffective|p1a: Hitmonlee\n|-damage|p1a: Hitmonlee|0 fnt\n|faint|p1a: Hitmonlee\n|\n|upkeep\n|inactive|Gliscorthegoat has 120 seconds left.\n|-message|Gliscorthegoat forfeited.\n|\n|win|jnpr010334\n|raw|Gliscorthegoat's rating: 1589 &rarr; <strong>1573</strong><br />(-16 for losing)\n|raw|jnpr010334's rating: 1651 &rarr; <strong>1667</strong><br />(+16 for winning)\n", "inputlog": ">version f8ac14003a5f27e1bdc8d8c59608a773c1cb96e5\n>start {\"formatid\":\"gen9randombattle\",\"seed\":\"sodium,186ee8089b063408f06f2e3e624d71fa\",\"rated\":\"Rated battle\"}\n>player p1 {\"name\":\"Gliscorthegoat\",\"avatar\":\"cynthia\",\"rating\":1589,\"seed\":\"sodium,c877e4ddc55ffe15bc883208d7211c13\"}\n>player p2 {\"name\":\"jnpr010334\",\"avatar\":\"265\",\"rating\":1626,\"seed\":\"sodium,3b1989ebf0431a505c8d04d0785f2bc3\"}\n>p1 move energyball\n>p2 switch 5\n>p1 move sludgebomb\n>p2 move thunderwave\n>p1 move toxic\n>p2 switch 4\n>p1 move sludgebomb\n>p2 move airslash\n>p1 switch 3\n>p2 move airslash\n>p1 move stoneedge\n>p2 switch 2\n>p1 move icepunch\n>p2 move sunnyday\n>p2 switch 5\n>p1 move wildcharge\n>p2 move tailglow\n>p1 switch 3\n>p2 move energyball\n>p1 move energyball\n>p2 move icebeam\n>p1 switch 6\n>p1 move firstimpression\n>p2 move hydropump\n>p1 switch 4\n>p1 move earthquake terastallize\n>p2 move icebeam\n>p2 switch 2\n>p1 move protect\n>p2 move bugbuzz\n>p1 move toxic\n>p2 move bugbuzz\n>p1 move protect\n>p2 move bugbuzz\n>p1 switch 5\n>p2 move bugbuzz\n>p1 move fireblast\n>p2 switch 3\n>p1 move energyball\n>p2 move waterpulse\n>p1 switch 3\n>p1 move wildcharge\n>p2 move waterpulse terastallize\n>p1 move voltswitch\n>p2 move dragonpulse\n>p1 switch 5\n>p1 switch 2\n>p1 move knockoff\n>p2 move dragonpulse\n>p2 switch 6\n>p1 move poisonjab\n>p2 move playrough\n>forcelose p1", "uploadtime": 1782881506, "views": 2, "formatid": "gen9randombattle", "rating": 1573, "private": 0, "password": null, "player_dets": [{"name": "Gliscorthegoat", "avatar": "cynthia", "rating": 1589, "seed": "sodium,c877e4ddc55ffe15bc883208d7211c13"}, {"name": "jnpr010334", "avatar": "265", "rating": 1626, "seed": "sodium,3b1989ebf0431a505c8d04d0785f2bc3"}], "teams_full": [{"Venusaur": {"name": "Venusaur", "species": "Venusaur", "speciesId": "venusaur", "gender": "M", "shiny": false, "level": 84, "moves": ["synthesis", "energyball", "toxic", "sludgebomb"], "ability": "Overgrow", "evs": {"hp": 85, "atk": 0, "def": 85, "spa": 85, "spd": 85, "spe": 85}, "ivs": {"hp": 31, "atk": 0, "def": 31, "spa": 31, "spd": 31, "spe": 31}, "item": "Leftovers", "teraType": "Water", "role": "Bulky Attacker", "bvs": {"hp": 80, "atk": 82, "def": 83, "spa": 100, "spd": 100, "spe": 80}, "stats": {"hp": 272, "atk": 142, "def": 188, "spa": 216, "spd": 216, "spe": 183}, "types": ["Grass", "Poison"]}, "Hitmonlee": {"name": "Hitmonlee", "species": "Hitmonlee", "speciesId": "hitmonlee", "gender": "M", "shiny": false, "level": 85, "moves": ["knockoff", "closecombat", "swordsdance", "poisonjab"], "ability": "Unburden", "evs": {"hp": 85, "atk": 85, "def": 85, "spa": 85, "spd": 85, "spe": 85}, "ivs": {"hp": 31, "atk": 31, "def": 31, "spa": 31, "spd": 31, "spe": 31}, "item": "White Herb", "teraType": "Fighting", "role": "Setup Sweeper", "bvs": {"hp": 50, "atk": 120, "def": 53, "spa": 35, "spd": 110, "spe": 87}, "stats": {"hp": 224, "atk": 253, "def": 139, "spa": 108, "spd": 236, "spe": 197}, "types": ["Fighting"]}, "Iron Thorns": {"name": "Iron Thorns", "species": "Iron Thorns", "speciesId": "ironthorns", "gender": "N", "shiny": false, "level": 83, "moves": ["wildcharge", "stoneedge", "icepunch", "voltswitch"], "ability": "Quark Drive", "evs": {"hp": 85, "atk": 85, "def": 85, "spa": 85, "spd": 85, "spe": 85}, "ivs": {"hp": 31, "atk": 31, "def": 31, "spa": 31, "spd": 31, "spe": 31}, "item": "Assault Vest", "teraType": "Flying", "role": "Fast Support", "bvs": {"hp": 100, "atk": 134, "def": 110, "spa": 70, "spd": 84, "spe": 72}, "stats": {"hp": 302, "atk": 270, "def": 230, "spa": 164, "spd": 187, "spe": 167}, "types": ["Rock", "Electric"]}, "Gliscor": {"name": "Gliscor", "species": "Gliscor", "speciesId": "gliscor", "gender": "M", "shiny": false, "level": 76, "moves": ["earthquake", "protect", "toxic", "substitute"], "ability": "Poison Heal", "evs": {"hp": 85, "atk": 85, "def": 85, "spa": 85, "spd": 85, "spe": 85}, "ivs": {"hp": 31, "atk": 31, "def": 31, "spa": 31, "spd": 31, "spe": 31}, "item": "Toxic Orb", "teraType": "Water", "role": "Fast Support", "bvs": {"hp": 75, "atk": 95, "def": 125, "spa": 45, "spd": 75, "spe": 95}, "stats": {"hp": 239, "atk": 188, "def": 234, "spa": 112, "spd": 158, "spe": 188}, "types": ["Ground", "Flying"]}, "Chandelure": {"name": "Chandelure", "species": "Chandelure", "speciesId": "chandelure", "gender": "F", "shiny": false, "level": 83, "moves": ["shadowball", "energyball", "fireblast", "calmmind"], "ability": "Flash Fire", "evs": {"hp": 85, "atk": 0, "def": 85, "spa": 85, "spd": 85, "spe": 85}, "ivs": {"hp": 31, "atk": 0, "def": 31, "spa": 31, "spd": 31, "spe": 31}, "item": "Heavy-Duty Boots", "teraType": "Grass", "role": "Fast Bulky Setup", "bvs": {"hp": 60, "atk": 55, "def": 90, "spa": 145, "spd": 90, "spe": 80}, "stats": {"hp": 235, "atk": 96, "def": 197, "spa": 288, "spd": 197, "spe": 180}, "types": ["Ghost", "Fire"]}, "Lokix": {"name": "Lokix", "species": "Lokix", "speciesId": "lokix", "gender": "M", "shiny": false, "level": 82, "moves": ["leechlife", "knockoff", "suckerpunch", "firstimpression"], "ability": "Tinted Lens", "evs": {"hp": 85, "atk": 85, "def": 85, "spa": 85, "spd": 85, "spe": 85}, "ivs": {"hp": 31, "atk": 31, "def": 31, "spa": 31, "spd": 31, "spe": 31}, "item": "Life Orb", "teraType": "Bug", "role": "Wallbreaker", "bvs": {"hp": 71, "atk": 102, "def": 78, "spa": 52, "spd": 55, "spe": 92}, "stats": {"hp": 251, "atk": 214, "def": 175, "spa": 132, "spd": 137, "spe": 198}, "types": ["Bug", "Dark"]}}, {"Manaphy": {"name": "Manaphy", "species": "Manaphy", "speciesId": "manaphy", "gender": "N", "shiny": false, "level": 78, "moves": ["icebeam", "hydropump", "energyball", "tailglow"], "ability": "Hydration", "evs": {"hp": 85, "atk": 0, "def": 85, "spa": 85, "spd": 85, "spe": 85}, "ivs": {"hp": 31, "atk": 0, "def": 31, "spa": 31, "spd": 31, "spe": 31}, "item": "Leftovers", "teraType": "Grass", "role": "Bulky Setup", "bvs": {"hp": 100, "atk": 100, "def": 100, "spa": 100, "spd": 100, "spe": 100}, "stats": {"hp": 284, "atk": 161, "def": 201, "spa": 201, "spd": 201, "spe": 201}, "types": ["Water"]}, "Sunflora": {"name": "Sunflora", "species": "Sunflora", "speciesId": "sunflora", "gender": "F", "shiny": false, "level": 100, "moves": ["weatherball", "earthpower", "sunnyday", "solarbeam"], "ability": "Chlorophyll", "evs": {"hp": 85, "atk": 0, "def": 85, "spa": 85, "spd": 85, "spe": 85}, "ivs": {"hp": 31, "atk": 0, "def": 31, "spa": 31, "spd": 31, "spe": 31}, "item": "Life Orb", "teraType": "Fire", "role": "Setup Sweeper", "bvs": {"hp": 75, "atk": 75, "def": 55, "spa": 105, "spd": 85, "spe": 30}, "stats": {"hp": 312, "atk": 155, "def": 167, "spa": 267, "spd": 227, "spe": 117}, "types": ["Grass"]}, "Clawitzer": {"name": "Clawitzer", "species": "Clawitzer", "speciesId": "clawitzer", "gender": "M", "shiny": false, "level": 87, "moves": ["uturn", "dragonpulse", "darkpulse", "waterpulse"], "ability": "Mega Launcher", "evs": {"hp": 85, "atk": 85, "def": 85, "spa": 85, "spd": 85, "spe": 85}, "ivs": {"hp": 31, "atk": 31, "def": 31, "spa": 31, "spd": 31, "spe": 31}, "item": "Assault Vest", "teraType": "Dragon", "role": "AV Pivot", "bvs": {"hp": 71, "atk": 73, "def": 88, "spa": 120, "spd": 89, "spe": 59}, "stats": {"hp": 265, "atk": 177, "def": 203, "spa": 259, "spd": 205, "spe": 152}, "types": ["Water"]}, "Yanmega": {"name": "Yanmega", "species": "Yanmega", "speciesId": "yanmega", "gender": "M", "shiny": false, "level": 82, "moves": ["gigadrain", "bugbuzz", "airslash", "uturn"], "ability": "Tinted Lens", "evs": {"hp": 85, "atk": 85, "def": 85, "spa": 85, "spd": 85, "spe": 85}, "ivs": {"hp": 31, "atk": 31, "def": 31, "spa": 31, "spd": 31, "spe": 31}, "item": "Choice Specs", "teraType": "Bug", "role": "Wallbreaker", "bvs": {"hp": 86, "atk": 76, "def": 86, "spa": 116, "spd": 56, "spe": 95}, "stats": {"hp": 275, "atk": 172, "def": 188, "spa": 237, "spd": 139, "spe": 203}, "types": ["Bug", "Flying"]}, "Illumise": {"name": "Illumise", "species": "Illumise", "speciesId": "illumise", "gender": "F", "shiny": false, "level": 91, "moves": ["bugbuzz", "roost", "thunderwave", "encore"], "ability": "Prankster", "evs": {"hp": 85, "atk": 0, "def": 85, "spa": 85, "spd": 85, "spe": 85}, "ivs": {"hp": 31, "atk": 0, "def": 31, "spa": 31, "spd": 31, "spe": 31}, "item": "Heavy-Duty Boots", "teraType": "Water", "role": "Bulky Support", "bvs": {"hp": 65, "atk": 47, "def": 75, "spa": 73, "spd": 85, "spe": 85}, "stats": {"hp": 266, "atk": 90, "def": 188, "spa": 185, "spd": 207, "spe": 207}, "types": ["Bug"]}, "Dachsbun": {"name": "Dachsbun", "species": "Dachsbun", "speciesId": "dachsbun", "gender": "M", "shiny": false, "level": 92, "moves": ["protect", "playrough", "bodypress", "wish"], "ability": "Well-Baked Body", "evs": {"hp": 85, "atk": 85, "def": 85, "spa": 85, "spd": 85, "spe": 85}, "ivs": {"hp": 31, "atk": 31, "def": 31, "spa": 31, "spd": 31, "spe": 31}, "item": "Leftovers", "teraType": "Steel", "role": "Bulky Support", "bvs": {"hp": 57, "atk": 80, "def": 115, "spa": 50, "spd": 80, "spe": 95}, "stats": {"hp": 254, "atk": 200, "def": 264, "spa": 144, "spd": 200, "spe": 227}, "types": ["Fairy"]}}]}