{"id": "gen9randombattle-2641436782", "format": "[Gen 9] Random Battle", "players": ["notmetbh102", "Victory2000"], "log": "|badge|p1|bronze|gen9randombattle|100-9\n|html|<div class=\"broadcast-red\"><strong>This battle is required to be public due to one or more player having a season medal.</strong><br />During the public phase, you can discuss the state of the ladder <a href=\"/seasondiscussion\">in a special chatroom.</a></div>\n|uhtml|medal-msg|<div class=\"broadcast-blue\">Curious what those medals under the avatar are? PS now has Ladder Seasons! For more information, check out the <a href=\"https://www.smogon.com/forums/threads/3740067/\">thread on Smogon.</a></div>\n|j|\u2606notmetbh102\n|j|\u2606Victory2000\n|t:|1782784593\n|gametype|singles\n|player|p1|notmetbh102|2|2211\n|player|p2|Victory2000|hiker-gen4|2248\n|gen|9\n|tier|[Gen 9] Random Battle\n|rated|\n|rule|Species Clause: Limit one of each Pok\u00e9mon\n|rule|HP Percentage Mod: HP is shown in percentages\n|rule|Sleep Clause Mod: Limit one foe put to sleep\n|rule|Illusion Level Mod: Illusion disguises the Pok\u00e9mon's true level\n|\n|t:|1782784593\n|teamsize|p1|6\n|teamsize|p2|6\n|start\n|switch|p1a: Cetitan|Cetitan, L82, F|412/412\n|switch|p2a: Lokix|Lokix, L82, M|251/251\n|turn|1\n|inactive|Battle timer is ON: inactive players will automatically lose when time's up. (requested by notmetbh102)\n|c|\u2606notmetbh102|hf\n|\n|t:|1782784605\n|switch|p2a: Beartic|Beartic, L91, M|321/321\n|switch|p1a: Arceus|Arceus-Ground, L70|284/284\n|\n|upkeep\n|turn|2\n|\n|t:|1782784608\n|switch|p1a: Wyrdeer|Wyrdeer, L87, M|321/321\n|-ability|p1a: Wyrdeer|Intimidate|boost\n|-unboost|p2a: Beartic|atk|1\n|move|p2a: Beartic|Close Combat|p1a: Wyrdeer\n|-damage|p1a: Wyrdeer|191/321\n|-unboost|p2a: Beartic|def|1\n|-unboost|p2a: Beartic|spd|1\n|\n|-heal|p1a: Wyrdeer|211/321|[from] item: Leftovers\n|upkeep\n|turn|3\n|\n|t:|1782784619\n|switch|p2a: Orthworm|Orthworm, L88, F|266/266\n|move|p1a: Wyrdeer|Megahorn|p2a: Orthworm\n|-resisted|p2a: Orthworm\n|-damage|p2a: Orthworm|235/266\n|\n|-heal|p1a: Wyrdeer|231/321|[from] item: Leftovers\n|upkeep\n|turn|4\n|\n|t:|1782784624\n|switch|p1a: Crawdaunt|Crawdaunt, L84, F|243/243\n|move|p2a: Orthworm|Coil|p2a: Orthworm\n|-boost|p2a: Orthworm|atk|1\n|-boost|p2a: Orthworm|def|1\n|-boost|p2a: Orthworm|accuracy|1\n|\n|upkeep\n|turn|5\n|\n|t:|1782784626\n|switch|p1a: Hydreigon|Hydreigon, L79, F|275/275\n|move|p2a: Orthworm|Body Press|p1a: Hydreigon\n|-supereffective|p1a: Hydreigon\n|-damage|p1a: Hydreigon|7/275\n|\n|upkeep\n|turn|6\n|\n|t:|1782784629\n|switch|p2a: Azumarill|Azumarill, L82, F|298/298\n|move|p1a: Hydreigon|Fire Blast|p2a: Azumarill\n|-resisted|p2a: Azumarill\n|-damage|p2a: Azumarill|235/298\n|\n|upkeep\n|turn|7\n|\n|t:|1782784633\n|move|p1a: Hydreigon|Fire Blast|p2a: Azumarill\n|-resisted|p2a: Azumarill\n|-damage|p2a: Azumarill|166/298\n|move|p2a: Azumarill|Liquidation|p1a: Hydreigon\n|-resisted|p1a: Hydreigon\n|-damage|p1a: Hydreigon|0 fnt\n|faint|p1a: Hydreigon\n|\n|upkeep\n|\n|t:|1782784634\n|switch|p1a: Pikachu|Pikachu-Alola, L93, M|216/216\n|turn|8\n|\n|t:|1782784641\n|switch|p2a: Latias|Latias, L79, F|256/256\n|move|p1a: Pikachu|Volt Tackle|p2a: Latias\n|-resisted|p2a: Latias\n|-damage|p2a: Latias|157/256\n|-status|p2a: Latias|par\n|-damage|p1a: Pikachu|183/216|[from] Recoil\n|\n|upkeep\n|turn|9\n|\n|t:|1782784646\n|move|p1a: Pikachu|Knock Off|p2a: Latias\n|-supereffective|p2a: Latias\n|-damage|p2a: Latias|0 fnt\n|-enditem|p2a: Latias|Soul Dew|[from] move: Knock Off|[of] p1a: Pikachu\n|faint|p2a: Latias\n|\n|upkeep\n|\n|t:|1782784652\n|switch|p2a: Lokix|Lokix, L82, M|251/251\n|turn|10\n|\n|t:|1782784655\n|move|p2a: Lokix|First Impression|p1a: Pikachu\n|-crit|p1a: Pikachu\n|-damage|p1a: Pikachu|0 fnt\n|faint|p1a: Pikachu\n|-damage|p2a: Lokix|226/251|[from] item: Life Orb\n|\n|upkeep\n|\n|t:|1782784656\n|switch|p1a: Arceus|Arceus-Ground, L70|284/284\n|turn|11\n|\n|t:|1782784669\n|switch|p2a: Azumarill|Azumarill, L82, F|166/298\n|move|p1a: Arceus|Calm Mind|p1a: Arceus\n|-boost|p1a: Arceus|spa|1\n|-boost|p1a: Arceus|spd|1\n|\n|upkeep\n|turn|12\n|\n|t:|1782784679\n|move|p2a: Azumarill|Aqua Jet|p1a: Arceus\n|-supereffective|p1a: Arceus\n|-crit|p1a: Arceus\n|-damage|p1a: Arceus|140/284\n|move|p1a: Arceus|Judgment|p2a: Azumarill\n|-damage|p2a: Azumarill|0 fnt\n|faint|p2a: Azumarill\n|\n|upkeep\n|\n|t:|1782784701\n|switch|p2a: Lokix|Lokix, L82, M|226/251\n|turn|13\n|\n|t:|1782784703\n|-terastallize|p2a: Lokix|Bug\n|move|p2a: Lokix|First Impression|p1a: Arceus\n|-damage|p1a: Arceus|0 fnt\n|faint|p1a: Arceus\n|-damage|p2a: Lokix|201/251|[from] item: Life Orb\n|\n|upkeep\n|\n|t:|1782784704\n|switch|p1a: Cetitan|Cetitan, L82, F|412/412\n|turn|14\n|\n|t:|1782784708\n|move|p2a: Lokix|Knock Off|p1a: Cetitan\n|-damage|p1a: Cetitan|252/412\n|-enditem|p1a: Cetitan|Sitrus Berry|[from] move: Knock Off|[of] p2a: Lokix\n|-damage|p2a: Lokix|176/251|[from] item: Life Orb\n|move|p1a: Cetitan|Belly Drum|p1a: Cetitan\n|-damage|p1a: Cetitan|46/412\n|-setboost|p1a: Cetitan|atk|6|[from] move: Belly Drum\n|\n|upkeep\n|turn|15\n|\n|t:|1782784715\n|switch|p2a: Beartic|Beartic, L91, M|321/321\n|move|p1a: Cetitan|Ice Shard|p2a: Beartic\n|-resisted|p2a: Beartic\n|-damage|p2a: Beartic|236/321\n|\n|upkeep\n|turn|16\n|\n|t:|1782784718\n|move|p2a: Beartic|Aqua Jet|p1a: Cetitan\n|-damage|p1a: Cetitan|0 fnt\n|faint|p1a: Cetitan\n|\n|upkeep\n|\n|t:|1782784719\n|switch|p1a: Crawdaunt|Crawdaunt, L84, F|243/243\n|turn|17\n|\n|t:|1782784728\n|switch|p2a: Dialga|Dialga, L73|266/266\n|-ability|p2a: Dialga|Pressure\n|move|p1a: Crawdaunt|Dragon Dance|p1a: Crawdaunt\n|-boost|p1a: Crawdaunt|atk|1\n|-boost|p1a: Crawdaunt|spe|1\n|\n|upkeep\n|turn|18\n|\n|t:|1782784733\n|move|p1a: Crawdaunt|Knock Off|p2a: Dialga\n|-damage|p2a: Dialga|1/266\n|-enditem|p2a: Dialga|Leftovers|[from] move: Knock Off|[of] p1a: Crawdaunt\n|-damage|p1a: Crawdaunt|219/243|[from] item: Life Orb\n|move|p2a: Dialga|Draco Meteor|p1a: Crawdaunt\n|-damage|p1a: Crawdaunt|18/243\n|-unboost|p2a: Dialga|spa|2\n|\n|upkeep\n|turn|19\n|\n|t:|1782784735\n|switch|p1a: Wyrdeer|Wyrdeer, L87, M|231/321\n|-ability|p1a: Wyrdeer|Intimidate|boost\n|-unboost|p2a: Dialga|atk|1\n|move|p2a: Dialga|Draco Meteor|p1a: Wyrdeer\n|-damage|p1a: Wyrdeer|147/321\n|-unboost|p2a: Dialga|spa|2\n|\n|-heal|p1a: Wyrdeer|167/321|[from] item: Leftovers\n|upkeep\n|turn|20\n|\n|t:|1782784738\n|move|p2a: Dialga|Thunder Wave|p1a: Wyrdeer\n|-status|p1a: Wyrdeer|par\n|cant|p1a: Wyrdeer|par\n|\n|-heal|p1a: Wyrdeer|187/321 par|[from] item: Leftovers\n|upkeep\n|turn|21\n|\n|t:|1782784741\n|move|p2a: Dialga|Heavy Slam|p1a: Wyrdeer\n|-damage|p1a: Wyrdeer|102/321 par\n|move|p1a: Wyrdeer|Psychic Noise|p2a: Dialga\n|-resisted|p2a: Dialga\n|-damage|p2a: Dialga|0 fnt\n|faint|p2a: Dialga\n|\n|-heal|p1a: Wyrdeer|122/321 par|[from] item: Leftovers\n|upkeep\n|\n|t:|1782784744\n|switch|p2a: Orthworm|Orthworm, L88, F|235/266\n|turn|22\n|\n|t:|1782784745\n|move|p2a: Orthworm|Coil|p2a: Orthworm\n|-boost|p2a: Orthworm|atk|1\n|-boost|p2a: Orthworm|def|1\n|-boost|p2a: Orthworm|accuracy|1\n|move|p1a: Wyrdeer|Psychic Noise|p2a: Orthworm\n|-resisted|p2a: Orthworm\n|-damage|p2a: Orthworm|173/266\n|-start|p2a: Orthworm|move: Heal Block\n|\n|-heal|p1a: Wyrdeer|142/321 par|[from] item: Leftovers\n|upkeep\n|turn|23\n|\n|t:|1782784747\n|switch|p1a: Crawdaunt|Crawdaunt, L84, F|18/243\n|move|p2a: Orthworm|Body Press|p1a: Crawdaunt\n|-supereffective|p1a: Crawdaunt\n|-damage|p1a: Crawdaunt|0 fnt\n|faint|p1a: Crawdaunt\n|\n|-end|p2a: Orthworm|move: Heal Block\n|upkeep\n|\n|t:|1782784747\n|switch|p1a: Wyrdeer|Wyrdeer, L87, M|142/321 par\n|-ability|p1a: Wyrdeer|Intimidate|boost\n|-unboost|p2a: Orthworm|atk|1\n|turn|24\n|\n|t:|1782784749\n|move|p2a: Orthworm|Body Press|p1a: Wyrdeer\n|-damage|p1a: Wyrdeer|4/321 par\n|move|p1a: Wyrdeer|Earthquake|p2a: Orthworm\n|-heal|p2a: Orthworm|239/266|[from] ability: Earth Eater|[of] p1a: Wyrdeer\n|\n|-heal|p1a: Wyrdeer|24/321 par|[from] item: Leftovers\n|upkeep\n|turn|25\n|\n|t:|1782784751\n|move|p2a: Orthworm|Body Press|p1a: Wyrdeer\n|-damage|p1a: Wyrdeer|0 fnt\n|faint|p1a: Wyrdeer\n|\n|win|Victory2000\n|raw|notmetbh102's rating: 2211 &rarr; <strong>2193</strong><br />(-18 for losing)\n|raw|Victory2000's rating: 2248 &rarr; <strong>2266</strong><br />(+18 for winning)\n|c|\u2606notmetbh102|gg\n", "inputlog": ">version f8ac14003a5f27e1bdc8d8c59608a773c1cb96e5\n>start {\"formatid\":\"gen9randombattle\",\"seed\":\"sodium,e42fcbb29fe4c3934f3b6218f3fbd376\",\"rated\":\"Rated battle\"}\n>player p1 {\"name\":\"notmetbh102\",\"avatar\":\"2\",\"rating\":2211,\"seed\":\"sodium,ca1aa5473e0f40fdaee1f84b101095d7\"}\n>player p2 {\"name\":\"Victory2000\",\"avatar\":\"hiker-gen4\",\"rating\":2248,\"seed\":\"sodium,9cd303fbcccb15c8a5d77f6a99bf75e9\"}\n>chat \u2606notmetbh102|hf\n>p1 switch 3\n>p2 switch 2\n>p1 switch 6\n>p2 move closecombat\n>p1 move megahorn\n>p2 switch 6\n>p1 switch 5\n>p2 move coil\n>p1 switch 4\n>p2 move bodypress\n>p1 move fireblast\n>p2 switch 5\n>p1 move fireblast\n>p2 move liquidation\n>p1 switch 2\n>p1 move volttackle\n>p2 switch 3\n>p1 move knockoff\n>p2 move dracometeor\n>p2 switch 2\n>p1 move voltswitch\n>p2 move firstimpression\n>p1 switch 6\n>p1 move calmmind\n>p2 switch 3\n>p1 move judgment\n>p2 move aquajet\n>p2 switch 3\n>p1 move recover\n>p2 move firstimpression terastallize\n>p1 switch 3\n>p1 move bellydrum\n>p2 move knockoff\n>p1 move iceshard\n>p2 switch 6\n>p1 move earthquake\n>p2 move aquajet\n>p1 switch 4\n>p1 move dragondance\n>p2 switch 4\n>p1 move knockoff\n>p2 move dracometeor\n>p1 switch 5\n>p2 move dracometeor\n>p1 move psychicnoise\n>p2 move thunderwave\n>p1 move psychicnoise\n>p2 move heavyslam\n>p2 switch 5\n>p1 move psychicnoise\n>p2 move coil\n>p1 switch 5\n>p2 move bodypress\n>p1 switch 5\n>p1 move earthquake\n>p2 move bodypress\n>p1 move megahorn\n>p2 move bodypress", "uploadtime": 1782784595, "views": 9, "formatid": "gen9randombattle", "rating": 2193, "private": 0, "password": null, "player_dets": [{"name": "notmetbh102", "avatar": "2", "rating": 2211, "seed": "sodium,ca1aa5473e0f40fdaee1f84b101095d7"}, {"name": "Victory2000", "avatar": "hiker-gen4", "rating": 2248, "seed": "sodium,9cd303fbcccb15c8a5d77f6a99bf75e9"}], "teams_full": [{"Cetitan": {"name": "Cetitan", "species": "Cetitan", "speciesId": "cetitan", "gender": "F", "shiny": false, "level": 82, "moves": ["earthquake", "bellydrum", "iceshard", "icespinner"], "ability": "Thick Fat", "evs": {"hp": 81, "atk": 85, "def": 85, "spa": 85, "spd": 85, "spe": 85}, "ivs": {"hp": 31, "atk": 31, "def": 31, "spa": 31, "spd": 31, "spe": 31}, "item": "Sitrus Berry", "teraType": "Ice", "role": "Bulky Setup", "bvs": {"hp": 170, "atk": 113, "def": 65, "spa": 45, "spd": 55, "spe": 73}, "stats": {"hp": 412, "atk": 232, "def": 154, "spa": 121, "spd": 137, "spe": 167}, "types": ["Ice"]}, "Pikachu": {"name": "Pikachu", "species": "Pikachu-Alola", "speciesId": "pikachu", "gender": "M", "shiny": false, "level": 93, "moves": ["volttackle", "voltswitch", "knockoff", "surf"], "ability": "Lightning Rod", "evs": {"hp": 85, "atk": 85, "def": 85, "spa": 85, "spd": 85, "spe": 85}, "ivs": {"hp": 31, "atk": 31, "def": 31, "spa": 31, "spd": 31, "spe": 31}, "item": "Light Ball", "teraType": "Water", "role": "Fast Attacker", "bvs": {"hp": 35, "atk": 55, "def": 40, "spa": 50, "spd": 50, "spe": 90}, "stats": {"hp": 216, "atk": 155, "def": 127, "spa": 146, "spd": 146, "spe": 220}, "types": ["Electric"]}, "Arceus": {"name": "Arceus", "species": "Arceus-Ground", "speciesId": "arceusground", "gender": "N", "shiny": false, "level": 70, "moves": ["icebeam", "calmmind", "recover", "judgment"], "ability": "Multitype", "evs": {"hp": 85, "atk": 0, "def": 85, "spa": 85, "spd": 85, "spe": 85}, "ivs": {"hp": 31, "atk": 0, "def": 31, "spa": 31, "spd": 31, "spe": 31}, "item": "Earth Plate", "teraType": "Ground", "role": "Bulky Setup", "bvs": {"hp": 120, "atk": 120, "def": 120, "spa": 120, "spd": 120, "spe": 120}, "stats": {"hp": 284, "atk": 173, "def": 209, "spa": 209, "spd": 209, "spe": 209}, "types": ["Ground"]}, "Hydreigon": {"name": "Hydreigon", "species": "Hydreigon", "speciesId": "hydreigon", "gender": "F", "shiny": false, "level": 79, "moves": ["fireblast", "dracometeor", "darkpulse", "uturn"], "ability": "Levitate", "evs": {"hp": 85, "atk": 85, "def": 85, "spa": 85, "spd": 85, "spe": 85}, "ivs": {"hp": 31, "atk": 31, "def": 31, "spa": 31, "spd": 31, "spe": 31}, "item": "Choice Specs", "teraType": "Dark", "role": "Fast Attacker", "bvs": {"hp": 92, "atk": 105, "def": 90, "spa": 125, "spd": 90, "spe": 98}, "stats": {"hp": 275, "atk": 211, "def": 188, "spa": 243, "spd": 188, "spe": 200}, "types": ["Dark", "Dragon"]}, "Crawdaunt": {"name": "Crawdaunt", "species": "Crawdaunt", "speciesId": "crawdaunt", "gender": "F", "shiny": false, "level": 84, "moves": ["dragondance", "knockoff", "crabhammer", "closecombat"], "ability": "Adaptability", "evs": {"hp": 85, "atk": 85, "def": 85, "spa": 85, "spd": 85, "spe": 85}, "ivs": {"hp": 31, "atk": 31, "def": 31, "spa": 31, "spd": 31, "spe": 31}, "item": "Life Orb", "teraType": "Fighting", "role": "Fast Attacker", "bvs": {"hp": 63, "atk": 120, "def": 85, "spa": 90, "spd": 55, "spe": 55}, "stats": {"hp": 243, "atk": 250, "def": 191, "spa": 199, "spd": 141, "spe": 141}, "types": ["Water", "Dark"]}, "Wyrdeer": {"name": "Wyrdeer", "species": "Wyrdeer", "speciesId": "wyrdeer", "gender": "M", "shiny": false, "level": 87, "moves": ["thunderwave", "megahorn", "psychicnoise", "earthquake"], "ability": "Intimidate", "evs": {"hp": 85, "atk": 85, "def": 85, "spa": 85, "spd": 85, "spe": 85}, "ivs": {"hp": 31, "atk": 31, "def": 31, "spa": 31, "spd": 31, "spe": 31}, "item": "Leftovers", "teraType": "Ground", "role": "Bulky Attacker", "bvs": {"hp": 103, "atk": 105, "def": 72, "spa": 105, "spd": 75, "spe": 65}, "stats": {"hp": 321, "atk": 232, "def": 175, "spa": 232, "spd": 180, "spe": 163}, "types": ["Normal", "Psychic"]}}, {"Lokix": {"name": "Lokix", "species": "Lokix", "speciesId": "lokix", "gender": "M", "shiny": false, "level": 82, "moves": ["suckerpunch", "firstimpression", "leechlife", "knockoff"], "ability": "Tinted Lens", "evs": {"hp": 85, "atk": 85, "def": 85, "spa": 85, "spd": 85, "spe": 85}, "ivs": {"hp": 31, "atk": 31, "def": 31, "spa": 31, "spd": 31, "spe": 31}, "item": "Life Orb", "teraType": "Bug", "role": "Wallbreaker", "bvs": {"hp": 71, "atk": 102, "def": 78, "spa": 52, "spd": 55, "spe": 92}, "stats": {"hp": 251, "atk": 214, "def": 175, "spa": 132, "spd": 137, "spe": 198}, "types": ["Bug", "Dark"]}, "Beartic": {"name": "Beartic", "species": "Beartic", "speciesId": "beartic", "gender": "M", "shiny": false, "level": 91, "moves": ["closecombat", "aquajet", "earthquake", "iciclecrash"], "ability": "Slush Rush", "evs": {"hp": 85, "atk": 85, "def": 85, "spa": 85, "spd": 85, "spe": 85}, "ivs": {"hp": 31, "atk": 31, "def": 31, "spa": 31, "spd": 31, "spe": 31}, "item": "Choice Band", "teraType": "Fighting", "role": "Wallbreaker", "bvs": {"hp": 95, "atk": 130, "def": 80, "spa": 70, "spd": 80, "spe": 50}, "stats": {"hp": 321, "atk": 288, "def": 197, "spa": 179, "spd": 197, "spe": 143}, "types": ["Ice"]}, "Latias": {"name": "Latias", "species": "Latias", "speciesId": "latias", "gender": "F", "shiny": false, "level": 79, "moves": ["psyshock", "dracometeor", "calmmind", "recover"], "ability": "Levitate", "evs": {"hp": 85, "atk": 0, "def": 85, "spa": 85, "spd": 85, "spe": 85}, "ivs": {"hp": 31, "atk": 0, "def": 31, "spa": 31, "spd": 31, "spe": 31}, "item": "Soul Dew", "teraType": "Steel", "role": "Fast Bulky Setup", "bvs": {"hp": 80, "atk": 80, "def": 90, "spa": 110, "spd": 130, "spe": 110}, "stats": {"hp": 256, "atk": 131, "def": 188, "spa": 219, "spd": 251, "spe": 219}, "types": ["Dragon", "Psychic"]}, "Dialga": {"name": "Dialga", "species": "Dialga", "speciesId": "dialga", "gender": "N", "shiny": false, "level": 73, "moves": ["fireblast", "thunderwave", "dracometeor", "heavyslam"], "ability": "Pressure", "evs": {"hp": 85, "atk": 85, "def": 85, "spa": 85, "spd": 85, "spe": 85}, "ivs": {"hp": 31, "atk": 31, "def": 31, "spa": 31, "spd": 31, "spe": 31}, "item": "Leftovers", "teraType": "Steel", "role": "Bulky Attacker", "bvs": {"hp": 100, "atk": 120, "def": 120, "spa": 150, "spd": 100, "spe": 90}, "stats": {"hp": 266, "atk": 218, "def": 218, "spa": 261, "spd": 188, "spe": 174}, "types": ["Steel", "Dragon"]}, "Azumarill": {"name": "Azumarill", "species": "Azumarill", "speciesId": "azumarill", "gender": "F", "shiny": false, "level": 82, "moves": ["liquidation", "bellydrum", "aquajet", "playrough"], "ability": "Huge Power", "evs": {"hp": 85, "atk": 85, "def": 85, "spa": 85, "spd": 85, "spe": 85}, "ivs": {"hp": 31, "atk": 31, "def": 31, "spa": 31, "spd": 31, "spe": 31}, "item": "Sitrus Berry", "teraType": "Water", "role": "Bulky Attacker", "bvs": {"hp": 100, "atk": 50, "def": 80, "spa": 60, "spd": 80, "spe": 50}, "stats": {"hp": 298, "atk": 129, "def": 178, "spa": 146, "spd": 178, "spe": 129}, "types": ["Water", "Fairy"]}, "Orthworm": {"name": "Orthworm", "species": "Orthworm", "speciesId": "orthworm", "gender": "F", "shiny": false, "level": 88, "moves": ["bodypress", "coil", "irontail", "rest"], "ability": "Earth Eater", "evs": {"hp": 85, "atk": 85, "def": 85, "spa": 85, "spd": 85, "spe": 85}, "ivs": {"hp": 31, "atk": 31, "def": 31, "spa": 31, "spd": 31, "spe": 31}, "item": "Chesto Berry", "teraType": "Fighting", "role": "Bulky Setup", "bvs": {"hp": 70, "atk": 85, "def": 145, "spa": 60, "spd": 55, "spe": 65}, "stats": {"hp": 266, "atk": 200, "def": 305, "spa": 156, "spd": 147, "spe": 165}, "types": ["Steel"]}}]}