{"id": "gen9randombattle-2641588151", "format": "[Gen 9] Random Battle", "players": ["testbotcif", "lessless"], "log": "|j|\u2606testbotcif\n|j|\u2606lessless\n|t:|1782813926\n|gametype|singles\n|player|p1|testbotcif|266|1134\n|player|p2|lessless|266|1085\n|gen|9\n|tier|[Gen 9] Random Battle\n|rated|\n|rule|Species Clause: Limit one of each Pok\u00e9mon\n|rule|HP Percentage Mod: HP is shown in percentages\n|rule|Sleep Clause Mod: Limit one foe put to sleep\n|rule|Illusion Level Mod: Illusion disguises the Pok\u00e9mon's true level\n|\n|t:|1782813926\n|teamsize|p1|6\n|teamsize|p2|6\n|start\n|switch|p1a: Magearna|Magearna, L77|250/250\n|switch|p2a: Ting-Lu|Ting-Lu, L78|370/370\n|-ability|p2a: Ting-Lu|Vessel of Ruin\n|turn|1\n|inactive|Battle timer is ON: inactive players will automatically lose when time's up. (requested by testbotcif)\n|c|\u2606testbotcif|rlhf\n|inactive|lessless has 120 seconds left.\n|\n|t:|1782813960\n|-terastallize|p1a: Magearna|Ground\n|move|p1a: Magearna|Shift Gear|p1a: Magearna\n|-boost|p1a: Magearna|spe|2\n|-boost|p1a: Magearna|atk|1\n|move|p2a: Ting-Lu|Stealth Rock|p1a: Magearna\n|-sidestart|p1: testbotcif|move: Stealth Rock\n|\n|upkeep\n|turn|2\n|inactive|lessless has 120 seconds left.\n|\n|t:|1782813999\n|move|p1a: Magearna|Fleur Cannon|p2a: Ting-Lu\n|-supereffective|p2a: Ting-Lu\n|-damage|p2a: Ting-Lu|104/370\n|-unboost|p1a: Magearna|spa|2\n|move|p2a: Ting-Lu|Spikes|p1a: Magearna\n|-sidestart|p1: testbotcif|Spikes\n|\n|-heal|p2a: Ting-Lu|127/370|[from] item: Leftovers\n|upkeep\n|turn|3\n|inactive|lessless has 120 seconds left.\n|\n|t:|1782814010\n|move|p1a: Magearna|Fleur Cannon|p2a: Ting-Lu\n|-supereffective|p2a: Ting-Lu\n|-damage|p2a: Ting-Lu|7/370\n|-unboost|p1a: Magearna|spa|2\n|move|p2a: Ting-Lu|Earthquake|p1a: Magearna\n|-damage|p1a: Magearna|166/250\n|\n|-heal|p2a: Ting-Lu|30/370|[from] item: Leftovers\n|upkeep\n|turn|4\n|inactive|lessless has 120 seconds left.\n|\n|t:|1782814025\n|move|p1a: Magearna|Iron Head|p2a: Ting-Lu\n|-damage|p2a: Ting-Lu|0 fnt\n|faint|p2a: Ting-Lu\n|-ability|p1a: Magearna|Soul-Heart|boost\n|-boost|p1a: Magearna|spa|1\n|\n|upkeep\n|\n|t:|1782814047\n|switch|p2a: Sceptile|Sceptile, L87, F|264/264\n|turn|5\n|\n|t:|1782814058\n|move|p1a: Magearna|Iron Head|p2a: Sceptile\n|-damage|p2a: Sceptile|143/264\n|move|p2a: Sceptile|Leaf Storm|p1a: Magearna\n|-supereffective|p1a: Magearna\n|-damage|p1a: Magearna|0 fnt\n|-unboost|p2a: Sceptile|spa|2\n|faint|p1a: Magearna\n|-damage|p2a: Sceptile|117/264|[from] item: Life Orb\n|\n|upkeep\n|\n|t:|1782814059\n|switch|p1a: Charizard|Charizard, L85, M|271/271\n|turn|6\n|\n|t:|1782814077\n|move|p2a: Sceptile|Rock Slide|p1a: Charizard\n|-supereffective|p1a: Charizard\n|-damage|p1a: Charizard|0 fnt\n|faint|p1a: Charizard\n|-damage|p2a: Sceptile|91/264|[from] item: Life Orb\n|\n|upkeep\n|\n|t:|1782814078\n|switch|p1a: Grafaiai|Grafaiai, L86, M|249/249\n|-damage|p1a: Grafaiai|218/249|[from] Stealth Rock\n|-damage|p1a: Grafaiai|187/249|[from] Spikes\n|turn|7\n|\n|t:|1782814092\n|move|p2a: Sceptile|Earthquake|p1a: Grafaiai\n|-supereffective|p1a: Grafaiai\n|-damage|p1a: Grafaiai|0 fnt\n|faint|p1a: Grafaiai\n|-damage|p2a: Sceptile|65/264|[from] item: Life Orb\n|\n|upkeep\n|\n|t:|1782814092\n|switch|p1a: Brute Bonnet|Brute Bonnet, L80|309/309\n|-damage|p1a: Brute Bonnet|271/309|[from] Stealth Rock\n|-damage|p1a: Brute Bonnet|233/309|[from] Spikes\n|turn|8\n|\n|t:|1782814106\n|move|p1a: Brute Bonnet|Sucker Punch|p2a: Sceptile\n|-damage|p2a: Sceptile|0 fnt\n|faint|p2a: Sceptile\n|\n|-heal|p1a: Brute Bonnet|252/309|[from] item: Leftovers\n|upkeep\n|\n|t:|1782814116\n|switch|p2a: Espathra|Espathra, L80, F|283/283\n|turn|9\n|inactive|lessless has 90 seconds left.\n|inactive|lessless has 60 seconds left.\n|inactive|lessless has 30 seconds left.\n|inactive|lessless has 20 seconds left.\n|inactive|lessless has 15 seconds left.\n|inactive|lessless has 10 seconds left.\n|inactive|lessless has 5 seconds left.\n|-message|lessless lost due to inactivity.\n|\n|win|testbotcif\n|raw|testbotcif's rating: 1134 &rarr; <strong>1155</strong><br />(+21 for winning)\n|raw|lessless's rating: 1085 &rarr; <strong>1065</strong><br />(-20 for losing)\n", "inputlog": ">version f8ac14003a5f27e1bdc8d8c59608a773c1cb96e5\n>start {\"formatid\":\"gen9randombattle\",\"seed\":\"sodium,983f672bcc17b5a6cda1c50f76a16b29\",\"rated\":\"Rated battle\"}\n>player p1 {\"name\":\"testbotcif\",\"avatar\":\"266\",\"rating\":1134,\"seed\":\"sodium,d8d527c14418cd6fb28cc19b12eedd42\"}\n>player p2 {\"name\":\"lessless\",\"avatar\":\"266\",\"rating\":1085,\"seed\":\"sodium,2ac2d771fce26536e83a878375b85e1d\"}\n>chat \u2606testbotcif|rlhf\n>p1 move shiftgear terastallize\n>p2 move stealthrock\n>p1 move fleurcannon\n>p2 move spikes\n>p1 move fleurcannon\n>p2 move earthquake\n>p1 move ironhead\n>p2 move stealthrock\n>p2 switch 5\n>p1 move ironhead\n>p2 move leafstorm\n>p1 switch 5\n>p1 move swordsdance\n>p2 move rockslide\n>p1 switch 2\n>p1 move gunkshot\n>p2 move earthquake\n>p1 switch 6\n>p1 move suckerpunch\n>p2 move focusblast\n>p2 switch 6\n>forcelose p2", "uploadtime": 1782814231, "views": 10, "formatid": "gen9randombattle", "rating": 1065, "private": 0, "password": null, "player_dets": [{"name": "testbotcif", "avatar": "266", "rating": 1134, "seed": "sodium,d8d527c14418cd6fb28cc19b12eedd42"}, {"name": "lessless", "avatar": "266", "rating": 1085, "seed": "sodium,2ac2d771fce26536e83a878375b85e1d"}], "teams_full": [{"Magearna": {"name": "Magearna", "species": "Magearna", "speciesId": "magearna", "gender": "N", "shiny": false, "level": 77, "moves": ["terablast", "ironhead", "shiftgear", "fleurcannon"], "ability": "Soul-Heart", "evs": {"hp": 85, "atk": 85, "def": 85, "spa": 85, "spd": 85, "spe": 85}, "ivs": {"hp": 31, "atk": 31, "def": 31, "spa": 31, "spd": 31, "spe": 31}, "item": "Weakness Policy", "teraType": "Ground", "role": "Tera Blast user", "bvs": {"hp": 80, "atk": 95, "def": 115, "spa": 130, "spd": 115, "spe": 65}, "stats": {"hp": 250, "atk": 191, "def": 222, "spa": 245, "spd": 222, "spe": 145}, "types": ["Steel", "Fairy"]}, "Grafaiai": {"name": "Grafaiai", "species": "Grafaiai", "speciesId": "grafaiai", "gender": "M", "shiny": false, "level": 86, "moves": ["gunkshot", "knockoff", "uturn", "superfang"], "ability": "Poison Touch", "evs": {"hp": 85, "atk": 85, "def": 85, "spa": 85, "spd": 85, "spe": 85}, "ivs": {"hp": 31, "atk": 31, "def": 31, "spa": 31, "spd": 31, "spe": 31}, "item": "Assault Vest", "teraType": "Dark", "role": "AV Pivot", "bvs": {"hp": 63, "atk": 95, "def": 65, "spa": 80, "spd": 72, "spe": 110}, "stats": {"hp": 249, "atk": 213, "def": 161, "spa": 187, "spd": 173, "spe": 238}, "types": ["Poison", "Normal"]}, "Alomomola": {"name": "Alomomola", "species": "Alomomola", "speciesId": "alomomola", "gender": "F", "shiny": false, "level": 87, "moves": ["protect", "wish", "scald", "flipturn"], "ability": "Regenerator", "evs": {"hp": 85, "atk": 85, "def": 85, "spa": 85, "spd": 85, "spe": 85}, "ivs": {"hp": 31, "atk": 31, "def": 31, "spa": 31, "spd": 31, "spe": 31}, "item": "Heavy-Duty Boots", "teraType": "Poison", "role": "Fast Support", "bvs": {"hp": 165, "atk": 75, "def": 80, "spa": 40, "spd": 45, "spe": 65}, "stats": {"hp": 429, "atk": 180, "def": 189, "spa": 119, "spd": 128, "spe": 163}, "types": ["Water"]}, "Galvantula": {"name": "Galvantula", "species": "Galvantula", "speciesId": "galvantula", "gender": "M", "shiny": false, "level": 82, "moves": ["stickyweb", "thunder", "bugbuzz", "voltswitch"], "ability": "Compound Eyes", "evs": {"hp": 85, "atk": 0, "def": 85, "spa": 85, "spd": 85, "spe": 85}, "ivs": {"hp": 31, "atk": 0, "def": 31, "spa": 31, "spd": 31, "spe": 31}, "item": "Heavy-Duty Boots", "teraType": "Electric", "role": "Fast Support", "bvs": {"hp": 70, "atk": 77, "def": 60, "spa": 97, "spd": 60, "spe": 108}, "stats": {"hp": 249, "atk": 131, "def": 146, "spa": 206, "spd": 146, "spe": 224}, "types": ["Bug", "Electric"]}, "Charizard": {"name": "Charizard", "species": "Charizard", "speciesId": "charizard", "gender": "M", "shiny": false, "level": 85, "moves": ["flareblitz", "swordsdance", "earthquake", "outrage"], "ability": "Blaze", "evs": {"hp": 85, "atk": 85, "def": 85, "spa": 85, "spd": 85, "spe": 85}, "ivs": {"hp": 31, "atk": 31, "def": 31, "spa": 31, "spd": 31, "spe": 31}, "item": "Heavy-Duty Boots", "teraType": "Ground", "role": "Setup Sweeper", "bvs": {"hp": 78, "atk": 84, "def": 78, "spa": 109, "spd": 85, "spe": 100}, "stats": {"hp": 271, "atk": 192, "def": 181, "spa": 234, "spd": 193, "spe": 219}, "types": ["Fire", "Flying"]}, "Brute Bonnet": {"name": "Brute Bonnet", "species": "Brute Bonnet", "speciesId": "brutebonnet", "gender": "N", "shiny": false, "level": 80, "moves": ["spore", "seedbomb", "suckerpunch", "crunch"], "ability": "Protosynthesis", "evs": {"hp": 85, "atk": 85, "def": 85, "spa": 85, "spd": 85, "spe": 85}, "ivs": {"hp": 31, "atk": 31, "def": 31, "spa": 31, "spd": 31, "spe": 31}, "item": "Leftovers", "teraType": "Dark", "role": "Bulky Support", "bvs": {"hp": 111, "atk": 127, "def": 99, "spa": 79, "spd": 99, "spe": 55}, "stats": {"hp": 309, "atk": 249, "def": 205, "spa": 173, "spd": 205, "spe": 134}, "types": ["Grass", "Dark"]}}, {"Ting-Lu": {"name": "Ting-Lu", "species": "Ting-Lu", "speciesId": "tinglu", "gender": "N", "shiny": false, "level": 78, "moves": ["earthquake", "throatchop", "spikes", "stealthrock"], "ability": "Vessel of Ruin", "evs": {"hp": 85, "atk": 85, "def": 85, "spa": 85, "spd": 85, "spe": 85}, "ivs": {"hp": 31, "atk": 31, "def": 31, "spa": 31, "spd": 31, "spe": 31}, "item": "Leftovers", "teraType": "Ghost", "role": "Bulky Support", "bvs": {"hp": 155, "atk": 110, "def": 125, "spa": 55, "spd": 80, "spe": 45}, "stats": {"hp": 370, "atk": 217, "def": 240, "spa": 131, "spd": 170, "spe": 115}, "types": ["Dark", "Ground"]}, "Eelektross": {"name": "Eelektross", "species": "Eelektross", "speciesId": "eelektross", "gender": "F", "shiny": false, "level": 87, "moves": ["discharge", "closecombat", "dragontail", "uturn"], "ability": "Levitate", "evs": {"hp": 85, "atk": 85, "def": 85, "spa": 85, "spd": 85, "spe": 85}, "ivs": {"hp": 31, "atk": 31, "def": 31, "spa": 31, "spd": 31, "spe": 31}, "item": "Assault Vest", "teraType": "Poison", "role": "AV Pivot", "bvs": {"hp": 85, "atk": 115, "def": 80, "spa": 105, "spd": 80, "spe": 50}, "stats": {"hp": 290, "atk": 250, "def": 189, "spa": 232, "spd": 189, "spe": 137}, "types": ["Electric"]}, "Regirock": {"name": "Regirock", "species": "Regirock", "speciesId": "regirock", "gender": "N", "shiny": false, "level": 83, "moves": ["irondefense", "stoneedge", "thunderwave", "bodypress"], "ability": "Clear Body", "evs": {"hp": 85, "atk": 85, "def": 85, "spa": 85, "spd": 85, "spe": 85}, "ivs": {"hp": 31, "atk": 31, "def": 31, "spa": 31, "spd": 31, "spe": 31}, "item": "Leftovers", "teraType": "Fighting", "role": "Bulky Attacker", "bvs": {"hp": 80, "atk": 100, "def": 200, "spa": 50, "spd": 100, "spe": 50}, "stats": {"hp": 268, "atk": 214, "def": 380, "spa": 131, "spd": 214, "spe": 131}, "types": ["Rock"]}, "Dudunsparce": {"name": "Dudunsparce", "species": "Dudunsparce", "speciesId": "dudunsparce", "gender": "M", "shiny": false, "level": 83, "moves": ["headbutt", "glare", "earthquake", "roost"], "ability": "Serene Grace", "evs": {"hp": 85, "atk": 85, "def": 85, "spa": 85, "spd": 85, "spe": 85}, "ivs": {"hp": 31, "atk": 31, "def": 31, "spa": 31, "spd": 31, "spe": 31}, "item": "Leftovers", "teraType": "Ghost", "role": "Bulky Support", "bvs": {"hp": 125, "atk": 100, "def": 80, "spa": 85, "spd": 75, "spe": 55}, "stats": {"hp": 343, "atk": 214, "def": 180, "spa": 189, "spd": 172, "spe": 139}, "types": ["Normal"]}, "Sceptile": {"name": "Sceptile", "species": "Sceptile", "speciesId": "sceptile", "gender": "F", "shiny": false, "level": 87, "moves": ["focusblast", "leafstorm", "earthquake", "rockslide"], "ability": "Overgrow", "evs": {"hp": 85, "atk": 85, "def": 85, "spa": 85, "spd": 85, "spe": 85}, "ivs": {"hp": 31, "atk": 31, "def": 31, "spa": 31, "spd": 31, "spe": 31}, "item": "Life Orb", "teraType": "Ground", "role": "Fast Attacker", "bvs": {"hp": 70, "atk": 85, "def": 65, "spa": 105, "spd": 85, "spe": 120}, "stats": {"hp": 264, "atk": 198, "def": 163, "spa": 232, "spd": 198, "spe": 259}, "types": ["Grass"]}, "Espathra": {"name": "Espathra", "species": "Espathra", "speciesId": "espathra", "gender": "F", "shiny": false, "level": 80, "moves": ["dazzlinggleam", "calmmind", "storedpower", "roost"], "ability": "Speed Boost", "evs": {"hp": 85, "atk": 0, "def": 85, "spa": 85, "spd": 85, "spe": 85}, "ivs": {"hp": 31, "atk": 0, "def": 31, "spa": 31, "spd": 31, "spe": 31}, "item": "Leftovers", "teraType": "Fairy", "role": "Fast Bulky Setup", "bvs": {"hp": 95, "atk": 60, "def": 60, "spa": 101, "spd": 60, "spe": 105}, "stats": {"hp": 283, "atk": 101, "def": 142, "spa": 208, "spd": 142, "spe": 214}, "types": ["Psychic"]}}]}