{"id": "gen9randombattle-2642086297", "format": "[Gen 9] Random Battle", "players": ["zero16132", "jnpr010334"], "log": "|j|\u2606zero16132\n|j|\u2606jnpr010334\n|t:|1782886873\n|gametype|singles\n|player|p1|zero16132|volkner|1901\n|player|p2|jnpr010334|265|1956\n|gen|9\n|tier|[Gen 9] Random Battle\n|rated|\n|rule|Species Clause: Limit one of each Pok\u00e9mon\n|rule|HP Percentage Mod: HP is shown in percentages\n|rule|Sleep Clause Mod: Limit one foe put to sleep\n|rule|Illusion Level Mod: Illusion disguises the Pok\u00e9mon's true level\n|\n|t:|1782886873\n|teamsize|p1|6\n|teamsize|p2|6\n|start\n|switch|p1a: Groudon|Groudon, L72|263/263\n|switch|p2a: Palossand|Palossand, L89, M|296/296\n|-weather|SunnyDay|[from] ability: Drought|[of] p1a: Groudon\n|turn|1\n|inactive|Battle timer is ON: inactive players will automatically lose when time's up. (requested by jnpr010334)\n|\n|t:|1782886897\n|move|p1a: Groudon|Swords Dance|p1a: Groudon\n|-boost|p1a: Groudon|atk|2\n|move|p2a: Palossand|Earth Power|p1a: Groudon\n|-damage|p1a: Groudon|130/263\n|\n|-weather|SunnyDay|[upkeep]\n|-heal|p1a: Groudon|146/263|[from] item: Leftovers\n|upkeep\n|turn|2\n|\n|t:|1782886904\n|move|p1a: Groudon|Precipice Blades|p2a: Palossand\n|-damage|p2a: Palossand|101/296\n|move|p2a: Palossand|Earth Power|p1a: Groudon\n|-damage|p1a: Groudon|29/263\n|\n|-weather|SunnyDay|[upkeep]\n|-heal|p1a: Groudon|45/263|[from] item: Leftovers\n|-heal|p2a: Palossand|119/296|[from] item: Leftovers\n|upkeep\n|turn|3\n|\n|t:|1782886913\n|move|p1a: Groudon|Heat Crash|p2a: Palossand\n|-damage|p2a: Palossand|0 fnt\n|faint|p2a: Palossand\n|\n|-weather|SunnyDay|[upkeep]\n|-heal|p1a: Groudon|61/263|[from] item: Leftovers\n|upkeep\n|\n|t:|1782886914\n|switch|p2a: Eiscue|Eiscue, L88, M|274/274\n|turn|4\n|\n|t:|1782886932\n|switch|p1a: Goodra|Goodra-Hisui, L82, F|265/265\n|move|p2a: Eiscue|Belly Drum|p2a: Eiscue\n|-damage|p2a: Eiscue|137/274\n|-setboost|p2a: Eiscue|atk|6|[from] move: Belly Drum\n|-enditem|p2a: Eiscue|Sitrus Berry|[eat]\n|-heal|p2a: Eiscue|205/274|[from] item: Sitrus Berry\n|\n|-weather|SunnyDay|[upkeep]\n|upkeep\n|turn|5\n|\n|t:|1782886942\n|-terastallize|p2a: Eiscue|Water\n|move|p1a: Goodra|Thunderbolt|p2a: Eiscue\n|-supereffective|p2a: Eiscue\n|-damage|p2a: Eiscue|81/274\n|move|p2a: Eiscue|Ice Spinner|p1a: Goodra\n|-damage|p1a: Goodra|0 fnt\n|faint|p1a: Goodra\n|\n|-weather|none\n|upkeep\n|inactive|zero16132 has 120 seconds left.\n|\n|t:|1782886971\n|switch|p1a: Shaymin|Shaymin, L82|298/298\n|turn|6\n|\n|t:|1782886976\n|switch|p2a: Dialga|Dialga, L73|266/266\n|-ability|p2a: Dialga|Pressure\n|move|p1a: Shaymin|Seed Flare|p2a: Dialga\n|-resisted|p2a: Dialga\n|-damage|p2a: Dialga|234/266\n|-unboost|p2a: Dialga|spd|2\n|\n|-heal|p2a: Dialga|250/266|[from] item: Leftovers\n|upkeep\n|turn|7\n|\n|t:|1782886986\n|move|p1a: Shaymin|Substitute|p1a: Shaymin\n|-start|p1a: Shaymin|Substitute\n|-damage|p1a: Shaymin|224/298\n|move|p2a: Dialga|Thunder Wave||[still]\n|-fail|p2a: Dialga\n|\n|-heal|p1a: Shaymin|242/298|[from] item: Leftovers\n|-heal|p2a: Dialga|266/266|[from] item: Leftovers\n|upkeep\n|turn|8\n|\n|t:|1782886991\n|move|p1a: Shaymin|Leech Seed|p2a: Dialga\n|-start|p2a: Dialga|move: Leech Seed\n|move|p2a: Dialga|Heavy Slam|p1a: Shaymin\n|-end|p1a: Shaymin|Substitute\n|\n|-heal|p1a: Shaymin|260/298|[from] item: Leftovers\n|-damage|p2a: Dialga|233/266|[from] Leech Seed|[of] p1a: Shaymin\n|-heal|p1a: Shaymin|293/298|[silent]\n|upkeep\n|turn|9\n|\n|t:|1782886998\n|switch|p2a: Sceptile|Sceptile, L87, M|264/264\n|move|p1a: Shaymin|Substitute|p1a: Shaymin\n|-start|p1a: Shaymin|Substitute\n|-damage|p1a: Shaymin|219/298\n|\n|-heal|p1a: Shaymin|237/298|[from] item: Leftovers\n|upkeep\n|turn|10\n|\n|t:|1782887006\n|move|p2a: Sceptile|Focus Blast|p1a: Shaymin|[miss]\n|-miss|p2a: Sceptile|p1a: Shaymin\n|move|p1a: Shaymin|Air Slash|p2a: Sceptile\n|-supereffective|p2a: Sceptile\n|-crit|p2a: Sceptile\n|-damage|p2a: Sceptile|104/264\n|\n|-heal|p2a: Sceptile|120/264|[from] item: Leftovers\n|-heal|p1a: Shaymin|255/298|[from] item: Leftovers\n|upkeep\n|turn|11\n|\n|t:|1782887012\n|switch|p2a: Dialga|Dialga, L73|233/266\n|-ability|p2a: Dialga|Pressure\n|move|p1a: Shaymin|Air Slash|p2a: Dialga|[miss]\n|-miss|p1a: Shaymin|p2a: Dialga\n|\n|-heal|p1a: Shaymin|273/298|[from] item: Leftovers\n|-heal|p2a: Dialga|249/266|[from] item: Leftovers\n|upkeep\n|turn|12\n|\n|t:|1782887018\n|move|p1a: Shaymin|Leech Seed|p2a: Dialga\n|-start|p2a: Dialga|move: Leech Seed\n|move|p2a: Dialga|Heavy Slam|p1a: Shaymin\n|-end|p1a: Shaymin|Substitute\n|\n|-heal|p1a: Shaymin|291/298|[from] item: Leftovers\n|-heal|p2a: Dialga|265/266|[from] item: Leftovers\n|-damage|p2a: Dialga|232/266|[from] Leech Seed|[of] p1a: Shaymin\n|-heal|p1a: Shaymin|298/298|[silent]\n|upkeep\n|turn|13\n|\n|t:|1782887026\n|move|p1a: Shaymin|Substitute|p1a: Shaymin\n|-start|p1a: Shaymin|Substitute\n|-damage|p1a: Shaymin|224/298\n|move|p2a: Dialga|Thunder Wave||[still]\n|-fail|p2a: Dialga\n|\n|-heal|p1a: Shaymin|242/298|[from] item: Leftovers\n|-heal|p2a: Dialga|248/266|[from] item: Leftovers\n|-damage|p2a: Dialga|215/266|[from] Leech Seed|[of] p1a: Shaymin\n|-heal|p1a: Shaymin|275/298|[silent]\n|upkeep\n|turn|14\n|\n|t:|1782887032\n|move|p1a: Shaymin|Seed Flare|p2a: Dialga\n|-resisted|p2a: Dialga\n|-damage|p2a: Dialga|185/266\n|-unboost|p2a: Dialga|spd|2\n|move|p2a: Dialga|Heavy Slam|p1a: Shaymin\n|-end|p1a: Shaymin|Substitute\n|\n|-heal|p1a: Shaymin|293/298|[from] item: Leftovers\n|-heal|p2a: Dialga|201/266|[from] item: Leftovers\n|-damage|p2a: Dialga|168/266|[from] Leech Seed|[of] p1a: Shaymin\n|-heal|p1a: Shaymin|298/298|[silent]\n|upkeep\n|turn|15\n|\n|t:|1782887041\n|switch|p2a: Archaludon|Archaludon, L78, M|268/268\n|move|p1a: Shaymin|Substitute|p1a: Shaymin\n|-start|p1a: Shaymin|Substitute\n|-damage|p1a: Shaymin|224/298\n|\n|-heal|p1a: Shaymin|242/298|[from] item: Leftovers\n|upkeep\n|turn|16\n|\n|t:|1782887045\n|move|p1a: Shaymin|Leech Seed|p2a: Archaludon\n|-start|p2a: Archaludon|move: Leech Seed\n|move|p2a: Archaludon|Outrage|p1a: Shaymin\n|-end|p1a: Shaymin|Substitute\n|\n|-heal|p1a: Shaymin|260/298|[from] item: Leftovers\n|-damage|p2a: Archaludon|235/268|[from] Leech Seed|[of] p1a: Shaymin\n|-heal|p1a: Shaymin|293/298|[silent]\n|upkeep\n|turn|17\n|\n|t:|1782887053\n|switch|p1a: Sylveon|Sylveon, L85, F|300/300\n|move|p2a: Archaludon|Outrage|p1a: Sylveon|[from] lockedmove\n|-immune|p1a: Sylveon\n|\n|-damage|p2a: Archaludon|202/268|[from] Leech Seed|[of] p1a: Sylveon\n|upkeep\n|turn|18\n|\n|t:|1782887067\n|switch|p2a: Ogerpon|Ogerpon-Wellspring, L76, F|247/247\n|move|p1a: Sylveon|Hyper Voice|p2a: Ogerpon\n|-damage|p2a: Ogerpon|118/247\n|\n|upkeep\n|turn|19\n|\n|t:|1782887076\n|move|p2a: Ogerpon|Spikes|p1a: Sylveon\n|-sidestart|p1: zero16132|Spikes\n|move|p1a: Sylveon|Hyper Voice|p2a: Ogerpon\n|-damage|p2a: Ogerpon|0 fnt\n|faint|p2a: Ogerpon\n|\n|upkeep\n|\n|t:|1782887078\n|switch|p2a: Dialga|Dialga, L73|168/266\n|-ability|p2a: Dialga|Pressure\n|turn|20\n|\n|t:|1782887104\n|-terastallize|p1a: Sylveon|Steel\n|move|p2a: Dialga|Heavy Slam|p1a: Sylveon\n|-resisted|p1a: Sylveon\n|-damage|p1a: Sylveon|224/300\n|move|p1a: Sylveon|Calm Mind|p1a: Sylveon\n|-boost|p1a: Sylveon|spa|1\n|-boost|p1a: Sylveon|spd|1\n|\n|-heal|p2a: Dialga|184/266|[from] item: Leftovers\n|-heal|p1a: Sylveon|242/300|[from] item: Leftovers\n|upkeep\n|turn|21\n|\n|t:|1782887115\n|move|p2a: Dialga|Thunder Wave|p1a: Sylveon\n|-status|p1a: Sylveon|par\n|move|p1a: Sylveon|Hyper Voice|p2a: Dialga\n|-damage|p2a: Dialga|0 fnt\n|faint|p2a: Dialga\n|\n|-heal|p1a: Sylveon|260/300 par|[from] item: Leftovers\n|upkeep\n|\n|t:|1782887116\n|switch|p2a: Archaludon|Archaludon, L78, M|202/268\n|turn|22\n|\n|t:|1782887124\n|move|p2a: Archaludon|Swords Dance|p2a: Archaludon\n|-boost|p2a: Archaludon|atk|2\n|move|p1a: Sylveon|Hyper Voice|p2a: Archaludon\n|-damage|p2a: Archaludon|0 fnt\n|faint|p2a: Archaludon\n|\n|-heal|p1a: Sylveon|278/300 par|[from] item: Leftovers\n|upkeep\n|\n|t:|1782887126\n|switch|p2a: Sceptile|Sceptile, L87, M|120/264\n|turn|23\n|\n|t:|1782887133\n|move|p2a: Sceptile|Substitute|p2a: Sceptile\n|-start|p2a: Sceptile|Substitute\n|-damage|p2a: Sceptile|54/264\n|move|p1a: Sylveon|Hyper Voice|p2a: Sceptile\n|-damage|p2a: Sceptile|0 fnt\n|faint|p2a: Sceptile\n|\n|-heal|p1a: Sylveon|296/300 par|[from] item: Leftovers\n|upkeep\n|\n|t:|1782887134\n|switch|p2a: Eiscue|Eiscue, L88, M, tera:Water|81/274\n|turn|24\n|\n|t:|1782887138\n|move|p2a: Eiscue|Liquidation|p1a: Sylveon\n|-damage|p1a: Sylveon|182/300 par\n|cant|p1a: Sylveon|par\n|\n|-heal|p1a: Sylveon|200/300 par|[from] item: Leftovers\n|upkeep\n|turn|25\n|\n|t:|1782887142\n|move|p2a: Eiscue|Liquidation|p1a: Sylveon\n|-crit|p1a: Sylveon\n|-damage|p1a: Sylveon|50/300 par\n|move|p1a: Sylveon|Hyper Voice|p2a: Eiscue\n|-damage|p2a: Eiscue|0 fnt\n|faint|p2a: Eiscue\n|\n|win|zero16132\n|raw|zero16132's rating: 1901 &rarr; <strong>1920</strong><br />(+19 for winning)\n|raw|jnpr010334's rating: 1892 &rarr; <strong>1873</strong><br />(-19 for losing)\n", "inputlog": ">version f8ac14003a5f27e1bdc8d8c59608a773c1cb96e5\n>start {\"formatid\":\"gen9randombattle\",\"seed\":\"sodium,31e541294738dc31be918db8d43c0035\",\"rated\":\"Rated battle\"}\n>player p1 {\"name\":\"zero16132\",\"avatar\":\"volkner\",\"rating\":1901,\"seed\":\"sodium,589d40818b970a9c9fb3f53f4bf21a48\"}\n>player p2 {\"name\":\"jnpr010334\",\"avatar\":\"265\",\"rating\":1956,\"seed\":\"sodium,e72d41c85458c0f33d2fa8ed7ebd1c93\"}\n>p1 move swordsdance\n>p2 move earthpower\n>p1 move precipiceblades\n>p2 move earthpower\n>p1 move heatcrash\n>p2 move earthpower\n>p2 switch 3\n>p1 switch 4\n>p2 move bellydrum\n>p1 move thunderbolt\n>p2 move icespinner terastallize\n>p1 switch 5\n>p1 move seedflare\n>p2 switch 2\n>p1 move substitute\n>p2 move thunderwave\n>p1 move leechseed\n>p2 move heavyslam\n>p1 move substitute\n>p2 switch 6\n>p1 move airslash\n>p2 move focusblast\n>p1 move airslash\n>p2 switch 6\n>p1 move leechseed\n>p2 move heavyslam\n>p1 move substitute\n>p2 move thunderwave\n>p1 move seedflare\n>p2 move heavyslam\n>p1 move substitute\n>p2 switch 5\n>p1 move leechseed\n>p2 move outrage\n>p1 switch 6\n>p2 move outrage\n>p1 move hypervoice\n>p2 switch 4\n>p1 move hypervoice\n>p2 move spikes\n>p2 switch 5\n>p1 move calmmind terastallize\n>p2 move heavyslam\n>p1 move hypervoice\n>p2 move thunderwave\n>p2 switch 4\n>p1 move hypervoice\n>p2 move swordsdance\n>p2 switch 6\n>p1 move hypervoice\n>p2 move substitute\n>p2 switch 2\n>p1 move hypervoice\n>p2 move liquidation\n>p1 move hypervoice\n>p2 move liquidation", "uploadtime": 1782887142, "views": 7, "formatid": "gen9randombattle", "rating": 1873, "private": 0, "password": null, "player_dets": [{"name": "zero16132", "avatar": "volkner", "rating": 1901, "seed": "sodium,589d40818b970a9c9fb3f53f4bf21a48"}, {"name": "jnpr010334", "avatar": "265", "rating": 1956, "seed": "sodium,e72d41c85458c0f33d2fa8ed7ebd1c93"}], "teams_full": [{"Groudon": {"name": "Groudon", "species": "Groudon", "speciesId": "groudon", "gender": "N", "shiny": false, "level": 72, "moves": ["stoneedge", "swordsdance", "heatcrash", "precipiceblades"], "ability": "Drought", "evs": {"hp": 85, "atk": 85, "def": 85, "spa": 85, "spd": 85, "spe": 85}, "ivs": {"hp": 31, "atk": 31, "def": 31, "spa": 31, "spd": 31, "spe": 31}, "item": "Leftovers", "teraType": "Fire", "role": "Bulky Setup", "bvs": {"hp": 100, "atk": 150, "def": 140, "spa": 100, "spd": 90, "spe": 90}, "stats": {"hp": 263, "atk": 258, "def": 244, "spa": 186, "spd": 172, "spe": 172}, "types": ["Ground"]}, "Arboliva": {"name": "Arboliva", "species": "Arboliva", "speciesId": "arboliva", "gender": "F", "shiny": false, "level": 91, "moves": ["substitute", "hypervoice", "protect", "leechseed"], "ability": "Harvest", "evs": {"hp": 77, "atk": 0, "def": 85, "spa": 85, "spd": 85, "spe": 85}, "ivs": {"hp": 31, "atk": 0, "def": 31, "spa": 31, "spd": 31, "spe": 31}, "item": "Sitrus Berry", "teraType": "Water", "role": "Bulky Support", "bvs": {"hp": 78, "atk": 69, "def": 90, "spa": 125, "spd": 109, "spe": 39}, "stats": {"hp": 288, "atk": 130, "def": 216, "spa": 279, "spd": 250, "spe": 123}, "types": ["Grass", "Normal"]}, "Dunsparce": {"name": "Dunsparce", "species": "Dunsparce", "speciesId": "dunsparce", "gender": "F", "shiny": false, "level": 86, "moves": ["roost", "earthquake", "bodyslam", "coil"], "ability": "Serene Grace", "evs": {"hp": 85, "atk": 85, "def": 85, "spa": 85, "spd": 85, "spe": 85}, "ivs": {"hp": 31, "atk": 31, "def": 31, "spa": 31, "spd": 31, "spe": 31}, "item": "Eviolite", "teraType": "Ghost", "role": "Bulky Setup", "bvs": {"hp": 100, "atk": 70, "def": 70, "spa": 65, "spd": 65, "spe": 45}, "stats": {"hp": 312, "atk": 170, "def": 170, "spa": 161, "spd": 161, "spe": 127}, "types": ["Normal"]}, "Goodra": {"name": "Goodra", "species": "Goodra-Hisui", "speciesId": "goodrahisui", "gender": "F", "shiny": false, "level": 82, "moves": ["heavyslam", "hydropump", "thunderbolt", "dracometeor"], "ability": "Sap Sipper", "evs": {"hp": 85, "atk": 85, "def": 85, "spa": 85, "spd": 85, "spe": 85}, "ivs": {"hp": 31, "atk": 31, "def": 31, "spa": 31, "spd": 31, "spe": 31}, "item": "Assault Vest", "teraType": "Water", "role": "AV Pivot", "bvs": {"hp": 80, "atk": 100, "def": 100, "spa": 110, "spd": 150, "spe": 60}, "stats": {"hp": 265, "atk": 211, "def": 211, "spa": 228, "spd": 293, "spe": 146}, "types": ["Steel", "Dragon"]}, "Shaymin": {"name": "Shaymin", "species": "Shaymin", "speciesId": "shaymin", "gender": "N", "shiny": false, "level": 82, "moves": ["airslash", "leechseed", "substitute", "seedflare"], "ability": "Natural Cure", "evs": {"hp": 85, "atk": 0, "def": 85, "spa": 85, "spd": 85, "spe": 85}, "ivs": {"hp": 31, "atk": 0, "def": 31, "spa": 31, "spd": 31, "spe": 31}, "item": "Leftovers", "teraType": "Steel", "role": "Bulky Support", "bvs": {"hp": 100, "atk": 100, "def": 100, "spa": 100, "spd": 100, "spe": 100}, "stats": {"hp": 298, "atk": 169, "def": 211, "spa": 211, "spd": 211, "spe": 211}, "types": ["Grass"]}, "Sylveon": {"name": "Sylveon", "species": "Sylveon", "speciesId": "sylveon", "gender": "F", "shiny": false, "level": 85, "moves": ["wish", "hypervoice", "calmmind", "protect"], "ability": "Pixilate", "evs": {"hp": 85, "atk": 0, "def": 85, "spa": 85, "spd": 85, "spe": 85}, "ivs": {"hp": 31, "atk": 0, "def": 31, "spa": 31, "spd": 31, "spe": 31}, "item": "Leftovers", "teraType": "Steel", "role": "Bulky Setup", "bvs": {"hp": 95, "atk": 65, "def": 65, "spa": 110, "spd": 130, "spe": 60}, "stats": {"hp": 300, "atk": 115, "def": 159, "spa": 236, "spd": 270, "spe": 151}, "types": ["Fairy"]}}, {"Palossand": {"name": "Palossand", "species": "Palossand", "speciesId": "palossand", "gender": "M", "shiny": false, "level": 89, "moves": ["shadowball", "sludgebomb", "earthpower", "shoreup"], "ability": "Water Compaction", "evs": {"hp": 85, "atk": 0, "def": 85, "spa": 85, "spd": 85, "spe": 85}, "ivs": {"hp": 31, "atk": 0, "def": 31, "spa": 31, "spd": 31, "spe": 31}, "item": "Leftovers", "teraType": "Water", "role": "Bulky Support", "bvs": {"hp": 85, "atk": 75, "def": 110, "spa": 100, "spd": 75, "spe": 35}, "stats": {"hp": 296, "atk": 138, "def": 247, "spa": 229, "spd": 184, "spe": 113}, "types": ["Ghost", "Ground"]}, "Dialga": {"name": "Dialga", "species": "Dialga", "speciesId": "dialga", "gender": "N", "shiny": false, "level": 73, "moves": ["dracometeor", "heavyslam", "thunderwave", "fireblast"], "ability": "Pressure", "evs": {"hp": 85, "atk": 85, "def": 85, "spa": 85, "spd": 85, "spe": 85}, "ivs": {"hp": 31, "atk": 31, "def": 31, "spa": 31, "spd": 31, "spe": 31}, "item": "Leftovers", "teraType": "Dragon", "role": "Bulky Attacker", "bvs": {"hp": 100, "atk": 120, "def": 120, "spa": 150, "spd": 100, "spe": 90}, "stats": {"hp": 266, "atk": 218, "def": 218, "spa": 261, "spd": 188, "spe": 174}, "types": ["Steel", "Dragon"]}, "Eiscue": {"name": "Eiscue", "species": "Eiscue", "speciesId": "eiscue", "gender": "M", "shiny": false, "level": 88, "moves": ["bellydrum", "icespinner", "liquidation", "zenheadbutt"], "ability": "Ice Face", "evs": {"hp": 81, "atk": 85, "def": 85, "spa": 85, "spd": 85, "spe": 85}, "ivs": {"hp": 31, "atk": 31, "def": 31, "spa": 31, "spd": 31, "spe": 31}, "item": "Sitrus Berry", "teraType": "Water", "role": "Setup Sweeper", "bvs": {"hp": 75, "atk": 80, "def": 110, "spa": 65, "spd": 90, "spe": 50}, "stats": {"hp": 274, "atk": 191, "def": 244, "spa": 165, "spd": 209, "spe": 138}, "types": ["Ice"]}, "Ogerpon": {"name": "Ogerpon", "species": "Ogerpon-Wellspring", "speciesId": "ogerponwellspring", "gender": "F", "shiny": false, "level": 76, "moves": ["woodhammer", "synthesis", "spikes", "ivycudgel"], "ability": "Water Absorb", "evs": {"hp": 85, "atk": 85, "def": 85, "spa": 85, "spd": 85, "spe": 85}, "ivs": {"hp": 31, "atk": 31, "def": 31, "spa": 31, "spd": 31, "spe": 31}, "item": "Wellspring Mask", "teraType": "Water", "role": "Bulky Attacker", "bvs": {"hp": 80, "atk": 120, "def": 84, "spa": 60, "spd": 96, "spe": 110}, "stats": {"hp": 247, "atk": 226, "def": 172, "spa": 135, "spd": 190, "spe": 211}, "types": ["Grass", "Water"]}, "Archaludon": {"name": "Archaludon", "species": "Archaludon", "speciesId": "archaludon", "gender": "M", "shiny": false, "level": 78, "moves": ["earthquake", "swordsdance", "ironhead", "outrage"], "ability": "Stamina", "evs": {"hp": 85, "atk": 85, "def": 85, "spa": 85, "spd": 85, "spe": 85}, "ivs": {"hp": 31, "atk": 31, "def": 31, "spa": 31, "spd": 31, "spe": 31}, "item": "Lum Berry", "teraType": "Ground", "role": "Bulky Setup", "bvs": {"hp": 90, "atk": 105, "def": 130, "spa": 125, "spd": 65, "spe": 85}, "stats": {"hp": 268, "atk": 209, "def": 248, "spa": 240, "spd": 146, "spe": 178}, "types": ["Steel", "Dragon"]}, "Sceptile": {"name": "Sceptile", "species": "Sceptile", "speciesId": "sceptile", "gender": "M", "shiny": false, "level": 87, "moves": ["gigadrain", "substitute", "focusblast", "leechseed"], "ability": "Overgrow", "evs": {"hp": 85, "atk": 0, "def": 85, "spa": 85, "spd": 85, "spe": 85}, "ivs": {"hp": 31, "atk": 0, "def": 31, "spa": 31, "spd": 31, "spe": 31}, "item": "Leftovers", "teraType": "Steel", "role": "Fast Support", "bvs": {"hp": 70, "atk": 85, "def": 65, "spa": 105, "spd": 85, "spe": 120}, "stats": {"hp": 264, "atk": 152, "def": 163, "spa": 232, "spd": 198, "spe": 259}, "types": ["Grass"]}}]}