{"id": "gen9randombattle-2642037957", "format": "[Gen 9] Random Battle", "players": ["jnpr010334", "Jsbetter"], "log": "|j|\u2606jnpr010334\n|j|\u2606Jsbetter\n|t:|1782877314\n|gametype|singles\n|player|p1|jnpr010334|265|1151\n|player|p2|Jsbetter|n|1203\n|gen|9\n|tier|[Gen 9] Random Battle\n|rated|\n|rule|Species Clause: Limit one of each Pok\u00e9mon\n|rule|HP Percentage Mod: HP is shown in percentages\n|rule|Sleep Clause Mod: Limit one foe put to sleep\n|rule|Illusion Level Mod: Illusion disguises the Pok\u00e9mon's true level\n|\n|t:|1782877314\n|teamsize|p1|6\n|teamsize|p2|6\n|start\n|switch|p1a: Houndoom|Houndoom, L87, M|272/272\n|switch|p2a: Chandelure|Chandelure, L83, M|235/235\n|turn|1\n|inactive|Battle timer is ON: inactive players will automatically lose when time's up. (requested by jnpr010334)\n|\n|t:|1782877341\n|switch|p2a: Feraligatr|Feraligatr, L79, F|264/264\n|move|p1a: Houndoom|Nasty Plot|p1a: Houndoom\n|-boost|p1a: Houndoom|spa|2\n|\n|upkeep\n|turn|2\n|\n|t:|1782877352\n|move|p1a: Houndoom|Dark Pulse|p2a: Feraligatr\n|-damage|p2a: Feraligatr|33/264\n|move|p2a: Feraligatr|Dragon Dance|p2a: Feraligatr\n|-boost|p2a: Feraligatr|atk|1\n|-boost|p2a: Feraligatr|spe|1\n|\n|upkeep\n|turn|3\n|\n|t:|1782877359\n|switch|p1a: Gurdurr|Gurdurr, L85, M|283/283\n|move|p2a: Feraligatr|Liquidation|p1a: Gurdurr\n|-damage|p1a: Gurdurr|143/283\n|\n|upkeep\n|turn|4\n|\n|t:|1782877365\n|move|p1a: Gurdurr|Mach Punch|p2a: Feraligatr\n|-damage|p2a: Feraligatr|0 fnt\n|faint|p2a: Feraligatr\n|\n|upkeep\n|\n|t:|1782877377\n|switch|p2a: Inteleon|Inteleon, L81, M|246/246\n|turn|5\n|\n|t:|1782877383\n|switch|p1a: Lapras|Lapras, L87, F|367/367\n|move|p2a: Inteleon|Hydro Pump|p1a: Lapras\n|-immune|p1a: Lapras|[from] ability: Water Absorb\n|\n|upkeep\n|turn|6\n|\n|t:|1782877390\n|switch|p2a: Toedscruel|Toedscruel, L87, M|281/281\n|move|p1a: Lapras|Dragon Dance|p1a: Lapras\n|-boost|p1a: Lapras|atk|1\n|-boost|p1a: Lapras|spe|1\n|\n|upkeep\n|turn|7\n|\n|t:|1782877397\n|move|p1a: Lapras|Icicle Spear|p2a: Toedscruel\n|-supereffective|p2a: Toedscruel\n|-damage|p2a: Toedscruel|97/281\n|-supereffective|p2a: Toedscruel\n|-damage|p2a: Toedscruel|0 fnt\n|faint|p2a: Toedscruel\n|-hitcount|p2: Toedscruel|2\n|\n|upkeep\n|\n|t:|1782877400\n|switch|p2a: Alcremie|Alcremie-Lemon-Cream, L90, F|263/263\n|turn|8\n|\n|t:|1782877404\n|-terastallize|p1a: Lapras|Ground\n|move|p1a: Lapras|Icicle Spear|p2a: Alcremie\n|-damage|p2a: Alcremie|224/263\n|-crit|p2a: Alcremie\n|-damage|p2a: Alcremie|164/263\n|-damage|p2a: Alcremie|127/263\n|-damage|p2a: Alcremie|85/263\n|-damage|p2a: Alcremie|43/263\n|-hitcount|p2a: Alcremie|5\n|move|p2a: Alcremie|Alluring Voice|p1a: Lapras\n|-damage|p1a: Lapras|270/367\n|\n|-heal|p2a: Alcremie|59/263|[from] item: Leftovers\n|upkeep\n|turn|9\n|\n|t:|1782877407\n|move|p1a: Lapras|Icicle Spear|p2a: Alcremie\n|-damage|p2a: Alcremie|17/263\n|-damage|p2a: Alcremie|0 fnt\n|faint|p2a: Alcremie\n|-hitcount|p2: Alcremie|2\n|\n|upkeep\n|\n|t:|1782877410\n|switch|p2a: Gallade|Gallade, L80, M|240/240\n|turn|10\n|\n|t:|1782877415\n|move|p1a: Lapras|Icicle Spear|p2a: Gallade\n|-damage|p2a: Gallade|194/240\n|-damage|p2a: Gallade|139/240\n|-damage|p2a: Gallade|87/240\n|-damage|p2a: Gallade|33/240\n|-hitcount|p2a: Gallade|4\n|move|p2a: Gallade|Leaf Blade|p1a: Lapras\n|-supereffective|p1a: Lapras\n|-damage|p1a: Lapras|0 fnt\n|faint|p1a: Lapras\n|\n|upkeep\n|\n|t:|1782877417\n|switch|p1a: Electrode|Electrode-Hisui, L87|246/246\n|turn|11\n|\n|t:|1782877421\n|move|p1a: Electrode|Thunderbolt|p2a: Gallade\n|-damage|p2a: Gallade|0 fnt\n|faint|p2a: Gallade\n|-damage|p1a: Electrode|222/246|[from] item: Life Orb\n|\n|upkeep\n|\n|t:|1782877424\n|switch|p2a: Chandelure|Chandelure, L83, M|235/235\n|turn|12\n|\n|t:|1782877427\n|move|p1a: Electrode|Volt Switch|p2a: Chandelure\n|-damage|p2a: Chandelure|153/235\n|-damage|p1a: Electrode|198/246|[from] item: Life Orb\n|\n|t:|1782877429\n|switch|p1a: Houndoom|Houndoom, L87, M|272/272|[from] Volt Switch\n|move|p2a: Chandelure|Calm Mind|p2a: Chandelure\n|-boost|p2a: Chandelure|spa|1\n|-boost|p2a: Chandelure|spd|1\n|\n|upkeep\n|turn|13\n|\n|t:|1782877445\n|move|p1a: Houndoom|Dark Pulse|p2a: Chandelure\n|-supereffective|p2a: Chandelure\n|-damage|p2a: Chandelure|7/235\n|cant|p2a: Chandelure|flinch\n|\n|upkeep\n|turn|14\n|\n|t:|1782877452\n|move|p1a: Houndoom|Dark Pulse|p2a: Chandelure\n|-supereffective|p2a: Chandelure\n|-damage|p2a: Chandelure|0 fnt\n|faint|p2a: Chandelure\n|\n|upkeep\n|\n|t:|1782877458\n|switch|p2a: Inteleon|Inteleon, L81, M|246/246\n|turn|15\n|\n|t:|1782877467\n|switch|p1a: Latias|Latias, L79, F|256/256\n|move|p2a: Inteleon|Ice Beam|p1a: Latias\n|-supereffective|p1a: Latias\n|-damage|p1a: Latias|92/256\n|-status|p1a: Latias|frz\n|\n|upkeep\n|turn|16\n|\n|t:|1782877471\n|move|p2a: Inteleon|Ice Beam|p1a: Latias\n|-supereffective|p1a: Latias\n|-damage|p1a: Latias|0 fnt\n|faint|p1a: Latias\n|\n|upkeep\n|\n|t:|1782877472\n|switch|p1a: Meloetta|Meloetta, L82|298/298\n|turn|17\n|\n|t:|1782877477\n|move|p2a: Inteleon|Ice Beam|p1a: Meloetta\n|-damage|p1a: Meloetta|220/298\n|move|p1a: Meloetta|Relic Song|p2a: Inteleon\n|-damage|p2a: Inteleon|93/246\n|-formechange|p1a: Meloetta|Meloetta-Pirouette|[msg]\n|-damage|p1a: Meloetta|191/298|[from] item: Life Orb\n|\n|upkeep\n|turn|18\n|\n|t:|1782877489\n|move|p1a: Meloetta|Close Combat|p2a: Inteleon\n|-damage|p2a: Inteleon|0 fnt\n|-unboost|p1a: Meloetta|def|1\n|-unboost|p1a: Meloetta|spd|1\n|faint|p2a: Inteleon\n|-damage|p1a: Meloetta|162/298|[from] item: Life Orb\n|\n|win|jnpr010334\n|raw|jnpr010334's rating: 1229 &rarr; <strong>1252</strong><br />(+23 for winning)\n|raw|Jsbetter's rating: 1203 &rarr; <strong>1180</strong><br />(-23 for losing)\n", "inputlog": ">version f8ac14003a5f27e1bdc8d8c59608a773c1cb96e5\n>start {\"formatid\":\"gen9randombattle\",\"seed\":\"sodium,6cbc16dee54b833de4f5b42c319239eb\",\"rated\":\"Rated battle\"}\n>player p1 {\"name\":\"jnpr010334\",\"avatar\":\"265\",\"rating\":1151,\"seed\":\"sodium,0a16a7982c032780f539a8c561664f08\"}\n>player p2 {\"name\":\"Jsbetter\",\"avatar\":\"n\",\"rating\":1203,\"seed\":\"sodium,c73a2053c8dd9281c0486142ed002f3e\"}\n>p1 move nastyplot\n>p2 switch 3\n>p1 move darkpulse\n>p2 move dragondance\n>p1 switch 2\n>p2 move liquidation\n>p1 move machpunch\n>p2 move liquidation\n>p2 switch 6\n>p1 switch 5\n>p2 move hydropump\n>p1 move dragondance\n>p2 switch 5\n>p1 move iciclespear\n>p2 move gigadrain\n>p2 switch 2\n>p1 move iciclespear terastallize\n>p2 move alluringvoice\n>p1 move iciclespear\n>p2 move alluringvoice\n>p2 switch 4\n>p1 move iciclespear\n>p2 move leafblade\n>p1 switch 3\n>p1 move thunderbolt\n>p2 move leafblade\n>p2 switch 3\n>p1 move voltswitch\n>p2 move calmmind\n>p1 switch 2\n>p1 move darkpulse\n>p2 move fireblast\n>p1 move darkpulse\n>p2 move shadowball\n>p2 switch 5\n>p1 switch 6\n>p2 move icebeam\n>p1 move dracometeor\n>p2 move icebeam\n>p1 switch 4\n>p1 move relicsong\n>p2 move icebeam\n>p1 move closecombat\n>p2 move icebeam", "uploadtime": 1782877489, "views": 2, "formatid": "gen9randombattle", "rating": 1180, "private": 0, "password": null, "player_dets": [{"name": "jnpr010334", "avatar": "265", "rating": 1151, "seed": "sodium,0a16a7982c032780f539a8c561664f08"}, {"name": "Jsbetter", "avatar": "n", "rating": 1203, "seed": "sodium,c73a2053c8dd9281c0486142ed002f3e"}], "teams_full": [{"Houndoom": {"name": "Houndoom", "species": "Houndoom", "speciesId": "houndoom", "gender": "M", "shiny": false, "level": 87, "moves": ["nastyplot", "darkpulse", "fireblast", "suckerpunch"], "ability": "Flash Fire", "evs": {"hp": 85, "atk": 85, "def": 85, "spa": 85, "spd": 85, "spe": 85}, "ivs": {"hp": 31, "atk": 31, "def": 31, "spa": 31, "spd": 31, "spe": 31}, "item": "Heavy-Duty Boots", "teraType": "Fire", "role": "Fast Attacker", "bvs": {"hp": 75, "atk": 90, "def": 50, "spa": 110, "spd": 80, "spe": 95}, "stats": {"hp": 272, "atk": 206, "def": 137, "spa": 241, "spd": 189, "spe": 215}, "types": ["Dark", "Fire"]}, "Gurdurr": {"name": "Gurdurr", "species": "Gurdurr", "speciesId": "gurdurr", "gender": "M", "shiny": false, "level": 85, "moves": ["machpunch", "defog", "knockoff", "drainpunch"], "ability": "Guts", "evs": {"hp": 85, "atk": 85, "def": 85, "spa": 85, "spd": 85, "spe": 85}, "ivs": {"hp": 31, "atk": 31, "def": 31, "spa": 31, "spd": 31, "spe": 31}, "item": "Eviolite", "teraType": "Steel", "role": "Bulky Attacker", "bvs": {"hp": 85, "atk": 105, "def": 85, "spa": 40, "spd": 50, "spe": 40}, "stats": {"hp": 283, "atk": 227, "def": 193, "spa": 117, "spd": 134, "spe": 117}, "types": ["Fighting"]}, "Electrode": {"name": "Electrode", "species": "Electrode-Hisui", "speciesId": "electrodehisui", "gender": "N", "shiny": false, "level": 87, "moves": ["taunt", "voltswitch", "leafstorm", "thunderbolt"], "ability": "Aftermath", "evs": {"hp": 85, "atk": 0, "def": 85, "spa": 85, "spd": 85, "spe": 85}, "ivs": {"hp": 31, "atk": 0, "def": 31, "spa": 31, "spd": 31, "spe": 31}, "item": "Life Orb", "teraType": "Electric", "role": "Fast Attacker", "bvs": {"hp": 60, "atk": 50, "def": 70, "spa": 80, "spd": 80, "spe": 150}, "stats": {"hp": 246, "atk": 92, "def": 172, "spa": 189, "spd": 189, "spe": 311}, "types": ["Electric", "Grass"]}, "Meloetta": {"name": "Meloetta", "species": "Meloetta", "speciesId": "meloetta", "gender": "N", "shiny": false, "level": 82, "moves": ["knockoff", "closecombat", "relicsong", "tripleaxel"], "ability": "Serene Grace", "evs": {"hp": 85, "atk": 85, "def": 85, "spa": 85, "spd": 85, "spe": 85}, "ivs": {"hp": 31, "atk": 31, "def": 31, "spa": 31, "spd": 31, "spe": 31}, "item": "Life Orb", "teraType": "Dark", "role": "Wallbreaker", "bvs": {"hp": 100, "atk": 77, "def": 77, "spa": 128, "spd": 128, "spe": 90}, "stats": {"hp": 298, "atk": 173, "def": 173, "spa": 257, "spd": 257, "spe": 195}, "types": ["Normal", "Psychic"]}, "Lapras": {"name": "Lapras", "species": "Lapras", "speciesId": "lapras", "gender": "F", "shiny": false, "level": 87, "moves": ["earthquake", "waterfall", "iciclespear", "dragondance"], "ability": "Water Absorb", "evs": {"hp": 81, "atk": 85, "def": 85, "spa": 85, "spd": 85, "spe": 85}, "ivs": {"hp": 31, "atk": 31, "def": 31, "spa": 31, "spd": 31, "spe": 31}, "item": "Loaded Dice", "teraType": "Ground", "role": "Setup Sweeper", "bvs": {"hp": 130, "atk": 85, "def": 80, "spa": 85, "spd": 95, "spe": 60}, "stats": {"hp": 367, "atk": 198, "def": 189, "spa": 198, "spd": 215, "spe": 154}, "types": ["Water", "Ice"]}, "Latias": {"name": "Latias", "species": "Latias", "speciesId": "latias", "gender": "F", "shiny": false, "level": 79, "moves": ["recover", "calmmind", "dracometeor", "psyshock"], "ability": "Levitate", "evs": {"hp": 85, "atk": 0, "def": 85, "spa": 85, "spd": 85, "spe": 85}, "ivs": {"hp": 31, "atk": 0, "def": 31, "spa": 31, "spd": 31, "spe": 31}, "item": "Soul Dew", "teraType": "Steel", "role": "Fast Bulky Setup", "bvs": {"hp": 80, "atk": 80, "def": 90, "spa": 110, "spd": 130, "spe": 110}, "stats": {"hp": 256, "atk": 131, "def": 188, "spa": 219, "spd": 251, "spe": 219}, "types": ["Dragon", "Psychic"]}}, {"Chandelure": {"name": "Chandelure", "species": "Chandelure", "speciesId": "chandelure", "gender": "M", "shiny": false, "level": 83, "moves": ["calmmind", "energyball", "fireblast", "shadowball"], "ability": "Flash Fire", "evs": {"hp": 85, "atk": 0, "def": 85, "spa": 85, "spd": 85, "spe": 85}, "ivs": {"hp": 31, "atk": 0, "def": 31, "spa": 31, "spd": 31, "spe": 31}, "item": "Heavy-Duty Boots", "teraType": "Grass", "role": "Fast Bulky Setup", "bvs": {"hp": 60, "atk": 55, "def": 90, "spa": 145, "spd": 90, "spe": 80}, "stats": {"hp": 235, "atk": 96, "def": 197, "spa": 288, "spd": 197, "spe": 180}, "types": ["Ghost", "Fire"]}, "Alcremie": {"name": "Alcremie", "species": "Alcremie-Lemon-Cream", "speciesId": "alcremie", "gender": "F", "shiny": false, "level": 90, "moves": ["terablast", "alluringvoice", "calmmind", "recover"], "ability": "Aroma Veil", "evs": {"hp": 85, "atk": 0, "def": 85, "spa": 85, "spd": 85, "spe": 85}, "ivs": {"hp": 31, "atk": 0, "def": 31, "spa": 31, "spd": 31, "spe": 31}, "item": "Leftovers", "teraType": "Ground", "role": "Tera Blast user", "bvs": {"hp": 65, "atk": 60, "def": 75, "spa": 110, "spd": 121, "spe": 64}, "stats": {"hp": 263, "atk": 113, "def": 186, "spa": 249, "spd": 269, "spe": 167}, "types": ["Fairy"]}, "Feraligatr": {"name": "Feraligatr", "species": "Feraligatr", "speciesId": "feraligatr", "gender": "F", "shiny": false, "level": 79, "moves": ["dragondance", "icepunch", "trailblaze", "liquidation"], "ability": "Sheer Force", "evs": {"hp": 85, "atk": 85, "def": 85, "spa": 85, "spd": 85, "spe": 85}, "ivs": {"hp": 31, "atk": 31, "def": 31, "spa": 31, "spd": 31, "spe": 31}, "item": "Life Orb", "teraType": "Water", "role": "Setup Sweeper", "bvs": {"hp": 85, "atk": 105, "def": 100, "spa": 79, "spd": 83, "spe": 78}, "stats": {"hp": 264, "atk": 211, "def": 204, "spa": 170, "spd": 177, "spe": 169}, "types": ["Water"]}, "Gallade": {"name": "Gallade", "species": "Gallade", "speciesId": "gallade", "gender": "M", "shiny": false, "level": 80, "moves": ["sacredsword", "leafblade", "psychocut", "nightslash"], "ability": "Sharpness", "evs": {"hp": 85, "atk": 85, "def": 85, "spa": 85, "spd": 85, "spe": 85}, "ivs": {"hp": 31, "atk": 31, "def": 31, "spa": 31, "spd": 31, "spe": 31}, "item": "Choice Band", "teraType": "Fighting", "role": "Fast Attacker", "bvs": {"hp": 68, "atk": 125, "def": 65, "spa": 65, "spd": 115, "spe": 80}, "stats": {"hp": 240, "atk": 246, "def": 150, "spa": 150, "spd": 230, "spe": 174}, "types": ["Psychic", "Fighting"]}, "Toedscruel": {"name": "Toedscruel", "species": "Toedscruel", "speciesId": "toedscruel", "gender": "M", "shiny": false, "level": 87, "moves": ["spore", "gigadrain", "rapidspin", "earthpower"], "ability": "Mycelium Might", "evs": {"hp": 85, "atk": 85, "def": 85, "spa": 85, "spd": 85, "spe": 85}, "ivs": {"hp": 31, "atk": 31, "def": 31, "spa": 31, "spd": 31, "spe": 31}, "item": "Leftovers", "teraType": "Water", "role": "Bulky Support", "bvs": {"hp": 80, "atk": 70, "def": 65, "spa": 80, "spd": 120, "spe": 100}, "stats": {"hp": 281, "atk": 172, "def": 163, "spa": 189, "spd": 259, "spe": 224}, "types": ["Ground", "Grass"]}, "Inteleon": {"name": "Inteleon", "species": "Inteleon", "speciesId": "inteleon", "gender": "M", "shiny": false, "level": 81, "moves": ["hydropump", "icebeam", "scald", "uturn"], "ability": "Torrent", "evs": {"hp": 85, "atk": 85, "def": 85, "spa": 85, "spd": 85, "spe": 85}, "ivs": {"hp": 31, "atk": 31, "def": 31, "spa": 31, "spd": 31, "spe": 31}, "item": "Choice Specs", "teraType": "Water", "role": "Wallbreaker", "bvs": {"hp": 70, "atk": 85, "def": 65, "spa": 125, "spd": 65, "spe": 120}, "stats": {"hp": 246, "atk": 184, "def": 152, "spa": 249, "spd": 152, "spe": 241}, "types": ["Water"]}}]}