{"id": "gen9randombattle-2642063108", "format": "[Gen 9] Random Battle", "players": ["thinh100", "jnpr010334"], "log": "|j|\u2606thinh100\n|j|\u2606jnpr010334\n|t:|1782881992\n|gametype|singles\n|player|p1|thinh100|169|1652\n|player|p2|jnpr010334|265|1710\n|gen|9\n|tier|[Gen 9] Random Battle\n|rated|\n|rule|Species Clause: Limit one of each Pok\u00e9mon\n|rule|HP Percentage Mod: HP is shown in percentages\n|rule|Sleep Clause Mod: Limit one foe put to sleep\n|rule|Illusion Level Mod: Illusion disguises the Pok\u00e9mon's true level\n|\n|t:|1782881992\n|teamsize|p1|6\n|teamsize|p2|6\n|start\n|switch|p1a: Iron Valiant|Iron Valiant, L78|244/244\n|switch|p2a: Copperajah|Copperajah, L86, M|349/349\n|turn|1\n|\n|t:|1782881997\n|move|p1a: Iron Valiant|Close Combat|p2a: Copperajah\n|-supereffective|p2a: Copperajah\n|-damage|p2a: Copperajah|0 fnt\n|-unboost|p1a: Iron Valiant|def|1\n|-unboost|p1a: Iron Valiant|spd|1\n|faint|p2a: Copperajah\n|-damage|p1a: Iron Valiant|220/244|[from] item: Life Orb\n|\n|upkeep\n|\n|t:|1782881999\n|switch|p2a: Gothitelle|Gothitelle, L90, F|272/272\n|turn|2\n|inactive|Battle timer is ON: inactive players will automatically lose when time's up. (requested by jnpr010334)\n|\n|t:|1782882004\n|-terastallize|p1a: Iron Valiant|Dark\n|move|p1a: Iron Valiant|Knock Off|p2a: Gothitelle\n|-supereffective|p2a: Gothitelle\n|-damage|p2a: Gothitelle|22/272\n|-enditem|p2a: Gothitelle|Leftovers|[from] move: Knock Off|[of] p1a: Iron Valiant\n|-damage|p1a: Iron Valiant|196/244|[from] item: Life Orb\n|move|p2a: Gothitelle|Psychic Noise|p1a: Iron Valiant\n|-immune|p1a: Iron Valiant\n|\n|upkeep\n|turn|3\n|\n|t:|1782882007\n|move|p1a: Iron Valiant|Knock Off|p2a: Gothitelle\n|-supereffective|p2a: Gothitelle\n|-damage|p2a: Gothitelle|0 fnt\n|faint|p2a: Gothitelle\n|-damage|p1a: Iron Valiant|172/244|[from] item: Life Orb\n|\n|upkeep\n|\n|t:|1782882009\n|switch|p2a: Iron Boulder|Iron Boulder, L77|265/265\n|-enditem|p2a: Iron Boulder|Booster Energy\n|-activate|p2a: Iron Boulder|ability: Quark Drive|[fromitem]\n|-start|p2a: Iron Boulder|quarkdrivespe\n|turn|4\n|\n|t:|1782882013\n|-end|p1a: Iron Valiant|Quark Drive|[silent]\n|switch|p1a: Scream Tail|Scream Tail, L84|330/330\n|-terastallize|p2a: Iron Boulder|Fighting\n|move|p2a: Iron Boulder|Close Combat|p1a: Scream Tail\n|-resisted|p1a: Scream Tail\n|-damage|p1a: Scream Tail|301/330\n|-unboost|p2a: Iron Boulder|def|1\n|-unboost|p2a: Iron Boulder|spd|1\n|\n|-heal|p1a: Scream Tail|321/330|[from] item: Leftovers\n|upkeep\n|turn|5\n|\n|t:|1782882017\n|-end|p2a: Iron Boulder|Quark Drive|[silent]\n|switch|p2a: Regice|Regice, L88|284/284\n|move|p1a: Scream Tail|Encore||[still]\n|-fail|p1a: Scream Tail\n|\n|-heal|p1a: Scream Tail|330/330|[from] item: Leftovers\n|upkeep\n|turn|6\n|\n|t:|1782882022\n|move|p1a: Scream Tail|Dazzling Gleam|p2a: Regice\n|-damage|p2a: Regice|254/284\n|move|p2a: Regice|Ice Beam|p1a: Scream Tail\n|-damage|p1a: Scream Tail|243/330\n|\n|-heal|p1a: Scream Tail|263/330|[from] item: Leftovers\n|upkeep\n|turn|7\n|\n|t:|1782882024\n|move|p1a: Scream Tail|Encore|p2a: Regice\n|-start|p2a: Regice|Encore\n|move|p2a: Regice|Ice Beam|p1a: Scream Tail\n|-damage|p1a: Scream Tail|181/330\n|\n|-heal|p1a: Scream Tail|201/330|[from] item: Leftovers\n|upkeep\n|turn|8\n|\n|t:|1782882028\n|-end|p1a: Scream Tail|Protosynthesis|[silent]\n|switch|p1a: Gallade|Gallade, L80, M|240/240\n|move|p2a: Regice|Ice Beam|p1a: Gallade\n|-damage|p1a: Gallade|150/240\n|\n|upkeep\n|turn|9\n|\n|t:|1782882031\n|switch|p2a: Hitmonchan|Hitmonchan, L87, M|229/229\n|move|p1a: Gallade|Sacred Sword|p2a: Hitmonchan\n|-damage|p2a: Hitmonchan|0 fnt\n|faint|p2a: Hitmonchan\n|\n|upkeep\n|\n|t:|1782882033\n|switch|p2a: Iron Boulder|Iron Boulder, L77, tera:Fighting|265/265\n|turn|10\n|\n|t:|1782882035\n|move|p2a: Iron Boulder|Swords Dance|p2a: Iron Boulder\n|-boost|p2a: Iron Boulder|atk|2\n|move|p1a: Gallade|Sacred Sword|p2a: Iron Boulder\n|-damage|p2a: Iron Boulder|0 fnt\n|faint|p2a: Iron Boulder\n|-end|p2a: Iron Boulder|Quark Drive|[silent]\n|\n|upkeep\n|\n|t:|1782882037\n|switch|p2a: Regirock|Regirock, L83|268/268\n|turn|11\n|c|\u2606thinh100|dam\n|c|\u2606thinh100|2\n|\n|t:|1782882045\n|move|p1a: Gallade|Sacred Sword|p2a: Regirock\n|-supereffective|p2a: Regirock\n|-damage|p2a: Regirock|28/268\n|move|p2a: Regirock|Iron Defense|p2a: Regirock\n|-boost|p2a: Regirock|def|2\n|\n|-heal|p2a: Regirock|44/268|[from] item: Leftovers\n|upkeep\n|turn|12\n|\n|t:|1782882048\n|move|p1a: Gallade|Sacred Sword|p2a: Regirock\n|-supereffective|p2a: Regirock\n|-crit|p2a: Regirock\n|-damage|p2a: Regirock|0 fnt\n|faint|p2a: Regirock\n|\n|upkeep\n|\n|t:|1782882050\n|switch|p2a: Regice|Regice, L88|254/284\n|turn|13\n|\n|t:|1782882053\n|move|p1a: Gallade|Sacred Sword|p2a: Regice\n|-supereffective|p2a: Regice\n|-damage|p2a: Regice|0 fnt\n|faint|p2a: Regice\n|\n|win|thinh100\n|raw|thinh100's rating: 1669 &rarr; <strong>1690</strong><br />(+21 for winning)\n|raw|jnpr010334's rating: 1693 &rarr; <strong>1672</strong><br />(-21 for losing)\n", "inputlog": ">version f8ac14003a5f27e1bdc8d8c59608a773c1cb96e5\n>start {\"formatid\":\"gen9randombattle\",\"seed\":\"sodium,da4c5a78bc9f8c8dad5bb96c75686f09\",\"rated\":\"Rated battle\"}\n>player p1 {\"name\":\"thinh100\",\"avatar\":\"169\",\"rating\":1652,\"seed\":\"sodium,9bee128dfa4f661de1fff312e998961d\"}\n>player p2 {\"name\":\"jnpr010334\",\"avatar\":\"265\",\"rating\":1710,\"seed\":\"sodium,4be95b668e16bc1597f3785022d7f013\"}\n>p1 move closecombat\n>p2 move heavyslam\n>p2 switch 6\n>p1 move knockoff terastallize\n>p2 move psychicnoise\n>p1 move knockoff\n>p2 move focusblast\n>p2 switch 5\n>p1 switch 2\n>p2 move closecombat terastallize\n>p1 move encore\n>p2 switch 2\n>p1 move dazzlinggleam\n>p2 move icebeam\n>p1 move encore\n>p2 move icebeam\n>p1 switch 6\n>p2 move icebeam\n>p1 move sacredsword\n>p2 switch 4\n>p2 switch 2\n>p1 move sacredsword\n>p2 move swordsdance\n>p2 switch 3\n>chat \u2606thinh100|dam\n>chat \u2606thinh100|2 \n>p1 move sacredsword\n>p2 move irondefense\n>p1 move sacredsword\n>p2 move bodypress\n>p2 switch 4\n>p1 move sacredsword\n>p2 move icebeam", "uploadtime": 1782882055, "views": 2, "formatid": "gen9randombattle", "rating": 1672, "private": 0, "password": null, "player_dets": [{"name": "thinh100", "avatar": "169", "rating": 1652, "seed": "sodium,9bee128dfa4f661de1fff312e998961d"}, {"name": "jnpr010334", "avatar": "265", "rating": 1710, "seed": "sodium,4be95b668e16bc1597f3785022d7f013"}], "teams_full": [{"Iron Valiant": {"name": "Iron Valiant", "species": "Iron Valiant", "speciesId": "ironvaliant", "gender": "N", "shiny": false, "level": 78, "moves": ["encore", "moonblast", "closecombat", "knockoff"], "ability": "Quark Drive", "evs": {"hp": 85, "atk": 85, "def": 85, "spa": 85, "spd": 85, "spe": 85}, "ivs": {"hp": 31, "atk": 31, "def": 31, "spa": 31, "spd": 31, "spe": 31}, "item": "Life Orb", "teraType": "Dark", "role": "Wallbreaker", "bvs": {"hp": 74, "atk": 130, "def": 90, "spa": 120, "spd": 60, "spe": 116}, "stats": {"hp": 244, "atk": 248, "def": 185, "spa": 232, "spd": 139, "spe": 226}, "types": ["Fairy", "Fighting"]}, "Scream Tail": {"name": "Scream Tail", "species": "Scream Tail", "speciesId": "screamtail", "gender": "N", "shiny": false, "level": 84, "moves": ["protect", "dazzlinggleam", "encore", "wish"], "ability": "Protosynthesis", "evs": {"hp": 85, "atk": 0, "def": 85, "spa": 85, "spd": 85, "spe": 85}, "ivs": {"hp": 31, "atk": 0, "def": 31, "spa": 31, "spd": 31, "spe": 31}, "item": "Leftovers", "teraType": "Steel", "role": "Bulky Attacker", "bvs": {"hp": 115, "atk": 65, "def": 99, "spa": 65, "spd": 115, "spe": 111}, "stats": {"hp": 330, "atk": 114, "def": 215, "spa": 157, "spd": 241, "spe": 235}, "types": ["Fairy", "Psychic"]}, "Crawdaunt": {"name": "Crawdaunt", "species": "Crawdaunt", "speciesId": "crawdaunt", "gender": "F", "shiny": false, "level": 84, "moves": ["crabhammer", "knockoff", "aquajet", "closecombat"], "ability": "Adaptability", "evs": {"hp": 85, "atk": 85, "def": 85, "spa": 85, "spd": 85, "spe": 85}, "ivs": {"hp": 31, "atk": 31, "def": 31, "spa": 31, "spd": 31, "spe": 31}, "item": "Choice Band", "teraType": "Fighting", "role": "Fast Attacker", "bvs": {"hp": 63, "atk": 120, "def": 85, "spa": 90, "spd": 55, "spe": 55}, "stats": {"hp": 243, "atk": 250, "def": 191, "spa": 199, "spd": 141, "spe": 141}, "types": ["Water", "Dark"]}, "Skuntank": {"name": "Skuntank", "species": "Skuntank", "speciesId": "skuntank", "gender": "M", "shiny": false, "level": 84, "moves": ["fireblast", "suckerpunch", "gunkshot", "knockoff"], "ability": "Aftermath", "evs": {"hp": 85, "atk": 85, "def": 85, "spa": 85, "spd": 85, "spe": 85}, "ivs": {"hp": 31, "atk": 31, "def": 31, "spa": 31, "spd": 31, "spe": 31}, "item": "Assault Vest", "teraType": "Poison", "role": "Fast Support", "bvs": {"hp": 103, "atk": 93, "def": 67, "spa": 71, "spd": 61, "spe": 84}, "stats": {"hp": 310, "atk": 204, "def": 161, "spa": 167, "spd": 151, "spe": 189}, "types": ["Poison", "Dark"]}, "Cramorant": {"name": "Cramorant", "species": "Cramorant", "speciesId": "cramorant", "gender": "F", "shiny": false, "level": 86, "moves": ["surf", "roost", "bravebird", "defog"], "ability": "Gulp Missile", "evs": {"hp": 85, "atk": 85, "def": 85, "spa": 85, "spd": 85, "spe": 85}, "ivs": {"hp": 31, "atk": 31, "def": 31, "spa": 31, "spd": 31, "spe": 31}, "item": "Heavy-Duty Boots", "teraType": "Ground", "role": "Bulky Support", "bvs": {"hp": 70, "atk": 85, "def": 55, "spa": 85, "spd": 95, "spe": 85}, "stats": {"hp": 261, "atk": 195, "def": 144, "spa": 195, "spd": 213, "spe": 195}, "types": ["Flying", "Water"]}, "Gallade": {"name": "Gallade", "species": "Gallade", "speciesId": "gallade", "gender": "M", "shiny": false, "level": 80, "moves": ["leafblade", "psychocut", "nightslash", "sacredsword"], "ability": "Sharpness", "evs": {"hp": 85, "atk": 85, "def": 85, "spa": 85, "spd": 85, "spe": 85}, "ivs": {"hp": 31, "atk": 31, "def": 31, "spa": 31, "spd": 31, "spe": 31}, "item": "Choice Band", "teraType": "Fighting", "role": "Fast Attacker", "bvs": {"hp": 68, "atk": 125, "def": 65, "spa": 65, "spd": 115, "spe": 80}, "stats": {"hp": 240, "atk": 246, "def": 150, "spa": 150, "spd": 230, "spe": 174}, "types": ["Psychic", "Fighting"]}}, {"Copperajah": {"name": "Copperajah", "species": "Copperajah", "speciesId": "copperajah", "gender": "M", "shiny": false, "level": 86, "moves": ["heatcrash", "knockoff", "heavyslam", "supercellslam"], "ability": "Heavy Metal", "evs": {"hp": 81, "atk": 85, "def": 85, "spa": 85, "spd": 85, "spe": 85}, "ivs": {"hp": 31, "atk": 31, "def": 31, "spa": 31, "spd": 31, "spe": 31}, "item": "Choice Band", "teraType": "Flying", "role": "Bulky Attacker", "bvs": {"hp": 122, "atk": 130, "def": 69, "spa": 80, "spd": 69, "spe": 30}, "stats": {"hp": 349, "atk": 273, "def": 168, "spa": 187, "spd": 168, "spe": 101}, "types": ["Steel"]}, "Regice": {"name": "Regice", "species": "Regice", "speciesId": "regice", "gender": "N", "shiny": false, "level": 88, "moves": ["icebeam", "sleeptalk", "thunderbolt", "rest"], "ability": "Clear Body", "evs": {"hp": 85, "atk": 0, "def": 85, "spa": 85, "spd": 85, "spe": 85}, "ivs": {"hp": 31, "atk": 0, "def": 31, "spa": 31, "spd": 31, "spe": 31}, "item": "Heavy-Duty Boots", "teraType": "Electric", "role": "Bulky Attacker", "bvs": {"hp": 80, "atk": 50, "def": 100, "spa": 100, "spd": 200, "spe": 50}, "stats": {"hp": 284, "atk": 93, "def": 226, "spa": 226, "spd": 402, "spe": 138}, "types": ["Ice"]}, "Regirock": {"name": "Regirock", "species": "Regirock", "speciesId": "regirock", "gender": "N", "shiny": false, "level": 83, "moves": ["thunderwave", "stoneedge", "irondefense", "bodypress"], "ability": "Clear Body", "evs": {"hp": 85, "atk": 85, "def": 85, "spa": 85, "spd": 85, "spe": 85}, "ivs": {"hp": 31, "atk": 31, "def": 31, "spa": 31, "spd": 31, "spe": 31}, "item": "Leftovers", "teraType": "Fighting", "role": "Bulky Attacker", "bvs": {"hp": 80, "atk": 100, "def": 200, "spa": 50, "spd": 100, "spe": 50}, "stats": {"hp": 268, "atk": 214, "def": 380, "spa": 131, "spd": 214, "spe": 131}, "types": ["Rock"]}, "Hitmonchan": {"name": "Hitmonchan", "species": "Hitmonchan", "speciesId": "hitmonchan", "gender": "M", "shiny": false, "level": 87, "moves": ["drainpunch", "icepunch", "swordsdance", "knockoff"], "ability": "Iron Fist", "evs": {"hp": 85, "atk": 85, "def": 85, "spa": 85, "spd": 85, "spe": 85}, "ivs": {"hp": 31, "atk": 31, "def": 31, "spa": 31, "spd": 31, "spe": 31}, "item": "Life Orb", "teraType": "Dark", "role": "Setup Sweeper", "bvs": {"hp": 50, "atk": 105, "def": 79, "spa": 35, "spd": 110, "spe": 76}, "stats": {"hp": 229, "atk": 232, "def": 187, "spa": 111, "spd": 241, "spe": 182}, "types": ["Fighting"]}, "Iron Boulder": {"name": "Iron Boulder", "species": "Iron Boulder", "speciesId": "ironboulder", "gender": "N", "shiny": false, "level": 77, "moves": ["mightycleave", "closecombat", "swordsdance", "zenheadbutt"], "ability": "Quark Drive", "evs": {"hp": 85, "atk": 85, "def": 85, "spa": 85, "spd": 85, "spe": 85}, "ivs": {"hp": 31, "atk": 31, "def": 31, "spa": 31, "spd": 31, "spe": 31}, "item": "Booster Energy", "teraType": "Fighting", "role": "Fast Bulky Setup", "bvs": {"hp": 90, "atk": 120, "def": 80, "spa": 68, "spd": 108, "spe": 124}, "stats": {"hp": 265, "atk": 229, "def": 168, "spa": 149, "spd": 211, "spe": 236}, "types": ["Rock", "Psychic"]}, "Gothitelle": {"name": "Gothitelle", "species": "Gothitelle", "speciesId": "gothitelle", "gender": "F", "shiny": false, "level": 90, "moves": ["calmmind", "focusblast", "psychicnoise", "darkpulse"], "ability": "Shadow Tag", "evs": {"hp": 85, "atk": 0, "def": 85, "spa": 85, "spd": 85, "spe": 85}, "ivs": {"hp": 31, "atk": 0, "def": 31, "spa": 31, "spd": 31, "spe": 31}, "item": "Leftovers", "teraType": "Fairy", "role": "Bulky Setup", "bvs": {"hp": 70, "atk": 55, "def": 95, "spa": 95, "spd": 110, "spe": 65}, "stats": {"hp": 272, "atk": 104, "def": 222, "spa": 222, "spd": 249, "spe": 168}, "types": ["Psychic"]}}]}