{"id": "gen9randombattle-2641586947", "format": "[Gen 9] Random Battle", "players": ["testbotcif", "Direeee"], "log": "|j|\u2606testbotcif\n|j|\u2606Direeee\n|t:|1782813688\n|gametype|singles\n|player|p1|testbotcif|266|1108\n|player|p2|Direeee|palmer|1121\n|gen|9\n|tier|[Gen 9] Random Battle\n|rated|\n|rule|Species Clause: Limit one of each Pok\u00e9mon\n|rule|HP Percentage Mod: HP is shown in percentages\n|rule|Sleep Clause Mod: Limit one foe put to sleep\n|rule|Illusion Level Mod: Illusion disguises the Pok\u00e9mon's true level\n|\n|t:|1782813688\n|teamsize|p1|6\n|teamsize|p2|6\n|start\n|switch|p1a: Armarouge|Armarouge, L80, F|267/267\n|switch|p2a: Copperajah|Copperajah, L86, F|350/350\n|turn|1\n|inactive|Battle timer is ON: inactive players will automatically lose when time's up. (requested by testbotcif)\n|c|\u2606testbotcif|rlhf\n|c|\u2606Direeee|gl\n|inactive|Direeee has 120 seconds left.\n|\n|t:|1782813720\n|-terastallize|p2a: Copperajah|Fairy\n|move|p1a: Armarouge|Armor Cannon|p2a: Copperajah\n|-damage|p2a: Copperajah|112/350\n|-unboost|p1a: Armarouge|def|1\n|-unboost|p1a: Armarouge|spd|1\n|move|p2a: Copperajah|Earthquake|p1a: Armarouge\n|-supereffective|p1a: Armarouge\n|-damage|p1a: Armarouge|0 fnt\n|faint|p1a: Armarouge\n|-damage|p2a: Copperajah|77/350|[from] item: Life Orb\n|\n|upkeep\n|\n|t:|1782813720\n|switch|p1a: Phione|Phione, L91|293/293\n|turn|2\n|\n|t:|1782813741\n|move|p1a: Phione|Scald|p2a: Copperajah\n|-damage|p2a: Copperajah|0 fnt\n|faint|p2a: Copperajah\n|\n|upkeep\n|\n|t:|1782813749\n|switch|p2a: Exeggutor|Exeggutor, L89, M|312/312\n|turn|3\n|\n|t:|1782813759\n|switch|p1a: Masquerain|Masquerain, L87, M|264/264\n|-ability|p1a: Masquerain|Intimidate|boost\n|-unboost|p2a: Exeggutor|atk|1\n|move|p2a: Exeggutor|Substitute|p2a: Exeggutor\n|-start|p2a: Exeggutor|Substitute\n|-damage|p2a: Exeggutor|234/312\n|\n|upkeep\n|turn|4\n|\n|t:|1782813769\n|move|p1a: Masquerain|Bug Buzz|p2a: Exeggutor\n|-supereffective|p2a: Exeggutor\n|-damage|p2a: Exeggutor|0 fnt\n|faint|p2a: Exeggutor\n|\n|upkeep\n|\n|t:|1782813777\n|switch|p2a: Mamoswine|Mamoswine, L81, M|311/311\n|turn|5\n|\n|t:|1782813785\n|-terastallize|p1a: Masquerain|Ground\n|move|p1a: Masquerain|Bug Buzz|p2a: Mamoswine\n|-damage|p2a: Mamoswine|164/311\n|move|p2a: Mamoswine|Icicle Crash|p1a: Masquerain\n|-supereffective|p1a: Masquerain\n|-damage|p1a: Masquerain|0 fnt\n|faint|p1a: Masquerain\n|-damage|p2a: Mamoswine|133/311|[from] item: Life Orb\n|\n|upkeep\n|\n|t:|1782813785\n|switch|p1a: Phione|Phione, L91|293/293\n|turn|6\n|\n|t:|1782813801\n|move|p1a: Phione|Scald|p2a: Mamoswine\n|-supereffective|p2a: Mamoswine\n|-damage|p2a: Mamoswine|0 fnt\n|faint|p2a: Mamoswine\n|\n|upkeep\n|\n|t:|1782813815\n|switch|p2a: Toxapex|Toxapex, L82, M|216/216\n|turn|7\n|\n|t:|1782813820\n|move|p1a: Phione|Scald|p2a: Toxapex\n|-resisted|p2a: Toxapex\n|-damage|p2a: Toxapex|186/216\n|move|p2a: Toxapex|Toxic|p1a: Phione\n|-status|p1a: Phione|tox\n|\n|-heal|p2a: Toxapex|199/216|[from] item: Leftovers\n|-damage|p1a: Phione|275/293 tox|[from] psn\n|upkeep\n|turn|8\n|\n|t:|1782813836\n|switch|p1a: Bellibolt|Bellibolt, L84, M|320/320\n|move|p2a: Toxapex|Liquidation|p1a: Bellibolt\n|-damage|p1a: Bellibolt|262/320\n|-start|p1a: Bellibolt|Charge|Liquidation|[from] ability: Electromorphosis\n|\n|-heal|p1a: Bellibolt|282/320|[from] item: Leftovers\n|-heal|p2a: Toxapex|212/216|[from] item: Leftovers\n|upkeep\n|turn|9\n|\n|t:|1782813848\n|move|p1a: Bellibolt|Thunderbolt|p2a: Toxapex\n|-supereffective|p2a: Toxapex\n|-damage|p2a: Toxapex|0 fnt\n|faint|p2a: Toxapex\n|-end|p1a: Bellibolt|Charge|[silent]\n|\n|-heal|p1a: Bellibolt|302/320|[from] item: Leftovers\n|upkeep\n|\n|t:|1782813858\n|switch|p2a: Magmortar|Magmortar, L88, F|275/275\n|turn|10\n|\n|t:|1782813864\n|move|p2a: Magmortar|Earthquake|p1a: Bellibolt\n|-supereffective|p1a: Bellibolt\n|-damage|p1a: Bellibolt|156/320\n|-start|p1a: Bellibolt|Charge|Earthquake|[from] ability: Electromorphosis\n|move|p1a: Bellibolt|Thunderbolt|p2a: Magmortar\n|-damage|p2a: Magmortar|91/275\n|-end|p1a: Bellibolt|Charge|[silent]\n|\n|-heal|p1a: Bellibolt|176/320|[from] item: Leftovers\n|upkeep\n|turn|11\n|\n|t:|1782813874\n|switch|p1a: Phione|Phione, L91|275/293 tox\n|move|p2a: Magmortar|Earthquake|p1a: Phione\n|-damage|p1a: Phione|197/293 tox\n|\n|-heal|p1a: Phione|215/293 tox|[from] item: Leftovers\n|-damage|p1a: Phione|197/293 tox|[from] psn\n|upkeep\n|turn|12\n|\n|t:|1782813884\n|move|p1a: Phione|Scald|p2a: Magmortar\n|-supereffective|p2a: Magmortar\n|-damage|p2a: Magmortar|0 fnt\n|faint|p2a: Magmortar\n|\n|-heal|p1a: Phione|215/293 tox|[from] item: Leftovers\n|-damage|p1a: Phione|179/293 tox|[from] psn\n|upkeep\n|\n|t:|1782813893\n|switch|p2a: Gliscor|Gliscor, L76, M|239/239\n|turn|13\n|\n|t:|1782813900\n|move|p1a: Phione|Scald|p2a: Gliscor\n|-supereffective|p2a: Gliscor\n|-damage|p2a: Gliscor|29/239\n|move|p2a: Gliscor|Substitute|p2a: Gliscor\n|-fail|p2a: Gliscor|move: Substitute|[weak]\n|\n|-heal|p1a: Phione|197/293 tox|[from] item: Leftovers\n|-damage|p1a: Phione|143/293 tox|[from] psn\n|-status|p2a: Gliscor|tox|[from] item: Toxic Orb\n|upkeep\n|turn|14\n|\n|t:|1782813911\n|move|p2a: Gliscor|Protect|p2a: Gliscor\n|-singleturn|p2a: Gliscor|Protect\n|move|p1a: Phione|Scald|p2a: Gliscor\n|-activate|p2a: Gliscor|move: Protect\n|\n|-heal|p1a: Phione|161/293 tox|[from] item: Leftovers\n|-damage|p1a: Phione|89/293 tox|[from] psn\n|-heal|p2a: Gliscor|58/239 tox|[from] ability: Poison Heal\n|upkeep\n|turn|15\n|\n|t:|1782813924\n|move|p1a: Phione|Scald|p2a: Gliscor\n|-supereffective|p2a: Gliscor\n|-damage|p2a: Gliscor|0 fnt\n|faint|p2a: Gliscor\n|\n|win|testbotcif\n|raw|testbotcif's rating: 1108 &rarr; <strong>1134</strong><br />(+26 for winning)\n|raw|Direeee's rating: 1121 &rarr; <strong>1095</strong><br />(-26 for losing)\n", "inputlog": ">version f8ac14003a5f27e1bdc8d8c59608a773c1cb96e5\n>start {\"formatid\":\"gen9randombattle\",\"seed\":\"sodium,4f12297a73cf7f8b870063e00d747c54\",\"rated\":\"Rated battle\"}\n>player p1 {\"name\":\"testbotcif\",\"avatar\":\"266\",\"rating\":1108,\"seed\":\"sodium,829afbdda4b52240b44b8daa7734a0d1\"}\n>player p2 {\"name\":\"Direeee\",\"avatar\":\"palmer\",\"rating\":1121,\"seed\":\"sodium,d4a61fbf80580875eedfe4cffe7fb96e\"}\n>chat \u2606testbotcif|rlhf\n>chat \u2606Direeee|gl\n>p1 move armorcannon\n>p2 move earthquake terastallize\n>p1 switch 4\n>p1 move scald\n>p2 move playrough\n>p2 switch 2\n>p1 switch 2\n>p2 move substitute\n>p1 move bugbuzz\n>p2 move leechseed\n>p2 switch 5\n>p1 move bugbuzz terastallize\n>p2 move iciclecrash\n>p1 switch 2\n>p1 move scald\n>p2 move earthquake\n>p2 switch 3\n>p1 move scald\n>p2 move toxic\n>p1 switch 3\n>p2 move liquidation\n>p1 move thunderbolt\n>p2 move toxic\n>p2 switch 4\n>p1 move thunderbolt\n>p2 move earthquake\n>p1 switch 3\n>p2 move earthquake\n>p1 move scald\n>p2 move knockoff\n>p2 switch 6\n>p1 move scald\n>p2 move substitute\n>p1 move scald\n>p2 move protect\n>p1 move scald\n>p2 move earthquake", "uploadtime": 1782813924, "views": 9, "formatid": "gen9randombattle", "rating": 1095, "private": 0, "password": null, "player_dets": [{"name": "testbotcif", "avatar": "266", "rating": 1108, "seed": "sodium,829afbdda4b52240b44b8daa7734a0d1"}, {"name": "Direeee", "avatar": "palmer", "rating": 1121, "seed": "sodium,d4a61fbf80580875eedfe4cffe7fb96e"}], "teams_full": [{"Armarouge": {"name": "Armarouge", "species": "Armarouge", "speciesId": "armarouge", "gender": "F", "shiny": false, "level": 80, "moves": ["psyshock", "armorcannon", "aurasphere", "energyball"], "ability": "Weak Armor", "evs": {"hp": 85, "atk": 0, "def": 85, "spa": 85, "spd": 85, "spe": 85}, "ivs": {"hp": 31, "atk": 0, "def": 31, "spa": 31, "spd": 31, "spe": 31}, "item": "Choice Specs", "teraType": "Fighting", "role": "Wallbreaker", "bvs": {"hp": 85, "atk": 60, "def": 100, "spa": 125, "spd": 80, "spe": 75}, "stats": {"hp": 267, "atk": 101, "def": 206, "spa": 246, "spd": 174, "spe": 166}, "types": ["Fire", "Psychic"]}, "Masquerain": {"name": "Masquerain", "species": "Masquerain", "speciesId": "masquerain", "gender": "M", "shiny": false, "level": 87, "moves": ["bugbuzz", "hurricane", "stunspore", "stickyweb"], "ability": "Intimidate", "evs": {"hp": 85, "atk": 0, "def": 85, "spa": 85, "spd": 85, "spe": 85}, "ivs": {"hp": 31, "atk": 0, "def": 31, "spa": 31, "spd": 31, "spe": 31}, "item": "Heavy-Duty Boots", "teraType": "Ground", "role": "Fast Support", "bvs": {"hp": 70, "atk": 60, "def": 62, "spa": 100, "spd": 82, "spe": 80}, "stats": {"hp": 264, "atk": 109, "def": 158, "spa": 224, "spd": 192, "spe": 189}, "types": ["Bug", "Flying"]}, "Bellibolt": {"name": "Bellibolt", "species": "Bellibolt", "speciesId": "bellibolt", "gender": "M", "shiny": false, "level": 84, "moves": ["toxic", "slackoff", "muddywater", "thunderbolt"], "ability": "Electromorphosis", "evs": {"hp": 85, "atk": 0, "def": 85, "spa": 85, "spd": 85, "spe": 85}, "ivs": {"hp": 31, "atk": 0, "def": 31, "spa": 31, "spd": 31, "spe": 31}, "item": "Leftovers", "teraType": "Water", "role": "Bulky Attacker", "bvs": {"hp": 109, "atk": 64, "def": 91, "spa": 103, "spd": 83, "spe": 45}, "stats": {"hp": 320, "atk": 112, "def": 201, "spa": 221, "spd": 188, "spe": 124}, "types": ["Electric"]}, "Phione": {"name": "Phione", "species": "Phione", "speciesId": "phione", "gender": "N", "shiny": false, "level": 91, "moves": ["rest", "sleeptalk", "scald", "takeheart"], "ability": "Hydration", "evs": {"hp": 85, "atk": 0, "def": 85, "spa": 85, "spd": 85, "spe": 85}, "ivs": {"hp": 31, "atk": 0, "def": 31, "spa": 31, "spd": 31, "spe": 31}, "item": "Leftovers", "teraType": "Dragon", "role": "Bulky Setup", "bvs": {"hp": 80, "atk": 80, "def": 80, "spa": 80, "spd": 80, "spe": 80}, "stats": {"hp": 293, "atk": 150, "def": 197, "spa": 197, "spd": 197, "spe": 197}, "types": ["Water"]}, "Groudon": {"name": "Groudon", "species": "Groudon", "speciesId": "groudon", "gender": "N", "shiny": false, "level": 72, "moves": ["precipiceblades", "thunderwave", "swordsdance", "heatcrash"], "ability": "Drought", "evs": {"hp": 85, "atk": 85, "def": 85, "spa": 85, "spd": 85, "spe": 85}, "ivs": {"hp": 31, "atk": 31, "def": 31, "spa": 31, "spd": 31, "spe": 31}, "item": "Leftovers", "teraType": "Fire", "role": "Bulky Setup", "bvs": {"hp": 100, "atk": 150, "def": 140, "spa": 100, "spd": 90, "spe": 90}, "stats": {"hp": 263, "atk": 258, "def": 244, "spa": 186, "spd": 172, "spe": 172}, "types": ["Ground"]}, "Virizion": {"name": "Virizion", "species": "Virizion", "speciesId": "virizion", "gender": "N", "shiny": false, "level": 82, "moves": ["closecombat", "stoneedge", "swordsdance", "leafblade"], "ability": "Justified", "evs": {"hp": 85, "atk": 85, "def": 85, "spa": 85, "spd": 85, "spe": 85}, "ivs": {"hp": 31, "atk": 31, "def": 31, "spa": 31, "spd": 31, "spe": 31}, "item": "Life Orb", "teraType": "Rock", "role": "Setup Sweeper", "bvs": {"hp": 91, "atk": 90, "def": 72, "spa": 90, "spd": 129, "spe": 108}, "stats": {"hp": 283, "atk": 195, "def": 165, "spa": 195, "spd": 259, "spe": 224}, "types": ["Grass", "Fighting"]}}, {"Copperajah": {"name": "Copperajah", "species": "Copperajah", "speciesId": "copperajah", "gender": "F", "shiny": false, "level": 86, "moves": ["ironhead", "rockslide", "playrough", "earthquake"], "ability": "Sheer Force", "evs": {"hp": 85, "atk": 85, "def": 85, "spa": 85, "spd": 85, "spe": 85}, "ivs": {"hp": 31, "atk": 31, "def": 31, "spa": 31, "spd": 31, "spe": 31}, "item": "Life Orb", "teraType": "Fairy", "role": "Wallbreaker", "bvs": {"hp": 122, "atk": 130, "def": 69, "spa": 80, "spd": 69, "spe": 30}, "stats": {"hp": 350, "atk": 273, "def": 168, "spa": 187, "spd": 168, "spe": 101}, "types": ["Steel"]}, "Exeggutor": {"name": "Exeggutor", "species": "Exeggutor", "speciesId": "exeggutor", "gender": "M", "shiny": false, "level": 89, "moves": ["psychicnoise", "protect", "substitute", "leechseed"], "ability": "Harvest", "evs": {"hp": 77, "atk": 0, "def": 85, "spa": 85, "spd": 85, "spe": 85}, "ivs": {"hp": 31, "atk": 0, "def": 31, "spa": 31, "spd": 31, "spe": 31}, "item": "Sitrus Berry", "teraType": "Steel", "role": "Bulky Attacker", "bvs": {"hp": 95, "atk": 95, "def": 85, "spa": 125, "spd": 75, "spe": 55}, "stats": {"hp": 312, "atk": 174, "def": 202, "spa": 273, "spd": 184, "spe": 149}, "types": ["Grass", "Psychic"]}, "Toxapex": {"name": "Toxapex", "species": "Toxapex", "speciesId": "toxapex", "gender": "M", "shiny": false, "level": 82, "moves": ["haze", "liquidation", "toxic", "recover"], "ability": "Regenerator", "evs": {"hp": 85, "atk": 85, "def": 85, "spa": 85, "spd": 85, "spe": 85}, "ivs": {"hp": 31, "atk": 31, "def": 31, "spa": 31, "spd": 31, "spe": 31}, "item": "Leftovers", "teraType": "Fairy", "role": "Bulky Support", "bvs": {"hp": 50, "atk": 63, "def": 152, "spa": 53, "spd": 142, "spe": 35}, "stats": {"hp": 216, "atk": 150, "def": 296, "spa": 134, "spd": 280, "spe": 105}, "types": ["Poison", "Water"]}, "Magmortar": {"name": "Magmortar", "species": "Magmortar", "speciesId": "magmortar", "gender": "F", "shiny": false, "level": 88, "moves": ["knockoff", "fireblast", "earthquake", "focusblast"], "ability": "Flame Body", "evs": {"hp": 85, "atk": 85, "def": 85, "spa": 85, "spd": 85, "spe": 85}, "ivs": {"hp": 31, "atk": 31, "def": 31, "spa": 31, "spd": 31, "spe": 31}, "item": "Heavy-Duty Boots", "teraType": "Fighting", "role": "Fast Attacker", "bvs": {"hp": 75, "atk": 95, "def": 67, "spa": 125, "spd": 95, "spe": 83}, "stats": {"hp": 275, "atk": 217, "def": 168, "spa": 270, "spd": 217, "spe": 196}, "types": ["Fire"]}, "Mamoswine": {"name": "Mamoswine", "species": "Mamoswine", "speciesId": "mamoswine", "gender": "M", "shiny": false, "level": 81, "moves": ["iceshard", "earthquake", "iciclecrash", "stealthrock"], "ability": "Thick Fat", "evs": {"hp": 85, "atk": 85, "def": 85, "spa": 85, "spd": 85, "spe": 85}, "ivs": {"hp": 31, "atk": 31, "def": 31, "spa": 31, "spd": 31, "spe": 31}, "item": "Life Orb", "teraType": "Ground", "role": "Wallbreaker", "bvs": {"hp": 110, "atk": 130, "def": 80, "spa": 70, "spd": 60, "spe": 80}, "stats": {"hp": 311, "atk": 257, "def": 176, "spa": 160, "spd": 144, "spe": 176}, "types": ["Ice", "Ground"]}, "Gliscor": {"name": "Gliscor", "species": "Gliscor", "speciesId": "gliscor", "gender": "M", "shiny": false, "level": 76, "moves": ["protect", "earthquake", "toxic", "substitute"], "ability": "Poison Heal", "evs": {"hp": 85, "atk": 85, "def": 85, "spa": 85, "spd": 85, "spe": 85}, "ivs": {"hp": 31, "atk": 31, "def": 31, "spa": 31, "spd": 31, "spe": 31}, "item": "Toxic Orb", "teraType": "Water", "role": "Fast Support", "bvs": {"hp": 75, "atk": 95, "def": 125, "spa": 45, "spd": 75, "spe": 95}, "stats": {"hp": 239, "atk": 188, "def": 234, "spa": 112, "spd": 158, "spe": 188}, "types": ["Ground", "Flying"]}}]}