{"id": "gen9randombattle-2641744701", "format": "[Gen 9] Random Battle", "players": ["Burallo", "palletclown"], "log": "|j|\u2606Burallo\n|j|\u2606palletclown\n|t:|1782836812\n|gametype|singles\n|player|p1|Burallo|170|1594\n|player|p2|palletclown|clown|1624\n|gen|9\n|tier|[Gen 9] Random Battle\n|rated|\n|rule|Species Clause: Limit one of each Pok\u00e9mon\n|rule|HP Percentage Mod: HP is shown in percentages\n|rule|Sleep Clause Mod: Limit one foe put to sleep\n|rule|Illusion Level Mod: Illusion disguises the Pok\u00e9mon's true level\n|\n|t:|1782836812\n|teamsize|p1|6\n|teamsize|p2|6\n|start\n|switch|p1a: Komala|Komala, L88, F|258/258\n|switch|p2a: Articuno|Articuno, L86|295/295\n|-ability|p2a: Articuno|Pressure\n|-ability|p1a: Komala|Comatose\n|turn|1\n|inactive|Battle timer is ON: inactive players will automatically lose when time's up. (requested by palletclown)\n|inactive|Burallo also wants the timer to be on.\n|inactive|palletclown has 120 seconds left.\n|\n|t:|1782836853\n|move|p2a: Articuno|U-turn|p1a: Komala\n|-damage|p1a: Komala|201/258\n|\n|t:|1782836858\n|switch|p2a: Probopass|Probopass, L91, M|257/257|[from] U-turn\n|move|p1a: Komala|Rapid Spin|p2a: Probopass\n|-resisted|p2a: Probopass\n|-damage|p2a: Probopass|247/257\n|-boost|p1a: Komala|spe|1\n|\n|-heal|p2a: Probopass|257/257|[from] item: Leftovers\n|upkeep\n|turn|2\n|\n|t:|1782836866\n|move|p1a: Komala|Earthquake|p2a: Probopass\n|-supereffective|p2a: Probopass\n|-damage|p2a: Probopass|21/257\n|move|p2a: Probopass|Body Press|p1a: Komala\n|-supereffective|p1a: Komala\n|-damage|p1a: Komala|0 fnt\n|faint|p1a: Komala\n|\n|-heal|p2a: Probopass|37/257|[from] item: Leftovers\n|upkeep\n|\n|t:|1782836883\n|switch|p1a: Venomoth|Venomoth, L84, M|255/255\n|turn|3\n|\n|t:|1782836897\n|move|p1a: Venomoth|Bug Buzz|p2a: Probopass\n|-resisted|p2a: Probopass\n|-damage|p2a: Probopass|0 fnt\n|faint|p2a: Probopass\n|\n|upkeep\n|inactive|palletclown has 120 seconds left.\n|\n|t:|1782836936\n|switch|p2a: Sinistcha|Sinistcha, L83|254/254\n|turn|4\n|\n|t:|1782836944\n|move|p1a: Venomoth|Quiver Dance|p1a: Venomoth\n|-boost|p1a: Venomoth|spa|1\n|-boost|p1a: Venomoth|spd|1\n|-boost|p1a: Venomoth|spe|1\n|move|p2a: Sinistcha|Shadow Ball|p1a: Venomoth\n|-damage|p1a: Venomoth|177/255\n|\n|upkeep\n|turn|5\n|inactive|palletclown has 120 seconds left.\n|\n|t:|1782836974\n|switch|p2a: Articuno|Articuno, L86|295/295\n|-ability|p2a: Articuno|Pressure\n|move|p1a: Venomoth|Sludge Wave|p2a: Articuno\n|-damage|p2a: Articuno|186/295\n|\n|upkeep\n|turn|6\n|\n|t:|1782836985\n|move|p1a: Venomoth|Sludge Wave|p2a: Articuno\n|-damage|p2a: Articuno|89/295\n|move|p2a: Articuno|Brave Bird|p1a: Venomoth\n|-supereffective|p1a: Venomoth\n|-crit|p1a: Venomoth\n|-damage|p1a: Venomoth|0 fnt\n|faint|p1a: Venomoth\n|-damage|p2a: Articuno|31/295|[from] Recoil\n|\n|upkeep\n|\n|t:|1782836994\n|switch|p1a: Hawlucha|Hawlucha, L80, M|256/256\n|turn|7\n|\n|t:|1782837010\n|switch|p2a: Grumpig|Grumpig, L92, M|297/297\n|move|p1a: Hawlucha|Close Combat|p2a: Grumpig\n|-resisted|p2a: Grumpig\n|-damage|p2a: Grumpig|231/297\n|-unboost|p1a: Hawlucha|def|1\n|-unboost|p1a: Hawlucha|spd|1\n|-enditem|p1a: Hawlucha|White Herb\n|-clearnegativeboost|p1a: Hawlucha|[silent]\n|\n|upkeep\n|turn|8\n|\n|t:|1782837025\n|move|p1a: Hawlucha|Acrobatics|p2a: Grumpig\n|-damage|p2a: Grumpig|113/297\n|move|p2a: Grumpig|Psychic|p1a: Hawlucha\n|-supereffective|p1a: Hawlucha\n|-damage|p1a: Hawlucha|0 fnt\n|faint|p1a: Hawlucha\n|\n|upkeep\n|\n|t:|1782837033\n|switch|p1a: Perrserker|Perrserker, L89, F|269/269\n|turn|9\n|inactive|palletclown has 90 seconds left.\n|\n|t:|1782837069\n|switch|p2a: Suicune|Suicune, L82|298/298\n|-ability|p2a: Suicune|Pressure\n|move|p1a: Perrserker|U-turn|p2a: Suicune\n|-damage|p2a: Suicune|216/298\n|-damage|p1a: Perrserker|243/269|[from] item: Life Orb\n|\n|t:|1782837083\n|switch|p1a: Floatzel|Floatzel, L86, M|286/286|[from] U-turn\n|\n|-heal|p2a: Suicune|234/298|[from] item: Leftovers\n|upkeep\n|turn|10\n|inactive|palletclown has 90 seconds left.\n|\n|t:|1782837095\n|move|p1a: Floatzel|Taunt|p2a: Suicune\n|-start|p2a: Suicune|move: Taunt\n|move|p2a: Suicune|Scald|p1a: Floatzel\n|-resisted|p1a: Floatzel\n|-damage|p1a: Floatzel|228/286\n|\n|-heal|p1a: Floatzel|245/286|[from] item: Leftovers\n|-heal|p2a: Suicune|252/298|[from] item: Leftovers\n|upkeep\n|turn|11\n|\n|t:|1782837104\n|move|p1a: Floatzel|Bulk Up|p1a: Floatzel\n|-boost|p1a: Floatzel|atk|1\n|-boost|p1a: Floatzel|def|1\n|move|p2a: Suicune|Scald|p1a: Floatzel\n|-resisted|p1a: Floatzel\n|-damage|p1a: Floatzel|189/286\n|\n|-heal|p1a: Floatzel|206/286|[from] item: Leftovers\n|-heal|p2a: Suicune|270/298|[from] item: Leftovers\n|upkeep\n|turn|12\n|inactive|palletclown has 90 seconds left.\n|\n|t:|1782837128\n|move|p1a: Floatzel|Bulk Up|p1a: Floatzel\n|-boost|p1a: Floatzel|atk|1\n|-boost|p1a: Floatzel|def|1\n|move|p2a: Suicune|Scald|p1a: Floatzel\n|-resisted|p1a: Floatzel\n|-damage|p1a: Floatzel|146/286\n|\n|-heal|p1a: Floatzel|163/286|[from] item: Leftovers\n|-heal|p2a: Suicune|288/298|[from] item: Leftovers\n|-end|p2a: Suicune|move: Taunt\n|upkeep\n|turn|13\n|inactive|palletclown has 90 seconds left.\n|\n|t:|1782837142\n|move|p1a: Floatzel|Wave Crash|p2a: Suicune\n|-resisted|p2a: Suicune\n|-damage|p2a: Suicune|168/298\n|-damage|p1a: Floatzel|123/286|[from] Recoil\n|move|p2a: Suicune|Scald|p1a: Floatzel\n|-resisted|p1a: Floatzel\n|-damage|p1a: Floatzel|68/286\n|\n|-heal|p1a: Floatzel|85/286|[from] item: Leftovers\n|-heal|p2a: Suicune|186/298|[from] item: Leftovers\n|upkeep\n|turn|14\n|inactive|palletclown has 90 seconds left.\n|\n|t:|1782837156\n|move|p1a: Floatzel|Ice Spinner|p2a: Suicune\n|-resisted|p2a: Suicune\n|-damage|p2a: Suicune|130/298\n|move|p2a: Suicune|Scald|p1a: Floatzel\n|-resisted|p1a: Floatzel\n|-damage|p1a: Floatzel|28/286\n|\n|-heal|p1a: Floatzel|45/286|[from] item: Leftovers\n|-heal|p2a: Suicune|148/298|[from] item: Leftovers\n|upkeep\n|turn|15\n|inactive|palletclown has 90 seconds left.\n|c|\u2606palletclown|nice burn status\n|\n|t:|1782837175\n|move|p1a: Floatzel|Wave Crash|p2a: Suicune\n|-resisted|p2a: Suicune\n|-damage|p2a: Suicune|33/298\n|-damage|p1a: Floatzel|7/286|[from] Recoil\n|move|p2a: Suicune|Scald|p1a: Floatzel\n|-resisted|p1a: Floatzel\n|-damage|p1a: Floatzel|0 fnt\n|faint|p1a: Floatzel\n|\n|-heal|p2a: Suicune|51/298|[from] item: Leftovers\n|upkeep\n|c|\u2606Burallo|ability\n|c|\u2606Burallo|espabila un poco\n|c|\u2606Burallo|llor\u00f3n\n|c|\u2606palletclown|1/3 of the times they say\n|c|\u2606palletclown|lol\n|inactive|Burallo has 120 seconds left.\n|c|\u2606Burallo|i have an ability\n|c|\u2606Burallo|fuckin bastard\n|inactive|Burallo has 90 seconds left.\n|\n|t:|1782837240\n|switch|p1a: Dragalge|Dragalge, L88, M|258/258\n|turn|16\n|inactive|palletclown has 90 seconds left.\n|\n|t:|1782837271\n|move|p2a: Suicune|Ice Beam|p1a: Dragalge\n|-supereffective|p1a: Dragalge\n|-damage|p1a: Dragalge|180/258\n|move|p1a: Dragalge|Sludge Wave|p2a: Suicune\n|-damage|p2a: Suicune|0 fnt\n|faint|p2a: Suicune\n|\n|upkeep\n|\n|t:|1782837281\n|switch|p2a: Clodsire|Clodsire, L81, F|343/343\n|turn|17\n|\n|t:|1782837298\n|switch|p1a: Perrserker|Perrserker, L89, F|243/269\n|move|p2a: Clodsire|Earthquake|p1a: Perrserker\n|-supereffective|p1a: Perrserker\n|-damage|p1a: Perrserker|99/269\n|\n|upkeep\n|turn|18\n|\n|t:|1782837319\n|move|p1a: Perrserker|Iron Head|p2a: Clodsire\n|-damage|p2a: Clodsire|88/343\n|-damage|p1a: Perrserker|73/269|[from] item: Life Orb\n|move|p2a: Clodsire|Earthquake|p1a: Perrserker\n|-supereffective|p1a: Perrserker\n|-damage|p1a: Perrserker|0 fnt\n|faint|p1a: Perrserker\n|\n|-heal|p2a: Clodsire|109/343|[from] item: Leftovers\n|upkeep\n|\n|t:|1782837324\n|switch|p1a: Dragalge|Dragalge, L88, M|180/258\n|turn|19\n|\n|t:|1782837349\n|move|p1a: Dragalge|Sludge Wave|p2a: Clodsire\n|-resisted|p2a: Clodsire\n|-damage|p2a: Clodsire|58/343\n|move|p2a: Clodsire|Earthquake|p1a: Dragalge\n|-supereffective|p1a: Dragalge\n|-damage|p1a: Dragalge|18/258\n|\n|-heal|p2a: Clodsire|79/343|[from] item: Leftovers\n|upkeep\n|turn|20\n|\n|t:|1782837355\n|move|p1a: Dragalge|Sludge Wave|p2a: Clodsire\n|-resisted|p2a: Clodsire\n|-damage|p2a: Clodsire|30/343\n|move|p2a: Clodsire|Earthquake|p1a: Dragalge\n|-supereffective|p1a: Dragalge\n|-damage|p1a: Dragalge|0 fnt\n|faint|p1a: Dragalge\n|\n|win|palletclown\n", "inputlog": ">version f8ac14003a5f27e1bdc8d8c59608a773c1cb96e5\n>start {\"formatid\":\"gen9randombattle\",\"seed\":\"sodium,0c86b1bd978ee970a16c984a952e5a59\",\"rated\":\"Rated battle\"}\n>player p1 {\"name\":\"Burallo\",\"avatar\":\"170\",\"rating\":1594,\"seed\":\"sodium,fe0c2654f25b75383e9f3bff9f30fde3\"}\n>player p2 {\"name\":\"palletclown\",\"avatar\":\"clown\",\"rating\":1624,\"seed\":\"sodium,92aa49af47c6ca1f4801676e958461d7\"}\n>p1 move rapidspin\n>p2 move uturn\n>p2 switch 5\n>p1 move earthquake\n>p2 move bodypress\n>p1 switch 2\n>p1 move bugbuzz\n>p2 move thunderwave\n>p2 switch 2\n>p1 move quiverdance\n>p2 move shadowball\n>p1 move sludgewave\n>p2 switch 5\n>p1 move sludgewave\n>p2 move bravebird\n>p1 switch 5\n>p1 move closecombat\n>p2 switch 6\n>p1 move acrobatics\n>p2 move psychic\n>p1 switch 4\n>p1 move uturn\n>p2 switch 4\n>p1 switch 6\n>p1 move taunt\n>p2 move scald\n>p1 move bulkup\n>p2 move scald\n>p1 move bulkup\n>p2 move scald\n>p1 move wavecrash\n>p2 move scald\n>p1 move icespinner\n>p2 move scald\n>chat \u2606palletclown|nice burn status\n>p1 move wavecrash\n>p2 move scald\n>chat \u2606Burallo|ability\n>chat \u2606Burallo|espabila un poco\n>chat \u2606Burallo|llor\u00f3n\n>chat \u2606palletclown|1/3 of the times they say\n>chat \u2606palletclown|lol\n>chat \u2606Burallo|i have an ability\n>chat \u2606Burallo|fuckin bastard\n>p1 switch 3\n>p1 move sludgewave\n>p2 move icebeam\n>p2 switch 3\n>p1 switch 6\n>p2 move earthquake\n>p1 move ironhead\n>p2 move earthquake\n>p1 switch 6\n>p1 move sludgewave\n>p2 move earthquake\n>p1 move sludgewave\n>p2 move earthquake", "uploadtime": 1782837212, "views": 5, "formatid": "gen9randombattle", "rating": null, "private": 0, "password": null, "player_dets": [{"name": "Burallo", "avatar": "170", "rating": 1594, "seed": "sodium,fe0c2654f25b75383e9f3bff9f30fde3"}, {"name": "palletclown", "avatar": "clown", "rating": 1624, "seed": "sodium,92aa49af47c6ca1f4801676e958461d7"}], "teams_full": [{"Komala": {"name": "Komala", "species": "Komala", "speciesId": "komala", "gender": "F", "shiny": false, "level": 88, "moves": ["earthquake", "bodyslam", "knockoff", "rapidspin"], "ability": "Comatose", "evs": {"hp": 85, "atk": 85, "def": 85, "spa": 85, "spd": 85, "spe": 85}, "ivs": {"hp": 31, "atk": 31, "def": 31, "spa": 31, "spd": 31, "spe": 31}, "item": "Assault Vest", "teraType": "Ghost", "role": "Bulky Support", "bvs": {"hp": 65, "atk": 115, "def": 65, "spa": 75, "spd": 95, "spe": 65}, "stats": {"hp": 258, "atk": 253, "def": 165, "spa": 182, "spd": 217, "spe": 165}, "types": ["Normal"]}, "Venomoth": {"name": "Venomoth", "species": "Venomoth", "speciesId": "venomoth", "gender": "M", "shiny": false, "level": 84, "moves": ["bugbuzz", "sludgewave", "sleeppowder", "quiverdance"], "ability": "Tinted Lens", "evs": {"hp": 85, "atk": 0, "def": 85, "spa": 85, "spd": 85, "spe": 85}, "ivs": {"hp": 31, "atk": 0, "def": 31, "spa": 31, "spd": 31, "spe": 31}, "item": "Heavy-Duty Boots", "teraType": "Bug", "role": "Setup Sweeper", "bvs": {"hp": 70, "atk": 65, "def": 60, "spa": 90, "spd": 75, "spe": 90}, "stats": {"hp": 255, "atk": 114, "def": 149, "spa": 199, "spd": 174, "spe": 199}, "types": ["Bug", "Poison"]}, "Dragalge": {"name": "Dragalge", "species": "Dragalge", "speciesId": "dragalge", "gender": "M", "shiny": false, "level": 88, "moves": ["sludgewave", "flipturn", "focusblast", "dracometeor"], "ability": "Adaptability", "evs": {"hp": 85, "atk": 85, "def": 85, "spa": 85, "spd": 85, "spe": 85}, "ivs": {"hp": 31, "atk": 31, "def": 31, "spa": 31, "spd": 31, "spe": 31}, "item": "Choice Specs", "teraType": "Fighting", "role": "Bulky Attacker", "bvs": {"hp": 65, "atk": 75, "def": 90, "spa": 97, "spd": 123, "spe": 44}, "stats": {"hp": 258, "atk": 182, "def": 209, "spa": 221, "spd": 267, "spe": 128}, "types": ["Poison", "Dragon"]}, "Perrserker": {"name": "Perrserker", "species": "Perrserker", "speciesId": "perrserker", "gender": "F", "shiny": false, "level": 89, "moves": ["closecombat", "uturn", "stealthrock", "ironhead"], "ability": "Tough Claws", "evs": {"hp": 85, "atk": 85, "def": 85, "spa": 85, "spd": 85, "spe": 85}, "ivs": {"hp": 31, "atk": 31, "def": 31, "spa": 31, "spd": 31, "spe": 31}, "item": "Life Orb", "teraType": "Fighting", "role": "Fast Attacker", "bvs": {"hp": 70, "atk": 110, "def": 100, "spa": 50, "spd": 60, "spe": 50}, "stats": {"hp": 269, "atk": 247, "def": 229, "spa": 140, "spd": 158, "spe": 140}, "types": ["Steel"]}, "Hawlucha": {"name": "Hawlucha", "species": "Hawlucha", "speciesId": "hawlucha", "gender": "M", "shiny": false, "level": 80, "moves": ["closecombat", "swordsdance", "acrobatics", "stoneedge"], "ability": "Unburden", "evs": {"hp": 85, "atk": 85, "def": 85, "spa": 85, "spd": 85, "spe": 85}, "ivs": {"hp": 31, "atk": 31, "def": 31, "spa": 31, "spd": 31, "spe": 31}, "item": "White Herb", "teraType": "Flying", "role": "Setup Sweeper", "bvs": {"hp": 78, "atk": 92, "def": 75, "spa": 74, "spd": 63, "spe": 118}, "stats": {"hp": 256, "atk": 193, "def": 166, "spa": 165, "spd": 147, "spe": 235}, "types": ["Fighting", "Flying"]}, "Floatzel": {"name": "Floatzel", "species": "Floatzel", "speciesId": "floatzel", "gender": "M", "shiny": false, "level": 86, "moves": ["icespinner", "taunt", "wavecrash", "bulkup"], "ability": "Water Veil", "evs": {"hp": 85, "atk": 85, "def": 85, "spa": 85, "spd": 85, "spe": 85}, "ivs": {"hp": 31, "atk": 31, "def": 31, "spa": 31, "spd": 31, "spe": 31}, "item": "Leftovers", "teraType": "Water", "role": "Bulky Setup", "bvs": {"hp": 85, "atk": 105, "def": 55, "spa": 85, "spd": 50, "spe": 115}, "stats": {"hp": 286, "atk": 230, "def": 144, "spa": 195, "spd": 135, "spe": 247}, "types": ["Water"]}}, {"Articuno": {"name": "Articuno", "species": "Articuno", "speciesId": "articuno", "gender": "N", "shiny": false, "level": 86, "moves": ["uturn", "roost", "freezedry", "bravebird"], "ability": "Pressure", "evs": {"hp": 85, "atk": 85, "def": 85, "spa": 85, "spd": 85, "spe": 85}, "ivs": {"hp": 31, "atk": 31, "def": 31, "spa": 31, "spd": 31, "spe": 31}, "item": "Heavy-Duty Boots", "teraType": "Steel", "role": "Bulky Support", "bvs": {"hp": 90, "atk": 85, "def": 100, "spa": 95, "spd": 125, "spe": 85}, "stats": {"hp": 295, "atk": 195, "def": 221, "spa": 213, "spd": 264, "spe": 195}, "types": ["Ice", "Flying"]}, "Sinistcha": {"name": "Sinistcha", "species": "Sinistcha", "speciesId": "sinistcha", "gender": "N", "shiny": false, "level": 83, "moves": ["shadowball", "strengthsap", "matchagotcha", "calmmind"], "ability": "Heatproof", "evs": {"hp": 85, "atk": 0, "def": 85, "spa": 85, "spd": 85, "spe": 85}, "ivs": {"hp": 31, "atk": 0, "def": 31, "spa": 31, "spd": 31, "spe": 31}, "item": "Leftovers", "teraType": "Steel", "role": "Bulky Setup", "bvs": {"hp": 71, "atk": 60, "def": 106, "spa": 121, "spd": 80, "spe": 70}, "stats": {"hp": 254, "atk": 104, "def": 224, "spa": 249, "spd": 180, "spe": 164}, "types": ["Grass", "Ghost"]}, "Clodsire": {"name": "Clodsire", "species": "Clodsire", "speciesId": "clodsire", "gender": "F", "shiny": false, "level": 81, "moves": ["poisonjab", "spikes", "earthquake", "recover"], "ability": "Water Absorb", "evs": {"hp": 85, "atk": 85, "def": 85, "spa": 85, "spd": 85, "spe": 85}, "ivs": {"hp": 31, "atk": 31, "def": 31, "spa": 31, "spd": 31, "spe": 31}, "item": "Leftovers", "teraType": "Steel", "role": "Bulky Support", "bvs": {"hp": 130, "atk": 75, "def": 60, "spa": 45, "spd": 100, "spe": 20}, "stats": {"hp": 343, "atk": 168, "def": 144, "spa": 120, "spd": 209, "spe": 79}, "types": ["Poison", "Ground"]}, "Suicune": {"name": "Suicune", "species": "Suicune", "speciesId": "suicune", "gender": "N", "shiny": false, "level": 82, "moves": ["scald", "substitute", "icebeam", "calmmind"], "ability": "Pressure", "evs": {"hp": 85, "atk": 0, "def": 85, "spa": 85, "spd": 85, "spe": 85}, "ivs": {"hp": 31, "atk": 0, "def": 31, "spa": 31, "spd": 31, "spe": 31}, "item": "Leftovers", "teraType": "Steel", "role": "Bulky Setup", "bvs": {"hp": 100, "atk": 75, "def": 115, "spa": 90, "spd": 115, "spe": 85}, "stats": {"hp": 298, "atk": 127, "def": 236, "spa": 195, "spd": 236, "spe": 187}, "types": ["Water"]}, "Probopass": {"name": "Probopass", "species": "Probopass", "speciesId": "probopass", "gender": "M", "shiny": false, "level": 91, "moves": ["bodypress", "thunderwave", "flashcannon", "irondefense"], "ability": "Magnet Pull", "evs": {"hp": 85, "atk": 0, "def": 85, "spa": 85, "spd": 85, "spe": 85}, "ivs": {"hp": 31, "atk": 0, "def": 31, "spa": 31, "spd": 31, "spe": 31}, "item": "Leftovers", "teraType": "Fighting", "role": "Bulky Setup", "bvs": {"hp": 60, "atk": 55, "def": 145, "spa": 75, "spd": 150, "spe": 40}, "stats": {"hp": 257, "atk": 105, "def": 316, "spa": 188, "spd": 325, "spe": 125}, "types": ["Rock", "Steel"]}, "Grumpig": {"name": "Grumpig", "species": "Grumpig", "speciesId": "grumpig", "gender": "M", "shiny": false, "level": 92, "moves": ["earthpower", "focusblast", "shadowball", "psychic"], "ability": "Thick Fat", "evs": {"hp": 85, "atk": 0, "def": 85, "spa": 85, "spd": 85, "spe": 85}, "ivs": {"hp": 31, "atk": 0, "def": 31, "spa": 31, "spd": 31, "spe": 31}, "item": "Choice Specs", "teraType": "Fighting", "role": "Bulky Attacker", "bvs": {"hp": 80, "atk": 45, "def": 65, "spa": 90, "spd": 110, "spe": 80}, "stats": {"hp": 297, "atk": 87, "def": 172, "spa": 218, "spd": 255, "spe": 200}, "types": ["Psychic"]}}]}