{"id": "gen9randombattle-2642105294", "format": "[Gen 9] Random Battle", "players": ["notmetbh102", "gholdengoballs"], "log": "|j|\u2606notmetbh102\n|j|\u203dgholdengoballs\n|t:|1782891042\n|gametype|singles\n|player|p1|notmetbh102|265|2208\n|player|p2|gholdengoballs|bea-masters|2193\n|gen|9\n|tier|[Gen 9] Random Battle\n|rated|\n|rule|Species Clause: Limit one of each Pok\u00e9mon\n|rule|HP Percentage Mod: HP is shown in percentages\n|rule|Sleep Clause Mod: Limit one foe put to sleep\n|rule|Illusion Level Mod: Illusion disguises the Pok\u00e9mon's true level\n|\n|t:|1782891042\n|teamsize|p1|6\n|teamsize|p2|6\n|start\n|switch|p1a: Urshifu|Urshifu-Rapid-Strike, L75, M|274/274\n|switch|p2a: Dedenne|Dedenne, L88, F|261/261\n|turn|1\n|inactive|Battle timer is ON: inactive players will automatically lose when time's up. (requested by gholdengoballs)\n|inactive|notmetbh102 also wants the timer to be on.\n|c|\u2606notmetbh102|hf\n|\n|t:|1782891060\n|switch|p1a: Electivire|Electivire, L84, F|263/263\n|move|p2a: Dedenne|U-turn|p1a: Electivire\n|-damage|p1a: Electivire|217/263\n|\n|t:|1782891063\n|switch|p2a: Camerupt|Camerupt, L91, F|275/275|[from] U-turn\n|\n|upkeep\n|turn|2\n|\n|t:|1782891065\n|move|p1a: Electivire|Earthquake|p2a: Camerupt\n|-supereffective|p2a: Camerupt\n|-damage|p2a: Camerupt|109/275\n|-damage|p1a: Electivire|191/263|[from] item: Life Orb\n|move|p2a: Camerupt|Stealth Rock|p1a: Electivire\n|-sidestart|p1: notmetbh102|move: Stealth Rock\n|\n|-heal|p2a: Camerupt|126/275|[from] item: Leftovers\n|upkeep\n|turn|3\n|\n|t:|1782891070\n|move|p1a: Electivire|Earthquake|p2a: Camerupt\n|-supereffective|p2a: Camerupt\n|-damage|p2a: Camerupt|0 fnt\n|faint|p2a: Camerupt\n|-damage|p1a: Electivire|165/263|[from] item: Life Orb\n|\n|upkeep\n|\n|t:|1782891077\n|switch|p2a: Floatzel|Floatzel, L86, M|286/286\n|turn|4\n|\n|t:|1782891078\n|switch|p1a: Urshifu|Urshifu-Rapid-Strike, L75, M|274/274\n|-damage|p1a: Urshifu|257/274|[from] Stealth Rock\n|move|p2a: Floatzel|Wave Crash|p1a: Urshifu\n|-resisted|p1a: Urshifu\n|-damage|p1a: Urshifu|187/274\n|-damage|p2a: Floatzel|263/286|[from] Recoil\n|\n|-heal|p2a: Floatzel|280/286|[from] item: Leftovers\n|upkeep\n|turn|5\n|\n|t:|1782891082\n|move|p2a: Floatzel|Bulk Up|p2a: Floatzel\n|-boost|p2a: Floatzel|atk|1\n|-boost|p2a: Floatzel|def|1\n|move|p1a: Urshifu|Surging Strikes|p2a: Floatzel\n|-resisted|p2a: Floatzel\n|-crit|p2a: Floatzel\n|-damage|p2a: Floatzel|241/286\n|-resisted|p2a: Floatzel\n|-crit|p2a: Floatzel\n|-damage|p2a: Floatzel|199/286\n|-resisted|p2a: Floatzel\n|-crit|p2a: Floatzel\n|-damage|p2a: Floatzel|159/286\n|-hitcount|p2a: Floatzel|3\n|\n|-heal|p2a: Floatzel|176/286|[from] item: Leftovers\n|upkeep\n|turn|6\n|\n|t:|1782891084\n|move|p2a: Floatzel|Bulk Up|p2a: Floatzel\n|-boost|p2a: Floatzel|atk|1\n|-boost|p2a: Floatzel|def|1\n|move|p1a: Urshifu|Surging Strikes|p2a: Floatzel\n|-resisted|p2a: Floatzel\n|-crit|p2a: Floatzel\n|-damage|p2a: Floatzel|137/286\n|-resisted|p2a: Floatzel\n|-crit|p2a: Floatzel\n|-damage|p2a: Floatzel|99/286\n|-resisted|p2a: Floatzel\n|-crit|p2a: Floatzel\n|-damage|p2a: Floatzel|57/286\n|-hitcount|p2a: Floatzel|3\n|\n|-heal|p2a: Floatzel|74/286|[from] item: Leftovers\n|upkeep\n|turn|7\n|\n|t:|1782891087\n|move|p2a: Floatzel|Wave Crash|p1a: Urshifu\n|-resisted|p1a: Urshifu\n|-damage|p1a: Urshifu|49/274\n|-damage|p2a: Floatzel|28/286|[from] Recoil\n|move|p1a: Urshifu|Surging Strikes|p2a: Floatzel\n|-resisted|p2a: Floatzel\n|-crit|p2a: Floatzel\n|-damage|p2a: Floatzel|0 fnt\n|faint|p2a: Floatzel\n|-hitcount|p2: Floatzel|1\n|\n|upkeep\n|\n|t:|1782891091\n|switch|p2a: Dedenne|Dedenne, L88, F|261/261\n|turn|8\n|\n|t:|1782891093\n|switch|p1a: Komala|Komala, L88, F|258/258\n|-damage|p1a: Komala|226/258|[from] Stealth Rock\n|-ability|p1a: Komala|Comatose\n|move|p2a: Dedenne|Dazzling Gleam|p1a: Komala\n|-damage|p1a: Komala|171/258\n|\n|upkeep\n|turn|9\n|\n|t:|1782891095\n|move|p2a: Dedenne|U-turn|p1a: Komala\n|-damage|p1a: Komala|123/258\n|\n|t:|1782891101\n|switch|p2a: Solgaleo|Solgaleo, L74|325/325|[from] U-turn\n|move|p1a: Komala|Rapid Spin|p2a: Solgaleo\n|-resisted|p2a: Solgaleo\n|-damage|p2a: Solgaleo|289/325\n|-boost|p1a: Komala|spe|1\n|-sideend|p1: notmetbh102|Stealth Rock|[from] move: Rapid Spin|[of] p1a: Komala\n|\n|upkeep\n|turn|10\n|\n|t:|1782891104\n|move|p1a: Komala|Knock Off|p2a: Solgaleo\n|-supereffective|p2a: Solgaleo\n|-damage|p2a: Solgaleo|113/325\n|-enditem|p2a: Solgaleo|Weakness Policy\n|-boost|p2a: Solgaleo|atk|2|[from] item: Weakness Policy\n|-boost|p2a: Solgaleo|spa|2|[from] item: Weakness Policy\n|move|p2a: Solgaleo|Flame Charge|p1a: Komala\n|-damage|p1a: Komala|37/258\n|-boost|p2a: Solgaleo|spe|1\n|\n|upkeep\n|turn|11\n|\n|t:|1782891108\n|move|p2a: Solgaleo|Knock Off|p1a: Komala\n|-damage|p1a: Komala|0 fnt\n|-enditem|p1a: Komala|Assault Vest|[from] move: Knock Off|[of] p2a: Solgaleo\n|faint|p1a: Komala\n|\n|upkeep\n|\n|t:|1782891109\n|switch|p1a: Toxtricity|Toxtricity, L82, F|257/257\n|turn|12\n|\n|t:|1782891131\n|switch|p1a: Urshifu|Urshifu-Rapid-Strike, L75, M|49/274\n|move|p2a: Solgaleo|Sunsteel Strike|p1a: Urshifu\n|-resisted|p1a: Urshifu\n|-damage|p1a: Urshifu|0 fnt\n|faint|p1a: Urshifu\n|\n|upkeep\n|\n|t:|1782891131\n|switch|p1a: Iron Jugulis|Iron Jugulis, L77|271/271\n|turn|13\n|\n|t:|1782891135\n|move|p2a: Solgaleo|Sunsteel Strike|p1a: Iron Jugulis\n|-damage|p1a: Iron Jugulis|19/271\n|move|p1a: Iron Jugulis|Fire Blast|p2a: Solgaleo\n|-supereffective|p2a: Solgaleo\n|-damage|p2a: Solgaleo|0 fnt\n|faint|p2a: Solgaleo\n|\n|upkeep\n|\n|t:|1782891140\n|switch|p2a: Dedenne|Dedenne, L88, F|261/261\n|turn|14\n|\n|t:|1782891141\n|-end|p1a: Iron Jugulis|Quark Drive|[silent]\n|switch|p1a: Toxtricity|Toxtricity, L82, F|257/257\n|move|p2a: Dedenne|Dazzling Gleam|p1a: Toxtricity\n|-resisted|p1a: Toxtricity\n|-damage|p1a: Toxtricity|208/257\n|\n|upkeep\n|turn|15\n|\n|t:|1782891144\n|move|p1a: Toxtricity|Sludge Wave|p2a: Dedenne\n|-supereffective|p2a: Dedenne\n|-damage|p2a: Dedenne|19/261\n|-enditem|p2a: Dedenne|Sitrus Berry|[eat]\n|-heal|p2a: Dedenne|84/261|[from] item: Sitrus Berry\n|-heal|p2a: Dedenne|171/261|[from] ability: Cheek Pouch\n|move|p2a: Dedenne|U-turn|p1a: Toxtricity\n|-resisted|p1a: Toxtricity\n|-crit|p1a: Toxtricity\n|-damage|p1a: Toxtricity|171/257\n|\n|t:|1782891147\n|switch|p2a: Meowstic|Meowstic, L89, M, shiny|277/277|[from] U-turn\n|\n|upkeep\n|turn|16\n|\n|t:|1782891152\n|switch|p2a: Dedenne|Dedenne, L88, F|171/261\n|move|p1a: Toxtricity|Sludge Wave|p2a: Dedenne\n|-supereffective|p2a: Dedenne\n|-damage|p2a: Dedenne|0 fnt\n|faint|p2a: Dedenne\n|\n|upkeep\n|\n|t:|1782891157\n|switch|p2a: Meowstic|Meowstic, L89, M, shiny|277/277\n|turn|17\n|\n|t:|1782891159\n|move|p2a: Meowstic|Light Screen|p2a: Meowstic\n|-sidestart|p2: gholdengoballs|move: Light Screen\n|move|p1a: Toxtricity|Sludge Wave|p2a: Meowstic\n|-crit|p2a: Meowstic\n|-damage|p2a: Meowstic|114/277\n|\n|upkeep\n|turn|18\n|\n|t:|1782891162\n|switch|p1a: Solgaleo|Solgaleo, L74|325/325\n|move|p2a: Meowstic|Psychic Noise|p1a: Solgaleo\n|-resisted|p1a: Solgaleo\n|-damage|p1a: Solgaleo|301/325\n|-start|p1a: Solgaleo|move: Heal Block\n|\n|upkeep\n|turn|19\n|\n|t:|1782891164\n|switch|p1a: Electivire|Electivire, L84, F|165/263\n|move|p2a: Meowstic|Thunder Wave|p1a: Electivire\n|-ability|p1a: Electivire|Motor Drive|boost\n|-boost|p1a: Electivire|spe|1\n|\n|upkeep\n|turn|20\n|\n|t:|1782891166\n|move|p2a: Meowstic|Reflect|p2a: Meowstic\n|-sidestart|p2: gholdengoballs|Reflect\n|move|p1a: Electivire|Bulk Up|p1a: Electivire\n|-boost|p1a: Electivire|atk|1\n|-boost|p1a: Electivire|def|1\n|\n|upkeep\n|turn|21\n|\n|t:|1782891168\n|move|p1a: Electivire|Supercell Slam|p2a: Meowstic\n|-damage|p2a: Meowstic|0 fnt\n|faint|p2a: Meowstic\n|-damage|p1a: Electivire|139/263|[from] item: Life Orb\n|\n|upkeep\n|\n|t:|1782891170\n|switch|p2a: Darkrai|Darkrai, L77|234/234\n|turn|22\n|\n|t:|1782891176\n|move|p1a: Electivire|Supercell Slam|p2a: Darkrai\n|-damage|p2a: Darkrai|103/234\n|-damage|p1a: Electivire|113/263|[from] item: Life Orb\n|move|p2a: Darkrai|Dark Pulse|p1a: Electivire\n|-damage|p1a: Electivire|23/263\n|\n|-heal|p2a: Darkrai|117/234|[from] item: Leftovers\n|upkeep\n|turn|23\n|\n|t:|1782891178\n|move|p1a: Electivire|Supercell Slam|p2a: Darkrai\n|-damage|p2a: Darkrai|0 fnt\n|faint|p2a: Darkrai\n|-damage|p1a: Electivire|0 fnt|[from] item: Life Orb\n|faint|p1a: Electivire\n|\n|win|notmetbh102\n|raw|notmetbh102's rating: 2208 &rarr; <strong>2227</strong><br />(+19 for winning)\n|raw|gholdengoballs's rating: 2193 &rarr; <strong>2174</strong><br />(-19 for losing)\n|c|\u2606notmetbh102|gg\n", "inputlog": ">version f8ac14003a5f27e1bdc8d8c59608a773c1cb96e5\n>start {\"formatid\":\"gen9randombattle\",\"seed\":\"sodium,7732cbb33330cc5251ae088e9c9de7e1\",\"rated\":\"Rated battle\"}\n>player p1 {\"name\":\"notmetbh102\",\"avatar\":\"265\",\"rating\":2208,\"seed\":\"sodium,1b00fb46356410374aab1dc50579fa88\"}\n>player p2 {\"name\":\"gholdengoballs\",\"avatar\":\"bea-masters\",\"rating\":2193,\"seed\":\"sodium,6aaa38849193f59844b0eac450c57112\"}\n>chat \u2606notmetbh102|hf\n>p1 switch 5\n>p2 move uturn\n>p2 switch 3\n>p1 move earthquake\n>p2 move stealthrock\n>p1 move earthquake\n>p2 move earthquake\n>p2 switch 4\n>p1 switch 5\n>p2 move wavecrash\n>p1 move surgingstrikes\n>p2 move bulkup\n>p1 move surgingstrikes\n>p2 move bulkup\n>p1 move surgingstrikes\n>p2 move wavecrash\n>p2 switch 3\n>p1 switch 2\n>p2 move dazzlinggleam\n>p1 move rapidspin\n>p2 move uturn\n>p2 switch 5\n>p1 move knockoff\n>p2 move flamecharge\n>p1 move uturn\n>p2 move knockoff\n>p1 switch 6\n>p1 switch 2\n>p2 move sunsteelstrike\n>p1 switch 3\n>p1 move fireblast\n>p2 move sunsteelstrike\n>p2 switch 5\n>p1 switch 2\n>p2 move dazzlinggleam\n>p1 move sludgewave\n>p2 move uturn\n>p2 switch 2\n>p1 move sludgewave\n>p2 switch 2\n>p2 switch 2\n>p1 move sludgewave\n>p2 move lightscreen\n>p1 switch 4\n>p2 move psychicnoise\n>p1 switch 5\n>p2 move thunderwave\n>p1 move bulkup\n>p2 move reflect\n>p1 move supercellslam\n>p2 move psychicnoise\n>p2 switch 6\n>p1 move supercellslam\n>p2 move darkpulse\n>p1 move supercellslam\n>p2 move darkpulse", "uploadtime": 1782891179, "views": 5, "formatid": "gen9randombattle", "rating": 2174, "private": 0, "password": null, "player_dets": [{"name": "notmetbh102", "avatar": "265", "rating": 2208, "seed": "sodium,1b00fb46356410374aab1dc50579fa88"}, {"name": "gholdengoballs", "avatar": "bea-masters", "rating": 2193, "seed": "sodium,6aaa38849193f59844b0eac450c57112"}], "teams_full": [{"Urshifu": {"name": "Urshifu", "species": "Urshifu-Rapid-Strike", "speciesId": "urshifurapidstrike", "gender": "M", "shiny": false, "level": 75, "moves": ["closecombat", "uturn", "surgingstrikes", "icespinner"], "ability": "Unseen Fist", "evs": {"hp": 85, "atk": 85, "def": 85, "spa": 85, "spd": 85, "spe": 85}, "ivs": {"hp": 31, "atk": 31, "def": 31, "spa": 31, "spd": 31, "spe": 31}, "item": "Choice Band", "teraType": "Water", "role": "Fast Attacker", "bvs": {"hp": 100, "atk": 130, "def": 100, "spa": 63, "spd": 60, "spe": 97}, "stats": {"hp": 274, "atk": 239, "def": 194, "spa": 138, "spd": 134, "spe": 189}, "types": ["Fighting", "Water"]}, "Komala": {"name": "Komala", "species": "Komala", "speciesId": "komala", "gender": "F", "shiny": false, "level": 88, "moves": ["knockoff", "uturn", "bodyslam", "rapidspin"], "ability": "Comatose", "evs": {"hp": 85, "atk": 85, "def": 85, "spa": 85, "spd": 85, "spe": 85}, "ivs": {"hp": 31, "atk": 31, "def": 31, "spa": 31, "spd": 31, "spe": 31}, "item": "Assault Vest", "teraType": "Ghost", "role": "Bulky Support", "bvs": {"hp": 65, "atk": 115, "def": 65, "spa": 75, "spd": 95, "spe": 65}, "stats": {"hp": 258, "atk": 253, "def": 165, "spa": 182, "spd": 217, "spe": 165}, "types": ["Normal"]}, "Iron Jugulis": {"name": "Iron Jugulis", "species": "Iron Jugulis", "speciesId": "ironjugulis", "gender": "N", "shiny": false, "level": 77, "moves": ["darkpulse", "fireblast", "earthpower", "hurricane"], "ability": "Quark Drive", "evs": {"hp": 85, "atk": 0, "def": 85, "spa": 85, "spd": 85, "spe": 85}, "ivs": {"hp": 31, "atk": 0, "def": 31, "spa": 31, "spd": 31, "spe": 31}, "item": "Choice Specs", "teraType": "Dark", "role": "Wallbreaker", "bvs": {"hp": 94, "atk": 80, "def": 86, "spa": 122, "spd": 80, "spe": 108}, "stats": {"hp": 271, "atk": 128, "def": 177, "spa": 232, "spd": 168, "spe": 211}, "types": ["Dark", "Flying"]}, "Solgaleo": {"name": "Solgaleo", "species": "Solgaleo", "speciesId": "solgaleo", "gender": "N", "shiny": false, "level": 74, "moves": ["closecombat", "sunsteelstrike", "earthquake", "flamecharge"], "ability": "Full Metal Body", "evs": {"hp": 85, "atk": 85, "def": 85, "spa": 85, "spd": 85, "spe": 85}, "ivs": {"hp": 31, "atk": 31, "def": 31, "spa": 31, "spd": 31, "spe": 31}, "item": "Weakness Policy", "teraType": "Ground", "role": "Bulky Setup", "bvs": {"hp": 137, "atk": 137, "def": 107, "spa": 113, "spd": 89, "spe": 97}, "stats": {"hp": 325, "atk": 246, "def": 201, "spa": 210, "spd": 175, "spe": 187}, "types": ["Psychic", "Steel"]}, "Electivire": {"name": "Electivire", "species": "Electivire", "speciesId": "electivire", "gender": "F", "shiny": false, "level": 84, "moves": ["supercellslam", "icepunch", "earthquake", "bulkup"], "ability": "Motor Drive", "evs": {"hp": 85, "atk": 85, "def": 85, "spa": 85, "spd": 85, "spe": 85}, "ivs": {"hp": 31, "atk": 31, "def": 31, "spa": 31, "spd": 31, "spe": 31}, "item": "Life Orb", "teraType": "Flying", "role": "Setup Sweeper", "bvs": {"hp": 75, "atk": 123, "def": 67, "spa": 95, "spd": 85, "spe": 95}, "stats": {"hp": 263, "atk": 255, "def": 161, "spa": 208, "spd": 191, "spe": 208}, "types": ["Electric"]}, "Toxtricity": {"name": "Toxtricity", "species": "Toxtricity", "speciesId": "toxtricity", "gender": "F", "shiny": false, "level": 82, "moves": ["overdrive", "boomburst", "sludgewave", "voltswitch"], "ability": "Punk Rock", "evs": {"hp": 85, "atk": 0, "def": 85, "spa": 85, "spd": 85, "spe": 85}, "ivs": {"hp": 31, "atk": 0, "def": 31, "spa": 31, "spd": 31, "spe": 31}, "item": "Choice Scarf", "teraType": "Normal", "role": "Fast Attacker", "bvs": {"hp": 75, "atk": 98, "def": 70, "spa": 114, "spd": 70, "spe": 75}, "stats": {"hp": 257, "atk": 165, "def": 162, "spa": 234, "spd": 162, "spe": 170}, "types": ["Electric", "Poison"]}}, {"Dedenne": {"name": "Dedenne", "species": "Dedenne", "speciesId": "dedenne", "gender": "F", "shiny": false, "level": 88, "moves": ["dazzlinggleam", "nuzzle", "thunderbolt", "uturn"], "ability": "Cheek Pouch", "evs": {"hp": 85, "atk": 85, "def": 85, "spa": 85, "spd": 85, "spe": 85}, "ivs": {"hp": 31, "atk": 31, "def": 31, "spa": 31, "spd": 31, "spe": 31}, "item": "Sitrus Berry", "teraType": "Flying", "role": "Fast Support", "bvs": {"hp": 67, "atk": 58, "def": 57, "spa": 81, "spd": 67, "spe": 101}, "stats": {"hp": 261, "atk": 152, "def": 151, "spa": 193, "spd": 168, "spe": 228}, "types": ["Electric", "Fairy"]}, "Meowstic": {"name": "Meowstic", "species": "Meowstic", "speciesId": "meowstic", "gender": "M", "shiny": true, "level": 89, "moves": ["thunderwave", "reflect", "psychicnoise", "lightscreen"], "ability": "Prankster", "evs": {"hp": 85, "atk": 0, "def": 85, "spa": 85, "spd": 85, "spe": 85}, "ivs": {"hp": 31, "atk": 0, "def": 31, "spa": 31, "spd": 31, "spe": 31}, "item": "Light Clay", "teraType": "Fairy", "role": "Bulky Support", "bvs": {"hp": 74, "atk": 48, "def": 76, "spa": 83, "spd": 81, "spe": 104}, "stats": {"hp": 277, "atk": 90, "def": 186, "spa": 199, "spd": 195, "spe": 236}, "types": ["Psychic"]}, "Camerupt": {"name": "Camerupt", "species": "Camerupt", "speciesId": "camerupt", "gender": "F", "shiny": false, "level": 91, "moves": ["stealthrock", "overheat", "earthquake", "roar"], "ability": "Solid Rock", "evs": {"hp": 85, "atk": 85, "def": 85, "spa": 85, "spd": 85, "spe": 85}, "ivs": {"hp": 31, "atk": 31, "def": 31, "spa": 31, "spd": 31, "spe": 31}, "item": "Leftovers", "teraType": "Grass", "role": "Bulky Support", "bvs": {"hp": 70, "atk": 100, "def": 70, "spa": 105, "spd": 75, "spe": 40}, "stats": {"hp": 275, "atk": 234, "def": 179, "spa": 243, "spd": 188, "spe": 125}, "types": ["Fire", "Ground"]}, "Floatzel": {"name": "Floatzel", "species": "Floatzel", "speciesId": "floatzel", "gender": "M", "shiny": false, "level": 86, "moves": ["icespinner", "wavecrash", "bulkup", "taunt"], "ability": "Water Veil", "evs": {"hp": 85, "atk": 85, "def": 85, "spa": 85, "spd": 85, "spe": 85}, "ivs": {"hp": 31, "atk": 31, "def": 31, "spa": 31, "spd": 31, "spe": 31}, "item": "Leftovers", "teraType": "Steel", "role": "Bulky Setup", "bvs": {"hp": 85, "atk": 105, "def": 55, "spa": 85, "spd": 50, "spe": 115}, "stats": {"hp": 286, "atk": 230, "def": 144, "spa": 195, "spd": 135, "spe": 247}, "types": ["Water"]}, "Solgaleo": {"name": "Solgaleo", "species": "Solgaleo", "speciesId": "solgaleo", "gender": "N", "shiny": false, "level": 74, "moves": ["flamecharge", "sunsteelstrike", "earthquake", "knockoff"], "ability": "Full Metal Body", "evs": {"hp": 85, "atk": 85, "def": 85, "spa": 85, "spd": 85, "spe": 85}, "ivs": {"hp": 31, "atk": 31, "def": 31, "spa": 31, "spd": 31, "spe": 31}, "item": "Weakness Policy", "teraType": "Ground", "role": "Bulky Setup", "bvs": {"hp": 137, "atk": 137, "def": 107, "spa": 113, "spd": 89, "spe": 97}, "stats": {"hp": 325, "atk": 246, "def": 201, "spa": 210, "spd": 175, "spe": 187}, "types": ["Psychic", "Steel"]}, "Darkrai": {"name": "Darkrai", "species": "Darkrai", "speciesId": "darkrai", "gender": "N", "shiny": false, "level": 77, "moves": ["nastyplot", "substitute", "darkpulse", "sludgebomb"], "ability": "Bad Dreams", "evs": {"hp": 85, "atk": 0, "def": 85, "spa": 85, "spd": 85, "spe": 85}, "ivs": {"hp": 31, "atk": 0, "def": 31, "spa": 31, "spd": 31, "spe": 31}, "item": "Leftovers", "teraType": "Poison", "role": "Setup Sweeper", "bvs": {"hp": 70, "atk": 90, "def": 90, "spa": 135, "spd": 90, "spe": 125}, "stats": {"hp": 234, "atk": 143, "def": 183, "spa": 252, "spd": 183, "spe": 237}, "types": ["Dark"]}}]}