{"id": "gen9randombattle-2641858839", "format": "[Gen 9] Random Battle", "players": ["welovevaporeon", "guylan"], "log": "|j|\u2606welovevaporeon\n|j|\u2606guylan\n|t:|1782850427\n|gametype|singles\n|player|p1|welovevaporeon|170|1595\n|player|p2|guylan|shauntal|1552\n|gen|9\n|tier|[Gen 9] Random Battle\n|rated|\n|rule|Species Clause: Limit one of each Pok\u00e9mon\n|rule|HP Percentage Mod: HP is shown in percentages\n|rule|Sleep Clause Mod: Limit one foe put to sleep\n|rule|Illusion Level Mod: Illusion disguises the Pok\u00e9mon's true level\n|\n|t:|1782850427\n|teamsize|p1|6\n|teamsize|p2|6\n|start\n|switch|p1a: Gliscor|Gliscor, L76, F|239/239\n|switch|p2a: Glastrier|Glastrier, L86|311/311\n|turn|1\n|inactive|Battle timer is ON: inactive players will automatically lose when time's up. (requested by guylan)\n|\n|t:|1782850441\n|move|p1a: Gliscor|Protect|p1a: Gliscor\n|-singleturn|p1a: Gliscor|Protect\n|move|p2a: Glastrier|Icicle Crash|p1a: Gliscor\n|-activate|p1a: Gliscor|move: Protect\n|\n|-status|p1a: Gliscor|tox|[from] item: Toxic Orb\n|upkeep\n|turn|2\n|\n|t:|1782850456\n|move|p1a: Gliscor|Substitute|p1a: Gliscor\n|-start|p1a: Gliscor|Substitute\n|-damage|p1a: Gliscor|180/239 tox\n|move|p2a: Glastrier|Icicle Crash|p1a: Gliscor\n|-supereffective|p1a: Gliscor\n|-end|p1a: Gliscor|Substitute\n|\n|-heal|p1a: Gliscor|209/239 tox|[from] ability: Poison Heal\n|upkeep\n|turn|3\n|\n|t:|1782850462\n|move|p1a: Gliscor|Protect|p1a: Gliscor\n|-singleturn|p1a: Gliscor|Protect\n|move|p2a: Glastrier|Icicle Crash|p1a: Gliscor\n|-activate|p1a: Gliscor|move: Protect\n|\n|-heal|p1a: Gliscor|238/239 tox|[from] ability: Poison Heal\n|upkeep\n|turn|4\n|\n|t:|1782850472\n|move|p1a: Gliscor|Substitute|p1a: Gliscor\n|-start|p1a: Gliscor|Substitute\n|-damage|p1a: Gliscor|179/239 tox\n|move|p2a: Glastrier|Icicle Crash|p1a: Gliscor|[miss]\n|-miss|p2a: Glastrier|p1a: Gliscor\n|\n|-heal|p1a: Gliscor|208/239 tox|[from] ability: Poison Heal\n|upkeep\n|turn|5\n|\n|t:|1782850478\n|switch|p2a: Necrozma|Necrozma-Dusk-Mane, L69|248/248\n|move|p1a: Gliscor|Toxic|p2a: Necrozma\n|-immune|p2a: Necrozma\n|\n|-heal|p1a: Gliscor|237/239 tox|[from] ability: Poison Heal\n|upkeep\n|turn|6\n|\n|t:|1782850502\n|switch|p2a: Sunflora|Sunflora, F|312/312\n|move|p1a: Gliscor|Earthquake|p2a: Sunflora\n|-resisted|p2a: Sunflora\n|-damage|p2a: Sunflora|264/312\n|\n|-heal|p1a: Gliscor|239/239 tox|[from] ability: Poison Heal\n|upkeep\n|turn|7\n|\n|t:|1782850512\n|move|p1a: Gliscor|Toxic|p2a: Sunflora\n|-status|p2a: Sunflora|tox\n|move|p2a: Sunflora|Dazzling Gleam|p1a: Gliscor\n|-end|p1a: Gliscor|Substitute\n|\n|-damage|p2a: Sunflora|245/312 tox|[from] psn\n|upkeep\n|turn|8\n|\n|t:|1782850521\n|switch|p2a: Glastrier|Glastrier, L86|311/311\n|move|p1a: Gliscor|Substitute|p1a: Gliscor\n|-start|p1a: Gliscor|Substitute\n|-damage|p1a: Gliscor|180/239 tox\n|\n|-heal|p1a: Gliscor|209/239 tox|[from] ability: Poison Heal\n|upkeep\n|turn|9\n|\n|t:|1782850542\n|switch|p2a: Sunflora|Sunflora, F|245/312 tox\n|move|p1a: Gliscor|Toxic|p2a: Sunflora\n|-fail|p2a: Sunflora|tox\n|\n|-heal|p1a: Gliscor|238/239 tox|[from] ability: Poison Heal\n|-damage|p2a: Sunflora|226/312 tox|[from] psn\n|upkeep\n|turn|10\n|\n|t:|1782850562\n|move|p1a: Gliscor|Earthquake|p2a: Sunflora\n|-resisted|p2a: Sunflora\n|-damage|p2a: Sunflora|178/312 tox\n|move|p2a: Sunflora|Dazzling Gleam|p1a: Gliscor\n|-crit|p1a: Gliscor\n|-end|p1a: Gliscor|Substitute\n|\n|-heal|p1a: Gliscor|239/239 tox|[from] ability: Poison Heal\n|-damage|p2a: Sunflora|140/312 tox|[from] psn\n|upkeep\n|turn|11\n|\n|t:|1782850571\n|move|p1a: Gliscor|Substitute|p1a: Gliscor\n|-start|p1a: Gliscor|Substitute\n|-damage|p1a: Gliscor|180/239 tox\n|move|p2a: Sunflora|Dazzling Gleam|p1a: Gliscor\n|-end|p1a: Gliscor|Substitute\n|\n|-heal|p1a: Gliscor|209/239 tox|[from] ability: Poison Heal\n|-damage|p2a: Sunflora|83/312 tox|[from] psn\n|upkeep\n|turn|12\n|\n|t:|1782850576\n|move|p1a: Gliscor|Protect|p1a: Gliscor\n|-singleturn|p1a: Gliscor|Protect\n|move|p2a: Sunflora|Dazzling Gleam|p1a: Gliscor\n|-activate|p1a: Gliscor|move: Protect\n|\n|-heal|p1a: Gliscor|238/239 tox|[from] ability: Poison Heal\n|-damage|p2a: Sunflora|7/312 tox|[from] psn\n|upkeep\n|turn|13\n|\n|t:|1782850595\n|move|p1a: Gliscor|Substitute|p1a: Gliscor\n|-start|p1a: Gliscor|Substitute\n|-damage|p1a: Gliscor|179/239 tox\n|move|p2a: Sunflora|Dazzling Gleam|p1a: Gliscor\n|-end|p1a: Gliscor|Substitute\n|\n|-heal|p1a: Gliscor|208/239 tox|[from] ability: Poison Heal\n|-damage|p2a: Sunflora|0 fnt|[from] psn\n|faint|p2a: Sunflora\n|upkeep\n|\n|t:|1782850599\n|switch|p2a: Kingdra|Kingdra, L84, F|263/263\n|turn|14\n|\n|t:|1782850607\n|move|p2a: Kingdra|Wave Crash|p1a: Gliscor\n|-supereffective|p1a: Gliscor\n|-damage|p1a: Gliscor|14/239 tox\n|-damage|p2a: Kingdra|199/263|[from] Recoil\n|move|p1a: Gliscor|Toxic|p2a: Kingdra\n|-status|p2a: Kingdra|tox\n|-enditem|p2a: Kingdra|Lum Berry|[eat]\n|-curestatus|p2a: Kingdra|tox|[msg]\n|\n|-heal|p1a: Gliscor|43/239 tox|[from] ability: Poison Heal\n|upkeep\n|turn|15\n|\n|t:|1782850623\n|switch|p1a: Whimsicott|Whimsicott, L84, F|238/238\n|move|p2a: Kingdra|Outrage|p1a: Whimsicott\n|-immune|p1a: Whimsicott\n|\n|upkeep\n|turn|16\n|inactive|welovevaporeon has 120 seconds left.\n|\n|t:|1782850667\n|switch|p2a: Necrozma|Necrozma-Dusk-Mane, L69|248/248\n|move|p1a: Whimsicott|Leech Seed|p2a: Necrozma\n|-start|p2a: Necrozma|move: Leech Seed\n|\n|-damage|p2a: Necrozma|217/248|[from] Leech Seed|[of] p1a: Whimsicott\n|upkeep\n|turn|17\n|\n|t:|1782850688\n|move|p1a: Whimsicott|Substitute|p1a: Whimsicott\n|-start|p1a: Whimsicott|Substitute\n|-damage|p1a: Whimsicott|179/238\n|move|p2a: Necrozma|Sunsteel Strike|p1a: Whimsicott\n|-supereffective|p1a: Whimsicott\n|-end|p1a: Whimsicott|Substitute\n|\n|-heal|p1a: Whimsicott|193/238|[from] item: Leftovers\n|-damage|p2a: Necrozma|186/248|[from] Leech Seed|[of] p1a: Whimsicott\n|-heal|p1a: Whimsicott|224/238|[silent]\n|upkeep\n|turn|18\n|\n|t:|1782850701\n|switch|p1a: Clawitzer|Clawitzer, L87, M|265/265\n|switch|p2a: Enamorus|Enamorus-Therian, L83, F|259/259\n|\n|upkeep\n|turn|19\n|\n|t:|1782850709\n|move|p1a: Clawitzer|U-turn|p2a: Enamorus\n|-resisted|p2a: Enamorus\n|-damage|p2a: Enamorus|251/259\n|inactive|welovevaporeon has 90 seconds left.\n|inactive|welovevaporeon has 60 seconds left.\n|\n|t:|1782850755\n|switch|p1a: Iron Crown|Iron Crown, L78|268/268|[from] U-turn\n|move|p2a: Enamorus|Mystical Fire|p1a: Iron Crown\n|-supereffective|p1a: Iron Crown\n|-damage|p1a: Iron Crown|146/268\n|-unboost|p1a: Iron Crown|spa|1\n|\n|upkeep\n|turn|20\n|\n|t:|1782850765\n|move|p1a: Iron Crown|Volt Switch|p2a: Enamorus\n|-supereffective|p2a: Enamorus\n|-damage|p2a: Enamorus|181/259\n|inactive|welovevaporeon has 60 seconds left.\n|\n|t:|1782850779\n|-end|p1a: Iron Crown|Quark Drive|[silent]\n|switch|p1a: Clawitzer|Clawitzer, L87, M|265/265|[from] Volt Switch\n|move|p2a: Enamorus|Mystical Fire|p1a: Clawitzer\n|-resisted|p1a: Clawitzer\n|-damage|p1a: Clawitzer|234/265\n|-unboost|p1a: Clawitzer|spa|1\n|\n|upkeep\n|turn|21\n|\n|t:|1782850786\n|move|p1a: Clawitzer|Water Pulse|p2a: Enamorus\n|-damage|p2a: Enamorus|109/259\n|move|p2a: Enamorus|Moonblast|p1a: Clawitzer\n|-damage|p1a: Clawitzer|104/265\n|-unboost|p1a: Clawitzer|spa|1\n|\n|upkeep\n|turn|22\n|\n|t:|1782850791\n|move|p1a: Clawitzer|Water Pulse|p2a: Enamorus\n|-damage|p2a: Enamorus|57/259\n|move|p2a: Enamorus|Moonblast|p1a: Clawitzer\n|-damage|p1a: Clawitzer|0 fnt\n|faint|p1a: Clawitzer\n|\n|upkeep\n|\n|t:|1782850797\n|switch|p1a: Iron Crown|Iron Crown, L78|146/268\n|turn|23\n|\n|t:|1782850803\n|move|p1a: Iron Crown|Volt Switch|p2a: Enamorus\n|-supereffective|p2a: Enamorus\n|-damage|p2a: Enamorus|0 fnt\n|faint|p2a: Enamorus\n|\n|t:|1782850816\n|-end|p1a: Iron Crown|Quark Drive|[silent]\n|switch|p1a: Whimsicott|Whimsicott, L84, F|224/238|[from] Volt Switch\n|\n|-heal|p1a: Whimsicott|238/238|[from] item: Leftovers\n|upkeep\n|\n|t:|1782850823\n|switch|p2a: Necrozma|Necrozma-Dusk-Mane, L69|186/248\n|turn|24\n|\n|t:|1782850830\n|move|p1a: Whimsicott|Substitute|p1a: Whimsicott\n|-start|p1a: Whimsicott|Substitute\n|-damage|p1a: Whimsicott|179/238\n|move|p2a: Necrozma|Sunsteel Strike|p1a: Whimsicott\n|-supereffective|p1a: Whimsicott\n|-end|p1a: Whimsicott|Substitute\n|\n|-heal|p1a: Whimsicott|193/238|[from] item: Leftovers\n|upkeep\n|turn|25\n|inactive|welovevaporeon has 90 seconds left.\n|\n|t:|1782850844\n|move|p1a: Whimsicott|Substitute|p1a: Whimsicott\n|-start|p1a: Whimsicott|Substitute\n|-damage|p1a: Whimsicott|134/238\n|move|p2a: Necrozma|Sunsteel Strike|p1a: Whimsicott\n|-supereffective|p1a: Whimsicott\n|-end|p1a: Whimsicott|Substitute\n|\n|-heal|p1a: Whimsicott|148/238|[from] item: Leftovers\n|upkeep\n|turn|26\n|inactive|welovevaporeon has 90 seconds left.\n|\n|t:|1782850872\n|move|p1a: Whimsicott|Substitute|p1a: Whimsicott\n|-start|p1a: Whimsicott|Substitute\n|-damage|p1a: Whimsicott|89/238\n|move|p2a: Necrozma|Dragon Dance|p2a: Necrozma\n|-boost|p2a: Necrozma|atk|1\n|-boost|p2a: Necrozma|spe|1\n|\n|-heal|p1a: Whimsicott|103/238|[from] item: Leftovers\n|upkeep\n|turn|27\n|\n|t:|1782850882\n|move|p1a: Whimsicott|Encore|p2a: Necrozma\n|-start|p2a: Necrozma|Encore\n|move|p2a: Necrozma|Dragon Dance|p2a: Necrozma\n|-boost|p2a: Necrozma|atk|1\n|-boost|p2a: Necrozma|spe|1\n|\n|-heal|p1a: Whimsicott|117/238|[from] item: Leftovers\n|upkeep\n|turn|28\n|\n|t:|1782850889\n|switch|p2a: Glastrier|Glastrier, L86|311/311\n|move|p1a: Whimsicott|Leech Seed|p2a: Glastrier\n|-start|p2a: Glastrier|move: Leech Seed\n|\n|-heal|p1a: Whimsicott|131/238|[from] item: Leftovers\n|-damage|p2a: Glastrier|273/311|[from] Leech Seed|[of] p1a: Whimsicott\n|-heal|p1a: Whimsicott|169/238|[silent]\n|upkeep\n|turn|29\n|\n|t:|1782850900\n|move|p1a: Whimsicott|Moonblast|p2a: Glastrier\n|-damage|p2a: Glastrier|207/311\n|-unboost|p2a: Glastrier|spa|1\n|move|p2a: Glastrier|Heavy Slam|p1a: Whimsicott\n|-supereffective|p1a: Whimsicott\n|-end|p1a: Whimsicott|Substitute\n|\n|-heal|p1a: Whimsicott|183/238|[from] item: Leftovers\n|-damage|p2a: Glastrier|169/311|[from] Leech Seed|[of] p1a: Whimsicott\n|-heal|p1a: Whimsicott|221/238|[silent]\n|upkeep\n|turn|30\n|\n|t:|1782850906\n|switch|p2a: Primarina|Primarina, L83, M|268/268\n|move|p1a: Whimsicott|Substitute|p1a: Whimsicott\n|-start|p1a: Whimsicott|Substitute\n|-damage|p1a: Whimsicott|162/238\n|\n|-heal|p1a: Whimsicott|176/238|[from] item: Leftovers\n|upkeep\n|turn|31\n|\n|t:|1782850922\n|move|p1a: Whimsicott|Leech Seed|p2a: Primarina|[miss]\n|-miss|p1a: Whimsicott|p2a: Primarina\n|move|p2a: Primarina|Psychic|p1a: Whimsicott\n|-end|p1a: Whimsicott|Substitute\n|\n|-heal|p1a: Whimsicott|190/238|[from] item: Leftovers\n|upkeep\n|turn|32\n|inactive|welovevaporeon has 90 seconds left.\n|\n|t:|1782850939\n|switch|p1a: Bronzong|Bronzong, L88|261/261\n|move|p2a: Primarina|Psychic|p1a: Bronzong\n|-resisted|p1a: Bronzong\n|-damage|p1a: Bronzong|238/261\n|\n|-heal|p1a: Bronzong|254/261|[from] item: Leftovers\n|upkeep\n|turn|33\n|inactive|welovevaporeon has 90 seconds left.\n|\n|t:|1782850951\n|switch|p2a: Necrozma|Necrozma-Dusk-Mane, L69|186/248\n|move|p1a: Bronzong|Earthquake|p2a: Necrozma\n|-supereffective|p2a: Necrozma\n|-damage|p2a: Necrozma|83/248\n|-enditem|p2a: Necrozma|Weakness Policy\n|-boost|p2a: Necrozma|atk|2|[from] item: Weakness Policy\n|-boost|p2a: Necrozma|spa|2|[from] item: Weakness Policy\n|\n|-heal|p1a: Bronzong|261/261|[from] item: Leftovers\n|upkeep\n|turn|34\n|inactive|welovevaporeon has 90 seconds left.\n|\n|t:|1782850962\n|-terastallize|p2a: Necrozma|Water\n|move|p2a: Necrozma|Morning Sun|p2a: Necrozma\n|-heal|p2a: Necrozma|207/248\n|move|p1a: Bronzong|Earthquake|p2a: Necrozma\n|-damage|p2a: Necrozma|136/248\n|\n|upkeep\n|turn|35\n|\n|t:|1782850970\n|switch|p1a: Whimsicott|Whimsicott, L84, F|190/238\n|move|p2a: Necrozma|Sunsteel Strike|p1a: Whimsicott\n|-supereffective|p1a: Whimsicott\n|-damage|p1a: Whimsicott|0 fnt\n|faint|p1a: Whimsicott\n|\n|upkeep\n|\n|t:|1782850979\n|switch|p1a: Iron Crown|Iron Crown, L78|146/268\n|turn|36\n|\n|t:|1782850984\n|move|p1a: Iron Crown|Focus Blast|p2a: Necrozma\n|-damage|p2a: Necrozma|0 fnt\n|faint|p2a: Necrozma\n|\n|upkeep\n|\n|t:|1782850989\n|switch|p2a: Kingdra|Kingdra, L84, F|199/263\n|turn|37\n|\n|t:|1782851001\n|move|p1a: Iron Crown|Focus Blast|p2a: Kingdra\n|-damage|p2a: Kingdra|66/263\n|move|p2a: Kingdra|Dragon Dance|p2a: Kingdra\n|-boost|p2a: Kingdra|atk|1\n|-boost|p2a: Kingdra|spe|1\n|\n|upkeep\n|turn|38\n|\n|t:|1782851012\n|move|p2a: Kingdra|Waterfall|p1a: Iron Crown\n|-damage|p1a: Iron Crown|31/268\n|move|p1a: Iron Crown|Focus Blast|p2a: Kingdra\n|-damage|p2a: Kingdra|0 fnt\n|faint|p2a: Kingdra\n|\n|upkeep\n|-message|guylan forfeited.\n|\n|win|welovevaporeon\n|raw|welovevaporeon's rating: 1595 &rarr; <strong>1614</strong><br />(+19 for winning)\n|raw|guylan's rating: 1574 &rarr; <strong>1555</strong><br />(-19 for losing)\n|l|\u2606guylan\n|player|p2|\n|c|\u2606welovevaporeon|LOLLLLLL\n", "inputlog": ">version f8ac14003a5f27e1bdc8d8c59608a773c1cb96e5\n>start {\"formatid\":\"gen9randombattle\",\"seed\":\"sodium,4df95a6f44f72fcd7a4843e7d2efd2a3\",\"rated\":\"Rated battle\"}\n>player p1 {\"name\":\"welovevaporeon\",\"avatar\":\"170\",\"rating\":1595,\"seed\":\"sodium,83617406e55780dc67fe9add9670ef0c\"}\n>player p2 {\"name\":\"guylan\",\"avatar\":\"shauntal\",\"rating\":1552,\"seed\":\"sodium,2215451ac28f396672d1e4ecf1a7096d\"}\n>p1 move protect\n>p2 move iciclecrash\n>p1 move substitute\n>p2 move iciclecrash\n>p1 move protect\n>p2 move iciclecrash\n>p1 move substitute\n>p2 move iciclecrash\n>p1 move toxic\n>p2 switch 5\n>p1 move earthquake\n>p2 switch 6\n>p1 move toxic\n>p2 move dazzlinggleam\n>p1 move substitute\n>p2 switch 5\n>p1 move toxic\n>p2 switch 5\n>p1 move earthquake\n>p2 move dazzlinggleam\n>p1 move substitute\n>p2 move dazzlinggleam\n>p1 move protect\n>p2 move dazzlinggleam\n>p1 move substitute\n>p2 move dazzlinggleam\n>p2 switch 3\n>p1 move toxic\n>p2 move wavecrash\n>p1 switch 6\n>p2 move outrage\n>p1 move leechseed\n>p2 switch 6\n>p1 move substitute\n>p2 move sunsteelstrike\n>p1 switch 5\n>p2 switch 4\n>p1 move uturn\n>p2 move mysticalfire\n>p1 switch 3\n>p1 move voltswitch\n>p2 move mysticalfire\n>p1 switch 3\n>p1 move waterpulse\n>p2 move moonblast\n>p1 move waterpulse\n>p2 move moonblast\n>p1 switch 3\n>p1 move voltswitch\n>p2 move mysticalfire\n>p1 switch 5\n>p2 switch 4\n>p1 move substitute\n>p2 move sunsteelstrike\n>p1 move substitute\n>p2 move sunsteelstrike\n>p1 move substitute\n>p2 move dragondance\n>p1 move encore\n>p2 move earthquake\n>p1 move leechseed\n>p2 switch 5\n>p1 move moonblast\n>p2 move heavyslam\n>p1 move substitute\n>p2 switch 2\n>p1 move leechseed\n>p2 move psychic\n>p1 switch 2\n>p2 move psychic\n>p1 move earthquake\n>p2 switch 5\n>p1 move earthquake\n>p2 move morningsun terastallize\n>p1 switch 2\n>p2 move sunsteelstrike\n>p1 switch 5\n>p1 move focusblast\n>p2 move dragondance\n>p2 switch 6\n>p1 move focusblast\n>p2 move dragondance\n>p1 move focusblast\n>p2 move waterfall\n>forcelose p2", "uploadtime": 1782851022, "views": 12, "formatid": "gen9randombattle", "rating": 1555, "private": 0, "password": null, "player_dets": [{"name": "welovevaporeon", "avatar": "170", "rating": 1595, "seed": "sodium,83617406e55780dc67fe9add9670ef0c"}, {"name": "guylan", "avatar": "shauntal", "rating": 1552, "seed": "sodium,2215451ac28f396672d1e4ecf1a7096d"}], "teams_full": [{"Gliscor": {"name": "Gliscor", "species": "Gliscor", "speciesId": "gliscor", "gender": "F", "shiny": false, "level": 76, "moves": ["protect", "earthquake", "substitute", "toxic"], "ability": "Poison Heal", "evs": {"hp": 85, "atk": 85, "def": 85, "spa": 85, "spd": 85, "spe": 85}, "ivs": {"hp": 31, "atk": 31, "def": 31, "spa": 31, "spd": 31, "spe": 31}, "item": "Toxic Orb", "teraType": "Water", "role": "Fast Support", "bvs": {"hp": 75, "atk": 95, "def": 125, "spa": 45, "spd": 75, "spe": 95}, "stats": {"hp": 239, "atk": 188, "def": 234, "spa": 112, "spd": 158, "spe": 188}, "types": ["Ground", "Flying"]}, "Bronzong": {"name": "Bronzong", "species": "Bronzong", "speciesId": "bronzong", "gender": "N", "shiny": false, "level": 88, "moves": ["ironhead", "hypnosis", "psychicnoise", "earthquake"], "ability": "Levitate", "evs": {"hp": 85, "atk": 85, "def": 85, "spa": 85, "spd": 85, "spe": 85}, "ivs": {"hp": 31, "atk": 31, "def": 31, "spa": 31, "spd": 31, "spe": 31}, "item": "Leftovers", "teraType": "Water", "role": "Bulky Support", "bvs": {"hp": 67, "atk": 89, "def": 116, "spa": 79, "spd": 116, "spe": 33}, "stats": {"hp": 261, "atk": 207, "def": 254, "spa": 189, "spd": 254, "spe": 108}, "types": ["Steel", "Psychic"]}, "Iron Crown": {"name": "Iron Crown", "species": "Iron Crown", "speciesId": "ironcrown", "gender": "N", "shiny": false, "level": 78, "moves": ["psyshock", "tachyoncutter", "voltswitch", "focusblast"], "ability": "Quark Drive", "evs": {"hp": 85, "atk": 0, "def": 85, "spa": 85, "spd": 85, "spe": 85}, "ivs": {"hp": 31, "atk": 0, "def": 31, "spa": 31, "spd": 31, "spe": 31}, "item": "Choice Specs", "teraType": "Steel", "role": "Wallbreaker", "bvs": {"hp": 90, "atk": 72, "def": 100, "spa": 122, "spd": 108, "spe": 98}, "stats": {"hp": 268, "atk": 117, "def": 201, "spa": 235, "spd": 214, "spe": 198}, "types": ["Steel", "Psychic"]}, "Ceruledge": {"name": "Ceruledge", "species": "Ceruledge", "speciesId": "ceruledge", "gender": "F", "shiny": false, "level": 78, "moves": ["bitterblade", "poltergeist", "swordsdance", "closecombat"], "ability": "Weak Armor", "evs": {"hp": 85, "atk": 85, "def": 85, "spa": 85, "spd": 85, "spe": 85}, "ivs": {"hp": 31, "atk": 31, "def": 31, "spa": 31, "spd": 31, "spe": 31}, "item": "Heavy-Duty Boots", "teraType": "Fighting", "role": "Setup Sweeper", "bvs": {"hp": 75, "atk": 125, "def": 80, "spa": 60, "spd": 100, "spe": 85}, "stats": {"hp": 245, "atk": 240, "def": 170, "spa": 139, "spd": 201, "spe": 178}, "types": ["Fire", "Ghost"]}, "Clawitzer": {"name": "Clawitzer", "species": "Clawitzer", "speciesId": "clawitzer", "gender": "M", "shiny": false, "level": 87, "moves": ["uturn", "darkpulse", "waterpulse", "dragonpulse"], "ability": "Mega Launcher", "evs": {"hp": 85, "atk": 85, "def": 85, "spa": 85, "spd": 85, "spe": 85}, "ivs": {"hp": 31, "atk": 31, "def": 31, "spa": 31, "spd": 31, "spe": 31}, "item": "Choice Specs", "teraType": "Dragon", "role": "Wallbreaker", "bvs": {"hp": 71, "atk": 73, "def": 88, "spa": 120, "spd": 89, "spe": 59}, "stats": {"hp": 265, "atk": 177, "def": 203, "spa": 259, "spd": 205, "spe": 152}, "types": ["Water"]}, "Whimsicott": {"name": "Whimsicott", "species": "Whimsicott", "speciesId": "whimsicott", "gender": "F", "shiny": false, "level": 84, "moves": ["substitute", "encore", "moonblast", "leechseed"], "ability": "Prankster", "evs": {"hp": 85, "atk": 0, "def": 85, "spa": 85, "spd": 85, "spe": 85}, "ivs": {"hp": 31, "atk": 0, "def": 31, "spa": 31, "spd": 31, "spe": 31}, "item": "Leftovers", "teraType": "Steel", "role": "Bulky Support", "bvs": {"hp": 60, "atk": 67, "def": 85, "spa": 77, "spd": 75, "spe": 116}, "stats": {"hp": 238, "atk": 117, "def": 191, "spa": 178, "spd": 174, "spe": 243}, "types": ["Grass", "Fairy"]}}, {"Glastrier": {"name": "Glastrier", "species": "Glastrier", "speciesId": "glastrier", "gender": "N", "shiny": false, "level": 86, "moves": ["iciclecrash", "closecombat", "highhorsepower", "heavyslam"], "ability": "Chilling Neigh", "evs": {"hp": 81, "atk": 85, "def": 85, "spa": 85, "spd": 85, "spe": 85}, "ivs": {"hp": 31, "atk": 31, "def": 31, "spa": 31, "spd": 31, "spe": 31}, "item": "Choice Band", "teraType": "Ground", "role": "Bulky Attacker", "bvs": {"hp": 100, "atk": 145, "def": 130, "spa": 65, "spd": 110, "spe": 30}, "stats": {"hp": 311, "atk": 299, "def": 273, "spa": 161, "spd": 238, "spe": 101}, "types": ["Ice"]}, "Primarina": {"name": "Primarina", "species": "Primarina", "speciesId": "primarina", "gender": "M", "shiny": false, "level": 83, "moves": ["moonblast", "psychic", "flipturn", "hydropump"], "ability": "Torrent", "evs": {"hp": 85, "atk": 85, "def": 85, "spa": 85, "spd": 85, "spe": 85}, "ivs": {"hp": 31, "atk": 31, "def": 31, "spa": 31, "spd": 31, "spe": 31}, "item": "Choice Specs", "teraType": "Water", "role": "Wallbreaker", "bvs": {"hp": 80, "atk": 74, "def": 74, "spa": 126, "spd": 116, "spe": 60}, "stats": {"hp": 268, "atk": 171, "def": 171, "spa": 257, "spd": 240, "spe": 147}, "types": ["Water", "Fairy"]}, "Kingdra": {"name": "Kingdra", "species": "Kingdra", "speciesId": "kingdra", "gender": "F", "shiny": false, "level": 84, "moves": ["waterfall", "outrage", "dragondance", "wavecrash"], "ability": "Sniper", "evs": {"hp": 85, "atk": 85, "def": 85, "spa": 85, "spd": 85, "spe": 85}, "ivs": {"hp": 31, "atk": 31, "def": 31, "spa": 31, "spd": 31, "spe": 31}, "item": "Lum Berry", "teraType": "Water", "role": "Setup Sweeper", "bvs": {"hp": 75, "atk": 95, "def": 95, "spa": 95, "spd": 95, "spe": 85}, "stats": {"hp": 263, "atk": 208, "def": 208, "spa": 208, "spd": 208, "spe": 191}, "types": ["Water", "Dragon"]}, "Enamorus": {"name": "Enamorus", "species": "Enamorus-Therian", "speciesId": "enamorustherian", "gender": "F", "shiny": false, "level": 83, "moves": ["moonblast", "superpower", "psychic", "mysticalfire"], "ability": "Overcoat", "evs": {"hp": 85, "atk": 85, "def": 85, "spa": 85, "spd": 85, "spe": 85}, "ivs": {"hp": 31, "atk": 31, "def": 31, "spa": 31, "spd": 31, "spe": 31}, "item": "Assault Vest", "teraType": "Fairy", "role": "Bulky Attacker", "bvs": {"hp": 74, "atk": 115, "def": 110, "spa": 135, "spd": 100, "spe": 46}, "stats": {"hp": 259, "atk": 239, "def": 230, "spa": 272, "spd": 214, "spe": 124}, "types": ["Fairy", "Flying"]}, "Necrozma": {"name": "Necrozma", "species": "Necrozma-Dusk-Mane", "speciesId": "necrozmaduskmane", "gender": "N", "shiny": false, "level": 69, "moves": ["earthquake", "morningsun", "dragondance", "sunsteelstrike"], "ability": "Prism Armor", "evs": {"hp": 85, "atk": 85, "def": 85, "spa": 85, "spd": 85, "spe": 85}, "ivs": {"hp": 31, "atk": 31, "def": 31, "spa": 31, "spd": 31, "spe": 31}, "item": "Weakness Policy", "teraType": "Water", "role": "Bulky Setup", "bvs": {"hp": 97, "atk": 157, "def": 127, "spa": 113, "spd": 109, "spe": 77}, "stats": {"hp": 248, "atk": 257, "def": 216, "spa": 196, "spd": 191, "spe": 147}, "types": ["Psychic", "Steel"]}, "Sunflora": {"name": "Sunflora", "species": "Sunflora", "speciesId": "sunflora", "gender": "F", "shiny": false, "level": 100, "moves": ["dazzlinggleam", "sludgebomb", "leafstorm", "earthpower"], "ability": "Chlorophyll", "evs": {"hp": 85, "atk": 0, "def": 85, "spa": 85, "spd": 85, "spe": 85}, "ivs": {"hp": 31, "atk": 0, "def": 31, "spa": 31, "spd": 31, "spe": 31}, "item": "Choice Specs", "teraType": "Ground", "role": "Wallbreaker", "bvs": {"hp": 75, "atk": 75, "def": 55, "spa": 105, "spd": 85, "spe": 30}, "stats": {"hp": 312, "atk": 155, "def": 167, "spa": 267, "spd": 227, "spe": 117}, "types": ["Grass"]}}]}