{"id": "gen9randombattle-2641939931", "format": "[Gen 9] Random Battle", "players": ["DaMoistAvocado", "Best Kittel"], "log": "|j|\u2606DaMoistAvocado\n|j|\u2606Best Kittel\n|t:|1782862024\n|gametype|singles\n|player|p1|DaMoistAvocado|steven|1866\n|player|p2|Best Kittel|volkner|1866\n|gen|9\n|tier|[Gen 9] Random Battle\n|rated|\n|rule|Species Clause: Limit one of each Pok\u00e9mon\n|rule|HP Percentage Mod: HP is shown in percentages\n|rule|Sleep Clause Mod: Limit one foe put to sleep\n|rule|Illusion Level Mod: Illusion disguises the Pok\u00e9mon's true level\n|\n|t:|1782862024\n|teamsize|p1|6\n|teamsize|p2|6\n|start\n|switch|p1a: Vespiquen|Vespiquen, L99, F|299/299\n|switch|p2a: Garganacl|Garganacl, L80, M|291/291\n|-ability|p1a: Vespiquen|Pressure\n|turn|1\n|\n|t:|1782862035\n|switch|p1a: Iron Crown|Iron Crown, L78|268/268\n|move|p2a: Garganacl|Salt Cure|p1a: Iron Crown\n|-resisted|p1a: Iron Crown\n|-damage|p1a: Iron Crown|247/268\n|-start|p1a: Iron Crown|Salt Cure\n|\n|-damage|p1a: Iron Crown|180/268|[from] Salt Cure\n|upkeep\n|turn|2\n|\n|t:|1782862053\n|move|p1a: Iron Crown|Tachyon Cutter|p2a: Garganacl\n|-supereffective|p2a: Garganacl\n|-damage|p2a: Garganacl|129/291\n|-supereffective|p2a: Garganacl\n|-damage|p2a: Garganacl|0 fnt\n|faint|p2a: Garganacl\n|-hitcount|p2: Garganacl|2\n|\n|-damage|p1a: Iron Crown|113/268|[from] Salt Cure\n|upkeep\n|\n|t:|1782862061\n|switch|p2a: Feraligatr|Feraligatr, L79, F|264/264\n|turn|3\n|\n|t:|1782862083\n|-end|p1a: Iron Crown|Quark Drive|[silent]\n|switch|p1a: Vespiquen|Vespiquen, L99, F|299/299\n|-ability|p1a: Vespiquen|Pressure\n|move|p2a: Feraligatr|Dragon Dance|p2a: Feraligatr\n|-boost|p2a: Feraligatr|atk|1\n|-boost|p2a: Feraligatr|spe|1\n|\n|upkeep\n|turn|4\n|\n|t:|1782862104\n|move|p2a: Feraligatr|Ice Punch|p1a: Vespiquen\n|-supereffective|p1a: Vespiquen\n|-damage|p1a: Vespiquen|122/299\n|move|p1a: Vespiquen|Hurricane|p2a: Feraligatr\n|-damage|p2a: Feraligatr|122/264\n|-start|p2a: Feraligatr|confusion\n|\n|upkeep\n|turn|5\n|\n|t:|1782862117\n|-activate|p2a: Feraligatr|confusion\n|move|p2a: Feraligatr|Ice Punch|p1a: Vespiquen\n|-supereffective|p1a: Vespiquen\n|-damage|p1a: Vespiquen|0 fnt\n|faint|p1a: Vespiquen\n|\n|upkeep\n|\n|t:|1782862125\n|switch|p1a: Ditto|Ditto, L87|225/225\n|-transform|p1a: Ditto|p2a: Feraligatr|[from] ability: Imposter\n|turn|6\n|\n|t:|1782862141\n|move|p1a: Ditto|Crunch|p2a: Feraligatr\n|-damage|p2a: Feraligatr|14/264\n|-end|p2a: Feraligatr|confusion\n|move|p2a: Feraligatr|Liquidation|p1a: Ditto\n|-resisted|p1a: Ditto\n|-damage|p1a: Ditto|126/225\n|\n|upkeep\n|turn|7\n|\n|t:|1782862152\n|switch|p2a: Umbreon|Umbreon, L84, M|297/297\n|move|p1a: Ditto|Crunch|p2a: Umbreon\n|-resisted|p2a: Umbreon\n|-damage|p2a: Umbreon|252/297\n|\n|-heal|p2a: Umbreon|270/297|[from] item: Leftovers\n|upkeep\n|turn|8\n|\n|t:|1782862167\n|switch|p1a: Dedenne|Dedenne, L88, M|261/261\n|move|p2a: Umbreon|Foul Play|p1a: Dedenne\n|-resisted|p1a: Dedenne\n|-damage|p1a: Dedenne|216/261\n|\n|-heal|p2a: Umbreon|288/297|[from] item: Leftovers\n|upkeep\n|turn|9\n|inactive|Battle timer is ON: inactive players will automatically lose when time's up. (requested by DaMoistAvocado)\n|\n|t:|1782862174\n|move|p1a: Dedenne|Dazzling Gleam|p2a: Umbreon\n|-supereffective|p2a: Umbreon\n|-damage|p2a: Umbreon|172/297\n|move|p2a: Umbreon|Toxic|p1a: Dedenne\n|-status|p1a: Dedenne|tox\n|\n|-heal|p2a: Umbreon|190/297|[from] item: Leftovers\n|-damage|p1a: Dedenne|200/261 tox|[from] psn\n|upkeep\n|turn|10\n|\n|t:|1782862203\n|move|p2a: Umbreon|Protect|p2a: Umbreon\n|-singleturn|p2a: Umbreon|Protect\n|move|p1a: Dedenne|Nuzzle|p2a: Umbreon\n|-activate|p2a: Umbreon|move: Protect\n|\n|-heal|p2a: Umbreon|208/297|[from] item: Leftovers\n|-damage|p1a: Dedenne|168/261 tox|[from] psn\n|upkeep\n|turn|11\n|\n|t:|1782862216\n|switch|p2a: Vikavolt|Vikavolt, L83, F|263/263\n|move|p1a: Dedenne|U-turn|p2a: Vikavolt\n|-damage|p2a: Vikavolt|226/263\n|\n|t:|1782862237\n|switch|p1a: Gholdengo|Gholdengo, L77|261/261|[from] U-turn\n|\n|upkeep\n|turn|12\n|\n|t:|1782862261\n|move|p1a: Gholdengo|Shadow Ball|p2a: Vikavolt\n|-damage|p2a: Vikavolt|118/263\n|move|p2a: Vikavolt|Sticky Web|p1a: Gholdengo\n|-sidestart|p1: DaMoistAvocado|move: Sticky Web\n|\n|upkeep\n|turn|13\n|\n|t:|1782862271\n|switch|p2a: Umbreon|Umbreon, L84, M|208/297\n|move|p1a: Gholdengo|Shadow Ball|p2a: Umbreon\n|-resisted|p2a: Umbreon\n|-damage|p2a: Umbreon|172/297\n|\n|-heal|p2a: Umbreon|190/297|[from] item: Leftovers\n|upkeep\n|turn|14\n|inactive|Best Kittel has 120 seconds left.\n|\n|t:|1782862309\n|move|p1a: Gholdengo|Thunder Wave|p2a: Umbreon\n|-status|p2a: Umbreon|par\n|-activate|p2a: Umbreon|ability: Synchronize\n|-status|p1a: Gholdengo|par\n|move|p2a: Umbreon|Wish|p2a: Umbreon\n|\n|-heal|p2a: Umbreon|208/297 par|[from] item: Leftovers\n|upkeep\n|turn|15\n|\n|t:|1782862316\n|move|p1a: Gholdengo|Make It Rain|p2a: Umbreon\n|-damage|p2a: Umbreon|108/297 par\n|-unboost|p1a: Gholdengo|spa|1\n|move|p2a: Umbreon|Foul Play|p1a: Gholdengo\n|-supereffective|p1a: Gholdengo\n|-crit|p1a: Gholdengo\n|-damage|p1a: Gholdengo|111/261 par\n|\n|-heal|p2a: Umbreon|256/297 par|[from] move: Wish|[wisher] Umbreon\n|-heal|p1a: Gholdengo|127/261 par|[from] item: Leftovers\n|-heal|p2a: Umbreon|274/297 par|[from] item: Leftovers\n|upkeep\n|turn|16\n|inactive|Best Kittel has 120 seconds left.\n|\n|t:|1782862343\n|move|p1a: Gholdengo|Recover|p1a: Gholdengo\n|-heal|p1a: Gholdengo|258/261 par\n|move|p2a: Umbreon|Foul Play|p1a: Gholdengo\n|-supereffective|p1a: Gholdengo\n|-damage|p1a: Gholdengo|168/261 par\n|\n|-heal|p1a: Gholdengo|184/261 par|[from] item: Leftovers\n|-heal|p2a: Umbreon|292/297 par|[from] item: Leftovers\n|upkeep\n|turn|17\n|\n|t:|1782862353\n|switch|p1a: Iron Crown|Iron Crown, L78|113/268\n|-activate|p1a: Iron Crown|move: Sticky Web\n|-unboost|p1a: Iron Crown|spe|1\n|move|p2a: Umbreon|Toxic|p1a: Iron Crown\n|-immune|p1a: Iron Crown\n|\n|-heal|p2a: Umbreon|297/297 par|[from] item: Leftovers\n|upkeep\n|turn|18\n|\n|t:|1782862357\n|move|p1a: Iron Crown|Focus Blast|p2a: Umbreon\n|-supereffective|p2a: Umbreon\n|-damage|p2a: Umbreon|109/297 par\n|cant|p2a: Umbreon|par\n|\n|-heal|p2a: Umbreon|127/297 par|[from] item: Leftovers\n|upkeep\n|turn|19\n|inactive|Best Kittel has 120 seconds left.\n|\n|t:|1782862393\n|switch|p2a: Scream Tail|Scream Tail, L84|330/330\n|move|p1a: Iron Crown|Focus Blast|p2a: Scream Tail|[miss]\n|-miss|p1a: Iron Crown|p2a: Scream Tail\n|\n|upkeep\n|turn|20\n|\n|t:|1782862400\n|-end|p1a: Iron Crown|Quark Drive|[silent]\n|switch|p1a: Gholdengo|Gholdengo, L77|184/261 par\n|-activate|p1a: Gholdengo|move: Sticky Web\n|-unboost|p1a: Gholdengo|spe|1\n|move|p2a: Scream Tail|Thunder Wave|p1a: Gholdengo\n|-immune|p1a: Gholdengo|[from] ability: Good as Gold\n|\n|-heal|p1a: Gholdengo|200/261 par|[from] item: Leftovers\n|upkeep\n|turn|21\n|\n|t:|1782862425\n|-end|p2a: Scream Tail|Protosynthesis|[silent]\n|switch|p2a: Umbreon|Umbreon, L84, M|127/297 par\n|cant|p1a: Gholdengo|par\n|\n|-heal|p2a: Umbreon|145/297 par|[from] item: Leftovers\n|-heal|p1a: Gholdengo|216/261 par|[from] item: Leftovers\n|upkeep\n|turn|22\n|\n|t:|1782862446\n|switch|p1a: Dedenne|Dedenne, L88, M|168/261 tox\n|-activate|p1a: Dedenne|move: Sticky Web\n|-unboost|p1a: Dedenne|spe|1\n|cant|p2a: Umbreon|par\n|\n|-heal|p2a: Umbreon|163/297 par|[from] item: Leftovers\n|-damage|p1a: Dedenne|152/261 tox|[from] psn\n|upkeep\n|turn|23\n|\n|t:|1782862466\n|move|p1a: Dedenne|Dazzling Gleam|p2a: Umbreon\n|-supereffective|p2a: Umbreon\n|-damage|p2a: Umbreon|43/297 par\n|cant|p2a: Umbreon|par\n|\n|-heal|p2a: Umbreon|61/297 par|[from] item: Leftovers\n|-damage|p1a: Dedenne|120/261 tox|[from] psn\n|upkeep\n|-enditem|p1a: Dedenne|Sitrus Berry|[eat]\n|-heal|p1a: Dedenne|185/261 tox|[from] item: Sitrus Berry\n|-heal|p1a: Dedenne|261/261 tox|[from] ability: Cheek Pouch\n|turn|24\n|inactive|DaMoistAvocado has 120 seconds left.\n|\n|t:|1782862519\n|switch|p2a: Vikavolt|Vikavolt, L83, F|118/263\n|move|p1a: Dedenne|Dazzling Gleam|p2a: Vikavolt\n|-damage|p2a: Vikavolt|25/263\n|\n|-damage|p1a: Dedenne|213/261 tox|[from] psn\n|upkeep\n|turn|25\n|\n|t:|1782862527\n|move|p1a: Dedenne|Dazzling Gleam|p2a: Vikavolt\n|-damage|p2a: Vikavolt|0 fnt\n|faint|p2a: Vikavolt\n|\n|-damage|p1a: Dedenne|149/261 tox|[from] psn\n|upkeep\n|\n|t:|1782862532\n|switch|p2a: Feraligatr|Feraligatr, L79, F|14/264\n|turn|26\n|inactive|DaMoistAvocado has 120 seconds left.\n|\n|t:|1782862561\n|switch|p1a: Gothitelle|Gothitelle, L90, M|272/272\n|-activate|p1a: Gothitelle|move: Sticky Web\n|-unboost|p1a: Gothitelle|spe|1\n|move|p2a: Feraligatr|Liquidation|p1a: Gothitelle\n|-damage|p1a: Gothitelle|142/272\n|\n|upkeep\n|turn|27\n|inactive|Best Kittel has 120 seconds left.\n|inactive|Best Kittel has 90 seconds left.\n|\n|t:|1782862607\n|move|p2a: Feraligatr|Crunch|p1a: Gothitelle\n|-supereffective|p1a: Gothitelle\n|-damage|p1a: Gothitelle|0 fnt\n|faint|p1a: Gothitelle\n|\n|upkeep\n|\n|t:|1782862615\n|switch|p1a: Ditto|Ditto, L87|126/225\n|-activate|p1a: Ditto|move: Sticky Web\n|-unboost|p1a: Ditto|spe|1\n|-transform|p1a: Ditto|p2a: Feraligatr|[from] ability: Imposter\n|turn|28\n|inactive|Best Kittel has 90 seconds left.\n|\n|t:|1782862632\n|switch|p2a: Scream Tail|Scream Tail, L84|330/330\n|move|p1a: Ditto|Liquidation|p2a: Scream Tail\n|-damage|p2a: Scream Tail|216/330\n|\n|-heal|p2a: Scream Tail|236/330|[from] item: Leftovers\n|upkeep\n|turn|29\n|inactive|DaMoistAvocado has 120 seconds left.\n|inactive|Best Kittel has 90 seconds left.\n|\n|t:|1782862643\n|switch|p1a: Gholdengo|Gholdengo, L77|216/261 par\n|-activate|p1a: Gholdengo|move: Sticky Web\n|-unboost|p1a: Gholdengo|spe|1\n|move|p2a: Scream Tail|Wish|p2a: Scream Tail\n|\n|-heal|p2a: Scream Tail|256/330|[from] item: Leftovers\n|-heal|p1a: Gholdengo|232/261 par|[from] item: Leftovers\n|upkeep\n|turn|30\n|inactive|DaMoistAvocado has 120 seconds left.\n|inactive|Best Kittel has 90 seconds left.\n|\n|t:|1782862656\n|-end|p2a: Scream Tail|Protosynthesis|[silent]\n|switch|p2a: Shiftry|Shiftry, L89, M|305/305\n|move|p1a: Gholdengo|Shadow Ball|p2a: Shiftry\n|-resisted|p2a: Shiftry\n|-damage|p2a: Shiftry|246/305\n|-unboost|p2a: Shiftry|spd|1\n|\n|-heal|p2a: Shiftry|305/305|[from] move: Wish|[wisher] Scream Tail\n|-heal|p1a: Gholdengo|248/261 par|[from] item: Leftovers\n|upkeep\n|turn|31\n|inactive|Best Kittel has 90 seconds left.\n|\n|t:|1782862670\n|-terastallize|p1a: Gholdengo|Dark\n|move|p2a: Shiftry|Knock Off|p1a: Gholdengo\n|-resisted|p1a: Gholdengo\n|-crit|p1a: Gholdengo\n|-damage|p1a: Gholdengo|123/261 par\n|-enditem|p1a: Gholdengo|Leftovers|[from] move: Knock Off|[of] p2a: Shiftry\n|-damage|p2a: Shiftry|275/305|[from] item: Life Orb\n|cant|p1a: Gholdengo|par\n|\n|upkeep\n|turn|32\n|inactive|Best Kittel has 90 seconds left.\n|\n|t:|1782862681\n|move|p2a: Shiftry|Swords Dance|p2a: Shiftry\n|-boost|p2a: Shiftry|atk|2\n|move|p1a: Gholdengo|Recover|p1a: Gholdengo\n|-heal|p1a: Gholdengo|254/261 par\n|\n|upkeep\n|turn|33\n|\n|t:|1782862689\n|move|p2a: Shiftry|Leaf Blade|p1a: Gholdengo\n|-damage|p1a: Gholdengo|0 fnt\n|faint|p1a: Gholdengo\n|-damage|p2a: Shiftry|245/305|[from] item: Life Orb\n|\n|upkeep\n|\n|t:|1782862700\n|switch|p1a: Ditto|Ditto, L87|126/225\n|-activate|p1a: Ditto|move: Sticky Web\n|-unboost|p1a: Ditto|spe|1\n|-transform|p1a: Ditto|p2a: Shiftry|[from] ability: Imposter\n|turn|34\n|\n|t:|1782862716\n|move|p2a: Shiftry|Sucker Punch|p1a: Ditto\n|-resisted|p1a: Ditto\n|-crit|p1a: Ditto\n|-damage|p1a: Ditto|0 fnt\n|faint|p1a: Ditto\n|-damage|p2a: Shiftry|215/305|[from] item: Life Orb\n|\n|upkeep\n|\n|t:|1782862720\n|switch|p1a: Dedenne|Dedenne, L88, M|149/261 tox\n|-activate|p1a: Dedenne|move: Sticky Web\n|-unboost|p1a: Dedenne|spe|1\n|turn|35\n|\n|t:|1782862725\n|move|p2a: Shiftry|Leaf Blade|p1a: Dedenne\n|-damage|p1a: Dedenne|0 fnt\n|faint|p1a: Dedenne\n|-damage|p2a: Shiftry|185/305|[from] item: Life Orb\n|\n|upkeep\n|\n|t:|1782862731\n|switch|p1a: Iron Crown|Iron Crown, L78|113/268\n|-activate|p1a: Iron Crown|move: Sticky Web\n|-unboost|p1a: Iron Crown|spe|1\n|turn|36\n|\n|t:|1782862735\n|move|p2a: Shiftry|Knock Off|p1a: Iron Crown\n|-supereffective|p1a: Iron Crown\n|-damage|p1a: Iron Crown|0 fnt\n|-enditem|p1a: Iron Crown|Choice Specs|[from] move: Knock Off|[of] p2a: Shiftry\n|faint|p1a: Iron Crown\n|-end|p1a: Iron Crown|Quark Drive|[silent]\n|-damage|p2a: Shiftry|155/305|[from] item: Life Orb\n|\n|win|Best Kittel\n|raw|DaMoistAvocado's rating: 1866 &rarr; <strong>1847</strong><br />(-19 for losing)\n|raw|Best Kittel's rating: 1885 &rarr; <strong>1904</strong><br />(+19 for winning)\n", "inputlog": ">version f8ac14003a5f27e1bdc8d8c59608a773c1cb96e5\n>start {\"formatid\":\"gen9randombattle\",\"seed\":\"sodium,da04aa08e3ff5a7db96409cf700b7084\",\"rated\":\"Rated battle\"}\n>player p1 {\"name\":\"DaMoistAvocado\",\"avatar\":\"steven\",\"rating\":1866,\"seed\":\"sodium,2bb59a9280bc17f15ce8ce51a646febf\"}\n>player p2 {\"name\":\"Best Kittel\",\"avatar\":\"volkner\",\"rating\":1866,\"seed\":\"sodium,c2b09ce77416bcef130cd1d1a5cf416d\"}\n>p1 switch 2\n>p2 move saltcure\n>p1 move tachyoncutter\n>p2 move recover\n>p2 switch 6\n>p1 switch 2\n>p2 move dragondance\n>p1 move hurricane\n>p2 move icepunch\n>p1 move hurricane\n>p2 move icepunch\n>p1 switch 6\n>p1 move crunch\n>p2 move liquidation\n>p1 move crunch\n>p2 switch 5\n>p1 switch 5\n>p2 move foulplay\n>p1 move dazzlinggleam\n>p2 move toxic\n>p1 move nuzzle\n>p2 move protect\n>p1 move uturn\n>p2 switch 4\n>p1 switch 3\n>p1 move shadowball\n>p2 move stickyweb\n>p1 move shadowball\n>p2 switch 4\n>p1 move thunderwave\n>p2 move wish\n>p1 move makeitrain\n>p2 move foulplay\n>p1 move recover\n>p2 move foulplay\n>p1 switch 2\n>p2 move toxic\n>p1 move focusblast\n>p2 move foulplay\n>p1 move focusblast\n>p2 switch 3\n>p1 switch 2\n>p2 move thunderwave\n>p1 move makeitrain\n>p2 switch 3\n>p1 switch 3\n>p2 move wish\n>p1 move dazzlinggleam\n>p2 move wish\n>p1 move dazzlinggleam\n>p2 switch 4\n>p1 move dazzlinggleam\n>p2 move energyball\n>p2 switch 5\n>p1 switch 4\n>p2 move liquidation\n>p1 move darkpulse\n>p2 move crunch\n>p1 switch 5\n>p1 move liquidation\n>p2 switch 3\n>p1 switch 3\n>p2 move wish\n>p1 move shadowball\n>p2 switch 2\n>p1 move makeitrain terastallize\n>p2 move knockoff\n>p1 move recover\n>p2 move swordsdance\n>p1 move thunderwave\n>p2 move leafblade\n>p1 switch 3\n>p1 move knockoff\n>p2 move suckerpunch\n>p1 switch 4\n>p1 move dazzlinggleam\n>p2 move leafblade\n>p1 switch 2\n>p1 move tachyoncutter\n>p2 move knockoff", "uploadtime": 1782862742, "views": 8, "formatid": "gen9randombattle", "rating": 1847, "private": 0, "password": null, "player_dets": [{"name": "DaMoistAvocado", "avatar": "steven", "rating": 1866, "seed": "sodium,2bb59a9280bc17f15ce8ce51a646febf"}, {"name": "Best Kittel", "avatar": "volkner", "rating": 1866, "seed": "sodium,c2b09ce77416bcef130cd1d1a5cf416d"}], "teams_full": [{"Vespiquen": {"name": "Vespiquen", "species": "Vespiquen", "speciesId": "vespiquen", "gender": "F", "shiny": false, "level": 99, "moves": ["spikes", "roost", "hurricane", "toxicspikes"], "ability": "Pressure", "evs": {"hp": 85, "atk": 0, "def": 85, "spa": 85, "spd": 85, "spe": 85}, "ivs": {"hp": 31, "atk": 0, "def": 31, "spa": 31, "spd": 31, "spe": 31}, "item": "Heavy-Duty Boots", "teraType": "Steel", "role": "Bulky Support", "bvs": {"hp": 70, "atk": 80, "def": 102, "spa": 80, "spd": 102, "spe": 40}, "stats": {"hp": 299, "atk": 163, "def": 258, "spa": 214, "spd": 258, "spe": 135}, "types": ["Bug", "Flying"]}, "Iron Crown": {"name": "Iron Crown", "species": "Iron Crown", "speciesId": "ironcrown", "gender": "N", "shiny": false, "level": 78, "moves": ["tachyoncutter", "psyshock", "voltswitch", "focusblast"], "ability": "Quark Drive", "evs": {"hp": 85, "atk": 0, "def": 85, "spa": 85, "spd": 85, "spe": 85}, "ivs": {"hp": 31, "atk": 0, "def": 31, "spa": 31, "spd": 31, "spe": 31}, "item": "Choice Specs", "teraType": "Steel", "role": "Wallbreaker", "bvs": {"hp": 90, "atk": 72, "def": 100, "spa": 122, "spd": 108, "spe": 98}, "stats": {"hp": 268, "atk": 117, "def": 201, "spa": 235, "spd": 214, "spe": 198}, "types": ["Steel", "Psychic"]}, "Gholdengo": {"name": "Gholdengo", "species": "Gholdengo", "speciesId": "gholdengo", "gender": "N", "shiny": false, "level": 77, "moves": ["makeitrain", "thunderwave", "recover", "shadowball"], "ability": "Good as Gold", "evs": {"hp": 85, "atk": 0, "def": 85, "spa": 85, "spd": 85, "spe": 85}, "ivs": {"hp": 31, "atk": 0, "def": 31, "spa": 31, "spd": 31, "spe": 31}, "item": "Leftovers", "teraType": "Dark", "role": "Bulky Support", "bvs": {"hp": 87, "atk": 60, "def": 95, "spa": 133, "spd": 91, "spe": 84}, "stats": {"hp": 261, "atk": 97, "def": 191, "spa": 249, "spd": 185, "spe": 174}, "types": ["Steel", "Ghost"]}, "Gothitelle": {"name": "Gothitelle", "species": "Gothitelle", "speciesId": "gothitelle", "gender": "M", "shiny": false, "level": 90, "moves": ["focusblast", "darkpulse", "psychic", "trick"], "ability": "Shadow Tag", "evs": {"hp": 85, "atk": 0, "def": 85, "spa": 85, "spd": 85, "spe": 85}, "ivs": {"hp": 31, "atk": 0, "def": 31, "spa": 31, "spd": 31, "spe": 31}, "item": "Choice Scarf", "teraType": "Psychic", "role": "Fast Attacker", "bvs": {"hp": 70, "atk": 55, "def": 95, "spa": 95, "spd": 110, "spe": 65}, "stats": {"hp": 272, "atk": 104, "def": 222, "spa": 222, "spd": 249, "spe": 168}, "types": ["Psychic"]}, "Dedenne": {"name": "Dedenne", "species": "Dedenne", "speciesId": "dedenne", "gender": "M", "shiny": false, "level": 88, "moves": ["nuzzle", "dazzlinggleam", "uturn", "thunderbolt"], "ability": "Cheek Pouch", "evs": {"hp": 85, "atk": 85, "def": 85, "spa": 85, "spd": 85, "spe": 85}, "ivs": {"hp": 31, "atk": 31, "def": 31, "spa": 31, "spd": 31, "spe": 31}, "item": "Sitrus Berry", "teraType": "Flying", "role": "Fast Support", "bvs": {"hp": 67, "atk": 58, "def": 57, "spa": 81, "spd": 67, "spe": 101}, "stats": {"hp": 261, "atk": 152, "def": 151, "spa": 193, "spd": 168, "spe": 228}, "types": ["Electric", "Fairy"]}, "Ditto": {"name": "Ditto", "species": "Ditto", "speciesId": "ditto", "gender": "N", "shiny": false, "level": 87, "moves": ["transform"], "ability": "Imposter", "evs": {"hp": 85, "atk": 85, "def": 85, "spa": 85, "spd": 85, "spe": 85}, "ivs": {"hp": 31, "atk": 31, "def": 31, "spa": 31, "spd": 31, "spe": 31}, "item": "Choice Scarf", "teraType": "Ghost", "role": "Fast Support", "bvs": {"hp": 48, "atk": 48, "def": 48, "spa": 48, "spd": 48, "spe": 48}, "stats": {"hp": 225, "atk": 133, "def": 133, "spa": 133, "spd": 133, "spe": 133}, "types": ["Normal"]}}, {"Garganacl": {"name": "Garganacl", "species": "Garganacl", "speciesId": "garganacl", "gender": "M", "shiny": false, "level": 80, "moves": ["saltcure", "recover", "bodypress", "irondefense"], "ability": "Purifying Salt", "evs": {"hp": 85, "atk": 85, "def": 85, "spa": 85, "spd": 85, "spe": 85}, "ivs": {"hp": 31, "atk": 31, "def": 31, "spa": 31, "spd": 31, "spe": 31}, "item": "Leftovers", "teraType": "Ghost", "role": "Bulky Setup", "bvs": {"hp": 100, "atk": 100, "def": 130, "spa": 45, "spd": 90, "spe": 35}, "stats": {"hp": 291, "atk": 206, "def": 254, "spa": 118, "spd": 190, "spe": 102}, "types": ["Rock"]}, "Shiftry": {"name": "Shiftry", "species": "Shiftry", "speciesId": "shiftry", "gender": "M", "shiny": false, "level": 89, "moves": ["leafblade", "suckerpunch", "swordsdance", "knockoff"], "ability": "Wind Rider", "evs": {"hp": 85, "atk": 85, "def": 85, "spa": 85, "spd": 85, "spe": 85}, "ivs": {"hp": 31, "atk": 31, "def": 31, "spa": 31, "spd": 31, "spe": 31}, "item": "Life Orb", "teraType": "Poison", "role": "Fast Bulky Setup", "bvs": {"hp": 90, "atk": 100, "def": 60, "spa": 90, "spd": 60, "spe": 80}, "stats": {"hp": 305, "atk": 229, "def": 158, "spa": 211, "spd": 158, "spe": 193}, "types": ["Grass", "Dark"]}, "Scream Tail": {"name": "Scream Tail", "species": "Scream Tail", "speciesId": "screamtail", "gender": "N", "shiny": false, "level": 84, "moves": ["protect", "dazzlinggleam", "wish", "thunderwave"], "ability": "Protosynthesis", "evs": {"hp": 85, "atk": 0, "def": 85, "spa": 85, "spd": 85, "spe": 85}, "ivs": {"hp": 31, "atk": 0, "def": 31, "spa": 31, "spd": 31, "spe": 31}, "item": "Leftovers", "teraType": "Steel", "role": "Bulky Attacker", "bvs": {"hp": 115, "atk": 65, "def": 99, "spa": 65, "spd": 115, "spe": 111}, "stats": {"hp": 330, "atk": 114, "def": 215, "spa": 157, "spd": 241, "spe": 235}, "types": ["Fairy", "Psychic"]}, "Vikavolt": {"name": "Vikavolt", "species": "Vikavolt", "speciesId": "vikavolt", "gender": "F", "shiny": false, "level": 83, "moves": ["discharge", "energyball", "bugbuzz", "stickyweb"], "ability": "Levitate", "evs": {"hp": 85, "atk": 0, "def": 85, "spa": 85, "spd": 85, "spe": 85}, "ivs": {"hp": 31, "atk": 0, "def": 31, "spa": 31, "spd": 31, "spe": 31}, "item": "Heavy-Duty Boots", "teraType": "Electric", "role": "Bulky Support", "bvs": {"hp": 77, "atk": 70, "def": 90, "spa": 145, "spd": 75, "spe": 43}, "stats": {"hp": 263, "atk": 121, "def": 197, "spa": 288, "spd": 172, "spe": 119}, "types": ["Bug", "Electric"]}, "Umbreon": {"name": "Umbreon", "species": "Umbreon", "speciesId": "umbreon", "gender": "M", "shiny": false, "level": 84, "moves": ["foulplay", "wish", "toxic", "protect"], "ability": "Synchronize", "evs": {"hp": 85, "atk": 0, "def": 85, "spa": 85, "spd": 85, "spe": 85}, "ivs": {"hp": 31, "atk": 0, "def": 31, "spa": 31, "spd": 31, "spe": 31}, "item": "Leftovers", "teraType": "Poison", "role": "Bulky Support", "bvs": {"hp": 95, "atk": 65, "def": 110, "spa": 60, "spd": 130, "spe": 65}, "stats": {"hp": 297, "atk": 114, "def": 233, "spa": 149, "spd": 267, "spe": 157}, "types": ["Dark"]}, "Feraligatr": {"name": "Feraligatr", "species": "Feraligatr", "speciesId": "feraligatr", "gender": "F", "shiny": false, "level": 79, "moves": ["dragondance", "liquidation", "crunch", "icepunch"], "ability": "Sheer Force", "evs": {"hp": 85, "atk": 85, "def": 85, "spa": 85, "spd": 85, "spe": 85}, "ivs": {"hp": 31, "atk": 31, "def": 31, "spa": 31, "spd": 31, "spe": 31}, "item": "Life Orb", "teraType": "Water", "role": "Fast Bulky Setup", "bvs": {"hp": 85, "atk": 105, "def": 100, "spa": 79, "spd": 83, "spe": 78}, "stats": {"hp": 264, "atk": 211, "def": 204, "spa": 170, "spd": 177, "spe": 169}, "types": ["Water"]}}]}