{"id": "gen9randombattle-2642143008", "format": "[Gen 9] Random Battle", "players": ["coalchief", "jnpr010334"], "log": "|j|\u2606coalchief\n|j|\u2606jnpr010334\n|t:|1782899171\n|gametype|singles\n|player|p1|coalchief|hiker-gen4|1702\n|player|p2|jnpr010334|265|1696\n|gen|9\n|tier|[Gen 9] Random Battle\n|rated|\n|rule|Species Clause: Limit one of each Pok\u00e9mon\n|rule|HP Percentage Mod: HP is shown in percentages\n|rule|Sleep Clause Mod: Limit one foe put to sleep\n|rule|Illusion Level Mod: Illusion disguises the Pok\u00e9mon's true level\n|\n|t:|1782899171\n|teamsize|p1|6\n|teamsize|p2|6\n|start\n|switch|p1a: Ogerpon|Ogerpon-Hearthflame, L74, F|239/239\n|switch|p2a: Quagsire|Quagsire, L84, F|297/297\n|-ability|p1a: Ogerpon|Mold Breaker\n|turn|1\n|inactive|Battle timer is ON: inactive players will automatically lose when time's up. (requested by coalchief)\n|inactive|jnpr010334 also wants the timer to be on.\n|\n|t:|1782899195\n|move|p1a: Ogerpon|Power Whip|p2a: Quagsire\n|-supereffective|p2a: Quagsire\n|-damage|p2a: Quagsire|0 fnt\n|faint|p2a: Quagsire\n|\n|upkeep\n|\n|t:|1782899198\n|switch|p2a: Basculin|Basculin-Blue-Striped, L86, F|261/261\n|turn|2\n|\n|t:|1782899215\n|switch|p1a: Glastrier|Glastrier, L86|312/312\n|move|p2a: Basculin|Wave Crash|p1a: Glastrier\n|-damage|p1a: Glastrier|138/312\n|-damage|p2a: Basculin|204/261|[from] Recoil\n|\n|upkeep\n|turn|3\n|\n|t:|1782899223\n|move|p2a: Basculin|Wave Crash|p1a: Glastrier\n|-damage|p1a: Glastrier|0 fnt\n|faint|p1a: Glastrier\n|-damage|p2a: Basculin|158/261|[from] Recoil\n|\n|upkeep\n|\n|t:|1782899225\n|switch|p1a: Regieleki|Regieleki, L79|256/256\n|turn|4\n|\n|t:|1782899229\n|switch|p2a: Appletun|Appletun, L92, F|352/352\n|move|p1a: Regieleki|Volt Switch|p2a: Appletun\n|-resisted|p2a: Appletun\n|-damage|p2a: Appletun|327/352\n|\n|t:|1782899245\n|switch|p1a: Clawitzer|Clawitzer, L87, M|265/265|[from] Volt Switch\n|\n|-heal|p2a: Appletun|349/352|[from] item: Leftovers\n|upkeep\n|turn|5\n|\n|t:|1782899251\n|switch|p1a: Ogerpon|Ogerpon-Hearthflame, L74, F|239/239\n|-ability|p1a: Ogerpon|Mold Breaker\n|move|p2a: Appletun|Apple Acid|p1a: Ogerpon\n|-resisted|p1a: Ogerpon\n|-damage|p1a: Ogerpon|213/239\n|-unboost|p1a: Ogerpon|spd|1\n|\n|-heal|p2a: Appletun|352/352|[from] item: Leftovers\n|upkeep\n|turn|6\n|c|\u2606coalchief|crap misclicked\n|\n|t:|1782899270\n|switch|p1a: Clawitzer|Clawitzer, L87, M|265/265\n|move|p2a: Appletun|Dragon Pulse|p1a: Clawitzer\n|-damage|p1a: Clawitzer|151/265\n|\n|upkeep\n|turn|7\n|\n|t:|1782899272\n|move|p1a: Clawitzer|Ice Beam|p2a: Appletun\n|-supereffective|p2a: Appletun\n|-damage|p2a: Appletun|112/352\n|move|p2a: Appletun|Apple Acid|p1a: Clawitzer\n|-supereffective|p1a: Clawitzer\n|-damage|p1a: Clawitzer|0 fnt\n|faint|p1a: Clawitzer\n|\n|-heal|p2a: Appletun|134/352|[from] item: Leftovers\n|upkeep\n|\n|t:|1782899283\n|switch|p1a: Tauros|Tauros-Paldea-Combat, L82, M|257/257\n|-ability|p1a: Tauros|Intimidate|boost\n|-unboost|p2a: Appletun|atk|1\n|turn|8\n|\n|t:|1782899286\n|switch|p2a: Meowstic|Meowstic, L89, M|277/277\n|move|p1a: Tauros|Close Combat|p2a: Meowstic\n|-resisted|p2a: Meowstic\n|-damage|p2a: Meowstic|181/277\n|-unboost|p1a: Tauros|def|1\n|-unboost|p1a: Tauros|spd|1\n|\n|-heal|p2a: Meowstic|198/277|[from] item: Leftovers\n|upkeep\n|turn|9\n|\n|t:|1782899291\n|switch|p1a: Iron Crown|Iron Crown, L78|268/268\n|move|p2a: Meowstic|Yawn|p1a: Iron Crown\n|-start|p1a: Iron Crown|move: Yawn|[of] p2a: Meowstic\n|\n|-heal|p2a: Meowstic|215/277|[from] item: Leftovers\n|upkeep\n|turn|10\n|\n|t:|1782899293\n|move|p2a: Meowstic|Thunder Wave|p1a: Iron Crown\n|-status|p1a: Iron Crown|par\n|cant|p1a: Iron Crown|par\n|\n|-heal|p2a: Meowstic|232/277|[from] item: Leftovers\n|-end|p1a: Iron Crown|move: Yawn|[silent]\n|upkeep\n|turn|11\n|\n|t:|1782899302\n|switch|p2a: Garganacl|Garganacl, L80, M|291/291\n|cant|p1a: Iron Crown|par\n|\n|upkeep\n|turn|12\n|\n|t:|1782899307\n|move|p2a: Garganacl|Salt Cure|p1a: Iron Crown\n|-resisted|p1a: Iron Crown\n|-damage|p1a: Iron Crown|248/268 par\n|-start|p1a: Iron Crown|Salt Cure\n|move|p1a: Iron Crown|Tachyon Cutter|p2a: Garganacl\n|-supereffective|p2a: Garganacl\n|-damage|p2a: Garganacl|109/291\n|-supereffective|p2a: Garganacl\n|-damage|p2a: Garganacl|0 fnt\n|faint|p2a: Garganacl\n|-hitcount|p2: Garganacl|2\n|\n|-damage|p1a: Iron Crown|181/268 par|[from] Salt Cure\n|upkeep\n|\n|t:|1782899310\n|switch|p2a: Basculin|Basculin-Blue-Striped, L86, F|158/261\n|turn|13\n|\n|t:|1782899315\n|-end|p1a: Iron Crown|Quark Drive|[silent]\n|switch|p1a: Tauros|Tauros-Paldea-Combat, L82, M|257/257\n|-ability|p1a: Tauros|Intimidate|boost\n|-unboost|p2a: Basculin|atk|1\n|move|p2a: Basculin|Flip Turn|p1a: Tauros\n|-damage|p1a: Tauros|181/257\n|\n|t:|1782899321\n|switch|p2a: Meowstic|Meowstic, L89, M|232/277|[from] Flip Turn\n|\n|-heal|p2a: Meowstic|249/277|[from] item: Leftovers\n|upkeep\n|turn|14\n|\n|t:|1782899325\n|switch|p1a: Iron Crown|Iron Crown, L78|181/268 par\n|move|p2a: Meowstic|Thunder Wave|p1a: Iron Crown\n|-fail|p1a: Iron Crown|par\n|\n|-heal|p2a: Meowstic|266/277|[from] item: Leftovers\n|upkeep\n|turn|15\n|\n|t:|1782899330\n|switch|p2a: Basculin|Basculin-Blue-Striped, L86, F|158/261\n|move|p1a: Iron Crown|Psyshock|p2a: Basculin\n|-damage|p2a: Basculin|7/261\n|\n|upkeep\n|turn|16\n|\n|t:|1782899334\n|move|p2a: Basculin|Flip Turn|p1a: Iron Crown\n|-damage|p1a: Iron Crown|63/268 par\n|\n|t:|1782899336\n|switch|p2a: Luxray|Luxray, L88, F|284/284|[from] Flip Turn\n|-ability|p2a: Luxray|Intimidate|boost\n|-unboost|p1a: Iron Crown|atk|1\n|move|p1a: Iron Crown|Psyshock|p2a: Luxray\n|-crit|p2a: Luxray\n|-damage|p2a: Luxray|82/284\n|\n|upkeep\n|turn|17\n|\n|t:|1782899339\n|move|p2a: Luxray|Wild Charge|p1a: Iron Crown\n|-damage|p1a: Iron Crown|0 fnt\n|faint|p1a: Iron Crown\n|-end|p1a: Iron Crown|Quark Drive|[silent]\n|-damage|p2a: Luxray|66/284|[from] Recoil\n|\n|upkeep\n|\n|t:|1782899356\n|switch|p1a: Tauros|Tauros-Paldea-Combat, L82, M|181/257\n|-ability|p1a: Tauros|Intimidate|boost\n|-unboost|p2a: Luxray|atk|1\n|turn|18\n|\n|t:|1782899360\n|switch|p2a: Meowstic|Meowstic, L89, M|266/277\n|move|p1a: Tauros|Earthquake|p2a: Meowstic\n|-damage|p2a: Meowstic|152/277\n|\n|-heal|p2a: Meowstic|169/277|[from] item: Leftovers\n|upkeep\n|turn|19\n|\n|t:|1782899363\n|move|p2a: Meowstic|Thunder Wave|p1a: Tauros\n|-status|p1a: Tauros|par\n|cant|p1a: Tauros|par\n|\n|-heal|p2a: Meowstic|186/277|[from] item: Leftovers\n|upkeep\n|turn|20\n|\n|t:|1782899366\n|move|p2a: Meowstic|Psychic Noise|p1a: Tauros\n|-supereffective|p1a: Tauros\n|-damage|p1a: Tauros|0 fnt\n|faint|p1a: Tauros\n|\n|-heal|p2a: Meowstic|203/277|[from] item: Leftovers\n|upkeep\n|\n|t:|1782899372\n|switch|p1a: Regieleki|Regieleki, L79|256/256\n|turn|21\n|\n|t:|1782899376\n|move|p2a: Meowstic|Yawn|p1a: Regieleki\n|-start|p1a: Regieleki|move: Yawn|[of] p2a: Meowstic\n|move|p1a: Regieleki|Thunderbolt|p2a: Meowstic\n|-damage|p2a: Meowstic|70/277\n|\n|-heal|p2a: Meowstic|87/277|[from] item: Leftovers\n|upkeep\n|turn|22\n|\n|t:|1782899381\n|switch|p2a: Appletun|Appletun, L92, F|134/352\n|move|p1a: Regieleki|Volt Switch|p2a: Appletun\n|-resisted|p2a: Appletun\n|-damage|p2a: Appletun|109/352\n|\n|t:|1782899383\n|switch|p1a: Ogerpon|Ogerpon-Hearthflame, L74, F|213/239|[from] Volt Switch\n|-ability|p1a: Ogerpon|Mold Breaker\n|\n|-heal|p2a: Appletun|131/352|[from] item: Leftovers\n|upkeep\n|turn|23\n|\n|t:|1782899391\n|move|p1a: Ogerpon|Swords Dance|p1a: Ogerpon\n|-boost|p1a: Ogerpon|atk|2\n|move|p2a: Appletun|Recover|p2a: Appletun\n|-heal|p2a: Appletun|307/352\n|\n|-heal|p2a: Appletun|329/352|[from] item: Leftovers\n|upkeep\n|turn|24\n|\n|t:|1782899398\n|switch|p2a: Meowstic|Meowstic, L89, M|87/277\n|-terastallize|p1a: Ogerpon|Fire\n|detailschange|p1a: Ogerpon|Ogerpon-Hearthflame-Tera, L74, F, tera:Fire\n|-ability|p1a: Ogerpon|Embody Aspect (Hearthflame)|boost\n|-boost|p1a: Ogerpon|atk|1\n|move|p1a: Ogerpon|Ivy Cudgel|p2a: Meowstic|[anim] Ivy Cudgel Fire\n|-damage|p2a: Meowstic|0 fnt\n|faint|p2a: Meowstic\n|\n|upkeep\n|\n|t:|1782899403\n|switch|p2a: Basculin|Basculin-Blue-Striped, L86, F|7/261\n|turn|25\n|\n|t:|1782899408\n|switch|p1a: Regieleki|Regieleki, L79|256/256\n|move|p2a: Basculin|Aqua Jet|p1a: Regieleki\n|-damage|p1a: Regieleki|120/256\n|\n|upkeep\n|turn|26\n|\n|t:|1782899414\n|switch|p2a: Appletun|Appletun, L92, F|329/352\n|move|p1a: Regieleki|Volt Switch|p2a: Appletun\n|-resisted|p2a: Appletun\n|-damage|p2a: Appletun|302/352\n|\n|t:|1782899416\n|switch|p1a: Ogerpon|Ogerpon-Hearthflame-Tera, L74, F, tera:Fire|213/239|[from] Volt Switch\n|-ability|p1a: Ogerpon|Embody Aspect (Hearthflame)|boost\n|-boost|p1a: Ogerpon|atk|1\n|\n|-heal|p2a: Appletun|324/352|[from] item: Leftovers\n|upkeep\n|turn|27\n|\n|t:|1782899421\n|move|p1a: Ogerpon|Swords Dance|p1a: Ogerpon\n|-boost|p1a: Ogerpon|atk|2\n|move|p2a: Appletun|Dragon Pulse|p1a: Ogerpon\n|-damage|p1a: Ogerpon|102/239\n|\n|-heal|p2a: Appletun|346/352|[from] item: Leftovers\n|upkeep\n|turn|28\n|\n|t:|1782899424\n|move|p1a: Ogerpon|Ivy Cudgel|p2a: Appletun|[anim] Ivy Cudgel Fire\n|-damage|p2a: Appletun|154/352\n|move|p2a: Appletun|Dragon Pulse|p1a: Ogerpon\n|-damage|p1a: Ogerpon|0 fnt\n|faint|p1a: Ogerpon\n|detailschange|p1: Ogerpon|Ogerpon-Hearthflame, L74, F|[silent]\n|\n|-heal|p2a: Appletun|176/352|[from] item: Leftovers\n|upkeep\n|\n|t:|1782899429\n|switch|p1a: Regieleki|Regieleki, L79|120/256\n|turn|29\n|\n|t:|1782899431\n|move|p1a: Regieleki|Explosion|p2a: Appletun\n|-damage|p2a: Appletun|29/352\n|faint|p1a: Regieleki\n|\n|win|jnpr010334\n|raw|coalchief's rating: 1702 &rarr; <strong>1678</strong><br />(-24 for losing)\n|raw|jnpr010334's rating: 1638 &rarr; <strong>1662</strong><br />(+24 for winning)\n", "inputlog": ">version f8ac14003a5f27e1bdc8d8c59608a773c1cb96e5\n>start {\"formatid\":\"gen9randombattle\",\"seed\":\"sodium,60d06c5058b05f170d85aeba7beed118\",\"rated\":\"Rated battle\"}\n>player p1 {\"name\":\"coalchief\",\"avatar\":\"hiker-gen4\",\"rating\":1702,\"seed\":\"sodium,3afa82ffd7dd49a2ccf7c1a473ce5184\"}\n>player p2 {\"name\":\"jnpr010334\",\"avatar\":\"265\",\"rating\":1696,\"seed\":\"sodium,871c1c579d3f0441ecaedef762488299\"}\n>p1 move powerwhip\n>p2 move toxic\n>p2 switch 6\n>p1 switch 5\n>p2 move wavecrash\n>p1 move closecombat\n>p2 move wavecrash\n>p1 switch 3\n>p1 move voltswitch\n>p2 switch 2\n>p1 switch 4\n>p1 switch 5\n>p2 move appleacid\n>chat \u2606coalchief|crap misclicked\n>p1 switch 5\n>p2 move dragonpulse\n>p1 move icebeam\n>p2 move appleacid\n>p1 switch 6\n>p1 move closecombat\n>p2 switch 4\n>p1 switch 2\n>p2 move yawn\n>p1 move voltswitch\n>p2 move thunderwave\n>p1 move tachyoncutter\n>p2 switch 5\n>p1 move tachyoncutter\n>p2 move saltcure\n>p2 switch 2\n>p1 switch 2\n>p2 move flipturn\n>p2 switch 5\n>p1 switch 2\n>p2 move thunderwave\n>p1 move psyshock\n>p2 switch 5\n>p1 move psyshock\n>p2 move flipturn\n>p2 switch 3\n>p1 move psyshock\n>p2 move wildcharge\n>p1 switch 2\n>p1 move earthquake\n>p2 switch 5\n>p1 move earthquake\n>p2 move thunderwave\n>p1 move earthquake\n>p2 move psychicnoise\n>p1 switch 4\n>p1 move thunderbolt\n>p2 move yawn\n>p1 move voltswitch\n>p2 switch 4\n>p1 switch 5\n>p1 move swordsdance\n>p2 move recover\n>p1 move ivycudgel terastallize\n>p2 switch 4\n>p2 switch 3\n>p1 switch 5\n>p2 move aquajet\n>p1 move voltswitch\n>p2 switch 4\n>p1 switch 5\n>p1 move swordsdance\n>p2 move dragonpulse\n>p1 move ivycudgel\n>p2 move dragonpulse\n>p1 switch 5\n>p1 move explosion\n>p2 move recover", "uploadtime": 1782899432, "views": 2, "formatid": "gen9randombattle", "rating": 1662, "private": 0, "password": null, "player_dets": [{"name": "coalchief", "avatar": "hiker-gen4", "rating": 1702, "seed": "sodium,3afa82ffd7dd49a2ccf7c1a473ce5184"}, {"name": "jnpr010334", "avatar": "265", "rating": 1696, "seed": "sodium,871c1c579d3f0441ecaedef762488299"}], "teams_full": [{"Ogerpon": {"name": "Ogerpon", "species": "Ogerpon-Hearthflame", "speciesId": "ogerponhearthflame", "gender": "F", "shiny": false, "level": 74, "moves": ["stompingtantrum", "powerwhip", "swordsdance", "ivycudgel"], "ability": "Mold Breaker", "evs": {"hp": 77, "atk": 85, "def": 85, "spa": 85, "spd": 85, "spe": 85}, "ivs": {"hp": 31, "atk": 31, "def": 31, "spa": 31, "spd": 31, "spe": 31}, "item": "Hearthflame Mask", "teraType": "Fire", "role": "Setup Sweeper", "bvs": {"hp": 80, "atk": 120, "def": 84, "spa": 60, "spd": 96, "spe": 110}, "stats": {"hp": 239, "atk": 221, "def": 167, "spa": 132, "spd": 185, "spe": 206}, "types": ["Grass", "Fire"]}, "Iron Crown": {"name": "Iron Crown", "species": "Iron Crown", "speciesId": "ironcrown", "gender": "N", "shiny": false, "level": 78, "moves": ["psyshock", "voltswitch", "focusblast", "tachyoncutter"], "ability": "Quark Drive", "evs": {"hp": 85, "atk": 0, "def": 85, "spa": 85, "spd": 85, "spe": 85}, "ivs": {"hp": 31, "atk": 0, "def": 31, "spa": 31, "spd": 31, "spe": 31}, "item": "Choice Specs", "teraType": "Steel", "role": "Wallbreaker", "bvs": {"hp": 90, "atk": 72, "def": 100, "spa": 122, "spd": 108, "spe": 98}, "stats": {"hp": 268, "atk": 117, "def": 201, "spa": 235, "spd": 214, "spe": 198}, "types": ["Steel", "Psychic"]}, "Regieleki": {"name": "Regieleki", "species": "Regieleki", "speciesId": "regieleki", "gender": "N", "shiny": false, "level": 79, "moves": ["explosion", "rapidspin", "thunderbolt", "voltswitch"], "ability": "Transistor", "evs": {"hp": 85, "atk": 85, "def": 85, "spa": 85, "spd": 85, "spe": 85}, "ivs": {"hp": 31, "atk": 31, "def": 31, "spa": 31, "spd": 31, "spe": 31}, "item": "Magnet", "teraType": "Electric", "role": "Fast Support", "bvs": {"hp": 80, "atk": 100, "def": 50, "spa": 100, "spd": 50, "spe": 200}, "stats": {"hp": 256, "atk": 204, "def": 125, "spa": 204, "spd": 125, "spe": 362}, "types": ["Electric"]}, "Clawitzer": {"name": "Clawitzer", "species": "Clawitzer", "speciesId": "clawitzer", "gender": "M", "shiny": false, "level": 87, "moves": ["waterpulse", "aurasphere", "icebeam", "uturn"], "ability": "Mega Launcher", "evs": {"hp": 85, "atk": 85, "def": 85, "spa": 85, "spd": 85, "spe": 85}, "ivs": {"hp": 31, "atk": 31, "def": 31, "spa": 31, "spd": 31, "spe": 31}, "item": "Choice Specs", "teraType": "Fighting", "role": "Wallbreaker", "bvs": {"hp": 71, "atk": 73, "def": 88, "spa": 120, "spd": 89, "spe": 59}, "stats": {"hp": 265, "atk": 177, "def": 203, "spa": 259, "spd": 205, "spe": 152}, "types": ["Water"]}, "Glastrier": {"name": "Glastrier", "species": "Glastrier", "speciesId": "glastrier", "gender": "N", "shiny": false, "level": 86, "moves": ["swordsdance", "closecombat", "iciclecrash", "highhorsepower"], "ability": "Chilling Neigh", "evs": {"hp": 85, "atk": 85, "def": 85, "spa": 85, "spd": 85, "spe": 85}, "ivs": {"hp": 31, "atk": 31, "def": 31, "spa": 31, "spd": 31, "spe": 31}, "item": "Heavy-Duty Boots", "teraType": "Fighting", "role": "Bulky Attacker", "bvs": {"hp": 100, "atk": 145, "def": 130, "spa": 65, "spd": 110, "spe": 30}, "stats": {"hp": 312, "atk": 299, "def": 273, "spa": 161, "spd": 238, "spe": 101}, "types": ["Ice"]}, "Tauros": {"name": "Tauros", "species": "Tauros-Paldea-Combat", "speciesId": "taurospaldeacombat", "gender": "M", "shiny": false, "level": 82, "moves": ["throatchop", "stoneedge", "closecombat", "earthquake"], "ability": "Intimidate", "evs": {"hp": 85, "atk": 85, "def": 85, "spa": 85, "spd": 85, "spe": 85}, "ivs": {"hp": 31, "atk": 31, "def": 31, "spa": 31, "spd": 31, "spe": 31}, "item": "Choice Band", "teraType": "Dark", "role": "Wallbreaker", "bvs": {"hp": 75, "atk": 110, "def": 105, "spa": 30, "spd": 70, "spe": 100}, "stats": {"hp": 257, "atk": 228, "def": 219, "spa": 96, "spd": 162, "spe": 211}, "types": ["Fighting"]}}, {"Quagsire": {"name": "Quagsire", "species": "Quagsire", "speciesId": "quagsire", "gender": "F", "shiny": false, "level": 84, "moves": ["recover", "icebeam", "toxic", "earthquake"], "ability": "Unaware", "evs": {"hp": 85, "atk": 85, "def": 85, "spa": 85, "spd": 85, "spe": 85}, "ivs": {"hp": 31, "atk": 31, "def": 31, "spa": 31, "spd": 31, "spe": 31}, "item": "Leftovers", "teraType": "Steel", "role": "Bulky Support", "bvs": {"hp": 95, "atk": 85, "def": 85, "spa": 65, "spd": 65, "spe": 35}, "stats": {"hp": 297, "atk": 191, "def": 191, "spa": 157, "spd": 157, "spe": 107}, "types": ["Water", "Ground"]}, "Appletun": {"name": "Appletun", "species": "Appletun", "speciesId": "appletun", "gender": "F", "shiny": false, "level": 92, "moves": ["leechseed", "appleacid", "recover", "dragonpulse"], "ability": "Thick Fat", "evs": {"hp": 85, "atk": 0, "def": 85, "spa": 85, "spd": 85, "spe": 85}, "ivs": {"hp": 31, "atk": 0, "def": 31, "spa": 31, "spd": 31, "spe": 31}, "item": "Leftovers", "teraType": "Steel", "role": "Bulky Attacker", "bvs": {"hp": 110, "atk": 85, "def": 80, "spa": 100, "spd": 80, "spe": 30}, "stats": {"hp": 352, "atk": 161, "def": 200, "spa": 236, "spd": 200, "spe": 108}, "types": ["Grass", "Dragon"]}, "Luxray": {"name": "Luxray", "species": "Luxray", "speciesId": "luxray", "gender": "F", "shiny": false, "level": 88, "moves": ["wildcharge", "playrough", "voltswitch", "icefang"], "ability": "Intimidate", "evs": {"hp": 85, "atk": 85, "def": 85, "spa": 85, "spd": 85, "spe": 85}, "ivs": {"hp": 31, "atk": 31, "def": 31, "spa": 31, "spd": 31, "spe": 31}, "item": "Assault Vest", "teraType": "Fairy", "role": "AV Pivot", "bvs": {"hp": 80, "atk": 120, "def": 79, "spa": 95, "spd": 79, "spe": 70}, "stats": {"hp": 284, "atk": 261, "def": 189, "spa": 217, "spd": 189, "spe": 173}, "types": ["Electric"]}, "Meowstic": {"name": "Meowstic", "species": "Meowstic", "speciesId": "meowstic", "gender": "M", "shiny": false, "level": 89, "moves": ["yawn", "psychicnoise", "thunderwave", "alluringvoice"], "ability": "Prankster", "evs": {"hp": 85, "atk": 0, "def": 85, "spa": 85, "spd": 85, "spe": 85}, "ivs": {"hp": 31, "atk": 0, "def": 31, "spa": 31, "spd": 31, "spe": 31}, "item": "Leftovers", "teraType": "Fairy", "role": "Bulky Support", "bvs": {"hp": 74, "atk": 48, "def": 76, "spa": 83, "spd": 81, "spe": 104}, "stats": {"hp": 277, "atk": 90, "def": 186, "spa": 199, "spd": 195, "spe": 236}, "types": ["Psychic"]}, "Garganacl": {"name": "Garganacl", "species": "Garganacl", "speciesId": "garganacl", "gender": "M", "shiny": false, "level": 80, "moves": ["recover", "protect", "stealthrock", "saltcure"], "ability": "Purifying Salt", "evs": {"hp": 85, "atk": 85, "def": 85, "spa": 85, "spd": 85, "spe": 85}, "ivs": {"hp": 31, "atk": 31, "def": 31, "spa": 31, "spd": 31, "spe": 31}, "item": "Leftovers", "teraType": "Dragon", "role": "Bulky Support", "bvs": {"hp": 100, "atk": 100, "def": 130, "spa": 45, "spd": 90, "spe": 35}, "stats": {"hp": 291, "atk": 206, "def": 254, "spa": 118, "spd": 190, "spe": 102}, "types": ["Rock"]}, "Basculin": {"name": "Basculin", "species": "Basculin-Blue-Striped", "speciesId": "basculin", "gender": "F", "shiny": false, "level": 86, "moves": ["aquajet", "doubleedge", "wavecrash", "flipturn"], "ability": "Adaptability", "evs": {"hp": 85, "atk": 85, "def": 85, "spa": 85, "spd": 85, "spe": 85}, "ivs": {"hp": 31, "atk": 31, "def": 31, "spa": 31, "spd": 31, "spe": 31}, "item": "Choice Band", "teraType": "Water", "role": "Wallbreaker", "bvs": {"hp": 70, "atk": 92, "def": 65, "spa": 80, "spd": 55, "spe": 98}, "stats": {"hp": 261, "atk": 207, "def": 161, "spa": 187, "spd": 144, "spe": 218}, "types": ["Water"]}}]}