{"id": "gen9randombattle-2641789477", "format": "[Gen 9] Random Battle", "players": ["Thorys", "Elpapi18"], "log": "|j|\u2606Thorys\n|j|\u2606Elpapi18\n|t:|1782842142\n|gametype|singles\n|player|p1|Thorys|policeman-gen4|2070\n|player|p2|Elpapi18|266|2087\n|gen|9\n|tier|[Gen 9] Random Battle\n|rated|\n|rule|Species Clause: Limit one of each Pok\u00e9mon\n|rule|HP Percentage Mod: HP is shown in percentages\n|rule|Sleep Clause Mod: Limit one foe put to sleep\n|rule|Illusion Level Mod: Illusion disguises the Pok\u00e9mon's true level\n|\n|t:|1782842142\n|teamsize|p1|6\n|teamsize|p2|6\n|start\n|switch|p1a: Hoopa|Hoopa-Unbound, L80|259/259\n|switch|p2a: Jirachi|Jirachi, L80|291/291\n|turn|1\n|inactive|Battle timer is ON: inactive players will automatically lose when time's up. (requested by Thorys)\n|j| GG SIMPSON\n|l| GG SIMPSON\n|inactive|Thorys has 120 seconds left.\n|\n|t:|1782842182\n|switch|p1a: Oinkologne|Oinkologne-F, L92, F|361/361\n|switch|p2a: Azumarill|Azumarill, L82, F|298/298\n|\n|upkeep\n|turn|2\n|\n|t:|1782842205\n|move|p1a: Oinkologne|Curse|p1a: Oinkologne\n|-unboost|p1a: Oinkologne|spe|1\n|-boost|p1a: Oinkologne|atk|1\n|-boost|p1a: Oinkologne|def|1\n|move|p2a: Azumarill|Belly Drum|p2a: Azumarill\n|-damage|p2a: Azumarill|149/298\n|-setboost|p2a: Azumarill|atk|6|[from] move: Belly Drum\n|-enditem|p2a: Azumarill|Sitrus Berry|[eat]\n|-heal|p2a: Azumarill|223/298|[from] item: Sitrus Berry\n|\n|upkeep\n|turn|3\n|\n|t:|1782842220\n|move|p2a: Azumarill|Liquidation|p1a: Oinkologne\n|-damage|p1a: Oinkologne|28/361\n|move|p1a: Oinkologne|Body Slam|p2a: Azumarill\n|-damage|p2a: Azumarill|55/298\n|\n|-heal|p1a: Oinkologne|50/361|[from] item: Leftovers\n|upkeep\n|turn|4\n|\n|t:|1782842228\n|move|p2a: Azumarill|Liquidation|p1a: Oinkologne\n|-damage|p1a: Oinkologne|0 fnt\n|faint|p1a: Oinkologne\n|\n|upkeep\n|\n|t:|1782842232\n|switch|p1a: Venusaur|Venusaur, L84, F|272/272\n|turn|5\n|\n|t:|1782842240\n|move|p2a: Azumarill|Aqua Jet|p1a: Venusaur\n|-resisted|p1a: Venusaur\n|-damage|p1a: Venusaur|169/272\n|move|p1a: Venusaur|Sludge Bomb|p2a: Azumarill\n|-supereffective|p2a: Azumarill\n|-crit|p2a: Azumarill\n|-damage|p2a: Azumarill|0 fnt\n|faint|p2a: Azumarill\n|\n|-heal|p1a: Venusaur|186/272|[from] item: Leftovers\n|upkeep\n|\n|t:|1782842247\n|switch|p2a: Volcarona|Volcarona, L77, M|257/257\n|turn|6\n|\n|t:|1782842262\n|move|p2a: Volcarona|Fire Blast|p1a: Venusaur\n|-supereffective|p1a: Venusaur\n|-damage|p1a: Venusaur|0 fnt\n|faint|p1a: Venusaur\n|\n|upkeep\n|inactive|Thorys has 120 seconds left.\n|\n|t:|1782842300\n|switch|p1a: Hawlucha|Hawlucha, L80, M|256/256\n|turn|7\n|\n|t:|1782842323\n|move|p1a: Hawlucha|Swords Dance|p1a: Hawlucha\n|-boost|p1a: Hawlucha|atk|2\n|move|p2a: Volcarona|Fire Blast|p1a: Hawlucha\n|-damage|p1a: Hawlucha|87/256\n|\n|upkeep\n|turn|8\n|\n|t:|1782842330\n|switch|p2a: Jirachi|Jirachi, L80|291/291\n|move|p1a: Hawlucha|Stone Edge|p2a: Jirachi|[miss]\n|-miss|p1a: Hawlucha|p2a: Jirachi\n|\n|upkeep\n|turn|9\n|inactive|Thorys has 90 seconds left.\n|\n|t:|1782842355\n|move|p1a: Hawlucha|Close Combat|p2a: Jirachi\n|-damage|p2a: Jirachi|63/291\n|-unboost|p1a: Hawlucha|def|1\n|-unboost|p1a: Hawlucha|spd|1\n|-enditem|p1a: Hawlucha|White Herb\n|-clearnegativeboost|p1a: Hawlucha|[silent]\n|move|p2a: Jirachi|Iron Head|p1a: Hawlucha\n|-damage|p1a: Hawlucha|0 fnt\n|faint|p1a: Hawlucha\n|\n|-heal|p2a: Jirachi|81/291|[from] item: Leftovers\n|upkeep\n|inactive|Thorys has 90 seconds left.\n|\n|t:|1782842363\n|switch|p1a: Spectrier|Spectrier, L75|274/274\n|turn|10\n|inactive|Thorys has 90 seconds left.\n|\n|t:|1782842378\n|switch|p2a: Rotom|Rotom-Frost, L87|229/229\n|move|p1a: Spectrier|Dark Pulse|p2a: Rotom\n|-damage|p2a: Rotom|159/229\n|-damage|p1a: Spectrier|247/274|[from] item: Life Orb\n|\n|upkeep\n|turn|11\n|inactive|Thorys has 90 seconds left.\n|\n|t:|1782842403\n|switch|p1a: Hoopa|Hoopa-Unbound, L80|259/259\n|move|p2a: Rotom|Thunderbolt|p1a: Hoopa\n|-damage|p1a: Hoopa|169/259\n|\n|upkeep\n|turn|12\n|\n|t:|1782842414\n|move|p1a: Hoopa|Hyperspace Fury|p2a: Rotom\n|-damage|p2a: Rotom|32/229\n|-unboost|p1a: Hoopa|def|1\n|move|p2a: Rotom|Thunderbolt|p1a: Hoopa\n|-damage|p1a: Hoopa|91/259\n|\n|upkeep\n|turn|13\n|\n|t:|1782842426\n|move|p1a: Hoopa|Hyperspace Fury|p2a: Rotom\n|-damage|p2a: Rotom|0 fnt\n|-unboost|p1a: Hoopa|def|1\n|faint|p2a: Rotom\n|\n|upkeep\n|\n|t:|1782842433\n|switch|p2a: Volcarona|Volcarona, L77, M|257/257\n|turn|14\n|\n|t:|1782842441\n|move|p1a: Hoopa|Hyperspace Fury|p2a: Volcarona\n|-damage|p2a: Volcarona|55/257\n|-unboost|p1a: Hoopa|def|1\n|move|p2a: Volcarona|Quiver Dance|p2a: Volcarona\n|-boost|p2a: Volcarona|spa|1\n|-boost|p2a: Volcarona|spd|1\n|-boost|p2a: Volcarona|spe|1\n|\n|upkeep\n|turn|15\n|\n|t:|1782842449\n|move|p2a: Volcarona|Bug Buzz|p1a: Hoopa\n|-supereffective|p1a: Hoopa\n|-damage|p1a: Hoopa|0 fnt\n|faint|p1a: Hoopa\n|\n|upkeep\n|\n|t:|1782842456\n|switch|p1a: Spectrier|Spectrier, L75|247/274\n|turn|16\n|\n|t:|1782842461\n|move|p2a: Volcarona|Morning Sun|p2a: Volcarona\n|-heal|p2a: Volcarona|183/257\n|move|p1a: Spectrier|Shadow Ball|p2a: Volcarona\n|-damage|p2a: Volcarona|96/257\n|-damage|p1a: Spectrier|220/274|[from] item: Life Orb\n|\n|upkeep\n|turn|17\n|inactive|Thorys has 120 seconds left.\n|\n|t:|1782842469\n|move|p2a: Volcarona|Morning Sun|p2a: Volcarona\n|-heal|p2a: Volcarona|224/257\n|move|p1a: Spectrier|Shadow Ball|p2a: Volcarona\n|-damage|p2a: Volcarona|146/257\n|-unboost|p2a: Volcarona|spd|1\n|-damage|p1a: Spectrier|193/274|[from] item: Life Orb\n|\n|upkeep\n|turn|18\n|inactive|Thorys has 120 seconds left.\n|\n|t:|1782842480\n|move|p2a: Volcarona|Quiver Dance|p2a: Volcarona\n|-boost|p2a: Volcarona|spa|1\n|-boost|p2a: Volcarona|spd|1\n|-boost|p2a: Volcarona|spe|1\n|move|p1a: Spectrier|Shadow Ball|p2a: Volcarona\n|-damage|p2a: Volcarona|71/257\n|-unboost|p2a: Volcarona|spd|1\n|-damage|p1a: Spectrier|166/274|[from] item: Life Orb\n|\n|upkeep\n|turn|19\n|\n|t:|1782842484\n|move|p2a: Volcarona|Morning Sun|p2a: Volcarona\n|-heal|p2a: Volcarona|199/257\n|move|p1a: Spectrier|Shadow Ball|p2a: Volcarona\n|-damage|p2a: Volcarona|78/257\n|-damage|p1a: Spectrier|139/274|[from] item: Life Orb\n|\n|upkeep\n|turn|20\n|\n|t:|1782842492\n|move|p2a: Volcarona|Bug Buzz|p1a: Spectrier\n|-resisted|p1a: Spectrier\n|-damage|p1a: Spectrier|0 fnt\n|faint|p1a: Spectrier\n|\n|upkeep\n|-message|Thorys forfeited.\n|\n|win|Elpapi18\n|raw|Thorys's rating: 2070 &rarr; <strong>2051</strong><br />(-19 for losing)\n|raw|Elpapi18's rating: 2087 &rarr; <strong>2106</strong><br />(+19 for winning)\n|l|\u2606Thorys\n|player|p1|\n", "inputlog": ">version f8ac14003a5f27e1bdc8d8c59608a773c1cb96e5\n>start {\"formatid\":\"gen9randombattle\",\"seed\":\"sodium,99d99c63e358be66a70aea24227228b7\",\"rated\":\"Rated battle\"}\n>player p1 {\"name\":\"Thorys\",\"avatar\":\"policeman-gen4\",\"rating\":2070,\"seed\":\"sodium,0021a138a6d6ea810fccd60d9c93504e\"}\n>player p2 {\"name\":\"Elpapi18\",\"avatar\":\"266\",\"rating\":2087,\"seed\":\"sodium,3a55c0fcba4c97501cb520573598a2cd\"}\n>p1 switch 6\n>p2 switch 3\n>p1 move curse\n>p2 move bellydrum\n>p1 move bodyslam\n>p2 move liquidation\n>p1 move bodyslam\n>p2 move liquidation\n>p1 switch 5\n>p1 move sludgebomb\n>p2 move aquajet\n>p2 switch 6\n>p1 move sleeppowder\n>p2 move fireblast\n>p1 switch 2\n>p1 move swordsdance\n>p2 move fireblast\n>p1 move stoneedge\n>p2 switch 3\n>p1 move closecombat\n>p2 move ironhead\n>p1 switch 4\n>p1 move darkpulse\n>p2 switch 4\n>p1 switch 6\n>p2 move thunderbolt\n>p1 move hyperspacefury\n>p2 move thunderbolt\n>p1 move hyperspacefury\n>p2 move thunderbolt\n>p2 switch 3\n>p1 move hyperspacefury\n>p2 move quiverdance\n>p1 move hyperspacefury\n>p2 move bugbuzz\n>p1 switch 6\n>p1 move shadowball\n>p2 move morningsun\n>p1 move shadowball\n>p2 move morningsun\n>p1 move shadowball\n>p2 move quiverdance\n>p1 move shadowball\n>p2 move morningsun\n>p1 move shadowball\n>p2 move bugbuzz\n>forcelose p1", "uploadtime": 1782842496, "views": 7, "formatid": "gen9randombattle", "rating": 2051, "private": 0, "password": null, "player_dets": [{"name": "Thorys", "avatar": "policeman-gen4", "rating": 2070, "seed": "sodium,0021a138a6d6ea810fccd60d9c93504e"}, {"name": "Elpapi18", "avatar": "266", "rating": 2087, "seed": "sodium,3a55c0fcba4c97501cb520573598a2cd"}], "teams_full": [{"Hoopa": {"name": "Hoopa", "species": "Hoopa-Unbound", "speciesId": "hoopaunbound", "gender": "N", "shiny": false, "level": 80, "moves": ["trick", "hyperspacefury", "gunkshot", "psychic"], "ability": "Magician", "evs": {"hp": 85, "atk": 85, "def": 85, "spa": 85, "spd": 85, "spe": 85}, "ivs": {"hp": 31, "atk": 31, "def": 31, "spa": 31, "spd": 31, "spe": 31}, "item": "Choice Scarf", "teraType": "Poison", "role": "Bulky Attacker", "bvs": {"hp": 80, "atk": 160, "def": 60, "spa": 170, "spd": 130, "spe": 80}, "stats": {"hp": 259, "atk": 302, "def": 142, "spa": 318, "spd": 254, "spe": 174}, "types": ["Psychic", "Dark"]}, "Hawlucha": {"name": "Hawlucha", "species": "Hawlucha", "speciesId": "hawlucha", "gender": "M", "shiny": false, "level": 80, "moves": ["closecombat", "swordsdance", "bravebird", "stoneedge"], "ability": "Unburden", "evs": {"hp": 85, "atk": 85, "def": 85, "spa": 85, "spd": 85, "spe": 85}, "ivs": {"hp": 31, "atk": 31, "def": 31, "spa": 31, "spd": 31, "spe": 31}, "item": "White Herb", "teraType": "Flying", "role": "Setup Sweeper", "bvs": {"hp": 78, "atk": 92, "def": 75, "spa": 74, "spd": 63, "spe": 118}, "stats": {"hp": 256, "atk": 193, "def": 166, "spa": 165, "spd": 147, "spe": 235}, "types": ["Fighting", "Flying"]}, "Chimecho": {"name": "Chimecho", "species": "Chimecho", "speciesId": "chimecho", "gender": "F", "shiny": false, "level": 93, "moves": ["storedpower", "dazzlinggleam", "cosmicpower", "recover"], "ability": "Levitate", "evs": {"hp": 85, "atk": 0, "def": 85, "spa": 85, "spd": 85, "spe": 85}, "ivs": {"hp": 31, "atk": 0, "def": 31, "spa": 31, "spd": 31, "spe": 31}, "item": "Leftovers", "teraType": "Steel", "role": "Bulky Attacker", "bvs": {"hp": 75, "atk": 50, "def": 80, "spa": 95, "spd": 90, "spe": 65}, "stats": {"hp": 290, "atk": 98, "def": 202, "spa": 230, "spd": 220, "spe": 174}, "types": ["Psychic"]}, "Spectrier": {"name": "Spectrier", "species": "Spectrier", "speciesId": "spectrier", "gender": "N", "shiny": false, "level": 75, "moves": ["nastyplot", "darkpulse", "willowisp", "shadowball"], "ability": "Grim Neigh", "evs": {"hp": 85, "atk": 0, "def": 85, "spa": 85, "spd": 85, "spe": 85}, "ivs": {"hp": 31, "atk": 0, "def": 31, "spa": 31, "spd": 31, "spe": 31}, "item": "Life Orb", "teraType": "Dark", "role": "Setup Sweeper", "bvs": {"hp": 100, "atk": 65, "def": 60, "spa": 145, "spd": 80, "spe": 130}, "stats": {"hp": 274, "atk": 102, "def": 134, "spa": 261, "spd": 164, "spe": 239}, "types": ["Ghost"]}, "Venusaur": {"name": "Venusaur", "species": "Venusaur", "speciesId": "venusaur", "gender": "F", "shiny": false, "level": 84, "moves": ["leechseed", "sleeppowder", "substitute", "sludgebomb"], "ability": "Chlorophyll", "evs": {"hp": 85, "atk": 0, "def": 85, "spa": 85, "spd": 85, "spe": 85}, "ivs": {"hp": 31, "atk": 0, "def": 31, "spa": 31, "spd": 31, "spe": 31}, "item": "Leftovers", "teraType": "Steel", "role": "Bulky Support", "bvs": {"hp": 80, "atk": 82, "def": 83, "spa": 100, "spd": 100, "spe": 80}, "stats": {"hp": 272, "atk": 142, "def": 188, "spa": 216, "spd": 216, "spe": 183}, "types": ["Grass", "Poison"]}, "Oinkologne": {"name": "Oinkologne", "species": "Oinkologne-F", "speciesId": "oinkolognef", "gender": "F", "shiny": false, "level": 92, "moves": ["sleeptalk", "curse", "rest", "bodyslam"], "ability": "Thick Fat", "evs": {"hp": 85, "atk": 85, "def": 85, "spa": 85, "spd": 85, "spe": 85}, "ivs": {"hp": 31, "atk": 31, "def": 31, "spa": 31, "spd": 31, "spe": 31}, "item": "Leftovers", "teraType": "Poison", "role": "Bulky Support", "bvs": {"hp": 115, "atk": 90, "def": 70, "spa": 59, "spd": 90, "spe": 65}, "stats": {"hp": 361, "atk": 218, "def": 181, "spa": 161, "spd": 218, "spe": 172}, "types": ["Normal"]}}, {"Jirachi": {"name": "Jirachi", "species": "Jirachi", "speciesId": "jirachi", "gender": "N", "shiny": false, "level": 80, "moves": ["bodyslam", "wish", "ironhead", "protect"], "ability": "Serene Grace", "evs": {"hp": 85, "atk": 85, "def": 85, "spa": 85, "spd": 85, "spe": 85}, "ivs": {"hp": 31, "atk": 31, "def": 31, "spa": 31, "spd": 31, "spe": 31}, "item": "Leftovers", "teraType": "Water", "role": "Fast Support", "bvs": {"hp": 100, "atk": 100, "def": 100, "spa": 100, "spd": 100, "spe": 100}, "stats": {"hp": 291, "atk": 206, "def": 206, "spa": 206, "spd": 206, "spe": 206}, "types": ["Steel", "Psychic"]}, "Iron Boulder": {"name": "Iron Boulder", "species": "Iron Boulder", "speciesId": "ironboulder", "gender": "N", "shiny": false, "level": 77, "moves": ["zenheadbutt", "mightycleave", "swordsdance", "closecombat"], "ability": "Quark Drive", "evs": {"hp": 85, "atk": 85, "def": 85, "spa": 85, "spd": 85, "spe": 85}, "ivs": {"hp": 31, "atk": 31, "def": 31, "spa": 31, "spd": 31, "spe": 31}, "item": "Life Orb", "teraType": "Fighting", "role": "Setup Sweeper", "bvs": {"hp": 90, "atk": 120, "def": 80, "spa": 68, "spd": 108, "spe": 124}, "stats": {"hp": 265, "atk": 229, "def": 168, "spa": 149, "spd": 211, "spe": 236}, "types": ["Rock", "Psychic"]}, "Azumarill": {"name": "Azumarill", "species": "Azumarill", "speciesId": "azumarill", "gender": "F", "shiny": false, "level": 82, "moves": ["playrough", "bellydrum", "aquajet", "liquidation"], "ability": "Huge Power", "evs": {"hp": 85, "atk": 85, "def": 85, "spa": 85, "spd": 85, "spe": 85}, "ivs": {"hp": 31, "atk": 31, "def": 31, "spa": 31, "spd": 31, "spe": 31}, "item": "Sitrus Berry", "teraType": "Water", "role": "Bulky Attacker", "bvs": {"hp": 100, "atk": 50, "def": 80, "spa": 60, "spd": 80, "spe": 50}, "stats": {"hp": 298, "atk": 129, "def": 178, "spa": 146, "spd": 178, "spe": 129}, "types": ["Water", "Fairy"]}, "Rotom": {"name": "Rotom", "species": "Rotom-Frost", "speciesId": "rotomfrost", "gender": "N", "shiny": false, "level": 87, "moves": ["blizzard", "thunderbolt", "voltswitch", "willowisp"], "ability": "Levitate", "evs": {"hp": 85, "atk": 0, "def": 85, "spa": 85, "spd": 85, "spe": 85}, "ivs": {"hp": 31, "atk": 0, "def": 31, "spa": 31, "spd": 31, "spe": 31}, "item": "Heavy-Duty Boots", "teraType": "Electric", "role": "Fast Attacker", "bvs": {"hp": 50, "atk": 65, "def": 107, "spa": 105, "spd": 107, "spe": 86}, "stats": {"hp": 229, "atk": 118, "def": 236, "spa": 232, "spd": 236, "spe": 199}, "types": ["Electric", "Ice"]}, "Golduck": {"name": "Golduck", "species": "Golduck", "speciesId": "golduck", "gender": "M", "shiny": false, "level": 90, "moves": ["encore", "hydropump", "nastyplot", "grassknot"], "ability": "Cloud Nine", "evs": {"hp": 85, "atk": 0, "def": 85, "spa": 85, "spd": 85, "spe": 85}, "ivs": {"hp": 31, "atk": 0, "def": 31, "spa": 31, "spd": 31, "spe": 31}, "item": "Leftovers", "teraType": "Water", "role": "Bulky Setup", "bvs": {"hp": 80, "atk": 82, "def": 78, "spa": 95, "spd": 80, "spe": 85}, "stats": {"hp": 290, "atk": 152, "def": 192, "spa": 222, "spd": 195, "spe": 204}, "types": ["Water"]}, "Volcarona": {"name": "Volcarona", "species": "Volcarona", "speciesId": "volcarona", "gender": "M", "shiny": false, "level": 77, "moves": ["quiverdance", "bugbuzz", "morningsun", "fireblast"], "ability": "Swarm", "evs": {"hp": 85, "atk": 0, "def": 85, "spa": 85, "spd": 85, "spe": 85}, "ivs": {"hp": 31, "atk": 0, "def": 31, "spa": 31, "spd": 31, "spe": 31}, "item": "Heavy-Duty Boots", "teraType": "Steel", "role": "Fast Bulky Setup", "bvs": {"hp": 85, "atk": 60, "def": 65, "spa": 135, "spd": 105, "spe": 100}, "stats": {"hp": 257, "atk": 97, "def": 145, "spa": 252, "spd": 206, "spe": 199}, "types": ["Bug", "Fire"]}}]}