{"id": "gen9randombattle-2642167586", "format": "[Gen 9] Random Battle", "players": ["Ylilith", "unajo"], "log": "|j|\u2606Ylilith\n|j|\u2606unajo\n|t:|1782904175\n|gametype|singles\n|player|p1|Ylilith|parasollady|2052\n|player|p2|unajo|169|2098\n|gen|9\n|tier|[Gen 9] Random Battle\n|rated|\n|rule|Species Clause: Limit one of each Pok\u00e9mon\n|rule|HP Percentage Mod: HP is shown in percentages\n|rule|Sleep Clause Mod: Limit one foe put to sleep\n|rule|Illusion Level Mod: Illusion disguises the Pok\u00e9mon's true level\n|\n|t:|1782904175\n|teamsize|p1|6\n|teamsize|p2|6\n|start\n|switch|p1a: Hippowdon|Hippowdon, L82, F|311/311\n|switch|p2a: Klefki|Klefki, L84, M|233/233\n|-weather|Sandstorm|[from] ability: Sand Stream|[of] p1a: Hippowdon\n|turn|1\n|inactive|Battle timer is ON: inactive players will automatically lose when time's up. (requested by Ylilith)\n|\n|t:|1782904198\n|switch|p2a: Dewgong|Dewgong, L94, M|322/322\n|move|p1a: Hippowdon|Stealth Rock|p2a: Dewgong\n|-sidestart|p2: unajo|move: Stealth Rock\n|\n|-weather|Sandstorm|[upkeep]\n|-damage|p2a: Dewgong|302/322|[from] Sandstorm\n|upkeep\n|turn|2\n|\n|t:|1782904214\n|switch|p1a: Seviper|Seviper, L93, F|287/287\n|move|p2a: Dewgong|Knock Off|p1a: Seviper\n|-damage|p1a: Seviper|209/287\n|-enditem|p1a: Seviper|Life Orb|[from] move: Knock Off|[of] p2a: Dewgong\n|\n|-weather|Sandstorm|[upkeep]\n|-damage|p2a: Dewgong|282/322|[from] Sandstorm\n|-damage|p1a: Seviper|192/287|[from] Sandstorm\n|upkeep\n|turn|3\n|\n|t:|1782904235\n|move|p2a: Dewgong|Flip Turn|p1a: Seviper\n|-damage|p1a: Seviper|117/287\n|\n|t:|1782904245\n|switch|p2a: Volbeat|Volbeat, L90, M|263/263|[from] Flip Turn\n|move|p1a: Seviper|Giga Drain|p2a: Volbeat\n|-resisted|p2a: Volbeat\n|-damage|p2a: Volbeat|232/263\n|-heal|p1a: Seviper|133/287|[from] drain|[of] p2a: Volbeat\n|\n|-weather|Sandstorm|[upkeep]\n|-damage|p2a: Volbeat|216/263|[from] Sandstorm\n|-damage|p1a: Seviper|116/287|[from] Sandstorm\n|upkeep\n|turn|4\n|\n|t:|1782904254\n|move|p2a: Volbeat|Lunge|p1a: Seviper\n|-resisted|p1a: Seviper\n|-crit|p1a: Seviper\n|-damage|p1a: Seviper|47/287\n|-unboost|p1a: Seviper|atk|1\n|move|p1a: Seviper|Flamethrower|p2a: Volbeat\n|-supereffective|p2a: Volbeat\n|-damage|p2a: Volbeat|60/263\n|\n|-weather|Sandstorm|[upkeep]\n|-damage|p2a: Volbeat|44/263|[from] Sandstorm\n|-damage|p1a: Seviper|30/287|[from] Sandstorm\n|upkeep\n|turn|5\n|\n|t:|1782904263\n|move|p2a: Volbeat|Lunge|p1a: Seviper\n|-resisted|p1a: Seviper\n|-damage|p1a: Seviper|0 fnt\n|faint|p1a: Seviper\n|\n|-weather|none\n|upkeep\n|\n|t:|1782904283\n|switch|p1a: Dudunsparce|Dudunsparce, L83, M|343/343\n|turn|6\n|\n|t:|1782904289\n|move|p2a: Volbeat|Thunder Wave|p1a: Dudunsparce\n|-status|p1a: Dudunsparce|par\n|cant|p1a: Dudunsparce|par\n|\n|upkeep\n|turn|7\n|\n|t:|1782904292\n|move|p2a: Volbeat|Roost|p2a: Volbeat\n|-heal|p2a: Volbeat|176/263\n|-singleturn|p2a: Volbeat|move: Roost\n|move|p1a: Dudunsparce|Boomburst|p2a: Volbeat\n|-damage|p2a: Volbeat|49/263\n|\n|upkeep\n|turn|8\n|\n|t:|1782904298\n|move|p2a: Volbeat|Roost|p2a: Volbeat\n|-heal|p2a: Volbeat|181/263\n|-singleturn|p2a: Volbeat|move: Roost\n|move|p1a: Dudunsparce|Boomburst|p2a: Volbeat\n|-damage|p2a: Volbeat|46/263\n|\n|upkeep\n|turn|9\n|\n|t:|1782904300\n|move|p2a: Volbeat|Roost|p2a: Volbeat\n|-heal|p2a: Volbeat|178/263\n|-singleturn|p2a: Volbeat|move: Roost\n|move|p1a: Dudunsparce|Boomburst|p2a: Volbeat\n|-damage|p2a: Volbeat|46/263\n|\n|upkeep\n|turn|10\n|\n|t:|1782904303\n|move|p2a: Volbeat|Roost|p2a: Volbeat\n|-heal|p2a: Volbeat|178/263\n|-singleturn|p2a: Volbeat|move: Roost\n|move|p1a: Dudunsparce|Boomburst|p2a: Volbeat\n|-damage|p2a: Volbeat|60/263\n|\n|upkeep\n|turn|11\n|\n|t:|1782904305\n|move|p2a: Volbeat|Roost|p2a: Volbeat\n|-heal|p2a: Volbeat|192/263\n|-singleturn|p2a: Volbeat|move: Roost\n|cant|p1a: Dudunsparce|par\n|\n|upkeep\n|turn|12\n|\n|t:|1782904311\n|switch|p2a: Klefki|Klefki, L84, M|233/233\n|-damage|p2a: Klefki|219/233|[from] Stealth Rock\n|cant|p1a: Dudunsparce|par\n|\n|-heal|p2a: Klefki|233/233|[from] item: Leftovers\n|upkeep\n|turn|13\n|\n|t:|1782904318\n|switch|p1a: Hippowdon|Hippowdon, L82, F|311/311\n|-weather|Sandstorm|[from] ability: Sand Stream|[of] p1a: Hippowdon\n|move|p2a: Klefki|Spikes|p1a: Hippowdon\n|-sidestart|p1: Ylilith|Spikes\n|\n|-weather|Sandstorm|[upkeep]\n|upkeep\n|turn|14\n|\n|t:|1782904327\n|move|p2a: Klefki|Spikes|p1a: Hippowdon\n|-sidestart|p1: Ylilith|Spikes\n|move|p1a: Hippowdon|Earthquake|p2a: Klefki\n|-supereffective|p2a: Klefki\n|-damage|p2a: Klefki|27/233\n|\n|-weather|Sandstorm|[upkeep]\n|-heal|p2a: Klefki|41/233|[from] item: Leftovers\n|upkeep\n|turn|15\n|\n|t:|1782904338\n|move|p2a: Klefki|Spikes|p1a: Hippowdon\n|-sidestart|p1: Ylilith|Spikes\n|move|p1a: Hippowdon|Whirlwind|p2a: Klefki\n|drag|p2a: Volbeat|Volbeat, L90, M|192/263\n|\n|-weather|Sandstorm|[upkeep]\n|-damage|p2a: Volbeat|176/263|[from] Sandstorm\n|upkeep\n|turn|16\n|\n|t:|1782904345\n|move|p2a: Volbeat|Encore|p1a: Hippowdon\n|-start|p1a: Hippowdon|Encore\n|move|p1a: Hippowdon|Whirlwind|p2a: Volbeat\n|drag|p2a: Porygon2|Porygon2, L81|270/270\n|-damage|p2a: Porygon2|237/270|[from] Stealth Rock\n|-ability|p2a: Porygon2|Download|boost\n|-boost|p2a: Porygon2|spa|1\n|\n|-weather|Sandstorm|[upkeep]\n|-damage|p2a: Porygon2|221/270|[from] Sandstorm\n|upkeep\n|turn|17\n|\n|t:|1782904358\n|switch|p1a: Reuniclus|Reuniclus, L88, F|337/337\n|move|p2a: Porygon2|Ice Beam|p1a: Reuniclus\n|-damage|p1a: Reuniclus|247/337\n|\n|-weather|none\n|upkeep\n|turn|18\n|\n|t:|1782904371\n|move|p2a: Porygon2|Tri Attack|p1a: Reuniclus\n|-damage|p1a: Reuniclus|126/337\n|-status|p1a: Reuniclus|par\n|cant|p1a: Reuniclus|par\n|\n|upkeep\n|turn|19\n|\n|t:|1782904374\n|move|p2a: Porygon2|Tri Attack|p1a: Reuniclus\n|-damage|p1a: Reuniclus|6/337 par\n|move|p1a: Reuniclus|Psychic|p2a: Porygon2\n|-damage|p2a: Porygon2|118/270\n|-unboost|p2a: Porygon2|spd|1\n|\n|upkeep\n|turn|20\n|\n|t:|1782904381\n|move|p2a: Porygon2|Tri Attack|p1a: Reuniclus\n|-damage|p1a: Reuniclus|0 fnt\n|faint|p1a: Reuniclus\n|\n|upkeep\n|\n|t:|1782904393\n|switch|p1a: Floatzel|Floatzel, L86, F|286/286\n|-damage|p1a: Floatzel|215/286|[from] Spikes\n|turn|21\n|\n|t:|1782904399\n|switch|p2a: Vileplume|Vileplume, L85, M|266/266\n|-damage|p2a: Vileplume|233/266|[from] Stealth Rock\n|move|p1a: Floatzel|Wave Crash|p2a: Vileplume\n|-resisted|p2a: Vileplume\n|-damage|p2a: Vileplume|130/266\n|-damage|p1a: Floatzel|181/286|[from] Recoil\n|\n|-heal|p2a: Vileplume|146/266|[from] item: Leftovers\n|upkeep\n|turn|22\n|\n|t:|1782904407\n|switch|p1a: Dudunsparce|Dudunsparce, L83, M|343/343 par\n|-damage|p1a: Dudunsparce|258/343 par|[from] Spikes\n|move|p2a: Vileplume|Giga Drain|p1a: Dudunsparce\n|-damage|p1a: Dudunsparce|155/343 par\n|-heal|p2a: Vileplume|198/266|[from] drain|[of] p1a: Dudunsparce\n|\n|-heal|p2a: Vileplume|214/266|[from] item: Leftovers\n|-heal|p1a: Dudunsparce|176/343 par|[from] item: Leftovers\n|upkeep\n|turn|23\n|\n|t:|1782904416\n|move|p2a: Vileplume|Sludge Bomb|p1a: Dudunsparce\n|-damage|p1a: Dudunsparce|61/343 par\n|move|p1a: Dudunsparce|Roost|p1a: Dudunsparce\n|-heal|p1a: Dudunsparce|233/343 par\n|-singleturn|p1a: Dudunsparce|move: Roost\n|\n|-heal|p2a: Vileplume|230/266|[from] item: Leftovers\n|-heal|p1a: Dudunsparce|254/343 par|[from] item: Leftovers\n|upkeep\n|turn|24\n|\n|t:|1782904421\n|move|p2a: Vileplume|Sludge Bomb|p1a: Dudunsparce\n|-damage|p1a: Dudunsparce|122/343 par\n|move|p1a: Dudunsparce|Calm Mind|p1a: Dudunsparce\n|-boost|p1a: Dudunsparce|spa|1\n|-boost|p1a: Dudunsparce|spd|1\n|\n|-heal|p2a: Vileplume|246/266|[from] item: Leftovers\n|-heal|p1a: Dudunsparce|143/343 par|[from] item: Leftovers\n|upkeep\n|turn|25\n|\n|t:|1782904427\n|switch|p2a: Volbeat|Volbeat, L90, M|176/263\n|cant|p1a: Dudunsparce|par\n|\n|-heal|p1a: Dudunsparce|164/343 par|[from] item: Leftovers\n|upkeep\n|turn|26\n|\n|t:|1782904451\n|move|p2a: Volbeat|Encore|p1a: Dudunsparce\n|-start|p1a: Dudunsparce|Encore\n|move|p1a: Dudunsparce|Calm Mind|p1a: Dudunsparce\n|-boost|p1a: Dudunsparce|spa|1\n|-boost|p1a: Dudunsparce|spd|1\n|\n|-heal|p1a: Dudunsparce|185/343 par|[from] item: Leftovers\n|upkeep\n|turn|27\n|\n|t:|1782904463\n|switch|p1a: Hippowdon|Hippowdon, L82, F|311/311\n|-damage|p1a: Hippowdon|234/311|[from] Spikes\n|-weather|Sandstorm|[from] ability: Sand Stream|[of] p1a: Hippowdon\n|move|p2a: Volbeat|Lunge|p1a: Hippowdon\n|-damage|p1a: Hippowdon|174/311\n|-unboost|p1a: Hippowdon|atk|1\n|\n|-weather|Sandstorm|[upkeep]\n|-damage|p2a: Volbeat|160/263|[from] Sandstorm\n|-heal|p1a: Hippowdon|193/311|[from] item: Leftovers\n|upkeep\n|turn|28\n|\n|t:|1782904471\n|move|p2a: Volbeat|Lunge|p1a: Hippowdon\n|-damage|p1a: Hippowdon|132/311\n|-unboost|p1a: Hippowdon|atk|1\n|move|p1a: Hippowdon|Earthquake|p2a: Volbeat\n|-resisted|p2a: Volbeat\n|-damage|p2a: Volbeat|130/263\n|\n|-weather|Sandstorm|[upkeep]\n|-damage|p2a: Volbeat|114/263|[from] Sandstorm\n|-heal|p1a: Hippowdon|151/311|[from] item: Leftovers\n|upkeep\n|turn|29\n|\n|t:|1782904479\n|move|p2a: Volbeat|Lunge|p1a: Hippowdon\n|-damage|p1a: Hippowdon|85/311\n|-unboost|p1a: Hippowdon|atk|1\n|move|p1a: Hippowdon|Slack Off|p1a: Hippowdon\n|-heal|p1a: Hippowdon|241/311\n|\n|-weather|Sandstorm|[upkeep]\n|-damage|p2a: Volbeat|98/263|[from] Sandstorm\n|-heal|p1a: Hippowdon|260/311|[from] item: Leftovers\n|upkeep\n|turn|30\n|\n|t:|1782904490\n|move|p2a: Volbeat|Lunge|p1a: Hippowdon\n|-damage|p1a: Hippowdon|194/311\n|-unboost|p1a: Hippowdon|atk|1\n|move|p1a: Hippowdon|Earthquake|p2a: Volbeat\n|-resisted|p2a: Volbeat\n|-damage|p2a: Volbeat|78/263\n|\n|-weather|Sandstorm|[upkeep]\n|-damage|p2a: Volbeat|62/263|[from] Sandstorm\n|-heal|p1a: Hippowdon|213/311|[from] item: Leftovers\n|upkeep\n|turn|31\n|\n|t:|1782904497\n|move|p2a: Volbeat|Roost|p2a: Volbeat\n|-heal|p2a: Volbeat|194/263\n|-singleturn|p2a: Volbeat|move: Roost\n|move|p1a: Hippowdon|Earthquake|p2a: Volbeat\n|-resisted|p2a: Volbeat\n|-damage|p2a: Volbeat|175/263\n|\n|-weather|none\n|-heal|p1a: Hippowdon|232/311|[from] item: Leftovers\n|upkeep\n|turn|32\n|\n|t:|1782904514\n|switch|p1a: Floatzel|Floatzel, L86, F|181/286\n|-damage|p1a: Floatzel|110/286|[from] Spikes\n|move|p2a: Volbeat|Lunge|p1a: Floatzel\n|-damage|p1a: Floatzel|8/286\n|-unboost|p1a: Floatzel|atk|1\n|\n|upkeep\n|turn|33\n|\n|t:|1782904524\n|move|p2a: Volbeat|Thunder Wave|p1a: Floatzel\n|-status|p1a: Floatzel|par\n|cant|p1a: Floatzel|par\n|\n|upkeep\n|turn|34\n|c|\u2606Ylilith|that volbeat is he luckiest piece of shit\n|c|\u2606Ylilith|gg\n|-message|Ylilith forfeited.\n|\n|win|unajo\n|raw|Ylilith's rating: 2052 &rarr; <strong>2035</strong><br />(-17 for losing)\n|raw|unajo's rating: 2098 &rarr; <strong>2115</strong><br />(+17 for winning)\n", "inputlog": ">version f8ac14003a5f27e1bdc8d8c59608a773c1cb96e5\n>start {\"formatid\":\"gen9randombattle\",\"seed\":\"sodium,4815686ae1a3f54982fa447731628a6f\",\"rated\":\"Rated battle\"}\n>player p1 {\"name\":\"Ylilith\",\"avatar\":\"parasollady\",\"rating\":2052,\"seed\":\"sodium,0f4b5d698079fac6ce8a2274d97a6892\"}\n>player p2 {\"name\":\"unajo\",\"avatar\":\"169\",\"rating\":2098,\"seed\":\"sodium,d77d132c06ae26eaf800b7bae90b175e\"}\n>p1 move stealthrock\n>p2 switch 3\n>p1 switch 4\n>p2 move knockoff\n>p1 move gigadrain\n>p2 move flipturn\n>p2 switch 6\n>p1 move flamethrower\n>p2 move lunge\n>p1 move flamethrower\n>p2 move lunge\n>p1 switch 6\n>p1 move boomburst\n>p2 move thunderwave\n>p1 move boomburst\n>p2 move roost\n>p1 move boomburst\n>p2 move roost\n>p1 move boomburst\n>p2 move roost\n>p1 move boomburst\n>p2 move roost\n>p1 move boomburst\n>p2 move roost\n>p1 move boomburst\n>p2 switch 3\n>p1 switch 4\n>p2 move spikes\n>p1 move earthquake\n>p2 move spikes\n>p1 move whirlwind\n>p2 move spikes\n>p1 move earthquake\n>p2 move encore\n>p1 switch 2\n>p2 move icebeam\n>p1 move psychic\n>p2 move triattack\n>p1 move psychic\n>p2 move triattack\n>p1 move recover\n>p2 move triattack\n>p1 switch 5\n>p1 move wavecrash\n>p2 switch 5\n>p1 switch 4\n>p2 move gigadrain\n>p1 move roost\n>p2 move sludgebomb\n>p1 move calmmind\n>p2 move sludgebomb\n>p1 move roost\n>p2 switch 4\n>p1 move roost\n>p2 move encore\n>p1 switch 2\n>p2 move lunge\n>p1 move earthquake\n>p2 move lunge\n>p1 move slackoff\n>p2 move lunge\n>p1 move earthquake\n>p2 move lunge\n>p1 move earthquake\n>p2 move roost\n>p1 switch 4\n>p2 move lunge\n>p1 move wavecrash\n>p2 move thunderwave\n>chat \u2606Ylilith|that volbeat is he luckiest piece of shit\n>chat \u2606Ylilith|gg\n>forcelose p1", "uploadtime": 1782904537, "views": 2, "formatid": "gen9randombattle", "rating": 2035, "private": 0, "password": null, "player_dets": [{"name": "Ylilith", "avatar": "parasollady", "rating": 2052, "seed": "sodium,0f4b5d698079fac6ce8a2274d97a6892"}, {"name": "unajo", "avatar": "169", "rating": 2098, "seed": "sodium,d77d132c06ae26eaf800b7bae90b175e"}], "teams_full": [{"Hippowdon": {"name": "Hippowdon", "species": "Hippowdon", "speciesId": "hippowdon", "gender": "F", "shiny": false, "level": 82, "moves": ["whirlwind", "stealthrock", "slackoff", "earthquake"], "ability": "Sand Stream", "evs": {"hp": 85, "atk": 85, "def": 85, "spa": 85, "spd": 85, "spe": 85}, "ivs": {"hp": 31, "atk": 31, "def": 31, "spa": 31, "spd": 31, "spe": 31}, "item": "Leftovers", "teraType": "Dragon", "role": "Bulky Support", "bvs": {"hp": 108, "atk": 112, "def": 118, "spa": 68, "spd": 72, "spe": 47}, "stats": {"hp": 311, "atk": 231, "def": 241, "spa": 159, "spd": 165, "spe": 124}, "types": ["Ground"]}, "Reuniclus": {"name": "Reuniclus", "species": "Reuniclus", "speciesId": "reuniclus", "gender": "F", "shiny": false, "level": 88, "moves": ["psychic", "focusblast", "calmmind", "recover"], "ability": "Magic Guard", "evs": {"hp": 85, "atk": 0, "def": 85, "spa": 85, "spd": 85, "spe": 85}, "ivs": {"hp": 31, "atk": 0, "def": 31, "spa": 31, "spd": 31, "spe": 31}, "item": "Life Orb", "teraType": "Fighting", "role": "Bulky Setup", "bvs": {"hp": 110, "atk": 65, "def": 75, "spa": 125, "spd": 85, "spe": 30}, "stats": {"hp": 337, "atk": 119, "def": 182, "spa": 270, "spd": 200, "spe": 103}, "types": ["Psychic"]}, "Koraidon": {"name": "Koraidon", "species": "Koraidon", "speciesId": "koraidon", "gender": "N", "shiny": false, "level": 64, "moves": ["flareblitz", "scaleshot", "collisioncourse", "swordsdance"], "ability": "Orichalcum Pulse", "evs": {"hp": 85, "atk": 85, "def": 85, "spa": 85, "spd": 85, "spe": 85}, "ivs": {"hp": 31, "atk": 31, "def": 31, "spa": 31, "spd": 31, "spe": 31}, "item": "Loaded Dice", "teraType": "Fire", "role": "Setup Sweeper", "bvs": {"hp": 100, "atk": 135, "def": 115, "spa": 85, "spd": 100, "spe": 135}, "stats": {"hp": 235, "atk": 211, "def": 185, "spa": 147, "spd": 166, "spe": 211}, "types": ["Fighting", "Dragon"]}, "Seviper": {"name": "Seviper", "species": "Seviper", "speciesId": "seviper", "gender": "F", "shiny": false, "level": 93, "moves": ["gunkshot", "gigadrain", "flamethrower", "earthquake"], "ability": "Infiltrator", "evs": {"hp": 85, "atk": 85, "def": 85, "spa": 85, "spd": 85, "spe": 85}, "ivs": {"hp": 31, "atk": 31, "def": 31, "spa": 31, "spd": 31, "spe": 31}, "item": "Life Orb", "teraType": "Ground", "role": "Fast Attacker", "bvs": {"hp": 73, "atk": 100, "def": 60, "spa": 100, "spd": 60, "spe": 65}, "stats": {"hp": 287, "atk": 239, "def": 164, "spa": 239, "spd": 164, "spe": 174}, "types": ["Poison"]}, "Floatzel": {"name": "Floatzel", "species": "Floatzel", "speciesId": "floatzel", "gender": "F", "shiny": false, "level": 86, "moves": ["icespinner", "wavecrash", "flipturn", "crunch"], "ability": "Water Veil", "evs": {"hp": 85, "atk": 85, "def": 85, "spa": 85, "spd": 85, "spe": 85}, "ivs": {"hp": 31, "atk": 31, "def": 31, "spa": 31, "spd": 31, "spe": 31}, "item": "Choice Band", "teraType": "Water", "role": "Wallbreaker", "bvs": {"hp": 85, "atk": 105, "def": 55, "spa": 85, "spd": 50, "spe": 115}, "stats": {"hp": 286, "atk": 230, "def": 144, "spa": 195, "spd": 135, "spe": 247}, "types": ["Water"]}, "Dudunsparce": {"name": "Dudunsparce", "species": "Dudunsparce", "speciesId": "dudunsparce", "gender": "M", "shiny": false, "level": 83, "moves": ["calmmind", "roost", "boomburst", "shadowball"], "ability": "Rattled", "evs": {"hp": 85, "atk": 0, "def": 85, "spa": 85, "spd": 85, "spe": 85}, "ivs": {"hp": 31, "atk": 0, "def": 31, "spa": 31, "spd": 31, "spe": 31}, "item": "Leftovers", "teraType": "Ghost", "role": "Bulky Setup", "bvs": {"hp": 125, "atk": 100, "def": 80, "spa": 85, "spd": 75, "spe": 55}, "stats": {"hp": 343, "atk": 171, "def": 180, "spa": 189, "spd": 172, "spe": 139}, "types": ["Normal"]}}, {"Klefki": {"name": "Klefki", "species": "Klefki", "speciesId": "klefki", "gender": "M", "shiny": false, "level": 84, "moves": ["spikes", "foulplay", "dazzlinggleam", "thunderwave"], "ability": "Prankster", "evs": {"hp": 85, "atk": 0, "def": 85, "spa": 85, "spd": 85, "spe": 85}, "ivs": {"hp": 31, "atk": 0, "def": 31, "spa": 31, "spd": 31, "spe": 31}, "item": "Leftovers", "teraType": "Water", "role": "Bulky Attacker", "bvs": {"hp": 57, "atk": 80, "def": 91, "spa": 80, "spd": 87, "spe": 75}, "stats": {"hp": 233, "atk": 139, "def": 201, "spa": 183, "spd": 194, "spe": 174}, "types": ["Steel", "Fairy"]}, "Coalossal": {"name": "Coalossal", "species": "Coalossal", "speciesId": "coalossal", "gender": "F", "shiny": false, "level": 89, "moves": ["overheat", "rapidspin", "stoneedge", "willowisp"], "ability": "Flame Body", "evs": {"hp": 85, "atk": 85, "def": 85, "spa": 85, "spd": 85, "spe": 85}, "ivs": {"hp": 31, "atk": 31, "def": 31, "spa": 31, "spd": 31, "spe": 31}, "item": "Heavy-Duty Boots", "teraType": "Ghost", "role": "Bulky Support", "bvs": {"hp": 110, "atk": 80, "def": 120, "spa": 80, "spd": 90, "spe": 30}, "stats": {"hp": 341, "atk": 193, "def": 264, "spa": 193, "spd": 211, "spe": 104}, "types": ["Rock", "Fire"]}, "Dewgong": {"name": "Dewgong", "species": "Dewgong", "speciesId": "dewgong", "gender": "M", "shiny": false, "level": 94, "moves": ["flipturn", "surf", "knockoff", "tripleaxel"], "ability": "Thick Fat", "evs": {"hp": 85, "atk": 85, "def": 85, "spa": 85, "spd": 85, "spe": 85}, "ivs": {"hp": 31, "atk": 31, "def": 31, "spa": 31, "spd": 31, "spe": 31}, "item": "Assault Vest", "teraType": "Poison", "role": "Bulky Attacker", "bvs": {"hp": 90, "atk": 70, "def": 80, "spa": 70, "spd": 95, "spe": 70}, "stats": {"hp": 322, "atk": 185, "def": 204, "spa": 185, "spd": 232, "spe": 185}, "types": ["Water", "Ice"]}, "Porygon2": {"name": "Porygon2", "species": "Porygon2", "speciesId": "porygon2", "gender": "N", "shiny": false, "level": 81, "moves": ["triattack", "recover", "discharge", "icebeam"], "ability": "Download", "evs": {"hp": 85, "atk": 0, "def": 85, "spa": 85, "spd": 85, "spe": 85}, "ivs": {"hp": 31, "atk": 0, "def": 31, "spa": 31, "spd": 31, "spe": 31}, "item": "Eviolite", "teraType": "Electric", "role": "Bulky Support", "bvs": {"hp": 85, "atk": 80, "def": 90, "spa": 105, "spd": 95, "spe": 60}, "stats": {"hp": 270, "atk": 134, "def": 192, "spa": 217, "spd": 201, "spe": 144}, "types": ["Normal"]}, "Vileplume": {"name": "Vileplume", "species": "Vileplume", "speciesId": "vileplume", "gender": "M", "shiny": false, "level": 85, "moves": ["gigadrain", "strengthsap", "sleeppowder", "sludgebomb"], "ability": "Effect Spore", "evs": {"hp": 85, "atk": 0, "def": 85, "spa": 85, "spd": 85, "spe": 85}, "ivs": {"hp": 31, "atk": 0, "def": 31, "spa": 31, "spd": 31, "spe": 31}, "item": "Leftovers", "teraType": "Steel", "role": "Bulky Attacker", "bvs": {"hp": 75, "atk": 80, "def": 85, "spa": 110, "spd": 90, "spe": 50}, "stats": {"hp": 266, "atk": 141, "def": 193, "spa": 236, "spd": 202, "spe": 134}, "types": ["Grass", "Poison"]}, "Volbeat": {"name": "Volbeat", "species": "Volbeat", "speciesId": "volbeat", "gender": "M", "shiny": false, "level": 90, "moves": ["roost", "encore", "thunderwave", "lunge"], "ability": "Prankster", "evs": {"hp": 85, "atk": 85, "def": 85, "spa": 85, "spd": 85, "spe": 85}, "ivs": {"hp": 31, "atk": 31, "def": 31, "spa": 31, "spd": 31, "spe": 31}, "item": "Heavy-Duty Boots", "teraType": "Steel", "role": "Bulky Attacker", "bvs": {"hp": 65, "atk": 73, "def": 75, "spa": 47, "spd": 85, "spe": 85}, "stats": {"hp": 263, "atk": 183, "def": 186, "spa": 136, "spd": 204, "spe": 204}, "types": ["Bug"]}}]}