{"id": "gen9randombattle-2641752921", "format": "[Gen 9] Random Battle", "players": ["Arceus The Llama", "Mega Shellos"], "log": "|j|\u2606Arceus The Llama\n|j|\u2606Mega Shellos\n|t:|1782837779\n|gametype|singles\n|player|p1|Arceus The Llama|cynthia-gen4|2033\n|player|p2|Mega Shellos|korrina|2044\n|gen|9\n|tier|[Gen 9] Random Battle\n|rated|\n|rule|Species Clause: Limit one of each Pok\u00e9mon\n|rule|HP Percentage Mod: HP is shown in percentages\n|rule|Sleep Clause Mod: Limit one foe put to sleep\n|rule|Illusion Level Mod: Illusion disguises the Pok\u00e9mon's true level\n|\n|t:|1782837779\n|teamsize|p1|6\n|teamsize|p2|6\n|start\n|switch|p1a: Kommo-o|Kommo-o, L78, F|245/245\n|switch|p2a: Okidogi|Okidogi, L77, M|262/262\n|turn|1\n|inactive|Battle timer is ON: inactive players will automatically lose when time's up. (requested by Arceus The Llama)\n|\n|t:|1782837807\n|move|p1a: Kommo-o|Swords Dance|p1a: Kommo-o\n|-boost|p1a: Kommo-o|atk|2\n|move|p2a: Okidogi|Gunk Shot|p1a: Kommo-o\n|-damage|p1a: Kommo-o|142/245\n|\n|upkeep\n|turn|2\n|\n|t:|1782837836\n|move|p1a: Kommo-o|Iron Head|p2a: Okidogi\n|-damage|p2a: Okidogi|172/262\n|move|p2a: Okidogi|Gunk Shot|p1a: Kommo-o\n|-damage|p1a: Kommo-o|42/245\n|\n|upkeep\n|turn|3\n|inactive|Mega Shellos has 120 seconds left.\n|\n|t:|1782837860\n|switch|p2a: Sandslash|Sandslash-Alola, L88, F|275/275\n|move|p1a: Kommo-o|Scale Shot|p2a: Sandslash\n|-resisted|p2a: Sandslash\n|-damage|p2a: Sandslash|256/275\n|-resisted|p2a: Sandslash\n|-damage|p2a: Sandslash|236/275\n|-resisted|p2a: Sandslash\n|-damage|p2a: Sandslash|218/275\n|-resisted|p2a: Sandslash\n|-damage|p2a: Sandslash|200/275\n|-resisted|p2a: Sandslash\n|-damage|p2a: Sandslash|182/275\n|-hitcount|p2a: Sandslash|5\n|-unboost|p1a: Kommo-o|def|1\n|-boost|p1a: Kommo-o|spe|1\n|\n|upkeep\n|turn|4\n|inactive|Mega Shellos has 120 seconds left.\n|\n|t:|1782837868\n|switch|p2a: Banette|Banette, L93, M|270/270\n|move|p1a: Kommo-o|Close Combat|p2a: Banette\n|-immune|p2a: Banette\n|\n|upkeep\n|turn|5\n|\n|t:|1782837872\n|switch|p1a: Klefki|Klefki, L84, F|233/233\n|move|p2a: Banette|Shadow Sneak|p1a: Klefki\n|-damage|p1a: Klefki|155/233\n|-damage|p2a: Banette|243/270|[from] item: Life Orb\n|\n|-heal|p1a: Klefki|169/233|[from] item: Leftovers\n|upkeep\n|turn|6\n|inactive|Mega Shellos has 120 seconds left.\n|\n|t:|1782837893\n|switch|p2a: Houndstone|Houndstone, L86, F|264/264\n|move|p1a: Klefki|Foul Play|p2a: Houndstone\n|-supereffective|p2a: Houndstone\n|-damage|p2a: Houndstone|206/264\n|\n|-heal|p1a: Klefki|183/233|[from] item: Leftovers\n|-heal|p2a: Houndstone|222/264|[from] item: Leftovers\n|upkeep\n|turn|7\n|\n|t:|1782837901\n|move|p1a: Klefki|Spikes|p2a: Houndstone\n|-sidestart|p2: Mega Shellos|Spikes\n|move|p2a: Houndstone|Poltergeist|p1a: Klefki\n|-activate|p1a: Klefki|move: Poltergeist|Leftovers\n|-damage|p1a: Klefki|50/233\n|\n|-heal|p1a: Klefki|64/233|[from] item: Leftovers\n|-heal|p2a: Houndstone|238/264|[from] item: Leftovers\n|upkeep\n|turn|8\n|\n|t:|1782837907\n|move|p1a: Klefki|Spikes|p2a: Houndstone\n|-sidestart|p2: Mega Shellos|Spikes\n|move|p2a: Houndstone|Poltergeist|p1a: Klefki\n|-activate|p1a: Klefki|move: Poltergeist|Leftovers\n|-damage|p1a: Klefki|0 fnt\n|faint|p1a: Klefki\n|\n|-heal|p2a: Houndstone|254/264|[from] item: Leftovers\n|upkeep\n|\n|t:|1782837913\n|switch|p1a: Cramorant|Cramorant, L86, F|261/261\n|turn|9\n|\n|t:|1782837929\n|move|p1a: Cramorant|Surf|p2a: Houndstone\n|-formechange|p1a: Cramorant|Cramorant-Gulping|\n|-damage|p2a: Houndstone|169/264\n|move|p2a: Houndstone|Poltergeist|p1a: Cramorant\n|-activate|p1a: Cramorant|move: Poltergeist|Heavy-Duty Boots\n|-damage|p1a: Cramorant|101/261\n|-damage|p2a: Houndstone|103/264|[from] ability: Gulp Missile|[of] p1a: Cramorant\n|-unboost|p2a: Houndstone|def|1\n|-formechange|p1a: Cramorant|Cramorant|\n|\n|-heal|p2a: Houndstone|119/264|[from] item: Leftovers\n|upkeep\n|turn|10\n|\n|t:|1782837946\n|move|p1a: Cramorant|Brave Bird|p2a: Houndstone\n|-damage|p2a: Houndstone|35/264\n|-damage|p1a: Cramorant|73/261|[from] Recoil\n|move|p2a: Houndstone|Rest|p2a: Houndstone\n|-status|p2a: Houndstone|slp|[from] move: Rest\n|-heal|p2a: Houndstone|264/264 slp|[silent]\n|\n|upkeep\n|turn|11\n|\n|t:|1782837950\n|move|p1a: Cramorant|Roost|p1a: Cramorant\n|-heal|p1a: Cramorant|204/261\n|-singleturn|p1a: Cramorant|move: Roost\n|cant|p2a: Houndstone|slp\n|move|p2a: Houndstone|Sleep Talk|p2a: Houndstone\n|move|p2a: Houndstone|Poltergeist|p1a: Cramorant|[from] move: Sleep Talk\n|-activate|p1a: Cramorant|move: Poltergeist|Heavy-Duty Boots\n|-damage|p1a: Cramorant|18/261\n|\n|upkeep\n|turn|12\n|\n|t:|1782837959\n|move|p1a: Cramorant|Surf|p2a: Houndstone\n|-formechange|p1a: Cramorant|Cramorant-Gorging|\n|-damage|p2a: Houndstone|182/264 slp\n|cant|p2a: Houndstone|slp\n|move|p2a: Houndstone|Sleep Talk|p2a: Houndstone\n|move|p2a: Houndstone|Poltergeist|p1a: Cramorant|[from] move: Sleep Talk\n|-activate|p1a: Cramorant|move: Poltergeist|Heavy-Duty Boots\n|-damage|p1a: Cramorant|0 fnt\n|-damage|p2a: Houndstone|116/264 slp|[from] ability: Gulp Missile|[of] p1a: Cramorant\n|-formechange|p1a: Cramorant|Cramorant|\n|faint|p1a: Cramorant\n|\n|-heal|p2a: Houndstone|132/264 slp|[from] item: Leftovers\n|upkeep\n|\n|t:|1782837968\n|switch|p1a: Kommo-o|Kommo-o, L78, F|42/245\n|turn|13\n|\n|t:|1782837980\n|move|p1a: Kommo-o|Scale Shot|p2a: Houndstone\n|-damage|p2a: Houndstone|93/264 slp\n|-damage|p2a: Houndstone|59/264 slp\n|-damage|p2a: Houndstone|23/264 slp\n|-damage|p2a: Houndstone|0 fnt\n|faint|p2a: Houndstone\n|-hitcount|p2: Houndstone|4\n|-unboost|p1a: Kommo-o|def|1\n|-boost|p1a: Kommo-o|spe|1\n|\n|upkeep\n|\n|t:|1782837983\n|switch|p2a: Banette|Banette, L93, M|243/270\n|-damage|p2a: Banette|198/270|[from] Spikes\n|turn|14\n|\n|t:|1782837989\n|move|p2a: Banette|Shadow Sneak|p1a: Kommo-o\n|-damage|p1a: Kommo-o|0 fnt\n|faint|p1a: Kommo-o\n|-damage|p2a: Banette|171/270|[from] item: Life Orb\n|\n|upkeep\n|\n|t:|1782837991\n|switch|p1a: Yanmega|Yanmega, L82, M|275/275\n|turn|15\n|\n|t:|1782838002\n|switch|p2a: Sandslash|Sandslash-Alola, L88, F|182/275\n|-damage|p2a: Sandslash|137/275|[from] Spikes\n|move|p1a: Yanmega|Air Slash|p2a: Sandslash\n|-resisted|p2a: Sandslash\n|-damage|p2a: Sandslash|0 fnt\n|faint|p2a: Sandslash\n|\n|upkeep\n|\n|t:|1782838019\n|switch|p2a: Okidogi|Okidogi, L77, M|172/262\n|-damage|p2a: Okidogi|129/262|[from] Spikes\n|turn|16\n|\n|t:|1782838037\n|-terastallize|p2a: Okidogi|Dark\n|move|p1a: Yanmega|Air Slash|p2a: Okidogi\n|-damage|p2a: Okidogi|29/262\n|move|p2a: Okidogi|Gunk Shot|p1a: Yanmega\n|-damage|p1a: Yanmega|137/275\n|-status|p1a: Yanmega|psn\n|\n|-damage|p1a: Yanmega|103/275 psn|[from] psn\n|upkeep\n|turn|17\n|\n|t:|1782838049\n|move|p1a: Yanmega|Air Slash|p2a: Okidogi\n|-damage|p2a: Okidogi|0 fnt\n|faint|p2a: Okidogi\n|\n|-damage|p1a: Yanmega|69/275 psn|[from] psn\n|upkeep\n|\n|t:|1782838051\n|switch|p2a: Banette|Banette, L93, M|171/270\n|-damage|p2a: Banette|126/270|[from] Spikes\n|turn|18\n|\n|t:|1782838060\n|move|p2a: Banette|Shadow Sneak|p1a: Yanmega\n|-damage|p1a: Yanmega|0 fnt\n|faint|p1a: Yanmega\n|-damage|p2a: Banette|99/270|[from] item: Life Orb\n|\n|upkeep\n|\n|t:|1782838061\n|switch|p1a: Raichu|Raichu, L88, F|249/249\n|turn|19\n|\n|t:|1782838067\n|switch|p2a: Exeggutor|Exeggutor, L89, M|314/314\n|-damage|p2a: Exeggutor|262/314|[from] Spikes\n|move|p1a: Raichu|Thunderbolt|p2a: Exeggutor\n|-resisted|p2a: Exeggutor\n|-damage|p2a: Exeggutor|192/314\n|-damage|p1a: Raichu|225/249|[from] item: Life Orb\n|\n|upkeep\n|turn|20\n|\n|t:|1782838075\n|move|p1a: Raichu|Nasty Plot|p1a: Raichu\n|-boost|p1a: Raichu|spa|2\n|move|p2a: Exeggutor|Sleep Powder|p1a: Raichu|[miss]\n|-miss|p2a: Exeggutor|p1a: Raichu\n|\n|upkeep\n|turn|21\n|\n|t:|1782838082\n|-terastallize|p1a: Raichu|Ice\n|move|p1a: Raichu|Tera Blast|p2a: Exeggutor|[anim] Tera Blast Ice\n|-supereffective|p2a: Exeggutor\n|-damage|p2a: Exeggutor|0 fnt\n|faint|p2a: Exeggutor\n|-damage|p1a: Raichu|201/249|[from] item: Life Orb\n|\n|upkeep\n|c|\u2606Arceus The Llama|oof\n|c|\u2606Mega Shellos|nice bro\n|c|\u2606Arceus The Llama|thats randbats baby\n|inactive|Mega Shellos has 120 seconds left.\n|c|\u2606Mega Shellos|k. y. s.\n|-message|Mega Shellos forfeited.\n|\n|win|Arceus The Llama\n|raw|Arceus The Llama's rating: 2033 &rarr; <strong>2054</strong><br />(+21 for winning)\n|raw|Mega Shellos's rating: 2044 &rarr; <strong>2023</strong><br />(-21 for losing)\n", "inputlog": ">version f8ac14003a5f27e1bdc8d8c59608a773c1cb96e5\n>start {\"formatid\":\"gen9randombattle\",\"seed\":\"sodium,6d88a2a0aa8f6601d33b97b9eb49e9bc\",\"rated\":\"Rated battle\"}\n>player p1 {\"name\":\"Arceus The Llama\",\"avatar\":\"cynthia-gen4\",\"rating\":2033,\"seed\":\"sodium,46ab9a5cc9d737512caa2cfcc0ea734a\"}\n>player p2 {\"name\":\"Mega Shellos\",\"avatar\":\"korrina\",\"rating\":2044,\"seed\":\"sodium,7edf519e82ee5c8a34ce8e9a60e70c98\"}\n>p1 move swordsdance\n>p2 move gunkshot\n>p1 move ironhead\n>p2 move gunkshot\n>p1 move scaleshot\n>p2 switch 4\n>p1 move closecombat\n>p2 switch 6\n>p1 switch 5\n>p2 move shadowsneak\n>p1 move foulplay\n>p2 switch 5\n>p1 move spikes\n>p2 move poltergeist\n>p1 move spikes\n>p2 move poltergeist\n>p1 switch 6\n>p1 move surf\n>p2 move poltergeist\n>p1 move bravebird\n>p2 move rest\n>p1 move roost\n>p2 move sleeptalk\n>p1 move surf\n>p2 move sleeptalk\n>p1 switch 5\n>p1 move scaleshot\n>p2 move poltergeist\n>p2 switch 5\n>p1 move scaleshot\n>p2 move shadowsneak\n>p1 switch 3\n>p1 move airslash\n>p2 switch 6\n>p2 switch 4\n>p1 move airslash\n>p2 move gunkshot terastallize\n>p1 move airslash\n>p2 move knockoff\n>p2 switch 6\n>p1 move airslash\n>p2 move shadowsneak\n>p1 switch 4\n>p1 move thunderbolt\n>p2 switch 2\n>p1 move nastyplot\n>p2 move sleeppowder\n>p1 move terablast terastallize\n>p2 move sleeppowder\n>chat \u2606Arceus The Llama|oof\n>chat \u2606Mega Shellos|nice bro\n>chat \u2606Arceus The Llama|thats randbats baby\n>chat \u2606Mega Shellos|k y s\n>chat \u2606Mega Shellos|k ys\n>chat \u2606Mega Shellos|k. y. s.\n>forcelose p2", "uploadtime": 1782837782, "views": 8, "formatid": "gen9randombattle", "rating": 2023, "private": 0, "password": null, "player_dets": [{"name": "Arceus The Llama", "avatar": "cynthia-gen4", "rating": 2033, "seed": "sodium,46ab9a5cc9d737512caa2cfcc0ea734a"}, {"name": "Mega Shellos", "avatar": "korrina", "rating": 2044, "seed": "sodium,7edf519e82ee5c8a34ce8e9a60e70c98"}], "teams_full": [{"Kommo-o": {"name": "Kommo-o", "species": "Kommo-o", "speciesId": "kommoo", "gender": "F", "shiny": false, "level": 78, "moves": ["swordsdance", "ironhead", "closecombat", "scaleshot"], "ability": "Soundproof", "evs": {"hp": 85, "atk": 85, "def": 85, "spa": 85, "spd": 85, "spe": 85}, "ivs": {"hp": 31, "atk": 31, "def": 31, "spa": 31, "spd": 31, "spe": 31}, "item": "Loaded Dice", "teraType": "Steel", "role": "Setup Sweeper", "bvs": {"hp": 75, "atk": 110, "def": 125, "spa": 100, "spd": 105, "spe": 85}, "stats": {"hp": 245, "atk": 217, "def": 240, "spa": 201, "spd": 209, "spe": 178}, "types": ["Dragon", "Fighting"]}, "Grumpig": {"name": "Grumpig", "species": "Grumpig", "speciesId": "grumpig", "gender": "F", "shiny": false, "level": 92, "moves": ["earthpower", "trick", "shadowball", "psyshock"], "ability": "Thick Fat", "evs": {"hp": 85, "atk": 0, "def": 85, "spa": 85, "spd": 85, "spe": 85}, "ivs": {"hp": 31, "atk": 0, "def": 31, "spa": 31, "spd": 31, "spe": 31}, "item": "Choice Scarf", "teraType": "Ground", "role": "Bulky Attacker", "bvs": {"hp": 80, "atk": 45, "def": 65, "spa": 90, "spd": 110, "spe": 80}, "stats": {"hp": 297, "atk": 87, "def": 172, "spa": 218, "spd": 255, "spe": 200}, "types": ["Psychic"]}, "Yanmega": {"name": "Yanmega", "species": "Yanmega", "speciesId": "yanmega", "gender": "M", "shiny": false, "level": 82, "moves": ["bugbuzz", "gigadrain", "airslash", "uturn"], "ability": "Tinted Lens", "evs": {"hp": 85, "atk": 85, "def": 85, "spa": 85, "spd": 85, "spe": 85}, "ivs": {"hp": 31, "atk": 31, "def": 31, "spa": 31, "spd": 31, "spe": 31}, "item": "Choice Specs", "teraType": "Bug", "role": "Wallbreaker", "bvs": {"hp": 86, "atk": 76, "def": 86, "spa": 116, "spd": 56, "spe": 95}, "stats": {"hp": 275, "atk": 172, "def": 188, "spa": 237, "spd": 139, "spe": 203}, "types": ["Bug", "Flying"]}, "Raichu": {"name": "Raichu", "species": "Raichu", "speciesId": "raichu", "gender": "F", "shiny": false, "level": 88, "moves": ["terablast", "nastyplot", "encore", "thunderbolt"], "ability": "Lightning Rod", "evs": {"hp": 85, "atk": 0, "def": 85, "spa": 85, "spd": 85, "spe": 85}, "ivs": {"hp": 31, "atk": 0, "def": 31, "spa": 31, "spd": 31, "spe": 31}, "item": "Life Orb", "teraType": "Ice", "role": "Tera Blast user", "bvs": {"hp": 60, "atk": 90, "def": 55, "spa": 90, "spd": 80, "spe": 110}, "stats": {"hp": 249, "atk": 163, "def": 147, "spa": 209, "spd": 191, "spe": 244}, "types": ["Electric"]}, "Klefki": {"name": "Klefki", "species": "Klefki", "speciesId": "klefki", "gender": "F", "shiny": false, "level": 84, "moves": ["foulplay", "thunderwave", "dazzlinggleam", "spikes"], "ability": "Prankster", "evs": {"hp": 85, "atk": 0, "def": 85, "spa": 85, "spd": 85, "spe": 85}, "ivs": {"hp": 31, "atk": 0, "def": 31, "spa": 31, "spd": 31, "spe": 31}, "item": "Leftovers", "teraType": "Water", "role": "Bulky Attacker", "bvs": {"hp": 57, "atk": 80, "def": 91, "spa": 80, "spd": 87, "spe": 75}, "stats": {"hp": 233, "atk": 139, "def": 201, "spa": 183, "spd": 194, "spe": 174}, "types": ["Steel", "Fairy"]}, "Cramorant": {"name": "Cramorant", "species": "Cramorant", "speciesId": "cramorant", "gender": "F", "shiny": false, "level": 86, "moves": ["defog", "surf", "bravebird", "roost"], "ability": "Gulp Missile", "evs": {"hp": 85, "atk": 85, "def": 85, "spa": 85, "spd": 85, "spe": 85}, "ivs": {"hp": 31, "atk": 31, "def": 31, "spa": 31, "spd": 31, "spe": 31}, "item": "Heavy-Duty Boots", "teraType": "Ground", "role": "Bulky Support", "bvs": {"hp": 70, "atk": 85, "def": 55, "spa": 85, "spd": 95, "spe": 85}, "stats": {"hp": 261, "atk": 195, "def": 144, "spa": 195, "spd": 213, "spe": 195}, "types": ["Flying", "Water"]}}, {"Okidogi": {"name": "Okidogi", "species": "Okidogi", "speciesId": "okidogi", "gender": "M", "shiny": false, "level": 77, "moves": ["knockoff", "highhorsepower", "drainpunch", "gunkshot"], "ability": "Toxic Chain", "evs": {"hp": 85, "atk": 85, "def": 85, "spa": 85, "spd": 85, "spe": 85}, "ivs": {"hp": 31, "atk": 31, "def": 31, "spa": 31, "spd": 31, "spe": 31}, "item": "Assault Vest", "teraType": "Dark", "role": "AV Pivot", "bvs": {"hp": 88, "atk": 128, "def": 115, "spa": 58, "spd": 86, "spe": 80}, "stats": {"hp": 262, "atk": 242, "def": 222, "spa": 134, "spd": 177, "spe": 168}, "types": ["Poison", "Fighting"]}, "Exeggutor": {"name": "Exeggutor", "species": "Exeggutor", "speciesId": "exeggutor", "gender": "M", "shiny": false, "level": 89, "moves": ["gigadrain", "sleeppowder", "psyshock", "calmmind"], "ability": "Harvest", "evs": {"hp": 85, "atk": 0, "def": 85, "spa": 85, "spd": 85, "spe": 85}, "ivs": {"hp": 31, "atk": 0, "def": 31, "spa": 31, "spd": 31, "spe": 31}, "item": "Sitrus Berry", "teraType": "Steel", "role": "Bulky Setup", "bvs": {"hp": 95, "atk": 95, "def": 85, "spa": 125, "spd": 75, "spe": 55}, "stats": {"hp": 314, "atk": 174, "def": 202, "spa": 273, "spd": 184, "spe": 149}, "types": ["Grass", "Psychic"]}, "Blaziken": {"name": "Blaziken", "species": "Blaziken", "speciesId": "blaziken", "gender": "F", "shiny": false, "level": 76, "moves": ["flareblitz", "stoneedge", "closecombat", "swordsdance"], "ability": "Speed Boost", "evs": {"hp": 85, "atk": 85, "def": 85, "spa": 85, "spd": 85, "spe": 85}, "ivs": {"hp": 31, "atk": 31, "def": 31, "spa": 31, "spd": 31, "spe": 31}, "item": "Life Orb", "teraType": "Fighting", "role": "Setup Sweeper", "bvs": {"hp": 80, "atk": 120, "def": 70, "spa": 110, "spd": 70, "spe": 80}, "stats": {"hp": 247, "atk": 226, "def": 150, "spa": 211, "spd": 150, "spe": 166}, "types": ["Fire", "Fighting"]}, "Sandslash": {"name": "Sandslash", "species": "Sandslash-Alola", "speciesId": "sandslashalola", "gender": "F", "shiny": false, "level": 88, "moves": ["knockoff", "tripleaxel", "earthquake", "swordsdance"], "ability": "Slush Rush", "evs": {"hp": 85, "atk": 85, "def": 85, "spa": 85, "spd": 85, "spe": 85}, "ivs": {"hp": 31, "atk": 31, "def": 31, "spa": 31, "spd": 31, "spe": 31}, "item": "Life Orb", "teraType": "Ground", "role": "Setup Sweeper", "bvs": {"hp": 75, "atk": 100, "def": 120, "spa": 25, "spd": 65, "spe": 65}, "stats": {"hp": 275, "atk": 226, "def": 261, "spa": 94, "spd": 165, "spe": 165}, "types": ["Ice", "Steel"]}, "Houndstone": {"name": "Houndstone", "species": "Houndstone", "speciesId": "houndstone", "gender": "F", "shiny": false, "level": 86, "moves": ["poltergeist", "rest", "bodypress", "sleeptalk"], "ability": "Fluffy", "evs": {"hp": 85, "atk": 85, "def": 85, "spa": 85, "spd": 85, "spe": 85}, "ivs": {"hp": 31, "atk": 31, "def": 31, "spa": 31, "spd": 31, "spe": 31}, "item": "Leftovers", "teraType": "Fighting", "role": "Bulky Support", "bvs": {"hp": 72, "atk": 101, "def": 100, "spa": 50, "spd": 97, "spe": 68}, "stats": {"hp": 264, "atk": 223, "def": 221, "spa": 135, "spd": 216, "spe": 166}, "types": ["Ghost"]}, "Banette": {"name": "Banette", "species": "Banette", "speciesId": "banette", "gender": "M", "shiny": false, "level": 93, "moves": ["poltergeist", "gunkshot", "shadowsneak", "swordsdance"], "ability": "Insomnia", "evs": {"hp": 85, "atk": 85, "def": 85, "spa": 85, "spd": 85, "spe": 85}, "ivs": {"hp": 31, "atk": 31, "def": 31, "spa": 31, "spd": 31, "spe": 31}, "item": "Life Orb", "teraType": "Poison", "role": "Wallbreaker", "bvs": {"hp": 64, "atk": 115, "def": 65, "spa": 83, "spd": 63, "spe": 65}, "stats": {"hp": 270, "atk": 267, "def": 174, "spa": 207, "spd": 170, "spe": 174}, "types": ["Ghost"]}}]}