{"id": "gen9randombattle-2642207575", "format": "[Gen 9] Random Battle", "players": ["jnpr010334", "bokchoycat"], "log": "|j|\u2606jnpr010334\n|j|\u2606bokchoycat\n|t:|1782910953\n|gametype|singles\n|player|p1|jnpr010334|265|1971\n|player|p2|bokchoycat|maylene|1973\n|gen|9\n|tier|[Gen 9] Random Battle\n|rated|\n|rule|Species Clause: Limit one of each Pok\u00e9mon\n|rule|HP Percentage Mod: HP is shown in percentages\n|rule|Sleep Clause Mod: Limit one foe put to sleep\n|rule|Illusion Level Mod: Illusion disguises the Pok\u00e9mon's true level\n|\n|t:|1782910953\n|teamsize|p1|6\n|teamsize|p2|6\n|start\n|switch|p1a: Rhydon|Rhydon, L85, F|317/317\n|switch|p2a: Slowbro|Slowbro, L85, F|300/300\n|turn|1\n|inactive|Battle timer is ON: inactive players will automatically lose when time's up. (requested by jnpr010334)\n|\n|t:|1782910978\n|move|p1a: Rhydon|Stealth Rock|p2a: Slowbro\n|-sidestart|p2: bokchoycat|move: Stealth Rock\n|move|p2a: Slowbro|Future Sight|p1a: Rhydon\n|-start|p2a: Slowbro|move: Future Sight\n|\n|upkeep\n|turn|2\n|\n|t:|1782910988\n|move|p1a: Rhydon|Megahorn|p2a: Slowbro\n|-supereffective|p2a: Slowbro\n|-damage|p2a: Slowbro|116/300\n|move|p2a: Slowbro|Scald|p1a: Rhydon\n|-supereffective|p1a: Rhydon\n|-damage|p1a: Rhydon|0 fnt\n|faint|p1a: Rhydon\n|\n|upkeep\n|\n|t:|1782910989\n|switch|p1a: Iron Jugulis|Iron Jugulis, L77|271/271\n|turn|3\n|\n|t:|1782911005\n|switch|p2a: Regice|Regice, L88|284/284\n|move|p1a: Iron Jugulis|Dark Pulse|p2a: Regice\n|-damage|p2a: Regice|245/284\n|\n|-end|p1a: Iron Jugulis|move: Future Sight\n|-immune|p1a: Iron Jugulis\n|upkeep\n|turn|4\n|\n|t:|1782911016\n|-end|p1a: Iron Jugulis|Quark Drive|[silent]\n|switch|p1a: Dewgong|Dewgong, L94, F|322/322\n|move|p2a: Regice|Thunder Wave|p1a: Dewgong\n|-status|p1a: Dewgong|par\n|\n|upkeep\n|turn|5\n|\n|t:|1782911032\n|move|p2a: Regice|Body Press|p1a: Dewgong\n|-supereffective|p1a: Dewgong\n|-damage|p1a: Dewgong|202/322 par\n|cant|p1a: Dewgong|par\n|\n|upkeep\n|turn|6\n|\n|t:|1782911039\n|move|p2a: Regice|Thunderbolt|p1a: Dewgong\n|-supereffective|p1a: Dewgong\n|-damage|p1a: Dewgong|116/322 par\n|move|p1a: Dewgong|Flip Turn|p2a: Regice\n|-damage|p2a: Regice|193/284\n|\n|t:|1782911040\n|switch|p1a: Ceruledge|Ceruledge, L78, F|245/245|[from] Flip Turn\n|\n|upkeep\n|turn|7\n|\n|t:|1782911056\n|move|p1a: Ceruledge|Swords Dance|p1a: Ceruledge\n|-boost|p1a: Ceruledge|atk|2\n|move|p2a: Regice|Thunder Wave|p1a: Ceruledge\n|-status|p1a: Ceruledge|par\n|\n|upkeep\n|turn|8\n|\n|t:|1782911070\n|switch|p2a: Cyclizar|Cyclizar, L83, F|252/252\n|cant|p1a: Ceruledge|par\n|\n|upkeep\n|turn|9\n|inactive|bokchoycat has 120 seconds left.\n|\n|t:|1782911096\n|move|p2a: Cyclizar|Shed Tail|p2a: Cyclizar\n|-start|p2a: Cyclizar|Substitute|[from] move: Shed Tail\n|-damage|p2a: Cyclizar|126/252\n|inactive|bokchoycat has 120 seconds left.\n|\n|t:|1782911109\n|switch|p2a: Grafaiai|Grafaiai, L86, F|249/249|[from] Shed Tail\n|move|p1a: Ceruledge|Close Combat|p2a: Grafaiai\n|-end|p2a: Grafaiai|Substitute\n|-unboost|p1a: Ceruledge|def|1\n|-unboost|p1a: Ceruledge|spd|1\n|\n|upkeep\n|turn|10\n|inactive|bokchoycat has 120 seconds left.\n|\n|t:|1782911140\n|move|p2a: Grafaiai|Knock Off|p1a: Ceruledge\n|-supereffective|p1a: Ceruledge\n|-damage|p1a: Ceruledge|9/245 par\n|-ability|p1a: Ceruledge|Weak Armor|boost\n|-unboost|p1a: Ceruledge|def|1\n|-boost|p1a: Ceruledge|spe|2\n|-enditem|p1a: Ceruledge|Heavy-Duty Boots|[from] move: Knock Off|[of] p2a: Grafaiai\n|cant|p1a: Ceruledge|par\n|\n|upkeep\n|turn|11\n|\n|t:|1782911149\n|move|p2a: Grafaiai|Knock Off|p1a: Ceruledge\n|-supereffective|p1a: Ceruledge\n|-damage|p1a: Ceruledge|0 fnt\n|faint|p1a: Ceruledge\n|\n|upkeep\n|\n|t:|1782911151\n|switch|p1a: Blastoise|Blastoise, L80, F|258/258\n|turn|12\n|\n|t:|1782911158\n|move|p2a: Grafaiai|Knock Off|p1a: Blastoise\n|-damage|p1a: Blastoise|190/258\n|-enditem|p1a: Blastoise|White Herb|[from] move: Knock Off|[of] p2a: Grafaiai\n|move|p1a: Blastoise|Shell Smash|p1a: Blastoise\n|-unboost|p1a: Blastoise|def|1\n|-unboost|p1a: Blastoise|spd|1\n|-boost|p1a: Blastoise|atk|2\n|-boost|p1a: Blastoise|spa|2\n|-boost|p1a: Blastoise|spe|2\n|\n|upkeep\n|turn|13\n|\n|t:|1782911187\n|move|p2a: Grafaiai|Encore|p1a: Blastoise\n|-start|p1a: Blastoise|Encore\n|move|p1a: Blastoise|Shell Smash|p1a: Blastoise\n|-unboost|p1a: Blastoise|def|1\n|-unboost|p1a: Blastoise|spd|1\n|-boost|p1a: Blastoise|atk|2\n|-boost|p1a: Blastoise|spa|2\n|-boost|p1a: Blastoise|spe|2\n|\n|upkeep\n|turn|14\n|\n|t:|1782911192\n|switch|p1a: Slowbro|Slowbro-Galar, L87, M|307/307\n|move|p2a: Grafaiai|Gunk Shot|p1a: Slowbro|[miss]\n|-miss|p2a: Grafaiai|p1a: Slowbro\n|\n|upkeep\n|turn|15\n|inactive|bokchoycat has 90 seconds left.\n|\n|t:|1782911219\n|move|p2a: Grafaiai|Parting Shot|p1a: Slowbro\n|-unboost|p1a: Slowbro|atk|1\n|-unboost|p1a: Slowbro|spa|1\n|\n|t:|1782911227\n|switch|p2a: Cyclizar|Cyclizar, L83, F|210/252|[from] Parting Shot\n|move|p1a: Slowbro|Psychic|p2a: Cyclizar\n|-damage|p2a: Cyclizar|107/252\n|-damage|p1a: Slowbro|277/307|[from] item: Life Orb\n|\n|upkeep\n|turn|16\n|inactive|bokchoycat has 90 seconds left.\n|\n|t:|1782911238\n|switch|p2a: Slowbro|Slowbro, L85, F|216/300\n|-damage|p2a: Slowbro|179/300|[from] Stealth Rock\n|move|p1a: Slowbro|Shell Side Arm|p2a: Slowbro|[anim] Shell Side Arm Special\n|-damage|p2a: Slowbro|113/300\n|-hint|Special Shell Side Arm\n|-damage|p1a: Slowbro|247/307|[from] item: Life Orb\n|\n|upkeep\n|turn|17\n|inactive|bokchoycat has 90 seconds left.\n|\n|t:|1782911252\n|switch|p1a: Iron Jugulis|Iron Jugulis, L77|271/271\n|move|p2a: Slowbro|Scald|p1a: Iron Jugulis\n|-damage|p1a: Iron Jugulis|168/271\n|-status|p1a: Iron Jugulis|brn\n|\n|-damage|p1a: Iron Jugulis|152/271 brn|[from] brn\n|upkeep\n|turn|18\n|inactive|bokchoycat has 90 seconds left.\n|\n|t:|1782911261\n|switch|p2a: Regice|Regice, L88|193/284\n|move|p1a: Iron Jugulis|Dark Pulse|p2a: Regice\n|-damage|p2a: Regice|151/284\n|\n|-damage|p1a: Iron Jugulis|136/271 brn|[from] brn\n|upkeep\n|turn|19\n|\n|t:|1782911270\n|-end|p1a: Iron Jugulis|Quark Drive|[silent]\n|switch|p1a: Slowbro|Slowbro-Galar, L87, M|307/307\n|move|p2a: Regice|Thunderbolt|p1a: Slowbro\n|-damage|p1a: Slowbro|223/307\n|\n|upkeep\n|turn|20\n|\n|t:|1782911279\n|move|p2a: Regice|Ice Beam|p1a: Slowbro\n|-damage|p1a: Slowbro|90/307\n|move|p1a: Slowbro|Shell Side Arm|p2a: Regice|[anim] Shell Side Arm Physical\n|-damage|p2a: Regice|42/284\n|-hint|Physical Shell Side Arm\n|-damage|p1a: Slowbro|60/307|[from] item: Life Orb\n|\n|upkeep\n|turn|21\n|\n|t:|1782911286\n|switch|p1a: Dewgong|Dewgong, L94, F|116/322 par\n|move|p2a: Regice|Thunderbolt|p1a: Dewgong\n|-supereffective|p1a: Dewgong\n|-damage|p1a: Dewgong|30/322 par\n|\n|upkeep\n|turn|22\n|\n|t:|1782911292\n|move|p2a: Regice|Thunderbolt|p1a: Dewgong\n|-supereffective|p1a: Dewgong\n|-damage|p1a: Dewgong|0 fnt\n|faint|p1a: Dewgong\n|\n|upkeep\n|\n|t:|1782911297\n|switch|p1a: Blastoise|Blastoise, L80, F|190/258\n|turn|23\n|\n|t:|1782911300\n|switch|p2a: Grafaiai|Grafaiai, L86, F|249/249\n|move|p1a: Blastoise|Shell Smash|p1a: Blastoise\n|-unboost|p1a: Blastoise|def|1\n|-unboost|p1a: Blastoise|spd|1\n|-boost|p1a: Blastoise|atk|2\n|-boost|p1a: Blastoise|spa|2\n|-boost|p1a: Blastoise|spe|2\n|\n|upkeep\n|turn|24\n|\n|t:|1782911307\n|-terastallize|p1a: Blastoise|Water\n|move|p2a: Grafaiai|Encore|p1a: Blastoise\n|-start|p1a: Blastoise|Encore\n|move|p1a: Blastoise|Shell Smash|p1a: Blastoise\n|-unboost|p1a: Blastoise|def|1\n|-unboost|p1a: Blastoise|spd|1\n|-boost|p1a: Blastoise|atk|2\n|-boost|p1a: Blastoise|spa|2\n|-boost|p1a: Blastoise|spe|2\n|\n|upkeep\n|turn|25\n|\n|t:|1782911313\n|move|p1a: Blastoise|Shell Smash|p1a: Blastoise\n|-unboost|p1a: Blastoise|def|1\n|-unboost|p1a: Blastoise|spd|1\n|-boost|p1a: Blastoise|atk|2\n|-boost|p1a: Blastoise|spa|2\n|-boost|p1a: Blastoise|spe|2\n|move|p2a: Grafaiai|Gunk Shot|p1a: Blastoise\n|-damage|p1a: Blastoise|0 fnt\n|faint|p1a: Blastoise\n|\n|upkeep\n|\n|t:|1782911317\n|switch|p1a: Slowbro|Slowbro-Galar, L87, M|162/307\n|turn|26\n|\n|t:|1782911323\n|-terastallize|p2a: Grafaiai|Dark\n|move|p2a: Grafaiai|Knock Off|p1a: Slowbro\n|-supereffective|p1a: Slowbro\n|-damage|p1a: Slowbro|0 fnt\n|-enditem|p1a: Slowbro|Life Orb|[from] move: Knock Off|[of] p2a: Grafaiai\n|faint|p1a: Slowbro\n|\n|upkeep\n|\n|t:|1782911325\n|switch|p1a: Iron Jugulis|Iron Jugulis, L77|136/271 brn\n|turn|27\n|\n|t:|1782911337\n|move|p2a: Grafaiai|Knock Off|p1a: Iron Jugulis\n|-resisted|p1a: Iron Jugulis\n|-damage|p1a: Iron Jugulis|82/271 brn\n|-enditem|p1a: Iron Jugulis|Power Herb|[from] move: Knock Off|[of] p2a: Grafaiai\n|move|p1a: Iron Jugulis|Hurricane|p2a: Grafaiai\n|-damage|p2a: Grafaiai|110/249\n|\n|-damage|p1a: Iron Jugulis|66/271 brn|[from] brn\n|upkeep\n|turn|28\n|\n|t:|1782911347\n|move|p2a: Grafaiai|Parting Shot|p1a: Iron Jugulis\n|-hint|Since gen 7, Dark is immune to Prankster moves.\n|-immune|p1a: Iron Jugulis\n|move|p1a: Iron Jugulis|Hurricane|p2a: Grafaiai|[miss]\n|-miss|p1a: Iron Jugulis|p2a: Grafaiai\n|\n|-damage|p1a: Iron Jugulis|50/271 brn|[from] brn\n|upkeep\n|turn|29\n|\n|t:|1782911352\n|switch|p2a: Regice|Regice, L88|42/284\n|move|p1a: Iron Jugulis|Dark Pulse|p2a: Regice\n|-damage|p2a: Regice|0 fnt\n|faint|p2a: Regice\n|\n|-damage|p1a: Iron Jugulis|34/271 brn|[from] brn\n|upkeep\n|\n|t:|1782911362\n|switch|p2a: Rillaboom|Rillaboom, L79, M|288/288\n|-damage|p2a: Rillaboom|252/288|[from] Stealth Rock\n|-fieldstart|move: Grassy Terrain|[from] ability: Grassy Surge|[of] p2a: Rillaboom\n|turn|30\n|\n|t:|1782911367\n|move|p2a: Rillaboom|Grassy Glide|p1a: Iron Jugulis\n|-resisted|p1a: Iron Jugulis\n|-damage|p1a: Iron Jugulis|0 fnt\n|faint|p1a: Iron Jugulis\n|-end|p1a: Iron Jugulis|Quark Drive|[silent]\n|-damage|p2a: Rillaboom|224/288|[from] item: Life Orb\n|\n|win|bokchoycat\n|raw|jnpr010334's rating: 1917 &rarr; <strong>1900</strong><br />(-17 for losing)\n|raw|bokchoycat's rating: 1973 &rarr; <strong>1990</strong><br />(+17 for winning)\n|l|\u2606jnpr010334\n|player|p1|\n|c|\u2606bokchoycat|gg\n", "inputlog": ">version f8ac14003a5f27e1bdc8d8c59608a773c1cb96e5\n>start {\"formatid\":\"gen9randombattle\",\"seed\":\"sodium,b4f69a180509a4d61184ada409672999\",\"rated\":\"Rated battle\"}\n>player p1 {\"name\":\"jnpr010334\",\"avatar\":\"265\",\"rating\":1971,\"seed\":\"sodium,d3f78bd1a0081c58cb6f6dab81bdbcc6\"}\n>player p2 {\"name\":\"bokchoycat\",\"avatar\":\"maylene\",\"rating\":1973,\"seed\":\"sodium,aa0ad75afd3ec961817441b11e51c5ea\"}\n>p1 move stealthrock\n>p2 move futuresight\n>p1 move megahorn\n>p2 move scald\n>p1 switch 4\n>p1 move darkpulse\n>p2 switch 3\n>p1 switch 5\n>p2 move thunderwave\n>p1 move flipturn\n>p2 move bodypress\n>p1 move flipturn\n>p2 move thunderbolt\n>p1 switch 2\n>p1 move swordsdance\n>p2 move thunderwave\n>p1 move bitterblade\n>p2 switch 6\n>p1 move closecombat\n>p2 move shedtail\n>p2 switch 5\n>p1 move bitterblade\n>p2 move knockoff\n>p1 move bitterblade\n>p2 move knockoff\n>p1 switch 6\n>p1 move shellsmash\n>p2 move knockoff\n>p1 move earthquake\n>p2 move encore\n>p1 switch 3\n>p2 move gunkshot\n>p1 move psychic\n>p2 move partingshot\n>p2 switch 5\n>p1 move shellsidearm\n>p2 switch 3\n>p1 switch 5\n>p2 move scald\n>p1 move darkpulse\n>p2 switch 6\n>p1 switch 5\n>p2 move thunderbolt\n>p1 move shellsidearm\n>p2 move icebeam\n>p1 switch 2\n>p2 move thunderbolt\n>p1 move knockoff\n>p2 move thunderbolt\n>p1 switch 3\n>p1 move shellsmash\n>p2 switch 5\n>p1 move earthquake terastallize\n>p2 move encore\n>p1 move shellsmash\n>p2 move gunkshot\n>p1 switch 2\n>p1 move psychic\n>p2 move knockoff terastallize\n>p1 switch 5\n>p1 move hurricane\n>p2 move knockoff\n>p1 move hurricane\n>p2 move partingshot\n>p1 move darkpulse\n>p2 switch 5\n>p2 switch 4\n>p1 move hurricane\n>p2 move grassyglide", "uploadtime": 1782911367, "views": 6, "formatid": "gen9randombattle", "rating": 1900, "private": 0, "password": null, "player_dets": [{"name": "jnpr010334", "avatar": "265", "rating": 1971, "seed": "sodium,d3f78bd1a0081c58cb6f6dab81bdbcc6"}, {"name": "bokchoycat", "avatar": "maylene", "rating": 1973, "seed": "sodium,aa0ad75afd3ec961817441b11e51c5ea"}], "teams_full": [{"Rhydon": {"name": "Rhydon", "species": "Rhydon", "speciesId": "rhydon", "gender": "F", "shiny": false, "level": 85, "moves": ["stoneedge", "earthquake", "stealthrock", "megahorn"], "ability": "Lightning Rod", "evs": {"hp": 85, "atk": 85, "def": 85, "spa": 85, "spd": 85, "spe": 85}, "ivs": {"hp": 31, "atk": 31, "def": 31, "spa": 31, "spd": 31, "spe": 31}, "item": "Eviolite", "teraType": "Dragon", "role": "Bulky Attacker", "bvs": {"hp": 105, "atk": 130, "def": 120, "spa": 45, "spd": 45, "spe": 40}, "stats": {"hp": 317, "atk": 270, "def": 253, "spa": 125, "spd": 125, "spe": 117}, "types": ["Ground", "Rock"]}, "Ceruledge": {"name": "Ceruledge", "species": "Ceruledge", "speciesId": "ceruledge", "gender": "F", "shiny": false, "level": 78, "moves": ["closecombat", "bitterblade", "swordsdance", "poltergeist"], "ability": "Weak Armor", "evs": {"hp": 85, "atk": 85, "def": 85, "spa": 85, "spd": 85, "spe": 85}, "ivs": {"hp": 31, "atk": 31, "def": 31, "spa": 31, "spd": 31, "spe": 31}, "item": "Heavy-Duty Boots", "teraType": "Fire", "role": "Setup Sweeper", "bvs": {"hp": 75, "atk": 125, "def": 80, "spa": 60, "spd": 100, "spe": 85}, "stats": {"hp": 245, "atk": 240, "def": 170, "spa": 139, "spd": 201, "spe": 178}, "types": ["Fire", "Ghost"]}, "Slowbro": {"name": "Slowbro", "species": "Slowbro-Galar", "speciesId": "slowbrogalar", "gender": "M", "shiny": false, "level": 87, "moves": ["fireblast", "trickroom", "psychic", "shellsidearm"], "ability": "Regenerator", "evs": {"hp": 85, "atk": 85, "def": 85, "spa": 85, "spd": 85, "spe": 0}, "ivs": {"hp": 31, "atk": 31, "def": 31, "spa": 31, "spd": 31, "spe": 0}, "item": "Life Orb", "teraType": "Poison", "role": "Wallbreaker", "bvs": {"hp": 95, "atk": 100, "def": 95, "spa": 100, "spd": 70, "spe": 30}, "stats": {"hp": 307, "atk": 224, "def": 215, "spa": 224, "spd": 172, "spe": 57}, "types": ["Poison", "Psychic"]}, "Iron Jugulis": {"name": "Iron Jugulis", "species": "Iron Jugulis", "speciesId": "ironjugulis", "gender": "N", "shiny": false, "level": 77, "moves": ["hurricane", "darkpulse", "earthpower", "meteorbeam"], "ability": "Quark Drive", "evs": {"hp": 85, "atk": 0, "def": 85, "spa": 85, "spd": 85, "spe": 85}, "ivs": {"hp": 31, "atk": 0, "def": 31, "spa": 31, "spd": 31, "spe": 31}, "item": "Power Herb", "teraType": "Ground", "role": "Setup Sweeper", "bvs": {"hp": 94, "atk": 80, "def": 86, "spa": 122, "spd": 80, "spe": 108}, "stats": {"hp": 271, "atk": 128, "def": 177, "spa": 232, "spd": 168, "spe": 211}, "types": ["Dark", "Flying"]}, "Dewgong": {"name": "Dewgong", "species": "Dewgong", "speciesId": "dewgong", "gender": "F", "shiny": false, "level": 94, "moves": ["surf", "icebeam", "flipturn", "knockoff"], "ability": "Thick Fat", "evs": {"hp": 85, "atk": 85, "def": 85, "spa": 85, "spd": 85, "spe": 85}, "ivs": {"hp": 31, "atk": 31, "def": 31, "spa": 31, "spd": 31, "spe": 31}, "item": "Assault Vest", "teraType": "Poison", "role": "Bulky Support", "bvs": {"hp": 90, "atk": 70, "def": 80, "spa": 70, "spd": 95, "spe": 70}, "stats": {"hp": 322, "atk": 185, "def": 204, "spa": 185, "spd": 232, "spe": 185}, "types": ["Water", "Ice"]}, "Blastoise": {"name": "Blastoise", "species": "Blastoise", "speciesId": "blastoise", "gender": "F", "shiny": false, "level": 80, "moves": ["hydropump", "icebeam", "shellsmash", "earthquake"], "ability": "Torrent", "evs": {"hp": 85, "atk": 85, "def": 85, "spa": 85, "spd": 85, "spe": 85}, "ivs": {"hp": 31, "atk": 31, "def": 31, "spa": 31, "spd": 31, "spe": 31}, "item": "White Herb", "teraType": "Water", "role": "Setup Sweeper", "bvs": {"hp": 79, "atk": 83, "def": 100, "spa": 85, "spd": 105, "spe": 78}, "stats": {"hp": 258, "atk": 179, "def": 206, "spa": 182, "spd": 214, "spe": 171}, "types": ["Water"]}}, {"Slowbro": {"name": "Slowbro", "species": "Slowbro", "speciesId": "slowbro", "gender": "F", "shiny": false, "level": 85, "moves": ["icebeam", "bodypress", "futuresight", "scald"], "ability": "Regenerator", "evs": {"hp": 85, "atk": 0, "def": 85, "spa": 85, "spd": 85, "spe": 85}, "ivs": {"hp": 31, "atk": 0, "def": 31, "spa": 31, "spd": 31, "spe": 31}, "item": "Assault Vest", "teraType": "Fighting", "role": "AV Pivot", "bvs": {"hp": 95, "atk": 75, "def": 110, "spa": 100, "spd": 80, "spe": 30}, "stats": {"hp": 300, "atk": 132, "def": 236, "spa": 219, "spd": 185, "spe": 100}, "types": ["Water", "Psychic"]}, "Orthworm": {"name": "Orthworm", "species": "Orthworm", "speciesId": "orthworm", "gender": "F", "shiny": false, "level": 88, "moves": ["heavyslam", "shedtail", "spikes", "bodypress"], "ability": "Earth Eater", "evs": {"hp": 85, "atk": 85, "def": 85, "spa": 85, "spd": 85, "spe": 85}, "ivs": {"hp": 31, "atk": 31, "def": 31, "spa": 31, "spd": 31, "spe": 31}, "item": "Leftovers", "teraType": "Electric", "role": "Bulky Attacker", "bvs": {"hp": 70, "atk": 85, "def": 145, "spa": 60, "spd": 55, "spe": 65}, "stats": {"hp": 266, "atk": 200, "def": 305, "spa": 156, "spd": 147, "spe": 165}, "types": ["Steel"]}, "Regice": {"name": "Regice", "species": "Regice", "speciesId": "regice", "gender": "N", "shiny": false, "level": 88, "moves": ["thunderbolt", "bodypress", "icebeam", "thunderwave"], "ability": "Clear Body", "evs": {"hp": 85, "atk": 0, "def": 85, "spa": 85, "spd": 85, "spe": 85}, "ivs": {"hp": 31, "atk": 0, "def": 31, "spa": 31, "spd": 31, "spe": 31}, "item": "Heavy-Duty Boots", "teraType": "Electric", "role": "Bulky Attacker", "bvs": {"hp": 80, "atk": 50, "def": 100, "spa": 100, "spd": 200, "spe": 50}, "stats": {"hp": 284, "atk": 93, "def": 226, "spa": 226, "spd": 402, "spe": 138}, "types": ["Ice"]}, "Rillaboom": {"name": "Rillaboom", "species": "Rillaboom", "speciesId": "rillaboom", "gender": "M", "shiny": false, "level": 79, "moves": ["woodhammer", "swordsdance", "knockoff", "grassyglide"], "ability": "Grassy Surge", "evs": {"hp": 85, "atk": 85, "def": 85, "spa": 85, "spd": 85, "spe": 85}, "ivs": {"hp": 31, "atk": 31, "def": 31, "spa": 31, "spd": 31, "spe": 31}, "item": "Life Orb", "teraType": "Grass", "role": "Wallbreaker", "bvs": {"hp": 100, "atk": 125, "def": 90, "spa": 60, "spd": 70, "spe": 85}, "stats": {"hp": 288, "atk": 243, "def": 188, "spa": 140, "spd": 156, "spe": 180}, "types": ["Grass"]}, "Grafaiai": {"name": "Grafaiai", "species": "Grafaiai", "speciesId": "grafaiai", "gender": "F", "shiny": false, "level": 86, "moves": ["knockoff", "partingshot", "encore", "gunkshot"], "ability": "Prankster", "evs": {"hp": 85, "atk": 85, "def": 85, "spa": 85, "spd": 85, "spe": 85}, "ivs": {"hp": 31, "atk": 31, "def": 31, "spa": 31, "spd": 31, "spe": 31}, "item": "Heavy-Duty Boots", "teraType": "Dark", "role": "Fast Support", "bvs": {"hp": 63, "atk": 95, "def": 65, "spa": 80, "spd": 72, "spe": 110}, "stats": {"hp": 249, "atk": 213, "def": 161, "spa": 187, "spd": 173, "spe": 238}, "types": ["Poison", "Normal"]}, "Cyclizar": {"name": "Cyclizar", "species": "Cyclizar", "speciesId": "cyclizar", "gender": "F", "shiny": false, "level": 83, "moves": ["knockoff", "shedtail", "dracometeor", "rapidspin"], "ability": "Regenerator", "evs": {"hp": 85, "atk": 85, "def": 85, "spa": 85, "spd": 85, "spe": 85}, "ivs": {"hp": 31, "atk": 31, "def": 31, "spa": 31, "spd": 31, "spe": 31}, "item": "Heavy-Duty Boots", "teraType": "Ghost", "role": "Fast Support", "bvs": {"hp": 70, "atk": 95, "def": 65, "spa": 85, "spd": 65, "spe": 121}, "stats": {"hp": 252, "atk": 205, "def": 156, "spa": 189, "spd": 156, "spe": 249}, "types": ["Dragon", "Normal"]}}]}