{"id": "gen9randombattle-2642088015", "format": "[Gen 9] Random Battle", "players": ["testbotcif", "Chiyashi"], "log": "|j|\u2606testbotcif\n|j|\u2606Chiyashi\n|t:|1782887247\n|gametype|singles\n|player|p1|testbotcif|1|1469\n|player|p2|Chiyashi|265|1488\n|gen|9\n|tier|[Gen 9] Random Battle\n|rated|\n|rule|Species Clause: Limit one of each Pok\u00e9mon\n|rule|HP Percentage Mod: HP is shown in percentages\n|rule|Sleep Clause Mod: Limit one foe put to sleep\n|rule|Illusion Level Mod: Illusion disguises the Pok\u00e9mon's true level\n|\n|t:|1782887247\n|teamsize|p1|6\n|teamsize|p2|6\n|start\n|switch|p1a: Dunsparce|Dunsparce, L86, M|312/312\n|switch|p2a: Flamigo|Flamigo, L82, M|269/269\n|turn|1\n|inactive|Battle timer is ON: inactive players will automatically lose when time's up. (requested by testbotcif)\n|c|\u2606testbotcif|rlhf\n|\n|t:|1782887254\n|-terastallize|p1a: Dunsparce|Ghost\n|move|p2a: Flamigo|Close Combat|p1a: Dunsparce\n|-damage|p1a: Dunsparce|150/312\n|-unboost|p2a: Flamigo|def|1\n|-unboost|p2a: Flamigo|spd|1\n|move|p1a: Dunsparce|Coil|p1a: Dunsparce\n|-boost|p1a: Dunsparce|atk|1\n|-boost|p1a: Dunsparce|def|1\n|-boost|p1a: Dunsparce|accuracy|1\n|\n|upkeep\n|turn|2\n|\n|t:|1782887265\n|move|p2a: Flamigo|Close Combat|p1a: Dunsparce\n|-damage|p1a: Dunsparce|50/312\n|-unboost|p2a: Flamigo|def|1\n|-unboost|p2a: Flamigo|spd|1\n|move|p1a: Dunsparce|Roost|p1a: Dunsparce\n|-heal|p1a: Dunsparce|206/312\n|\n|upkeep\n|turn|3\n|\n|t:|1782887274\n|switch|p2a: Chien-Pao|Chien-Pao, L72|234/234\n|-ability|p2a: Chien-Pao|Sword of Ruin\n|move|p1a: Dunsparce|Roost|p1a: Dunsparce\n|-heal|p1a: Dunsparce|312/312\n|\n|upkeep\n|turn|4\n|\n|t:|1782887285\n|move|p2a: Chien-Pao|Throat Chop|p1a: Dunsparce\n|-supereffective|p1a: Dunsparce\n|-damage|p1a: Dunsparce|160/312\n|-start|p1a: Dunsparce|Throat Chop|[silent]\n|move|p1a: Dunsparce|Body Slam|p2a: Chien-Pao\n|-crit|p2a: Chien-Pao\n|-damage|p2a: Chien-Pao|20/234\n|-status|p2a: Chien-Pao|par\n|\n|upkeep\n|turn|5\n|\n|t:|1782887293\n|move|p1a: Dunsparce|Roost|p1a: Dunsparce\n|-heal|p1a: Dunsparce|312/312\n|move|p2a: Chien-Pao|Throat Chop|p1a: Dunsparce\n|-supereffective|p1a: Dunsparce\n|-damage|p1a: Dunsparce|160/312\n|\n|-end|p1a: Dunsparce|Throat Chop|[silent]\n|upkeep\n|turn|6\n|\n|t:|1782887300\n|move|p1a: Dunsparce|Roost|p1a: Dunsparce\n|-heal|p1a: Dunsparce|312/312\n|move|p2a: Chien-Pao|Throat Chop|p1a: Dunsparce\n|-supereffective|p1a: Dunsparce\n|-damage|p1a: Dunsparce|150/312\n|-start|p1a: Dunsparce|Throat Chop|[silent]\n|\n|upkeep\n|turn|7\n|\n|t:|1782887306\n|move|p1a: Dunsparce|Roost|p1a: Dunsparce\n|-heal|p1a: Dunsparce|306/312\n|cant|p2a: Chien-Pao|par\n|\n|-end|p1a: Dunsparce|Throat Chop|[silent]\n|upkeep\n|turn|8\n|\n|t:|1782887313\n|move|p1a: Dunsparce|Coil|p1a: Dunsparce\n|-boost|p1a: Dunsparce|atk|1\n|-boost|p1a: Dunsparce|def|1\n|-boost|p1a: Dunsparce|accuracy|1\n|move|p2a: Chien-Pao|Throat Chop|p1a: Dunsparce\n|-supereffective|p1a: Dunsparce\n|-damage|p1a: Dunsparce|198/312\n|-start|p1a: Dunsparce|Throat Chop|[silent]\n|\n|upkeep\n|turn|9\n|\n|t:|1782887321\n|move|p1a: Dunsparce|Roost|p1a: Dunsparce\n|-heal|p1a: Dunsparce|312/312\n|move|p2a: Chien-Pao|Throat Chop|p1a: Dunsparce\n|-supereffective|p1a: Dunsparce\n|-damage|p1a: Dunsparce|186/312\n|\n|-end|p1a: Dunsparce|Throat Chop|[silent]\n|upkeep\n|turn|10\n|\n|t:|1782887327\n|move|p1a: Dunsparce|Roost|p1a: Dunsparce\n|-heal|p1a: Dunsparce|312/312\n|move|p2a: Chien-Pao|Throat Chop|p1a: Dunsparce\n|-supereffective|p1a: Dunsparce\n|-damage|p1a: Dunsparce|202/312\n|-start|p1a: Dunsparce|Throat Chop|[silent]\n|\n|upkeep\n|turn|11\n|\n|t:|1782887334\n|move|p1a: Dunsparce|Roost|p1a: Dunsparce\n|-heal|p1a: Dunsparce|312/312\n|move|p2a: Chien-Pao|Throat Chop|p1a: Dunsparce\n|-supereffective|p1a: Dunsparce\n|-damage|p1a: Dunsparce|208/312\n|\n|-end|p1a: Dunsparce|Throat Chop|[silent]\n|upkeep\n|turn|12\n|\n|t:|1782887341\n|move|p1a: Dunsparce|Body Slam|p2a: Chien-Pao\n|-damage|p2a: Chien-Pao|0 fnt\n|faint|p2a: Chien-Pao\n|\n|upkeep\n|\n|t:|1782887360\n|switch|p2a: Lanturn|Lanturn, L89, F|367/367\n|turn|13\n|\n|t:|1782887366\n|move|p2a: Lanturn|Scald|p1a: Dunsparce\n|-damage|p1a: Dunsparce|139/312\n|move|p1a: Dunsparce|Earthquake|p2a: Lanturn\n|-supereffective|p2a: Lanturn\n|-damage|p2a: Lanturn|51/367\n|\n|upkeep\n|turn|14\n|\n|t:|1782887375\n|move|p2a: Lanturn|Volt Switch|p1a: Dunsparce\n|-damage|p1a: Dunsparce|88/312\n|\n|t:|1782887378\n|switch|p2a: Flamigo|Flamigo, L82, M|269/269|[from] Volt Switch\n|move|p1a: Dunsparce|Earthquake|p2a: Flamigo\n|-immune|p2a: Flamigo\n|\n|upkeep\n|turn|15\n|\n|t:|1782887391\n|move|p2a: Flamigo|Brave Bird|p1a: Dunsparce\n|-damage|p1a: Dunsparce|7/312\n|-damage|p2a: Flamigo|242/269|[from] Recoil\n|move|p1a: Dunsparce|Body Slam|p2a: Flamigo\n|-damage|p2a: Flamigo|61/269\n|-status|p2a: Flamigo|par\n|\n|upkeep\n|turn|16\n|\n|t:|1782887402\n|move|p1a: Dunsparce|Body Slam|p2a: Flamigo\n|-damage|p2a: Flamigo|0 fnt\n|faint|p2a: Flamigo\n|\n|upkeep\n|\n|t:|1782887411\n|switch|p2a: Lanturn|Lanturn, L89, F|51/367\n|turn|17\n|\n|t:|1782887416\n|move|p2a: Lanturn|Scald|p1a: Dunsparce\n|-damage|p1a: Dunsparce|0 fnt\n|faint|p1a: Dunsparce\n|\n|upkeep\n|\n|t:|1782887416\n|switch|p1a: Sunflora|Sunflora, M|312/312\n|turn|18\n|\n|t:|1782887424\n|move|p2a: Lanturn|Thunder Wave|p1a: Sunflora\n|-status|p1a: Sunflora|par\n|move|p1a: Sunflora|Earth Power|p2a: Lanturn\n|-supereffective|p2a: Lanturn\n|-crit|p2a: Lanturn\n|-damage|p2a: Lanturn|0 fnt\n|faint|p2a: Lanturn\n|\n|upkeep\n|\n|t:|1782887433\n|switch|p2a: Torterra|Torterra, L78, F|276/276\n|turn|19\n|\n|t:|1782887439\n|switch|p1a: Passimian|Passimian, L83, F|302/302\n|move|p2a: Torterra|Shell Smash|p2a: Torterra\n|-unboost|p2a: Torterra|def|1\n|-unboost|p2a: Torterra|spd|1\n|-boost|p2a: Torterra|atk|2\n|-boost|p2a: Torterra|spa|2\n|-boost|p2a: Torterra|spe|2\n|\n|upkeep\n|turn|20\n|\n|t:|1782887456\n|move|p1a: Passimian|Close Combat|p2a: Torterra\n|-damage|p2a: Torterra|78/276\n|-unboost|p1a: Passimian|def|1\n|-unboost|p1a: Passimian|spd|1\n|move|p2a: Torterra|Bullet Seed|p1a: Passimian\n|-damage|p1a: Passimian|197/302\n|-damage|p1a: Passimian|91/302\n|-damage|p1a: Passimian|0 fnt\n|faint|p1a: Passimian\n|-hitcount|p1: Passimian|3\n|\n|upkeep\n|\n|t:|1782887457\n|switch|p1a: Sunflora|Sunflora, M|312/312 par\n|turn|21\n|\n|t:|1782887473\n|move|p2a: Torterra|Rock Blast|p1a: Sunflora\n|-damage|p1a: Sunflora|271/312 par\n|-damage|p1a: Sunflora|232/312 par\n|-damage|p1a: Sunflora|194/312 par\n|-damage|p1a: Sunflora|150/312 par\n|-hitcount|p1a: Sunflora|4\n|cant|p1a: Sunflora|par\n|\n|upkeep\n|turn|22\n|\n|t:|1782887482\n|move|p2a: Torterra|Rock Blast|p1a: Sunflora\n|-damage|p1a: Sunflora|113/312 par\n|-damage|p1a: Sunflora|75/312 par\n|-damage|p1a: Sunflora|33/312 par\n|-damage|p1a: Sunflora|0 fnt\n|faint|p1a: Sunflora\n|-hitcount|p1: Sunflora|4\n|\n|upkeep\n|\n|t:|1782887482\n|switch|p1a: Moltres|Moltres-Galar, L79|271/271\n|turn|23\n|\n|t:|1782887494\n|move|p2a: Torterra|Rock Blast|p1a: Moltres\n|-supereffective|p1a: Moltres\n|-damage|p1a: Moltres|199/271\n|-enditem|p1a: Moltres|Weakness Policy\n|-boost|p1a: Moltres|atk|2|[from] item: Weakness Policy\n|-boost|p1a: Moltres|spa|2|[from] item: Weakness Policy\n|-supereffective|p1a: Moltres\n|-damage|p1a: Moltres|129/271\n|-supereffective|p1a: Moltres\n|-damage|p1a: Moltres|61/271\n|-supereffective|p1a: Moltres\n|-damage|p1a: Moltres|0 fnt\n|faint|p1a: Moltres\n|-hitcount|p1: Moltres|4\n|\n|upkeep\n|\n|t:|1782887494\n|switch|p1a: Tornadus|Tornadus-Therian, L79, M|254/254\n|turn|24\n|\n|t:|1782887509\n|move|p2a: Torterra|Rock Blast|p1a: Tornadus\n|-supereffective|p1a: Tornadus\n|-damage|p1a: Tornadus|180/254\n|-supereffective|p1a: Tornadus\n|-damage|p1a: Tornadus|98/254\n|-supereffective|p1a: Tornadus\n|-damage|p1a: Tornadus|22/254\n|-supereffective|p1a: Tornadus\n|-damage|p1a: Tornadus|0 fnt\n|faint|p1a: Tornadus\n|-hitcount|p1: Tornadus|4\n|\n|upkeep\n|\n|t:|1782887509\n|switch|p1a: Raikou|Raikou, L81|278/278\n|-ability|p1a: Raikou|Pressure\n|turn|25\n|\n|t:|1782887522\n|move|p2a: Torterra|Headlong Rush|p1a: Raikou\n|-supereffective|p1a: Raikou\n|-damage|p1a: Raikou|0 fnt\n|-unboost|p2a: Torterra|def|1\n|-unboost|p2a: Torterra|spd|1\n|faint|p1a: Raikou\n|\n|win|Chiyashi\n|raw|testbotcif's rating: 1469 &rarr; <strong>1450</strong><br />(-19 for losing)\n|raw|Chiyashi's rating: 1488 &rarr; <strong>1507</strong><br />(+19 for winning)\n", "inputlog": ">version f8ac14003a5f27e1bdc8d8c59608a773c1cb96e5\n>start {\"formatid\":\"gen9randombattle\",\"seed\":\"sodium,59ba6699fa391da8a9bc3ffe455d4c45\",\"rated\":\"Rated battle\"}\n>player p1 {\"name\":\"testbotcif\",\"avatar\":\"1\",\"rating\":1469,\"seed\":\"sodium,b8e336bb3dfa8ad8cff19f738d08b571\"}\n>player p2 {\"name\":\"Chiyashi\",\"avatar\":\"265\",\"rating\":1488,\"seed\":\"sodium,8e626e6be463969ce9220d7f6939d69e\"}\n>chat \u2606testbotcif|rlhf\n>p1 move coil terastallize\n>p2 move closecombat\n>p1 move roost\n>p2 move closecombat\n>p1 move roost\n>p2 switch 2\n>p1 move bodyslam\n>p2 move throatchop\n>p1 move roost\n>p2 move throatchop\n>p1 move roost\n>p2 move throatchop\n>p1 move roost\n>p2 move throatchop\n>p1 move coil\n>p2 move throatchop\n>p1 move roost\n>p2 move throatchop\n>p1 move roost\n>p2 move throatchop\n>p1 move roost\n>p2 move throatchop\n>p1 move bodyslam\n>p2 move throatchop\n>p2 switch 5\n>p1 move earthquake\n>p2 move scald\n>p1 move earthquake\n>p2 move voltswitch\n>p2 switch 2\n>p1 move bodyslam\n>p2 move bravebird\n>p1 move bodyslam\n>p2 move bravebird\n>p2 switch 2\n>p1 move earthquake\n>p2 move scald\n>p1 switch 2\n>p1 move earthpower\n>p2 move thunderwave\n>p2 switch 3\n>p1 switch 3\n>p2 move shellsmash\n>p1 move closecombat\n>p2 move bulletseed\n>p1 switch 3\n>p1 move leafstorm\n>p2 move rockblast\n>p1 move sludgebomb\n>p2 move rockblast\n>p1 switch 4\n>p1 move fierywrath\n>p2 move rockblast\n>p1 switch 6\n>p1 move heatwave\n>p2 move rockblast\n>p1 switch 5\n>p1 move scald\n>p2 move headlongrush", "uploadtime": 1782887522, "views": 7, "formatid": "gen9randombattle", "rating": 1450, "private": 0, "password": null, "player_dets": [{"name": "testbotcif", "avatar": "1", "rating": 1469, "seed": "sodium,b8e336bb3dfa8ad8cff19f738d08b571"}, {"name": "Chiyashi", "avatar": "265", "rating": 1488, "seed": "sodium,8e626e6be463969ce9220d7f6939d69e"}], "teams_full": [{"Dunsparce": {"name": "Dunsparce", "species": "Dunsparce", "speciesId": "dunsparce", "gender": "M", "shiny": false, "level": 86, "moves": ["roost", "coil", "bodyslam", "earthquake"], "ability": "Serene Grace", "evs": {"hp": 85, "atk": 85, "def": 85, "spa": 85, "spd": 85, "spe": 85}, "ivs": {"hp": 31, "atk": 31, "def": 31, "spa": 31, "spd": 31, "spe": 31}, "item": "Eviolite", "teraType": "Ghost", "role": "Bulky Setup", "bvs": {"hp": 100, "atk": 70, "def": 70, "spa": 65, "spd": 65, "spe": 45}, "stats": {"hp": 312, "atk": 170, "def": 170, "spa": 161, "spd": 161, "spe": 127}, "types": ["Normal"]}, "Sunflora": {"name": "Sunflora", "species": "Sunflora", "speciesId": "sunflora", "gender": "M", "shiny": false, "level": 100, "moves": ["dazzlinggleam", "earthpower", "leafstorm", "sludgebomb"], "ability": "Chlorophyll", "evs": {"hp": 85, "atk": 0, "def": 85, "spa": 85, "spd": 85, "spe": 85}, "ivs": {"hp": 31, "atk": 0, "def": 31, "spa": 31, "spd": 31, "spe": 31}, "item": "Choice Specs", "teraType": "Ground", "role": "Wallbreaker", "bvs": {"hp": 75, "atk": 75, "def": 55, "spa": 105, "spd": 85, "spe": 30}, "stats": {"hp": 312, "atk": 155, "def": 167, "spa": 267, "spd": 227, "spe": 117}, "types": ["Grass"]}, "Passimian": {"name": "Passimian", "species": "Passimian", "speciesId": "passimian", "gender": "F", "shiny": false, "level": 83, "moves": ["closecombat", "knockoff", "earthquake", "uturn"], "ability": "Defiant", "evs": {"hp": 85, "atk": 85, "def": 85, "spa": 85, "spd": 85, "spe": 85}, "ivs": {"hp": 31, "atk": 31, "def": 31, "spa": 31, "spd": 31, "spe": 31}, "item": "Choice Scarf", "teraType": "Dark", "role": "Fast Attacker", "bvs": {"hp": 100, "atk": 120, "def": 90, "spa": 40, "spd": 60, "spe": 80}, "stats": {"hp": 302, "atk": 247, "def": 197, "spa": 114, "spd": 147, "spe": 180}, "types": ["Fighting"]}, "Moltres": {"name": "Moltres", "species": "Moltres-Galar", "speciesId": "moltresgalar", "gender": "N", "shiny": false, "level": 79, "moves": ["hurricane", "agility", "nastyplot", "fierywrath"], "ability": "Berserk", "evs": {"hp": 81, "atk": 0, "def": 85, "spa": 85, "spd": 85, "spe": 85}, "ivs": {"hp": 31, "atk": 0, "def": 31, "spa": 31, "spd": 31, "spe": 31}, "item": "Weakness Policy", "teraType": "Steel", "role": "Bulky Setup", "bvs": {"hp": 90, "atk": 85, "def": 90, "spa": 100, "spd": 125, "spe": 90}, "stats": {"hp": 271, "atk": 139, "def": 188, "spa": 204, "spd": 243, "spe": 188}, "types": ["Dark", "Flying"]}, "Raikou": {"name": "Raikou", "species": "Raikou", "speciesId": "raikou", "gender": "N", "shiny": false, "level": 81, "moves": ["calmmind", "thunderbolt", "substitute", "scald"], "ability": "Pressure", "evs": {"hp": 85, "atk": 0, "def": 85, "spa": 85, "spd": 85, "spe": 85}, "ivs": {"hp": 31, "atk": 0, "def": 31, "spa": 31, "spd": 31, "spe": 31}, "item": "Leftovers", "teraType": "Grass", "role": "Bulky Setup", "bvs": {"hp": 90, "atk": 85, "def": 75, "spa": 115, "spd": 100, "spe": 115}, "stats": {"hp": 278, "atk": 142, "def": 168, "spa": 233, "spd": 209, "spe": 233}, "types": ["Electric"]}, "Tornadus": {"name": "Tornadus", "species": "Tornadus-Therian", "speciesId": "tornadustherian", "gender": "M", "shiny": false, "level": 79, "moves": ["heatwave", "bleakwindstorm", "uturn", "knockoff"], "ability": "Regenerator", "evs": {"hp": 85, "atk": 85, "def": 85, "spa": 85, "spd": 85, "spe": 85}, "ivs": {"hp": 31, "atk": 31, "def": 31, "spa": 31, "spd": 31, "spe": 31}, "item": "Assault Vest", "teraType": "Dark", "role": "AV Pivot", "bvs": {"hp": 79, "atk": 100, "def": 80, "spa": 110, "spd": 90, "spe": 121}, "stats": {"hp": 254, "atk": 204, "def": 172, "spa": 219, "spd": 188, "spe": 237}, "types": ["Flying"]}}, {"Flamigo": {"name": "Flamigo", "species": "Flamigo", "speciesId": "flamigo", "gender": "M", "shiny": false, "level": 82, "moves": ["uturn", "bravebird", "throatchop", "closecombat"], "ability": "Scrappy", "evs": {"hp": 85, "atk": 85, "def": 85, "spa": 85, "spd": 85, "spe": 85}, "ivs": {"hp": 31, "atk": 31, "def": 31, "spa": 31, "spd": 31, "spe": 31}, "item": "Choice Band", "teraType": "Fighting", "role": "Fast Attacker", "bvs": {"hp": 82, "atk": 115, "def": 74, "spa": 75, "spd": 64, "spe": 90}, "stats": {"hp": 269, "atk": 236, "def": 169, "spa": 170, "spd": 152, "spe": 195}, "types": ["Flying", "Fighting"]}, "Chien-Pao": {"name": "Chien-Pao", "species": "Chien-Pao", "speciesId": "chienpao", "gender": "N", "shiny": false, "level": 72, "moves": ["throatchop", "sacredsword", "iceshard", "iciclecrash"], "ability": "Sword of Ruin", "evs": {"hp": 85, "atk": 85, "def": 85, "spa": 85, "spd": 85, "spe": 85}, "ivs": {"hp": 31, "atk": 31, "def": 31, "spa": 31, "spd": 31, "spe": 31}, "item": "Choice Band", "teraType": "Ice", "role": "Wallbreaker", "bvs": {"hp": 80, "atk": 120, "def": 80, "spa": 90, "spd": 65, "spe": 135}, "stats": {"hp": 234, "atk": 215, "def": 157, "spa": 172, "spd": 136, "spe": 236}, "types": ["Dark", "Ice"]}, "Torterra": {"name": "Torterra", "species": "Torterra", "speciesId": "torterra", "gender": "F", "shiny": false, "level": 78, "moves": ["shellsmash", "headlongrush", "bulletseed", "rockblast"], "ability": "Overgrow", "evs": {"hp": 85, "atk": 85, "def": 85, "spa": 85, "spd": 85, "spe": 85}, "ivs": {"hp": 31, "atk": 31, "def": 31, "spa": 31, "spd": 31, "spe": 31}, "item": "Loaded Dice", "teraType": "Rock", "role": "Setup Sweeper", "bvs": {"hp": 95, "atk": 109, "def": 105, "spa": 75, "spd": 85, "spe": 56}, "stats": {"hp": 276, "atk": 215, "def": 209, "spa": 162, "spd": 178, "spe": 132}, "types": ["Grass", "Ground"]}, "Oricorio": {"name": "Oricorio", "species": "Oricorio", "speciesId": "oricorio", "gender": "F", "shiny": false, "level": 84, "moves": ["quiverdance", "hurricane", "roost", "revelationdance"], "ability": "Dancer", "evs": {"hp": 85, "atk": 0, "def": 85, "spa": 85, "spd": 85, "spe": 85}, "ivs": {"hp": 31, "atk": 0, "def": 31, "spa": 31, "spd": 31, "spe": 31}, "item": "Heavy-Duty Boots", "teraType": "Ground", "role": "Setup Sweeper", "bvs": {"hp": 75, "atk": 70, "def": 70, "spa": 98, "spd": 70, "spe": 93}, "stats": {"hp": 263, "atk": 122, "def": 166, "spa": 213, "spd": 166, "spe": 204}, "types": ["Fire", "Flying"]}, "Lanturn": {"name": "Lanturn", "species": "Lanturn", "speciesId": "lanturn", "gender": "F", "shiny": false, "level": 89, "moves": ["scald", "voltswitch", "thunderwave", "thunderbolt"], "ability": "Volt Absorb", "evs": {"hp": 85, "atk": 0, "def": 85, "spa": 85, "spd": 85, "spe": 85}, "ivs": {"hp": 31, "atk": 0, "def": 31, "spa": 31, "spd": 31, "spe": 31}, "item": "Heavy-Duty Boots", "teraType": "Flying", "role": "Fast Support", "bvs": {"hp": 125, "atk": 58, "def": 58, "spa": 76, "spd": 76, "spe": 67}, "stats": {"hp": 367, "atk": 108, "def": 154, "spa": 186, "spd": 186, "spe": 170}, "types": ["Water", "Electric"]}, "Scream Tail": {"name": "Scream Tail", "species": "Scream Tail", "speciesId": "screamtail", "gender": "N", "shiny": false, "level": 84, "moves": ["dazzlinggleam", "protect", "wish", "thunderwave"], "ability": "Protosynthesis", "evs": {"hp": 85, "atk": 0, "def": 85, "spa": 85, "spd": 85, "spe": 85}, "ivs": {"hp": 31, "atk": 0, "def": 31, "spa": 31, "spd": 31, "spe": 31}, "item": "Leftovers", "teraType": "Steel", "role": "Bulky Attacker", "bvs": {"hp": 115, "atk": 65, "def": 99, "spa": 65, "spd": 115, "spe": 111}, "stats": {"hp": 330, "atk": 114, "def": 215, "spa": 157, "spd": 241, "spe": 235}, "types": ["Fairy", "Psychic"]}}]}