{"id": "gen9randombattle-2642178475", "format": "[Gen 9] Random Battle", "players": ["jnpr010334", "95bin"], "log": "|j|\u2606jnpr010334\n|j|\u260695bin\n|t:|1782906188\n|gametype|singles\n|player|p1|jnpr010334|265|1753\n|player|p2|95bin|170|1817\n|gen|9\n|tier|[Gen 9] Random Battle\n|rated|\n|rule|Species Clause: Limit one of each Pok\u00e9mon\n|rule|HP Percentage Mod: HP is shown in percentages\n|rule|Sleep Clause Mod: Limit one foe put to sleep\n|rule|Illusion Level Mod: Illusion disguises the Pok\u00e9mon's true level\n|\n|t:|1782906188\n|teamsize|p1|6\n|teamsize|p2|6\n|start\n|switch|p1a: Grafaiai|Grafaiai, L86, M|249/249\n|switch|p2a: Regieleki|Regieleki, L79|256/256\n|turn|1\n|inactive|Battle timer is ON: inactive players will automatically lose when time's up. (requested by jnpr010334)\n|\n|t:|1782906205\n|switch|p1a: Zekrom|Zekrom, L71|259/259\n|-ability|p1a: Zekrom|Teravolt\n|move|p2a: Regieleki|Volt Switch|p1a: Zekrom\n|-resisted|p1a: Zekrom\n|-damage|p1a: Zekrom|229/259\n|\n|t:|1782906209\n|switch|p2a: Greedent|Greedent, L86, F|347/347|[from] Volt Switch\n|\n|-heal|p1a: Zekrom|245/259|[from] item: Leftovers\n|upkeep\n|turn|2\n|\n|t:|1782906224\n|move|p1a: Zekrom|Dragon Dance|p1a: Zekrom\n|-boost|p1a: Zekrom|atk|1\n|-boost|p1a: Zekrom|spe|1\n|move|p2a: Greedent|Swords Dance|p2a: Greedent\n|-boost|p2a: Greedent|atk|2\n|\n|-heal|p1a: Zekrom|259/259|[from] item: Leftovers\n|upkeep\n|turn|3\n|\n|t:|1782906228\n|move|p1a: Zekrom|Bolt Strike|p2a: Greedent\n|-damage|p2a: Greedent|161/347\n|-enditem|p2a: Greedent|Sitrus Berry|[eat]\n|-heal|p2a: Greedent|247/347|[from] item: Sitrus Berry\n|-heal|p2a: Greedent|347/347|[from] ability: Cheek Pouch\n|move|p2a: Greedent|Earthquake|p1a: Zekrom\n|-supereffective|p1a: Zekrom\n|-damage|p1a: Zekrom|0 fnt\n|faint|p1a: Zekrom\n|\n|upkeep\n|\n|t:|1782906233\n|switch|p1a: Indeedee|Indeedee-F, L90, F|272/272\n|-fieldstart|move: Psychic Terrain|[from] ability: Psychic Surge|[of] p1a: Indeedee\n|turn|4\n|\n|t:|1782906237\n|move|p1a: Indeedee|Psychic|p2a: Greedent\n|-damage|p2a: Greedent|133/347\n|-damage|p1a: Indeedee|245/272|[from] item: Life Orb\n|move|p2a: Greedent|Knock Off|p1a: Indeedee\n|-supereffective|p1a: Indeedee\n|-damage|p1a: Indeedee|0 fnt\n|-enditem|p1a: Indeedee|Life Orb|[from] move: Knock Off|[of] p2a: Greedent\n|faint|p1a: Indeedee\n|\n|upkeep\n|\n|t:|1782906240\n|switch|p1a: Grafaiai|Grafaiai, L86, M|249/249\n|turn|5\n|\n|t:|1782906248\n|move|p1a: Grafaiai|Gunk Shot|p2a: Greedent\n|-damage|p2a: Greedent|0 fnt\n|faint|p2a: Greedent\n|-damage|p1a: Grafaiai|225/249|[from] item: Life Orb\n|\n|upkeep\n|\n|t:|1782906265\n|switch|p2a: Clawitzer|Clawitzer, L87, M|265/265\n|turn|6\n|\n|t:|1782906274\n|move|p1a: Grafaiai|Gunk Shot|p2a: Clawitzer\n|-damage|p2a: Clawitzer|100/265\n|-damage|p1a: Grafaiai|201/249|[from] item: Life Orb\n|move|p2a: Clawitzer|Water Pulse|p1a: Grafaiai\n|-damage|p1a: Grafaiai|0 fnt\n|faint|p1a: Grafaiai\n|\n|upkeep\n|\n|t:|1782906277\n|switch|p1a: Alcremie|Alcremie-Ruby-Swirl, L90, F|263/263\n|turn|7\n|\n|t:|1782906287\n|move|p1a: Alcremie|Calm Mind|p1a: Alcremie\n|-boost|p1a: Alcremie|spa|1\n|-boost|p1a: Alcremie|spd|1\n|move|p2a: Clawitzer|Water Pulse|p1a: Alcremie\n|-damage|p1a: Alcremie|176/263\n|\n|-heal|p1a: Alcremie|192/263|[from] item: Leftovers\n|upkeep\n|turn|8\n|\n|t:|1782906295\n|switch|p2a: Ceruledge|Ceruledge, L78, M|245/245\n|move|p1a: Alcremie|Calm Mind|p1a: Alcremie\n|-boost|p1a: Alcremie|spa|1\n|-boost|p1a: Alcremie|spd|1\n|\n|-heal|p1a: Alcremie|208/263|[from] item: Leftovers\n|-fieldend|move: Psychic Terrain\n|upkeep\n|turn|9\n|\n|t:|1782906309\n|move|p2a: Ceruledge|Swords Dance|p2a: Ceruledge\n|-boost|p2a: Ceruledge|atk|2\n|move|p1a: Alcremie|Psyshock|p2a: Ceruledge\n|-damage|p2a: Ceruledge|78/245\n|\n|-heal|p1a: Alcremie|224/263|[from] item: Leftovers\n|upkeep\n|turn|10\n|\n|t:|1782906315\n|move|p2a: Ceruledge|Poltergeist|p1a: Alcremie\n|-activate|p1a: Alcremie|move: Poltergeist|Leftovers\n|-damage|p1a: Alcremie|0 fnt\n|faint|p1a: Alcremie\n|\n|upkeep\n|\n|t:|1782906318\n|switch|p1a: Dragapult|Dragapult, L77, M|262/262\n|turn|11\n|\n|t:|1782906336\n|move|p1a: Dragapult|Hex|p2a: Ceruledge\n|-supereffective|p2a: Ceruledge\n|-damage|p2a: Ceruledge|0 fnt\n|faint|p2a: Ceruledge\n|\n|upkeep\n|inactive|95bin has 120 seconds left.\n|\n|t:|1782906358\n|switch|p2a: Noctowl|Noctowl, L95, M|344/344\n|turn|12\n|\n|t:|1782906361\n|move|p1a: Dragapult|Will-O-Wisp|p2a: Noctowl\n|-status|p2a: Noctowl|brn\n|move|p2a: Noctowl|Hurricane|p1a: Dragapult|[miss]\n|-miss|p2a: Noctowl|p1a: Dragapult\n|\n|-damage|p2a: Noctowl|323/344 brn|[from] brn\n|upkeep\n|turn|13\n|\n|t:|1782906368\n|move|p1a: Dragapult|Dragon Darts|p2a: Noctowl\n|-damage|p2a: Noctowl|250/344 brn\n|-anim|p1a: Dragapult|Dragon Darts|p2a: Noctowl\n|-damage|p2a: Noctowl|178/344 brn\n|move|p2a: Noctowl|Hurricane|p1a: Dragapult\n|-damage|p1a: Dragapult|103/262\n|-start|p1a: Dragapult|confusion\n|\n|-damage|p2a: Noctowl|157/344 brn|[from] brn\n|upkeep\n|turn|14\n|\n|t:|1782906377\n|-activate|p1a: Dragapult|confusion\n|move|p1a: Dragapult|Dragon Darts|p2a: Noctowl\n|-damage|p2a: Noctowl|93/344 brn\n|-anim|p1a: Dragapult|Dragon Darts|p2a: Noctowl\n|-damage|p2a: Noctowl|23/344 brn\n|move|p2a: Noctowl|Hurricane|p1a: Dragapult\n|-damage|p1a: Dragapult|0 fnt\n|faint|p1a: Dragapult\n|\n|-damage|p2a: Noctowl|2/344 brn|[from] brn\n|upkeep\n|\n|t:|1782906380\n|switch|p1a: Dedenne|Dedenne, L88, F|261/261\n|turn|15\n|\n|t:|1782906390\n|move|p1a: Dedenne|Thunderbolt|p2a: Noctowl\n|-supereffective|p2a: Noctowl\n|-damage|p2a: Noctowl|0 fnt\n|faint|p2a: Noctowl\n|\n|upkeep\n|\n|t:|1782906409\n|switch|p2a: Clawitzer|Clawitzer, L87, M|100/265\n|turn|16\n|\n|t:|1782906414\n|-terastallize|p2a: Clawitzer|Dragon\n|move|p1a: Dedenne|Thunderbolt|p2a: Clawitzer\n|-resisted|p2a: Clawitzer\n|-damage|p2a: Clawitzer|52/265\n|move|p2a: Clawitzer|Water Pulse|p1a: Dedenne\n|-damage|p1a: Dedenne|68/261\n|-enditem|p1a: Dedenne|Sitrus Berry|[eat]\n|-heal|p1a: Dedenne|133/261|[from] item: Sitrus Berry\n|-heal|p1a: Dedenne|220/261|[from] ability: Cheek Pouch\n|\n|upkeep\n|turn|17\n|\n|t:|1782906420\n|move|p1a: Dedenne|Dazzling Gleam|p2a: Clawitzer\n|-supereffective|p2a: Clawitzer\n|-damage|p2a: Clawitzer|0 fnt\n|faint|p2a: Clawitzer\n|\n|upkeep\n|\n|t:|1782906431\n|switch|p2a: Regieleki|Regieleki, L79|256/256\n|turn|18\n|\n|t:|1782906437\n|move|p2a: Regieleki|Explosion|p1a: Dedenne\n|-crit|p1a: Dedenne\n|-damage|p1a: Dedenne|0 fnt\n|faint|p2a: Regieleki\n|faint|p1a: Dedenne\n|\n|win|95bin\n|raw|jnpr010334's rating: 1714 &rarr; <strong>1700</strong><br />(-14 for losing)\n|raw|95bin's rating: 1817 &rarr; <strong>1831</strong><br />(+14 for winning)\n", "inputlog": ">version f8ac14003a5f27e1bdc8d8c59608a773c1cb96e5\n>start {\"formatid\":\"gen9randombattle\",\"seed\":\"sodium,af85e55e46633307cc3455b0e1a04a00\",\"rated\":\"Rated battle\"}\n>player p1 {\"name\":\"jnpr010334\",\"avatar\":\"265\",\"rating\":1753,\"seed\":\"sodium,074f53144e9b9de088679eeccdccb5cd\"}\n>player p2 {\"name\":\"95bin\",\"avatar\":\"170\",\"rating\":1817,\"seed\":\"sodium,609d6a064cf90e567425d764a0ba17f8\"}\n>p1 switch 3\n>p2 move voltswitch\n>p2 switch 4\n>p1 move dragondance\n>p2 move swordsdance\n>p1 move boltstrike\n>p2 move earthquake\n>p1 switch 5\n>p1 move psychic\n>p2 move knockoff\n>p1 switch 3\n>p1 move gunkshot\n>p2 move earthquake\n>p2 switch 6\n>p1 move gunkshot\n>p2 move waterpulse\n>p1 switch 2\n>p1 move calmmind\n>p2 move waterpulse\n>p1 move calmmind\n>p2 switch 2\n>p1 move psyshock\n>p2 move swordsdance\n>p1 move alluringvoice\n>p2 move poltergeist\n>p1 switch 4\n>p1 move hex\n>p2 move poltergeist\n>p2 switch 5\n>p1 move willowisp\n>p2 move hurricane\n>p1 move dragondarts\n>p2 move hurricane\n>p1 move dragondarts\n>p2 move hurricane\n>p1 switch 6\n>p1 move thunderbolt\n>p2 move hypervoice\n>p2 switch 2\n>p1 move thunderbolt\n>p2 move waterpulse terastallize\n>p1 move dazzlinggleam\n>p2 move waterpulse\n>p2 switch 4\n>p1 move superfang\n>p2 move explosion", "uploadtime": 1782906439, "views": 5, "formatid": "gen9randombattle", "rating": 1700, "private": 0, "password": null, "player_dets": [{"name": "jnpr010334", "avatar": "265", "rating": 1753, "seed": "sodium,074f53144e9b9de088679eeccdccb5cd"}, {"name": "95bin", "avatar": "170", "rating": 1817, "seed": "sodium,609d6a064cf90e567425d764a0ba17f8"}], "teams_full": [{"Grafaiai": {"name": "Grafaiai", "species": "Grafaiai", "speciesId": "grafaiai", "gender": "M", "shiny": false, "level": 86, "moves": ["lowkick", "gunkshot", "knockoff", "swordsdance"], "ability": "Poison Touch", "evs": {"hp": 85, "atk": 85, "def": 85, "spa": 85, "spd": 85, "spe": 85}, "ivs": {"hp": 31, "atk": 31, "def": 31, "spa": 31, "spd": 31, "spe": 31}, "item": "Life Orb", "teraType": "Dark", "role": "Setup Sweeper", "bvs": {"hp": 63, "atk": 95, "def": 65, "spa": 80, "spd": 72, "spe": 110}, "stats": {"hp": 249, "atk": 213, "def": 161, "spa": 187, "spd": 173, "spe": 238}, "types": ["Poison", "Normal"]}, "Alcremie": {"name": "Alcremie", "species": "Alcremie-Ruby-Swirl", "speciesId": "alcremie", "gender": "F", "shiny": false, "level": 90, "moves": ["psyshock", "recover", "calmmind", "alluringvoice"], "ability": "Aroma Veil", "evs": {"hp": 85, "atk": 0, "def": 85, "spa": 85, "spd": 85, "spe": 85}, "ivs": {"hp": 31, "atk": 0, "def": 31, "spa": 31, "spd": 31, "spe": 31}, "item": "Leftovers", "teraType": "Poison", "role": "Bulky Setup", "bvs": {"hp": 65, "atk": 60, "def": 75, "spa": 110, "spd": 121, "spe": 64}, "stats": {"hp": 263, "atk": 113, "def": 186, "spa": 249, "spd": 269, "spe": 167}, "types": ["Fairy"]}, "Zekrom": {"name": "Zekrom", "species": "Zekrom", "speciesId": "zekrom", "gender": "N", "shiny": false, "level": 71, "moves": ["dragondance", "outrage", "boltstrike", "substitute"], "ability": "Teravolt", "evs": {"hp": 85, "atk": 85, "def": 85, "spa": 85, "spd": 85, "spe": 85}, "ivs": {"hp": 31, "atk": 31, "def": 31, "spa": 31, "spd": 31, "spe": 31}, "item": "Leftovers", "teraType": "Grass", "role": "Setup Sweeper", "bvs": {"hp": 100, "atk": 150, "def": 120, "spa": 120, "spd": 100, "spe": 90}, "stats": {"hp": 259, "atk": 254, "def": 212, "spa": 212, "spd": 183, "spe": 169}, "types": ["Dragon", "Electric"]}, "Dragapult": {"name": "Dragapult", "species": "Dragapult", "speciesId": "dragapult", "gender": "M", "shiny": false, "level": 77, "moves": ["willowisp", "hex", "dragondarts", "uturn"], "ability": "Cursed Body", "evs": {"hp": 85, "atk": 85, "def": 85, "spa": 85, "spd": 85, "spe": 85}, "ivs": {"hp": 31, "atk": 31, "def": 31, "spa": 31, "spd": 31, "spe": 31}, "item": "Heavy-Duty Boots", "teraType": "Fairy", "role": "Fast Support", "bvs": {"hp": 88, "atk": 120, "def": 75, "spa": 100, "spd": 75, "spe": 142}, "stats": {"hp": 262, "atk": 229, "def": 160, "spa": 199, "spd": 160, "spe": 263}, "types": ["Dragon", "Ghost"]}, "Indeedee": {"name": "Indeedee", "species": "Indeedee-F", "speciesId": "indeedeef", "gender": "F", "shiny": false, "level": 90, "moves": ["calmmind", "psychic", "dazzlinggleam", "hypervoice"], "ability": "Psychic Surge", "evs": {"hp": 85, "atk": 0, "def": 85, "spa": 85, "spd": 85, "spe": 85}, "ivs": {"hp": 31, "atk": 0, "def": 31, "spa": 31, "spd": 31, "spe": 31}, "item": "Life Orb", "teraType": "Fairy", "role": "Fast Attacker", "bvs": {"hp": 70, "atk": 55, "def": 65, "spa": 95, "spd": 105, "spe": 85}, "stats": {"hp": 272, "atk": 104, "def": 168, "spa": 222, "spd": 240, "spe": 204}, "types": ["Psychic", "Normal"]}, "Dedenne": {"name": "Dedenne", "species": "Dedenne", "speciesId": "dedenne", "gender": "F", "shiny": false, "level": 88, "moves": ["uturn", "dazzlinggleam", "thunderbolt", "superfang"], "ability": "Cheek Pouch", "evs": {"hp": 85, "atk": 85, "def": 85, "spa": 85, "spd": 85, "spe": 85}, "ivs": {"hp": 31, "atk": 31, "def": 31, "spa": 31, "spd": 31, "spe": 31}, "item": "Sitrus Berry", "teraType": "Flying", "role": "Fast Support", "bvs": {"hp": 67, "atk": 58, "def": 57, "spa": 81, "spd": 67, "spe": 101}, "stats": {"hp": 261, "atk": 152, "def": 151, "spa": 193, "spd": 168, "spe": 228}, "types": ["Electric", "Fairy"]}}, {"Regieleki": {"name": "Regieleki", "species": "Regieleki", "speciesId": "regieleki", "gender": "N", "shiny": false, "level": 79, "moves": ["rapidspin", "explosion", "voltswitch", "thunderbolt"], "ability": "Transistor", "evs": {"hp": 85, "atk": 85, "def": 85, "spa": 85, "spd": 85, "spe": 85}, "ivs": {"hp": 31, "atk": 31, "def": 31, "spa": 31, "spd": 31, "spe": 31}, "item": "Magnet", "teraType": "Electric", "role": "Fast Support", "bvs": {"hp": 80, "atk": 100, "def": 50, "spa": 100, "spd": 50, "spe": 200}, "stats": {"hp": 256, "atk": 204, "def": 125, "spa": 204, "spd": 125, "spe": 362}, "types": ["Electric"]}, "Ceruledge": {"name": "Ceruledge", "species": "Ceruledge", "speciesId": "ceruledge", "gender": "M", "shiny": false, "level": 78, "moves": ["swordsdance", "poltergeist", "closecombat", "bitterblade"], "ability": "Weak Armor", "evs": {"hp": 85, "atk": 85, "def": 85, "spa": 85, "spd": 85, "spe": 85}, "ivs": {"hp": 31, "atk": 31, "def": 31, "spa": 31, "spd": 31, "spe": 31}, "item": "Heavy-Duty Boots", "teraType": "Fire", "role": "Setup Sweeper", "bvs": {"hp": 75, "atk": 125, "def": 80, "spa": 60, "spd": 100, "spe": 85}, "stats": {"hp": 245, "atk": 240, "def": 170, "spa": 139, "spd": 201, "spe": 178}, "types": ["Fire", "Ghost"]}, "Iron Bundle": {"name": "Iron Bundle", "species": "Iron Bundle", "speciesId": "ironbundle", "gender": "N", "shiny": false, "level": 78, "moves": ["encore", "icebeam", "hydropump", "freezedry"], "ability": "Quark Drive", "evs": {"hp": 85, "atk": 0, "def": 85, "spa": 85, "spd": 85, "spe": 85}, "ivs": {"hp": 31, "atk": 0, "def": 31, "spa": 31, "spd": 31, "spe": 31}, "item": "Heavy-Duty Boots", "teraType": "Water", "role": "Fast Attacker", "bvs": {"hp": 56, "atk": 80, "def": 114, "spa": 124, "spd": 60, "spe": 136}, "stats": {"hp": 215, "atk": 129, "def": 223, "spa": 239, "spd": 139, "spe": 257}, "types": ["Ice", "Water"]}, "Greedent": {"name": "Greedent", "species": "Greedent", "speciesId": "greedent", "gender": "F", "shiny": false, "level": 86, "moves": ["knockoff", "doubleedge", "swordsdance", "earthquake"], "ability": "Cheek Pouch", "evs": {"hp": 85, "atk": 85, "def": 85, "spa": 85, "spd": 85, "spe": 85}, "ivs": {"hp": 31, "atk": 31, "def": 31, "spa": 31, "spd": 31, "spe": 31}, "item": "Sitrus Berry", "teraType": "Ghost", "role": "Bulky Setup", "bvs": {"hp": 120, "atk": 95, "def": 95, "spa": 55, "spd": 75, "spe": 20}, "stats": {"hp": 347, "atk": 213, "def": 213, "spa": 144, "spd": 178, "spe": 84}, "types": ["Normal"]}, "Noctowl": {"name": "Noctowl", "species": "Noctowl", "speciesId": "noctowl", "gender": "M", "shiny": false, "level": 95, "moves": ["hypervoice", "hurricane", "roost", "nastyplot"], "ability": "Tinted Lens", "evs": {"hp": 85, "atk": 0, "def": 85, "spa": 85, "spd": 85, "spe": 85}, "ivs": {"hp": 31, "atk": 0, "def": 31, "spa": 31, "spd": 31, "spe": 31}, "item": "Heavy-Duty Boots", "teraType": "Steel", "role": "Bulky Attacker", "bvs": {"hp": 100, "atk": 50, "def": 50, "spa": 86, "spd": 96, "spe": 70}, "stats": {"hp": 344, "atk": 100, "def": 149, "spa": 217, "spd": 236, "spe": 187}, "types": ["Normal", "Flying"]}, "Clawitzer": {"name": "Clawitzer", "species": "Clawitzer", "speciesId": "clawitzer", "gender": "M", "shiny": false, "level": 87, "moves": ["icebeam", "dragonpulse", "aurasphere", "waterpulse"], "ability": "Mega Launcher", "evs": {"hp": 85, "atk": 0, "def": 85, "spa": 85, "spd": 85, "spe": 85}, "ivs": {"hp": 31, "atk": 0, "def": 31, "spa": 31, "spd": 31, "spe": 31}, "item": "Choice Specs", "teraType": "Dragon", "role": "Wallbreaker", "bvs": {"hp": 71, "atk": 73, "def": 88, "spa": 120, "spd": 89, "spe": 59}, "stats": {"hp": 265, "atk": 132, "def": 203, "spa": 259, "spd": 205, "spe": 152}, "types": ["Water"]}}]}