{"id": "gen9randombattle-2641862672", "format": "[Gen 9] Random Battle", "players": ["xVolvagiax", "Omnimon merciful m"], "log": "|j|\u2606xVolvagiax\n|j|\u2606Omnimon merciful m\n|t:|1782850885\n|gametype|singles\n|player|p1|xVolvagiax|265|1453\n|player|p2|Omnimon merciful m|benga|1493\n|gen|9\n|tier|[Gen 9] Random Battle\n|rated|\n|rule|Species Clause: Limit one of each Pok\u00e9mon\n|rule|HP Percentage Mod: HP is shown in percentages\n|rule|Sleep Clause Mod: Limit one foe put to sleep\n|rule|Illusion Level Mod: Illusion disguises the Pok\u00e9mon's true level\n|\n|t:|1782850885\n|teamsize|p1|6\n|teamsize|p2|6\n|start\n|switch|p1a: Greninja|Greninja, L80, M|246/246\n|switch|p2a: Chi-Yu|Chi-Yu, L77|211/211\n|-ability|p2a: Chi-Yu|Beads of Ruin\n|turn|1\n|\n|t:|1782850907\n|switch|p2a: Clefable|Clefable, L83, M|293/293\n|move|p1a: Greninja|Hydro Pump|p2a: Clefable\n|-damage|p2a: Clefable|151/293\n|-damage|p1a: Greninja|222/246|[from] item: Life Orb\n|\n|-heal|p2a: Clefable|169/293|[from] item: Leftovers\n|upkeep\n|turn|2\n|inactive|Battle timer is ON: inactive players will automatically lose when time's up. (requested by Omnimon merciful m)\n|\n|t:|1782850913\n|move|p1a: Greninja|Gunk Shot|p2a: Clefable\n|-supereffective|p2a: Clefable\n|-damage|p2a: Clefable|0 fnt\n|faint|p2a: Clefable\n|-ability|p1a: Greninja|Battle Bond|boost\n|-boost|p1a: Greninja|atk|1\n|-boost|p1a: Greninja|spa|1\n|-boost|p1a: Greninja|spe|1\n|-activate|p1a: Greninja|ability: Battle Bond\n|-damage|p1a: Greninja|198/246|[from] item: Life Orb\n|\n|upkeep\n|\n|t:|1782850927\n|switch|p2a: Ursaluna|Ursaluna-Bloodmoon, L79, M|308/308\n|turn|3\n|\n|t:|1782850955\n|-terastallize|p2a: Ursaluna|Fighting\n|move|p1a: Greninja|Hydro Pump|p2a: Ursaluna\n|-damage|p2a: Ursaluna|35/308\n|-damage|p1a: Greninja|174/246|[from] item: Life Orb\n|move|p2a: Ursaluna|Blood Moon|p1a: Greninja\n|-damage|p1a: Greninja|0 fnt\n|faint|p1a: Greninja\n|\n|-heal|p2a: Ursaluna|54/308|[from] item: Leftovers\n|upkeep\n|\n|t:|1782850965\n|switch|p1a: Palafin|Palafin, L77, M|281/281\n|turn|4\n|\n|t:|1782850973\n|switch|p2a: Gholdengo|Gholdengo, L77|261/261\n|move|p1a: Palafin|Wave Crash|p2a: Gholdengo\n|-damage|p2a: Gholdengo|170/261\n|-damage|p1a: Palafin|251/281|[from] Recoil\n|\n|-heal|p1a: Palafin|268/281|[from] item: Leftovers\n|-heal|p2a: Gholdengo|186/261|[from] item: Leftovers\n|upkeep\n|turn|5\n|\n|t:|1782850980\n|detailschange|p1a: Palafin|Palafin-Hero, L77, M\n|switch|p1a: Ogerpon|Ogerpon-Hearthflame, L74, F|239/239\n|-ability|p1a: Ogerpon|Mold Breaker\n|move|p2a: Gholdengo|Thunder Wave|p1a: Ogerpon\n|-status|p1a: Ogerpon|par\n|\n|-heal|p2a: Gholdengo|202/261|[from] item: Leftovers\n|upkeep\n|turn|6\n|\n|t:|1782850990\n|switch|p2a: Chi-Yu|Chi-Yu, L77|211/211\n|-ability|p2a: Chi-Yu|Beads of Ruin\n|move|p1a: Ogerpon|Knock Off|p2a: Chi-Yu\n|-resisted|p2a: Chi-Yu\n|-damage|p2a: Chi-Yu|163/211\n|-enditem|p2a: Chi-Yu|Heavy-Duty Boots|[from] move: Knock Off|[of] p1a: Ogerpon\n|\n|upkeep\n|turn|7\n|\n|t:|1782851014\n|move|p2a: Chi-Yu|Fire Blast|p1a: Ogerpon\n|-damage|p1a: Ogerpon|61/239 par\n|move|p1a: Ogerpon|Ivy Cudgel|p2a: Chi-Yu|[anim] Ivy Cudgel Fire\n|-resisted|p2a: Chi-Yu\n|-damage|p2a: Chi-Yu|94/211\n|\n|upkeep\n|turn|8\n|\n|t:|1782851019\n|move|p2a: Chi-Yu|Dark Pulse|p1a: Ogerpon\n|-damage|p1a: Ogerpon|0 fnt\n|faint|p1a: Ogerpon\n|\n|upkeep\n|\n|t:|1782851021\n|switch|p1a: Palafin|Palafin-Hero, L77, M|268/281\n|-activate|p1a: Palafin|ability: Zero to Hero\n|turn|9\n|\n|t:|1782851030\n|move|p1a: Palafin|Jet Punch|p2a: Chi-Yu\n|-supereffective|p2a: Chi-Yu\n|-damage|p2a: Chi-Yu|0 fnt\n|faint|p2a: Chi-Yu\n|\n|-heal|p1a: Palafin|281/281|[from] item: Leftovers\n|upkeep\n|\n|t:|1782851033\n|switch|p2a: Gholdengo|Gholdengo, L77|202/261\n|turn|10\n|\n|t:|1782851038\n|move|p1a: Palafin|Bulk Up|p1a: Palafin\n|-boost|p1a: Palafin|atk|1\n|-boost|p1a: Palafin|def|1\n|move|p2a: Gholdengo|Thunder Wave|p1a: Palafin\n|-status|p1a: Palafin|par\n|\n|-heal|p2a: Gholdengo|218/261|[from] item: Leftovers\n|upkeep\n|turn|11\n|\n|t:|1782851047\n|move|p2a: Gholdengo|Shadow Ball|p1a: Palafin\n|-damage|p1a: Palafin|178/281 par\n|cant|p1a: Palafin|par\n|\n|-heal|p2a: Gholdengo|234/261|[from] item: Leftovers\n|-heal|p1a: Palafin|195/281 par|[from] item: Leftovers\n|upkeep\n|turn|12\n|\n|t:|1782851053\n|move|p2a: Gholdengo|Shadow Ball|p1a: Palafin\n|-damage|p1a: Palafin|96/281 par\n|move|p1a: Palafin|Wave Crash|p2a: Gholdengo\n|-damage|p2a: Gholdengo|0 fnt\n|faint|p2a: Gholdengo\n|-damage|p1a: Palafin|19/281 par|[from] Recoil\n|\n|-heal|p1a: Palafin|36/281 par|[from] item: Leftovers\n|upkeep\n|\n|t:|1782851057\n|switch|p2a: Ursaluna|Ursaluna-Bloodmoon, L79, M, tera:Fighting|54/308\n|turn|13\n|\n|t:|1782851061\n|move|p2a: Ursaluna|Vacuum Wave|p1a: Palafin\n|-damage|p1a: Palafin|0 fnt\n|faint|p1a: Palafin\n|\n|-heal|p2a: Ursaluna|73/308|[from] item: Leftovers\n|upkeep\n|\n|t:|1782851073\n|switch|p1a: Gholdengo|Gholdengo, L77|261/261\n|turn|14\n|\n|t:|1782851096\n|move|p1a: Gholdengo|Shadow Ball|p2a: Ursaluna\n|-damage|p2a: Ursaluna|0 fnt\n|faint|p2a: Ursaluna\n|\n|upkeep\n|\n|t:|1782851100\n|switch|p2a: Landorus|Landorus, L75, M|257/257\n|turn|15\n|\n|t:|1782851106\n|switch|p1a: Volbeat|Volbeat, L90, M|263/263\n|move|p2a: Landorus|Earth Power|p1a: Volbeat\n|-resisted|p1a: Volbeat\n|-damage|p1a: Volbeat|189/263\n|\n|upkeep\n|turn|16\n|\n|t:|1782851112\n|switch|p2a: Thundurus|Thundurus, L80, M|258/258\n|move|p1a: Volbeat|Encore||[still]\n|-fail|p1a: Volbeat\n|\n|upkeep\n|turn|17\n|\n|t:|1782851125\n|switch|p1a: Gholdengo|Gholdengo, L77|261/261\n|move|p2a: Thundurus|Thunderbolt|p1a: Gholdengo\n|-damage|p1a: Gholdengo|153/261\n|\n|-heal|p1a: Gholdengo|169/261|[from] item: Leftovers\n|upkeep\n|turn|18\n|\n|t:|1782851136\n|move|p2a: Thundurus|Nasty Plot|p2a: Thundurus\n|-boost|p2a: Thundurus|spa|2\n|move|p1a: Gholdengo|Shadow Ball|p2a: Thundurus\n|-damage|p2a: Thundurus|152/258\n|-unboost|p2a: Thundurus|spd|1\n|-ability|p2a: Thundurus|Defiant|boost\n|-boost|p2a: Thundurus|atk|2\n|\n|-heal|p1a: Gholdengo|185/261|[from] item: Leftovers\n|upkeep\n|turn|19\n|\n|t:|1782851150\n|move|p2a: Thundurus|Thunderbolt|p1a: Gholdengo\n|-damage|p1a: Gholdengo|0 fnt\n|faint|p1a: Gholdengo\n|\n|upkeep\n|\n|t:|1782851157\n|switch|p1a: Glastrier|Glastrier, L86|311/311\n|turn|20\n|\n|t:|1782851163\n|move|p2a: Thundurus|Focus Blast|p1a: Glastrier\n|-supereffective|p1a: Glastrier\n|-damage|p1a: Glastrier|0 fnt\n|faint|p1a: Glastrier\n|\n|upkeep\n|\n|t:|1782851166\n|switch|p1a: Volbeat|Volbeat, L90, M|189/263\n|turn|21\n|-message|xVolvagiax forfeited.\n|\n|win|Omnimon merciful m\n|raw|xVolvagiax's rating: 1453 &rarr; <strong>1435</strong><br />(-18 for losing)\n|raw|Omnimon merciful m's rating: 1493 &rarr; <strong>1511</strong><br />(+18 for winning)\n|l|\u2606xVolvagiax\n|player|p1|\n", "inputlog": ">version f8ac14003a5f27e1bdc8d8c59608a773c1cb96e5\n>start {\"formatid\":\"gen9randombattle\",\"seed\":\"sodium,a477c096e040c428adcbc44f5e977c9c\",\"rated\":\"Rated battle\"}\n>player p1 {\"name\":\"xVolvagiax\",\"avatar\":\"265\",\"rating\":1453,\"seed\":\"sodium,a731d4bfe46a732163fc601ada2fb634\"}\n>player p2 {\"name\":\"Omnimon merciful m\",\"avatar\":\"benga\",\"rating\":1493,\"seed\":\"sodium,94be43c24a00a7954b73d880fd102363\"}\n>p1 move hydropump\n>p2 switch 6\n>p1 move gunkshot\n>p2 move moonblast\n>p2 switch 2\n>p1 move hydropump\n>p2 move bloodmoon terastallize\n>p1 switch 2\n>p1 move wavecrash\n>p2 switch 5\n>p1 switch 5\n>p2 move thunderwave\n>p1 move knockoff\n>p2 switch 6\n>p1 move ivycudgel\n>p2 move fireblast\n>p1 move powerwhip\n>p2 move darkpulse\n>p1 switch 5\n>p1 move jetpunch\n>p2 move willowisp\n>p2 switch 6\n>p1 move bulkup\n>p2 move thunderwave\n>p1 move wavecrash\n>p2 move shadowball\n>p1 move wavecrash\n>p2 move shadowball\n>p2 switch 5\n>p1 move jetpunch\n>p2 move vacuumwave\n>p1 switch 4\n>p1 move shadowball\n>p2 move bloodmoon\n>p2 switch 4\n>p1 switch 6\n>p2 move earthpower\n>p1 move encore\n>p2 switch 3\n>p1 switch 6\n>p2 move thunderbolt\n>p1 move shadowball\n>p2 move nastyplot\n>p1 move shadowball\n>p2 move thunderbolt\n>p1 switch 3\n>p1 move iciclecrash\n>p2 move focusblast\n>p1 switch 6\n>forcelose p1", "uploadtime": 1782851182, "views": 9, "formatid": "gen9randombattle", "rating": 1435, "private": 0, "password": null, "player_dets": [{"name": "xVolvagiax", "avatar": "265", "rating": 1453, "seed": "sodium,a731d4bfe46a732163fc601ada2fb634"}, {"name": "Omnimon merciful m", "avatar": "benga", "rating": 1493, "seed": "sodium,94be43c24a00a7954b73d880fd102363"}], "teams_full": [{"Greninja": {"name": "Greninja", "species": "Greninja-Bond", "speciesId": "greninjabond", "gender": "M", "shiny": false, "level": 80, "moves": ["gunkshot", "darkpulse", "icebeam", "hydropump"], "ability": "Battle Bond", "evs": {"hp": 85, "atk": 85, "def": 85, "spa": 85, "spd": 85, "spe": 85}, "ivs": {"hp": 31, "atk": 31, "def": 31, "spa": 31, "spd": 31, "spe": 31}, "item": "Life Orb", "teraType": "Water", "role": "Fast Attacker", "bvs": {"hp": 72, "atk": 95, "def": 67, "spa": 103, "spd": 71, "spe": 122}, "stats": {"hp": 246, "atk": 198, "def": 153, "spa": 211, "spd": 160, "spe": 241}, "types": ["Water", "Dark"]}, "Palafin": {"name": "Palafin", "species": "Palafin", "speciesId": "palafin", "gender": "M", "shiny": false, "level": 77, "moves": ["wavecrash", "jetpunch", "icepunch", "bulkup"], "ability": "Zero to Hero", "evs": {"hp": 85, "atk": 85, "def": 85, "spa": 85, "spd": 85, "spe": 85}, "ivs": {"hp": 31, "atk": 31, "def": 31, "spa": 31, "spd": 31, "spe": 31}, "item": "Leftovers", "teraType": "Dragon", "role": "Bulky Setup", "bvs": {"hp": 100, "atk": 70, "def": 72, "spa": 53, "spd": 62, "spe": 100}, "stats": {"hp": 281, "atk": 152, "def": 155, "spa": 126, "spd": 140, "spe": 199}, "types": ["Water"]}, "Glastrier": {"name": "Glastrier", "species": "Glastrier", "speciesId": "glastrier", "gender": "N", "shiny": false, "level": 86, "moves": ["highhorsepower", "iciclecrash", "closecombat", "heavyslam"], "ability": "Chilling Neigh", "evs": {"hp": 81, "atk": 85, "def": 85, "spa": 85, "spd": 85, "spe": 85}, "ivs": {"hp": 31, "atk": 31, "def": 31, "spa": 31, "spd": 31, "spe": 31}, "item": "Choice Band", "teraType": "Fighting", "role": "Bulky Attacker", "bvs": {"hp": 100, "atk": 145, "def": 130, "spa": 65, "spd": 110, "spe": 30}, "stats": {"hp": 311, "atk": 299, "def": 273, "spa": 161, "spd": 238, "spe": 101}, "types": ["Ice"]}, "Gholdengo": {"name": "Gholdengo", "species": "Gholdengo", "speciesId": "gholdengo", "gender": "N", "shiny": false, "level": 77, "moves": ["makeitrain", "recover", "shadowball", "thunderwave"], "ability": "Good as Gold", "evs": {"hp": 85, "atk": 0, "def": 85, "spa": 85, "spd": 85, "spe": 85}, "ivs": {"hp": 31, "atk": 0, "def": 31, "spa": 31, "spd": 31, "spe": 31}, "item": "Leftovers", "teraType": "Dark", "role": "Bulky Support", "bvs": {"hp": 87, "atk": 60, "def": 95, "spa": 133, "spd": 91, "spe": 84}, "stats": {"hp": 261, "atk": 97, "def": 191, "spa": 249, "spd": 185, "spe": 174}, "types": ["Steel", "Ghost"]}, "Ogerpon": {"name": "Ogerpon", "species": "Ogerpon-Hearthflame", "speciesId": "ogerponhearthflame", "gender": "F", "shiny": false, "level": 74, "moves": ["knockoff", "ivycudgel", "powerwhip", "swordsdance"], "ability": "Mold Breaker", "evs": {"hp": 77, "atk": 85, "def": 85, "spa": 85, "spd": 85, "spe": 85}, "ivs": {"hp": 31, "atk": 31, "def": 31, "spa": 31, "spd": 31, "spe": 31}, "item": "Hearthflame Mask", "teraType": "Fire", "role": "Setup Sweeper", "bvs": {"hp": 80, "atk": 120, "def": 84, "spa": 60, "spd": 96, "spe": 110}, "stats": {"hp": 239, "atk": 221, "def": 167, "spa": 132, "spd": 185, "spe": 206}, "types": ["Grass", "Fire"]}, "Volbeat": {"name": "Volbeat", "species": "Volbeat", "speciesId": "volbeat", "gender": "M", "shiny": false, "level": 90, "moves": ["encore", "uturn", "roost", "thunderwave"], "ability": "Prankster", "evs": {"hp": 85, "atk": 85, "def": 85, "spa": 85, "spd": 85, "spe": 85}, "ivs": {"hp": 31, "atk": 31, "def": 31, "spa": 31, "spd": 31, "spe": 31}, "item": "Heavy-Duty Boots", "teraType": "Water", "role": "Bulky Support", "bvs": {"hp": 65, "atk": 73, "def": 75, "spa": 47, "spd": 85, "spe": 85}, "stats": {"hp": 263, "atk": 183, "def": 186, "spa": 136, "spd": 204, "spe": 204}, "types": ["Bug"]}}, {"Chi-Yu": {"name": "Chi-Yu", "species": "Chi-Yu", "speciesId": "chiyu", "gender": "N", "shiny": false, "level": 77, "moves": ["nastyplot", "willowisp", "darkpulse", "fireblast"], "ability": "Beads of Ruin", "evs": {"hp": 85, "atk": 0, "def": 85, "spa": 85, "spd": 85, "spe": 85}, "ivs": {"hp": 31, "atk": 0, "def": 31, "spa": 31, "spd": 31, "spe": 31}, "item": "Heavy-Duty Boots", "teraType": "Dark", "role": "Setup Sweeper", "bvs": {"hp": 55, "atk": 80, "def": 80, "spa": 135, "spd": 120, "spe": 100}, "stats": {"hp": 211, "atk": 128, "def": 168, "spa": 252, "spd": 229, "spe": 199}, "types": ["Dark", "Fire"]}, "Ursaluna": {"name": "Ursaluna", "species": "Ursaluna-Bloodmoon", "speciesId": "ursalunabloodmoon", "gender": "M", "shiny": false, "level": 79, "moves": ["moonlight", "vacuumwave", "calmmind", "bloodmoon"], "ability": "Mind's Eye", "evs": {"hp": 85, "atk": 0, "def": 85, "spa": 85, "spd": 85, "spe": 85}, "ivs": {"hp": 31, "atk": 0, "def": 31, "spa": 31, "spd": 31, "spe": 31}, "item": "Leftovers", "teraType": "Fighting", "role": "Bulky Setup", "bvs": {"hp": 113, "atk": 70, "def": 120, "spa": 135, "spd": 65, "spe": 52}, "stats": {"hp": 308, "atk": 115, "def": 235, "spa": 259, "spd": 148, "spe": 128}, "types": ["Ground", "Normal"]}, "Thundurus": {"name": "Thundurus", "species": "Thundurus", "speciesId": "thundurus", "gender": "M", "shiny": false, "level": 80, "moves": ["thunderbolt", "focusblast", "terablast", "nastyplot"], "ability": "Defiant", "evs": {"hp": 85, "atk": 85, "def": 85, "spa": 85, "spd": 85, "spe": 85}, "ivs": {"hp": 31, "atk": 31, "def": 31, "spa": 31, "spd": 31, "spe": 31}, "item": "Heavy-Duty Boots", "teraType": "Flying", "role": "Tera Blast user", "bvs": {"hp": 79, "atk": 115, "def": 70, "spa": 125, "spd": 80, "spe": 111}, "stats": {"hp": 258, "atk": 230, "def": 158, "spa": 246, "spd": 174, "spe": 224}, "types": ["Electric", "Flying"]}, "Landorus": {"name": "Landorus", "species": "Landorus", "speciesId": "landorus", "gender": "M", "shiny": false, "level": 75, "moves": ["stealthrock", "earthpower", "psychic", "focusblast"], "ability": "Sheer Force", "evs": {"hp": 85, "atk": 0, "def": 85, "spa": 85, "spd": 85, "spe": 85}, "ivs": {"hp": 31, "atk": 0, "def": 31, "spa": 31, "spd": 31, "spe": 31}, "item": "Life Orb", "teraType": "Ground", "role": "Fast Attacker", "bvs": {"hp": 89, "atk": 125, "def": 90, "spa": 115, "spd": 80, "spe": 101}, "stats": {"hp": 257, "atk": 192, "def": 179, "spa": 216, "spd": 164, "spe": 195}, "types": ["Ground", "Flying"]}, "Gholdengo": {"name": "Gholdengo", "species": "Gholdengo", "speciesId": "gholdengo", "gender": "N", "shiny": false, "level": 77, "moves": ["thunderwave", "shadowball", "makeitrain", "recover"], "ability": "Good as Gold", "evs": {"hp": 85, "atk": 0, "def": 85, "spa": 85, "spd": 85, "spe": 85}, "ivs": {"hp": 31, "atk": 0, "def": 31, "spa": 31, "spd": 31, "spe": 31}, "item": "Leftovers", "teraType": "Water", "role": "Bulky Support", "bvs": {"hp": 87, "atk": 60, "def": 95, "spa": 133, "spd": 91, "spe": 84}, "stats": {"hp": 261, "atk": 97, "def": 191, "spa": 249, "spd": 185, "spe": 174}, "types": ["Steel", "Ghost"]}, "Clefable": {"name": "Clefable", "species": "Clefable", "speciesId": "clefable", "gender": "M", "shiny": false, "level": 83, "moves": ["fireblast", "moonlight", "moonblast", "calmmind"], "ability": "Unaware", "evs": {"hp": 85, "atk": 0, "def": 85, "spa": 85, "spd": 85, "spe": 85}, "ivs": {"hp": 31, "atk": 0, "def": 31, "spa": 31, "spd": 31, "spe": 31}, "item": "Leftovers", "teraType": "Fire", "role": "Bulky Setup", "bvs": {"hp": 95, "atk": 70, "def": 73, "spa": 95, "spd": 90, "spe": 60}, "stats": {"hp": 293, "atk": 121, "def": 169, "spa": 205, "spd": 197, "spe": 147}, "types": ["Fairy"]}}]}