{"id": "gen9randombattle-2642175552", "format": "[Gen 9] Random Battle", "players": ["jnpr010334", "PilsKracht"], "log": "|j|\u2606jnpr010334\n|j|\u2606PilsKracht\n|t:|1782905658\n|gametype|singles\n|player|p1|jnpr010334|265|1744\n|player|p2|PilsKracht|juan|1781\n|gen|9\n|tier|[Gen 9] Random Battle\n|rated|\n|rule|Species Clause: Limit one of each Pok\u00e9mon\n|rule|HP Percentage Mod: HP is shown in percentages\n|rule|Sleep Clause Mod: Limit one foe put to sleep\n|rule|Illusion Level Mod: Illusion disguises the Pok\u00e9mon's true level\n|\n|t:|1782905658\n|teamsize|p1|6\n|teamsize|p2|6\n|start\n|switch|p1a: Glalie|Glalie, L96, F|309/309\n|switch|p2a: Cresselia|Cresselia, L80, F|323/323\n|turn|1\n|c|\u2606PilsKracht|HELLO SON\n|c|\u2606PilsKracht|glhf\n|c|\u2606PilsKracht|wish u the best\n|inactive|Battle timer is ON: inactive players will automatically lose when time's up. (requested by jnpr010334)\n|\n|t:|1782905666\n|move|p1a: Glalie|Spikes|p2a: Cresselia\n|-sidestart|p2: PilsKracht|Spikes\n|move|p2a: Cresselia|Calm Mind|p2a: Cresselia\n|-boost|p2a: Cresselia|spa|1\n|-boost|p2a: Cresselia|spd|1\n|\n|upkeep\n|turn|2\n|\n|t:|1782905669\n|switch|p1a: Groudon|Groudon, L72|263/263\n|-weather|SunnyDay|[from] ability: Drought|[of] p1a: Groudon\n|move|p2a: Cresselia|Calm Mind|p2a: Cresselia\n|-boost|p2a: Cresselia|spa|1\n|-boost|p2a: Cresselia|spd|1\n|\n|-weather|SunnyDay|[upkeep]\n|upkeep\n|turn|3\n|\n|t:|1782905679\n|move|p2a: Cresselia|Psyshock|p1a: Groudon\n|-damage|p1a: Groudon|155/263\n|move|p1a: Groudon|Roar|p2a: Cresselia\n|drag|p2a: Arceus|Arceus-Ghost, L69|280/280\n|-damage|p2a: Arceus|245/280|[from] Spikes\n|\n|-weather|SunnyDay|[upkeep]\n|-heal|p1a: Groudon|171/263|[from] item: Leftovers\n|upkeep\n|turn|4\n|\n|t:|1782905687\n|move|p2a: Arceus|Will-O-Wisp|p1a: Groudon\n|-status|p1a: Groudon|brn\n|move|p1a: Groudon|Thunder Wave|p2a: Arceus\n|-status|p2a: Arceus|par\n|\n|-weather|SunnyDay|[upkeep]\n|-heal|p1a: Groudon|187/263 brn|[from] item: Leftovers\n|-damage|p1a: Groudon|171/263 brn|[from] brn\n|upkeep\n|turn|5\n|\n|t:|1782905692\n|switch|p1a: Arboliva|Arboliva, L91, F|290/290\n|move|p2a: Arceus|Judgment|p1a: Arboliva\n|-immune|p1a: Arboliva\n|\n|-weather|SunnyDay|[upkeep]\n|upkeep\n|turn|6\n|\n|t:|1782905697\n|move|p1a: Arboliva|Hyper Voice|p2a: Arceus\n|-immune|p2a: Arceus\n|move|p2a: Arceus|Focus Blast|p1a: Arboliva|[miss]\n|-miss|p2a: Arceus|p1a: Arboliva\n|\n|-weather|none\n|upkeep\n|turn|7\n|\n|t:|1782905706\n|move|p1a: Arboliva|Hyper Voice|p2a: Arceus\n|-immune|p2a: Arceus\n|move|p2a: Arceus|Focus Blast|p1a: Arboliva\n|-supereffective|p1a: Arboliva\n|-damage|p1a: Arboliva|190/290\n|-fieldstart|move: Grassy Terrain|[from] ability: Seed Sower|[of] p1a: Arboliva\n|\n|-heal|p1a: Arboliva|208/290|[from] Grassy Terrain\n|-heal|p1a: Arboliva|226/290|[from] item: Leftovers\n|-heal|p2a: Arceus|262/280 par|[from] Grassy Terrain\n|upkeep\n|turn|8\n|c|\u2606PilsKracht|u ok?\n|\n|t:|1782905712\n|move|p1a: Arboliva|Hyper Voice|p2a: Arceus\n|-immune|p2a: Arceus\n|move|p2a: Arceus|Focus Blast|p1a: Arboliva|[miss]\n|-miss|p2a: Arceus|p1a: Arboliva\n|\n|-heal|p1a: Arboliva|244/290|[from] Grassy Terrain\n|-heal|p1a: Arboliva|262/290|[from] item: Leftovers\n|-heal|p2a: Arceus|279/280 par|[from] Grassy Terrain\n|upkeep\n|turn|9\n|\n|t:|1782905719\n|move|p1a: Arboliva|Hyper Voice|p2a: Arceus\n|-immune|p2a: Arceus\n|move|p2a: Arceus|Will-O-Wisp|p1a: Arboliva\n|-status|p1a: Arboliva|brn\n|\n|-heal|p1a: Arboliva|280/290 brn|[from] Grassy Terrain\n|-heal|p1a: Arboliva|290/290 brn|[from] item: Leftovers\n|-heal|p2a: Arceus|280/280 par|[from] Grassy Terrain\n|-damage|p1a: Arboliva|272/290 brn|[from] brn\n|upkeep\n|turn|10\n|\n|t:|1782905721\n|move|p1a: Arboliva|Hyper Voice|p2a: Arceus\n|-immune|p2a: Arceus\n|cant|p2a: Arceus|par\n|\n|-heal|p1a: Arboliva|290/290 brn|[from] Grassy Terrain\n|-damage|p1a: Arboliva|272/290 brn|[from] brn\n|upkeep\n|turn|11\n|\n|t:|1782905725\n|move|p1a: Arboliva|Hyper Voice|p2a: Arceus\n|-immune|p2a: Arceus\n|move|p2a: Arceus|Focus Blast|p1a: Arboliva|[miss]\n|-miss|p2a: Arceus|p1a: Arboliva\n|\n|-heal|p1a: Arboliva|290/290 brn|[from] Grassy Terrain\n|-damage|p1a: Arboliva|272/290 brn|[from] brn\n|-fieldend|move: Grassy Terrain\n|upkeep\n|turn|12\n|\n|t:|1782905729\n|move|p1a: Arboliva|Hyper Voice|p2a: Arceus\n|-immune|p2a: Arceus\n|move|p2a: Arceus|Focus Blast|p1a: Arboliva\n|-supereffective|p1a: Arboliva\n|-damage|p1a: Arboliva|160/290 brn\n|-fieldstart|move: Grassy Terrain|[from] ability: Seed Sower|[of] p1a: Arboliva\n|\n|-heal|p1a: Arboliva|178/290 brn|[from] Grassy Terrain\n|-heal|p1a: Arboliva|196/290 brn|[from] item: Leftovers\n|-damage|p1a: Arboliva|178/290 brn|[from] brn\n|upkeep\n|turn|13\n|\n|t:|1782905738\n|move|p1a: Arboliva|Energy Ball|p2a: Arceus\n|-damage|p2a: Arceus|102/280 par\n|move|p2a: Arceus|Focus Blast|p1a: Arboliva\n|-supereffective|p1a: Arboliva\n|-damage|p1a: Arboliva|78/290 brn\n|\n|-heal|p1a: Arboliva|96/290 brn|[from] Grassy Terrain\n|-heal|p1a: Arboliva|114/290 brn|[from] item: Leftovers\n|-heal|p2a: Arceus|119/280 par|[from] Grassy Terrain\n|-damage|p1a: Arboliva|96/290 brn|[from] brn\n|upkeep\n|turn|14\n|\n|t:|1782905744\n|move|p1a: Arboliva|Strength Sap|p2a: Arceus\n|-unboost|p2a: Arceus|atk|1\n|-heal|p1a: Arboliva|266/290 brn\n|move|p2a: Arceus|Focus Blast|p1a: Arboliva\n|-supereffective|p1a: Arboliva\n|-damage|p1a: Arboliva|148/290 brn\n|\n|-heal|p1a: Arboliva|166/290 brn|[from] Grassy Terrain\n|-heal|p1a: Arboliva|184/290 brn|[from] item: Leftovers\n|-heal|p2a: Arceus|136/280 par|[from] Grassy Terrain\n|-damage|p1a: Arboliva|166/290 brn|[from] brn\n|upkeep\n|turn|15\n|\n|t:|1782905749\n|move|p1a: Arboliva|Energy Ball|p2a: Arceus\n|-damage|p2a: Arceus|0 fnt\n|faint|p2a: Arceus\n|\n|-heal|p1a: Arboliva|184/290 brn|[from] Grassy Terrain\n|-heal|p1a: Arboliva|202/290 brn|[from] item: Leftovers\n|-damage|p1a: Arboliva|184/290 brn|[from] brn\n|upkeep\n|\n|t:|1782905753\n|switch|p2a: Araquanid|Araquanid, L82, M|246/246\n|turn|16\n|\n|t:|1782905758\n|move|p1a: Arboliva|Energy Ball|p2a: Araquanid\n|-damage|p2a: Araquanid|107/246\n|move|p2a: Araquanid|Sticky Web|p1a: Arboliva\n|-sidestart|p1: jnpr010334|move: Sticky Web\n|\n|-heal|p1a: Arboliva|202/290 brn|[from] Grassy Terrain\n|-heal|p1a: Arboliva|220/290 brn|[from] item: Leftovers\n|-heal|p2a: Araquanid|122/246|[from] Grassy Terrain\n|-damage|p1a: Arboliva|202/290 brn|[from] brn\n|-fieldend|move: Grassy Terrain\n|upkeep\n|turn|17\n|\n|t:|1782905768\n|switch|p2a: Lilligant|Lilligant-Hisui, L79, F|240/240\n|-damage|p2a: Lilligant|210/240|[from] Spikes\n|move|p1a: Arboliva|Hyper Voice|p2a: Lilligant\n|-damage|p2a: Lilligant|41/240\n|\n|-heal|p1a: Arboliva|220/290 brn|[from] item: Leftovers\n|-damage|p1a: Arboliva|202/290 brn|[from] brn\n|upkeep\n|turn|18\n|\n|t:|1782905773\n|move|p2a: Lilligant|Close Combat|p1a: Arboliva|[miss]\n|-miss|p2a: Lilligant|p1a: Arboliva\n|move|p1a: Arboliva|Hyper Voice|p2a: Lilligant\n|-damage|p2a: Lilligant|0 fnt\n|faint|p2a: Lilligant\n|\n|-heal|p1a: Arboliva|220/290 brn|[from] item: Leftovers\n|-damage|p1a: Arboliva|202/290 brn|[from] brn\n|upkeep\n|\n|t:|1782905781\n|switch|p2a: Urshifu|Urshifu-Rapid-Strike, L75, M|274/274\n|-damage|p2a: Urshifu|240/274|[from] Spikes\n|turn|19\n|\n|t:|1782905783\n|move|p2a: Urshifu|Close Combat|p1a: Arboliva\n|-supereffective|p1a: Arboliva\n|-damage|p1a: Arboliva|0 fnt\n|-unboost|p2a: Urshifu|def|1\n|-unboost|p2a: Urshifu|spd|1\n|-fieldstart|move: Grassy Terrain|[from] ability: Seed Sower|[of] p1a: Arboliva\n|faint|p1a: Arboliva\n|\n|-heal|p2a: Urshifu|257/274|[from] Grassy Terrain\n|upkeep\n|\n|t:|1782905785\n|switch|p1a: Jumpluff|Jumpluff, L87, F|271/271\n|turn|20\n|\n|t:|1782905789\n|switch|p2a: Regieleki|Regieleki, L79|256/256\n|-damage|p2a: Regieleki|224/256|[from] Spikes\n|move|p1a: Jumpluff|U-turn|p2a: Regieleki\n|-damage|p2a: Regieleki|167/256\n|\n|t:|1782905792\n|switch|p1a: Groudon|Groudon, L72|171/263 brn|[from] U-turn\n|-activate|p1a: Groudon|move: Sticky Web\n|-unboost|p1a: Groudon|spe|1\n|-weather|SunnyDay|[from] ability: Drought|[of] p1a: Groudon\n|\n|-weather|SunnyDay|[upkeep]\n|-heal|p2a: Regieleki|183/256|[from] Grassy Terrain\n|-heal|p1a: Groudon|187/263 brn|[from] Grassy Terrain\n|-heal|p1a: Groudon|203/263 brn|[from] item: Leftovers\n|-damage|p1a: Groudon|187/263 brn|[from] brn\n|upkeep\n|turn|21\n|\n|t:|1782905812\n|switch|p2a: Cresselia|Cresselia, L80, F|323/323\n|move|p1a: Groudon|Precipice Blades|p2a: Cresselia\n|-immune|p2a: Cresselia|[from] ability: Levitate\n|\n|-weather|SunnyDay|[upkeep]\n|-heal|p1a: Groudon|203/263 brn|[from] Grassy Terrain\n|-heal|p1a: Groudon|219/263 brn|[from] item: Leftovers\n|-damage|p1a: Groudon|203/263 brn|[from] brn\n|upkeep\n|turn|22\n|\n|t:|1782905816\n|move|p2a: Cresselia|Psyshock|p1a: Groudon\n|-damage|p1a: Groudon|146/263 brn\n|move|p1a: Groudon|Thunder Wave|p2a: Cresselia\n|-status|p2a: Cresselia|par\n|\n|-weather|SunnyDay|[upkeep]\n|-heal|p1a: Groudon|162/263 brn|[from] Grassy Terrain\n|-heal|p1a: Groudon|178/263 brn|[from] item: Leftovers\n|-damage|p1a: Groudon|162/263 brn|[from] brn\n|upkeep\n|turn|23\n|\n|t:|1782905821\n|switch|p1a: Entei|Entei, L78|307/307\n|-activate|p1a: Entei|move: Sticky Web\n|-unboost|p1a: Entei|spe|1\n|cant|p2a: Cresselia|par\n|\n|-weather|SunnyDay|[upkeep]\n|-fieldend|move: Grassy Terrain\n|upkeep\n|turn|24\n|\n|t:|1782905826\n|move|p1a: Entei|Sacred Fire|p2a: Cresselia\n|-damage|p2a: Cresselia|131/323 par\n|move|p2a: Cresselia|Psyshock|p1a: Entei\n|-damage|p1a: Entei|238/307\n|\n|-weather|none\n|-heal|p2a: Cresselia|151/323 par|[from] item: Leftovers\n|upkeep\n|turn|25\n|\n|t:|1782905832\n|move|p1a: Entei|Sacred Fire|p2a: Cresselia\n|-damage|p2a: Cresselia|6/323 par\n|cant|p2a: Cresselia|par\n|\n|-heal|p2a: Cresselia|26/323 par|[from] item: Leftovers\n|upkeep\n|turn|26\n|\n|t:|1782905835\n|move|p1a: Entei|Sacred Fire|p2a: Cresselia\n|-damage|p2a: Cresselia|0 fnt\n|faint|p2a: Cresselia\n|\n|upkeep\n|\n|t:|1782905839\n|switch|p2a: Urshifu|Urshifu-Rapid-Strike, L75, M|257/274\n|-damage|p2a: Urshifu|223/274|[from] Spikes\n|turn|27\n|\n|t:|1782905848\n|switch|p1a: Jumpluff|Jumpluff, L87, F|271/271\n|move|p2a: Urshifu|Surging Strikes|p1a: Jumpluff\n|-resisted|p1a: Jumpluff\n|-crit|p1a: Jumpluff\n|-damage|p1a: Jumpluff|237/271\n|-resisted|p1a: Jumpluff\n|-crit|p1a: Jumpluff\n|-damage|p1a: Jumpluff|204/271\n|-resisted|p1a: Jumpluff\n|-crit|p1a: Jumpluff\n|-damage|p1a: Jumpluff|167/271\n|-hitcount|p1a: Jumpluff|3\n|\n|upkeep\n|turn|28\n|\n|t:|1782905851\n|switch|p2a: Regieleki|Regieleki, L79|183/256\n|-damage|p2a: Regieleki|151/256|[from] Spikes\n|move|p1a: Jumpluff|Strength Sap|p2a: Regieleki\n|-unboost|p2a: Regieleki|atk|1\n|-heal|p1a: Jumpluff|271/271\n|\n|upkeep\n|turn|29\n|\n|t:|1782905855\n|switch|p1a: Groudon|Groudon, L72|162/263 brn\n|-activate|p1a: Groudon|move: Sticky Web\n|-unboost|p1a: Groudon|spe|1\n|-weather|SunnyDay|[from] ability: Drought|[of] p1a: Groudon\n|move|p2a: Regieleki|Rapid Spin|p1a: Groudon\n|-damage|p1a: Groudon|144/263 brn\n|-boost|p2a: Regieleki|spe|1\n|-sideend|p2: PilsKracht|Spikes|[from] move: Rapid Spin|[of] p2a: Regieleki\n|\n|-weather|SunnyDay|[upkeep]\n|-heal|p1a: Groudon|160/263 brn|[from] item: Leftovers\n|-damage|p1a: Groudon|144/263 brn|[from] brn\n|upkeep\n|turn|30\n|\n|t:|1782905860\n|-terastallize|p2a: Regieleki|Ice\n|move|p2a: Regieleki|Tera Blast|p1a: Groudon|[anim] Tera Blast Ice\n|-supereffective|p1a: Groudon\n|-damage|p1a: Groudon|0 fnt\n|faint|p1a: Groudon\n|\n|-weather|SunnyDay|[upkeep]\n|upkeep\n|\n|t:|1782905862\n|switch|p1a: Entei|Entei, L78|238/307\n|-activate|p1a: Entei|move: Sticky Web\n|-unboost|p1a: Entei|spe|1\n|turn|31\n|\n|t:|1782905867\n|-terastallize|p1a: Entei|Normal\n|move|p1a: Entei|Extreme Speed|p2a: Regieleki\n|-damage|p2a: Regieleki|0 fnt\n|faint|p2a: Regieleki\n|\n|-weather|SunnyDay|[upkeep]\n|upkeep\n|\n|t:|1782905872\n|switch|p2a: Urshifu|Urshifu-Rapid-Strike, L75, M|223/274\n|turn|32\n|\n|t:|1782905877\n|move|p1a: Entei|Extreme Speed|p2a: Urshifu\n|-damage|p2a: Urshifu|99/274\n|move|p2a: Urshifu|Ice Spinner|p1a: Entei\n|-damage|p1a: Entei|134/307\n|\n|-weather|SunnyDay|[upkeep]\n|upkeep\n|turn|33\n|\n|t:|1782905880\n|move|p1a: Entei|Extreme Speed|p2a: Urshifu\n|-damage|p2a: Urshifu|0 fnt\n|faint|p2a: Urshifu\n|\n|-weather|none\n|upkeep\n|\n|t:|1782905881\n|switch|p2a: Araquanid|Araquanid, L82, M|122/246\n|turn|34\n|\n|t:|1782905884\n|move|p1a: Entei|Extreme Speed|p2a: Araquanid\n|-crit|p2a: Araquanid\n|-damage|p2a: Araquanid|0 fnt\n|faint|p2a: Araquanid\n|\n|win|jnpr010334\n|raw|jnpr010334's rating: 1779 &rarr; <strong>1799</strong><br />(+20 for winning)\n|raw|PilsKracht's rating: 1781 &rarr; <strong>1761</strong><br />(-20 for losing)\n", "inputlog": ">version f8ac14003a5f27e1bdc8d8c59608a773c1cb96e5\n>start {\"formatid\":\"gen9randombattle\",\"seed\":\"sodium,6d0ab000218d248adcf2fe8e610508f5\",\"rated\":\"Rated battle\"}\n>player p1 {\"name\":\"jnpr010334\",\"avatar\":\"265\",\"rating\":1744,\"seed\":\"sodium,a8297eb624ac90eb59a703349f318505\"}\n>player p2 {\"name\":\"PilsKracht\",\"avatar\":\"juan\",\"rating\":1781,\"seed\":\"sodium,bdad10cf777d8946e3fd11c319920fe3\"}\n>chat \u2606PilsKracht|HELLO SON\n>chat \u2606PilsKracht|glhf\n>chat \u2606PilsKracht|wish u the best \n>p1 move spikes\n>p2 move calmmind\n>p1 switch 4\n>p2 move calmmind\n>p1 move roar\n>p2 move psyshock\n>p1 move thunderwave\n>p2 move willowisp\n>p1 switch 6\n>p2 move judgment\n>p1 move hypervoice\n>p2 move focusblast\n>p1 move hypervoice\n>p2 move focusblast\n>chat \u2606PilsKracht|u ok? \n>p1 move hypervoice\n>p2 move focusblast\n>p1 move hypervoice\n>p2 move willowisp\n>p1 move hypervoice\n>p2 move focusblast\n>p1 move hypervoice\n>p2 move focusblast\n>p1 move hypervoice\n>p2 move focusblast\n>p1 move energyball\n>p2 move focusblast\n>p1 move strengthsap\n>p2 move focusblast\n>p1 move energyball\n>p2 move recover\n>p2 switch 3\n>p1 move energyball\n>p2 move stickyweb\n>p1 move hypervoice\n>p2 switch 6\n>p1 move hypervoice\n>p2 move closecombat\n>p2 switch 4\n>p1 move energyball\n>p2 move closecombat\n>p1 switch 3\n>p1 move uturn\n>p2 switch 5\n>p1 switch 6\n>p1 move precipiceblades\n>p2 switch 2\n>p1 move thunderwave\n>p2 move psyshock\n>p1 switch 2\n>p2 move psyshock\n>p1 move sacredfire\n>p2 move psyshock\n>p1 move sacredfire\n>p2 move psyshock\n>p1 move sacredfire\n>p2 move psyshock\n>p2 switch 5\n>p1 switch 6\n>p2 move surgingstrikes\n>p1 move strengthsap\n>p2 switch 2\n>p1 switch 2\n>p2 move rapidspin\n>p1 move precipiceblades\n>p2 move terablast terastallize\n>p1 switch 6\n>p1 move extremespeed terastallize\n>p2 move voltswitch\n>p2 switch 2\n>p1 move extremespeed\n>p2 move icespinner\n>p1 move extremespeed\n>p2 move icespinner\n>p2 switch 6\n>p1 move extremespeed\n>p2 move leechlife", "uploadtime": 1782905885, "views": 2, "formatid": "gen9randombattle", "rating": 1761, "private": 0, "password": null, "player_dets": [{"name": "jnpr010334", "avatar": "265", "rating": 1744, "seed": "sodium,a8297eb624ac90eb59a703349f318505"}, {"name": "PilsKracht", "avatar": "juan", "rating": 1781, "seed": "sodium,bdad10cf777d8946e3fd11c319920fe3"}], "teams_full": [{"Glalie": {"name": "Glalie", "species": "Glalie", "speciesId": "glalie", "gender": "F", "shiny": false, "level": 96, "moves": ["earthquake", "taunt", "freezedry", "spikes"], "ability": "Inner Focus", "evs": {"hp": 85, "atk": 85, "def": 85, "spa": 85, "spd": 85, "spe": 85}, "ivs": {"hp": 31, "atk": 31, "def": 31, "spa": 31, "spd": 31, "spe": 31}, "item": "Heavy-Duty Boots", "teraType": "Water", "role": "Fast Support", "bvs": {"hp": 80, "atk": 80, "def": 80, "spa": 80, "spd": 80, "spe": 80}, "stats": {"hp": 309, "atk": 208, "def": 208, "spa": 208, "spd": 208, "spe": 208}, "types": ["Ice"]}, "Entei": {"name": "Entei", "species": "Entei", "speciesId": "entei", "gender": "N", "shiny": false, "level": 78, "moves": ["stoneedge", "sacredfire", "extremespeed", "flareblitz"], "ability": "Inner Focus", "evs": {"hp": 85, "atk": 85, "def": 85, "spa": 85, "spd": 85, "spe": 85}, "ivs": {"hp": 31, "atk": 31, "def": 31, "spa": 31, "spd": 31, "spe": 31}, "item": "Choice Band", "teraType": "Normal", "role": "Fast Attacker", "bvs": {"hp": 115, "atk": 115, "def": 85, "spa": 90, "spd": 75, "spe": 100}, "stats": {"hp": 307, "atk": 224, "def": 178, "spa": 185, "spd": 162, "spe": 201}, "types": ["Fire"]}, "Jumpluff": {"name": "Jumpluff", "species": "Jumpluff", "speciesId": "jumpluff", "gender": "F", "shiny": false, "level": 87, "moves": ["acrobatics", "uturn", "strengthsap", "encore"], "ability": "Infiltrator", "evs": {"hp": 81, "atk": 85, "def": 85, "spa": 85, "spd": 85, "spe": 85}, "ivs": {"hp": 31, "atk": 31, "def": 31, "spa": 31, "spd": 31, "spe": 31}, "item": "", "teraType": "Steel", "role": "Bulky Attacker", "bvs": {"hp": 75, "atk": 55, "def": 70, "spa": 55, "spd": 95, "spe": 110}, "stats": {"hp": 271, "atk": 145, "def": 172, "spa": 145, "spd": 215, "spe": 241}, "types": ["Grass", "Flying"]}, "Groudon": {"name": "Groudon", "species": "Groudon", "speciesId": "groudon", "gender": "N", "shiny": false, "level": 72, "moves": ["thunderwave", "heatcrash", "precipiceblades", "roar"], "ability": "Drought", "evs": {"hp": 85, "atk": 85, "def": 85, "spa": 85, "spd": 85, "spe": 85}, "ivs": {"hp": 31, "atk": 31, "def": 31, "spa": 31, "spd": 31, "spe": 31}, "item": "Leftovers", "teraType": "Fire", "role": "Bulky Attacker", "bvs": {"hp": 100, "atk": 150, "def": 140, "spa": 100, "spd": 90, "spe": 90}, "stats": {"hp": 263, "atk": 258, "def": 244, "spa": 186, "spd": 172, "spe": 172}, "types": ["Ground"]}, "Terrakion": {"name": "Terrakion", "species": "Terrakion", "speciesId": "terrakion", "gender": "N", "shiny": false, "level": 79, "moves": ["quickattack", "closecombat", "earthquake", "stoneedge"], "ability": "Justified", "evs": {"hp": 85, "atk": 85, "def": 85, "spa": 85, "spd": 85, "spe": 85}, "ivs": {"hp": 31, "atk": 31, "def": 31, "spa": 31, "spd": 31, "spe": 31}, "item": "Choice Band", "teraType": "Ground", "role": "Wallbreaker", "bvs": {"hp": 91, "atk": 129, "def": 90, "spa": 72, "spd": 90, "spe": 108}, "stats": {"hp": 273, "atk": 249, "def": 188, "spa": 159, "spd": 188, "spe": 216}, "types": ["Rock", "Fighting"]}, "Arboliva": {"name": "Arboliva", "species": "Arboliva", "speciesId": "arboliva", "gender": "F", "shiny": false, "level": 91, "moves": ["strengthsap", "hypervoice", "energyball", "earthpower"], "ability": "Seed Sower", "evs": {"hp": 85, "atk": 0, "def": 85, "spa": 85, "spd": 85, "spe": 85}, "ivs": {"hp": 31, "atk": 0, "def": 31, "spa": 31, "spd": 31, "spe": 31}, "item": "Leftovers", "teraType": "Ground", "role": "Bulky Attacker", "bvs": {"hp": 78, "atk": 69, "def": 90, "spa": 125, "spd": 109, "spe": 39}, "stats": {"hp": 290, "atk": 130, "def": 216, "spa": 279, "spd": 250, "spe": 123}, "types": ["Grass", "Normal"]}}, {"Cresselia": {"name": "Cresselia", "species": "Cresselia", "speciesId": "cresselia", "gender": "F", "shiny": false, "level": 80, "moves": ["thunderbolt", "psyshock", "moonlight", "calmmind"], "ability": "Levitate", "evs": {"hp": 85, "atk": 0, "def": 85, "spa": 85, "spd": 85, "spe": 85}, "ivs": {"hp": 31, "atk": 0, "def": 31, "spa": 31, "spd": 31, "spe": 31}, "item": "Leftovers", "teraType": "Steel", "role": "Bulky Setup", "bvs": {"hp": 120, "atk": 70, "def": 110, "spa": 75, "spd": 120, "spe": 85}, "stats": {"hp": 323, "atk": 117, "def": 222, "spa": 166, "spd": 238, "spe": 182}, "types": ["Psychic"]}, "Arceus": {"name": "Arceus", "species": "Arceus-Ghost", "speciesId": "arceusghost", "gender": "N", "shiny": false, "level": 69, "moves": ["willowisp", "recover", "judgment", "focusblast"], "ability": "Multitype", "evs": {"hp": 85, "atk": 0, "def": 85, "spa": 85, "spd": 85, "spe": 85}, "ivs": {"hp": 31, "atk": 0, "def": 31, "spa": 31, "spd": 31, "spe": 31}, "item": "Spooky Plate", "teraType": "Fighting", "role": "Bulky Attacker", "bvs": {"hp": 120, "atk": 120, "def": 120, "spa": 120, "spd": 120, "spe": 120}, "stats": {"hp": 280, "atk": 170, "def": 206, "spa": 206, "spd": 206, "spe": 206}, "types": ["Ghost"]}, "Araquanid": {"name": "Araquanid", "species": "Araquanid", "speciesId": "araquanid", "gender": "M", "shiny": false, "level": 82, "moves": ["leechlife", "hydropump", "liquidation", "stickyweb"], "ability": "Water Bubble", "evs": {"hp": 85, "atk": 85, "def": 85, "spa": 85, "spd": 85, "spe": 85}, "ivs": {"hp": 31, "atk": 31, "def": 31, "spa": 31, "spd": 31, "spe": 31}, "item": "Heavy-Duty Boots", "teraType": "Ground", "role": "Bulky Attacker", "bvs": {"hp": 68, "atk": 70, "def": 92, "spa": 50, "spd": 132, "spe": 42}, "stats": {"hp": 246, "atk": 162, "def": 198, "spa": 129, "spd": 264, "spe": 116}, "types": ["Water", "Bug"]}, "Urshifu": {"name": "Urshifu", "species": "Urshifu-Rapid-Strike", "speciesId": "urshifurapidstrike", "gender": "M", "shiny": false, "level": 75, "moves": ["closecombat", "surgingstrikes", "aquajet", "icespinner"], "ability": "Unseen Fist", "evs": {"hp": 85, "atk": 85, "def": 85, "spa": 85, "spd": 85, "spe": 85}, "ivs": {"hp": 31, "atk": 31, "def": 31, "spa": 31, "spd": 31, "spe": 31}, "item": "Choice Band", "teraType": "Water", "role": "Fast Attacker", "bvs": {"hp": 100, "atk": 130, "def": 100, "spa": 63, "spd": 60, "spe": 97}, "stats": {"hp": 274, "atk": 239, "def": 194, "spa": 138, "spd": 134, "spe": 189}, "types": ["Fighting", "Water"]}, "Regieleki": {"name": "Regieleki", "species": "Regieleki", "speciesId": "regieleki", "gender": "N", "shiny": false, "level": 79, "moves": ["voltswitch", "thunderbolt", "rapidspin", "terablast"], "ability": "Transistor", "evs": {"hp": 85, "atk": 85, "def": 85, "spa": 85, "spd": 85, "spe": 85}, "ivs": {"hp": 31, "atk": 31, "def": 31, "spa": 31, "spd": 31, "spe": 31}, "item": "Magnet", "teraType": "Ice", "role": "Tera Blast user", "bvs": {"hp": 80, "atk": 100, "def": 50, "spa": 100, "spd": 50, "spe": 200}, "stats": {"hp": 256, "atk": 204, "def": 125, "spa": 204, "spd": 125, "spe": 362}, "types": ["Electric"]}, "Lilligant": {"name": "Lilligant", "species": "Lilligant-Hisui", "speciesId": "lilliganthisui", "gender": "F", "shiny": false, "level": 79, "moves": ["sleeppowder", "leafblade", "victorydance", "closecombat"], "ability": "Hustle", "evs": {"hp": 85, "atk": 85, "def": 85, "spa": 85, "spd": 85, "spe": 85}, "ivs": {"hp": 31, "atk": 31, "def": 31, "spa": 31, "spd": 31, "spe": 31}, "item": "Life Orb", "teraType": "Fighting", "role": "Setup Sweeper", "bvs": {"hp": 70, "atk": 105, "def": 75, "spa": 50, "spd": 75, "spe": 105}, "stats": {"hp": 240, "atk": 211, "def": 164, "spa": 125, "spd": 164, "spe": 211}, "types": ["Grass", "Fighting"]}}]}