{"id": "gen9randombattle-2641803449", "format": "[Gen 9] Random Battle", "players": ["dandetheheartless", "NBG453"], "log": "|j|\u2606dandetheheartless\n|j|\u2606NBG453\n|t:|1782843785\n|gametype|singles\n|player|p1|dandetheheartless|winona|2144\n|player|p2|NBG453|lucas|2215\n|gen|9\n|tier|[Gen 9] Random Battle\n|rated|\n|rule|Species Clause: Limit one of each Pok\u00e9mon\n|rule|HP Percentage Mod: HP is shown in percentages\n|rule|Sleep Clause Mod: Limit one foe put to sleep\n|rule|Illusion Level Mod: Illusion disguises the Pok\u00e9mon's true level\n|\n|t:|1782843785\n|teamsize|p1|6\n|teamsize|p2|6\n|start\n|switch|p1a: Slither Wing|Slither Wing, L81|270/270\n|switch|p2a: Vileplume|Vileplume, L85, F|266/266\n|turn|1\n|inactive|Battle timer is ON: inactive players will automatically lose when time's up. (requested by dandetheheartless)\n|\n|t:|1782843801\n|move|p1a: Slither Wing|Flare Blitz|p2a: Vileplume\n|-supereffective|p2a: Vileplume\n|-damage|p2a: Vileplume|0 fnt\n|faint|p2a: Vileplume\n|-damage|p1a: Slither Wing|182/270|[from] Recoil\n|-damage|p1a: Slither Wing|155/270|[from] item: Life Orb\n|\n|upkeep\n|\n|t:|1782843812\n|switch|p2a: Skeledirge|Skeledirge, L79, F|294/294\n|turn|2\n|\n|t:|1782843825\n|-end|p1a: Slither Wing|Protosynthesis|[silent]\n|switch|p1a: Muk|Muk-Alola, L82, M|306/306\n|move|p2a: Skeledirge|Will-O-Wisp|p1a: Muk\n|-status|p1a: Muk|brn\n|\n|-damage|p1a: Muk|287/306 brn|[from] brn\n|upkeep\n|turn|3\n|\n|t:|1782843843\n|switch|p2a: Dialga|Dialga-Origin, L73|266/266\n|-ability|p2a: Dialga|Pressure\n|move|p1a: Muk|Knock Off|p2a: Dialga\n|-damage|p2a: Dialga|233/266\n|\n|-damage|p1a: Muk|268/306 brn|[from] brn\n|upkeep\n|turn|4\n|\n|t:|1782843855\n|switch|p1a: Toedscruel|Toedscruel, L87, F|281/281\n|move|p2a: Dialga|Heavy Slam|p1a: Toedscruel\n|-damage|p1a: Toedscruel|128/281\n|\n|-heal|p1a: Toedscruel|145/281|[from] item: Leftovers\n|upkeep\n|turn|5\n|\n|t:|1782843861\n|switch|p2a: Hawlucha|Hawlucha, L80, F|256/256\n|move|p1a: Toedscruel|Earth Power|p2a: Hawlucha\n|-immune|p2a: Hawlucha\n|\n|-heal|p1a: Toedscruel|162/281|[from] item: Leftovers\n|upkeep\n|turn|6\n|\n|t:|1782843869\n|switch|p1a: Grimmsnarl|Grimmsnarl, L83, M|293/293\n|move|p2a: Hawlucha|Brave Bird|p1a: Grimmsnarl\n|-damage|p1a: Grimmsnarl|158/293\n|-damage|p2a: Hawlucha|211/256|[from] Recoil\n|\n|-heal|p1a: Grimmsnarl|176/293|[from] item: Leftovers\n|upkeep\n|turn|7\n|\n|t:|1782843875\n|switch|p2a: Dialga|Dialga-Origin, L73|233/266\n|-ability|p2a: Dialga|Pressure\n|move|p1a: Grimmsnarl|Spirit Break|p2a: Dialga\n|-damage|p2a: Dialga|154/266\n|-unboost|p2a: Dialga|spa|1\n|\n|-heal|p1a: Grimmsnarl|194/293|[from] item: Leftovers\n|upkeep\n|turn|8\n|\n|t:|1782843879\n|move|p1a: Grimmsnarl|Parting Shot|p2a: Dialga\n|-unboost|p2a: Dialga|atk|1\n|-unboost|p2a: Dialga|spa|1\n|\n|t:|1782843886\n|switch|p1a: Muk|Muk-Alola, L82, M|268/306 brn|[from] Parting Shot\n|move|p2a: Dialga|Heavy Slam|p1a: Muk\n|-damage|p1a: Muk|175/306 brn\n|\n|-damage|p1a: Muk|156/306 brn|[from] brn\n|upkeep\n|turn|9\n|\n|t:|1782843895\n|move|p2a: Dialga|Heavy Slam|p1a: Muk\n|-damage|p1a: Muk|68/306 brn\n|move|p1a: Muk|Drain Punch|p2a: Dialga\n|-supereffective|p2a: Dialga\n|-damage|p2a: Dialga|109/266\n|-heal|p1a: Muk|91/306 brn|[from] drain|[of] p2a: Dialga\n|\n|-damage|p1a: Muk|72/306 brn|[from] brn\n|upkeep\n|turn|10\n|\n|t:|1782843898\n|move|p2a: Dialga|Heavy Slam|p1a: Muk\n|-damage|p1a: Muk|0 fnt\n|faint|p1a: Muk\n|\n|upkeep\n|\n|t:|1782843906\n|switch|p1a: Toedscruel|Toedscruel, L87, F|162/281\n|turn|11\n|\n|t:|1782843911\n|switch|p2a: Iron Jugulis|Iron Jugulis, L77|271/271\n|move|p1a: Toedscruel|Earth Power|p2a: Iron Jugulis\n|-immune|p2a: Iron Jugulis\n|\n|-heal|p1a: Toedscruel|179/281|[from] item: Leftovers\n|upkeep\n|turn|12\n|\n|t:|1782843921\n|switch|p1a: Grimmsnarl|Grimmsnarl, L83, M|194/293\n|move|p2a: Iron Jugulis|Hurricane|p1a: Grimmsnarl\n|-damage|p1a: Grimmsnarl|11/293\n|\n|-heal|p1a: Grimmsnarl|29/293|[from] item: Leftovers\n|upkeep\n|turn|13\n|\n|t:|1782843932\n|-end|p2a: Iron Jugulis|Quark Drive|[silent]\n|switch|p2a: Dialga|Dialga-Origin, L73|109/266\n|-ability|p2a: Dialga|Pressure\n|move|p1a: Grimmsnarl|Sucker Punch||[still]\n|-fail|p1a: Grimmsnarl\n|\n|-heal|p1a: Grimmsnarl|47/293|[from] item: Leftovers\n|upkeep\n|turn|14\n|\n|t:|1782843935\n|move|p1a: Grimmsnarl|Sucker Punch|p2a: Dialga\n|-damage|p2a: Dialga|30/266\n|move|p2a: Dialga|Heavy Slam|p1a: Grimmsnarl\n|-supereffective|p1a: Grimmsnarl\n|-crit|p1a: Grimmsnarl\n|-damage|p1a: Grimmsnarl|0 fnt\n|faint|p1a: Grimmsnarl\n|\n|upkeep\n|\n|t:|1782843937\n|switch|p1a: Minun|Minun, L95, M|268/268\n|turn|15\n|\n|t:|1782843940\n|move|p1a: Minun|Alluring Voice|p2a: Dialga\n|-damage|p2a: Dialga|0 fnt\n|faint|p2a: Dialga\n|-damage|p1a: Minun|242/268|[from] item: Life Orb\n|\n|upkeep\n|\n|t:|1782843942\n|switch|p2a: Ampharos|Ampharos, L88, M|302/302\n|turn|16\n|\n|t:|1782843950\n|-terastallize|p1a: Minun|Fairy\n|move|p1a: Minun|Nasty Plot|p1a: Minun\n|-boost|p1a: Minun|spa|2\n|move|p2a: Ampharos|Dazzling Gleam|p1a: Minun\n|-damage|p1a: Minun|164/268\n|-damage|p2a: Ampharos|272/302|[from] item: Life Orb\n|\n|upkeep\n|turn|17\n|\n|t:|1782843966\n|move|p1a: Minun|Alluring Voice|p2a: Ampharos\n|-damage|p2a: Ampharos|72/302\n|-damage|p1a: Minun|138/268|[from] item: Life Orb\n|move|p2a: Ampharos|Dazzling Gleam|p1a: Minun\n|-damage|p1a: Minun|46/268\n|-damage|p2a: Ampharos|42/302|[from] item: Life Orb\n|\n|upkeep\n|turn|18\n|\n|t:|1782843974\n|move|p1a: Minun|Thunderbolt|p2a: Ampharos\n|-resisted|p2a: Ampharos\n|-damage|p2a: Ampharos|0 fnt\n|faint|p2a: Ampharos\n|-damage|p1a: Minun|20/268|[from] item: Life Orb\n|\n|upkeep\n|\n|t:|1782843975\n|switch|p2a: Skeledirge|Skeledirge, L79, F|294/294\n|turn|19\n|\n|t:|1782843999\n|move|p1a: Minun|Thunderbolt|p2a: Skeledirge\n|-damage|p2a: Skeledirge|133/294\n|-status|p2a: Skeledirge|par\n|-damage|p1a: Minun|0 fnt|[from] item: Life Orb\n|faint|p1a: Minun\n|move|p2a: Skeledirge|Slack Off|p2a: Skeledirge\n|-heal|p2a: Skeledirge|280/294 par\n|\n|upkeep\n|\n|t:|1782844010\n|switch|p1a: Toedscruel|Toedscruel, L87, F|179/281\n|turn|20\n|\n|t:|1782844020\n|move|p1a: Toedscruel|Earth Power|p2a: Skeledirge\n|-supereffective|p2a: Skeledirge\n|-damage|p2a: Skeledirge|86/294 par\n|move|p2a: Skeledirge|Torch Song|p1a: Toedscruel\n|-supereffective|p1a: Toedscruel\n|-damage|p1a: Toedscruel|45/281\n|-boost|p2a: Skeledirge|spa|1\n|\n|-heal|p1a: Toedscruel|62/281|[from] item: Leftovers\n|upkeep\n|turn|21\n|\n|t:|1782844026\n|move|p1a: Toedscruel|Leaf Storm|p2a: Skeledirge\n|-resisted|p2a: Skeledirge\n|-damage|p2a: Skeledirge|9/294 par\n|-unboost|p1a: Toedscruel|spa|2\n|move|p2a: Skeledirge|Torch Song|p1a: Toedscruel\n|-supereffective|p1a: Toedscruel\n|-damage|p1a: Toedscruel|0 fnt\n|-boost|p2a: Skeledirge|spa|1\n|faint|p1a: Toedscruel\n|\n|upkeep\n|\n|t:|1782844039\n|switch|p1a: Dunsparce|Dunsparce, L86, M|312/312\n|turn|22\n|\n|t:|1782844052\n|move|p1a: Dunsparce|Earthquake|p2a: Skeledirge\n|-supereffective|p2a: Skeledirge\n|-damage|p2a: Skeledirge|0 fnt\n|faint|p2a: Skeledirge\n|\n|upkeep\n|\n|t:|1782844060\n|switch|p2a: Hawlucha|Hawlucha, L80, F|211/256\n|turn|23\n|\n|t:|1782844068\n|move|p2a: Hawlucha|Close Combat|p1a: Dunsparce\n|-supereffective|p1a: Dunsparce\n|-damage|p1a: Dunsparce|150/312\n|-unboost|p2a: Hawlucha|def|1\n|-unboost|p2a: Hawlucha|spd|1\n|-enditem|p2a: Hawlucha|White Herb\n|-clearnegativeboost|p2a: Hawlucha|[silent]\n|move|p1a: Dunsparce|Body Slam|p2a: Hawlucha\n|-damage|p2a: Hawlucha|121/256\n|\n|upkeep\n|turn|24\n|\n|t:|1782844074\n|switch|p1a: Slither Wing|Slither Wing, L81|155/270\n|move|p2a: Hawlucha|Close Combat|p1a: Slither Wing\n|-resisted|p1a: Slither Wing\n|-damage|p1a: Slither Wing|95/270\n|-unboost|p2a: Hawlucha|def|1\n|-unboost|p2a: Hawlucha|spd|1\n|\n|upkeep\n|turn|25\n|\n|t:|1782844080\n|move|p1a: Slither Wing|First Impression|p2a: Hawlucha\n|-resisted|p2a: Hawlucha\n|-damage|p2a: Hawlucha|53/256\n|-damage|p1a: Slither Wing|68/270|[from] item: Life Orb\n|move|p2a: Hawlucha|Brave Bird|p1a: Slither Wing\n|-supereffective|p1a: Slither Wing\n|-damage|p1a: Slither Wing|0 fnt\n|faint|p1a: Slither Wing\n|-end|p1a: Slither Wing|Protosynthesis|[silent]\n|-damage|p2a: Hawlucha|31/256|[from] Recoil\n|\n|upkeep\n|\n|t:|1782844083\n|switch|p1a: Dunsparce|Dunsparce, L86, M|150/312\n|turn|26\n|-message|dandetheheartless forfeited.\n|\n|win|NBG453\n|raw|dandetheheartless's rating: 2144 &rarr; <strong>2128</strong><br />(-16 for losing)\n|raw|NBG453's rating: 2215 &rarr; <strong>2231</strong><br />(+16 for winning)\n", "inputlog": ">version f8ac14003a5f27e1bdc8d8c59608a773c1cb96e5\n>start {\"formatid\":\"gen9randombattle\",\"seed\":\"sodium,23a767f6765dee0e64bb8e344bd5f697\",\"rated\":\"Rated battle\"}\n>player p1 {\"name\":\"dandetheheartless\",\"avatar\":\"winona\",\"rating\":2144,\"seed\":\"sodium,ea8fdc9905e565efc191bef95777d3e9\"}\n>player p2 {\"name\":\"NBG453\",\"avatar\":\"lucas\",\"rating\":2215,\"seed\":\"sodium,cf2aaa0691bfab63256cf21194236a23\"}\n>p1 move flareblitz\n>p2 move strengthsap\n>p2 switch 2\n>p1 switch 4\n>p2 move willowisp\n>p1 move knockoff\n>p2 switch 5\n>p1 switch 5\n>p2 move heavyslam\n>p1 move earthpower\n>p2 switch 6\n>p1 switch 3\n>p2 move bravebird\n>p1 move spiritbreak\n>p2 switch 6\n>p1 move partingshot\n>p2 move heavyslam\n>p1 switch 5\n>p1 move drainpunch\n>p2 move heavyslam\n>p1 move drainpunch\n>p2 move heavyslam\n>p1 switch 3\n>p1 move earthpower\n>p2 switch 4\n>p1 switch 5\n>p2 move hurricane\n>p1 move suckerpunch\n>p2 switch 4\n>p1 move suckerpunch\n>p2 move heavyslam\n>p1 switch 2\n>p1 move alluringvoice\n>p2 move stealthrock\n>p2 switch 3\n>p1 move nastyplot terastallize\n>p2 move dazzlinggleam\n>p1 move alluringvoice\n>p2 move dazzlinggleam\n>p1 move thunderbolt\n>p2 move dazzlinggleam\n>p2 switch 5\n>p1 move thunderbolt\n>p2 move slackoff\n>p1 switch 5\n>p1 move earthpower\n>p2 move torchsong\n>p1 move leafstorm\n>p2 move torchsong\n>p1 switch 6\n>p1 move earthquake\n>p2 move slackoff\n>p2 switch 6\n>p1 move bodyslam\n>p2 move closecombat\n>p1 switch 4\n>p2 move closecombat\n>p1 move firstimpression\n>p2 move bravebird\n>p1 switch 4\n>forcelose p1", "uploadtime": 1782844085, "views": 10, "formatid": "gen9randombattle", "rating": 2128, "private": 0, "password": null, "player_dets": [{"name": "dandetheheartless", "avatar": "winona", "rating": 2144, "seed": "sodium,ea8fdc9905e565efc191bef95777d3e9"}, {"name": "NBG453", "avatar": "lucas", "rating": 2215, "seed": "sodium,cf2aaa0691bfab63256cf21194236a23"}], "teams_full": [{"Slither Wing": {"name": "Slither Wing", "species": "Slither Wing", "speciesId": "slitherwing", "gender": "N", "shiny": false, "level": 81, "moves": ["wildcharge", "flareblitz", "closecombat", "firstimpression"], "ability": "Protosynthesis", "evs": {"hp": 85, "atk": 85, "def": 85, "spa": 85, "spd": 85, "spe": 85}, "ivs": {"hp": 31, "atk": 31, "def": 31, "spa": 31, "spd": 31, "spe": 31}, "item": "Life Orb", "teraType": "Electric", "role": "Fast Attacker", "bvs": {"hp": 85, "atk": 135, "def": 79, "spa": 85, "spd": 105, "spe": 81}, "stats": {"hp": 270, "atk": 265, "def": 175, "spa": 184, "spd": 217, "spe": 178}, "types": ["Bug", "Fighting"]}, "Minun": {"name": "Minun", "species": "Minun", "speciesId": "minun", "gender": "M", "shiny": false, "level": 95, "moves": ["nastyplot", "thunderbolt", "grassknot", "alluringvoice"], "ability": "Volt Absorb", "evs": {"hp": 85, "atk": 0, "def": 85, "spa": 85, "spd": 85, "spe": 85}, "ivs": {"hp": 31, "atk": 0, "def": 31, "spa": 31, "spd": 31, "spe": 31}, "item": "Life Orb", "teraType": "Fairy", "role": "Setup Sweeper", "bvs": {"hp": 60, "atk": 40, "def": 50, "spa": 75, "spd": 85, "spe": 95}, "stats": {"hp": 268, "atk": 81, "def": 149, "spa": 196, "spd": 215, "spe": 234}, "types": ["Electric"]}, "Grimmsnarl": {"name": "Grimmsnarl", "species": "Grimmsnarl", "speciesId": "grimmsnarl", "gender": "M", "shiny": false, "level": 83, "moves": ["spiritbreak", "partingshot", "suckerpunch", "taunt"], "ability": "Prankster", "evs": {"hp": 85, "atk": 85, "def": 85, "spa": 85, "spd": 85, "spe": 85}, "ivs": {"hp": 31, "atk": 31, "def": 31, "spa": 31, "spd": 31, "spe": 31}, "item": "Leftovers", "teraType": "Poison", "role": "Bulky Attacker", "bvs": {"hp": 95, "atk": 120, "def": 65, "spa": 95, "spd": 75, "spe": 60}, "stats": {"hp": 293, "atk": 247, "def": 156, "spa": 205, "spd": 172, "spe": 147}, "types": ["Dark", "Fairy"]}, "Muk": {"name": "Muk", "species": "Muk-Alola", "speciesId": "mukalola", "gender": "M", "shiny": false, "level": 82, "moves": ["knockoff", "drainpunch", "icepunch", "gunkshot"], "ability": "Poison Touch", "evs": {"hp": 85, "atk": 85, "def": 85, "spa": 85, "spd": 85, "spe": 85}, "ivs": {"hp": 31, "atk": 31, "def": 31, "spa": 31, "spd": 31, "spe": 31}, "item": "Assault Vest", "teraType": "Fighting", "role": "AV Pivot", "bvs": {"hp": 105, "atk": 105, "def": 75, "spa": 65, "spd": 100, "spe": 50}, "stats": {"hp": 306, "atk": 219, "def": 170, "spa": 154, "spd": 211, "spe": 129}, "types": ["Poison", "Dark"]}, "Toedscruel": {"name": "Toedscruel", "species": "Toedscruel", "speciesId": "toedscruel", "gender": "F", "shiny": false, "level": 87, "moves": ["leafstorm", "rapidspin", "toxic", "earthpower"], "ability": "Mycelium Might", "evs": {"hp": 85, "atk": 85, "def": 85, "spa": 85, "spd": 85, "spe": 85}, "ivs": {"hp": 31, "atk": 31, "def": 31, "spa": 31, "spd": 31, "spe": 31}, "item": "Leftovers", "teraType": "Water", "role": "Bulky Support", "bvs": {"hp": 80, "atk": 70, "def": 65, "spa": 80, "spd": 120, "spe": 100}, "stats": {"hp": 281, "atk": 172, "def": 163, "spa": 189, "spd": 259, "spe": 224}, "types": ["Ground", "Grass"]}, "Dunsparce": {"name": "Dunsparce", "species": "Dunsparce", "speciesId": "dunsparce", "gender": "M", "shiny": false, "level": 86, "moves": ["coil", "bodyslam", "earthquake", "roost"], "ability": "Serene Grace", "evs": {"hp": 85, "atk": 85, "def": 85, "spa": 85, "spd": 85, "spe": 85}, "ivs": {"hp": 31, "atk": 31, "def": 31, "spa": 31, "spd": 31, "spe": 31}, "item": "Eviolite", "teraType": "Ghost", "role": "Bulky Setup", "bvs": {"hp": 100, "atk": 70, "def": 70, "spa": 65, "spd": 65, "spe": 45}, "stats": {"hp": 312, "atk": 170, "def": 170, "spa": 161, "spd": 161, "spe": 127}, "types": ["Normal"]}}, {"Vileplume": {"name": "Vileplume", "species": "Vileplume", "speciesId": "vileplume", "gender": "F", "shiny": false, "level": 85, "moves": ["gigadrain", "strengthsap", "leechseed", "sludgebomb"], "ability": "Effect Spore", "evs": {"hp": 85, "atk": 0, "def": 85, "spa": 85, "spd": 85, "spe": 85}, "ivs": {"hp": 31, "atk": 0, "def": 31, "spa": 31, "spd": 31, "spe": 31}, "item": "Leftovers", "teraType": "Steel", "role": "Bulky Attacker", "bvs": {"hp": 75, "atk": 80, "def": 85, "spa": 110, "spd": 90, "spe": 50}, "stats": {"hp": 266, "atk": 141, "def": 193, "spa": 236, "spd": 202, "spe": 134}, "types": ["Grass", "Poison"]}, "Skeledirge": {"name": "Skeledirge", "species": "Skeledirge", "speciesId": "skeledirge", "gender": "F", "shiny": false, "level": 79, "moves": ["willowisp", "torchsong", "slackoff", "hex"], "ability": "Unaware", "evs": {"hp": 85, "atk": 0, "def": 85, "spa": 85, "spd": 85, "spe": 85}, "ivs": {"hp": 31, "atk": 0, "def": 31, "spa": 31, "spd": 31, "spe": 31}, "item": "Heavy-Duty Boots", "teraType": "Fairy", "role": "Bulky Support", "bvs": {"hp": 104, "atk": 75, "def": 100, "spa": 110, "spd": 75, "spe": 66}, "stats": {"hp": 294, "atk": 123, "def": 204, "spa": 219, "spd": 164, "spe": 150}, "types": ["Fire", "Ghost"]}, "Ampharos": {"name": "Ampharos", "species": "Ampharos", "speciesId": "ampharos", "gender": "M", "shiny": false, "level": 88, "moves": ["agility", "dazzlinggleam", "thunderbolt", "focusblast"], "ability": "Static", "evs": {"hp": 85, "atk": 0, "def": 85, "spa": 85, "spd": 85, "spe": 85}, "ivs": {"hp": 31, "atk": 0, "def": 31, "spa": 31, "spd": 31, "spe": 31}, "item": "Life Orb", "teraType": "Fairy", "role": "Wallbreaker", "bvs": {"hp": 90, "atk": 75, "def": 85, "spa": 115, "spd": 90, "spe": 55}, "stats": {"hp": 302, "atk": 137, "def": 200, "spa": 253, "spd": 209, "spe": 147}, "types": ["Electric"]}, "Iron Jugulis": {"name": "Iron Jugulis", "species": "Iron Jugulis", "speciesId": "ironjugulis", "gender": "N", "shiny": false, "level": 77, "moves": ["earthpower", "darkpulse", "hurricane", "hydropump"], "ability": "Quark Drive", "evs": {"hp": 85, "atk": 0, "def": 85, "spa": 85, "spd": 85, "spe": 85}, "ivs": {"hp": 31, "atk": 0, "def": 31, "spa": 31, "spd": 31, "spe": 31}, "item": "Choice Specs", "teraType": "Ground", "role": "Wallbreaker", "bvs": {"hp": 94, "atk": 80, "def": 86, "spa": 122, "spd": 80, "spe": 108}, "stats": {"hp": 271, "atk": 128, "def": 177, "spa": 232, "spd": 168, "spe": 211}, "types": ["Dark", "Flying"]}, "Dialga": {"name": "Dialga", "species": "Dialga-Origin", "speciesId": "dialgaorigin", "gender": "N", "shiny": false, "level": 73, "moves": ["stealthrock", "heavyslam", "thunderwave", "dracometeor"], "ability": "Pressure", "evs": {"hp": 85, "atk": 85, "def": 85, "spa": 85, "spd": 85, "spe": 85}, "ivs": {"hp": 31, "atk": 31, "def": 31, "spa": 31, "spd": 31, "spe": 31}, "item": "Adamant Crystal", "teraType": "Dragon", "role": "Fast Attacker", "bvs": {"hp": 100, "atk": 100, "def": 120, "spa": 150, "spd": 120, "spe": 90}, "stats": {"hp": 266, "atk": 188, "def": 218, "spa": 261, "spd": 218, "spe": 174}, "types": ["Steel", "Dragon"]}, "Hawlucha": {"name": "Hawlucha", "species": "Hawlucha", "speciesId": "hawlucha", "gender": "F", "shiny": false, "level": 80, "moves": ["stoneedge", "closecombat", "bravebird", "swordsdance"], "ability": "Unburden", "evs": {"hp": 85, "atk": 85, "def": 85, "spa": 85, "spd": 85, "spe": 85}, "ivs": {"hp": 31, "atk": 31, "def": 31, "spa": 31, "spd": 31, "spe": 31}, "item": "White Herb", "teraType": "Fighting", "role": "Setup Sweeper", "bvs": {"hp": 78, "atk": 92, "def": 75, "spa": 74, "spd": 63, "spe": 118}, "stats": {"hp": 256, "atk": 193, "def": 166, "spa": 165, "spd": 147, "spe": 235}, "types": ["Fighting", "Flying"]}}]}