{"id": "gen9randombattle-2642183068", "format": "[Gen 9] Random Battle", "players": ["ceezy", "sh4u"], "log": "|j|\u2606ceezy\n|j|\u2606sh4u\n|t:|1782906988\n|gametype|singles\n|player|p1|ceezy|rika|1955\n|player|p2|sh4u|pokefan|1927\n|gen|9\n|tier|[Gen 9] Random Battle\n|rated|\n|rule|Species Clause: Limit one of each Pok\u00e9mon\n|rule|HP Percentage Mod: HP is shown in percentages\n|rule|Sleep Clause Mod: Limit one foe put to sleep\n|rule|Illusion Level Mod: Illusion disguises the Pok\u00e9mon's true level\n|\n|t:|1782906988\n|teamsize|p1|6\n|teamsize|p2|6\n|start\n|switch|p1a: Klawf|Klawf, L90, F|272/272\n|switch|p2a: Lapras|Lapras, L87, F|367/367\n|turn|1\n|inactive|Battle timer is ON: inactive players will automatically lose when time's up. (requested by sh4u)\n|j| alpha295\n|\n|t:|1782907007\n|switch|p1a: Registeel|Registeel, L81|262/262\n|move|p2a: Lapras|Hydro Pump|p1a: Registeel|[miss]\n|-miss|p2a: Lapras|p1a: Registeel\n|\n|upkeep\n|turn|2\n|\n|t:|1782907016\n|switch|p2a: Raikou|Raikou, L81|278/278\n|-ability|p2a: Raikou|Pressure\n|move|p1a: Registeel|Stealth Rock|p2a: Raikou\n|-sidestart|p2: sh4u|move: Stealth Rock\n|\n|upkeep\n|turn|3\n|\n|t:|1782907024\n|switch|p1a: Amoonguss|Amoonguss, L82, F|321/321\n|move|p2a: Raikou|Calm Mind|p2a: Raikou\n|-boost|p2a: Raikou|spa|1\n|-boost|p2a: Raikou|spd|1\n|\n|upkeep\n|turn|4\n|c| alpha295|Bu*tplug user\n|\n|t:|1782907036\n|move|p2a: Raikou|Shadow Ball|p1a: Amoonguss\n|-damage|p1a: Amoonguss|226/321\n|move|p1a: Amoonguss|Sludge Bomb|p2a: Raikou\n|-damage|p2a: Raikou|226/278\n|\n|-heal|p2a: Raikou|243/278|[from] item: Leftovers\n|upkeep\n|turn|5\n|\n|t:|1782907048\n|move|p2a: Raikou|Shadow Ball|p1a: Amoonguss\n|-damage|p1a: Amoonguss|133/321\n|move|p1a: Amoonguss|Spore|p2a: Raikou\n|-status|p2a: Raikou|slp|[from] move: Spore\n|\n|-heal|p2a: Raikou|260/278 slp|[from] item: Leftovers\n|upkeep\n|turn|6\n|\n|t:|1782907061\n|switch|p2a: Infernape|Infernape, L82, F|259/259\n|-damage|p2a: Infernape|227/259|[from] Stealth Rock\n|switch|p1a: Leafeon|Leafeon, L88, F|258/258\n|\n|upkeep\n|turn|7\n|\n|t:|1782907072\n|switch|p1a: Klawf|Klawf, L90, F|272/272\n|move|p2a: Infernape|Close Combat|p1a: Klawf\n|-supereffective|p1a: Klawf\n|-damage|p1a: Klawf|0 fnt\n|-unboost|p2a: Infernape|def|1\n|-unboost|p2a: Infernape|spd|1\n|faint|p1a: Klawf\n|\n|upkeep\n|\n|t:|1782907083\n|switch|p1a: Amoonguss|Amoonguss, L82, F|240/321\n|turn|8\n|\n|t:|1782907090\n|switch|p2a: Mismagius|Mismagius, L86, M|243/243\n|-damage|p2a: Mismagius|213/243|[from] Stealth Rock\n|move|p1a: Amoonguss|Toxic|p2a: Mismagius\n|-status|p2a: Mismagius|tox\n|\n|-heal|p2a: Mismagius|228/243 tox|[from] item: Leftovers\n|-damage|p2a: Mismagius|213/243 tox|[from] psn\n|upkeep\n|turn|9\n|\n|t:|1782907102\n|switch|p1a: Leafeon|Leafeon, L88, F|258/258\n|move|p2a: Mismagius|Nasty Plot|p2a: Mismagius\n|-boost|p2a: Mismagius|spa|2\n|\n|-heal|p2a: Mismagius|228/243 tox|[from] item: Leftovers\n|-damage|p2a: Mismagius|198/243 tox|[from] psn\n|upkeep\n|turn|10\n|\n|t:|1782907114\n|move|p2a: Mismagius|Shadow Ball|p1a: Leafeon\n|-damage|p1a: Leafeon|35/258\n|move|p1a: Leafeon|Knock Off|p2a: Mismagius\n|-supereffective|p2a: Mismagius\n|-damage|p2a: Mismagius|0 fnt\n|-enditem|p2a: Mismagius|Leftovers|[from] move: Knock Off|[of] p1a: Leafeon\n|faint|p2a: Mismagius\n|-damage|p1a: Leafeon|10/258|[from] item: Life Orb\n|\n|upkeep\n|\n|t:|1782907125\n|switch|p2a: Infernape|Infernape, L82, F|227/259\n|-damage|p2a: Infernape|195/259|[from] Stealth Rock\n|turn|11\n|l|\u2606sh4u\n|inactive|sh4u disconnected and has a minute to reconnect!\n|player|p2|\n|j|\u2606sh4u\n|inactive|sh4u reconnected and has 130 seconds left.\n|player|p2|sh4u|pokefan|\n|\n|t:|1782907146\n|switch|p1a: Baxcalibur|Baxcalibur, L75, F|296/296\n|move|p2a: Infernape|Flare Blitz|p1a: Baxcalibur\n|-damage|p1a: Baxcalibur|106/296\n|-ability|p1a: Baxcalibur|Thermal Exchange|boost\n|-boost|p1a: Baxcalibur|atk|1\n|-damage|p2a: Infernape|132/259|[from] Recoil\n|\n|upkeep\n|turn|12\n|\n|t:|1782907155\n|move|p2a: Infernape|Flare Blitz|p1a: Baxcalibur\n|-damage|p1a: Baxcalibur|0 fnt\n|faint|p1a: Baxcalibur\n|-damage|p2a: Infernape|97/259|[from] Recoil\n|\n|upkeep\n|\n|t:|1782907160\n|switch|p1a: Miraidon|Miraidon, L65|238/238\n|-fieldstart|move: Electric Terrain|[from] ability: Hadron Engine|[of] p1a: Miraidon\n|turn|13\n|\n|t:|1782907177\n|switch|p2a: Lapras|Lapras, L87, F|367/367\n|-damage|p2a: Lapras|276/367|[from] Stealth Rock\n|move|p1a: Miraidon|Volt Switch|p2a: Lapras\n|-supereffective|p2a: Lapras\n|-damage|p2a: Lapras|0 fnt\n|faint|p2a: Lapras\n|\n|t:|1782907182\n|switch|p1a: Amoonguss|Amoonguss, L82, F|321/321|[from] Volt Switch\n|\n|upkeep\n|\n|t:|1782907191\n|switch|p2a: Infernape|Infernape, L82, F|97/259\n|-damage|p2a: Infernape|65/259|[from] Stealth Rock\n|turn|14\n|\n|t:|1782907200\n|-terastallize|p1a: Amoonguss|Water\n|move|p2a: Infernape|Flare Blitz|p1a: Amoonguss\n|-resisted|p1a: Amoonguss\n|-damage|p1a: Amoonguss|206/321\n|-damage|p2a: Infernape|22/259|[from] item: Rocky Helmet|[of] p1a: Amoonguss\n|-damage|p2a: Infernape|0 fnt|[from] Recoil\n|faint|p2a: Infernape\n|move|p1a: Amoonguss|Sludge Bomb|p2: Infernape|[notarget]\n|-fail|p1a: Amoonguss\n|\n|upkeep\n|\n|t:|1782907212\n|switch|p2a: Lycanroc|Lycanroc, L86, F|269/269\n|-damage|p2a: Lycanroc|236/269|[from] Stealth Rock\n|turn|15\n|\n|t:|1782907222\n|-terastallize|p2a: Lycanroc|Fighting\n|move|p2a: Lycanroc|Close Combat|p1a: Amoonguss\n|-damage|p1a: Amoonguss|0 fnt\n|-unboost|p2a: Lycanroc|def|1\n|-unboost|p2a: Lycanroc|spd|1\n|-damage|p2a: Lycanroc|192/269|[from] item: Rocky Helmet|[of] p1a: Amoonguss\n|faint|p1a: Amoonguss\n|-damage|p2a: Lycanroc|166/269|[from] item: Life Orb\n|\n|upkeep\n|\n|t:|1782907228\n|switch|p1a: Miraidon|Miraidon, L65|238/238\n|-activate|p1a: Miraidon|ability: Hadron Engine\n|turn|16\n|\n|t:|1782907237\n|move|p2a: Lycanroc|Close Combat|p1a: Miraidon\n|-crit|p1a: Miraidon\n|-damage|p1a: Miraidon|0 fnt\n|-unboost|p2a: Lycanroc|def|1\n|-unboost|p2a: Lycanroc|spd|1\n|faint|p1a: Miraidon\n|-damage|p2a: Lycanroc|140/269|[from] item: Life Orb\n|\n|upkeep\n|\n|t:|1782907242\n|switch|p1a: Registeel|Registeel, L81|262/262\n|turn|17\n|\n|t:|1782907249\n|move|p2a: Lycanroc|Close Combat|p1a: Registeel\n|-supereffective|p1a: Registeel\n|-damage|p1a: Registeel|0 fnt\n|-unboost|p2a: Lycanroc|def|1\n|-unboost|p2a: Lycanroc|spd|1\n|faint|p1a: Registeel\n|-damage|p2a: Lycanroc|114/269|[from] item: Life Orb\n|\n|-fieldend|move: Electric Terrain\n|upkeep\n|-message|ceezy forfeited.\n|\n|win|sh4u\n|raw|ceezy's rating: 1955 &rarr; <strong>1933</strong><br />(-22 for losing)\n|raw|sh4u's rating: 1927 &rarr; <strong>1949</strong><br />(+22 for winning)\n", "inputlog": ">version f8ac14003a5f27e1bdc8d8c59608a773c1cb96e5\n>start {\"formatid\":\"gen9randombattle\",\"seed\":\"sodium,c7e581a3752b142e09fe7a4d52e15860\",\"rated\":\"Rated battle\"}\n>player p1 {\"name\":\"ceezy\",\"avatar\":\"rika\",\"rating\":1955,\"seed\":\"sodium,ecb3855d4270352a3fc7eb91fd62a6b9\"}\n>player p2 {\"name\":\"sh4u\",\"avatar\":\"pokefan\",\"rating\":1927,\"seed\":\"sodium,81f5d87903b5d89d855f7408a2b46221\"}\n>p1 switch 6\n>p2 move hydropump\n>p1 move stealthrock\n>p2 switch 2\n>p1 switch 3\n>p2 move calmmind\n>chat  alpha295|Bu*tplug user\n>p1 move sludgebomb\n>p2 move shadowball\n>p1 move spore\n>p2 move shadowball\n>p1 switch 2\n>p2 switch 3\n>p1 switch 6\n>p2 move closecombat\n>p1 switch 2\n>p1 move toxic\n>p2 switch 4\n>p1 switch 6\n>p2 move nastyplot\n>p1 move knockoff\n>p2 move shadowball\n>p2 switch 4\n>p1 switch 4\n>p2 move flareblitz\n>p1 move dragondance\n>p2 move flareblitz\n>p1 switch 5\n>p1 move voltswitch\n>p2 switch 2\n>p1 switch 6\n>p2 switch 2\n>p1 move sludgebomb terastallize\n>p2 move flareblitz\n>p2 switch 6\n>p1 move gigadrain\n>p2 move closecombat terastallize\n>p1 switch 6\n>p1 move voltswitch\n>p2 move closecombat\n>p1 switch 3\n>p1 move bodypress\n>p2 move closecombat\n>forcelose p1", "uploadtime": 1782907252, "views": 8, "formatid": "gen9randombattle", "rating": 1933, "private": 0, "password": null, "player_dets": [{"name": "ceezy", "avatar": "rika", "rating": 1955, "seed": "sodium,ecb3855d4270352a3fc7eb91fd62a6b9"}, {"name": "sh4u", "avatar": "pokefan", "rating": 1927, "seed": "sodium,81f5d87903b5d89d855f7408a2b46221"}], "teams_full": [{"Klawf": {"name": "Klawf", "species": "Klawf", "speciesId": "klawf", "gender": "F", "shiny": false, "level": 90, "moves": ["highhorsepower", "crabhammer", "knockoff", "stoneedge"], "ability": "Regenerator", "evs": {"hp": 85, "atk": 85, "def": 85, "spa": 85, "spd": 85, "spe": 85}, "ivs": {"hp": 31, "atk": 31, "def": 31, "spa": 31, "spd": 31, "spe": 31}, "item": "Choice Scarf", "teraType": "Dark", "role": "Fast Attacker", "bvs": {"hp": 70, "atk": 100, "def": 115, "spa": 35, "spd": 55, "spe": 75}, "stats": {"hp": 272, "atk": 231, "def": 258, "spa": 114, "spd": 150, "spe": 186}, "types": ["Rock"]}, "Leafeon": {"name": "Leafeon", "species": "Leafeon", "speciesId": "leafeon", "gender": "F", "shiny": false, "level": 88, "moves": ["leafblade", "synthesis", "knockoff", "swordsdance"], "ability": "Chlorophyll", "evs": {"hp": 85, "atk": 85, "def": 85, "spa": 85, "spd": 85, "spe": 85}, "ivs": {"hp": 31, "atk": 31, "def": 31, "spa": 31, "spd": 31, "spe": 31}, "item": "Life Orb", "teraType": "Dark", "role": "Setup Sweeper", "bvs": {"hp": 65, "atk": 110, "def": 130, "spa": 60, "spd": 65, "spe": 95}, "stats": {"hp": 258, "atk": 244, "def": 279, "spa": 156, "spd": 165, "spe": 217}, "types": ["Grass"]}, "Amoonguss": {"name": "Amoonguss", "species": "Amoonguss", "speciesId": "amoonguss", "gender": "F", "shiny": false, "level": 82, "moves": ["gigadrain", "toxic", "sludgebomb", "spore"], "ability": "Regenerator", "evs": {"hp": 85, "atk": 0, "def": 85, "spa": 85, "spd": 85, "spe": 85}, "ivs": {"hp": 31, "atk": 0, "def": 31, "spa": 31, "spd": 31, "spe": 31}, "item": "Rocky Helmet", "teraType": "Water", "role": "Bulky Support", "bvs": {"hp": 114, "atk": 85, "def": 70, "spa": 85, "spd": 80, "spe": 30}, "stats": {"hp": 321, "atk": 144, "def": 162, "spa": 187, "spd": 178, "spe": 96}, "types": ["Grass", "Poison"]}, "Baxcalibur": {"name": "Baxcalibur", "species": "Baxcalibur", "speciesId": "baxcalibur", "gender": "F", "shiny": false, "level": 75, "moves": ["iciclecrash", "earthquake", "glaiverush", "dragondance"], "ability": "Thermal Exchange", "evs": {"hp": 85, "atk": 85, "def": 85, "spa": 85, "spd": 85, "spe": 85}, "ivs": {"hp": 31, "atk": 31, "def": 31, "spa": 31, "spd": 31, "spe": 31}, "item": "Heavy-Duty Boots", "teraType": "Ground", "role": "Setup Sweeper", "bvs": {"hp": 115, "atk": 145, "def": 92, "spa": 75, "spd": 86, "spe": 87}, "stats": {"hp": 296, "atk": 261, "def": 182, "spa": 156, "spd": 173, "spe": 174}, "types": ["Dragon", "Ice"]}, "Miraidon": {"name": "Miraidon", "species": "Miraidon", "speciesId": "miraidon", "gender": "N", "shiny": false, "level": 65, "moves": ["overheat", "voltswitch", "dracometeor", "electrodrift"], "ability": "Hadron Engine", "evs": {"hp": 85, "atk": 0, "def": 85, "spa": 85, "spd": 85, "spe": 85}, "ivs": {"hp": 31, "atk": 0, "def": 31, "spa": 31, "spd": 31, "spe": 31}, "item": "Choice Specs", "teraType": "Electric", "role": "Fast Attacker", "bvs": {"hp": 100, "atk": 85, "def": 100, "spa": 135, "spd": 115, "spe": 135}, "stats": {"hp": 238, "atk": 115, "def": 168, "spa": 214, "spd": 188, "spe": 214}, "types": ["Electric", "Dragon"]}, "Registeel": {"name": "Registeel", "species": "Registeel", "speciesId": "registeel", "gender": "N", "shiny": false, "level": 81, "moves": ["stealthrock", "bodypress", "thunderwave", "ironhead"], "ability": "Clear Body", "evs": {"hp": 85, "atk": 85, "def": 85, "spa": 85, "spd": 85, "spe": 85}, "ivs": {"hp": 31, "atk": 31, "def": 31, "spa": 31, "spd": 31, "spe": 31}, "item": "Leftovers", "teraType": "Fighting", "role": "Bulky Support", "bvs": {"hp": 80, "atk": 75, "def": 150, "spa": 75, "spd": 150, "spe": 50}, "stats": {"hp": 262, "atk": 168, "def": 290, "spa": 168, "spd": 290, "spe": 128}, "types": ["Steel"]}}, {"Lapras": {"name": "Lapras", "species": "Lapras", "speciesId": "lapras", "gender": "F", "shiny": false, "level": 87, "moves": ["icebeam", "freezedry", "sparklingaria", "hydropump"], "ability": "Water Absorb", "evs": {"hp": 81, "atk": 0, "def": 85, "spa": 85, "spd": 85, "spe": 85}, "ivs": {"hp": 31, "atk": 0, "def": 31, "spa": 31, "spd": 31, "spe": 31}, "item": "Choice Specs", "teraType": "Ice", "role": "Wallbreaker", "bvs": {"hp": 130, "atk": 85, "def": 80, "spa": 85, "spd": 95, "spe": 60}, "stats": {"hp": 367, "atk": 152, "def": 189, "spa": 198, "spd": 215, "spe": 154}, "types": ["Water", "Ice"]}, "Raikou": {"name": "Raikou", "species": "Raikou", "speciesId": "raikou", "gender": "N", "shiny": false, "level": 81, "moves": ["scald", "calmmind", "shadowball", "thunderbolt"], "ability": "Pressure", "evs": {"hp": 85, "atk": 0, "def": 85, "spa": 85, "spd": 85, "spe": 85}, "ivs": {"hp": 31, "atk": 0, "def": 31, "spa": 31, "spd": 31, "spe": 31}, "item": "Leftovers", "teraType": "Water", "role": "Bulky Attacker", "bvs": {"hp": 90, "atk": 85, "def": 75, "spa": 115, "spd": 100, "spe": 115}, "stats": {"hp": 278, "atk": 142, "def": 168, "spa": 233, "spd": 209, "spe": 233}, "types": ["Electric"]}, "Infernape": {"name": "Infernape", "species": "Infernape", "speciesId": "infernape", "gender": "F", "shiny": false, "level": 82, "moves": ["flareblitz", "machpunch", "closecombat", "uturn"], "ability": "Iron Fist", "evs": {"hp": 85, "atk": 85, "def": 85, "spa": 85, "spd": 85, "spe": 85}, "ivs": {"hp": 31, "atk": 31, "def": 31, "spa": 31, "spd": 31, "spe": 31}, "item": "Choice Band", "teraType": "Fire", "role": "Fast Support", "bvs": {"hp": 76, "atk": 104, "def": 71, "spa": 104, "spd": 71, "spe": 108}, "stats": {"hp": 259, "atk": 218, "def": 164, "spa": 218, "spd": 164, "spe": 224}, "types": ["Fire", "Fighting"]}, "Mismagius": {"name": "Mismagius", "species": "Mismagius", "speciesId": "mismagius", "gender": "M", "shiny": false, "level": 86, "moves": ["terablast", "shadowball", "nastyplot", "substitute"], "ability": "Levitate", "evs": {"hp": 85, "atk": 0, "def": 85, "spa": 85, "spd": 85, "spe": 85}, "ivs": {"hp": 31, "atk": 0, "def": 31, "spa": 31, "spd": 31, "spe": 31}, "item": "Leftovers", "teraType": "Fighting", "role": "Tera Blast user", "bvs": {"hp": 60, "atk": 60, "def": 60, "spa": 105, "spd": 105, "spe": 105}, "stats": {"hp": 243, "atk": 108, "def": 152, "spa": 230, "spd": 230, "spe": 230}, "types": ["Ghost"]}, "Crawdaunt": {"name": "Crawdaunt", "species": "Crawdaunt", "speciesId": "crawdaunt", "gender": "M", "shiny": false, "level": 84, "moves": ["knockoff", "closecombat", "dragondance", "crabhammer"], "ability": "Adaptability", "evs": {"hp": 85, "atk": 85, "def": 85, "spa": 85, "spd": 85, "spe": 85}, "ivs": {"hp": 31, "atk": 31, "def": 31, "spa": 31, "spd": 31, "spe": 31}, "item": "Life Orb", "teraType": "Fighting", "role": "Fast Attacker", "bvs": {"hp": 63, "atk": 120, "def": 85, "spa": 90, "spd": 55, "spe": 55}, "stats": {"hp": 243, "atk": 250, "def": 191, "spa": 199, "spd": 141, "spe": 141}, "types": ["Water", "Dark"]}, "Lycanroc": {"name": "Lycanroc", "species": "Lycanroc", "speciesId": "lycanroc", "gender": "F", "shiny": false, "level": 86, "moves": ["crunch", "closecombat", "stoneedge", "swordsdance"], "ability": "Sand Rush", "evs": {"hp": 85, "atk": 85, "def": 85, "spa": 85, "spd": 85, "spe": 85}, "ivs": {"hp": 31, "atk": 31, "def": 31, "spa": 31, "spd": 31, "spe": 31}, "item": "Life Orb", "teraType": "Fighting", "role": "Fast Attacker", "bvs": {"hp": 75, "atk": 115, "def": 65, "spa": 55, "spd": 65, "spe": 112}, "stats": {"hp": 269, "atk": 247, "def": 161, "spa": 144, "spd": 161, "spe": 242}, "types": ["Rock"]}}]}