{"id": "gen9randombattle-2642070057", "format": "[Gen 9] Random Battle", "players": ["andrewshowdown", "beentrillbrandon"], "log": "|j|\u2606andrewshowdown\n|j|\u2606beentrillbrandon\n|t:|1782883431\n|gametype|singles\n|player|p1|andrewshowdown|juggler|1095\n|player|p2|beentrillbrandon|170|1089\n|gen|9\n|tier|[Gen 9] Random Battle\n|rated|\n|rule|Species Clause: Limit one of each Pok\u00e9mon\n|rule|HP Percentage Mod: HP is shown in percentages\n|rule|Sleep Clause Mod: Limit one foe put to sleep\n|rule|Illusion Level Mod: Illusion disguises the Pok\u00e9mon's true level\n|\n|t:|1782883431\n|teamsize|p1|6\n|teamsize|p2|6\n|start\n|switch|p1a: Wugtrio|Wugtrio, L91, M|212/212\n|switch|p2a: Feraligatr|Feraligatr, L79, F|264/264\n|turn|1\n|inactive|Battle timer is ON: inactive players will automatically lose when time's up. (requested by beentrillbrandon)\n|\n|t:|1782883460\n|move|p1a: Wugtrio|Throat Chop|p2a: Feraligatr\n|-damage|p2a: Feraligatr|173/264\n|-start|p2a: Feraligatr|Throat Chop|[silent]\n|move|p2a: Feraligatr|Dragon Dance|p2a: Feraligatr\n|-boost|p2a: Feraligatr|atk|1\n|-boost|p2a: Feraligatr|spe|1\n|\n|upkeep\n|turn|2\n|\n|t:|1782883481\n|switch|p1a: Magnezone|Magnezone, L85|258/258\n|move|p2a: Feraligatr|Dragon Dance|p2a: Feraligatr\n|-boost|p2a: Feraligatr|atk|1\n|-boost|p2a: Feraligatr|spe|1\n|\n|-end|p2a: Feraligatr|Throat Chop|[silent]\n|upkeep\n|turn|3\n|\n|t:|1782883497\n|switch|p2a: Serperior|Serperior, L79, M|248/248\n|move|p1a: Magnezone|Thunderbolt|p2a: Serperior\n|-resisted|p2a: Serperior\n|-damage|p2a: Serperior|170/248\n|\n|-heal|p2a: Serperior|185/248|[from] item: Leftovers\n|upkeep\n|turn|4\n|\n|t:|1782883511\n|move|p2a: Serperior|Leaf Storm|p1a: Magnezone\n|-resisted|p1a: Magnezone\n|-damage|p1a: Magnezone|225/258\n|-boost|p2a: Serperior|spa|2\n|move|p1a: Magnezone|Mirror Coat|p2a: Serperior\n|-damage|p2a: Serperior|119/248\n|\n|-heal|p2a: Serperior|134/248|[from] item: Leftovers\n|upkeep\n|turn|5\n|\n|t:|1782883521\n|move|p2a: Serperior|Leech Seed|p1a: Magnezone\n|-start|p1a: Magnezone|move: Leech Seed\n|move|p1a: Magnezone|Flash Cannon|p2a: Serperior\n|-damage|p2a: Serperior|0 fnt\n|faint|p2a: Serperior\n|\n|upkeep\n|\n|t:|1782883535\n|switch|p2a: Meowscarada|Meowscarada, L78, M|247/247\n|turn|6\n|\n|t:|1782883552\n|switch|p1a: Dachsbun|Dachsbun, L92, M|254/254\n|move|p2a: Meowscarada|Toxic Spikes|p1a: Dachsbun\n|-start|p2a: Meowscarada|typechange|Poison|[from] ability: Protean\n|-sidestart|p1: andrewshowdown|move: Toxic Spikes\n|\n|upkeep\n|turn|7\n|\n|t:|1782883565\n|move|p2a: Meowscarada|Toxic Spikes|p1a: Dachsbun\n|-sidestart|p1: andrewshowdown|move: Toxic Spikes\n|move|p1a: Dachsbun|Yawn|p2a: Meowscarada\n|-start|p2a: Meowscarada|move: Yawn|[of] p1a: Dachsbun\n|\n|upkeep\n|turn|8\n|\n|t:|1782883574\n|switch|p2a: Arbok|Arbok, L87, F|246/246\n|-ability|p2a: Arbok|Intimidate|boost\n|-unboost|p1a: Dachsbun|atk|1\n|move|p1a: Dachsbun|Wish|p1a: Dachsbun\n|\n|upkeep\n|turn|9\n|\n|t:|1782883600\n|move|p1a: Dachsbun|Yawn|p2a: Arbok\n|-start|p2a: Arbok|move: Yawn|[of] p1a: Dachsbun\n|move|p2a: Arbok|Coil|p2a: Arbok\n|-boost|p2a: Arbok|atk|1\n|-boost|p2a: Arbok|def|1\n|-boost|p2a: Arbok|accuracy|1\n|\n|upkeep\n|turn|10\n|\n|t:|1782883608\n|switch|p1a: Wugtrio|Wugtrio, L91, M|212/212\n|-status|p1a: Wugtrio|tox\n|move|p2a: Arbok|Coil|p2a: Arbok\n|-boost|p2a: Arbok|atk|1\n|-boost|p2a: Arbok|def|1\n|-boost|p2a: Arbok|accuracy|1\n|\n|-damage|p1a: Wugtrio|199/212 tox|[from] psn\n|-end|p2a: Arbok|move: Yawn|[silent]\n|-status|p2a: Arbok|slp\n|upkeep\n|turn|11\n|inactive|beentrillbrandon has 120 seconds left.\n|\n|t:|1782883640\n|move|p1a: Wugtrio|Stomping Tantrum|p2a: Arbok\n|-supereffective|p2a: Arbok\n|-damage|p2a: Arbok|140/246 slp\n|cant|p2a: Arbok|slp\n|\n|-heal|p2a: Arbok|155/246 slp|[from] item: Leftovers\n|-damage|p1a: Wugtrio|173/212 tox|[from] psn\n|upkeep\n|turn|12\n|inactive|beentrillbrandon has 120 seconds left.\n|l|\u2606andrewshowdown\n|inactive|andrewshowdown disconnected and has a minute to reconnect!\n|player|p1|\n|j|\u2606andrewshowdown\n|inactive|andrewshowdown reconnected and has 125 seconds left.\n|player|p1|andrewshowdown|juggler|\n|inactive|andrewshowdown has 120 seconds left.\n|\n|t:|1782883666\n|move|p1a: Wugtrio|Stomping Tantrum|p2a: Arbok\n|-supereffective|p2a: Arbok\n|-damage|p2a: Arbok|47/246 slp\n|-curestatus|p2a: Arbok|slp|[msg]\n|move|p2a: Arbok|Coil|p2a: Arbok\n|-boost|p2a: Arbok|atk|1\n|-boost|p2a: Arbok|def|1\n|-boost|p2a: Arbok|accuracy|1\n|\n|-heal|p2a: Arbok|62/246|[from] item: Leftovers\n|-damage|p1a: Wugtrio|134/212 tox|[from] psn\n|upkeep\n|turn|13\n|inactive|beentrillbrandon has 120 seconds left.\n|\n|t:|1782883693\n|move|p2a: Arbok|Sucker Punch|p1a: Wugtrio\n|-damage|p1a: Wugtrio|0 fnt\n|-ability|p1a: Wugtrio|Gooey\n|-unboost|p2a: Arbok|spe|1\n|faint|p1a: Wugtrio\n|\n|-heal|p2a: Arbok|77/246|[from] item: Leftovers\n|upkeep\n|\n|t:|1782883707\n|switch|p1a: Magnezone|Magnezone, L85|225/258\n|turn|14\n|\n|t:|1782883717\n|move|p1a: Magnezone|Flash Cannon|p2a: Arbok\n|-damage|p2a: Arbok|0 fnt\n|faint|p2a: Arbok\n|\n|upkeep\n|inactive|beentrillbrandon has 90 seconds left.\n|\n|t:|1782883752\n|switch|p2a: Meowscarada|Meowscarada, L78, M|247/247\n|turn|15\n|\n|t:|1782883768\n|switch|p1a: Volbeat|Volbeat, L90, M|263/263\n|move|p2a: Meowscarada|Knock Off|p1a: Volbeat\n|-start|p2a: Meowscarada|typechange|Dark|[from] ability: Protean\n|-damage|p1a: Volbeat|134/263\n|-enditem|p1a: Volbeat|Heavy-Duty Boots|[from] move: Knock Off|[of] p2a: Meowscarada\n|-damage|p2a: Meowscarada|223/247|[from] item: Life Orb\n|\n|upkeep\n|turn|16\n|inactive|beentrillbrandon has 90 seconds left.\n|\n|t:|1782883797\n|switch|p2a: Scizor|Scizor, L79, M|240/240\n|move|p1a: Volbeat|Lunge|p2a: Scizor\n|-resisted|p2a: Scizor\n|-damage|p2a: Scizor|200/240\n|-unboost|p2a: Scizor|atk|1\n|\n|-heal|p2a: Scizor|215/240|[from] item: Leftovers\n|upkeep\n|turn|17\n|\n|t:|1782883825\n|switch|p2a: Feraligatr|Feraligatr, L79, F|173/264\n|move|p1a: Volbeat|Thunder Wave|p2a: Feraligatr\n|-status|p2a: Feraligatr|par\n|\n|upkeep\n|turn|18\n|\n|t:|1782883832\n|move|p1a: Volbeat|Roost|p1a: Volbeat\n|-heal|p1a: Volbeat|263/263\n|-singleturn|p1a: Volbeat|move: Roost\n|move|p2a: Feraligatr|Dragon Dance|p2a: Feraligatr\n|-boost|p2a: Feraligatr|atk|1\n|-boost|p2a: Feraligatr|spe|1\n|\n|upkeep\n|turn|19\n|inactive|beentrillbrandon has 60 seconds left.\n|\n|t:|1782883868\n|move|p1a: Volbeat|Encore|p2a: Feraligatr\n|-start|p2a: Feraligatr|Encore\n|move|p2a: Feraligatr|Dragon Dance|p2a: Feraligatr\n|-boost|p2a: Feraligatr|atk|1\n|-boost|p2a: Feraligatr|spe|1\n|\n|upkeep\n|turn|20\n|\n|t:|1782883880\n|move|p1a: Volbeat|Lunge|p2a: Feraligatr\n|-damage|p2a: Feraligatr|100/264 par\n|-unboost|p2a: Feraligatr|atk|1\n|cant|p2a: Feraligatr|par\n|\n|upkeep\n|turn|21\n|\n|t:|1782883890\n|move|p1a: Volbeat|Lunge|p2a: Feraligatr\n|-damage|p2a: Feraligatr|30/264 par\n|-unboost|p2a: Feraligatr|atk|1\n|cant|p2a: Feraligatr|par\n|\n|-end|p2a: Feraligatr|Encore\n|upkeep\n|turn|22\n|\n|t:|1782883898\n|move|p1a: Volbeat|Lunge|p2a: Feraligatr\n|-damage|p2a: Feraligatr|0 fnt\n|faint|p2a: Feraligatr\n|\n|upkeep\n|\n|t:|1782883903\n|switch|p2a: Armarouge|Armarouge, L80, M|267/267\n|turn|23\n|\n|t:|1782883911\n|-terastallize|p1a: Volbeat|Water\n|-terastallize|p2a: Armarouge|Fighting\n|move|p1a: Volbeat|Thunder Wave|p2a: Armarouge\n|-status|p2a: Armarouge|par\n|move|p2a: Armarouge|Armor Cannon|p1a: Volbeat\n|-resisted|p1a: Volbeat\n|-damage|p1a: Volbeat|154/263\n|-unboost|p2a: Armarouge|def|1\n|-unboost|p2a: Armarouge|spd|1\n|\n|upkeep\n|turn|24\n|inactive|beentrillbrandon has 60 seconds left.\n|\n|t:|1782883929\n|switch|p2a: Meowscarada|Meowscarada, L78, M|223/247\n|move|p1a: Volbeat|Roost|p1a: Volbeat\n|-heal|p1a: Volbeat|263/263\n|\n|upkeep\n|turn|25\n|inactive|beentrillbrandon has 30 seconds left.\n|\n|t:|1782883967\n|move|p1a: Volbeat|Thunder Wave|p2a: Meowscarada\n|-hint|Since gen 7, Dark is immune to Prankster moves.\n|-immune|p2a: Meowscarada\n|move|p2a: Meowscarada|Flower Trick|p1a: Volbeat\n|-start|p2a: Meowscarada|typechange|Grass|[from] ability: Protean\n|-supereffective|p1a: Volbeat\n|-crit|p1a: Volbeat\n|-damage|p1a: Volbeat|0 fnt\n|faint|p1a: Volbeat\n|-damage|p2a: Meowscarada|199/247|[from] item: Life Orb\n|\n|upkeep\n|\n|t:|1782883984\n|switch|p1a: Magnezone|Magnezone, L85|225/258\n|turn|26\n|\n|t:|1782883989\n|move|p2a: Meowscarada|Knock Off|p1a: Magnezone\n|-damage|p1a: Magnezone|154/258\n|-enditem|p1a: Magnezone|Assault Vest|[from] move: Knock Off|[of] p2a: Meowscarada\n|-damage|p2a: Meowscarada|175/247|[from] item: Life Orb\n|move|p1a: Magnezone|Flash Cannon|p2a: Meowscarada\n|-crit|p2a: Meowscarada\n|-damage|p2a: Meowscarada|0 fnt\n|faint|p2a: Meowscarada\n|\n|upkeep\n|inactive|beentrillbrandon has 30 seconds left.\n|\n|t:|1782884006\n|switch|p2a: Scizor|Scizor, L79, M|215/240\n|turn|27\n|inactive|beentrillbrandon has 30 seconds left.\n|inactive|beentrillbrandon has 20 seconds left.\n|inactive|beentrillbrandon has 15 seconds left.\n|\n|t:|1782884039\n|move|p1a: Magnezone|Volt Switch|p2a: Scizor\n|-damage|p2a: Scizor|100/240\n|\n|t:|1782884043\n|switch|p1a: Iron Boulder|Iron Boulder, L77|265/265|[from] Volt Switch\n|-status|p1a: Iron Boulder|tox\n|move|p2a: Scizor|Close Combat|p1a: Iron Boulder\n|-damage|p1a: Iron Boulder|163/265 tox\n|-unboost|p2a: Scizor|def|1\n|-unboost|p2a: Scizor|spd|1\n|\n|-heal|p2a: Scizor|115/240|[from] item: Leftovers\n|-damage|p1a: Iron Boulder|147/265 tox|[from] psn\n|upkeep\n|turn|28\n|inactive|beentrillbrandon has 30 seconds left this turn.\n|inactive|beentrillbrandon has 20 seconds left.\n|inactive|beentrillbrandon has 15 seconds left.\n|\n|t:|1782884060\n|move|p2a: Scizor|Bullet Punch|p1a: Iron Boulder\n|-supereffective|p1a: Iron Boulder\n|-damage|p1a: Iron Boulder|0 fnt\n|faint|p1a: Iron Boulder\n|-end|p1a: Iron Boulder|Quark Drive|[silent]\n|\n|-heal|p2a: Scizor|130/240|[from] item: Leftovers\n|upkeep\n|\n|t:|1782884067\n|switch|p1a: Espeon|Espeon, L84, F|246/246\n|-status|p1a: Espeon|tox\n|turn|29\n|inactive|beentrillbrandon has 30 seconds left this turn.\n|\n|t:|1782884075\n|move|p1a: Espeon|Shadow Ball|p2a: Scizor\n|-damage|p2a: Scizor|0 fnt\n|faint|p2a: Scizor\n|-damage|p1a: Espeon|222/246 tox|[from] item: Life Orb\n|\n|-damage|p1a: Espeon|207/246 tox|[from] psn\n|upkeep\n|inactive|beentrillbrandon has 30 seconds left this turn.\n|\n|t:|1782884081\n|switch|p2a: Armarouge|Armarouge, L80, M, tera:Fighting|267/267 par\n|turn|30\n|\n|t:|1782884086\n|move|p1a: Espeon|Psychic|p2a: Armarouge\n|-supereffective|p2a: Armarouge\n|-damage|p2a: Armarouge|0 fnt\n|faint|p2a: Armarouge\n|-damage|p1a: Espeon|183/246 tox|[from] item: Life Orb\n|\n|win|andrewshowdown\n|raw|andrewshowdown's rating: 1076 &rarr; <strong>1106</strong><br />(+30 for winning)\n|raw|beentrillbrandon's rating: 1089 &rarr; <strong>1065</strong><br />(-24 for losing)\n|l|\u2606beentrillbrandon\n|player|p2|\n", "inputlog": ">version f8ac14003a5f27e1bdc8d8c59608a773c1cb96e5\n>start {\"formatid\":\"gen9randombattle\",\"seed\":\"sodium,00bc78bb6c470b645d2989a9242c4021\",\"rated\":\"Rated battle\"}\n>player p1 {\"name\":\"andrewshowdown\",\"avatar\":\"juggler\",\"rating\":1095,\"seed\":\"sodium,97a686db90289b61b3e6ee7d8fe156b5\"}\n>player p2 {\"name\":\"beentrillbrandon\",\"avatar\":\"170\",\"rating\":1089,\"seed\":\"sodium,9a1afae17bd74dc740f5fb28aedd6180\"}\n>p1 move throatchop\n>p2 move dragondance\n>p1 switch 4\n>p2 move dragondance\n>p1 move thunderbolt\n>p2 switch 3\n>p1 move mirrorcoat\n>p2 move leafstorm\n>p1 move flashcannon\n>p2 move leechseed\n>p2 switch 2\n>p1 switch 3\n>p2 move toxicspikes\n>p1 move yawn\n>p2 move toxicspikes\n>p1 move wish\n>p2 switch 6\n>p1 move yawn\n>p2 move coil\n>p1 switch 4\n>p2 move coil\n>p1 move stompingtantrum\n>p2 move coil\n>p1 move stompingtantrum\n>p2 move coil\n>p1 move stompingtantrum\n>p2 move suckerpunch\n>p1 switch 3\n>p1 move flashcannon\n>p2 move earthquake\n>p2 switch 6\n>p1 switch 6\n>p2 move knockoff\n>p1 move lunge\n>p2 switch 5\n>p1 move thunderwave\n>p2 switch 3\n>p1 move roost\n>p2 move dragondance\n>p1 move encore\n>p2 move dragondance\n>p1 move lunge\n>p2 move dragondance\n>p1 move lunge\n>p2 move dragondance\n>p1 move lunge\n>p2 move dragondance\n>p2 switch 4\n>p1 move thunderwave terastallize\n>p2 move armorcannon terastallize\n>p1 move roost\n>p2 switch 5\n>p1 move thunderwave\n>p2 move flowertrick\n>p1 switch 6\n>p1 move flashcannon\n>p2 move knockoff\n>p2 switch 3\n>p1 move voltswitch\n>p2 move closecombat\n>p1 switch 2\n>p1 move closecombat\n>p2 move bulletpunch\n>p1 switch 5\n>p1 move shadowball\n>p2 move uturn\n>p2 switch 5\n>p1 move psychic\n>p2 move energyball", "uploadtime": 1782884091, "views": 16, "formatid": "gen9randombattle", "rating": 1065, "private": 0, "password": null, "player_dets": [{"name": "andrewshowdown", "avatar": "juggler", "rating": 1095, "seed": "sodium,97a686db90289b61b3e6ee7d8fe156b5"}, {"name": "beentrillbrandon", "avatar": "170", "rating": 1089, "seed": "sodium,9a1afae17bd74dc740f5fb28aedd6180"}], "teams_full": [{"Wugtrio": {"name": "Wugtrio", "species": "Wugtrio", "speciesId": "wugtrio", "gender": "M", "shiny": false, "level": 91, "moves": ["aquajet", "stompingtantrum", "throatchop", "liquidation"], "ability": "Gooey", "evs": {"hp": 85, "atk": 85, "def": 85, "spa": 85, "spd": 85, "spe": 85}, "ivs": {"hp": 31, "atk": 31, "def": 31, "spa": 31, "spd": 31, "spe": 31}, "item": "Choice Band", "teraType": "Dark", "role": "Fast Attacker", "bvs": {"hp": 35, "atk": 100, "def": 50, "spa": 50, "spd": 70, "spe": 120}, "stats": {"hp": 212, "atk": 234, "def": 143, "spa": 143, "spd": 179, "spe": 270}, "types": ["Water"]}, "Iron Boulder": {"name": "Iron Boulder", "species": "Iron Boulder", "speciesId": "ironboulder", "gender": "N", "shiny": false, "level": 77, "moves": ["mightycleave", "swordsdance", "zenheadbutt", "closecombat"], "ability": "Quark Drive", "evs": {"hp": 85, "atk": 85, "def": 85, "spa": 85, "spd": 85, "spe": 85}, "ivs": {"hp": 31, "atk": 31, "def": 31, "spa": 31, "spd": 31, "spe": 31}, "item": "Life Orb", "teraType": "Fighting", "role": "Setup Sweeper", "bvs": {"hp": 90, "atk": 120, "def": 80, "spa": 68, "spd": 108, "spe": 124}, "stats": {"hp": 265, "atk": 229, "def": 168, "spa": 149, "spd": 211, "spe": 236}, "types": ["Rock", "Psychic"]}, "Dachsbun": {"name": "Dachsbun", "species": "Dachsbun", "speciesId": "dachsbun", "gender": "M", "shiny": false, "level": 92, "moves": ["yawn", "playrough", "protect", "wish"], "ability": "Well-Baked Body", "evs": {"hp": 85, "atk": 85, "def": 85, "spa": 85, "spd": 85, "spe": 85}, "ivs": {"hp": 31, "atk": 31, "def": 31, "spa": 31, "spd": 31, "spe": 31}, "item": "Leftovers", "teraType": "Steel", "role": "Bulky Support", "bvs": {"hp": 57, "atk": 80, "def": 115, "spa": 50, "spd": 80, "spe": 95}, "stats": {"hp": 254, "atk": 200, "def": 264, "spa": 144, "spd": 200, "spe": 227}, "types": ["Fairy"]}, "Magnezone": {"name": "Magnezone", "species": "Magnezone", "speciesId": "magnezone", "gender": "N", "shiny": false, "level": 85, "moves": ["mirrorcoat", "thunderbolt", "flashcannon", "voltswitch"], "ability": "Analytic", "evs": {"hp": 85, "atk": 0, "def": 85, "spa": 85, "spd": 85, "spe": 85}, "ivs": {"hp": 31, "atk": 0, "def": 31, "spa": 31, "spd": 31, "spe": 31}, "item": "Assault Vest", "teraType": "Flying", "role": "AV Pivot", "bvs": {"hp": 70, "atk": 70, "def": 115, "spa": 130, "spd": 90, "spe": 60}, "stats": {"hp": 258, "atk": 124, "def": 244, "spa": 270, "spd": 202, "spe": 151}, "types": ["Electric", "Steel"]}, "Espeon": {"name": "Espeon", "species": "Espeon", "speciesId": "espeon", "gender": "F", "shiny": false, "level": 84, "moves": ["calmmind", "psychic", "alluringvoice", "shadowball"], "ability": "Magic Bounce", "evs": {"hp": 85, "atk": 0, "def": 85, "spa": 85, "spd": 85, "spe": 85}, "ivs": {"hp": 31, "atk": 0, "def": 31, "spa": 31, "spd": 31, "spe": 31}, "item": "Life Orb", "teraType": "Psychic", "role": "Fast Attacker", "bvs": {"hp": 65, "atk": 65, "def": 60, "spa": 130, "spd": 95, "spe": 110}, "stats": {"hp": 246, "atk": 114, "def": 149, "spa": 267, "spd": 208, "spe": 233}, "types": ["Psychic"]}, "Volbeat": {"name": "Volbeat", "species": "Volbeat", "speciesId": "volbeat", "gender": "M", "shiny": false, "level": 90, "moves": ["thunderwave", "roost", "lunge", "encore"], "ability": "Prankster", "evs": {"hp": 85, "atk": 85, "def": 85, "spa": 85, "spd": 85, "spe": 85}, "ivs": {"hp": 31, "atk": 31, "def": 31, "spa": 31, "spd": 31, "spe": 31}, "item": "Heavy-Duty Boots", "teraType": "Water", "role": "Bulky Attacker", "bvs": {"hp": 65, "atk": 73, "def": 75, "spa": 47, "spd": 85, "spe": 85}, "stats": {"hp": 263, "atk": 183, "def": 186, "spa": 136, "spd": 204, "spe": 204}, "types": ["Bug"]}}, {"Feraligatr": {"name": "Feraligatr", "species": "Feraligatr", "speciesId": "feraligatr", "gender": "F", "shiny": false, "level": 79, "moves": ["crunch", "liquidation", "icepunch", "dragondance"], "ability": "Sheer Force", "evs": {"hp": 85, "atk": 85, "def": 85, "spa": 85, "spd": 85, "spe": 85}, "ivs": {"hp": 31, "atk": 31, "def": 31, "spa": 31, "spd": 31, "spe": 31}, "item": "Life Orb", "teraType": "Dark", "role": "Fast Bulky Setup", "bvs": {"hp": 85, "atk": 105, "def": 100, "spa": 79, "spd": 83, "spe": 78}, "stats": {"hp": 264, "atk": 211, "def": 204, "spa": 170, "spd": 177, "spe": 169}, "types": ["Water"]}, "Meowscarada": {"name": "Meowscarada", "species": "Meowscarada", "speciesId": "meowscarada", "gender": "M", "shiny": false, "level": 78, "moves": ["toxicspikes", "flowertrick", "knockoff", "tripleaxel"], "ability": "Protean", "evs": {"hp": 85, "atk": 85, "def": 85, "spa": 85, "spd": 85, "spe": 85}, "ivs": {"hp": 31, "atk": 31, "def": 31, "spa": 31, "spd": 31, "spe": 31}, "item": "Life Orb", "teraType": "Dark", "role": "Fast Support", "bvs": {"hp": 76, "atk": 110, "def": 70, "spa": 81, "spd": 70, "spe": 123}, "stats": {"hp": 247, "atk": 217, "def": 154, "spa": 171, "spd": 154, "spe": 237}, "types": ["Grass", "Dark"]}, "Serperior": {"name": "Serperior", "species": "Serperior", "speciesId": "serperior", "gender": "M", "shiny": false, "level": 79, "moves": ["substitute", "leechseed", "leafstorm", "terablast"], "ability": "Contrary", "evs": {"hp": 85, "atk": 85, "def": 85, "spa": 85, "spd": 85, "spe": 85}, "ivs": {"hp": 31, "atk": 31, "def": 31, "spa": 31, "spd": 31, "spe": 31}, "item": "Leftovers", "teraType": "Fire", "role": "Tera Blast user", "bvs": {"hp": 75, "atk": 75, "def": 95, "spa": 75, "spd": 95, "spe": 113}, "stats": {"hp": 248, "atk": 164, "def": 196, "spa": 164, "spd": 196, "spe": 224}, "types": ["Grass"]}, "Armarouge": {"name": "Armarouge", "species": "Armarouge", "speciesId": "armarouge", "gender": "M", "shiny": false, "level": 80, "moves": ["energyball", "armorcannon", "psyshock", "focusblast"], "ability": "Weak Armor", "evs": {"hp": 85, "atk": 0, "def": 85, "spa": 85, "spd": 85, "spe": 85}, "ivs": {"hp": 31, "atk": 0, "def": 31, "spa": 31, "spd": 31, "spe": 31}, "item": "Choice Specs", "teraType": "Fighting", "role": "Wallbreaker", "bvs": {"hp": 85, "atk": 60, "def": 100, "spa": 125, "spd": 80, "spe": 75}, "stats": {"hp": 267, "atk": 101, "def": 206, "spa": 246, "spd": 174, "spe": 166}, "types": ["Fire", "Psychic"]}, "Scizor": {"name": "Scizor", "species": "Scizor", "speciesId": "scizor", "gender": "M", "shiny": false, "level": 79, "moves": ["uturn", "closecombat", "bulletpunch", "defog"], "ability": "Technician", "evs": {"hp": 85, "atk": 85, "def": 85, "spa": 85, "spd": 85, "spe": 85}, "ivs": {"hp": 31, "atk": 31, "def": 31, "spa": 31, "spd": 31, "spe": 31}, "item": "Leftovers", "teraType": "Steel", "role": "Bulky Support", "bvs": {"hp": 70, "atk": 130, "def": 100, "spa": 55, "spd": 80, "spe": 65}, "stats": {"hp": 240, "atk": 251, "def": 204, "spa": 132, "spd": 172, "spe": 148}, "types": ["Bug", "Steel"]}, "Arbok": {"name": "Arbok", "species": "Arbok", "speciesId": "arbok", "gender": "F", "shiny": false, "level": 87, "moves": ["earthquake", "suckerpunch", "gunkshot", "coil"], "ability": "Intimidate", "evs": {"hp": 85, "atk": 85, "def": 85, "spa": 85, "spd": 85, "spe": 85}, "ivs": {"hp": 31, "atk": 31, "def": 31, "spa": 31, "spd": 31, "spe": 31}, "item": "Leftovers", "teraType": "Dark", "role": "Bulky Attacker", "bvs": {"hp": 60, "atk": 95, "def": 69, "spa": 65, "spd": 79, "spe": 80}, "stats": {"hp": 246, "atk": 215, "def": 170, "spa": 163, "spd": 187, "spe": 189}, "types": ["Poison"]}}]}