{"id": "gen9randombattle-2642142769", "format": "[Gen 9] Random Battle", "players": ["trotugaandalusa", "jnpr010334"], "log": "|j|\u2606trotugaandalusa\n|j|\u2606jnpr010334\n|t:|1782899123\n|gametype|singles\n|player|p1|trotugaandalusa|n|1659\n|player|p2|jnpr010334|265|1724\n|gen|9\n|tier|[Gen 9] Random Battle\n|rated|\n|rule|Species Clause: Limit one of each Pok\u00e9mon\n|rule|HP Percentage Mod: HP is shown in percentages\n|rule|Sleep Clause Mod: Limit one foe put to sleep\n|rule|Illusion Level Mod: Illusion disguises the Pok\u00e9mon's true level\n|\n|t:|1782899123\n|teamsize|p1|6\n|teamsize|p2|6\n|start\n|switch|p1a: Excadrill|Excadrill, L79, F|303/303\n|switch|p2a: Gothitelle|Gothitelle, L90, F|272/272\n|-ability|p1a: Excadrill|Mold Breaker\n|turn|1\n|inactive|Battle timer is ON: inactive players will automatically lose when time's up. (requested by jnpr010334)\n|\n|t:|1782899137\n|move|p2a: Gothitelle|Focus Blast|p1a: Excadrill\n|-supereffective|p1a: Excadrill\n|-damage|p1a: Excadrill|45/303\n|move|p1a: Excadrill|Swords Dance|p1a: Excadrill\n|-boost|p1a: Excadrill|atk|2\n|\n|-heal|p1a: Excadrill|63/303|[from] item: Leftovers\n|upkeep\n|turn|2\n|\n|t:|1782899144\n|move|p2a: Gothitelle|Focus Blast|p1a: Excadrill\n|-supereffective|p1a: Excadrill\n|-damage|p1a: Excadrill|0 fnt\n|faint|p1a: Excadrill\n|\n|upkeep\n|\n|t:|1782899151\n|switch|p1a: Pelipper|Pelipper, L86, M|243/243\n|-weather|RainDance|[from] ability: Drizzle|[of] p1a: Pelipper\n|turn|3\n|\n|t:|1782899154\n|switch|p2a: Cramorant|Cramorant, L86, F|261/261\n|move|p1a: Pelipper|Knock Off|p2a: Cramorant\n|-damage|p2a: Cramorant|197/261\n|-enditem|p2a: Cramorant|Heavy-Duty Boots|[from] move: Knock Off|[of] p1a: Pelipper\n|\n|-weather|RainDance|[upkeep]\n|upkeep\n|turn|4\n|\n|t:|1782899160\n|move|p2a: Cramorant|Surf|p1a: Pelipper\n|-formechange|p2a: Cramorant|Cramorant-Gulping|\n|-resisted|p1a: Pelipper\n|-damage|p1a: Pelipper|158/243\n|move|p1a: Pelipper|Hurricane|p2a: Cramorant\n|-crit|p2a: Cramorant\n|-damage|p2a: Cramorant|22/261\n|-start|p2a: Cramorant|confusion\n|-damage|p1a: Pelipper|98/243|[from] ability: Gulp Missile|[of] p2a: Cramorant\n|-unboost|p1a: Pelipper|def|1\n|-formechange|p2a: Cramorant|Cramorant|\n|\n|-weather|RainDance|[upkeep]\n|upkeep\n|turn|5\n|\n|t:|1782899168\n|-activate|p2a: Cramorant|confusion\n|-damage|p2a: Cramorant|0 fnt|[from] confusion\n|faint|p2a: Cramorant\n|move|p1a: Pelipper|Roost|p1a: Pelipper\n|-heal|p1a: Pelipper|220/243\n|-singleturn|p1a: Pelipper|move: Roost\n|\n|-weather|RainDance|[upkeep]\n|upkeep\n|\n|t:|1782899171\n|switch|p2a: Roaring Moon|Roaring Moon, L72|270/270\n|turn|6\n|\n|t:|1782899179\n|switch|p1a: Mightyena|Mightyena, L96, M|290/290\n|-ability|p1a: Mightyena|Intimidate|boost\n|-unboost|p2a: Roaring Moon|atk|1\n|move|p2a: Roaring Moon|Dragon Dance|p2a: Roaring Moon\n|-boost|p2a: Roaring Moon|atk|1\n|-boost|p2a: Roaring Moon|spe|1\n|\n|-weather|RainDance|[upkeep]\n|upkeep\n|turn|7\n|\n|t:|1782899183\n|move|p2a: Roaring Moon|Outrage|p1a: Mightyena\n|-damage|p1a: Mightyena|149/290\n|move|p1a: Mightyena|Play Rough|p2a: Roaring Moon\n|-supereffective|p2a: Roaring Moon\n|-crit|p2a: Roaring Moon\n|-damage|p2a: Roaring Moon|0 fnt\n|faint|p2a: Roaring Moon\n|-end|p2a: Roaring Moon|Protosynthesis|[silent]\n|\n|-weather|none\n|upkeep\n|\n|t:|1782899185\n|switch|p2a: Vivillon|Vivillon-Sun, L83, F|268/268\n|turn|8\n|\n|t:|1782899205\n|move|p2a: Vivillon|Sleep Powder|p1a: Mightyena\n|-status|p1a: Mightyena|slp|[from] move: Sleep Powder\n|cant|p1a: Mightyena|slp\n|\n|upkeep\n|turn|9\n|\n|t:|1782899210\n|switch|p1a: Volcanion|Volcanion, L79|255/255\n|move|p2a: Vivillon|Quiver Dance|p2a: Vivillon\n|-boost|p2a: Vivillon|spa|1\n|-boost|p2a: Vivillon|spd|1\n|-boost|p2a: Vivillon|spe|1\n|\n|upkeep\n|turn|10\n|\n|t:|1782899214\n|move|p2a: Vivillon|Hurricane|p1a: Volcanion\n|-damage|p1a: Volcanion|149/255\n|move|p1a: Volcanion|Flame Charge|p2a: Vivillon\n|-supereffective|p2a: Vivillon\n|-crit|p2a: Vivillon\n|-damage|p2a: Vivillon|40/268\n|-boost|p1a: Volcanion|spe|1\n|\n|upkeep\n|turn|11\n|\n|t:|1782899221\n|move|p2a: Vivillon|Hurricane|p1a: Volcanion|[miss]\n|-miss|p2a: Vivillon|p1a: Volcanion\n|move|p1a: Volcanion|Flame Charge|p2a: Vivillon\n|-supereffective|p2a: Vivillon\n|-damage|p2a: Vivillon|0 fnt\n|-boost|p1a: Volcanion|spe|1\n|faint|p2a: Vivillon\n|\n|upkeep\n|\n|t:|1782899222\n|switch|p2a: Gothitelle|Gothitelle, L90, F|272/272\n|turn|12\n|\n|t:|1782899232\n|-terastallize|p1a: Volcanion|Water\n|move|p1a: Volcanion|Steam Eruption|p2a: Gothitelle\n|-damage|p2a: Gothitelle|128/272\n|move|p2a: Gothitelle|Psychic|p1a: Volcanion\n|-damage|p1a: Volcanion|68/255\n|\n|upkeep\n|turn|13\n|\n|t:|1782899240\n|move|p1a: Volcanion|Steam Eruption|p2a: Gothitelle\n|-damage|p2a: Gothitelle|0 fnt\n|faint|p2a: Gothitelle\n|\n|upkeep\n|\n|t:|1782899243\n|switch|p2a: Trevenant|Trevenant, L89, F|296/296\n|turn|14\n|\n|t:|1782899247\n|move|p1a: Volcanion|Flamethrower|p2a: Trevenant\n|-supereffective|p2a: Trevenant\n|-damage|p2a: Trevenant|74/296\n|-enditem|p2a: Trevenant|Sitrus Berry|[eat]\n|-heal|p2a: Trevenant|148/296|[from] item: Sitrus Berry\n|move|p2a: Trevenant|Poltergeist|p1a: Volcanion\n|-activate|p1a: Volcanion|move: Poltergeist|Assault Vest\n|-damage|p1a: Volcanion|0 fnt\n|faint|p1a: Volcanion\n|\n|upkeep\n|\n|t:|1782899258\n|switch|p1a: Pelipper|Pelipper, L86, M|220/243\n|-weather|RainDance|[from] ability: Drizzle|[of] p1a: Pelipper\n|turn|15\n|\n|t:|1782899260\n|move|p1a: Pelipper|Hurricane|p2a: Trevenant\n|-supereffective|p2a: Trevenant\n|-damage|p2a: Trevenant|0 fnt\n|faint|p2a: Trevenant\n|\n|-weather|RainDance|[upkeep]\n|upkeep\n|\n|t:|1782899261\n|switch|p2a: Kingambit|Kingambit, L74, F|270/270\n|-activate|p2a: Kingambit|ability: Supreme Overlord\n|-start|p2a: Kingambit|fallen5|[silent]\n|turn|16\n|\n|t:|1782899270\n|-terastallize|p2a: Kingambit|Dark\n|move|p1a: Pelipper|Surf|p2a: Kingambit\n|-damage|p2a: Kingambit|111/270\n|move|p2a: Kingambit|Swords Dance|p2a: Kingambit\n|-boost|p2a: Kingambit|atk|2\n|\n|-weather|RainDance|[upkeep]\n|-heal|p2a: Kingambit|127/270|[from] item: Leftovers\n|upkeep\n|turn|17\n|\n|t:|1782899276\n|move|p2a: Kingambit|Sucker Punch|p1a: Pelipper\n|-damage|p1a: Pelipper|0 fnt\n|faint|p1a: Pelipper\n|\n|-weather|RainDance|[upkeep]\n|-heal|p2a: Kingambit|143/270|[from] item: Leftovers\n|upkeep\n|\n|t:|1782899283\n|switch|p1a: Dipplin|Dipplin, L88, F|284/284\n|turn|18\n|\n|t:|1782899301\n|move|p1a: Dipplin|Giga Drain|p2a: Kingambit\n|-damage|p2a: Kingambit|40/270\n|move|p2a: Kingambit|Kowtow Cleave|p1a: Dipplin\n|-damage|p1a: Dipplin|72/284\n|\n|-weather|RainDance|[upkeep]\n|-heal|p2a: Kingambit|56/270|[from] item: Leftovers\n|upkeep\n|turn|19\n|\n|t:|1782899307\n|move|p2a: Kingambit|Sucker Punch||[still]\n|-fail|p2a: Kingambit\n|move|p1a: Dipplin|Recover|p1a: Dipplin\n|-heal|p1a: Dipplin|214/284\n|\n|-weather|none\n|-heal|p2a: Kingambit|72/270|[from] item: Leftovers\n|upkeep\n|turn|20\n|\n|t:|1782899313\n|move|p1a: Dipplin|Giga Drain|p2a: Kingambit\n|-damage|p2a: Kingambit|0 fnt\n|-heal|p1a: Dipplin|250/284|[from] drain|[of] p2a: Kingambit\n|faint|p2a: Kingambit\n|-end|p2a: Kingambit|fallen5|[silent]\n|\n|win|trotugaandalusa\n|raw|trotugaandalusa's rating: 1659 &rarr; <strong>1680</strong><br />(+21 for winning)\n|raw|jnpr010334's rating: 1680 &rarr; <strong>1659</strong><br />(-21 for losing)\n", "inputlog": ">version f8ac14003a5f27e1bdc8d8c59608a773c1cb96e5\n>start {\"formatid\":\"gen9randombattle\",\"seed\":\"sodium,83b7f2187c921a40ee44ce93aa11f0d6\",\"rated\":\"Rated battle\"}\n>player p1 {\"name\":\"trotugaandalusa\",\"avatar\":\"n\",\"rating\":1659,\"seed\":\"sodium,17bec0d8394c81a59e15750ecb307ea7\"}\n>player p2 {\"name\":\"jnpr010334\",\"avatar\":\"265\",\"rating\":1724,\"seed\":\"sodium,41cce2af905fee7ef691ea122ec3ce9e\"}\n>p1 move swordsdance\n>p2 move focusblast\n>p1 move earthquake\n>p2 move focusblast\n>p1 switch 4\n>p1 move knockoff\n>p2 switch 2\n>p1 move hurricane\n>p2 move surf\n>p1 move roost\n>p2 move bravebird\n>p2 switch 3\n>p1 switch 6\n>p2 move dragondance\n>p1 move playrough\n>p2 move outrage\n>p2 switch 6\n>p1 move playrough\n>p2 move sleeppowder\n>p1 switch 3\n>p2 move quiverdance\n>p1 move flamecharge\n>p2 move hurricane\n>p1 move flamecharge\n>p2 move hurricane\n>p2 switch 2\n>p1 move steameruption terastallize\n>p2 move psychic\n>p1 move steameruption\n>p2 move psychic\n>p2 switch 5\n>p1 move flamethrower\n>p2 move poltergeist\n>p1 switch 6\n>p1 move hurricane\n>p2 move poltergeist\n>p2 switch 4\n>p1 move surf\n>p2 move swordsdance terastallize\n>p1 move surf\n>p2 move suckerpunch\n>p1 switch 2\n>p1 move gigadrain\n>p2 move kowtowcleave\n>p1 move recover\n>p2 move suckerpunch\n>p1 move gigadrain\n>p2 move kowtowcleave", "uploadtime": 1782899314, "views": 2, "formatid": "gen9randombattle", "rating": 1659, "private": 0, "password": null, "player_dets": [{"name": "trotugaandalusa", "avatar": "n", "rating": 1659, "seed": "sodium,17bec0d8394c81a59e15750ecb307ea7"}, {"name": "jnpr010334", "avatar": "265", "rating": 1724, "seed": "sodium,41cce2af905fee7ef691ea122ec3ce9e"}], "teams_full": [{"Excadrill": {"name": "Excadrill", "species": "Excadrill", "speciesId": "excadrill", "gender": "F", "shiny": false, "level": 79, "moves": ["rapidspin", "swordsdance", "earthquake", "ironhead"], "ability": "Mold Breaker", "evs": {"hp": 85, "atk": 85, "def": 85, "spa": 85, "spd": 85, "spe": 85}, "ivs": {"hp": 31, "atk": 31, "def": 31, "spa": 31, "spd": 31, "spe": 31}, "item": "Leftovers", "teraType": "Ground", "role": "Bulky Setup", "bvs": {"hp": 110, "atk": 135, "def": 60, "spa": 50, "spd": 65, "spe": 88}, "stats": {"hp": 303, "atk": 259, "def": 140, "spa": 125, "spd": 148, "spe": 185}, "types": ["Ground", "Steel"]}, "Dipplin": {"name": "Dipplin", "species": "Dipplin", "speciesId": "dipplin", "gender": "F", "shiny": false, "level": 88, "moves": ["suckerpunch", "recover", "gigadrain", "dragonpulse"], "ability": "Sticky Hold", "evs": {"hp": 85, "atk": 85, "def": 85, "spa": 85, "spd": 85, "spe": 85}, "ivs": {"hp": 31, "atk": 31, "def": 31, "spa": 31, "spd": 31, "spe": 31}, "item": "Eviolite", "teraType": "Steel", "role": "Bulky Attacker", "bvs": {"hp": 80, "atk": 80, "def": 110, "spa": 95, "spd": 80, "spe": 40}, "stats": {"hp": 284, "atk": 191, "def": 244, "spa": 217, "spd": 191, "spe": 121}, "types": ["Grass", "Dragon"]}, "Volcanion": {"name": "Volcanion", "species": "Volcanion", "speciesId": "volcanion", "gender": "N", "shiny": false, "level": 79, "moves": ["steameruption", "flamethrower", "earthpower", "flamecharge"], "ability": "Water Absorb", "evs": {"hp": 81, "atk": 85, "def": 85, "spa": 85, "spd": 85, "spe": 85}, "ivs": {"hp": 31, "atk": 31, "def": 31, "spa": 31, "spd": 31, "spe": 31}, "item": "Assault Vest", "teraType": "Water", "role": "Bulky Attacker", "bvs": {"hp": 80, "atk": 110, "def": 120, "spa": 130, "spd": 90, "spe": 70}, "stats": {"hp": 255, "atk": 219, "def": 235, "spa": 251, "spd": 188, "spe": 156}, "types": ["Fire", "Water"]}, "Pelipper": {"name": "Pelipper", "species": "Pelipper", "speciesId": "pelipper", "gender": "M", "shiny": false, "level": 86, "moves": ["surf", "hurricane", "knockoff", "roost"], "ability": "Drizzle", "evs": {"hp": 85, "atk": 85, "def": 85, "spa": 85, "spd": 85, "spe": 85}, "ivs": {"hp": 31, "atk": 31, "def": 31, "spa": 31, "spd": 31, "spe": 31}, "item": "Heavy-Duty Boots", "teraType": "Water", "role": "Bulky Attacker", "bvs": {"hp": 60, "atk": 50, "def": 100, "spa": 95, "spd": 70, "spe": 65}, "stats": {"hp": 243, "atk": 135, "def": 221, "spa": 213, "spd": 170, "spe": 161}, "types": ["Water", "Flying"]}, "Articuno": {"name": "Articuno", "species": "Articuno-Galar", "speciesId": "articunogalar", "gender": "N", "shiny": false, "level": 84, "moves": ["recover", "calmmind", "hurricane", "freezingglare"], "ability": "Competitive", "evs": {"hp": 85, "atk": 0, "def": 85, "spa": 85, "spd": 85, "spe": 85}, "ivs": {"hp": 31, "atk": 0, "def": 31, "spa": 31, "spd": 31, "spe": 31}, "item": "Heavy-Duty Boots", "teraType": "Steel", "role": "Fast Bulky Setup", "bvs": {"hp": 90, "atk": 85, "def": 85, "spa": 125, "spd": 100, "spe": 95}, "stats": {"hp": 288, "atk": 147, "def": 191, "spa": 258, "spd": 216, "spe": 208}, "types": ["Psychic", "Flying"]}, "Mightyena": {"name": "Mightyena", "species": "Mightyena", "speciesId": "mightyena", "gender": "M", "shiny": false, "level": 96, "moves": ["throatchop", "poisonfang", "suckerpunch", "playrough"], "ability": "Intimidate", "evs": {"hp": 85, "atk": 85, "def": 85, "spa": 85, "spd": 85, "spe": 85}, "ivs": {"hp": 31, "atk": 31, "def": 31, "spa": 31, "spd": 31, "spe": 31}, "item": "Choice Band", "teraType": "Fairy", "role": "Bulky Attacker", "bvs": {"hp": 70, "atk": 90, "def": 70, "spa": 60, "spd": 60, "spe": 70}, "stats": {"hp": 290, "atk": 227, "def": 189, "spa": 170, "spd": 170, "spe": 189}, "types": ["Dark"]}}, {"Gothitelle": {"name": "Gothitelle", "species": "Gothitelle", "speciesId": "gothitelle", "gender": "F", "shiny": false, "level": 90, "moves": ["trick", "darkpulse", "focusblast", "psychic"], "ability": "Shadow Tag", "evs": {"hp": 85, "atk": 0, "def": 85, "spa": 85, "spd": 85, "spe": 85}, "ivs": {"hp": 31, "atk": 0, "def": 31, "spa": 31, "spd": 31, "spe": 31}, "item": "Choice Scarf", "teraType": "Ghost", "role": "Fast Attacker", "bvs": {"hp": 70, "atk": 55, "def": 95, "spa": 95, "spd": 110, "spe": 65}, "stats": {"hp": 272, "atk": 104, "def": 222, "spa": 222, "spd": 249, "spe": 168}, "types": ["Psychic"]}, "Cramorant": {"name": "Cramorant", "species": "Cramorant", "speciesId": "cramorant", "gender": "F", "shiny": false, "level": 86, "moves": ["bravebird", "roost", "defog", "surf"], "ability": "Gulp Missile", "evs": {"hp": 85, "atk": 85, "def": 85, "spa": 85, "spd": 85, "spe": 85}, "ivs": {"hp": 31, "atk": 31, "def": 31, "spa": 31, "spd": 31, "spe": 31}, "item": "Heavy-Duty Boots", "teraType": "Ground", "role": "Bulky Support", "bvs": {"hp": 70, "atk": 85, "def": 55, "spa": 85, "spd": 95, "spe": 85}, "stats": {"hp": 261, "atk": 195, "def": 144, "spa": 195, "spd": 213, "spe": 195}, "types": ["Flying", "Water"]}, "Roaring Moon": {"name": "Roaring Moon", "species": "Roaring Moon", "speciesId": "roaringmoon", "gender": "N", "shiny": false, "level": 72, "moves": ["ironhead", "knockoff", "dragondance", "outrage"], "ability": "Protosynthesis", "evs": {"hp": 85, "atk": 85, "def": 85, "spa": 85, "spd": 85, "spe": 85}, "ivs": {"hp": 31, "atk": 31, "def": 31, "spa": 31, "spd": 31, "spe": 31}, "item": "Lum Berry", "teraType": "Steel", "role": "Setup Sweeper", "bvs": {"hp": 105, "atk": 139, "def": 71, "spa": 55, "spd": 101, "spe": 119}, "stats": {"hp": 270, "atk": 242, "def": 144, "spa": 121, "spd": 187, "spe": 213}, "types": ["Dragon", "Dark"]}, "Kingambit": {"name": "Kingambit", "species": "Kingambit", "speciesId": "kingambit", "gender": "F", "shiny": false, "level": 74, "moves": ["kowtowcleave", "suckerpunch", "swordsdance", "ironhead"], "ability": "Supreme Overlord", "evs": {"hp": 85, "atk": 85, "def": 85, "spa": 85, "spd": 85, "spe": 85}, "ivs": {"hp": 31, "atk": 31, "def": 31, "spa": 31, "spd": 31, "spe": 31}, "item": "Leftovers", "teraType": "Dark", "role": "Bulky Attacker", "bvs": {"hp": 100, "atk": 135, "def": 120, "spa": 60, "spd": 85, "spe": 50}, "stats": {"hp": 270, "atk": 243, "def": 221, "spa": 132, "spd": 169, "spe": 117}, "types": ["Dark", "Steel"]}, "Trevenant": {"name": "Trevenant", "species": "Trevenant", "speciesId": "trevenant", "gender": "F", "shiny": false, "level": 89, "moves": ["poltergeist", "protect", "drainpunch", "toxic"], "ability": "Harvest", "evs": {"hp": 85, "atk": 85, "def": 85, "spa": 85, "spd": 85, "spe": 85}, "ivs": {"hp": 31, "atk": 31, "def": 31, "spa": 31, "spd": 31, "spe": 31}, "item": "Sitrus Berry", "teraType": "Fairy", "role": "Bulky Support", "bvs": {"hp": 85, "atk": 110, "def": 76, "spa": 65, "spd": 82, "spe": 56}, "stats": {"hp": 296, "atk": 247, "def": 186, "spa": 166, "spd": 197, "spe": 150}, "types": ["Ghost", "Grass"]}, "Vivillon": {"name": "Vivillon", "species": "Vivillon-Sun", "speciesId": "vivillon", "gender": "F", "shiny": false, "level": 83, "moves": ["quiverdance", "sleeppowder", "hurricane", "bugbuzz"], "ability": "Compound Eyes", "evs": {"hp": 85, "atk": 0, "def": 85, "spa": 85, "spd": 85, "spe": 85}, "ivs": {"hp": 31, "atk": 0, "def": 31, "spa": 31, "spd": 31, "spe": 31}, "item": "Heavy-Duty Boots", "teraType": "Steel", "role": "Fast Bulky Setup", "bvs": {"hp": 80, "atk": 52, "def": 50, "spa": 90, "spd": 50, "spe": 89}, "stats": {"hp": 268, "atk": 91, "def": 131, "spa": 197, "spd": 131, "spe": 195}, "types": ["Bug", "Flying"]}}]}