{"id": "gen9randombattle-2641802025", "format": "[Gen 9] Random Battle", "players": ["NilsBoy", "Qwuartz"], "log": "|j|\u2606NilsBoy\n|j|\u2606Qwuartz\n|t:|1782843620\n|gametype|singles\n|player|p1|NilsBoy|102|2035\n|player|p2|Qwuartz|blaine|1988\n|gen|9\n|tier|[Gen 9] Random Battle\n|rated|\n|rule|Species Clause: Limit one of each Pok\u00e9mon\n|rule|HP Percentage Mod: HP is shown in percentages\n|rule|Sleep Clause Mod: Limit one foe put to sleep\n|rule|Illusion Level Mod: Illusion disguises the Pok\u00e9mon's true level\n|\n|t:|1782843620\n|teamsize|p1|6\n|teamsize|p2|6\n|start\n|switch|p1a: Qwilfish|Qwilfish, L86, M|252/252\n|switch|p2a: Garganacl|Garganacl, L80, F|291/291\n|-ability|p1a: Qwilfish|Intimidate|boost\n|-unboost|p2a: Garganacl|atk|1\n|turn|1\n|inactive|Battle timer is ON: inactive players will automatically lose when time's up. (requested by NilsBoy)\n|\n|t:|1782843632\n|move|p1a: Qwilfish|Spikes|p2a: Garganacl\n|-sidestart|p2: Qwuartz|Spikes\n|move|p2a: Garganacl|Salt Cure|p1a: Qwilfish\n|-damage|p1a: Qwilfish|224/252\n|-start|p1a: Qwilfish|Salt Cure\n|\n|-heal|p1a: Qwilfish|239/252|[from] item: Leftovers\n|-damage|p1a: Qwilfish|176/252|[from] Salt Cure\n|upkeep\n|turn|2\n|\n|t:|1782843638\n|switch|p1a: Landorus|Landorus, L75, M|257/257\n|move|p2a: Garganacl|Stealth Rock|p1a: Landorus\n|-sidestart|p1: NilsBoy|move: Stealth Rock\n|\n|upkeep\n|turn|3\n|\n|t:|1782843642\n|switch|p2a: Cryogonal|Cryogonal, L89|287/287\n|move|p1a: Landorus|Earth Power|p2a: Cryogonal\n|-immune|p2a: Cryogonal|[from] ability: Levitate\n|\n|upkeep\n|turn|4\n|\n|t:|1782843649\n|move|p2a: Cryogonal|Ice Beam|p1a: Landorus\n|-supereffective|p1a: Landorus\n|-damage|p1a: Landorus|0 fnt\n|faint|p1a: Landorus\n|\n|upkeep\n|\n|t:|1782843655\n|switch|p1a: Regirock|Regirock, L83|268/268\n|-damage|p1a: Regirock|235/268|[from] Stealth Rock\n|turn|5\n|\n|t:|1782843663\n|switch|p2a: Copperajah|Copperajah, L86, M|350/350\n|-damage|p2a: Copperajah|307/350|[from] Spikes\n|move|p1a: Regirock|Thunder Wave|p2a: Copperajah\n|-status|p2a: Copperajah|par\n|\n|-heal|p1a: Regirock|251/268|[from] item: Leftovers\n|upkeep\n|turn|6\n|\n|t:|1782843673\n|switch|p1a: Qwilfish|Qwilfish, L86, M|176/252\n|-damage|p1a: Qwilfish|145/252|[from] Stealth Rock\n|-ability|p1a: Qwilfish|Intimidate|boost\n|-unboost|p2a: Copperajah|atk|1\n|move|p2a: Copperajah|Earthquake|p1a: Qwilfish\n|-supereffective|p1a: Qwilfish\n|-damage|p1a: Qwilfish|0 fnt\n|faint|p1a: Qwilfish\n|\n|upkeep\n|\n|t:|1782843676\n|switch|p1a: Suicune|Suicune, L82|298/298\n|-damage|p1a: Suicune|261/298|[from] Stealth Rock\n|-ability|p1a: Suicune|Pressure\n|turn|7\n|\n|t:|1782843686\n|switch|p2a: Eelektross|Eelektross, L87, M|290/290\n|move|p1a: Suicune|Calm Mind|p1a: Suicune\n|-boost|p1a: Suicune|spa|1\n|-boost|p1a: Suicune|spd|1\n|\n|-heal|p1a: Suicune|279/298|[from] item: Leftovers\n|upkeep\n|turn|8\n|\n|t:|1782843693\n|move|p1a: Suicune|Calm Mind|p1a: Suicune\n|-boost|p1a: Suicune|spa|1\n|-boost|p1a: Suicune|spd|1\n|move|p2a: Eelektross|Supercell Slam|p1a: Suicune\n|-supereffective|p1a: Suicune\n|-damage|p1a: Suicune|67/298\n|\n|-heal|p1a: Suicune|85/298|[from] item: Leftovers\n|upkeep\n|turn|9\n|\n|t:|1782843697\n|-terastallize|p1a: Suicune|Dragon\n|move|p1a: Suicune|Rest|p1a: Suicune\n|-status|p1a: Suicune|slp|[from] move: Rest\n|-heal|p1a: Suicune|298/298 slp|[silent]\n|move|p2a: Eelektross|Knock Off|p1a: Suicune\n|-damage|p1a: Suicune|234/298 slp\n|-enditem|p1a: Suicune|Leftovers|[from] move: Knock Off|[of] p2a: Eelektross\n|\n|upkeep\n|turn|10\n|\n|t:|1782843711\n|switch|p2a: Mimikyu|Mimikyu, L79, F|216/216\n|-damage|p2a: Mimikyu|189/216|[from] Spikes\n|cant|p1a: Suicune|slp\n|move|p1a: Suicune|Sleep Talk|p1a: Suicune\n|move|p1a: Suicune|Calm Mind|p1a: Suicune|[from] move: Sleep Talk\n|-boost|p1a: Suicune|spa|1\n|-boost|p1a: Suicune|spd|1\n|\n|upkeep\n|turn|11\n|\n|t:|1782843725\n|move|p2a: Mimikyu|Swords Dance|p2a: Mimikyu\n|-boost|p2a: Mimikyu|atk|2\n|cant|p1a: Suicune|slp\n|move|p1a: Suicune|Sleep Talk|p1a: Suicune\n|move|p1a: Suicune|Calm Mind|p1a: Suicune|[from] move: Sleep Talk\n|-boost|p1a: Suicune|spa|1\n|-boost|p1a: Suicune|spd|1\n|\n|upkeep\n|turn|12\n|\n|t:|1782843729\n|-terastallize|p2a: Mimikyu|Fairy\n|move|p2a: Mimikyu|Play Rough|p1a: Suicune\n|-supereffective|p1a: Suicune\n|-damage|p1a: Suicune|0 fnt\n|faint|p1a: Suicune\n|-damage|p2a: Mimikyu|168/216|[from] item: Life Orb\n|\n|upkeep\n|-message|NilsBoy forfeited.\n|\n|win|Qwuartz\n|raw|NilsBoy's rating: 2035 &rarr; <strong>2012</strong><br />(-23 for losing)\n|raw|Qwuartz's rating: 1988 &rarr; <strong>2011</strong><br />(+23 for winning)\n", "inputlog": ">version f8ac14003a5f27e1bdc8d8c59608a773c1cb96e5\n>start {\"formatid\":\"gen9randombattle\",\"seed\":\"sodium,268e983873d4a63dde4a711945f7154c\",\"rated\":\"Rated battle\"}\n>player p1 {\"name\":\"NilsBoy\",\"avatar\":\"102\",\"rating\":2035,\"seed\":\"sodium,fd1d975e581b95779847f212aba6e4a4\"}\n>player p2 {\"name\":\"Qwuartz\",\"avatar\":\"blaine\",\"rating\":1988,\"seed\":\"sodium,f3d726e2ac9021125d6df0ab6f86d78a\"}\n>p1 move spikes\n>p2 move saltcure\n>p1 switch 2\n>p2 move stealthrock\n>p1 move earthpower\n>p2 switch 2\n>p1 move rockslide\n>p2 move icebeam\n>p1 switch 5\n>p1 move thunderwave\n>p2 switch 3\n>p1 switch 2\n>p2 move earthquake\n>p1 switch 4\n>p1 move calmmind\n>p2 switch 4\n>p1 move calmmind\n>p2 move supercellslam\n>p1 move rest terastallize\n>p2 move knockoff\n>p1 move sleeptalk\n>p2 switch 5\n>p1 move sleeptalk\n>p2 move swordsdance\n>p1 move scald\n>p2 move playrough terastallize\n>forcelose p1", "uploadtime": 1782843733, "views": 6, "formatid": "gen9randombattle", "rating": 2011, "private": 0, "password": null, "player_dets": [{"name": "NilsBoy", "avatar": "102", "rating": 2035, "seed": "sodium,fd1d975e581b95779847f212aba6e4a4"}, {"name": "Qwuartz", "avatar": "blaine", "rating": 1988, "seed": "sodium,f3d726e2ac9021125d6df0ab6f86d78a"}], "teams_full": [{"Qwilfish": {"name": "Qwilfish", "species": "Qwilfish", "speciesId": "qwilfish", "gender": "M", "shiny": false, "level": 86, "moves": ["waterfall", "spikes", "thunderwave", "gunkshot"], "ability": "Intimidate", "evs": {"hp": 85, "atk": 85, "def": 85, "spa": 85, "spd": 85, "spe": 85}, "ivs": {"hp": 31, "atk": 31, "def": 31, "spa": 31, "spd": 31, "spe": 31}, "item": "Leftovers", "teraType": "Dark", "role": "Bulky Support", "bvs": {"hp": 65, "atk": 95, "def": 85, "spa": 55, "spd": 55, "spe": 85}, "stats": {"hp": 252, "atk": 213, "def": 195, "spa": 144, "spd": 144, "spe": 195}, "types": ["Water", "Poison"]}, "Landorus": {"name": "Landorus", "species": "Landorus", "speciesId": "landorus", "gender": "M", "shiny": false, "level": 75, "moves": ["rockslide", "focusblast", "earthpower", "sludgewave"], "ability": "Sheer Force", "evs": {"hp": 85, "atk": 85, "def": 85, "spa": 85, "spd": 85, "spe": 85}, "ivs": {"hp": 31, "atk": 31, "def": 31, "spa": 31, "spd": 31, "spe": 31}, "item": "Life Orb", "teraType": "Poison", "role": "Fast Attacker", "bvs": {"hp": 89, "atk": 125, "def": 90, "spa": 115, "spd": 80, "spe": 101}, "stats": {"hp": 257, "atk": 231, "def": 179, "spa": 216, "spd": 164, "spe": 195}, "types": ["Ground", "Flying"]}, "Venomoth": {"name": "Venomoth", "species": "Venomoth", "speciesId": "venomoth", "gender": "M", "shiny": false, "level": 84, "moves": ["sludgewave", "bugbuzz", "sleeppowder", "quiverdance"], "ability": "Tinted Lens", "evs": {"hp": 85, "atk": 0, "def": 85, "spa": 85, "spd": 85, "spe": 85}, "ivs": {"hp": 31, "atk": 0, "def": 31, "spa": 31, "spd": 31, "spe": 31}, "item": "Heavy-Duty Boots", "teraType": "Poison", "role": "Setup Sweeper", "bvs": {"hp": 70, "atk": 65, "def": 60, "spa": 90, "spd": 75, "spe": 90}, "stats": {"hp": 255, "atk": 114, "def": 149, "spa": 199, "spd": 174, "spe": 199}, "types": ["Bug", "Poison"]}, "Suicune": {"name": "Suicune", "species": "Suicune", "speciesId": "suicune", "gender": "N", "shiny": false, "level": 82, "moves": ["calmmind", "scald", "rest", "sleeptalk"], "ability": "Pressure", "evs": {"hp": 85, "atk": 0, "def": 85, "spa": 85, "spd": 85, "spe": 85}, "ivs": {"hp": 31, "atk": 0, "def": 31, "spa": 31, "spd": 31, "spe": 31}, "item": "Leftovers", "teraType": "Dragon", "role": "Bulky Attacker", "bvs": {"hp": 100, "atk": 75, "def": 115, "spa": 90, "spd": 115, "spe": 85}, "stats": {"hp": 298, "atk": 127, "def": 236, "spa": 195, "spd": 236, "spe": 187}, "types": ["Water"]}, "Regirock": {"name": "Regirock", "species": "Regirock", "speciesId": "regirock", "gender": "N", "shiny": false, "level": 83, "moves": ["stealthrock", "thunderwave", "stoneedge", "bodypress"], "ability": "Clear Body", "evs": {"hp": 85, "atk": 85, "def": 85, "spa": 85, "spd": 85, "spe": 85}, "ivs": {"hp": 31, "atk": 31, "def": 31, "spa": 31, "spd": 31, "spe": 31}, "item": "Leftovers", "teraType": "Fighting", "role": "Bulky Attacker", "bvs": {"hp": 80, "atk": 100, "def": 200, "spa": 50, "spd": 100, "spe": 50}, "stats": {"hp": 268, "atk": 214, "def": 380, "spa": 131, "spd": 214, "spe": 131}, "types": ["Rock"]}, "Vikavolt": {"name": "Vikavolt", "species": "Vikavolt", "speciesId": "vikavolt", "gender": "F", "shiny": false, "level": 83, "moves": ["discharge", "energyball", "stickyweb", "bugbuzz"], "ability": "Levitate", "evs": {"hp": 85, "atk": 0, "def": 85, "spa": 85, "spd": 85, "spe": 85}, "ivs": {"hp": 31, "atk": 0, "def": 31, "spa": 31, "spd": 31, "spe": 31}, "item": "Heavy-Duty Boots", "teraType": "Electric", "role": "Bulky Support", "bvs": {"hp": 77, "atk": 70, "def": 90, "spa": 145, "spd": 75, "spe": 43}, "stats": {"hp": 263, "atk": 121, "def": 197, "spa": 288, "spd": 172, "spe": 119}, "types": ["Bug", "Electric"]}}, {"Garganacl": {"name": "Garganacl", "species": "Garganacl", "speciesId": "garganacl", "gender": "F", "shiny": false, "level": 80, "moves": ["saltcure", "recover", "stealthrock", "protect"], "ability": "Purifying Salt", "evs": {"hp": 85, "atk": 85, "def": 85, "spa": 85, "spd": 85, "spe": 85}, "ivs": {"hp": 31, "atk": 31, "def": 31, "spa": 31, "spd": 31, "spe": 31}, "item": "Leftovers", "teraType": "Dragon", "role": "Bulky Support", "bvs": {"hp": 100, "atk": 100, "def": 130, "spa": 45, "spd": 90, "spe": 35}, "stats": {"hp": 291, "atk": 206, "def": 254, "spa": 118, "spd": 190, "spe": 102}, "types": ["Rock"]}, "Cryogonal": {"name": "Cryogonal", "species": "Cryogonal", "speciesId": "cryogonal", "gender": "N", "shiny": false, "level": 89, "moves": ["icebeam", "terablast", "recover", "rapidspin"], "ability": "Levitate", "evs": {"hp": 85, "atk": 85, "def": 85, "spa": 85, "spd": 85, "spe": 85}, "ivs": {"hp": 31, "atk": 31, "def": 31, "spa": 31, "spd": 31, "spe": 31}, "item": "Heavy-Duty Boots", "teraType": "Electric", "role": "Tera Blast user", "bvs": {"hp": 80, "atk": 50, "def": 50, "spa": 95, "spd": 135, "spe": 105}, "stats": {"hp": 287, "atk": 140, "def": 140, "spa": 220, "spd": 291, "spe": 238}, "types": ["Ice"]}, "Copperajah": {"name": "Copperajah", "species": "Copperajah", "speciesId": "copperajah", "gender": "M", "shiny": false, "level": 86, "moves": ["earthquake", "knockoff", "heatcrash", "heavyslam"], "ability": "Heavy Metal", "evs": {"hp": 85, "atk": 85, "def": 85, "spa": 85, "spd": 85, "spe": 85}, "ivs": {"hp": 31, "atk": 31, "def": 31, "spa": 31, "spd": 31, "spe": 31}, "item": "Choice Band", "teraType": "Fire", "role": "Bulky Attacker", "bvs": {"hp": 122, "atk": 130, "def": 69, "spa": 80, "spd": 69, "spe": 30}, "stats": {"hp": 350, "atk": 273, "def": 168, "spa": 187, "spd": 168, "spe": 101}, "types": ["Steel"]}, "Eelektross": {"name": "Eelektross", "species": "Eelektross", "speciesId": "eelektross", "gender": "M", "shiny": false, "level": 87, "moves": ["knockoff", "supercellslam", "drainpunch", "coil"], "ability": "Levitate", "evs": {"hp": 85, "atk": 85, "def": 85, "spa": 85, "spd": 85, "spe": 85}, "ivs": {"hp": 31, "atk": 31, "def": 31, "spa": 31, "spd": 31, "spe": 31}, "item": "Leftovers", "teraType": "Fighting", "role": "Bulky Setup", "bvs": {"hp": 85, "atk": 115, "def": 80, "spa": 105, "spd": 80, "spe": 50}, "stats": {"hp": 290, "atk": 250, "def": 189, "spa": 232, "spd": 189, "spe": 137}, "types": ["Electric"]}, "Mimikyu": {"name": "Mimikyu", "species": "Mimikyu", "speciesId": "mimikyu", "gender": "F", "shiny": false, "level": 79, "moves": ["drainpunch", "swordsdance", "playrough", "shadowsneak"], "ability": "Disguise", "evs": {"hp": 85, "atk": 85, "def": 85, "spa": 85, "spd": 85, "spe": 85}, "ivs": {"hp": 31, "atk": 31, "def": 31, "spa": 31, "spd": 31, "spe": 31}, "item": "Life Orb", "teraType": "Fairy", "role": "Setup Sweeper", "bvs": {"hp": 55, "atk": 90, "def": 80, "spa": 50, "spd": 105, "spe": 96}, "stats": {"hp": 216, "atk": 188, "def": 172, "spa": 125, "spd": 211, "spe": 197}, "types": ["Ghost", "Fairy"]}, "Braviary": {"name": "Braviary", "species": "Braviary-Hisui", "speciesId": "braviaryhisui", "gender": "M", "shiny": false, "level": 85, "moves": ["hurricane", "psychic", "agility", "heatwave"], "ability": "Sheer Force", "evs": {"hp": 85, "atk": 0, "def": 85, "spa": 85, "spd": 85, "spe": 85}, "ivs": {"hp": 31, "atk": 0, "def": 31, "spa": 31, "spd": 31, "spe": 31}, "item": "Life Orb", "teraType": "Psychic", "role": "Setup Sweeper", "bvs": {"hp": 110, "atk": 83, "def": 70, "spa": 112, "spd": 70, "spe": 65}, "stats": {"hp": 326, "atk": 146, "def": 168, "spa": 239, "spd": 168, "spe": 159}, "types": ["Psychic", "Flying"]}}]}