{"id": "gen9randombattle-2642225967", "format": "[Gen 9] Random Battle", "players": ["Azubuike", "jnpr010334"], "log": "|j|\u2606Azubuike\n|j|\u2606jnpr010334\n|t:|1782913568\n|gametype|singles\n|player|p1|Azubuike|170|1865\n|player|p2|jnpr010334|265|1947\n|gen|9\n|tier|[Gen 9] Random Battle\n|rated|\n|rule|Species Clause: Limit one of each Pok\u00e9mon\n|rule|HP Percentage Mod: HP is shown in percentages\n|rule|Sleep Clause Mod: Limit one foe put to sleep\n|rule|Illusion Level Mod: Illusion disguises the Pok\u00e9mon's true level\n|\n|t:|1782913568\n|teamsize|p1|6\n|teamsize|p2|6\n|start\n|switch|p1a: Ninetales|Ninetales-Alola, L78, F|242/242\n|switch|p2a: Lycanroc|Lycanroc, L86, F|269/269\n|-weather|Snowscape|[from] ability: Snow Warning|[of] p1a: Ninetales\n|turn|1\n|inactive|Battle timer is ON: inactive players will automatically lose when time's up. (requested by jnpr010334)\n|\n|t:|1782913576\n|move|p2a: Lycanroc|Stone Edge|p1a: Ninetales\n|-supereffective|p1a: Ninetales\n|-damage|p1a: Ninetales|0 fnt\n|faint|p1a: Ninetales\n|-damage|p2a: Lycanroc|243/269|[from] item: Life Orb\n|\n|-weather|Snowscape|[upkeep]\n|upkeep\n|\n|t:|1782913580\n|switch|p1a: Slowking|Slowking, L88, F|310/310\n|turn|2\n|\n|t:|1782913582\n|move|p2a: Lycanroc|Swords Dance|p2a: Lycanroc\n|-boost|p2a: Lycanroc|atk|2\n|move|p1a: Slowking|Thunder Wave|p2a: Lycanroc\n|-status|p2a: Lycanroc|par\n|\n|-weather|Snowscape|[upkeep]\n|upkeep\n|turn|3\n|\n|t:|1782913588\n|cant|p2a: Lycanroc|par\n|move|p1a: Slowking|Scald|p2a: Lycanroc\n|-supereffective|p2a: Lycanroc\n|-damage|p2a: Lycanroc|9/269 par\n|\n|-weather|Snowscape|[upkeep]\n|upkeep\n|turn|4\n|\n|t:|1782913593\n|switch|p1a: Great Tusk|Great Tusk, L77|304/304\n|move|p2a: Lycanroc|Stone Edge|p1a: Great Tusk\n|-resisted|p1a: Great Tusk\n|-damage|p1a: Great Tusk|238/304\n|-damage|p2a: Lycanroc|0 fnt|[from] item: Life Orb\n|faint|p2a: Lycanroc\n|\n|-weather|Snowscape|[upkeep]\n|-heal|p1a: Great Tusk|257/304|[from] item: Leftovers\n|upkeep\n|\n|t:|1782913595\n|switch|p2a: Sawsbuck|Sawsbuck-Autumn, L88, F|284/284\n|turn|5\n|\n|t:|1782913599\n|-end|p1a: Great Tusk|Protosynthesis|[silent]\n|switch|p1a: Glalie|Glalie, L96, F|309/309\n|move|p2a: Sawsbuck|Swords Dance|p2a: Sawsbuck\n|-boost|p2a: Sawsbuck|atk|2\n|\n|-weather|none\n|upkeep\n|turn|6\n|\n|t:|1782913602\n|-terastallize|p2a: Sawsbuck|Normal\n|move|p2a: Sawsbuck|Headbutt|p1a: Glalie\n|-damage|p1a: Glalie|49/309\n|-damage|p2a: Sawsbuck|256/284|[from] item: Life Orb\n|move|p1a: Glalie|Freeze-Dry|p2a: Sawsbuck\n|-damage|p2a: Sawsbuck|163/284\n|-status|p2a: Sawsbuck|frz\n|\n|upkeep\n|turn|7\n|\n|t:|1782913608\n|switch|p2a: Hatterene|Hatterene, L85, F|236/236\n|move|p1a: Glalie|Freeze-Dry|p2a: Hatterene\n|-damage|p2a: Hatterene|191/236\n|\n|upkeep\n|turn|8\n|\n|t:|1782913615\n|switch|p1a: Trevenant|Trevenant, L89, M|296/296\n|move|p2a: Hatterene|Draining Kiss|p1a: Trevenant\n|-damage|p1a: Trevenant|223/296\n|-heal|p2a: Hatterene|236/236|[from] drain|[of] p1a: Trevenant\n|\n|upkeep\n|turn|9\n|\n|t:|1782913617\n|switch|p2a: Toxapex|Toxapex, L82, F|216/216\n|move|p1a: Trevenant|Poltergeist|p2a: Toxapex\n|-activate|p2a: Toxapex|move: Poltergeist|Rocky Helmet\n|-damage|p2a: Toxapex|117/216\n|\n|upkeep\n|turn|10\n|\n|t:|1782913625\n|switch|p1a: Slowking|Slowking, L88, F|310/310\n|switch|p2a: Sawsbuck|Sawsbuck-Autumn, L88, F, tera:Normal|163/284 frz\n|\n|upkeep\n|turn|11\n|\n|t:|1782913629\n|cant|p2a: Sawsbuck|frz\n|move|p1a: Slowking|Psychic Noise|p2a: Sawsbuck\n|-damage|p2a: Sawsbuck|63/284 frz\n|-start|p2a: Sawsbuck|move: Heal Block\n|\n|upkeep\n|turn|12\n|\n|t:|1782913635\n|switch|p2a: Hatterene|Hatterene, L85, F|236/236\n|move|p1a: Slowking|Psychic Noise|p2a: Hatterene\n|-resisted|p2a: Hatterene\n|-damage|p2a: Hatterene|210/236\n|-start|p2a: Hatterene|move: Heal Block\n|\n|upkeep\n|turn|13\n|\n|t:|1782913640\n|switch|p1a: Trevenant|Trevenant, L89, M|223/296\n|move|p2a: Hatterene|Nuzzle|p1a: Trevenant\n|-resisted|p1a: Trevenant\n|-damage|p1a: Trevenant|215/296\n|-status|p1a: Trevenant|par\n|\n|-end|p2a: Hatterene|move: Heal Block\n|upkeep\n|turn|14\n|\n|t:|1782913645\n|switch|p2a: Sawsbuck|Sawsbuck-Autumn, L88, F, tera:Normal|63/284 frz\n|move|p1a: Trevenant|Poltergeist|p2a: Sawsbuck\n|-immune|p2a: Sawsbuck\n|\n|upkeep\n|turn|15\n|\n|t:|1782913650\n|cant|p2a: Sawsbuck|frz\n|move|p1a: Trevenant|Drain Punch|p2a: Sawsbuck\n|-supereffective|p2a: Sawsbuck\n|-damage|p2a: Sawsbuck|0 fnt\n|-heal|p1a: Trevenant|247/296 par|[from] drain|[of] p2a: Sawsbuck\n|faint|p2a: Sawsbuck\n|\n|upkeep\n|\n|t:|1782913652\n|switch|p2a: Walking Wake|Walking Wake, L79|286/286\n|turn|16\n|\n|t:|1782913655\n|move|p2a: Walking Wake|Draco Meteor|p1a: Trevenant\n|-damage|p1a: Trevenant|48/296 par\n|-unboost|p2a: Walking Wake|spa|2\n|-enditem|p1a: Trevenant|Sitrus Berry|[eat]\n|-heal|p1a: Trevenant|122/296 par|[from] item: Sitrus Berry\n|-damage|p2a: Walking Wake|258/286|[from] item: Life Orb\n|cant|p1a: Trevenant|par\n|\n|upkeep\n|turn|17\n|\n|t:|1782913668\n|-end|p2a: Walking Wake|Protosynthesis|[silent]\n|switch|p2a: Toxapex|Toxapex, L82, F|189/216\n|move|p1a: Trevenant|Poltergeist|p2a: Toxapex\n|-activate|p2a: Toxapex|move: Poltergeist|Rocky Helmet\n|-damage|p2a: Toxapex|89/216\n|\n|-item|p1a: Trevenant|Sitrus Berry|[from] ability: Harvest\n|upkeep\n|-enditem|p1a: Trevenant|Sitrus Berry|[eat]\n|-heal|p1a: Trevenant|196/296 par|[from] item: Sitrus Berry\n|turn|18\n|\n|t:|1782913673\n|move|p2a: Toxapex|Recover|p2a: Toxapex\n|-heal|p2a: Toxapex|197/216\n|move|p1a: Trevenant|Poltergeist|p2a: Toxapex\n|-activate|p2a: Toxapex|move: Poltergeist|Rocky Helmet\n|-damage|p2a: Toxapex|97/216\n|\n|-item|p1a: Trevenant|Sitrus Berry|[from] ability: Harvest\n|upkeep\n|turn|19\n|\n|t:|1782913676\n|switch|p1a: Slowking|Slowking, L88, F|310/310\n|move|p2a: Toxapex|Recover|p2a: Toxapex\n|-heal|p2a: Toxapex|205/216\n|\n|upkeep\n|turn|20\n|\n|t:|1782913684\n|move|p2a: Toxapex|Toxic|p1a: Slowking\n|-status|p1a: Slowking|tox\n|move|p1a: Slowking|Scald|p2a: Toxapex\n|-resisted|p2a: Toxapex\n|-damage|p2a: Toxapex|171/216\n|\n|-damage|p1a: Slowking|291/310 tox|[from] psn\n|upkeep\n|turn|21\n|\n|t:|1782913687\n|switch|p2a: Hatterene|Hatterene, L85, F|210/236\n|move|p1a: Slowking|Psychic Noise|p2a: Hatterene\n|-resisted|p2a: Hatterene\n|-damage|p2a: Hatterene|186/236\n|-start|p2a: Hatterene|move: Heal Block\n|\n|-heal|p1a: Slowking|310/310 tox|[from] item: Leftovers\n|-damage|p1a: Slowking|272/310 tox|[from] psn\n|upkeep\n|turn|22\n|\n|t:|1782913691\n|move|p1a: Slowking|Scald|p2a: Hatterene\n|-damage|p2a: Hatterene|135/236\n|move|p2a: Hatterene|Mystical Fire|p1a: Slowking\n|-resisted|p1a: Slowking\n|-damage|p1a: Slowking|242/310 tox\n|-unboost|p1a: Slowking|spa|1\n|\n|-heal|p1a: Slowking|261/310 tox|[from] item: Leftovers\n|-damage|p1a: Slowking|204/310 tox|[from] psn\n|-end|p2a: Hatterene|move: Heal Block\n|upkeep\n|turn|23\n|\n|t:|1782913696\n|switch|p1a: Slaking|Slaking, L84, F|389/389\n|move|p2a: Hatterene|Draining Kiss|p1a: Slaking\n|-damage|p1a: Slaking|293/389\n|-heal|p2a: Hatterene|207/236|[from] drain|[of] p1a: Slaking\n|\n|upkeep\n|turn|24\n|\n|t:|1782913700\n|switch|p2a: Toxapex|Toxapex, L82, F|216/216\n|move|p1a: Slaking|Giga Impact|p2a: Toxapex\n|-damage|p2a: Toxapex|66/216\n|-mustrecharge|p1a: Slaking\n|-damage|p1a: Slaking|229/389|[from] item: Rocky Helmet|[of] p2a: Toxapex\n|\n|upkeep\n|turn|25\n|\n|t:|1782913703\n|cant|p1a: Slaking|recharge\n|move|p2a: Toxapex|Recover|p2a: Toxapex\n|-heal|p2a: Toxapex|174/216\n|\n|upkeep\n|turn|26\n|\n|t:|1782913706\n|move|p1a: Slaking|Giga Impact|p2a: Toxapex|[miss]\n|-miss|p1a: Slaking|p2a: Toxapex\n|move|p2a: Toxapex|Toxic|p1a: Slaking\n|-status|p1a: Slaking|tox\n|\n|-damage|p1a: Slaking|205/389 tox|[from] psn\n|upkeep\n|turn|27\n|c|\u2606Azubuike|Fikllkkkkkk\n|\n|t:|1782913725\n|cant|p1a: Slaking|ability: Truant\n|move|p2a: Toxapex|Liquidation|p1a: Slaking\n|-damage|p1a: Slaking|145/389 tox\n|\n|-damage|p1a: Slaking|97/389 tox|[from] psn\n|upkeep\n|turn|28\n|\n|t:|1782913729\n|move|p1a: Slaking|Giga Impact|p2a: Toxapex|[miss]\n|-miss|p1a: Slaking|p2a: Toxapex\n|move|p2a: Toxapex|Liquidation|p1a: Slaking\n|-damage|p1a: Slaking|43/389 tox\n|\n|-damage|p1a: Slaking|0 fnt|[from] psn\n|faint|p1a: Slaking\n|upkeep\n|c|\u2606Azubuike|Trash\n|-message|Azubuike forfeited.\n|\n|win|jnpr010334\n|raw|Azubuike's rating: 1865 &rarr; <strong>1847</strong><br />(-18 for losing)\n|raw|jnpr010334's rating: 1899 &rarr; <strong>1917</strong><br />(+18 for winning)\n|l|\u2606Azubuike\n|player|p1|\n", "inputlog": ">version f8ac14003a5f27e1bdc8d8c59608a773c1cb96e5\n>start {\"formatid\":\"gen9randombattle\",\"seed\":\"sodium,402fe645330db3e8f2b2029c6f69e2f7\",\"rated\":\"Rated battle\"}\n>player p1 {\"name\":\"Azubuike\",\"avatar\":\"170\",\"rating\":1865,\"seed\":\"sodium,4bd77be7d193474a7249c7ba9e4ad0b1\"}\n>player p2 {\"name\":\"jnpr010334\",\"avatar\":\"265\",\"rating\":1947,\"seed\":\"sodium,55722e65647f2ecb255e02dbef167247\"}\n>p1 move auroraveil\n>p2 move stoneedge\n>p1 switch 3\n>p1 move thunderwave\n>p2 move swordsdance\n>p1 move scald\n>p2 move crunch\n>p1 switch 6\n>p2 move stoneedge\n>p2 switch 5\n>p1 switch 2\n>p2 move swordsdance\n>p1 move freezedry\n>p2 move headbutt terastallize\n>p1 move freezedry\n>p2 switch 2\n>p1 switch 4\n>p2 move drainingkiss\n>p1 move poltergeist\n>p2 switch 6\n>p1 switch 6\n>p2 switch 2\n>p1 move psychicnoise\n>p2 move hornleech\n>p1 move psychicnoise\n>p2 switch 6\n>p1 switch 6\n>p2 move nuzzle\n>p1 move poltergeist\n>p2 switch 6\n>p1 move drainpunch\n>p2 move hornleech\n>p2 switch 3\n>p1 move toxic\n>p2 move dracometeor\n>p1 move poltergeist\n>p2 switch 2\n>p1 move poltergeist\n>p2 move recover\n>p1 switch 6\n>p2 move recover\n>p1 move scald\n>p2 move toxic\n>p1 move psychicnoise\n>p2 switch 6\n>p1 move scald\n>p2 move mysticalfire\n>p1 switch 5\n>p2 move drainingkiss\n>p1 move gigaimpact\n>p2 switch 6\n>p1 move recharge\n>p2 move recover\n>p1 move gigaimpact\n>p2 move toxic\n>chat \u2606Azubuike|Fikllkkkkkk\n>p1 move gigaimpact\n>p2 move liquidation\n>p1 move gigaimpact\n>p2 move liquidation\n>chat \u2606Azubuike|Trash\n>forcelose p1", "uploadtime": 1782913744, "views": 5, "formatid": "gen9randombattle", "rating": 1847, "private": 0, "password": null, "player_dets": [{"name": "Azubuike", "avatar": "170", "rating": 1865, "seed": "sodium,4bd77be7d193474a7249c7ba9e4ad0b1"}, {"name": "jnpr010334", "avatar": "265", "rating": 1947, "seed": "sodium,55722e65647f2ecb255e02dbef167247"}], "teams_full": [{"Ninetales": {"name": "Ninetales", "species": "Ninetales-Alola", "speciesId": "ninetalesalola", "gender": "F", "shiny": false, "level": 78, "moves": ["auroraveil", "freezedry", "moonblast", "blizzard"], "ability": "Snow Warning", "evs": {"hp": 85, "atk": 0, "def": 85, "spa": 85, "spd": 85, "spe": 85}, "ivs": {"hp": 31, "atk": 0, "def": 31, "spa": 31, "spd": 31, "spe": 31}, "item": "Light Clay", "teraType": "Steel", "role": "Fast Attacker", "bvs": {"hp": 73, "atk": 67, "def": 75, "spa": 81, "spd": 100, "spe": 109}, "stats": {"hp": 242, "atk": 109, "def": 162, "spa": 171, "spd": 201, "spe": 215}, "types": ["Ice", "Fairy"]}, "Glalie": {"name": "Glalie", "species": "Glalie", "speciesId": "glalie", "gender": "F", "shiny": false, "level": 96, "moves": ["earthquake", "freezedry", "taunt", "spikes"], "ability": "Inner Focus", "evs": {"hp": 85, "atk": 85, "def": 85, "spa": 85, "spd": 85, "spe": 85}, "ivs": {"hp": 31, "atk": 31, "def": 31, "spa": 31, "spd": 31, "spe": 31}, "item": "Heavy-Duty Boots", "teraType": "Ground", "role": "Fast Support", "bvs": {"hp": 80, "atk": 80, "def": 80, "spa": 80, "spd": 80, "spe": 80}, "stats": {"hp": 309, "atk": 208, "def": 208, "spa": 208, "spd": 208, "spe": 208}, "types": ["Ice"]}, "Slowking": {"name": "Slowking", "species": "Slowking", "speciesId": "slowking", "gender": "F", "shiny": false, "level": 88, "moves": ["slackoff", "thunderwave", "scald", "psychicnoise"], "ability": "Regenerator", "evs": {"hp": 85, "atk": 0, "def": 85, "spa": 85, "spd": 85, "spe": 85}, "ivs": {"hp": 31, "atk": 0, "def": 31, "spa": 31, "spd": 31, "spe": 31}, "item": "Leftovers", "teraType": "Dragon", "role": "Bulky Attacker", "bvs": {"hp": 95, "atk": 75, "def": 80, "spa": 100, "spd": 110, "spe": 30}, "stats": {"hp": 310, "atk": 137, "def": 191, "spa": 226, "spd": 244, "spe": 103}, "types": ["Water", "Psychic"]}, "Trevenant": {"name": "Trevenant", "species": "Trevenant", "speciesId": "trevenant", "gender": "M", "shiny": false, "level": 89, "moves": ["protect", "toxic", "drainpunch", "poltergeist"], "ability": "Harvest", "evs": {"hp": 85, "atk": 85, "def": 85, "spa": 85, "spd": 85, "spe": 85}, "ivs": {"hp": 31, "atk": 31, "def": 31, "spa": 31, "spd": 31, "spe": 31}, "item": "Sitrus Berry", "teraType": "Fairy", "role": "Bulky Support", "bvs": {"hp": 85, "atk": 110, "def": 76, "spa": 65, "spd": 82, "spe": 56}, "stats": {"hp": 296, "atk": 247, "def": 186, "spa": 166, "spd": 197, "spe": 150}, "types": ["Ghost", "Grass"]}, "Slaking": {"name": "Slaking", "species": "Slaking", "speciesId": "slaking", "gender": "F", "shiny": false, "level": 84, "moves": ["earthquake", "doubleedge", "knockoff", "gigaimpact"], "ability": "Truant", "evs": {"hp": 85, "atk": 85, "def": 85, "spa": 85, "spd": 85, "spe": 85}, "ivs": {"hp": 31, "atk": 31, "def": 31, "spa": 31, "spd": 31, "spe": 31}, "item": "Choice Scarf", "teraType": "Normal", "role": "Fast Attacker", "bvs": {"hp": 150, "atk": 160, "def": 100, "spa": 95, "spd": 65, "spe": 100}, "stats": {"hp": 389, "atk": 317, "def": 216, "spa": 208, "spd": 157, "spe": 216}, "types": ["Normal"]}, "Great Tusk": {"name": "Great Tusk", "species": "Great Tusk", "speciesId": "greattusk", "gender": "N", "shiny": false, "level": 77, "moves": ["closecombat", "stoneedge", "bulkup", "earthquake"], "ability": "Protosynthesis", "evs": {"hp": 85, "atk": 85, "def": 85, "spa": 85, "spd": 85, "spe": 85}, "ivs": {"hp": 31, "atk": 31, "def": 31, "spa": 31, "spd": 31, "spe": 31}, "item": "Leftovers", "teraType": "Ground", "role": "Bulky Setup", "bvs": {"hp": 115, "atk": 131, "def": 131, "spa": 53, "spd": 53, "spe": 87}, "stats": {"hp": 304, "atk": 246, "def": 246, "spa": 126, "spd": 126, "spe": 179}, "types": ["Ground", "Fighting"]}}, {"Lycanroc": {"name": "Lycanroc", "species": "Lycanroc", "speciesId": "lycanroc", "gender": "F", "shiny": false, "level": 86, "moves": ["stoneedge", "swordsdance", "closecombat", "crunch"], "ability": "Sand Rush", "evs": {"hp": 85, "atk": 85, "def": 85, "spa": 85, "spd": 85, "spe": 85}, "ivs": {"hp": 31, "atk": 31, "def": 31, "spa": 31, "spd": 31, "spe": 31}, "item": "Life Orb", "teraType": "Fighting", "role": "Fast Attacker", "bvs": {"hp": 75, "atk": 115, "def": 65, "spa": 55, "spd": 65, "spe": 112}, "stats": {"hp": 269, "atk": 247, "def": 161, "spa": 144, "spd": 161, "spe": 242}, "types": ["Rock"]}, "Hatterene": {"name": "Hatterene", "species": "Hatterene", "speciesId": "hatterene", "gender": "F", "shiny": false, "level": 85, "moves": ["drainingkiss", "psychicnoise", "nuzzle", "mysticalfire"], "ability": "Magic Bounce", "evs": {"hp": 85, "atk": 85, "def": 85, "spa": 85, "spd": 85, "spe": 85}, "ivs": {"hp": 31, "atk": 31, "def": 31, "spa": 31, "spd": 31, "spe": 31}, "item": "Assault Vest", "teraType": "Steel", "role": "AV Pivot", "bvs": {"hp": 57, "atk": 90, "def": 95, "spa": 136, "spd": 103, "spe": 29}, "stats": {"hp": 236, "atk": 202, "def": 210, "spa": 280, "spd": 224, "spe": 98}, "types": ["Psychic", "Fairy"]}, "Walking Wake": {"name": "Walking Wake", "species": "Walking Wake", "speciesId": "walkingwake", "gender": "N", "shiny": false, "level": 79, "moves": ["flamethrower", "dracometeor", "hydrosteam", "sunnyday"], "ability": "Protosynthesis", "evs": {"hp": 85, "atk": 0, "def": 85, "spa": 85, "spd": 85, "spe": 85}, "ivs": {"hp": 31, "atk": 0, "def": 31, "spa": 31, "spd": 31, "spe": 31}, "item": "Life Orb", "teraType": "Fire", "role": "Fast Attacker", "bvs": {"hp": 99, "atk": 83, "def": 91, "spa": 125, "spd": 83, "spe": 109}, "stats": {"hp": 286, "atk": 136, "def": 189, "spa": 243, "spd": 177, "spe": 218}, "types": ["Water", "Dragon"]}, "Toedscruel": {"name": "Toedscruel", "species": "Toedscruel", "speciesId": "toedscruel", "gender": "M", "shiny": false, "level": 87, "moves": ["rapidspin", "spore", "leafstorm", "earthpower"], "ability": "Mycelium Might", "evs": {"hp": 85, "atk": 85, "def": 85, "spa": 85, "spd": 85, "spe": 85}, "ivs": {"hp": 31, "atk": 31, "def": 31, "spa": 31, "spd": 31, "spe": 31}, "item": "Leftovers", "teraType": "Water", "role": "Bulky Support", "bvs": {"hp": 80, "atk": 70, "def": 65, "spa": 80, "spd": 120, "spe": 100}, "stats": {"hp": 281, "atk": 172, "def": 163, "spa": 189, "spd": 259, "spe": 224}, "types": ["Ground", "Grass"]}, "Sawsbuck": {"name": "Sawsbuck", "species": "Sawsbuck-Autumn", "speciesId": "sawsbuck", "gender": "F", "shiny": false, "level": 88, "moves": ["hornleech", "highhorsepower", "swordsdance", "headbutt"], "ability": "Serene Grace", "evs": {"hp": 85, "atk": 85, "def": 85, "spa": 85, "spd": 85, "spe": 85}, "ivs": {"hp": 31, "atk": 31, "def": 31, "spa": 31, "spd": 31, "spe": 31}, "item": "Life Orb", "teraType": "Normal", "role": "Fast Attacker", "bvs": {"hp": 80, "atk": 100, "def": 70, "spa": 60, "spd": 70, "spe": 95}, "stats": {"hp": 284, "atk": 226, "def": 173, "spa": 156, "spd": 173, "spe": 217}, "types": ["Normal", "Grass"]}, "Toxapex": {"name": "Toxapex", "species": "Toxapex", "speciesId": "toxapex", "gender": "F", "shiny": false, "level": 82, "moves": ["liquidation", "recover", "toxic", "haze"], "ability": "Regenerator", "evs": {"hp": 85, "atk": 85, "def": 85, "spa": 85, "spd": 85, "spe": 85}, "ivs": {"hp": 31, "atk": 31, "def": 31, "spa": 31, "spd": 31, "spe": 31}, "item": "Rocky Helmet", "teraType": "Flying", "role": "Bulky Support", "bvs": {"hp": 50, "atk": 63, "def": 152, "spa": 53, "spd": 142, "spe": 35}, "stats": {"hp": 216, "atk": 150, "def": 296, "spa": 134, "spd": 280, "spe": 105}, "types": ["Poison", "Water"]}}]}