{"id": "gen9randombattle-2641780332", "format": "[Gen 9] Random Battle", "players": ["ElyasTheGreat", "19wink"], "log": "|j|\u2606ElyasTheGreat\n|j|\u260619wink\n|t:|1782841054\n|gametype|singles\n|player|p1|ElyasTheGreat|alder|2085\n|player|p2|19wink|rood|2117\n|gen|9\n|tier|[Gen 9] Random Battle\n|rated|\n|rule|Species Clause: Limit one of each Pok\u00e9mon\n|rule|HP Percentage Mod: HP is shown in percentages\n|rule|Sleep Clause Mod: Limit one foe put to sleep\n|rule|Illusion Level Mod: Illusion disguises the Pok\u00e9mon's true level\n|\n|t:|1782841054\n|teamsize|p1|6\n|teamsize|p2|6\n|start\n|switch|p1a: Noctowl|Noctowl, L95, M|344/344\n|switch|p2a: Jirachi|Jirachi, L80|291/291\n|turn|1\n|\n|t:|1782841081\n|switch|p1a: Eternatus|Eternatus, L69|308/308\n|-ability|p1a: Eternatus|Pressure\n|move|p2a: Jirachi|Body Slam|p1a: Eternatus\n|-damage|p1a: Eternatus|237/308\n|-status|p1a: Eternatus|par\n|-damage|p2a: Jirachi|243/291|[from] item: Rocky Helmet|[of] p1a: Eternatus\n|\n|-heal|p2a: Jirachi|261/291|[from] item: Leftovers\n|upkeep\n|turn|2\n|\n|t:|1782841123\n|move|p2a: Jirachi|Protect|p2a: Jirachi\n|-singleturn|p2a: Jirachi|Protect\n|move|p1a: Eternatus|Flamethrower|p2a: Jirachi\n|-activate|p2a: Jirachi|move: Protect\n|\n|-heal|p2a: Jirachi|279/291|[from] item: Leftovers\n|upkeep\n|turn|3\n|\n|t:|1782841164\n|switch|p2a: Garganacl|Garganacl, L80, M|291/291\n|cant|p1a: Eternatus|par\n|\n|upkeep\n|turn|4\n|\n|t:|1782841180\n|move|p1a: Eternatus|Recover|p1a: Eternatus\n|-heal|p1a: Eternatus|308/308 par\n|move|p2a: Garganacl|Stealth Rock|p1a: Eternatus\n|-sidestart|p1: ElyasTheGreat|move: Stealth Rock\n|\n|upkeep\n|turn|5\n|\n|t:|1782841189\n|cant|p1a: Eternatus|par\n|move|p2a: Garganacl|Salt Cure|p1a: Eternatus\n|-damage|p1a: Eternatus|260/308 par\n|-start|p1a: Eternatus|Salt Cure\n|\n|-damage|p1a: Eternatus|222/308 par|[from] Salt Cure\n|upkeep\n|turn|6\n|inactive|Battle timer is ON: inactive players will automatically lose when time's up. (requested by ElyasTheGreat)\n|\n|t:|1782841217\n|cant|p1a: Eternatus|par\n|move|p2a: Garganacl|Earthquake|p1a: Eternatus\n|-supereffective|p1a: Eternatus\n|-damage|p1a: Eternatus|76/308 par\n|\n|-damage|p1a: Eternatus|38/308 par|[from] Salt Cure\n|upkeep\n|turn|7\n|\n|t:|1782841226\n|switch|p1a: Appletun|Appletun, L92, F|352/352\n|-damage|p1a: Appletun|308/352|[from] Stealth Rock\n|move|p2a: Garganacl|Salt Cure|p1a: Appletun\n|-damage|p1a: Appletun|269/352\n|-start|p1a: Appletun|Salt Cure\n|\n|-heal|p1a: Appletun|291/352|[from] item: Leftovers\n|-damage|p1a: Appletun|247/352|[from] Salt Cure\n|upkeep\n|turn|8\n|\n|t:|1782841239\n|switch|p2a: Kricketune|Kricketune, L99, F|312/312\n|move|p1a: Appletun|Leech Seed|p2a: Kricketune\n|-start|p2a: Kricketune|move: Leech Seed\n|\n|-heal|p1a: Appletun|269/352|[from] item: Leftovers\n|-damage|p2a: Kricketune|273/312|[from] Leech Seed|[of] p1a: Appletun\n|-heal|p1a: Appletun|308/352|[silent]\n|-damage|p1a: Appletun|264/352|[from] Salt Cure\n|upkeep\n|turn|9\n|inactive|ElyasTheGreat has 120 seconds left.\n|\n|t:|1782841291\n|switch|p1a: Noctowl|Noctowl, L95, M|344/344\n|move|p2a: Kricketune|Pounce|p1a: Noctowl\n|-resisted|p1a: Noctowl\n|-damage|p1a: Noctowl|285/344\n|-unboost|p1a: Noctowl|spe|1\n|\n|-damage|p2a: Kricketune|234/312|[from] Leech Seed|[of] p1a: Noctowl\n|-heal|p1a: Noctowl|324/344|[silent]\n|upkeep\n|turn|10\n|\n|t:|1782841309\n|switch|p2a: Garganacl|Garganacl, L80, M|291/291\n|move|p1a: Noctowl|Defog|p2a: Garganacl\n|-unboost|p2a: Garganacl|evasion|1\n|-sideend|p1: ElyasTheGreat|Stealth Rock|[from] move: Defog|[of] p1a: Noctowl\n|\n|upkeep\n|turn|11\n|\n|t:|1782841315\n|move|p1a: Noctowl|Hurricane|p2a: Garganacl\n|-resisted|p2a: Garganacl\n|-damage|p2a: Garganacl|157/291\n|move|p2a: Garganacl|Stealth Rock|p1a: Noctowl\n|-sidestart|p1: ElyasTheGreat|move: Stealth Rock\n|\n|-heal|p2a: Garganacl|175/291|[from] item: Leftovers\n|upkeep\n|turn|12\n|\n|t:|1782841322\n|move|p1a: Noctowl|Defog|p2a: Garganacl\n|-unboost|p2a: Garganacl|evasion|1\n|-sideend|p1: ElyasTheGreat|Stealth Rock|[from] move: Defog|[of] p1a: Noctowl\n|move|p2a: Garganacl|Salt Cure|p1a: Noctowl\n|-supereffective|p1a: Noctowl\n|-damage|p1a: Noctowl|220/344\n|-start|p1a: Noctowl|Salt Cure\n|\n|-heal|p2a: Garganacl|193/291|[from] item: Leftovers\n|-damage|p1a: Noctowl|177/344|[from] Salt Cure\n|upkeep\n|turn|13\n|inactive|ElyasTheGreat has 120 seconds left.\n|\n|t:|1782841329\n|switch|p1a: Lumineon|Lumineon, L93, M|279/279\n|move|p2a: Garganacl|Salt Cure|p1a: Lumineon\n|-damage|p1a: Lumineon|239/279\n|-start|p1a: Lumineon|Salt Cure\n|\n|-heal|p2a: Garganacl|211/291|[from] item: Leftovers\n|-damage|p1a: Lumineon|170/279|[from] Salt Cure\n|upkeep\n|turn|14\n|\n|t:|1782841336\n|switch|p2a: Luvdisc|Luvdisc, M|247/247\n|move|p1a: Lumineon|Hydro Pump|p2a: Luvdisc\n|-resisted|p2a: Luvdisc\n|-damage|p2a: Luvdisc|190/247\n|\n|-damage|p1a: Lumineon|101/279|[from] Salt Cure\n|upkeep\n|turn|15\n|inactive|ElyasTheGreat has 120 seconds left.\n|\n|t:|1782841376\n|move|p2a: Luvdisc|Substitute|p2a: Luvdisc\n|-start|p2a: Luvdisc|Substitute\n|-damage|p2a: Luvdisc|129/247\n|move|p1a: Lumineon|U-turn|p2a: Luvdisc\n|-activate|p2a: Luvdisc|move: Substitute|[damage]\n|\n|t:|1782841390\n|switch|p1a: Noctowl|Noctowl, L95, M|177/344|[from] U-turn\n|\n|upkeep\n|turn|16\n|\n|t:|1782841393\n|move|p2a: Luvdisc|Whirlpool|p1a: Noctowl\n|-damage|p1a: Noctowl|153/344\n|-activate|p1a: Noctowl|move: Whirlpool|[of] p2a: Luvdisc\n|move|p1a: Noctowl|Hyper Voice|p2a: Luvdisc\n|-damage|p2a: Luvdisc|17/247\n|\n|-damage|p1a: Noctowl|110/344|[from] move: Whirlpool|[partiallytrapped]\n|upkeep\n|turn|17\n|\n|t:|1782841421\n|move|p2a: Luvdisc|Endeavor|p1a: Noctowl\n|-damage|p1a: Noctowl|17/344\n|move|p1a: Noctowl|Hyper Voice|p2a: Luvdisc\n|-damage|p2a: Luvdisc|0 fnt\n|faint|p2a: Luvdisc\n|\n|-end|p1a: Noctowl|Whirlpool|[partiallytrapped]|[silent]\n|upkeep\n|\n|t:|1782841429\n|switch|p2a: Jirachi|Jirachi, L80|279/291\n|turn|18\n|\n|t:|1782841440\n|switch|p1a: Eternatus|Eternatus, L69|38/308 par\n|-ability|p1a: Eternatus|Pressure\n|move|p2a: Jirachi|Body Slam|p1a: Eternatus\n|-damage|p1a: Eternatus|0 fnt\n|-damage|p2a: Jirachi|231/291|[from] item: Rocky Helmet|[of] p1a: Eternatus\n|faint|p1a: Eternatus\n|\n|-heal|p2a: Jirachi|249/291|[from] item: Leftovers\n|upkeep\n|\n|t:|1782841441\n|switch|p1a: Appletun|Appletun, L92, F|264/352\n|turn|19\n|inactive|19wink has 120 seconds left.\n|\n|t:|1782841483\n|move|p2a: Jirachi|Body Slam|p1a: Appletun\n|-damage|p1a: Appletun|206/352\n|-status|p1a: Appletun|par\n|move|p1a: Appletun|Leech Seed|p2a: Jirachi\n|-start|p2a: Jirachi|move: Leech Seed\n|\n|-heal|p2a: Jirachi|267/291|[from] item: Leftovers\n|-heal|p1a: Appletun|228/352 par|[from] item: Leftovers\n|-damage|p2a: Jirachi|231/291|[from] Leech Seed|[of] p1a: Appletun\n|-heal|p1a: Appletun|264/352 par|[silent]\n|upkeep\n|turn|20\n|inactive|ElyasTheGreat has 120 seconds left.\n|inactive|ElyasTheGreat has 90 seconds left.\n|\n|t:|1782841535\n|switch|p2a: Kricketune|Kricketune, L99, F|234/312\n|move|p1a: Appletun|Leech Seed|p2a: Kricketune\n|-start|p2a: Kricketune|move: Leech Seed\n|\n|-heal|p1a: Appletun|286/352 par|[from] item: Leftovers\n|-damage|p2a: Kricketune|195/312|[from] Leech Seed|[of] p1a: Appletun\n|-heal|p1a: Appletun|325/352 par|[silent]\n|upkeep\n|turn|21\n|inactive|19wink has 120 seconds left.\n|\n|t:|1782841544\n|move|p2a: Kricketune|Pounce|p1a: Appletun\n|-supereffective|p1a: Appletun\n|-damage|p1a: Appletun|121/352 par\n|-unboost|p1a: Appletun|spe|1\n|move|p1a: Appletun|Dragon Pulse|p2a: Kricketune\n|-damage|p2a: Kricketune|48/312\n|\n|-heal|p1a: Appletun|143/352 par|[from] item: Leftovers\n|-damage|p2a: Kricketune|9/312|[from] Leech Seed|[of] p1a: Appletun\n|-heal|p1a: Appletun|182/352 par|[silent]\n|upkeep\n|turn|22\n|\n|t:|1782841554\n|move|p2a: Kricketune|Pounce|p1a: Appletun\n|-supereffective|p1a: Appletun\n|-damage|p1a: Appletun|2/352 par\n|-unboost|p1a: Appletun|spe|1\n|move|p1a: Appletun|Recover|p1a: Appletun\n|-heal|p1a: Appletun|178/352 par\n|\n|-heal|p1a: Appletun|200/352 par|[from] item: Leftovers\n|-damage|p2a: Kricketune|0 fnt|[from] Leech Seed|[of] p1a: Appletun\n|-heal|p1a: Appletun|209/352 par|[silent]\n|faint|p2a: Kricketune\n|upkeep\n|\n|t:|1782841563\n|switch|p2a: Jirachi|Jirachi, L80|231/291\n|turn|23\n|inactive|ElyasTheGreat has 90 seconds left.\n|\n|t:|1782841575\n|-terastallize|p1a: Appletun|Steel\n|move|p2a: Jirachi|Iron Head|p1a: Appletun\n|-resisted|p1a: Appletun\n|-damage|p1a: Appletun|173/352 par\n|cant|p1a: Appletun|flinch\n|\n|-heal|p2a: Jirachi|249/291|[from] item: Leftovers\n|-heal|p1a: Appletun|195/352 par|[from] item: Leftovers\n|upkeep\n|turn|24\n|\n|t:|1782841578\n|switch|p2a: Garganacl|Garganacl, L80, M|211/291\n|cant|p1a: Appletun|par\n|\n|-heal|p2a: Garganacl|229/291|[from] item: Leftovers\n|-heal|p1a: Appletun|217/352 par|[from] item: Leftovers\n|upkeep\n|turn|25\n|\n|t:|1782841584\n|switch|p1a: Noctowl|Noctowl, L95, M|17/344\n|move|p2a: Garganacl|Salt Cure|p1a: Noctowl\n|-supereffective|p1a: Noctowl\n|-damage|p1a: Noctowl|0 fnt\n|faint|p1a: Noctowl\n|\n|-heal|p2a: Garganacl|247/291|[from] item: Leftovers\n|upkeep\n|\n|t:|1782841586\n|switch|p1a: Lumineon|Lumineon, L93, M|101/279\n|turn|26\n|\n|t:|1782841592\n|switch|p2a: Jirachi|Jirachi, L80|249/291\n|move|p1a: Lumineon|Hydro Pump|p2a: Jirachi\n|-damage|p2a: Jirachi|134/291\n|\n|-heal|p2a: Jirachi|152/291|[from] item: Leftovers\n|upkeep\n|turn|27\n|\n|t:|1782841599\n|move|p1a: Lumineon|Hydro Pump|p2a: Jirachi\n|-damage|p2a: Jirachi|38/291\n|move|p2a: Jirachi|Wish|p2a: Jirachi\n|\n|-heal|p2a: Jirachi|56/291|[from] item: Leftovers\n|upkeep\n|turn|28\n|inactive|19wink has 120 seconds left.\n|inactive|19wink has 90 seconds left.\n|\n|t:|1782841671\n|move|p2a: Jirachi|Protect|p2a: Jirachi\n|-singleturn|p2a: Jirachi|Protect\n|move|p1a: Lumineon|Hydro Pump|p2a: Jirachi\n|-activate|p2a: Jirachi|move: Protect\n|\n|-heal|p2a: Jirachi|201/291|[from] move: Wish|[wisher] Jirachi\n|-heal|p2a: Jirachi|219/291|[from] item: Leftovers\n|upkeep\n|turn|29\n|\n|t:|1782841682\n|move|p1a: Lumineon|Encore|p2a: Jirachi\n|-start|p2a: Jirachi|Encore\n|move|p2a: Jirachi|Protect||[still]\n|-fail|p2a: Jirachi\n|\n|-heal|p2a: Jirachi|237/291|[from] item: Leftovers\n|upkeep\n|turn|30\n|\n|t:|1782841690\n|move|p2a: Jirachi|Protect|p2a: Jirachi\n|-singleturn|p2a: Jirachi|Protect\n|move|p1a: Lumineon|Ice Beam|p2a: Jirachi\n|-activate|p2a: Jirachi|move: Protect\n|\n|-heal|p2a: Jirachi|255/291|[from] item: Leftovers\n|upkeep\n|turn|31\n|\n|t:|1782841694\n|switch|p2a: Kyogre|Kyogre, L71|259/259\n|-weather|RainDance|[from] ability: Drizzle|[of] p2a: Kyogre\n|move|p1a: Lumineon|Hydro Pump|p2a: Kyogre|[miss]\n|-miss|p1a: Lumineon|p2a: Kyogre\n|\n|-weather|RainDance|[upkeep]\n|upkeep\n|turn|32\n|\n|t:|1782841700\n|move|p1a: Lumineon|Hydro Pump|p2a: Kyogre|[miss]\n|-miss|p1a: Lumineon|p2a: Kyogre\n|move|p2a: Kyogre|Thunder|p1a: Lumineon\n|-supereffective|p1a: Lumineon\n|-damage|p1a: Lumineon|0 fnt\n|faint|p1a: Lumineon\n|\n|-weather|RainDance|[upkeep]\n|upkeep\n|\n|t:|1782841705\n|switch|p1a: Rotom|Rotom-Frost, L87|229/229\n|turn|33\n|inactive|19wink has 120 seconds left.\n|\n|t:|1782841720\n|switch|p2a: Garganacl|Garganacl, L80, M|247/291\n|move|p1a: Rotom|Thunderbolt|p2a: Garganacl\n|-damage|p2a: Garganacl|139/291\n|\n|-weather|RainDance|[upkeep]\n|-heal|p2a: Garganacl|157/291|[from] item: Leftovers\n|upkeep\n|turn|34\n|inactive|19wink has 120 seconds left.\n|\n|t:|1782841735\n|move|p1a: Rotom|Volt Switch|p2a: Garganacl\n|-damage|p2a: Garganacl|78/291\n|\n|t:|1782841736\n|switch|p1a: Diancie|Diancie, L82|216/216|[from] Volt Switch\n|move|p2a: Garganacl|Salt Cure|p1a: Diancie\n|-damage|p1a: Diancie|189/216\n|-start|p1a: Diancie|Salt Cure\n|\n|-weather|RainDance|[upkeep]\n|-heal|p2a: Garganacl|96/291|[from] item: Leftovers\n|-damage|p1a: Diancie|162/216|[from] Salt Cure\n|upkeep\n|turn|35\n|\n|t:|1782841741\n|move|p1a: Diancie|Body Press|p2a: Garganacl\n|-supereffective|p2a: Garganacl\n|-damage|p2a: Garganacl|0 fnt\n|faint|p2a: Garganacl\n|\n|-weather|none\n|-damage|p1a: Diancie|135/216|[from] Salt Cure\n|upkeep\n|\n|t:|1782841747\n|switch|p2a: Kyogre|Kyogre, L71|259/259\n|-weather|RainDance|[from] ability: Drizzle|[of] p2a: Kyogre\n|turn|36\n|\n|t:|1782841755\n|move|p2a: Kyogre|Calm Mind|p2a: Kyogre\n|-boost|p2a: Kyogre|spa|1\n|-boost|p2a: Kyogre|spd|1\n|move|p1a: Diancie|Diamond Storm|p2a: Kyogre\n|-damage|p2a: Kyogre|150/259\n|\n|-weather|RainDance|[upkeep]\n|-heal|p2a: Kyogre|166/259|[from] item: Leftovers\n|-damage|p1a: Diancie|108/216|[from] Salt Cure\n|upkeep\n|turn|37\n|\n|t:|1782841762\n|move|p2a: Kyogre|Origin Pulse|p1a: Diancie\n|-supereffective|p1a: Diancie\n|-damage|p1a: Diancie|0 fnt\n|faint|p1a: Diancie\n|\n|-weather|RainDance|[upkeep]\n|-heal|p2a: Kyogre|182/259|[from] item: Leftovers\n|upkeep\n|\n|t:|1782841778\n|switch|p1a: Rotom|Rotom-Frost, L87|229/229\n|turn|38\n|\n|t:|1782841781\n|-terastallize|p2a: Kyogre|Electric\n|move|p1a: Rotom|Thunderbolt|p2a: Kyogre\n|-resisted|p2a: Kyogre\n|-damage|p2a: Kyogre|155/259\n|move|p2a: Kyogre|Origin Pulse|p1a: Rotom\n|-damage|p1a: Rotom|0 fnt\n|faint|p1a: Rotom\n|\n|-weather|RainDance|[upkeep]\n|-heal|p2a: Kyogre|171/259|[from] item: Leftovers\n|upkeep\n|\n|t:|1782841806\n|switch|p1a: Appletun|Appletun, L92, F, tera:Steel|217/352 par\n|turn|39\n|inactive|19wink has 120 seconds left.\n|\n|t:|1782841854\n|move|p2a: Kyogre|Thunder|p1a: Appletun\n|-damage|p1a: Appletun|57/352 par\n|move|p1a: Appletun|Leech Seed|p2a: Kyogre\n|-start|p2a: Kyogre|move: Leech Seed\n|\n|-weather|RainDance|[upkeep]\n|-heal|p2a: Kyogre|187/259|[from] item: Leftovers\n|-heal|p1a: Appletun|79/352 par|[from] item: Leftovers\n|-damage|p2a: Kyogre|155/259|[from] Leech Seed|[of] p1a: Appletun\n|-heal|p1a: Appletun|111/352 par|[silent]\n|upkeep\n|turn|40\n|\n|t:|1782841862\n|move|p2a: Kyogre|Thunder|p1a: Appletun\n|-damage|p1a: Appletun|0 fnt\n|faint|p1a: Appletun\n|\n|win|19wink\n|raw|ElyasTheGreat's rating: 2085 &rarr; <strong>2067</strong><br />(-18 for losing)\n|raw|19wink's rating: 2117 &rarr; <strong>2135</strong><br />(+18 for winning)\n", "inputlog": ">version f8ac14003a5f27e1bdc8d8c59608a773c1cb96e5\n>start {\"formatid\":\"gen9randombattle\",\"seed\":\"sodium,a2cecaf28af89bde55942b50e0b430c7\",\"rated\":\"Rated battle\"}\n>player p1 {\"name\":\"ElyasTheGreat\",\"avatar\":\"alder\",\"rating\":2085,\"seed\":\"sodium,fa017e1278bcb8fa7ce4aa1eb3f0dbb6\"}\n>player p2 {\"name\":\"19wink\",\"avatar\":\"rood\",\"rating\":2117,\"seed\":\"sodium,292a558b0d0b0b1c798c9f84319384ad\"}\n>p1 switch 2\n>p2 move bodyslam\n>p1 move flamethrower\n>p2 move protect\n>p1 move flamethrower\n>p2 switch 6\n>p1 move recover\n>p2 move stealthrock\n>p1 move dynamaxcannon\n>p2 move saltcure\n>p1 move dynamaxcannon\n>p2 move earthquake\n>p1 switch 3\n>p2 move saltcure\n>p1 move leechseed\n>p2 switch 2\n>p1 switch 2\n>p2 move pounce\n>p1 move defog\n>p2 switch 2\n>p1 move hurricane\n>p2 move stealthrock\n>p1 move defog\n>p2 move saltcure\n>p1 switch 6\n>p2 move saltcure\n>p1 move hydropump\n>p2 switch 4\n>p1 move uturn\n>p2 move substitute\n>p1 switch 6\n>p1 move hypervoice\n>p2 move whirlpool\n>p1 move hypervoice\n>p2 move endeavor\n>p2 switch 6\n>p1 switch 3\n>p2 move bodyslam\n>p1 switch 2\n>p1 move leechseed\n>p2 move bodyslam\n>p1 move leechseed\n>p2 switch 2\n>p1 move dragonpulse\n>p2 move pounce\n>p1 move recover\n>p2 move pounce\n>p2 switch 2\n>p1 move leechseed terastallize\n>p2 move ironhead\n>p1 move leechseed\n>p2 switch 4\n>p1 switch 3\n>p2 move saltcure\n>p1 switch 6\n>p1 move hydropump\n>p2 switch 4\n>p1 move hydropump\n>p2 move wish\n>p1 move hydropump\n>p2 move protect\n>p1 move encore\n>p2 move bodyslam\n>p1 move icebeam\n>p2 move protect\n>p1 move hydropump\n>p2 switch 3\n>p1 move hydropump\n>p2 move thunder\n>p1 switch 5\n>p1 move thunderbolt\n>p2 switch 4\n>p1 move voltswitch\n>p2 move saltcure\n>p1 switch 4\n>p1 move bodypress\n>p2 move recover\n>p2 switch 4\n>p1 move diamondstorm\n>p2 move calmmind\n>p1 move diamondstorm\n>p2 move originpulse\n>p1 switch 4\n>p1 move thunderbolt\n>p2 move originpulse terastallize\n>p1 switch 3\n>p1 move leechseed\n>p2 move thunder\n>p1 move recover\n>p2 move thunder", "uploadtime": 1782841862, "views": 6, "formatid": "gen9randombattle", "rating": 2067, "private": 0, "password": null, "player_dets": [{"name": "ElyasTheGreat", "avatar": "alder", "rating": 2085, "seed": "sodium,fa017e1278bcb8fa7ce4aa1eb3f0dbb6"}, {"name": "19wink", "avatar": "rood", "rating": 2117, "seed": "sodium,292a558b0d0b0b1c798c9f84319384ad"}], "teams_full": [{"Noctowl": {"name": "Noctowl", "species": "Noctowl", "speciesId": "noctowl", "gender": "M", "shiny": false, "level": 95, "moves": ["roost", "hypervoice", "defog", "hurricane"], "ability": "Tinted Lens", "evs": {"hp": 85, "atk": 0, "def": 85, "spa": 85, "spd": 85, "spe": 85}, "ivs": {"hp": 31, "atk": 0, "def": 31, "spa": 31, "spd": 31, "spe": 31}, "item": "Heavy-Duty Boots", "teraType": "Ground", "role": "Bulky Attacker", "bvs": {"hp": 100, "atk": 50, "def": 50, "spa": 86, "spd": 96, "spe": 70}, "stats": {"hp": 344, "atk": 100, "def": 149, "spa": 217, "spd": 236, "spe": 187}, "types": ["Normal", "Flying"]}, "Eternatus": {"name": "Eternatus", "species": "Eternatus", "speciesId": "eternatus", "gender": "N", "shiny": false, "level": 69, "moves": ["toxic", "dynamaxcannon", "flamethrower", "recover"], "ability": "Pressure", "evs": {"hp": 85, "atk": 0, "def": 85, "spa": 85, "spd": 85, "spe": 85}, "ivs": {"hp": 31, "atk": 0, "def": 31, "spa": 31, "spd": 31, "spe": 31}, "item": "Rocky Helmet", "teraType": "Dragon", "role": "Bulky Support", "bvs": {"hp": 140, "atk": 85, "def": 95, "spa": 145, "spd": 95, "spe": 130}, "stats": {"hp": 308, "atk": 122, "def": 171, "spa": 240, "spd": 171, "spe": 220}, "types": ["Poison", "Dragon"]}, "Appletun": {"name": "Appletun", "species": "Appletun", "speciesId": "appletun", "gender": "F", "shiny": false, "level": 92, "moves": ["leechseed", "appleacid", "recover", "dragonpulse"], "ability": "Thick Fat", "evs": {"hp": 85, "atk": 0, "def": 85, "spa": 85, "spd": 85, "spe": 85}, "ivs": {"hp": 31, "atk": 0, "def": 31, "spa": 31, "spd": 31, "spe": 31}, "item": "Leftovers", "teraType": "Steel", "role": "Bulky Attacker", "bvs": {"hp": 110, "atk": 85, "def": 80, "spa": 100, "spd": 80, "spe": 30}, "stats": {"hp": 352, "atk": 161, "def": 200, "spa": 236, "spd": 200, "spe": 108}, "types": ["Grass", "Dragon"]}, "Diancie": {"name": "Diancie", "species": "Diancie", "speciesId": "diancie", "gender": "N", "shiny": false, "level": 82, "moves": ["earthpower", "moonblast", "diamondstorm", "bodypress"], "ability": "Clear Body", "evs": {"hp": 85, "atk": 85, "def": 85, "spa": 85, "spd": 85, "spe": 85}, "ivs": {"hp": 31, "atk": 31, "def": 31, "spa": 31, "spd": 31, "spe": 31}, "item": "Assault Vest", "teraType": "Fighting", "role": "Bulky Attacker", "bvs": {"hp": 50, "atk": 100, "def": 150, "spa": 100, "spd": 150, "spe": 50}, "stats": {"hp": 216, "atk": 211, "def": 293, "spa": 211, "spd": 293, "spe": 129}, "types": ["Rock", "Fairy"]}, "Rotom": {"name": "Rotom", "species": "Rotom-Frost", "speciesId": "rotomfrost", "gender": "N", "shiny": false, "level": 87, "moves": ["thunderbolt", "voltswitch", "blizzard", "willowisp"], "ability": "Levitate", "evs": {"hp": 85, "atk": 0, "def": 85, "spa": 85, "spd": 85, "spe": 85}, "ivs": {"hp": 31, "atk": 0, "def": 31, "spa": 31, "spd": 31, "spe": 31}, "item": "Heavy-Duty Boots", "teraType": "Electric", "role": "Fast Attacker", "bvs": {"hp": 50, "atk": 65, "def": 107, "spa": 105, "spd": 107, "spe": 86}, "stats": {"hp": 229, "atk": 118, "def": 236, "spa": 232, "spd": 236, "spe": 199}, "types": ["Electric", "Ice"]}, "Lumineon": {"name": "Lumineon", "species": "Lumineon", "speciesId": "lumineon", "gender": "M", "shiny": false, "level": 93, "moves": ["icebeam", "uturn", "encore", "hydropump"], "ability": "Storm Drain", "evs": {"hp": 85, "atk": 85, "def": 85, "spa": 85, "spd": 85, "spe": 85}, "ivs": {"hp": 31, "atk": 31, "def": 31, "spa": 31, "spd": 31, "spe": 31}, "item": "Heavy-Duty Boots", "teraType": "Steel", "role": "Fast Support", "bvs": {"hp": 69, "atk": 69, "def": 76, "spa": 69, "spd": 86, "spe": 91}, "stats": {"hp": 279, "atk": 181, "def": 194, "spa": 181, "spd": 213, "spe": 222}, "types": ["Water"]}}, {"Jirachi": {"name": "Jirachi", "species": "Jirachi", "speciesId": "jirachi", "gender": "N", "shiny": false, "level": 80, "moves": ["protect", "bodyslam", "ironhead", "wish"], "ability": "Serene Grace", "evs": {"hp": 85, "atk": 85, "def": 85, "spa": 85, "spd": 85, "spe": 85}, "ivs": {"hp": 31, "atk": 31, "def": 31, "spa": 31, "spd": 31, "spe": 31}, "item": "Leftovers", "teraType": "Water", "role": "Fast Support", "bvs": {"hp": 100, "atk": 100, "def": 100, "spa": 100, "spd": 100, "spe": 100}, "stats": {"hp": 291, "atk": 206, "def": 206, "spa": 206, "spd": 206, "spe": 206}, "types": ["Steel", "Psychic"]}, "Kricketune": {"name": "Kricketune", "species": "Kricketune", "speciesId": "kricketune", "gender": "F", "shiny": false, "level": 99, "moves": ["knockoff", "taunt", "pounce", "stickyweb"], "ability": "Technician", "evs": {"hp": 85, "atk": 85, "def": 85, "spa": 85, "spd": 85, "spe": 85}, "ivs": {"hp": 31, "atk": 31, "def": 31, "spa": 31, "spd": 31, "spe": 31}, "item": "Heavy-Duty Boots", "teraType": "Ghost", "role": "Fast Support", "bvs": {"hp": 77, "atk": 85, "def": 51, "spa": 55, "spd": 51, "spe": 65}, "stats": {"hp": 312, "atk": 224, "def": 157, "spa": 165, "spd": 157, "spe": 185}, "types": ["Bug"]}, "Kyogre": {"name": "Kyogre", "species": "Kyogre", "speciesId": "kyogre", "gender": "N", "shiny": false, "level": 71, "moves": ["icebeam", "calmmind", "originpulse", "thunder"], "ability": "Drizzle", "evs": {"hp": 85, "atk": 0, "def": 85, "spa": 85, "spd": 85, "spe": 85}, "ivs": {"hp": 31, "atk": 0, "def": 31, "spa": 31, "spd": 31, "spe": 31}, "item": "Leftovers", "teraType": "Electric", "role": "Bulky Setup", "bvs": {"hp": 100, "atk": 100, "def": 90, "spa": 150, "spd": 140, "spe": 90}, "stats": {"hp": 259, "atk": 147, "def": 169, "spa": 254, "spd": 240, "spe": 169}, "types": ["Water"]}, "Luvdisc": {"name": "Luvdisc", "species": "Luvdisc", "speciesId": "luvdisc", "gender": "M", "shiny": false, "level": 100, "moves": ["endeavor", "substitute", "whirlpool", "surf"], "ability": "Swift Swim", "evs": {"hp": 81, "atk": 0, "def": 85, "spa": 85, "spd": 85, "spe": 85}, "ivs": {"hp": 31, "atk": 0, "def": 31, "spa": 31, "spd": 31, "spe": 31}, "item": "Heavy-Duty Boots", "teraType": "Ground", "role": "Fast Support", "bvs": {"hp": 43, "atk": 30, "def": 55, "spa": 40, "spd": 65, "spe": 97}, "stats": {"hp": 247, "atk": 65, "def": 167, "spa": 137, "spd": 187, "spe": 251}, "types": ["Water"]}, "Vigoroth": {"name": "Vigoroth", "species": "Vigoroth", "speciesId": "vigoroth", "gender": "M", "shiny": false, "level": 85, "moves": ["bulkup", "slackoff", "bodyslam", "earthquake"], "ability": "Vital Spirit", "evs": {"hp": 85, "atk": 85, "def": 85, "spa": 85, "spd": 85, "spe": 85}, "ivs": {"hp": 31, "atk": 31, "def": 31, "spa": 31, "spd": 31, "spe": 31}, "item": "Eviolite", "teraType": "Ground", "role": "Bulky Attacker", "bvs": {"hp": 80, "atk": 80, "def": 80, "spa": 55, "spd": 55, "spe": 90}, "stats": {"hp": 275, "atk": 185, "def": 185, "spa": 142, "spd": 142, "spe": 202}, "types": ["Normal"]}, "Garganacl": {"name": "Garganacl", "species": "Garganacl", "speciesId": "garganacl", "gender": "M", "shiny": false, "level": 80, "moves": ["stealthrock", "recover", "saltcure", "earthquake"], "ability": "Purifying Salt", "evs": {"hp": 85, "atk": 85, "def": 85, "spa": 85, "spd": 85, "spe": 85}, "ivs": {"hp": 31, "atk": 31, "def": 31, "spa": 31, "spd": 31, "spe": 31}, "item": "Leftovers", "teraType": "Ghost", "role": "Bulky Attacker", "bvs": {"hp": 100, "atk": 100, "def": 130, "spa": 45, "spd": 90, "spe": 35}, "stats": {"hp": 291, "atk": 206, "def": 254, "spa": 118, "spd": 190, "spe": 102}, "types": ["Rock"]}}]}