{"id": "gen9randombattle-2641808785", "format": "[Gen 9] Random Battle", "players": ["MONARCH OF MONARCH", "But guy I if"], "log": "|j|\u2606MONARCH OF MONARCH\n|j|\u2606But guy I if\n|t:|1782844416\n|gametype|singles\n|player|p1|MONARCH OF MONARCH|266|1083\n|player|p2|But guy I if|101|1064\n|gen|9\n|tier|[Gen 9] Random Battle\n|rated|\n|rule|Species Clause: Limit one of each Pok\u00e9mon\n|rule|HP Percentage Mod: HP is shown in percentages\n|rule|Sleep Clause Mod: Limit one foe put to sleep\n|rule|Illusion Level Mod: Illusion disguises the Pok\u00e9mon's true level\n|\n|t:|1782844416\n|teamsize|p1|6\n|teamsize|p2|6\n|start\n|switch|p1a: Brambleghast|Brambleghast, L88, M|240/240\n|switch|p2a: Scovillain|Scovillain, L91, F|266/266\n|turn|1\n|\n|t:|1782844426\n|move|p2a: Scovillain|Flamethrower|p1a: Brambleghast\n|-supereffective|p1a: Brambleghast\n|-damage|p1a: Brambleghast|0 fnt\n|faint|p1a: Brambleghast\n|\n|upkeep\n|\n|t:|1782844440\n|switch|p1a: Thundurus|Thundurus, L80, M|258/258\n|turn|2\n|\n|t:|1782844453\n|move|p2a: Scovillain|Flamethrower|p1a: Thundurus\n|-damage|p1a: Thundurus|131/258\n|move|p1a: Thundurus|Focus Blast|p2a: Scovillain|[miss]\n|-miss|p1a: Thundurus|p2a: Scovillain\n|\n|upkeep\n|turn|3\n|inactive|Battle timer is ON: inactive players will automatically lose when time's up. (requested by MONARCH OF MONARCH)\n|\n|t:|1782844500\n|move|p2a: Scovillain|Flamethrower|p1a: Thundurus\n|-damage|p1a: Thundurus|0 fnt\n|faint|p1a: Thundurus\n|\n|upkeep\n|\n|t:|1782844519\n|switch|p1a: Mienshao|Mienshao, L83, M|244/244\n|turn|4\n|\n|t:|1782844524\n|move|p2a: Scovillain|Flamethrower|p1a: Mienshao\n|-damage|p1a: Mienshao|69/244\n|move|p1a: Mienshao|Poison Jab|p2a: Scovillain\n|-supereffective|p2a: Scovillain\n|-damage|p2a: Scovillain|58/266\n|-damage|p1a: Mienshao|45/244|[from] item: Life Orb\n|\n|upkeep\n|turn|5\n|\n|t:|1782844537\n|move|p2a: Scovillain|Flamethrower|p1a: Mienshao\n|-damage|p1a: Mienshao|0 fnt\n|faint|p1a: Mienshao\n|\n|upkeep\n|\n|t:|1782844539\n|switch|p1a: Ceruledge|Ceruledge, L78, F|245/245\n|turn|6\n|\n|t:|1782844552\n|switch|p2a: Basculin|Basculin-Blue-Striped, L86, F|261/261\n|move|p1a: Ceruledge|Bitter Blade|p2a: Basculin\n|-resisted|p2a: Basculin\n|-damage|p2a: Basculin|199/261\n|\n|upkeep\n|turn|7\n|\n|t:|1782844561\n|switch|p1a: Iron Leaves|Iron Leaves, L80|275/275\n|-terastallize|p2a: Basculin|Water\n|move|p2a: Basculin|Flip Turn|p1a: Iron Leaves\n|-resisted|p1a: Iron Leaves\n|-damage|p1a: Iron Leaves|199/275\n|\n|t:|1782844576\n|switch|p2a: Scovillain|Scovillain, L91, F|219/219|[from] Flip Turn\n|\n|upkeep\n|turn|8\n|\n|t:|1782844582\n|-end|p1a: Iron Leaves|Quark Drive|[silent]\n|switch|p1a: Ceruledge|Ceruledge, L78, F|245/245\n|move|p2a: Scovillain|Bitter Malice|p1a: Ceruledge\n|-supereffective|p1a: Ceruledge\n|-damage|p1a: Ceruledge|0 fnt\n|faint|p1a: Ceruledge\n|\n|upkeep\n|\n|t:|1782844589\n|switch|p1a: Iron Leaves|Iron Leaves, L80|199/275\n|turn|9\n|\n|t:|1782844597\n|-terastallize|p1a: Iron Leaves|Fighting\n|move|p2a: Scovillain|Bitter Malice|p1a: Iron Leaves\n|-damage|p1a: Iron Leaves|70/275\n|-unboost|p1a: Iron Leaves|atk|1\n|move|p1a: Iron Leaves|Close Combat|p2a: Scovillain\n|-immune|p2a: Scovillain\n|\n|upkeep\n|turn|10\n|\n|t:|1782844610\n|-end|p1a: Iron Leaves|Quark Drive|[silent]\n|switch|p1a: Glastrier|Glastrier, L86|311/311\n|move|p2a: Scovillain|Bitter Malice|p1a: Glastrier\n|-damage|p1a: Glastrier|196/311\n|-unboost|p1a: Glastrier|atk|1\n|\n|upkeep\n|turn|11\n|\n|t:|1782844623\n|move|p2a: Scovillain|Bitter Malice|p1a: Glastrier\n|-damage|p1a: Glastrier|78/311\n|-unboost|p1a: Glastrier|atk|1\n|move|p1a: Glastrier|Icicle Crash|p2a: Scovillain\n|-damage|p2a: Scovillain|84/219\n|replace|p2a: Zoroark|Zoroark-Hisui, L80, M\n|-end|p2a: Zoroark|Illusion\n|-hint|Illusion Level Mod is active, so this Pok\u00e9mon's true level was hidden.\n|\n|upkeep\n|turn|12\n|\n|t:|1782844632\n|move|p2a: Zoroark|Bitter Malice|p1a: Glastrier\n|-damage|p1a: Glastrier|0 fnt\n|faint|p1a: Glastrier\n|\n|upkeep\n|\n|t:|1782844638\n|switch|p1a: Iron Leaves|Iron Leaves, L80, tera:Fighting|70/275\n|turn|13\n|\n|t:|1782844644\n|move|p2a: Zoroark|Bitter Malice|p1a: Iron Leaves\n|-damage|p1a: Iron Leaves|0 fnt\n|faint|p1a: Iron Leaves\n|-end|p1a: Iron Leaves|Quark Drive|[silent]\n|\n|win|But guy I if\n|raw|MONARCH OF MONARCH's rating: 1083 &rarr; <strong>1061</strong><br />(-22 for losing)\n|raw|But guy I if's rating: 1096 &rarr; <strong>1121</strong><br />(+25 for winning)\n", "inputlog": ">version f8ac14003a5f27e1bdc8d8c59608a773c1cb96e5\n>start {\"formatid\":\"gen9randombattle\",\"seed\":\"sodium,a2033d3a0d0cff2896242ed3b63f4049\",\"rated\":\"Rated battle\"}\n>player p1 {\"name\":\"MONARCH OF MONARCH\",\"avatar\":\"266\",\"rating\":1083,\"seed\":\"sodium,148ca2238da76bd043fc9d1226453aaf\"}\n>player p2 {\"name\":\"But guy I if\",\"avatar\":\"101\",\"rating\":1064,\"seed\":\"sodium,b9978bc195889c9248ee14b5cbf6bd05\"}\n>p1 move leechseed\n>p2 move flamethrower\n>p1 switch 2\n>p1 move focusblast\n>p2 move flamethrower\n>p1 move focusblast\n>p2 move flamethrower\n>p1 switch 3\n>p1 move poisonjab\n>p2 move flamethrower\n>p1 move poisonjab\n>p2 move flamethrower\n>p1 switch 5\n>p1 move bitterblade\n>p2 switch 6\n>p1 switch 4\n>p2 move flipturn terastallize\n>p2 switch 2\n>p1 switch 4\n>p2 move bittermalice\n>p1 switch 4\n>p1 move closecombat terastallize\n>p2 move bittermalice\n>p1 switch 6\n>p2 move bittermalice\n>p1 move iciclecrash\n>p2 move bittermalice\n>p1 move iciclecrash\n>p2 move bittermalice\n>p1 switch 6\n>p1 move leafblade\n>p2 move bittermalice", "uploadtime": 1782844647, "views": 12, "formatid": "gen9randombattle", "rating": 1061, "private": 0, "password": null, "player_dets": [{"name": "MONARCH OF MONARCH", "avatar": "266", "rating": 1083, "seed": "sodium,148ca2238da76bd043fc9d1226453aaf"}, {"name": "But guy I if", "avatar": "101", "rating": 1064, "seed": "sodium,b9978bc195889c9248ee14b5cbf6bd05"}], "teams_full": [{"Brambleghast": {"name": "Brambleghast", "species": "Brambleghast", "speciesId": "brambleghast", "gender": "M", "shiny": false, "level": 88, "moves": ["substitute", "powerwhip", "leechseed", "poltergeist"], "ability": "Wind Rider", "evs": {"hp": 85, "atk": 85, "def": 85, "spa": 85, "spd": 85, "spe": 85}, "ivs": {"hp": 31, "atk": 31, "def": 31, "spa": 31, "spd": 31, "spe": 31}, "item": "Leftovers", "teraType": "Fairy", "role": "Fast Support", "bvs": {"hp": 55, "atk": 115, "def": 70, "spa": 80, "spd": 70, "spe": 90}, "stats": {"hp": 240, "atk": 253, "def": 173, "spa": 191, "spd": 173, "spe": 209}, "types": ["Grass", "Ghost"]}, "Thundurus": {"name": "Thundurus", "species": "Thundurus", "speciesId": "thundurus", "gender": "M", "shiny": false, "level": 80, "moves": ["thunderbolt", "terablast", "focusblast", "nastyplot"], "ability": "Defiant", "evs": {"hp": 85, "atk": 85, "def": 85, "spa": 85, "spd": 85, "spe": 85}, "ivs": {"hp": 31, "atk": 31, "def": 31, "spa": 31, "spd": 31, "spe": 31}, "item": "Heavy-Duty Boots", "teraType": "Flying", "role": "Tera Blast user", "bvs": {"hp": 79, "atk": 115, "def": 70, "spa": 125, "spd": 80, "spe": 111}, "stats": {"hp": 258, "atk": 230, "def": 158, "spa": 246, "spd": 174, "spe": 224}, "types": ["Electric", "Flying"]}, "Mienshao": {"name": "Mienshao", "species": "Mienshao", "speciesId": "mienshao", "gender": "M", "shiny": false, "level": 83, "moves": ["knockoff", "poisonjab", "swordsdance", "closecombat"], "ability": "Regenerator", "evs": {"hp": 85, "atk": 85, "def": 85, "spa": 85, "spd": 85, "spe": 85}, "ivs": {"hp": 31, "atk": 31, "def": 31, "spa": 31, "spd": 31, "spe": 31}, "item": "Life Orb", "teraType": "Poison", "role": "Setup Sweeper", "bvs": {"hp": 65, "atk": 125, "def": 60, "spa": 95, "spd": 60, "spe": 105}, "stats": {"hp": 244, "atk": 255, "def": 147, "spa": 205, "spd": 147, "spe": 222}, "types": ["Fighting"]}, "Iron Leaves": {"name": "Iron Leaves", "species": "Iron Leaves", "speciesId": "ironleaves", "gender": "N", "shiny": false, "level": 80, "moves": ["megahorn", "closecombat", "leafblade", "psyblade"], "ability": "Quark Drive", "evs": {"hp": 85, "atk": 85, "def": 85, "spa": 85, "spd": 85, "spe": 85}, "ivs": {"hp": 31, "atk": 31, "def": 31, "spa": 31, "spd": 31, "spe": 31}, "item": "Choice Band", "teraType": "Fighting", "role": "Wallbreaker", "bvs": {"hp": 90, "atk": 130, "def": 88, "spa": 70, "spd": 108, "spe": 104}, "stats": {"hp": 275, "atk": 254, "def": 187, "spa": 158, "spd": 219, "spe": 213}, "types": ["Grass", "Psychic"]}, "Ceruledge": {"name": "Ceruledge", "species": "Ceruledge", "speciesId": "ceruledge", "gender": "F", "shiny": false, "level": 78, "moves": ["closecombat", "swordsdance", "bitterblade", "poltergeist"], "ability": "Weak Armor", "evs": {"hp": 85, "atk": 85, "def": 85, "spa": 85, "spd": 85, "spe": 85}, "ivs": {"hp": 31, "atk": 31, "def": 31, "spa": 31, "spd": 31, "spe": 31}, "item": "Heavy-Duty Boots", "teraType": "Fire", "role": "Setup Sweeper", "bvs": {"hp": 75, "atk": 125, "def": 80, "spa": 60, "spd": 100, "spe": 85}, "stats": {"hp": 245, "atk": 240, "def": 170, "spa": 139, "spd": 201, "spe": 178}, "types": ["Fire", "Ghost"]}, "Glastrier": {"name": "Glastrier", "species": "Glastrier", "speciesId": "glastrier", "gender": "N", "shiny": false, "level": 86, "moves": ["highhorsepower", "iciclecrash", "heavyslam", "closecombat"], "ability": "Chilling Neigh", "evs": {"hp": 81, "atk": 85, "def": 85, "spa": 85, "spd": 85, "spe": 85}, "ivs": {"hp": 31, "atk": 31, "def": 31, "spa": 31, "spd": 31, "spe": 31}, "item": "Choice Band", "teraType": "Steel", "role": "Bulky Attacker", "bvs": {"hp": 100, "atk": 145, "def": 130, "spa": 65, "spd": 110, "spe": 30}, "stats": {"hp": 311, "atk": 299, "def": 273, "spa": 161, "spd": 238, "spe": 101}, "types": ["Ice"]}}, {"Scovillain": {"name": "Scovillain", "species": "Scovillain", "speciesId": "scovillain", "gender": "F", "shiny": false, "level": 91, "moves": ["flamethrower", "overheat", "leafstorm", "energyball"], "ability": "Chlorophyll", "evs": {"hp": 85, "atk": 0, "def": 85, "spa": 85, "spd": 85, "spe": 85}, "ivs": {"hp": 31, "atk": 0, "def": 31, "spa": 31, "spd": 31, "spe": 31}, "item": "Choice Scarf", "teraType": "Grass", "role": "Fast Attacker", "bvs": {"hp": 65, "atk": 108, "def": 65, "spa": 108, "spd": 65, "spe": 75}, "stats": {"hp": 266, "atk": 201, "def": 170, "spa": 248, "spd": 170, "spe": 188}, "types": ["Grass", "Fire"]}, "Zoroark": {"name": "Zoroark", "species": "Zoroark-Hisui", "speciesId": "zoroarkhisui", "gender": "M", "shiny": false, "level": 80, "moves": ["flamethrower", "focusblast", "bittermalice", "hypervoice"], "ability": "Illusion", "evs": {"hp": 85, "atk": 0, "def": 85, "spa": 85, "spd": 85, "spe": 85}, "ivs": {"hp": 31, "atk": 0, "def": 31, "spa": 31, "spd": 31, "spe": 31}, "item": "Choice Specs", "teraType": "Fighting", "role": "Wallbreaker", "bvs": {"hp": 55, "atk": 100, "def": 60, "spa": 125, "spd": 60, "spe": 110}, "stats": {"hp": 219, "atk": 165, "def": 142, "spa": 246, "spd": 142, "spe": 222}, "types": ["Normal", "Ghost"]}, "Slither Wing": {"name": "Slither Wing", "species": "Slither Wing", "speciesId": "slitherwing", "gender": "N", "shiny": false, "level": 81, "moves": ["firstimpression", "earthquake", "closecombat", "wildcharge"], "ability": "Protosynthesis", "evs": {"hp": 85, "atk": 85, "def": 85, "spa": 85, "spd": 85, "spe": 85}, "ivs": {"hp": 31, "atk": 31, "def": 31, "spa": 31, "spd": 31, "spe": 31}, "item": "Life Orb", "teraType": "Electric", "role": "Fast Attacker", "bvs": {"hp": 85, "atk": 135, "def": 79, "spa": 85, "spd": 105, "spe": 81}, "stats": {"hp": 270, "atk": 265, "def": 175, "spa": 184, "spd": 217, "spe": 178}, "types": ["Bug", "Fighting"]}, "Tauros": {"name": "Tauros", "species": "Tauros-Paldea-Aqua", "speciesId": "taurospaldeaaqua", "gender": "M", "shiny": false, "level": 81, "moves": ["bulkup", "liquidation", "closecombat", "aquajet"], "ability": "Intimidate", "evs": {"hp": 85, "atk": 85, "def": 85, "spa": 85, "spd": 85, "spe": 85}, "ivs": {"hp": 31, "atk": 31, "def": 31, "spa": 31, "spd": 31, "spe": 31}, "item": "Life Orb", "teraType": "Water", "role": "Setup Sweeper", "bvs": {"hp": 75, "atk": 110, "def": 105, "spa": 30, "spd": 70, "spe": 100}, "stats": {"hp": 254, "atk": 225, "def": 217, "spa": 95, "spd": 160, "spe": 209}, "types": ["Fighting", "Water"]}, "Jirachi": {"name": "Jirachi", "species": "Jirachi", "speciesId": "jirachi", "gender": "N", "shiny": false, "level": 80, "moves": ["uturn", "wish", "ironhead", "protect"], "ability": "Serene Grace", "evs": {"hp": 85, "atk": 85, "def": 85, "spa": 85, "spd": 85, "spe": 85}, "ivs": {"hp": 31, "atk": 31, "def": 31, "spa": 31, "spd": 31, "spe": 31}, "item": "Leftovers", "teraType": "Water", "role": "Bulky Support", "bvs": {"hp": 100, "atk": 100, "def": 100, "spa": 100, "spd": 100, "spe": 100}, "stats": {"hp": 291, "atk": 206, "def": 206, "spa": 206, "spd": 206, "spe": 206}, "types": ["Steel", "Psychic"]}, "Basculin": {"name": "Basculin", "species": "Basculin-Blue-Striped", "speciesId": "basculin", "gender": "F", "shiny": false, "level": 86, "moves": ["aquajet", "doubleedge", "wavecrash", "flipturn"], "ability": "Adaptability", "evs": {"hp": 85, "atk": 85, "def": 85, "spa": 85, "spd": 85, "spe": 85}, "ivs": {"hp": 31, "atk": 31, "def": 31, "spa": 31, "spd": 31, "spe": 31}, "item": "Choice Band", "teraType": "Water", "role": "Wallbreaker", "bvs": {"hp": 70, "atk": 92, "def": 65, "spa": 80, "spd": 55, "spe": 98}, "stats": {"hp": 261, "atk": 207, "def": 161, "spa": 187, "spd": 144, "spe": 218}, "types": ["Water"]}}]}