{"id": "gen9randombattle-2641970444", "format": "[Gen 9] Random Battle", "players": ["LucarioSolosYou2", "darkrai_mtr"], "log": "|j|\u2606LucarioSolosYou2\n|j|\u2606darkrai_mtr\n|t:|1782866620\n|gametype|singles\n|player|p1|LucarioSolosYou2|2|\n|player|p2|darkrai_mtr|266|\n|gen|9\n|tier|[Gen 9] Random Battle\n|rule|Species Clause: Limit one of each Pok\u00e9mon\n|rule|HP Percentage Mod: HP is shown in percentages\n|rule|Sleep Clause Mod: Limit one foe put to sleep\n|rule|Illusion Level Mod: Illusion disguises the Pok\u00e9mon's true level\n|\n|t:|1782866620\n|teamsize|p1|6\n|teamsize|p2|6\n|start\n|switch|p1a: Clawitzer|Clawitzer, L87, F|265/265\n|switch|p2a: Flareon|Flareon, L90, M|263/263\n|turn|1\n|c|\u2606LucarioSolosYou2|Ring me\n|\n|t:|1782866655\n|switch|p2a: Feraligatr|Feraligatr, L79, M, shiny|264/264\n|move|p1a: Clawitzer|Dragon Pulse|p2a: Feraligatr\n|-damage|p2a: Feraligatr|148/264\n|\n|upkeep\n|turn|2\n|\n|t:|1782866666\n|move|p2a: Feraligatr|Trailblaze|p1a: Clawitzer\n|-supereffective|p1a: Clawitzer\n|-damage|p1a: Clawitzer|161/265\n|move|p1a: Clawitzer|Water Pulse|p2a: Feraligatr\n|-resisted|p2a: Feraligatr\n|-damage|p2a: Feraligatr|81/264\n|\n|upkeep\n|turn|3\n|\n|t:|1782866678\n|-terastallize|p2a: Feraligatr|Grass\n|move|p2a: Feraligatr|Dragon Dance|p2a: Feraligatr\n|-boost|p2a: Feraligatr|atk|1\n|-boost|p2a: Feraligatr|spe|1\n|move|p1a: Clawitzer|Dark Pulse|p2a: Feraligatr\n|-damage|p2a: Feraligatr|0 fnt\n|faint|p2a: Feraligatr\n|\n|upkeep\n|\n|t:|1782866697\n|switch|p2a: Glaceon|Glaceon, L94, M|275/275\n|turn|4\n|\n|t:|1782866713\n|-terastallize|p1a: Clawitzer|Dragon\n|move|p2a: Glaceon|Freeze-Dry|p1a: Clawitzer\n|-supereffective|p1a: Clawitzer\n|-damage|p1a: Clawitzer|9/265\n|move|p1a: Clawitzer|Dragon Pulse|p2a: Glaceon\n|-damage|p2a: Glaceon|128/275\n|\n|upkeep\n|turn|5\n|\n|t:|1782866727\n|move|p2a: Glaceon|Mud Shot|p1a: Clawitzer\n|-damage|p1a: Clawitzer|0 fnt\n|faint|p1a: Clawitzer\n|\n|upkeep\n|\n|t:|1782866734\n|switch|p1a: Bastiodon|Bastiodon, L89, M|252/252\n|turn|6\n|\n|t:|1782866740\n|move|p2a: Glaceon|Wish|p2a: Glaceon\n|move|p1a: Bastiodon|Iron Defense|p1a: Bastiodon\n|-boost|p1a: Bastiodon|def|2\n|\n|upkeep\n|turn|7\n|\n|t:|1782866746\n|move|p2a: Glaceon|Mud Shot|p1a: Bastiodon\n|-supereffective|p1a: Bastiodon\n|-crit|p1a: Bastiodon\n|-damage|p1a: Bastiodon|4/252\n|-unboost|p1a: Bastiodon|spe|1\n|move|p1a: Bastiodon|Iron Defense|p1a: Bastiodon\n|-boost|p1a: Bastiodon|def|2\n|\n|-heal|p2a: Glaceon|265/275|[from] move: Wish|[wisher] Glaceon\n|upkeep\n|turn|8\n|\n|t:|1782866767\n|move|p2a: Glaceon|Freeze-Dry|p1a: Bastiodon\n|-resisted|p1a: Bastiodon\n|-damage|p1a: Bastiodon|0 fnt\n|faint|p1a: Bastiodon\n|\n|upkeep\n|\n|t:|1782866772\n|switch|p1a: Lanturn|Lanturn, L89, F|367/367\n|turn|9\n|\n|t:|1782866776\n|move|p2a: Glaceon|Freeze-Dry|p1a: Lanturn\n|-supereffective|p1a: Lanturn\n|-damage|p1a: Lanturn|139/367\n|move|p1a: Lanturn|Thunder Wave|p2a: Glaceon\n|-status|p2a: Glaceon|par\n|\n|-heal|p1a: Lanturn|161/367|[from] item: Leftovers\n|upkeep\n|turn|10\n|\n|t:|1782866786\n|move|p1a: Lanturn|Thunderbolt|p2a: Glaceon\n|-damage|p2a: Glaceon|195/275 par\n|move|p2a: Glaceon|Freeze-Dry|p1a: Lanturn\n|-supereffective|p1a: Lanturn\n|-damage|p1a: Lanturn|0 fnt\n|faint|p1a: Lanturn\n|\n|upkeep\n|\n|t:|1782866792\n|switch|p1a: Sylveon|Sylveon, L85, M|300/300\n|turn|11\n|\n|t:|1782866797\n|move|p1a: Sylveon|Wish|p1a: Sylveon\n|move|p2a: Glaceon|Wish|p2a: Glaceon\n|\n|upkeep\n|turn|12\n|\n|t:|1782866810\n|move|p1a: Sylveon|Calm Mind|p1a: Sylveon\n|-boost|p1a: Sylveon|spa|1\n|-boost|p1a: Sylveon|spd|1\n|move|p2a: Glaceon|Mud Shot|p1a: Sylveon\n|-damage|p1a: Sylveon|270/300\n|-unboost|p1a: Sylveon|spe|1\n|\n|-heal|p1a: Sylveon|300/300|[from] move: Wish|[wisher] Sylveon\n|-heal|p2a: Glaceon|275/275 par|[from] move: Wish|[wisher] Glaceon\n|upkeep\n|turn|13\n|\n|t:|1782866824\n|switch|p2a: Flareon|Flareon, L90, M|263/263\n|move|p1a: Sylveon|Calm Mind|p1a: Sylveon\n|-boost|p1a: Sylveon|spa|1\n|-boost|p1a: Sylveon|spd|1\n|\n|-status|p2a: Flareon|tox|[from] item: Toxic Orb\n|upkeep\n|turn|14\n|\n|t:|1782866839\n|move|p1a: Sylveon|Protect|p1a: Sylveon\n|-singleturn|p1a: Sylveon|Protect\n|move|p2a: Flareon|Trailblaze|p1a: Sylveon\n|-activate|p1a: Sylveon|move: Protect\n|\n|-damage|p2a: Flareon|247/263 tox|[from] psn\n|upkeep\n|turn|15\n|\n|t:|1782866851\n|move|p2a: Flareon|Trailblaze|p1a: Sylveon\n|-damage|p1a: Sylveon|208/300\n|-boost|p2a: Flareon|spe|1\n|move|p1a: Sylveon|Hyper Voice|p2a: Flareon\n|-resisted|p2a: Flareon\n|-damage|p2a: Flareon|140/263 tox\n|\n|-heal|p1a: Sylveon|226/300|[from] item: Leftovers\n|-damage|p2a: Flareon|108/263 tox|[from] psn\n|upkeep\n|turn|16\n|\n|t:|1782866865\n|move|p2a: Flareon|Facade|p1a: Sylveon\n|-damage|p1a: Sylveon|0 fnt\n|faint|p1a: Sylveon\n|\n|-damage|p2a: Flareon|60/263 tox|[from] psn\n|upkeep\n|\n|t:|1782866869\n|switch|p1a: Flamigo|Flamigo, L82, M|269/269\n|turn|17\n|\n|t:|1782866878\n|move|p2a: Flareon|Will-O-Wisp|p1a: Flamigo\n|-status|p1a: Flamigo|brn\n|move|p1a: Flamigo|Close Combat|p2a: Flareon\n|-damage|p2a: Flareon|0 fnt\n|-unboost|p1a: Flamigo|def|1\n|-unboost|p1a: Flamigo|spd|1\n|faint|p2a: Flareon\n|-damage|p1a: Flamigo|243/269 brn|[from] item: Life Orb\n|\n|-damage|p1a: Flamigo|227/269 brn|[from] brn\n|upkeep\n|\n|t:|1782866892\n|switch|p2a: Glaceon|Glaceon, L94, M|275/275 par\n|turn|18\n|\n|t:|1782866900\n|move|p1a: Flamigo|Swords Dance|p1a: Flamigo\n|-boost|p1a: Flamigo|atk|2\n|move|p2a: Glaceon|Freeze-Dry|p1a: Flamigo\n|-supereffective|p1a: Flamigo\n|-damage|p1a: Flamigo|0 fnt\n|faint|p1a: Flamigo\n|\n|upkeep\n|\n|t:|1782866909\n|switch|p1a: Sinistcha|Sinistcha-Masterpiece, L83|254/254\n|turn|19\n|\n|t:|1782866918\n|move|p1a: Sinistcha|Shadow Ball|p2a: Glaceon\n|-damage|p2a: Glaceon|193/275 par\n|move|p2a: Glaceon|Freeze-Dry|p1a: Sinistcha\n|-supereffective|p1a: Sinistcha\n|-damage|p1a: Sinistcha|0 fnt\n|faint|p1a: Sinistcha\n|\n|win|darkrai_mtr\n|l|\u2606LucarioSolosYou2\n|player|p1|\n", "inputlog": ">version f8ac14003a5f27e1bdc8d8c59608a773c1cb96e5\n>start {\"formatid\":\"gen9randombattle\",\"seed\":\"sodium,ea3959dc74a69275b9a3db002dbe7023\"}\n>player p1 {\"name\":\"LucarioSolosYou2\",\"avatar\":\"2\",\"rating\":0,\"seed\":\"sodium,8d83aaa08dd21ab2b4f4421db37a2f84\"}\n>player p2 {\"name\":\"darkrai_mtr\",\"avatar\":\"266\",\"rating\":0,\"seed\":\"sodium,63ebfb5dd0d5da9de7054dcf0c84c3f5\"}\n>chat \u2606LucarioSolosYou2|Ring me\n>p1 move dragonpulse\n>p2 switch 6\n>p1 move waterpulse\n>p2 move trailblaze\n>p1 move darkpulse\n>p2 move dragondance terastallize\n>p2 switch 3\n>p1 move dragonpulse terastallize\n>p2 move freezedry\n>p1 move waterpulse\n>p2 move mudshot\n>p1 switch 6\n>p1 move irondefense\n>p2 move wish\n>p1 move irondefense\n>p2 move mudshot\n>p1 move rest\n>p2 move freezedry\n>p1 switch 5\n>p1 move thunderwave\n>p2 move freezedry\n>p1 move thunderbolt\n>p2 move freezedry\n>p1 switch 4\n>p1 move wish\n>p2 move wish\n>p1 move calmmind\n>p2 move mudshot\n>p1 move calmmind\n>p2 switch 6\n>p1 move protect\n>p2 move trailblaze\n>p1 move hypervoice\n>p2 move trailblaze\n>p1 move hypervoice\n>p2 move facade\n>p1 switch 2\n>p1 move closecombat\n>p2 move willowisp\n>p2 switch 6\n>p1 move swordsdance\n>p2 move freezedry\n>p1 switch 3\n>p1 move shadowball\n>p2 move freezedry", "uploadtime": 1782866929, "views": 7, "formatid": "gen9randombattle", "rating": null, "private": 0, "password": null, "player_dets": [{"name": "LucarioSolosYou2", "avatar": "2", "rating": 0, "seed": "sodium,8d83aaa08dd21ab2b4f4421db37a2f84"}, {"name": "darkrai_mtr", "avatar": "266", "rating": 0, "seed": "sodium,63ebfb5dd0d5da9de7054dcf0c84c3f5"}], "teams_full": [{"Clawitzer": {"name": "Clawitzer", "species": "Clawitzer", "speciesId": "clawitzer", "gender": "F", "shiny": false, "level": 87, "moves": ["waterpulse", "dragonpulse", "uturn", "darkpulse"], "ability": "Mega Launcher", "evs": {"hp": 85, "atk": 85, "def": 85, "spa": 85, "spd": 85, "spe": 85}, "ivs": {"hp": 31, "atk": 31, "def": 31, "spa": 31, "spd": 31, "spe": 31}, "item": "Assault Vest", "teraType": "Dragon", "role": "AV Pivot", "bvs": {"hp": 71, "atk": 73, "def": 88, "spa": 120, "spd": 89, "spe": 59}, "stats": {"hp": 265, "atk": 177, "def": 203, "spa": 259, "spd": 205, "spe": 152}, "types": ["Water"]}, "Flamigo": {"name": "Flamigo", "species": "Flamigo", "speciesId": "flamigo", "gender": "M", "shiny": false, "level": 82, "moves": ["closecombat", "roost", "swordsdance", "bravebird"], "ability": "Scrappy", "evs": {"hp": 85, "atk": 85, "def": 85, "spa": 85, "spd": 85, "spe": 85}, "ivs": {"hp": 31, "atk": 31, "def": 31, "spa": 31, "spd": 31, "spe": 31}, "item": "Life Orb", "teraType": "Steel", "role": "Setup Sweeper", "bvs": {"hp": 82, "atk": 115, "def": 74, "spa": 75, "spd": 64, "spe": 90}, "stats": {"hp": 269, "atk": 236, "def": 169, "spa": 170, "spd": 152, "spe": 195}, "types": ["Flying", "Fighting"]}, "Sinistcha": {"name": "Sinistcha", "species": "Sinistcha-Masterpiece", "speciesId": "sinistcha", "gender": "N", "shiny": false, "level": 83, "moves": ["shadowball", "calmmind", "strengthsap", "matchagotcha"], "ability": "Heatproof", "evs": {"hp": 85, "atk": 0, "def": 85, "spa": 85, "spd": 85, "spe": 85}, "ivs": {"hp": 31, "atk": 0, "def": 31, "spa": 31, "spd": 31, "spe": 31}, "item": "Leftovers", "teraType": "Steel", "role": "Bulky Setup", "bvs": {"hp": 71, "atk": 60, "def": 106, "spa": 121, "spd": 80, "spe": 70}, "stats": {"hp": 254, "atk": 104, "def": 224, "spa": 249, "spd": 180, "spe": 164}, "types": ["Grass", "Ghost"]}, "Sylveon": {"name": "Sylveon", "species": "Sylveon", "speciesId": "sylveon", "gender": "M", "shiny": false, "level": 85, "moves": ["hypervoice", "calmmind", "wish", "protect"], "ability": "Pixilate", "evs": {"hp": 85, "atk": 0, "def": 85, "spa": 85, "spd": 85, "spe": 85}, "ivs": {"hp": 31, "atk": 0, "def": 31, "spa": 31, "spd": 31, "spe": 31}, "item": "Leftovers", "teraType": "Steel", "role": "Bulky Setup", "bvs": {"hp": 95, "atk": 65, "def": 65, "spa": 110, "spd": 130, "spe": 60}, "stats": {"hp": 300, "atk": 115, "def": 159, "spa": 236, "spd": 270, "spe": 151}, "types": ["Fairy"]}, "Lanturn": {"name": "Lanturn", "species": "Lanturn", "speciesId": "lanturn", "gender": "F", "shiny": false, "level": 89, "moves": ["thunderbolt", "scald", "thunderwave", "icebeam"], "ability": "Volt Absorb", "evs": {"hp": 85, "atk": 0, "def": 85, "spa": 85, "spd": 85, "spe": 85}, "ivs": {"hp": 31, "atk": 0, "def": 31, "spa": 31, "spd": 31, "spe": 31}, "item": "Leftovers", "teraType": "Flying", "role": "Bulky Attacker", "bvs": {"hp": 125, "atk": 58, "def": 58, "spa": 76, "spd": 76, "spe": 67}, "stats": {"hp": 367, "atk": 108, "def": 154, "spa": 186, "spd": 186, "spe": 170}, "types": ["Water", "Electric"]}, "Bastiodon": {"name": "Bastiodon", "species": "Bastiodon", "speciesId": "bastiodon", "gender": "M", "shiny": false, "level": 89, "moves": ["bodypress", "rest", "irondefense", "foulplay"], "ability": "Soundproof", "evs": {"hp": 85, "atk": 0, "def": 85, "spa": 85, "spd": 85, "spe": 85}, "ivs": {"hp": 31, "atk": 0, "def": 31, "spa": 31, "spd": 31, "spe": 31}, "item": "Chesto Berry", "teraType": "Fighting", "role": "Bulky Setup", "bvs": {"hp": 60, "atk": 52, "def": 168, "spa": 47, "spd": 138, "spe": 30}, "stats": {"hp": 252, "atk": 97, "def": 350, "spa": 134, "spd": 296, "spe": 104}, "types": ["Rock", "Steel"]}}, {"Flareon": {"name": "Flareon", "species": "Flareon", "speciesId": "flareon", "gender": "M", "shiny": false, "level": 90, "moves": ["facade", "flareblitz", "trailblaze", "willowisp"], "ability": "Guts", "evs": {"hp": 85, "atk": 85, "def": 85, "spa": 85, "spd": 85, "spe": 85}, "ivs": {"hp": 31, "atk": 31, "def": 31, "spa": 31, "spd": 31, "spe": 31}, "item": "Toxic Orb", "teraType": "Normal", "role": "Setup Sweeper", "bvs": {"hp": 65, "atk": 130, "def": 60, "spa": 95, "spd": 110, "spe": 65}, "stats": {"hp": 263, "atk": 285, "def": 159, "spa": 222, "spd": 249, "spe": 168}, "types": ["Fire"]}, "Kyogre": {"name": "Kyogre", "species": "Kyogre", "speciesId": "kyogre", "gender": "N", "shiny": false, "level": 71, "moves": ["originpulse", "icebeam", "calmmind", "thunder"], "ability": "Drizzle", "evs": {"hp": 85, "atk": 0, "def": 85, "spa": 85, "spd": 85, "spe": 85}, "ivs": {"hp": 31, "atk": 0, "def": 31, "spa": 31, "spd": 31, "spe": 31}, "item": "Leftovers", "teraType": "Dragon", "role": "Bulky Setup", "bvs": {"hp": 100, "atk": 100, "def": 90, "spa": 150, "spd": 140, "spe": 90}, "stats": {"hp": 259, "atk": 147, "def": 169, "spa": 254, "spd": 240, "spe": 169}, "types": ["Water"]}, "Glaceon": {"name": "Glaceon", "species": "Glaceon", "speciesId": "glaceon", "gender": "M", "shiny": false, "level": 94, "moves": ["mudshot", "freezedry", "protect", "wish"], "ability": "Ice Body", "evs": {"hp": 85, "atk": 0, "def": 85, "spa": 85, "spd": 85, "spe": 85}, "ivs": {"hp": 31, "atk": 0, "def": 31, "spa": 31, "spd": 31, "spe": 31}, "item": "Heavy-Duty Boots", "teraType": "Ground", "role": "Bulky Attacker", "bvs": {"hp": 65, "atk": 60, "def": 110, "spa": 130, "spd": 95, "spe": 65}, "stats": {"hp": 275, "atk": 117, "def": 260, "spa": 298, "spd": 232, "spe": 176}, "types": ["Ice"]}, "Noctowl": {"name": "Noctowl", "species": "Noctowl", "speciesId": "noctowl", "gender": "M", "shiny": false, "level": 95, "moves": ["roost", "hurricane", "defog", "hypervoice"], "ability": "Tinted Lens", "evs": {"hp": 85, "atk": 0, "def": 85, "spa": 85, "spd": 85, "spe": 85}, "ivs": {"hp": 31, "atk": 0, "def": 31, "spa": 31, "spd": 31, "spe": 31}, "item": "Heavy-Duty Boots", "teraType": "Normal", "role": "Bulky Attacker", "bvs": {"hp": 100, "atk": 50, "def": 50, "spa": 86, "spd": 96, "spe": 70}, "stats": {"hp": 344, "atk": 100, "def": 149, "spa": 217, "spd": 236, "spe": 187}, "types": ["Normal", "Flying"]}, "Indeedee": {"name": "Indeedee", "species": "Indeedee", "speciesId": "indeedee", "gender": "M", "shiny": false, "level": 84, "moves": ["hypervoice", "dazzlinggleam", "expandingforce", "calmmind"], "ability": "Psychic Surge", "evs": {"hp": 85, "atk": 0, "def": 85, "spa": 85, "spd": 85, "spe": 85}, "ivs": {"hp": 31, "atk": 0, "def": 31, "spa": 31, "spd": 31, "spe": 31}, "item": "Life Orb", "teraType": "Psychic", "role": "Fast Attacker", "bvs": {"hp": 60, "atk": 65, "def": 55, "spa": 105, "spd": 95, "spe": 95}, "stats": {"hp": 238, "atk": 114, "def": 141, "spa": 225, "spd": 208, "spe": 208}, "types": ["Psychic", "Normal"]}, "Feraligatr": {"name": "Feraligatr", "species": "Feraligatr", "speciesId": "feraligatr", "gender": "M", "shiny": true, "level": 79, "moves": ["trailblaze", "liquidation", "dragondance", "icepunch"], "ability": "Sheer Force", "evs": {"hp": 85, "atk": 85, "def": 85, "spa": 85, "spd": 85, "spe": 85}, "ivs": {"hp": 31, "atk": 31, "def": 31, "spa": 31, "spd": 31, "spe": 31}, "item": "Life Orb", "teraType": "Grass", "role": "Setup Sweeper", "bvs": {"hp": 85, "atk": 105, "def": 100, "spa": 79, "spd": 83, "spe": 78}, "stats": {"hp": 264, "atk": 211, "def": 204, "spa": 170, "spd": 177, "spe": 169}, "types": ["Water"]}}]}