{"id": "gen9randombattle-2642232423", "format": "[Gen 9] Random Battle", "players": ["Capybeooo", "PimpSugar"], "log": "|j|\u2606Capybeooo\n|j|\u2606PimpSugar\n|t:|1782914416\n|gametype|singles\n|player|p1|Capybeooo|hiker-gen4|1413\n|player|p2|PimpSugar|red-gen2|1365\n|gen|9\n|tier|[Gen 9] Random Battle\n|rated|\n|rule|Species Clause: Limit one of each Pok\u00e9mon\n|rule|HP Percentage Mod: HP is shown in percentages\n|rule|Sleep Clause Mod: Limit one foe put to sleep\n|rule|Illusion Level Mod: Illusion disguises the Pok\u00e9mon's true level\n|\n|t:|1782914416\n|teamsize|p1|6\n|teamsize|p2|6\n|start\n|switch|p1a: Poliwrath|Poliwrath, L88, F|302/302\n|switch|p2a: Noctowl|Noctowl, L95, M|344/344\n|turn|1\n|inactive|Battle timer is ON: inactive players will automatically lose when time's up. (requested by PimpSugar)\n|\n|t:|1782914439\n|switch|p1a: Excadrill|Excadrill, L79, F|303/303\n|-ability|p1a: Excadrill|Mold Breaker\n|move|p2a: Noctowl|Calm Mind|p2a: Noctowl\n|-boost|p2a: Noctowl|spa|1\n|-boost|p2a: Noctowl|spd|1\n|\n|upkeep\n|turn|2\n|\n|t:|1782914453\n|switch|p2a: Archaludon|Archaludon, L78, F|268/268\n|move|p1a: Excadrill|Rock Slide|p2a: Archaludon\n|-resisted|p2a: Archaludon\n|-damage|p2a: Archaludon|245/268\n|-ability|p2a: Archaludon|Stamina|boost\n|-boost|p2a: Archaludon|def|1\n|\n|upkeep\n|turn|3\n|\n|t:|1782914463\n|move|p1a: Excadrill|Earthquake|p2a: Archaludon\n|-supereffective|p2a: Archaludon\n|-damage|p2a: Archaludon|123/268\n|-ability|p2a: Archaludon|Stamina|boost\n|-boost|p2a: Archaludon|def|1\n|move|p2a: Archaludon|Earthquake|p1a: Excadrill\n|-supereffective|p1a: Excadrill\n|-damage|p1a: Excadrill|133/303\n|\n|upkeep\n|turn|4\n|\n|t:|1782914473\n|move|p1a: Excadrill|Earthquake|p2a: Archaludon\n|-supereffective|p2a: Archaludon\n|-damage|p2a: Archaludon|33/268\n|-ability|p2a: Archaludon|Stamina|boost\n|-boost|p2a: Archaludon|def|1\n|move|p2a: Archaludon|Earthquake|p1a: Excadrill\n|-supereffective|p1a: Excadrill\n|-damage|p1a: Excadrill|0 fnt\n|faint|p1a: Excadrill\n|\n|upkeep\n|\n|t:|1782914491\n|switch|p1a: Chi-Yu|Chi-Yu, L77|211/211\n|-ability|p1a: Chi-Yu|Beads of Ruin\n|turn|5\n|\n|t:|1782914499\n|move|p1a: Chi-Yu|Dark Pulse|p2a: Archaludon\n|-damage|p2a: Archaludon|0 fnt\n|faint|p2a: Archaludon\n|\n|upkeep\n|\n|t:|1782914509\n|switch|p2a: Dudunsparce|Dudunsparce-Three-Segment, L83, F|343/343\n|turn|6\n|\n|t:|1782914527\n|switch|p1a: Hitmonchan|Hitmonchan, L87, M|229/229\n|move|p2a: Dudunsparce|Glare|p1a: Hitmonchan\n|-status|p1a: Hitmonchan|par\n|\n|upkeep\n|turn|7\n|\n|t:|1782914536\n|move|p2a: Dudunsparce|Headbutt|p1a: Hitmonchan\n|-damage|p1a: Hitmonchan|151/229 par\n|cant|p1a: Hitmonchan|par\n|\n|-heal|p1a: Hitmonchan|165/229 par|[from] item: Leftovers\n|upkeep\n|turn|8\n|\n|t:|1782914542\n|move|p2a: Dudunsparce|Headbutt|p1a: Hitmonchan\n|-damage|p1a: Hitmonchan|87/229 par\n|cant|p1a: Hitmonchan|flinch\n|\n|-heal|p1a: Hitmonchan|101/229 par|[from] item: Leftovers\n|upkeep\n|turn|9\n|\n|t:|1782914548\n|move|p2a: Dudunsparce|Headbutt|p1a: Hitmonchan\n|-damage|p1a: Hitmonchan|23/229 par\n|cant|p1a: Hitmonchan|flinch\n|\n|-heal|p1a: Hitmonchan|37/229 par|[from] item: Leftovers\n|upkeep\n|turn|10\n|c|\u2606Capybeooo|bruh\n|\n|t:|1782914561\n|move|p2a: Dudunsparce|Headbutt|p1a: Hitmonchan\n|-damage|p1a: Hitmonchan|0 fnt\n|faint|p1a: Hitmonchan\n|\n|upkeep\n|c|\u2606PimpSugar|!dt serene grace\n|c|\u2606PimpSugar|/raw <ul class=\"utilichart\"><li class=\"result\"><span class=\"col namecol\"><a href=\"https://dex.pokemonshowdown.com/abilities/serenegrace\">Serene Grace</a></span> <span class=\"col abilitydesccol\">This Pokemon's moves have their secondary effect chance doubled.</span> </li><li style=\"clear:both\"></li></ul>\n|c|\u2606PimpSugar|/raw <font size=\"1\"><font color=\"#686868\">Gen:</font> 3</font>\n\n|\n|t:|1782914568\n|switch|p1a: Poliwrath|Poliwrath, L88, F|302/302\n|turn|11\n|c|\u2606PimpSugar|lol\n|\n|t:|1782914574\n|move|p1a: Poliwrath|Rain Dance|p1a: Poliwrath\n|-weather|RainDance\n|move|p2a: Dudunsparce|Glare|p1a: Poliwrath\n|-status|p1a: Poliwrath|par\n|\n|-weather|RainDance|[upkeep]\n|upkeep\n|turn|12\n|\n|t:|1782914580\n|move|p1a: Poliwrath|Close Combat|p2a: Dudunsparce\n|-supereffective|p2a: Dudunsparce\n|-damage|p2a: Dudunsparce|0 fnt\n|-unboost|p1a: Poliwrath|def|1\n|-unboost|p1a: Poliwrath|spd|1\n|faint|p2a: Dudunsparce\n|-damage|p1a: Poliwrath|272/302 par|[from] item: Life Orb\n|\n|-weather|RainDance|[upkeep]\n|upkeep\n|\n|t:|1782914590\n|switch|p2a: Noctowl|Noctowl, L95, M|344/344\n|turn|13\n|\n|t:|1782914603\n|move|p2a: Noctowl|Hurricane|p1a: Poliwrath\n|-supereffective|p1a: Poliwrath\n|-damage|p1a: Poliwrath|0 fnt\n|faint|p1a: Poliwrath\n|\n|-weather|RainDance|[upkeep]\n|upkeep\n|\n|t:|1782914618\n|switch|p1a: Chansey|Chansey, L85, F|564/564\n|turn|14\n|\n|t:|1782914623\n|move|p2a: Noctowl|Hurricane|p1a: Chansey\n|-damage|p1a: Chansey|482/564\n|move|p1a: Chansey|Stealth Rock|p2a: Noctowl\n|-sidestart|p2: PimpSugar|move: Stealth Rock\n|\n|-weather|RainDance|[upkeep]\n|upkeep\n|turn|15\n|\n|t:|1782914628\n|move|p2a: Noctowl|Calm Mind|p2a: Noctowl\n|-boost|p2a: Noctowl|spa|1\n|-boost|p2a: Noctowl|spd|1\n|move|p1a: Chansey|Thunder Wave|p2a: Noctowl\n|-status|p2a: Noctowl|par\n|\n|-weather|none\n|upkeep\n|turn|16\n|\n|t:|1782914635\n|move|p1a: Chansey|Seismic Toss|p2a: Noctowl\n|-damage|p2a: Noctowl|259/344 par\n|move|p2a: Noctowl|Calm Mind|p2a: Noctowl\n|-boost|p2a: Noctowl|spa|1\n|-boost|p2a: Noctowl|spd|1\n|\n|upkeep\n|turn|17\n|\n|t:|1782914642\n|move|p1a: Chansey|Seismic Toss|p2a: Noctowl\n|-damage|p2a: Noctowl|174/344 par\n|move|p2a: Noctowl|Calm Mind|p2a: Noctowl\n|-boost|p2a: Noctowl|spa|1\n|-boost|p2a: Noctowl|spd|1\n|\n|upkeep\n|turn|18\n|\n|t:|1782914648\n|move|p1a: Chansey|Seismic Toss|p2a: Noctowl\n|-damage|p2a: Noctowl|89/344 par\n|cant|p2a: Noctowl|par\n|\n|upkeep\n|turn|19\n|\n|t:|1782914654\n|-terastallize|p2a: Noctowl|Steel\n|move|p1a: Chansey|Seismic Toss|p2a: Noctowl\n|-damage|p2a: Noctowl|4/344 par\n|cant|p2a: Noctowl|par\n|\n|upkeep\n|turn|20\n|c|\u2606PimpSugar|you stupid damn owl\n|c|\u2606PimpSugar|why didn't you roost\n|\n|t:|1782914667\n|move|p1a: Chansey|Seismic Toss|p2a: Noctowl\n|-damage|p2a: Noctowl|0 fnt\n|faint|p2a: Noctowl\n|\n|upkeep\n|\n|t:|1782914675\n|switch|p2a: Flapple|Flapple, L88, M|266/266\n|-damage|p2a: Flapple|233/266|[from] Stealth Rock\n|turn|21\n|\n|t:|1782914682\n|move|p2a: Flapple|Grav Apple|p1a: Chansey\n|-damage|p1a: Chansey|134/564\n|-unboost|p1a: Chansey|def|1\n|move|p1a: Chansey|Thunder Wave|p2a: Flapple\n|-status|p2a: Flapple|par\n|-enditem|p2a: Flapple|Lum Berry|[eat]\n|-curestatus|p2a: Flapple|par|[msg]\n|\n|upkeep\n|turn|22\n|\n|t:|1782914700\n|switch|p1a: Chandelure|Chandelure, L83, M|235/235\n|move|p2a: Flapple|Grav Apple|p1a: Chandelure\n|-resisted|p1a: Chandelure\n|-damage|p1a: Chandelure|157/235\n|-unboost|p1a: Chandelure|def|1\n|\n|upkeep\n|turn|23\n|\n|t:|1782914718\n|move|p1a: Chandelure|Fire Blast|p2a: Flapple\n|-damage|p2a: Flapple|40/266\n|move|p2a: Flapple|Outrage|p1a: Chandelure\n|-damage|p1a: Chandelure|0 fnt\n|faint|p1a: Chandelure\n|\n|upkeep\n|\n|t:|1782914726\n|switch|p1a: Chi-Yu|Chi-Yu, L77|211/211\n|-ability|p1a: Chi-Yu|Beads of Ruin\n|turn|24\n|\n|t:|1782914735\n|move|p1a: Chi-Yu|Dark Pulse|p2a: Flapple\n|-damage|p2a: Flapple|0 fnt\n|faint|p2a: Flapple\n|\n|upkeep\n|\n|t:|1782914739\n|switch|p2a: Iron Bundle|Iron Bundle, L78|215/215\n|-damage|p2a: Iron Bundle|162/215|[from] Stealth Rock\n|turn|25\n|\n|t:|1782914746\n|-terastallize|p1a: Chi-Yu|Dark\n|move|p1a: Chi-Yu|Dark Pulse|p2a: Iron Bundle\n|-damage|p2a: Iron Bundle|0 fnt\n|faint|p2a: Iron Bundle\n|-end|p2a: Iron Bundle|Quark Drive|[silent]\n|\n|upkeep\n|\n|t:|1782914751\n|switch|p2a: Iron Leaves|Iron Leaves, L80|275/275\n|-damage|p2a: Iron Leaves|241/275|[from] Stealth Rock\n|turn|26\n|\n|t:|1782914756\n|move|p1a: Chi-Yu|Dark Pulse|p2a: Iron Leaves\n|-supereffective|p2a: Iron Leaves\n|-damage|p2a: Iron Leaves|0 fnt\n|faint|p2a: Iron Leaves\n|-end|p2a: Iron Leaves|Quark Drive|[silent]\n|\n|win|Capybeooo\n", "inputlog": ">version f8ac14003a5f27e1bdc8d8c59608a773c1cb96e5\n>start {\"formatid\":\"gen9randombattle\",\"seed\":\"sodium,7edb5bd4324f896302a547b2377f6b73\",\"rated\":\"Rated battle\"}\n>player p1 {\"name\":\"Capybeooo\",\"avatar\":\"hiker-gen4\",\"rating\":1413,\"seed\":\"sodium,e29b1b5b225eacc1d702b8a375d0b34c\"}\n>player p2 {\"name\":\"PimpSugar\",\"avatar\":\"red-gen2\",\"rating\":1365,\"seed\":\"sodium,85ea64da5024d9d998f41739dff81cf6\"}\n>p1 switch 2\n>p2 move calmmind\n>p1 move rockslide\n>p2 switch 2\n>p1 move earthquake\n>p2 move earthquake\n>p1 move earthquake\n>p2 move earthquake\n>p1 switch 3\n>p1 move darkpulse\n>p2 move earthquake\n>p2 switch 5\n>p1 switch 6\n>p2 move glare\n>p1 move drainpunch\n>p2 move headbutt\n>p1 move drainpunch\n>p2 move headbutt\n>p1 move drainpunch\n>p2 move headbutt\n>chat \u2606Capybeooo|bruh\n>p1 move drainpunch\n>p2 move headbutt\n>chat \u2606PimpSugar|!dt serene grace\n>p1 switch 2\n>chat \u2606PimpSugar|lol\n>p1 move raindance\n>p2 move glare\n>p1 move closecombat\n>p2 move headbutt\n>p2 switch 2\n>p1 move liquidation\n>p2 move hurricane\n>p1 switch 5\n>p1 move stealthrock\n>p2 move hurricane\n>p1 move thunderwave\n>p2 move calmmind\n>p1 move seismictoss\n>p2 move calmmind\n>p1 move seismictoss\n>p2 move calmmind\n>p1 move seismictoss\n>p2 move hypervoice\n>p1 move seismictoss\n>p2 move roost terastallize\n>chat \u2606PimpSugar|you stupid damn owl\n>chat \u2606PimpSugar|why didn't you roost\n>p1 move seismictoss\n>p2 move hypervoice\n>p2 switch 3\n>p1 move thunderwave\n>p2 move gravapple\n>p1 switch 4\n>p2 move gravapple\n>p1 move fireblast\n>p2 move outrage\n>p1 switch 6\n>p1 move darkpulse\n>p2 move outrage\n>p2 switch 6\n>p1 move darkpulse terastallize\n>p2 move hydropump\n>p2 switch 4\n>p1 move darkpulse\n>p2 move closecombat", "uploadtime": 1782914664, "views": 2, "formatid": "gen9randombattle", "rating": null, "private": 0, "password": null, "player_dets": [{"name": "Capybeooo", "avatar": "hiker-gen4", "rating": 1413, "seed": "sodium,e29b1b5b225eacc1d702b8a375d0b34c"}, {"name": "PimpSugar", "avatar": "red-gen2", "rating": 1365, "seed": "sodium,85ea64da5024d9d998f41739dff81cf6"}], "teams_full": [{"Poliwrath": {"name": "Poliwrath", "species": "Poliwrath", "speciesId": "poliwrath", "gender": "F", "shiny": false, "level": 88, "moves": ["liquidation", "raindance", "closecombat", "knockoff"], "ability": "Swift Swim", "evs": {"hp": 85, "atk": 85, "def": 85, "spa": 85, "spd": 85, "spe": 85}, "ivs": {"hp": 31, "atk": 31, "def": 31, "spa": 31, "spd": 31, "spe": 31}, "item": "Life Orb", "teraType": "Water", "role": "Setup Sweeper", "bvs": {"hp": 90, "atk": 95, "def": 95, "spa": 70, "spd": 90, "spe": 70}, "stats": {"hp": 302, "atk": 217, "def": 217, "spa": 173, "spd": 209, "spe": 173}, "types": ["Water", "Fighting"]}, "Excadrill": {"name": "Excadrill", "species": "Excadrill", "speciesId": "excadrill", "gender": "F", "shiny": false, "level": 79, "moves": ["earthquake", "rapidspin", "ironhead", "rockslide"], "ability": "Mold Breaker", "evs": {"hp": 85, "atk": 85, "def": 85, "spa": 85, "spd": 85, "spe": 85}, "ivs": {"hp": 31, "atk": 31, "def": 31, "spa": 31, "spd": 31, "spe": 31}, "item": "Assault Vest", "teraType": "Grass", "role": "AV Pivot", "bvs": {"hp": 110, "atk": 135, "def": 60, "spa": 50, "spd": 65, "spe": 88}, "stats": {"hp": 303, "atk": 259, "def": 140, "spa": 125, "spd": 148, "spe": 185}, "types": ["Ground", "Steel"]}, "Chi-Yu": {"name": "Chi-Yu", "species": "Chi-Yu", "speciesId": "chiyu", "gender": "N", "shiny": false, "level": 77, "moves": ["darkpulse", "flamethrower", "overheat", "psychic"], "ability": "Beads of Ruin", "evs": {"hp": 85, "atk": 0, "def": 85, "spa": 85, "spd": 85, "spe": 85}, "ivs": {"hp": 31, "atk": 0, "def": 31, "spa": 31, "spd": 31, "spe": 31}, "item": "Choice Scarf", "teraType": "Dark", "role": "Fast Attacker", "bvs": {"hp": 55, "atk": 80, "def": 80, "spa": 135, "spd": 120, "spe": 100}, "stats": {"hp": 211, "atk": 128, "def": 168, "spa": 252, "spd": 229, "spe": 199}, "types": ["Dark", "Fire"]}, "Chandelure": {"name": "Chandelure", "species": "Chandelure", "speciesId": "chandelure", "gender": "M", "shiny": false, "level": 83, "moves": ["shadowball", "fireblast", "energyball", "trick"], "ability": "Flash Fire", "evs": {"hp": 85, "atk": 0, "def": 85, "spa": 85, "spd": 85, "spe": 85}, "ivs": {"hp": 31, "atk": 0, "def": 31, "spa": 31, "spd": 31, "spe": 31}, "item": "Choice Scarf", "teraType": "Grass", "role": "Fast Attacker", "bvs": {"hp": 60, "atk": 55, "def": 90, "spa": 145, "spd": 90, "spe": 80}, "stats": {"hp": 235, "atk": 96, "def": 197, "spa": 288, "spd": 197, "spe": 180}, "types": ["Ghost", "Fire"]}, "Chansey": {"name": "Chansey", "species": "Chansey", "speciesId": "chansey", "gender": "F", "shiny": false, "level": 85, "moves": ["stealthrock", "seismictoss", "softboiled", "thunderwave"], "ability": "Natural Cure", "evs": {"hp": 85, "atk": 0, "def": 85, "spa": 85, "spd": 85, "spe": 85}, "ivs": {"hp": 31, "atk": 0, "def": 31, "spa": 31, "spd": 31, "spe": 31}, "item": "Eviolite", "teraType": "Poison", "role": "Bulky Support", "bvs": {"hp": 250, "atk": 5, "def": 5, "spa": 35, "spd": 105, "spe": 50}, "stats": {"hp": 564, "atk": 13, "def": 57, "spa": 108, "spd": 227, "spe": 134}, "types": ["Normal"]}, "Hitmonchan": {"name": "Hitmonchan", "species": "Hitmonchan", "speciesId": "hitmonchan", "gender": "M", "shiny": false, "level": 87, "moves": ["bulkup", "poisonjab", "knockoff", "drainpunch"], "ability": "Iron Fist", "evs": {"hp": 85, "atk": 85, "def": 85, "spa": 85, "spd": 85, "spe": 85}, "ivs": {"hp": 31, "atk": 31, "def": 31, "spa": 31, "spd": 31, "spe": 31}, "item": "Leftovers", "teraType": "Poison", "role": "Bulky Setup", "bvs": {"hp": 50, "atk": 105, "def": 79, "spa": 35, "spd": 110, "spe": 76}, "stats": {"hp": 229, "atk": 232, "def": 187, "spa": 111, "spd": 241, "spe": 182}, "types": ["Fighting"]}}, {"Noctowl": {"name": "Noctowl", "species": "Noctowl", "speciesId": "noctowl", "gender": "M", "shiny": false, "level": 95, "moves": ["calmmind", "hurricane", "roost", "hypervoice"], "ability": "Tinted Lens", "evs": {"hp": 85, "atk": 0, "def": 85, "spa": 85, "spd": 85, "spe": 85}, "ivs": {"hp": 31, "atk": 0, "def": 31, "spa": 31, "spd": 31, "spe": 31}, "item": "Heavy-Duty Boots", "teraType": "Steel", "role": "Bulky Attacker", "bvs": {"hp": 100, "atk": 50, "def": 50, "spa": 86, "spd": 96, "spe": 70}, "stats": {"hp": 344, "atk": 100, "def": 149, "spa": 217, "spd": 236, "spe": 187}, "types": ["Normal", "Flying"]}, "Archaludon": {"name": "Archaludon", "species": "Archaludon", "speciesId": "archaludon", "gender": "F", "shiny": false, "level": 78, "moves": ["earthquake", "ironhead", "swordsdance", "outrage"], "ability": "Stamina", "evs": {"hp": 85, "atk": 85, "def": 85, "spa": 85, "spd": 85, "spe": 85}, "ivs": {"hp": 31, "atk": 31, "def": 31, "spa": 31, "spd": 31, "spe": 31}, "item": "Lum Berry", "teraType": "Ground", "role": "Bulky Setup", "bvs": {"hp": 90, "atk": 105, "def": 130, "spa": 125, "spd": 65, "spe": 85}, "stats": {"hp": 268, "atk": 209, "def": 248, "spa": 240, "spd": 146, "spe": 178}, "types": ["Steel", "Dragon"]}, "Flapple": {"name": "Flapple", "species": "Flapple", "speciesId": "flapple", "gender": "M", "shiny": false, "level": 88, "moves": ["dragondance", "gravapple", "outrage", "terablast"], "ability": "Hustle", "evs": {"hp": 85, "atk": 85, "def": 85, "spa": 85, "spd": 85, "spe": 85}, "ivs": {"hp": 31, "atk": 31, "def": 31, "spa": 31, "spd": 31, "spe": 31}, "item": "Lum Berry", "teraType": "Fire", "role": "Tera Blast user", "bvs": {"hp": 70, "atk": 110, "def": 80, "spa": 95, "spd": 60, "spe": 70}, "stats": {"hp": 266, "atk": 244, "def": 191, "spa": 217, "spd": 156, "spe": 173}, "types": ["Grass", "Dragon"]}, "Iron Leaves": {"name": "Iron Leaves", "species": "Iron Leaves", "speciesId": "ironleaves", "gender": "N", "shiny": false, "level": 80, "moves": ["psyblade", "leafblade", "closecombat", "swordsdance"], "ability": "Quark Drive", "evs": {"hp": 85, "atk": 85, "def": 85, "spa": 85, "spd": 85, "spe": 85}, "ivs": {"hp": 31, "atk": 31, "def": 31, "spa": 31, "spd": 31, "spe": 31}, "item": "Life Orb", "teraType": "Fighting", "role": "Wallbreaker", "bvs": {"hp": 90, "atk": 130, "def": 88, "spa": 70, "spd": 108, "spe": 104}, "stats": {"hp": 275, "atk": 254, "def": 187, "spa": 158, "spd": 219, "spe": 213}, "types": ["Grass", "Psychic"]}, "Dudunsparce": {"name": "Dudunsparce", "species": "Dudunsparce-Three-Segment", "speciesId": "dudunsparce", "gender": "F", "shiny": false, "level": 83, "moves": ["headbutt", "roost", "earthquake", "glare"], "ability": "Serene Grace", "evs": {"hp": 85, "atk": 85, "def": 85, "spa": 85, "spd": 85, "spe": 85}, "ivs": {"hp": 31, "atk": 31, "def": 31, "spa": 31, "spd": 31, "spe": 31}, "item": "Leftovers", "teraType": "Ghost", "role": "Bulky Support", "bvs": {"hp": 125, "atk": 100, "def": 80, "spa": 85, "spd": 75, "spe": 55}, "stats": {"hp": 343, "atk": 214, "def": 180, "spa": 189, "spd": 172, "spe": 139}, "types": ["Normal"]}, "Iron Bundle": {"name": "Iron Bundle", "species": "Iron Bundle", "speciesId": "ironbundle", "gender": "N", "shiny": false, "level": 78, "moves": ["freezedry", "icebeam", "hydropump", "flipturn"], "ability": "Quark Drive", "evs": {"hp": 85, "atk": 85, "def": 85, "spa": 85, "spd": 85, "spe": 85}, "ivs": {"hp": 31, "atk": 31, "def": 31, "spa": 31, "spd": 31, "spe": 31}, "item": "Choice Specs", "teraType": "Water", "role": "Fast Attacker", "bvs": {"hp": 56, "atk": 80, "def": 114, "spa": 124, "spd": 60, "spe": 136}, "stats": {"hp": 215, "atk": 170, "def": 223, "spa": 239, "spd": 139, "spe": 257}, "types": ["Ice", "Water"]}}]}