{"id": "gen9randombattle-2641965445", "format": "[Gen 9] Random Battle", "players": ["Captain25", "TheFineMantine"], "log": "|j|\u2606Captain25\n|j|\u2606TheFineMantine\n|t:|1782865876\n|gametype|singles\n|player|p1|Captain25|brycenman|1921\n|player|p2|TheFineMantine|sordward|1890\n|gen|9\n|tier|[Gen 9] Random Battle\n|rated|\n|rule|Species Clause: Limit one of each Pok\u00e9mon\n|rule|HP Percentage Mod: HP is shown in percentages\n|rule|Sleep Clause Mod: Limit one foe put to sleep\n|rule|Illusion Level Mod: Illusion disguises the Pok\u00e9mon's true level\n|\n|t:|1782865876\n|teamsize|p1|6\n|teamsize|p2|6\n|start\n|switch|p1a: Donphan|Donphan, L84, F|288/288\n|switch|p2a: Avalugg|Avalugg-Hisui, L90, M|317/317\n|turn|1\n|inactive|Battle timer is ON: inactive players will automatically lose when time's up. (requested by Captain25)\n|\n|t:|1782865886\n|switch|p1a: Wigglytuff|Wigglytuff, L96, M|424/424\n|move|p2a: Avalugg|Avalanche|p1a: Wigglytuff\n|-damage|p1a: Wigglytuff|306/424\n|\n|-heal|p1a: Wigglytuff|332/424|[from] item: Leftovers\n|upkeep\n|turn|2\n|\n|t:|1782865895\n|move|p1a: Wigglytuff|Knock Off|p2a: Avalugg\n|-damage|p2a: Avalugg|283/317\n|-enditem|p2a: Avalugg|Heavy-Duty Boots|[from] move: Knock Off|[of] p1a: Wigglytuff\n|move|p2a: Avalugg|Avalanche|p1a: Wigglytuff\n|-damage|p1a: Wigglytuff|83/424\n|\n|-heal|p1a: Wigglytuff|109/424|[from] item: Leftovers\n|upkeep\n|turn|3\n|\n|t:|1782865907\n|move|p1a: Wigglytuff|Fire Blast|p2a: Avalugg|[miss]\n|-miss|p1a: Wigglytuff|p2a: Avalugg\n|move|p2a: Avalugg|Avalanche|p1a: Wigglytuff\n|-damage|p1a: Wigglytuff|0 fnt\n|faint|p1a: Wigglytuff\n|\n|upkeep\n|\n|t:|1782865911\n|switch|p1a: Dragapult|Dragapult, L77, M|262/262\n|turn|4\n|\n|t:|1782865917\n|move|p1a: Dragapult|Shadow Ball|p2a: Avalugg\n|-damage|p2a: Avalugg|102/317\n|move|p2a: Avalugg|Avalanche|p1a: Dragapult\n|-supereffective|p1a: Dragapult\n|-damage|p1a: Dragapult|0 fnt\n|faint|p1a: Dragapult\n|\n|upkeep\n|\n|t:|1782865922\n|switch|p1a: Bruxish|Bruxish, L85, F|254/254\n|turn|5\n|\n|t:|1782865926\n|move|p1a: Bruxish|Wave Crash|p2a: Avalugg\n|-supereffective|p2a: Avalugg\n|-damage|p2a: Avalugg|0 fnt\n|faint|p2a: Avalugg\n|-damage|p1a: Bruxish|220/254|[from] Recoil\n|\n|upkeep\n|\n|t:|1782865941\n|switch|p2a: Dedenne|Dedenne, L88, M|261/261\n|turn|6\n|\n|t:|1782865949\n|switch|p1a: Donphan|Donphan, L84, F|288/288\n|move|p2a: Dedenne|Thunderbolt|p1a: Donphan\n|-immune|p1a: Donphan\n|\n|upkeep\n|turn|7\n|\n|t:|1782865955\n|switch|p2a: Azumarill|Azumarill, L82, F|298/298\n|move|p1a: Donphan|Stealth Rock|p2a: Azumarill\n|-sidestart|p2: TheFineMantine|move: Stealth Rock\n|\n|upkeep\n|turn|8\n|\n|t:|1782865960\n|switch|p1a: Sawsbuck|Sawsbuck-Summer, L88, M|284/284\n|move|p2a: Azumarill|Liquidation|p1a: Sawsbuck\n|-resisted|p1a: Sawsbuck\n|-damage|p1a: Sawsbuck|192/284\n|\n|upkeep\n|turn|9\n|\n|t:|1782865987\n|switch|p2a: Dedenne|Dedenne, L88, M|261/261\n|-damage|p2a: Dedenne|229/261|[from] Stealth Rock\n|move|p1a: Sawsbuck|Horn Leech|p2a: Dedenne\n|-damage|p2a: Dedenne|72/261\n|-heal|p1a: Sawsbuck|271/284|[from] drain|[of] p2a: Dedenne\n|-enditem|p2a: Dedenne|Sitrus Berry|[eat]\n|-heal|p2a: Dedenne|137/261|[from] item: Sitrus Berry\n|-heal|p2a: Dedenne|224/261|[from] ability: Cheek Pouch\n|-damage|p1a: Sawsbuck|243/284|[from] item: Life Orb\n|\n|upkeep\n|turn|10\n|\n|t:|1782865999\n|switch|p1a: Donphan|Donphan, L84, F|288/288\n|move|p2a: Dedenne|Super Fang|p1a: Donphan\n|-damage|p1a: Donphan|144/288\n|\n|-heal|p1a: Donphan|162/288|[from] item: Leftovers\n|upkeep\n|turn|11\n|\n|t:|1782866006\n|switch|p2a: Azumarill|Azumarill, L82, F|298/298\n|-damage|p2a: Azumarill|261/298|[from] Stealth Rock\n|move|p1a: Donphan|Earthquake|p2a: Azumarill\n|-damage|p2a: Azumarill|114/298\n|\n|-heal|p1a: Donphan|180/288|[from] item: Leftovers\n|upkeep\n|turn|12\n|\n|t:|1782866014\n|switch|p1a: Sawsbuck|Sawsbuck-Summer, L88, M|243/284\n|move|p2a: Azumarill|Aqua Jet|p1a: Sawsbuck\n|-resisted|p1a: Sawsbuck\n|-damage|p1a: Sawsbuck|200/284\n|\n|upkeep\n|turn|13\n|\n|t:|1782866021\n|switch|p2a: Heracross|Heracross, L80, M|259/259\n|-damage|p2a: Heracross|227/259|[from] Stealth Rock\n|move|p1a: Sawsbuck|Horn Leech|p2a: Heracross\n|-resisted|p2a: Heracross\n|-damage|p2a: Heracross|157/259\n|-heal|p1a: Sawsbuck|235/284|[from] drain|[of] p2a: Heracross\n|-damage|p1a: Sawsbuck|207/284|[from] item: Life Orb\n|\n|upkeep\n|turn|14\n|\n|t:|1782866035\n|move|p2a: Heracross|Megahorn|p1a: Sawsbuck\n|-supereffective|p1a: Sawsbuck\n|-damage|p1a: Sawsbuck|0 fnt\n|faint|p1a: Sawsbuck\n|-ability|p2a: Heracross|Moxie|boost\n|-boost|p2a: Heracross|atk|1\n|\n|upkeep\n|inactive|Captain25 has 120 seconds left.\n|\n|t:|1782866069\n|switch|p1a: Beartic|Beartic, L91, F|321/321\n|turn|15\n|\n|t:|1782866074\n|switch|p2a: Azumarill|Azumarill, L82, F|114/298\n|-damage|p2a: Azumarill|77/298|[from] Stealth Rock\n|-terastallize|p1a: Beartic|Fighting\n|move|p1a: Beartic|Icicle Crash|p2a: Azumarill\n|-resisted|p2a: Azumarill\n|-damage|p2a: Azumarill|0 fnt\n|faint|p2a: Azumarill\n|\n|upkeep\n|\n|t:|1782866078\n|switch|p2a: Dedenne|Dedenne, L88, M|224/261\n|-damage|p2a: Dedenne|192/261|[from] Stealth Rock\n|turn|16\n|\n|t:|1782866083\n|switch|p1a: Donphan|Donphan, L84, F|180/288\n|move|p2a: Dedenne|Dazzling Gleam|p1a: Donphan\n|-damage|p1a: Donphan|69/288\n|\n|-heal|p1a: Donphan|87/288|[from] item: Leftovers\n|upkeep\n|turn|17\n|\n|t:|1782866096\n|move|p2a: Dedenne|Dazzling Gleam|p1a: Donphan\n|-crit|p1a: Donphan\n|-damage|p1a: Donphan|0 fnt\n|faint|p1a: Donphan\n|\n|upkeep\n|\n|t:|1782866098\n|switch|p1a: Beartic|Beartic, L91, F, tera:Fighting|321/321\n|turn|18\n|l|\u2606TheFineMantine\n|inactive|TheFineMantine disconnected and has a minute to reconnect!\n|player|p2|\n|j|\u2606TheFineMantine\n|inactive|TheFineMantine reconnected and has 115 seconds left.\n|player|p2|TheFineMantine|sordward|\n|\n|t:|1782866142\n|move|p2a: Dedenne|Dazzling Gleam|p1a: Beartic\n|-supereffective|p1a: Beartic\n|-damage|p1a: Beartic|159/321\n|move|p1a: Beartic|Earthquake|p2a: Dedenne\n|-supereffective|p2a: Dedenne\n|-damage|p2a: Dedenne|0 fnt\n|faint|p2a: Dedenne\n|\n|upkeep\n|\n|t:|1782866151\n|switch|p2a: Venomoth|Venomoth, L84, M|255/255\n|turn|19\n|\n|t:|1782866157\n|move|p2a: Venomoth|Sleep Powder|p1a: Beartic|[miss]\n|-miss|p2a: Venomoth|p1a: Beartic\n|move|p1a: Beartic|Earthquake|p2a: Venomoth\n|-damage|p2a: Venomoth|40/255\n|\n|upkeep\n|turn|20\n|\n|t:|1782866170\n|switch|p1a: Bruxish|Bruxish, L85, F|220/254\n|move|p2a: Venomoth|Sleep Powder|p1a: Bruxish|[miss]\n|-miss|p2a: Venomoth|p1a: Bruxish\n|\n|upkeep\n|turn|21\n|\n|t:|1782866183\n|move|p1a: Bruxish|Wave Crash|p2a: Venomoth\n|-damage|p2a: Venomoth|0 fnt\n|faint|p2a: Venomoth\n|-damage|p1a: Bruxish|207/254|[from] Recoil\n|\n|upkeep\n|\n|t:|1782866188\n|switch|p2a: Archaludon|Archaludon, L78, M|268/268\n|-damage|p2a: Archaludon|252/268|[from] Stealth Rock\n|turn|22\n|\n|t:|1782866198\n|move|p1a: Bruxish|Wave Crash|p2a: Archaludon\n|-resisted|p2a: Archaludon\n|-damage|p2a: Archaludon|166/268\n|-ability|p2a: Archaludon|Stamina|boost\n|-boost|p2a: Archaludon|def|1\n|-damage|p1a: Bruxish|179/254|[from] Recoil\n|move|p2a: Archaludon|Thunderbolt|p1a: Bruxish\n|-supereffective|p1a: Bruxish\n|-damage|p1a: Bruxish|27/254\n|\n|upkeep\n|turn|23\n|\n|t:|1782866208\n|move|p1a: Bruxish|Wave Crash|p2a: Archaludon\n|-resisted|p2a: Archaludon\n|-damage|p2a: Archaludon|112/268\n|-ability|p2a: Archaludon|Stamina|boost\n|-boost|p2a: Archaludon|def|1\n|-damage|p1a: Bruxish|9/254|[from] Recoil\n|move|p2a: Archaludon|Flash Cannon|p1a: Bruxish\n|-resisted|p1a: Bruxish\n|-damage|p1a: Bruxish|0 fnt\n|faint|p1a: Bruxish\n|\n|upkeep\n|-message|Captain25 forfeited.\n|\n|win|TheFineMantine\n|raw|Captain25's rating: 1921 &rarr; <strong>1899</strong><br />(-22 for losing)\n|raw|TheFineMantine's rating: 1890 &rarr; <strong>1912</strong><br />(+22 for winning)\n", "inputlog": ">version f8ac14003a5f27e1bdc8d8c59608a773c1cb96e5\n>start {\"formatid\":\"gen9randombattle\",\"seed\":\"sodium,3dca86d7876c34590539eb19c57cc274\",\"rated\":\"Rated battle\"}\n>player p1 {\"name\":\"Captain25\",\"avatar\":\"brycenman\",\"rating\":1921,\"seed\":\"sodium,01fca96aad9434c3fcf88fc681e4f77c\"}\n>player p2 {\"name\":\"TheFineMantine\",\"avatar\":\"sordward\",\"rating\":1890,\"seed\":\"sodium,07c561031e43e47ccefefccc66d90888\"}\n>p1 switch 6\n>p2 move avalanche\n>p1 move knockoff\n>p2 move avalanche\n>p1 move fireblast\n>p2 move avalanche\n>p1 switch 3\n>p1 move shadowball\n>p2 move avalanche\n>p1 switch 4\n>p1 move wavecrash\n>p2 move stoneedge\n>p2 switch 6\n>p1 switch 6\n>p2 move thunderbolt\n>p1 move stealthrock\n>p2 switch 5\n>p1 switch 2\n>p2 move liquidation\n>p1 move hornleech\n>p2 switch 5\n>p1 switch 2\n>p2 move superfang\n>p1 move earthquake\n>p2 switch 5\n>p1 switch 2\n>p2 move aquajet\n>p1 move hornleech\n>p2 switch 3\n>p1 move headbutt\n>p2 move megahorn\n>p1 switch 5\n>p1 move iciclecrash terastallize\n>p2 switch 3\n>p2 switch 5\n>p1 switch 2\n>p2 move dazzlinggleam\n>p1 move rapidspin\n>p2 move dazzlinggleam\n>p1 switch 2\n>p1 move earthquake\n>p2 move dazzlinggleam\n>p2 switch 2\n>p1 move earthquake\n>p2 move sleeppowder\n>p1 switch 6\n>p2 move sleeppowder\n>p1 move wavecrash\n>p2 move bugbuzz\n>p2 switch 4\n>p1 move wavecrash\n>p2 move thunderbolt\n>p1 move wavecrash\n>p2 move flashcannon\n>forcelose p1", "uploadtime": 1782866213, "views": 4, "formatid": "gen9randombattle", "rating": 1899, "private": 0, "password": null, "player_dets": [{"name": "Captain25", "avatar": "brycenman", "rating": 1921, "seed": "sodium,01fca96aad9434c3fcf88fc681e4f77c"}, {"name": "TheFineMantine", "avatar": "sordward", "rating": 1890, "seed": "sodium,07c561031e43e47ccefefccc66d90888"}], "teams_full": [{"Donphan": {"name": "Donphan", "species": "Donphan", "speciesId": "donphan", "gender": "F", "shiny": false, "level": 84, "moves": ["rapidspin", "earthquake", "knockoff", "stealthrock"], "ability": "Sturdy", "evs": {"hp": 85, "atk": 85, "def": 85, "spa": 85, "spd": 85, "spe": 85}, "ivs": {"hp": 31, "atk": 31, "def": 31, "spa": 31, "spd": 31, "spe": 31}, "item": "Leftovers", "teraType": "Water", "role": "Bulky Support", "bvs": {"hp": 90, "atk": 120, "def": 120, "spa": 60, "spd": 60, "spe": 50}, "stats": {"hp": 288, "atk": 250, "def": 250, "spa": 149, "spd": 149, "spe": 132}, "types": ["Ground"]}, "Sawsbuck": {"name": "Sawsbuck", "species": "Sawsbuck-Summer", "speciesId": "sawsbuck", "gender": "M", "shiny": false, "level": 88, "moves": ["swordsdance", "headbutt", "hornleech", "highhorsepower"], "ability": "Serene Grace", "evs": {"hp": 85, "atk": 85, "def": 85, "spa": 85, "spd": 85, "spe": 85}, "ivs": {"hp": 31, "atk": 31, "def": 31, "spa": 31, "spd": 31, "spe": 31}, "item": "Life Orb", "teraType": "Normal", "role": "Fast Attacker", "bvs": {"hp": 80, "atk": 100, "def": 70, "spa": 60, "spd": 70, "spe": 95}, "stats": {"hp": 284, "atk": 226, "def": 173, "spa": 156, "spd": 173, "spe": 217}, "types": ["Normal", "Grass"]}, "Dragapult": {"name": "Dragapult", "species": "Dragapult", "speciesId": "dragapult", "gender": "M", "shiny": false, "level": 77, "moves": ["uturn", "shadowball", "fireblast", "dracometeor"], "ability": "Infiltrator", "evs": {"hp": 85, "atk": 85, "def": 85, "spa": 85, "spd": 85, "spe": 85}, "ivs": {"hp": 31, "atk": 31, "def": 31, "spa": 31, "spd": 31, "spe": 31}, "item": "Choice Specs", "teraType": "Fire", "role": "Fast Attacker", "bvs": {"hp": 88, "atk": 120, "def": 75, "spa": 100, "spd": 75, "spe": 142}, "stats": {"hp": 262, "atk": 229, "def": 160, "spa": 199, "spd": 160, "spe": 263}, "types": ["Dragon", "Ghost"]}, "Bruxish": {"name": "Bruxish", "species": "Bruxish", "speciesId": "bruxish", "gender": "F", "shiny": false, "level": 85, "moves": ["wavecrash", "icefang", "psychicfangs", "crunch"], "ability": "Strong Jaw", "evs": {"hp": 85, "atk": 85, "def": 85, "spa": 85, "spd": 85, "spe": 85}, "ivs": {"hp": 31, "atk": 31, "def": 31, "spa": 31, "spd": 31, "spe": 31}, "item": "Choice Band", "teraType": "Dark", "role": "Fast Attacker", "bvs": {"hp": 68, "atk": 105, "def": 70, "spa": 70, "spd": 70, "spe": 92}, "stats": {"hp": 254, "atk": 227, "def": 168, "spa": 168, "spd": 168, "spe": 205}, "types": ["Water", "Psychic"]}, "Beartic": {"name": "Beartic", "species": "Beartic", "speciesId": "beartic", "gender": "F", "shiny": false, "level": 91, "moves": ["closecombat", "earthquake", "aquajet", "iciclecrash"], "ability": "Swift Swim", "evs": {"hp": 85, "atk": 85, "def": 85, "spa": 85, "spd": 85, "spe": 85}, "ivs": {"hp": 31, "atk": 31, "def": 31, "spa": 31, "spd": 31, "spe": 31}, "item": "Choice Band", "teraType": "Fighting", "role": "Wallbreaker", "bvs": {"hp": 95, "atk": 130, "def": 80, "spa": 70, "spd": 80, "spe": 50}, "stats": {"hp": 321, "atk": 288, "def": 197, "spa": 179, "spd": 197, "spe": 143}, "types": ["Ice"]}, "Wigglytuff": {"name": "Wigglytuff", "species": "Wigglytuff", "speciesId": "wigglytuff", "gender": "M", "shiny": false, "level": 96, "moves": ["fireblast", "thunderwave", "alluringvoice", "knockoff"], "ability": "Competitive", "evs": {"hp": 85, "atk": 85, "def": 85, "spa": 85, "spd": 85, "spe": 85}, "ivs": {"hp": 31, "atk": 31, "def": 31, "spa": 31, "spd": 31, "spe": 31}, "item": "Leftovers", "teraType": "Steel", "role": "Bulky Support", "bvs": {"hp": 140, "atk": 70, "def": 45, "spa": 85, "spd": 50, "spe": 45}, "stats": {"hp": 424, "atk": 189, "def": 141, "spa": 218, "spd": 150, "spe": 141}, "types": ["Normal", "Fairy"]}}, {"Avalugg": {"name": "Avalugg", "species": "Avalugg-Hisui", "speciesId": "avalugghisui", "gender": "M", "shiny": false, "level": 90, "moves": ["avalanche", "stoneedge", "rapidspin", "recover"], "ability": "Sturdy", "evs": {"hp": 85, "atk": 85, "def": 85, "spa": 85, "spd": 85, "spe": 85}, "ivs": {"hp": 31, "atk": 31, "def": 31, "spa": 31, "spd": 31, "spe": 31}, "item": "Heavy-Duty Boots", "teraType": "Ghost", "role": "Bulky Attacker", "bvs": {"hp": 95, "atk": 127, "def": 184, "spa": 34, "spd": 36, "spe": 38}, "stats": {"hp": 317, "atk": 280, "def": 383, "spa": 113, "spd": 116, "spe": 120}, "types": ["Ice", "Rock"]}, "Venomoth": {"name": "Venomoth", "species": "Venomoth", "speciesId": "venomoth", "gender": "M", "shiny": false, "level": 84, "moves": ["sleeppowder", "sludgewave", "bugbuzz", "quiverdance"], "ability": "Tinted Lens", "evs": {"hp": 85, "atk": 0, "def": 85, "spa": 85, "spd": 85, "spe": 85}, "ivs": {"hp": 31, "atk": 0, "def": 31, "spa": 31, "spd": 31, "spe": 31}, "item": "Heavy-Duty Boots", "teraType": "Water", "role": "Setup Sweeper", "bvs": {"hp": 70, "atk": 65, "def": 60, "spa": 90, "spd": 75, "spe": 90}, "stats": {"hp": 255, "atk": 114, "def": 149, "spa": 199, "spd": 174, "spe": 199}, "types": ["Bug", "Poison"]}, "Heracross": {"name": "Heracross", "species": "Heracross", "speciesId": "heracross", "gender": "M", "shiny": false, "level": 80, "moves": ["closecombat", "megahorn", "knockoff", "stoneedge"], "ability": "Moxie", "evs": {"hp": 85, "atk": 85, "def": 85, "spa": 85, "spd": 85, "spe": 85}, "ivs": {"hp": 31, "atk": 31, "def": 31, "spa": 31, "spd": 31, "spe": 31}, "item": "Choice Scarf", "teraType": "Rock", "role": "Fast Attacker", "bvs": {"hp": 80, "atk": 125, "def": 75, "spa": 40, "spd": 95, "spe": 85}, "stats": {"hp": 259, "atk": 246, "def": 166, "spa": 110, "spd": 198, "spe": 182}, "types": ["Bug", "Fighting"]}, "Archaludon": {"name": "Archaludon", "species": "Archaludon", "speciesId": "archaludon", "gender": "M", "shiny": false, "level": 78, "moves": ["flashcannon", "bodypress", "thunderbolt", "dracometeor"], "ability": "Stamina", "evs": {"hp": 85, "atk": 0, "def": 85, "spa": 85, "spd": 85, "spe": 85}, "ivs": {"hp": 31, "atk": 0, "def": 31, "spa": 31, "spd": 31, "spe": 31}, "item": "Assault Vest", "teraType": "Fighting", "role": "Bulky Attacker", "bvs": {"hp": 90, "atk": 105, "def": 130, "spa": 125, "spd": 65, "spe": 85}, "stats": {"hp": 268, "atk": 168, "def": 248, "spa": 240, "spd": 146, "spe": 178}, "types": ["Steel", "Dragon"]}, "Azumarill": {"name": "Azumarill", "species": "Azumarill", "speciesId": "azumarill", "gender": "F", "shiny": false, "level": 82, "moves": ["aquajet", "icespinner", "liquidation", "playrough"], "ability": "Huge Power", "evs": {"hp": 85, "atk": 85, "def": 85, "spa": 85, "spd": 85, "spe": 85}, "ivs": {"hp": 31, "atk": 31, "def": 31, "spa": 31, "spd": 31, "spe": 31}, "item": "Choice Band", "teraType": "Water", "role": "Bulky Attacker", "bvs": {"hp": 100, "atk": 50, "def": 80, "spa": 60, "spd": 80, "spe": 50}, "stats": {"hp": 298, "atk": 129, "def": 178, "spa": 146, "spd": 178, "spe": 129}, "types": ["Water", "Fairy"]}, "Dedenne": {"name": "Dedenne", "species": "Dedenne", "speciesId": "dedenne", "gender": "M", "shiny": false, "level": 88, "moves": ["superfang", "thunderbolt", "dazzlinggleam", "nuzzle"], "ability": "Cheek Pouch", "evs": {"hp": 85, "atk": 85, "def": 85, "spa": 85, "spd": 85, "spe": 85}, "ivs": {"hp": 31, "atk": 31, "def": 31, "spa": 31, "spd": 31, "spe": 31}, "item": "Sitrus Berry", "teraType": "Flying", "role": "Fast Support", "bvs": {"hp": 67, "atk": 58, "def": 57, "spa": 81, "spd": 67, "spe": 101}, "stats": {"hp": 261, "atk": 152, "def": 151, "spa": 193, "spd": 168, "spe": 228}, "types": ["Electric", "Fairy"]}}]}