{"id": "gen9randombattle-2641988089", "format": "[Gen 9] Random Battle", "players": ["masterhorse", "ginigami"], "log": "|j|\u2606masterhorse\n|j|\u2606ginigami\n|t:|1782869320\n|gametype|singles\n|player|p1|masterhorse|265|2031\n|player|p2|ginigami|266|2054\n|gen|9\n|tier|[Gen 9] Random Battle\n|rated|\n|rule|Species Clause: Limit one of each Pok\u00e9mon\n|rule|HP Percentage Mod: HP is shown in percentages\n|rule|Sleep Clause Mod: Limit one foe put to sleep\n|rule|Illusion Level Mod: Illusion disguises the Pok\u00e9mon's true level\n|\n|t:|1782869320\n|teamsize|p1|6\n|teamsize|p2|6\n|start\n|switch|p1a: Walking Wake|Walking Wake, L79|286/286\n|switch|p2a: Granbull|Granbull, L88, F|302/302\n|-ability|p2a: Granbull|Intimidate|boost\n|-unboost|p1a: Walking Wake|atk|1\n|turn|1\n|\n|t:|1782869339\n|move|p1a: Walking Wake|Hydro Pump|p2a: Granbull|[miss]\n|-miss|p1a: Walking Wake|p2a: Granbull\n|move|p2a: Granbull|Play Rough|p1a: Walking Wake\n|-supereffective|p1a: Walking Wake\n|-damage|p1a: Walking Wake|44/286\n|\n|upkeep\n|turn|2\n|\n|t:|1782869354\n|switch|p2a: Raging Bolt|Raging Bolt, L78|323/323\n|move|p1a: Walking Wake|Hydro Pump|p2a: Raging Bolt\n|-resisted|p2a: Raging Bolt\n|-damage|p2a: Raging Bolt|260/323\n|\n|upkeep\n|turn|3\n|\n|t:|1782869359\n|-end|p1a: Walking Wake|Protosynthesis|[silent]\n|switch|p1a: Raichu|Raichu, L88, F|249/249\n|move|p2a: Raging Bolt|Thunderclap||[still]\n|-fail|p2a: Raging Bolt\n|\n|upkeep\n|turn|4\n|\n|t:|1782869366\n|move|p1a: Raichu|Alluring Voice|p2a: Raging Bolt\n|-supereffective|p2a: Raging Bolt\n|-damage|p2a: Raging Bolt|170/323\n|move|p2a: Raging Bolt|Draco Meteor|p1a: Raichu|[miss]\n|-miss|p2a: Raging Bolt|p1a: Raichu\n|\n|upkeep\n|turn|5\n|\n|t:|1782869376\n|-end|p2a: Raging Bolt|Protosynthesis|[silent]\n|switch|p2a: Meloetta|Meloetta, L82|298/298\n|move|p1a: Raichu|Alluring Voice|p2a: Meloetta\n|-damage|p2a: Meloetta|255/298\n|\n|upkeep\n|turn|6\n|\n|t:|1782869388\n|move|p1a: Raichu|Nuzzle|p2a: Meloetta\n|-damage|p2a: Meloetta|230/298\n|-status|p2a: Meloetta|par\n|move|p2a: Meloetta|Hyper Voice|p1a: Raichu\n|-damage|p1a: Raichu|131/249\n|\n|upkeep\n|turn|7\n|\n|t:|1782869394\n|move|p1a: Raichu|Thunderbolt|p2a: Meloetta\n|-damage|p2a: Meloetta|155/298 par\n|cant|p2a: Meloetta|par\n|\n|upkeep\n|turn|8\n|\n|t:|1782869401\n|move|p1a: Raichu|Thunderbolt|p2a: Meloetta\n|-damage|p2a: Meloetta|73/298 par\n|cant|p2a: Meloetta|par\n|\n|upkeep\n|turn|9\n|\n|t:|1782869408\n|move|p1a: Raichu|Thunderbolt|p2a: Meloetta\n|-damage|p2a: Meloetta|0 fnt\n|faint|p2a: Meloetta\n|\n|upkeep\n|\n|t:|1782869414\n|switch|p2a: Granbull|Granbull, L88, F|302/302\n|-ability|p2a: Granbull|Intimidate|boost\n|-unboost|p1a: Raichu|atk|1\n|turn|10\n|\n|t:|1782869417\n|switch|p1a: Enamorus|Enamorus-Therian, L83, F|259/259\n|move|p2a: Granbull|Earthquake|p1a: Enamorus\n|-immune|p1a: Enamorus\n|\n|upkeep\n|turn|11\n|\n|t:|1782869424\n|move|p2a: Granbull|Play Rough|p1a: Enamorus\n|-damage|p1a: Enamorus|160/259\n|move|p1a: Enamorus|Moonblast|p2a: Granbull\n|-damage|p2a: Granbull|127/302\n|\n|-heal|p2a: Granbull|145/302|[from] item: Leftovers\n|upkeep\n|turn|12\n|\n|t:|1782869432\n|move|p2a: Granbull|Play Rough|p1a: Enamorus\n|-damage|p1a: Enamorus|49/259\n|move|p1a: Enamorus|Moonblast|p2a: Granbull\n|-crit|p2a: Granbull\n|-damage|p2a: Granbull|0 fnt\n|faint|p2a: Granbull\n|\n|upkeep\n|\n|t:|1782869440\n|switch|p2a: Perrserker|Perrserker, L89, F|269/269\n|turn|13\n|\n|t:|1782869444\n|move|p2a: Perrserker|Stealth Rock|p1a: Enamorus\n|-sidestart|p1: masterhorse|move: Stealth Rock\n|move|p1a: Enamorus|Mystical Fire|p2a: Perrserker\n|-supereffective|p2a: Perrserker\n|-damage|p2a: Perrserker|111/269\n|-unboost|p2a: Perrserker|spa|1\n|\n|upkeep\n|turn|14\n|\n|t:|1782869448\n|move|p2a: Perrserker|Knock Off|p1a: Enamorus\n|-resisted|p1a: Enamorus\n|-damage|p1a: Enamorus|0 fnt\n|-enditem|p1a: Enamorus|Assault Vest|[from] move: Knock Off|[of] p2a: Perrserker\n|faint|p1a: Enamorus\n|-damage|p2a: Perrserker|85/269|[from] item: Life Orb\n|\n|upkeep\n|\n|t:|1782869455\n|switch|p1a: Cacturne|Cacturne, L92, M|278/278\n|-damage|p1a: Cacturne|244/278|[from] Stealth Rock\n|turn|15\n|\n|t:|1782869458\n|move|p1a: Cacturne|Knock Off|p2a: Perrserker\n|-damage|p2a: Perrserker|0 fnt\n|-enditem|p2a: Perrserker|Life Orb|[from] move: Knock Off|[of] p1a: Cacturne\n|faint|p2a: Perrserker\n|-damage|p1a: Cacturne|217/278|[from] item: Life Orb\n|\n|upkeep\n|\n|t:|1782869471\n|switch|p2a: Bastiodon|Bastiodon, L89, M|252/252\n|turn|16\n|\n|t:|1782869479\n|move|p1a: Cacturne|Knock Off|p2a: Bastiodon\n|-damage|p2a: Bastiodon|145/252\n|-enditem|p2a: Bastiodon|Chesto Berry|[from] move: Knock Off|[of] p1a: Cacturne\n|-damage|p1a: Cacturne|190/278|[from] item: Life Orb\n|move|p2a: Bastiodon|Body Press|p1a: Cacturne\n|-supereffective|p1a: Cacturne\n|-damage|p1a: Cacturne|0 fnt\n|faint|p1a: Cacturne\n|\n|upkeep\n|\n|t:|1782869484\n|switch|p1a: Walking Wake|Walking Wake, L79|44/286\n|-damage|p1a: Walking Wake|9/286|[from] Stealth Rock\n|turn|17\n|\n|t:|1782869490\n|switch|p2a: Raging Bolt|Raging Bolt, L78|170/323\n|move|p1a: Walking Wake|Flip Turn|p2a: Raging Bolt\n|-resisted|p2a: Raging Bolt\n|-damage|p2a: Raging Bolt|146/323\n|\n|t:|1782869493\n|-end|p1a: Walking Wake|Protosynthesis|[silent]\n|switch|p1a: Raichu|Raichu, L88, F|131/249|[from] Flip Turn\n|-damage|p1a: Raichu|100/249|[from] Stealth Rock\n|\n|upkeep\n|turn|18\n|\n|t:|1782869496\n|move|p1a: Raichu|Alluring Voice|p2a: Raging Bolt\n|-supereffective|p2a: Raging Bolt\n|-crit|p2a: Raging Bolt\n|-damage|p2a: Raging Bolt|30/323\n|move|p2a: Raging Bolt|Draco Meteor|p1a: Raichu\n|-damage|p1a: Raichu|0 fnt\n|-unboost|p2a: Raging Bolt|spa|2\n|faint|p1a: Raichu\n|\n|upkeep\n|\n|t:|1782869510\n|switch|p1a: Tentacruel|Tentacruel, L84, M|272/272\n|-damage|p1a: Tentacruel|238/272|[from] Stealth Rock\n|turn|19\n|\n|t:|1782869529\n|move|p2a: Raging Bolt|Thunderclap|p1a: Tentacruel\n|-supereffective|p1a: Tentacruel\n|-damage|p1a: Tentacruel|190/272\n|move|p1a: Tentacruel|Rapid Spin|p2a: Raging Bolt\n|-damage|p2a: Raging Bolt|1/323\n|-boost|p1a: Tentacruel|spe|1\n|-sideend|p1: masterhorse|Stealth Rock|[from] move: Rapid Spin|[of] p1a: Tentacruel\n|\n|upkeep\n|turn|20\n|\n|t:|1782869536\n|move|p1a: Tentacruel|Rapid Spin|p2a: Raging Bolt\n|-damage|p2a: Raging Bolt|0 fnt\n|-boost|p1a: Tentacruel|spe|1\n|faint|p2a: Raging Bolt\n|-end|p2a: Raging Bolt|Protosynthesis|[silent]\n|\n|upkeep\n|\n|t:|1782869549\n|switch|p2a: Bastiodon|Bastiodon, L89, M|145/252\n|turn|21\n|\n|t:|1782869555\n|-terastallize|p2a: Bastiodon|Fighting\n|move|p1a: Tentacruel|Surf|p2a: Bastiodon\n|-damage|p2a: Bastiodon|91/252\n|move|p2a: Bastiodon|Rest|p2a: Bastiodon\n|-status|p2a: Bastiodon|slp|[from] move: Rest\n|-heal|p2a: Bastiodon|252/252 slp|[silent]\n|\n|upkeep\n|turn|22\n|\n|t:|1782869561\n|move|p1a: Tentacruel|Flip Turn|p2a: Bastiodon\n|-damage|p2a: Bastiodon|225/252 slp\n|\n|t:|1782869562\n|switch|p1a: Indeedee|Indeedee-F, L90, F|272/272|[from] Flip Turn\n|-fieldstart|move: Psychic Terrain|[from] ability: Psychic Surge|[of] p1a: Indeedee\n|cant|p2a: Bastiodon|slp\n|\n|upkeep\n|turn|23\n|-message|ginigami forfeited.\n|\n|win|masterhorse\n|raw|masterhorse's rating: 2031 &rarr; <strong>2052</strong><br />(+21 for winning)\n|raw|ginigami's rating: 2054 &rarr; <strong>2033</strong><br />(-21 for losing)\n", "inputlog": ">version f8ac14003a5f27e1bdc8d8c59608a773c1cb96e5\n>start {\"formatid\":\"gen9randombattle\",\"seed\":\"sodium,eb31c344da1328b0b25c0bccd591eab4\",\"rated\":\"Rated battle\"}\n>player p1 {\"name\":\"masterhorse\",\"avatar\":\"265\",\"rating\":2031,\"seed\":\"sodium,8bc663de352911766ca204f59d06657c\"}\n>player p2 {\"name\":\"ginigami\",\"avatar\":\"266\",\"rating\":2054,\"seed\":\"sodium,9297fd157f72c7afe501e38827e2a582\"}\n>p1 move hydropump\n>p2 move playrough\n>p1 move hydropump\n>p2 switch 3\n>p1 switch 5\n>p2 move thunderclap\n>p1 move alluringvoice\n>p2 move dracometeor\n>p1 move alluringvoice\n>p2 switch 2\n>p1 move nuzzle\n>p2 move hypervoice\n>p1 move thunderbolt\n>p2 move hypervoice\n>p1 move thunderbolt\n>p2 move hypervoice\n>p1 move thunderbolt\n>p2 move hypervoice\n>p2 switch 3\n>p1 switch 6\n>p2 move earthquake\n>p1 move moonblast\n>p2 move playrough\n>p1 move moonblast\n>p2 move playrough\n>p2 switch 4\n>p1 move mysticalfire\n>p2 move stealthrock\n>p1 move mysticalfire\n>p2 move knockoff\n>p1 switch 2\n>p1 move knockoff\n>p2 move closecombat\n>p2 switch 6\n>p1 move knockoff\n>p2 move bodypress\n>p1 switch 5\n>p1 move flipturn\n>p2 switch 2\n>p1 switch 6\n>p1 move alluringvoice\n>p2 move dracometeor\n>p1 switch 4\n>p1 move rapidspin\n>p2 move thunderclap\n>p1 move rapidspin\n>p2 move discharge\n>p2 switch 2\n>p1 move surf\n>p2 move rest terastallize\n>p1 move flipturn\n>p2 move rest\n>p1 switch 3\n>forcelose p2", "uploadtime": 1782869567, "views": 6, "formatid": "gen9randombattle", "rating": 2033, "private": 0, "password": null, "player_dets": [{"name": "masterhorse", "avatar": "265", "rating": 2031, "seed": "sodium,8bc663de352911766ca204f59d06657c"}, {"name": "ginigami", "avatar": "266", "rating": 2054, "seed": "sodium,9297fd157f72c7afe501e38827e2a582"}], "teams_full": [{"Walking Wake": {"name": "Walking Wake", "species": "Walking Wake", "speciesId": "walkingwake", "gender": "N", "shiny": false, "level": 79, "moves": ["dracometeor", "flamethrower", "hydropump", "flipturn"], "ability": "Protosynthesis", "evs": {"hp": 85, "atk": 85, "def": 85, "spa": 85, "spd": 85, "spe": 85}, "ivs": {"hp": 31, "atk": 31, "def": 31, "spa": 31, "spd": 31, "spe": 31}, "item": "Choice Specs", "teraType": "Fire", "role": "Wallbreaker", "bvs": {"hp": 99, "atk": 83, "def": 91, "spa": 125, "spd": 83, "spe": 109}, "stats": {"hp": 286, "atk": 177, "def": 189, "spa": 243, "spd": 177, "spe": 218}, "types": ["Water", "Dragon"]}, "Cacturne": {"name": "Cacturne", "species": "Cacturne", "speciesId": "cacturne", "gender": "M", "shiny": false, "level": 92, "moves": ["toxicspikes", "suckerpunch", "leafstorm", "knockoff"], "ability": "Water Absorb", "evs": {"hp": 85, "atk": 85, "def": 85, "spa": 85, "spd": 85, "spe": 85}, "ivs": {"hp": 31, "atk": 31, "def": 31, "spa": 31, "spd": 31, "spe": 31}, "item": "Life Orb", "teraType": "Poison", "role": "Wallbreaker", "bvs": {"hp": 70, "atk": 115, "def": 60, "spa": 115, "spd": 60, "spe": 55}, "stats": {"hp": 278, "atk": 264, "def": 163, "spa": 264, "spd": 163, "spe": 154}, "types": ["Grass", "Dark"]}, "Indeedee": {"name": "Indeedee", "species": "Indeedee-F", "speciesId": "indeedeef", "gender": "F", "shiny": false, "level": 90, "moves": ["hypervoice", "dazzlinggleam", "shadowball", "psyshock"], "ability": "Psychic Surge", "evs": {"hp": 85, "atk": 0, "def": 85, "spa": 85, "spd": 85, "spe": 85}, "ivs": {"hp": 31, "atk": 0, "def": 31, "spa": 31, "spd": 31, "spe": 31}, "item": "Choice Specs", "teraType": "Fairy", "role": "Fast Attacker", "bvs": {"hp": 70, "atk": 55, "def": 65, "spa": 95, "spd": 105, "spe": 85}, "stats": {"hp": 272, "atk": 104, "def": 168, "spa": 222, "spd": 240, "spe": 204}, "types": ["Psychic", "Normal"]}, "Tentacruel": {"name": "Tentacruel", "species": "Tentacruel", "speciesId": "tentacruel", "gender": "M", "shiny": false, "level": 84, "moves": ["surf", "sludgebomb", "rapidspin", "flipturn"], "ability": "Liquid Ooze", "evs": {"hp": 85, "atk": 85, "def": 85, "spa": 85, "spd": 85, "spe": 85}, "ivs": {"hp": 31, "atk": 31, "def": 31, "spa": 31, "spd": 31, "spe": 31}, "item": "Assault Vest", "teraType": "Grass", "role": "Bulky Support", "bvs": {"hp": 80, "atk": 70, "def": 65, "spa": 80, "spd": 120, "spe": 100}, "stats": {"hp": 272, "atk": 166, "def": 157, "spa": 183, "spd": 250, "spe": 216}, "types": ["Water", "Poison"]}, "Raichu": {"name": "Raichu", "species": "Raichu", "speciesId": "raichu", "gender": "F", "shiny": false, "level": 88, "moves": ["alluringvoice", "nuzzle", "surf", "thunderbolt"], "ability": "Lightning Rod", "evs": {"hp": 85, "atk": 85, "def": 85, "spa": 85, "spd": 85, "spe": 85}, "ivs": {"hp": 31, "atk": 31, "def": 31, "spa": 31, "spd": 31, "spe": 31}, "item": "Assault Vest", "teraType": "Water", "role": "Fast Support", "bvs": {"hp": 60, "atk": 90, "def": 55, "spa": 90, "spd": 80, "spe": 110}, "stats": {"hp": 249, "atk": 209, "def": 147, "spa": 209, "spd": 191, "spe": 244}, "types": ["Electric"]}, "Enamorus": {"name": "Enamorus", "species": "Enamorus-Therian", "speciesId": "enamorustherian", "gender": "F", "shiny": false, "level": 83, "moves": ["moonblast", "mysticalfire", "superpower", "earthpower"], "ability": "Overcoat", "evs": {"hp": 85, "atk": 85, "def": 85, "spa": 85, "spd": 85, "spe": 85}, "ivs": {"hp": 31, "atk": 31, "def": 31, "spa": 31, "spd": 31, "spe": 31}, "item": "Assault Vest", "teraType": "Fairy", "role": "Bulky Attacker", "bvs": {"hp": 74, "atk": 115, "def": 110, "spa": 135, "spd": 100, "spe": 46}, "stats": {"hp": 259, "atk": 239, "def": 230, "spa": 272, "spd": 214, "spe": 124}, "types": ["Fairy", "Flying"]}}, {"Granbull": {"name": "Granbull", "species": "Granbull", "speciesId": "granbull", "gender": "F", "shiny": false, "level": 88, "moves": ["earthquake", "thunderwave", "encore", "playrough"], "ability": "Intimidate", "evs": {"hp": 85, "atk": 85, "def": 85, "spa": 85, "spd": 85, "spe": 85}, "ivs": {"hp": 31, "atk": 31, "def": 31, "spa": 31, "spd": 31, "spe": 31}, "item": "Leftovers", "teraType": "Ground", "role": "Bulky Attacker", "bvs": {"hp": 90, "atk": 120, "def": 75, "spa": 60, "spd": 60, "spe": 45}, "stats": {"hp": 302, "atk": 261, "def": 182, "spa": 156, "spd": 156, "spe": 129}, "types": ["Fairy"]}, "Meloetta": {"name": "Meloetta", "species": "Meloetta", "speciesId": "meloetta", "gender": "N", "shiny": false, "level": 82, "moves": ["hypervoice", "uturn", "focusblast", "psyshock"], "ability": "Serene Grace", "evs": {"hp": 85, "atk": 85, "def": 85, "spa": 85, "spd": 85, "spe": 85}, "ivs": {"hp": 31, "atk": 31, "def": 31, "spa": 31, "spd": 31, "spe": 31}, "item": "Choice Specs", "teraType": "Psychic", "role": "Bulky Attacker", "bvs": {"hp": 100, "atk": 77, "def": 77, "spa": 128, "spd": 128, "spe": 90}, "stats": {"hp": 298, "atk": 173, "def": 173, "spa": 257, "spd": 257, "spe": 195}, "types": ["Normal", "Psychic"]}, "Raging Bolt": {"name": "Raging Bolt", "species": "Raging Bolt", "speciesId": "ragingbolt", "gender": "N", "shiny": false, "level": 78, "moves": ["thunderclap", "voltswitch", "discharge", "dracometeor"], "ability": "Protosynthesis", "evs": {"hp": 85, "atk": 0, "def": 85, "spa": 85, "spd": 85, "spe": 85}, "ivs": {"hp": 31, "atk": 0, "def": 31, "spa": 31, "spd": 31, "spe": 31}, "item": "Assault Vest", "teraType": "Electric", "role": "AV Pivot", "bvs": {"hp": 125, "atk": 73, "def": 91, "spa": 137, "spd": 89, "spe": 75}, "stats": {"hp": 323, "atk": 118, "def": 187, "spa": 259, "spd": 184, "spe": 162}, "types": ["Electric", "Dragon"]}, "Perrserker": {"name": "Perrserker", "species": "Perrserker", "speciesId": "perrserker", "gender": "F", "shiny": false, "level": 89, "moves": ["stealthrock", "ironhead", "closecombat", "knockoff"], "ability": "Tough Claws", "evs": {"hp": 85, "atk": 85, "def": 85, "spa": 85, "spd": 85, "spe": 85}, "ivs": {"hp": 31, "atk": 31, "def": 31, "spa": 31, "spd": 31, "spe": 31}, "item": "Life Orb", "teraType": "Fighting", "role": "Fast Attacker", "bvs": {"hp": 70, "atk": 110, "def": 100, "spa": 50, "spd": 60, "spe": 50}, "stats": {"hp": 269, "atk": 247, "def": 229, "spa": 140, "spd": 158, "spe": 140}, "types": ["Steel"]}, "Dondozo": {"name": "Dondozo", "species": "Dondozo", "speciesId": "dondozo", "gender": "M", "shiny": false, "level": 78, "moves": ["wavecrash", "rest", "curse", "sleeptalk"], "ability": "Unaware", "evs": {"hp": 85, "atk": 85, "def": 85, "spa": 85, "spd": 85, "spe": 85}, "ivs": {"hp": 31, "atk": 31, "def": 31, "spa": 31, "spd": 31, "spe": 31}, "item": "Leftovers", "teraType": "Fairy", "role": "Bulky Setup", "bvs": {"hp": 150, "atk": 100, "def": 115, "spa": 65, "spd": 65, "spe": 35}, "stats": {"hp": 362, "atk": 201, "def": 224, "spa": 146, "spd": 146, "spe": 100}, "types": ["Water"]}, "Bastiodon": {"name": "Bastiodon", "species": "Bastiodon", "speciesId": "bastiodon", "gender": "M", "shiny": false, "level": 89, "moves": ["rest", "irondefense", "foulplay", "bodypress"], "ability": "Soundproof", "evs": {"hp": 85, "atk": 0, "def": 85, "spa": 85, "spd": 85, "spe": 85}, "ivs": {"hp": 31, "atk": 0, "def": 31, "spa": 31, "spd": 31, "spe": 31}, "item": "Chesto Berry", "teraType": "Fighting", "role": "Bulky Setup", "bvs": {"hp": 60, "atk": 52, "def": 168, "spa": 47, "spd": 138, "spe": 30}, "stats": {"hp": 252, "atk": 97, "def": 350, "spa": 134, "spd": 296, "spe": 104}, "types": ["Rock", "Steel"]}}]}