{"id": "gen9randombattle-2641760726", "format": "[Gen 9] Random Battle", "players": ["LiggyLiggy", "Mastersatanr"], "log": "|j|\u203dLiggyLiggy\n|j|\u2606Mastersatanr\n|t:|1782838693\n|gametype|singles\n|player|p1|LiggyLiggy|1|1923\n|player|p2|Mastersatanr|acetrainer-gen2|1965\n|gen|9\n|tier|[Gen 9] Random Battle\n|rated|\n|rule|Species Clause: Limit one of each Pok\u00e9mon\n|rule|HP Percentage Mod: HP is shown in percentages\n|rule|Sleep Clause Mod: Limit one foe put to sleep\n|rule|Illusion Level Mod: Illusion disguises the Pok\u00e9mon's true level\n|\n|t:|1782838693\n|teamsize|p1|6\n|teamsize|p2|6\n|start\n|switch|p1a: Kricketune|Kricketune, L99, F|311/311\n|switch|p2a: Tinkaton|Tinkaton, L82, F|274/274\n|-ability|p2a: Tinkaton|Mold Breaker\n|turn|1\n|inactive|Battle timer is ON: inactive players will automatically lose when time's up. (requested by LiggyLiggy)\n|\n|t:|1782838714\n|move|p2a: Tinkaton|Swords Dance|p2a: Tinkaton\n|-boost|p2a: Tinkaton|atk|2\n|move|p1a: Kricketune|Pounce|p2a: Tinkaton\n|-resisted|p2a: Tinkaton\n|-damage|p2a: Tinkaton|244/274\n|-unboost|p2a: Tinkaton|spe|1\n|\n|-heal|p2a: Tinkaton|261/274|[from] item: Leftovers\n|upkeep\n|turn|2\n|\n|t:|1782838743\n|move|p1a: Kricketune|Sticky Web|p2a: Tinkaton\n|-sidestart|p2: Mastersatanr|move: Sticky Web\n|move|p2a: Tinkaton|Gigaton Hammer|p1a: Kricketune\n|-enditem|p1a: Kricketune|Focus Sash\n|-damage|p1a: Kricketune|1/311\n|\n|-heal|p2a: Tinkaton|274/274|[from] item: Leftovers\n|upkeep\n|turn|3\n|\n|t:|1782838749\n|move|p1a: Kricketune|Knock Off|p2a: Tinkaton\n|-resisted|p2a: Tinkaton\n|-damage|p2a: Tinkaton|230/274\n|-enditem|p2a: Tinkaton|Leftovers|[from] move: Knock Off|[of] p1a: Kricketune\n|move|p2a: Tinkaton|Play Rough|p1a: Kricketune\n|-damage|p1a: Kricketune|0 fnt\n|faint|p1a: Kricketune\n|\n|upkeep\n|\n|t:|1782838763\n|switch|p1a: Dodrio|Dodrio, L85, M|241/241\n|turn|4\n|\n|t:|1782838772\n|move|p1a: Dodrio|Drill Run|p2a: Tinkaton\n|-supereffective|p2a: Tinkaton\n|-damage|p2a: Tinkaton|80/274\n|move|p2a: Tinkaton|Gigaton Hammer|p1a: Dodrio\n|-damage|p1a: Dodrio|0 fnt\n|faint|p1a: Dodrio\n|\n|upkeep\n|\n|t:|1782838786\n|switch|p1a: Lokix|Lokix, L82, F|251/251\n|turn|5\n|\n|t:|1782838790\n|-terastallize|p1a: Lokix|Bug\n|move|p2a: Tinkaton|Protect|p2a: Tinkaton\n|-singleturn|p2a: Tinkaton|Protect\n|move|p1a: Lokix|First Impression|p2a: Tinkaton\n|-activate|p2a: Tinkaton|move: Protect\n|\n|upkeep\n|turn|6\n|\n|t:|1782838797\n|move|p1a: Lokix|U-turn|p2a: Tinkaton\n|-resisted|p2a: Tinkaton\n|-damage|p2a: Tinkaton|20/274\n|\n|t:|1782838801\n|switch|p1a: Munkidori|Munkidori, L79, M|269/269|[from] U-turn\n|move|p2a: Tinkaton|Gigaton Hammer|p1a: Munkidori\n|-damage|p1a: Munkidori|0 fnt\n|faint|p1a: Munkidori\n|\n|upkeep\n|\n|t:|1782838803\n|switch|p1a: Arbok|Arbok, L87, F|246/246\n|-ability|p1a: Arbok|Intimidate|boost\n|-unboost|p2a: Tinkaton|atk|1\n|turn|7\n|\n|t:|1782838811\n|switch|p2a: Mudsdale|Mudsdale, L83, F|302/302\n|-activate|p2a: Mudsdale|move: Sticky Web\n|-unboost|p2a: Mudsdale|spe|1\n|move|p1a: Arbok|Coil|p1a: Arbok\n|-boost|p1a: Arbok|atk|1\n|-boost|p1a: Arbok|def|1\n|-boost|p1a: Arbok|accuracy|1\n|\n|upkeep\n|turn|8\n|\n|t:|1782838818\n|move|p1a: Arbok|Coil|p1a: Arbok\n|-boost|p1a: Arbok|atk|1\n|-boost|p1a: Arbok|def|1\n|-boost|p1a: Arbok|accuracy|1\n|move|p2a: Mudsdale|Roar|p1a: Arbok\n|drag|p1a: Lokix|Lokix, L82, F, tera:Bug|251/251\n|\n|upkeep\n|turn|9\n|\n|t:|1782838825\n|switch|p2a: Tinkaton|Tinkaton, L82, F|20/274\n|-activate|p2a: Tinkaton|move: Sticky Web\n|-unboost|p2a: Tinkaton|spe|1\n|-ability|p2a: Tinkaton|Mold Breaker\n|move|p1a: Lokix|First Impression|p2a: Tinkaton\n|-resisted|p2a: Tinkaton\n|-damage|p2a: Tinkaton|0 fnt\n|faint|p2a: Tinkaton\n|\n|upkeep\n|\n|t:|1782838839\n|switch|p2a: Magearna|Magearna-Original, L77|250/250\n|-activate|p2a: Magearna|move: Sticky Web\n|-unboost|p2a: Magearna|spe|1\n|turn|10\n|\n|t:|1782838843\n|move|p1a: Lokix|U-turn|p2a: Magearna\n|-resisted|p2a: Magearna\n|-damage|p2a: Magearna|200/250\n|\n|t:|1782838844\n|switch|p1a: Arbok|Arbok, L87, F|246/246|[from] U-turn\n|-ability|p1a: Arbok|Intimidate|boost\n|-unboost|p2a: Magearna|atk|1\n|move|p2a: Magearna|Shift Gear|p2a: Magearna\n|-boost|p2a: Magearna|spe|2\n|-boost|p2a: Magearna|atk|1\n|\n|-heal|p2a: Magearna|215/250|[from] item: Leftovers\n|upkeep\n|turn|11\n|\n|t:|1782838854\n|switch|p2a: Mudsdale|Mudsdale, L83, F|302/302\n|-activate|p2a: Mudsdale|move: Sticky Web\n|-unboost|p2a: Mudsdale|spe|1\n|move|p1a: Arbok|Coil|p1a: Arbok\n|-boost|p1a: Arbok|atk|1\n|-boost|p1a: Arbok|def|1\n|-boost|p1a: Arbok|accuracy|1\n|\n|upkeep\n|turn|12\n|\n|t:|1782838860\n|move|p1a: Arbok|Trailblaze|p2a: Mudsdale\n|-supereffective|p2a: Mudsdale\n|-damage|p2a: Mudsdale|192/302\n|-boost|p1a: Arbok|spe|1\n|-ability|p2a: Mudsdale|Stamina|boost\n|-boost|p2a: Mudsdale|def|1\n|move|p2a: Mudsdale|Earthquake|p1a: Arbok\n|-supereffective|p1a: Arbok\n|-damage|p1a: Arbok|54/246\n|\n|-heal|p1a: Arbok|69/246|[from] item: Leftovers\n|-heal|p2a: Mudsdale|210/302|[from] item: Leftovers\n|upkeep\n|turn|13\n|\n|t:|1782838864\n|move|p1a: Arbok|Trailblaze|p2a: Mudsdale\n|-supereffective|p2a: Mudsdale\n|-damage|p2a: Mudsdale|144/302\n|-boost|p1a: Arbok|spe|1\n|-ability|p2a: Mudsdale|Stamina|boost\n|-boost|p2a: Mudsdale|def|1\n|move|p2a: Mudsdale|Earthquake|p1a: Arbok\n|-supereffective|p1a: Arbok\n|-damage|p1a: Arbok|0 fnt\n|faint|p1a: Arbok\n|\n|-heal|p2a: Mudsdale|162/302|[from] item: Leftovers\n|upkeep\n|\n|t:|1782838868\n|switch|p1a: Lunala|Lunala, L70|308/308\n|turn|14\n|\n|t:|1782838883\n|switch|p2a: Illumise|Illumise, L91, F|266/266\n|move|p1a: Lunala|Moongeist Beam|p2a: Illumise\n|-damage|p2a: Illumise|173/266\n|\n|upkeep\n|turn|15\n|\n|t:|1782838902\n|switch|p1a: Lokix|Lokix, L82, F, tera:Bug|251/251\n|move|p2a: Illumise|Thunder Wave|p1a: Lokix\n|-status|p1a: Lokix|par\n|\n|upkeep\n|turn|16\n|\n|t:|1782838912\n|switch|p2a: Magearna|Magearna-Original, L77|215/250\n|-activate|p2a: Magearna|move: Sticky Web\n|-unboost|p2a: Magearna|spe|1\n|cant|p1a: Lokix|par\n|\n|-heal|p2a: Magearna|230/250|[from] item: Leftovers\n|upkeep\n|turn|17\n|\n|t:|1782838918\n|move|p1a: Lokix|U-turn|p2a: Magearna\n|-resisted|p2a: Magearna\n|-damage|p2a: Magearna|178/250\n|\n|t:|1782838921\n|switch|p1a: Lunala|Lunala, L70|308/308|[from] U-turn\n|move|p2a: Magearna|Calm Mind|p2a: Magearna\n|-boost|p2a: Magearna|spa|1\n|-boost|p2a: Magearna|spd|1\n|\n|-heal|p2a: Magearna|193/250|[from] item: Leftovers\n|upkeep\n|turn|18\n|\n|t:|1782838924\n|switch|p2a: Illumise|Illumise, L91, F|173/266\n|move|p1a: Lunala|Calm Mind|p1a: Lunala\n|-boost|p1a: Lunala|spa|1\n|-boost|p1a: Lunala|spd|1\n|\n|upkeep\n|turn|19\n|\n|t:|1782838929\n|switch|p1a: Lokix|Lokix, L82, F, tera:Bug|251/251 par\n|move|p2a: Illumise|Encore||[still]\n|-fail|p2a: Illumise\n|\n|upkeep\n|turn|20\n|\n|t:|1782838936\n|switch|p2a: Mudsdale|Mudsdale, L83, F|162/302\n|-activate|p2a: Mudsdale|move: Sticky Web\n|-unboost|p2a: Mudsdale|spe|1\n|move|p1a: Lokix|U-turn|p2a: Mudsdale\n|-damage|p2a: Mudsdale|54/302\n|-ability|p2a: Mudsdale|Stamina|boost\n|-boost|p2a: Mudsdale|def|1\n|\n|t:|1782838942\n|switch|p1a: Lunala|Lunala, L70|308/308|[from] U-turn\n|\n|-heal|p2a: Mudsdale|72/302|[from] item: Leftovers\n|upkeep\n|turn|21\n|\n|t:|1782838946\n|move|p1a: Lunala|Moongeist Beam|p2a: Mudsdale\n|-damage|p2a: Mudsdale|0 fnt\n|faint|p2a: Mudsdale\n|\n|upkeep\n|\n|t:|1782838955\n|switch|p2a: Illumise|Illumise, L91, F|173/266\n|turn|22\n|\n|t:|1782838962\n|move|p2a: Illumise|Bug Buzz|p1a: Lunala\n|-damage|p1a: Lunala|261/308\n|-unboost|p1a: Lunala|spd|1\n|move|p1a: Lunala|Moongeist Beam|p2a: Illumise\n|-damage|p2a: Illumise|83/266\n|\n|-heal|p1a: Lunala|280/308|[from] item: Leftovers\n|upkeep\n|turn|23\n|\n|t:|1782838969\n|switch|p1a: Lokix|Lokix, L82, F, tera:Bug|251/251 par\n|move|p2a: Illumise|Roost|p2a: Illumise\n|-heal|p2a: Illumise|216/266\n|-singleturn|p2a: Illumise|move: Roost\n|\n|upkeep\n|turn|24\n|\n|t:|1782838977\n|switch|p2a: Magearna|Magearna-Original, L77|193/250\n|-activate|p2a: Magearna|move: Sticky Web\n|-unboost|p2a: Magearna|spe|1\n|move|p1a: Lokix|First Impression|p2a: Magearna\n|-resisted|p2a: Magearna\n|-damage|p2a: Magearna|131/250\n|\n|-heal|p2a: Magearna|146/250|[from] item: Leftovers\n|upkeep\n|turn|25\n|\n|t:|1782839000\n|-terastallize|p2a: Magearna|Fairy\n|move|p1a: Lokix|U-turn|p2a: Magearna\n|-resisted|p2a: Magearna\n|-damage|p2a: Magearna|32/250\n|\n|t:|1782839003\n|switch|p1a: Lunala|Lunala, L70|280/308|[from] U-turn\n|move|p2a: Magearna|Fleur Cannon|p1a: Lunala\n|-damage|p1a: Lunala|68/308\n|-unboost|p2a: Magearna|spa|2\n|\n|-heal|p1a: Lunala|87/308|[from] item: Leftovers\n|-heal|p2a: Magearna|47/250|[from] item: Leftovers\n|upkeep\n|turn|26\n|\n|t:|1782839016\n|switch|p2a: Kyogre|Kyogre, L71|259/259\n|-activate|p2a: Kyogre|move: Sticky Web\n|-unboost|p2a: Kyogre|spe|1\n|-weather|RainDance|[from] ability: Drizzle|[of] p2a: Kyogre\n|move|p1a: Lunala|Moongeist Beam|p2a: Kyogre\n|-damage|p2a: Kyogre|177/259\n|\n|-weather|RainDance|[upkeep]\n|-heal|p1a: Lunala|106/308|[from] item: Leftovers\n|upkeep\n|turn|27\n|inactive|LiggyLiggy has 120 seconds left.\n|\n|t:|1782839047\n|move|p1a: Lunala|Calm Mind|p1a: Lunala\n|-boost|p1a: Lunala|spa|1\n|-boost|p1a: Lunala|spd|1\n|move|p2a: Kyogre|Origin Pulse|p1a: Lunala\n|-damage|p1a: Lunala|0 fnt\n|faint|p1a: Lunala\n|\n|-weather|RainDance|[upkeep]\n|upkeep\n|\n|t:|1782839052\n|switch|p1a: Lokix|Lokix, L82, F, tera:Bug|251/251 par\n|turn|28\n|\n|t:|1782839067\n|switch|p2a: Magearna|Magearna-Original, L77, tera:Fairy|47/250\n|-activate|p2a: Magearna|move: Sticky Web\n|-unboost|p2a: Magearna|spe|1\n|move|p1a: Lokix|First Impression|p2a: Magearna\n|-resisted|p2a: Magearna\n|-damage|p2a: Magearna|0 fnt\n|faint|p2a: Magearna\n|\n|-weather|RainDance|[upkeep]\n|upkeep\n|\n|t:|1782839071\n|switch|p2a: Kyogre|Kyogre, L71|177/259\n|-activate|p2a: Kyogre|move: Sticky Web\n|-unboost|p2a: Kyogre|spe|1\n|turn|29\n|\n|t:|1782839074\n|cant|p1a: Lokix|par\n|move|p2a: Kyogre|Origin Pulse|p1a: Lokix\n|-damage|p1a: Lokix|0 fnt\n|faint|p1a: Lokix\n|\n|win|Mastersatanr\n|raw|LiggyLiggy's rating: 1924 &rarr; <strong>1906</strong><br />(-18 for losing)\n|raw|Mastersatanr's rating: 1965 &rarr; <strong>1983</strong><br />(+18 for winning)\n", "inputlog": ">version f8ac14003a5f27e1bdc8d8c59608a773c1cb96e5\n>start {\"formatid\":\"gen9randombattle\",\"seed\":\"sodium,a986c8ee2e3d2e7c5cff94491771789d\",\"rated\":\"Rated battle\"}\n>player p1 {\"name\":\"LiggyLiggy\",\"avatar\":\"1\",\"rating\":1923,\"seed\":\"sodium,975c614ef2f26cfadad8cafcbce10b87\"}\n>player p2 {\"name\":\"Mastersatanr\",\"avatar\":\"acetrainer-gen2\",\"rating\":1965,\"seed\":\"sodium,93347cb26d45259e1113e21057a480e8\"}\n>p1 move pounce\n>p2 move swordsdance\n>p1 move stickyweb\n>p2 move gigatonhammer\n>p1 move knockoff\n>p2 move playrough\n>p1 switch 2\n>p1 move drillrun\n>p2 move gigatonhammer\n>p1 switch 6\n>p1 move firstimpression terastallize\n>p2 move protect\n>p1 move uturn\n>p2 move gigatonhammer\n>p1 switch 3\n>p1 switch 4\n>p1 move coil\n>p2 switch 6\n>p1 move coil\n>p2 move roar\n>p1 move firstimpression\n>p2 switch 6\n>p2 switch 3\n>p1 move uturn\n>p2 move shiftgear\n>p1 switch 3\n>p1 move coil\n>p2 switch 6\n>p1 move trailblaze\n>p2 move earthquake\n>p1 move trailblaze\n>p2 move earthquake\n>p1 switch 5\n>p1 move moongeistbeam\n>p2 switch 2\n>p1 switch 3\n>p2 move thunderwave\n>p1 move firstimpression\n>p2 switch 6\n>p1 move uturn\n>p2 move calmmind\n>p1 switch 3\n>p1 move calmmind\n>p2 switch 6\n>p1 switch 3\n>p2 move encore\n>p1 move uturn\n>p2 switch 2\n>p1 switch 3\n>p1 move moongeistbeam\n>p2 move earthquake\n>p2 switch 2\n>p1 move moongeistbeam\n>p2 move bugbuzz\n>p1 switch 3\n>p2 move roost\n>p1 move firstimpression\n>p2 switch 6\n>p1 move uturn\n>p2 move fleurcannon terastallize\n>p1 switch 3\n>p1 move moongeistbeam\n>p2 switch 5\n>p1 move calmmind\n>p2 move originpulse\n>p1 switch 3\n>p1 move firstimpression\n>p2 switch 5\n>p2 switch 5\n>p1 move suckerpunch\n>p2 move originpulse", "uploadtime": 1782839074, "views": 8, "formatid": "gen9randombattle", "rating": 1906, "private": 0, "password": null, "player_dets": [{"name": "LiggyLiggy", "avatar": "1", "rating": 1923, "seed": "sodium,975c614ef2f26cfadad8cafcbce10b87"}, {"name": "Mastersatanr", "avatar": "acetrainer-gen2", "rating": 1965, "seed": "sodium,93347cb26d45259e1113e21057a480e8"}], "teams_full": [{"Kricketune": {"name": "Kricketune", "species": "Kricketune", "speciesId": "kricketune", "gender": "F", "shiny": false, "level": 99, "moves": ["knockoff", "taunt", "stickyweb", "pounce"], "ability": "Technician", "evs": {"hp": 81, "atk": 85, "def": 85, "spa": 85, "spd": 85, "spe": 85}, "ivs": {"hp": 31, "atk": 31, "def": 31, "spa": 31, "spd": 31, "spe": 31}, "item": "Focus Sash", "teraType": "Ghost", "role": "Fast Support", "bvs": {"hp": 77, "atk": 85, "def": 51, "spa": 55, "spd": 51, "spe": 65}, "stats": {"hp": 311, "atk": 224, "def": 157, "spa": 165, "spd": 157, "spe": 185}, "types": ["Bug"]}, "Dodrio": {"name": "Dodrio", "species": "Dodrio", "speciesId": "dodrio", "gender": "M", "shiny": false, "level": 85, "moves": ["doubleedge", "swordsdance", "drillrun", "bravebird"], "ability": "Early Bird", "evs": {"hp": 85, "atk": 85, "def": 85, "spa": 85, "spd": 85, "spe": 85}, "ivs": {"hp": 31, "atk": 31, "def": 31, "spa": 31, "spd": 31, "spe": 31}, "item": "Heavy-Duty Boots", "teraType": "Normal", "role": "Setup Sweeper", "bvs": {"hp": 60, "atk": 110, "def": 70, "spa": 60, "spd": 60, "spe": 110}, "stats": {"hp": 241, "atk": 236, "def": 168, "spa": 151, "spd": 151, "spe": 236}, "types": ["Normal", "Flying"]}, "Munkidori": {"name": "Munkidori", "species": "Munkidori", "speciesId": "munkidori", "gender": "M", "shiny": false, "level": 79, "moves": ["uturn", "psychicnoise", "fakeout", "sludgewave"], "ability": "Toxic Chain", "evs": {"hp": 85, "atk": 85, "def": 85, "spa": 85, "spd": 85, "spe": 85}, "ivs": {"hp": 31, "atk": 31, "def": 31, "spa": 31, "spd": 31, "spe": 31}, "item": "Assault Vest", "teraType": "Dark", "role": "AV Pivot", "bvs": {"hp": 88, "atk": 75, "def": 66, "spa": 130, "spd": 90, "spe": 106}, "stats": {"hp": 269, "atk": 164, "def": 150, "spa": 251, "spd": 188, "spe": 213}, "types": ["Poison", "Psychic"]}, "Arbok": {"name": "Arbok", "species": "Arbok", "speciesId": "arbok", "gender": "F", "shiny": false, "level": 87, "moves": ["gunkshot", "trailblaze", "earthquake", "coil"], "ability": "Intimidate", "evs": {"hp": 85, "atk": 85, "def": 85, "spa": 85, "spd": 85, "spe": 85}, "ivs": {"hp": 31, "atk": 31, "def": 31, "spa": 31, "spd": 31, "spe": 31}, "item": "Leftovers", "teraType": "Ground", "role": "Bulky Setup", "bvs": {"hp": 60, "atk": 95, "def": 69, "spa": 65, "spd": 79, "spe": 80}, "stats": {"hp": 246, "atk": 215, "def": 170, "spa": 163, "spd": 187, "spe": 189}, "types": ["Poison"]}, "Lunala": {"name": "Lunala", "species": "Lunala", "speciesId": "lunala", "gender": "N", "shiny": false, "level": 70, "moves": ["moongeistbeam", "moonblast", "moonlight", "calmmind"], "ability": "Shadow Shield", "evs": {"hp": 85, "atk": 0, "def": 85, "spa": 85, "spd": 85, "spe": 85}, "ivs": {"hp": 31, "atk": 0, "def": 31, "spa": 31, "spd": 31, "spe": 31}, "item": "Leftovers", "teraType": "Fairy", "role": "Bulky Setup", "bvs": {"hp": 137, "atk": 113, "def": 89, "spa": 137, "spd": 107, "spe": 97}, "stats": {"hp": 308, "atk": 163, "def": 166, "spa": 233, "spd": 191, "spe": 177}, "types": ["Psychic", "Ghost"]}, "Lokix": {"name": "Lokix", "species": "Lokix", "speciesId": "lokix", "gender": "F", "shiny": false, "level": 82, "moves": ["knockoff", "firstimpression", "uturn", "suckerpunch"], "ability": "Tinted Lens", "evs": {"hp": 85, "atk": 85, "def": 85, "spa": 85, "spd": 85, "spe": 85}, "ivs": {"hp": 31, "atk": 31, "def": 31, "spa": 31, "spd": 31, "spe": 31}, "item": "Silver Powder", "teraType": "Bug", "role": "Fast Attacker", "bvs": {"hp": 71, "atk": 102, "def": 78, "spa": 52, "spd": 55, "spe": 92}, "stats": {"hp": 251, "atk": 214, "def": 175, "spa": 132, "spd": 137, "spe": 198}, "types": ["Bug", "Dark"]}}, {"Tinkaton": {"name": "Tinkaton", "species": "Tinkaton", "speciesId": "tinkaton", "gender": "F", "shiny": false, "level": 82, "moves": ["swordsdance", "protect", "playrough", "gigatonhammer"], "ability": "Mold Breaker", "evs": {"hp": 85, "atk": 85, "def": 85, "spa": 85, "spd": 85, "spe": 85}, "ivs": {"hp": 31, "atk": 31, "def": 31, "spa": 31, "spd": 31, "spe": 31}, "item": "Leftovers", "teraType": "Steel", "role": "Bulky Setup", "bvs": {"hp": 85, "atk": 75, "def": 77, "spa": 70, "spd": 105, "spe": 94}, "stats": {"hp": 274, "atk": 170, "def": 173, "spa": 162, "spd": 219, "spe": 201}, "types": ["Fairy", "Steel"]}, "Illumise": {"name": "Illumise", "species": "Illumise", "speciesId": "illumise", "gender": "F", "shiny": false, "level": 91, "moves": ["roost", "thunderwave", "encore", "bugbuzz"], "ability": "Prankster", "evs": {"hp": 85, "atk": 0, "def": 85, "spa": 85, "spd": 85, "spe": 85}, "ivs": {"hp": 31, "atk": 0, "def": 31, "spa": 31, "spd": 31, "spe": 31}, "item": "Heavy-Duty Boots", "teraType": "Water", "role": "Bulky Support", "bvs": {"hp": 65, "atk": 47, "def": 75, "spa": 73, "spd": 85, "spe": 85}, "stats": {"hp": 266, "atk": 90, "def": 188, "spa": 185, "spd": 207, "spe": 207}, "types": ["Bug"]}, "Magearna": {"name": "Magearna", "species": "Magearna-Original", "speciesId": "magearna", "gender": "N", "shiny": false, "level": 77, "moves": ["shiftgear", "fleurcannon", "calmmind", "flashcannon"], "ability": "Soul-Heart", "evs": {"hp": 85, "atk": 0, "def": 85, "spa": 85, "spd": 85, "spe": 85}, "ivs": {"hp": 31, "atk": 0, "def": 31, "spa": 31, "spd": 31, "spe": 31}, "item": "Leftovers", "teraType": "Fairy", "role": "Bulky Setup", "bvs": {"hp": 80, "atk": 95, "def": 115, "spa": 130, "spd": 115, "spe": 65}, "stats": {"hp": 250, "atk": 151, "def": 222, "spa": 245, "spd": 222, "spe": 145}, "types": ["Steel", "Fairy"]}, "Luxray": {"name": "Luxray", "species": "Luxray", "speciesId": "luxray", "gender": "F", "shiny": false, "level": 88, "moves": ["facade", "supercellslam", "playrough", "trailblaze"], "ability": "Guts", "evs": {"hp": 81, "atk": 85, "def": 85, "spa": 85, "spd": 85, "spe": 85}, "ivs": {"hp": 31, "atk": 31, "def": 31, "spa": 31, "spd": 31, "spe": 31}, "item": "Flame Orb", "teraType": "Normal", "role": "Setup Sweeper", "bvs": {"hp": 80, "atk": 120, "def": 79, "spa": 95, "spd": 79, "spe": 70}, "stats": {"hp": 283, "atk": 261, "def": 189, "spa": 217, "spd": 189, "spe": 173}, "types": ["Electric"]}, "Kyogre": {"name": "Kyogre", "species": "Kyogre", "speciesId": "kyogre", "gender": "N", "shiny": false, "level": 71, "moves": ["icebeam", "waterspout", "thunder", "originpulse"], "ability": "Drizzle", "evs": {"hp": 85, "atk": 0, "def": 85, "spa": 85, "spd": 85, "spe": 85}, "ivs": {"hp": 31, "atk": 0, "def": 31, "spa": 31, "spd": 31, "spe": 31}, "item": "Choice Scarf", "teraType": "Water", "role": "Fast Attacker", "bvs": {"hp": 100, "atk": 100, "def": 90, "spa": 150, "spd": 140, "spe": 90}, "stats": {"hp": 259, "atk": 147, "def": 169, "spa": 254, "spd": 240, "spe": 169}, "types": ["Water"]}, "Mudsdale": {"name": "Mudsdale", "species": "Mudsdale", "speciesId": "mudsdale", "gender": "F", "shiny": false, "level": 83, "moves": ["stealthrock", "roar", "earthquake", "heavyslam"], "ability": "Stamina", "evs": {"hp": 85, "atk": 85, "def": 85, "spa": 85, "spd": 85, "spe": 85}, "ivs": {"hp": 31, "atk": 31, "def": 31, "spa": 31, "spd": 31, "spe": 31}, "item": "Leftovers", "teraType": "Steel", "role": "Bulky Attacker", "bvs": {"hp": 100, "atk": 125, "def": 100, "spa": 55, "spd": 85, "spe": 35}, "stats": {"hp": 302, "atk": 255, "def": 214, "spa": 139, "spd": 189, "spe": 106}, "types": ["Ground"]}}]}