{"id": "gen9randombattle-2641796251", "format": "[Gen 9] Random Battle", "players": ["dandetheheartless", "DAHLI"], "log": "|badge|p2|bronze|gen9randombattle|100-9\n|html|<div class=\"broadcast-red\"><strong>This battle is required to be public due to one or more player having a season medal.</strong><br />During the public phase, you can discuss the state of the ladder <a href=\"/seasondiscussion\">in a special chatroom.</a></div>\n|uhtml|medal-msg|<div class=\"broadcast-blue\">Curious what those medals under the avatar are? PS now has Ladder Seasons! For more information, check out the <a href=\"https://www.smogon.com/forums/threads/3740067/\">thread on Smogon.</a></div>\n|raw|<div class=\"broadcast-blue\"><strong>This battle is required to be public due to a player having a name starting with 'medal'.</div>\n|j|\u2606dandetheheartless\n|j|\u2606DAHLI\n|t:|1782842924\n|gametype|singles\n|player|p1|dandetheheartless|winona|2153\n|player|p2|DAHLI|whitney|2307\n|gen|9\n|tier|[Gen 9] Random Battle\n|rated|\n|rule|Species Clause: Limit one of each Pok\u00e9mon\n|rule|HP Percentage Mod: HP is shown in percentages\n|rule|Sleep Clause Mod: Limit one foe put to sleep\n|rule|Illusion Level Mod: Illusion disguises the Pok\u00e9mon's true level\n|\n|t:|1782842924\n|teamsize|p1|6\n|teamsize|p2|6\n|start\n|switch|p1a: Gallade|Gallade, L80, M|240/240\n|switch|p2a: Pyroar|Pyroar, L88, M|295/295\n|-ability|p2a: Pyroar|Unnerve\n|turn|1\n|inactive|Battle timer is ON: inactive players will automatically lose when time's up. (requested by dandetheheartless)\n|\n|t:|1782842933\n|switch|p2a: Hippowdon|Hippowdon, L82, M|311/311\n|-weather|Sandstorm|[from] ability: Sand Stream|[of] p2a: Hippowdon\n|move|p1a: Gallade|Agility|p1a: Gallade\n|-boost|p1a: Gallade|spe|2\n|\n|-weather|Sandstorm|[upkeep]\n|-damage|p1a: Gallade|225/240|[from] Sandstorm\n|upkeep\n|turn|2\n|\n|t:|1782842940\n|switch|p1a: Sinistcha|Sinistcha, L83|254/254\n|move|p2a: Hippowdon|Stealth Rock|p1a: Sinistcha\n|-sidestart|p1: dandetheheartless|move: Stealth Rock\n|\n|-weather|Sandstorm|[upkeep]\n|-damage|p1a: Sinistcha|239/254|[from] Sandstorm\n|-heal|p1a: Sinistcha|254/254|[from] item: Leftovers\n|upkeep\n|turn|3\n|\n|t:|1782842953\n|switch|p1a: Gallade|Gallade, L80, M|225/240\n|-damage|p1a: Gallade|210/240|[from] Stealth Rock\n|switch|p2a: Pyroar|Pyroar, L88, M|295/295\n|-ability|p2a: Pyroar|Unnerve\n|\n|-weather|Sandstorm|[upkeep]\n|-damage|p2a: Pyroar|277/295|[from] Sandstorm\n|-damage|p1a: Gallade|195/240|[from] Sandstorm\n|upkeep\n|turn|4\n|\n|t:|1782842956\n|move|p2a: Pyroar|Will-O-Wisp|p1a: Gallade\n|-status|p1a: Gallade|brn\n|move|p1a: Gallade|Sacred Sword|p2a: Pyroar\n|-supereffective|p2a: Pyroar\n|-damage|p2a: Pyroar|50/295\n|-damage|p1a: Gallade|171/240 brn|[from] item: Life Orb\n|\n|-weather|Sandstorm|[upkeep]\n|-damage|p2a: Pyroar|32/295|[from] Sandstorm\n|-damage|p1a: Gallade|156/240 brn|[from] Sandstorm\n|-damage|p1a: Gallade|141/240 brn|[from] brn\n|upkeep\n|turn|5\n|\n|t:|1782842960\n|switch|p2a: Hippowdon|Hippowdon, L82, M|311/311\n|move|p1a: Gallade|Sacred Sword|p2a: Hippowdon\n|-damage|p2a: Hippowdon|230/311\n|-damage|p1a: Gallade|117/240 brn|[from] item: Life Orb\n|\n|-weather|none\n|-heal|p2a: Hippowdon|249/311|[from] item: Leftovers\n|-damage|p1a: Gallade|102/240 brn|[from] brn\n|upkeep\n|turn|6\n|\n|t:|1782842970\n|move|p1a: Gallade|Sacred Sword|p2a: Hippowdon\n|-damage|p2a: Hippowdon|170/311\n|-damage|p1a: Gallade|78/240 brn|[from] item: Life Orb\n|move|p2a: Hippowdon|Whirlwind|p1a: Gallade\n|drag|p1a: Iron Thorns|Iron Thorns, L83|302/302\n|-damage|p1a: Iron Thorns|265/302|[from] Stealth Rock\n|\n|-heal|p2a: Hippowdon|189/311|[from] item: Leftovers\n|upkeep\n|turn|7\n|\n|t:|1782842977\n|-end|p1a: Iron Thorns|Quark Drive|[silent]\n|switch|p1a: Gallade|Gallade, L80, M|78/240 brn\n|-damage|p1a: Gallade|63/240 brn|[from] Stealth Rock\n|move|p2a: Hippowdon|Whirlwind|p1a: Gallade\n|drag|p1a: Illumise|Illumise, L91, F|266/266\n|\n|-heal|p2a: Hippowdon|208/311|[from] item: Leftovers\n|upkeep\n|turn|8\n|\n|t:|1782842988\n|move|p1a: Illumise|Bug Buzz|p2a: Hippowdon\n|-damage|p2a: Hippowdon|108/311\n|move|p2a: Hippowdon|Whirlwind|p1a: Illumise\n|drag|p1a: Mimikyu|Mimikyu, L79, F|216/216\n|-damage|p1a: Mimikyu|189/216|[from] Stealth Rock\n|\n|-heal|p2a: Hippowdon|127/311|[from] item: Leftovers\n|upkeep\n|turn|9\n|\n|t:|1782842998\n|switch|p1a: Gallade|Gallade, L80, M|63/240 brn\n|-damage|p1a: Gallade|48/240 brn|[from] Stealth Rock\n|move|p2a: Hippowdon|Slack Off|p2a: Hippowdon\n|-heal|p2a: Hippowdon|283/311\n|\n|-heal|p2a: Hippowdon|302/311|[from] item: Leftovers\n|-damage|p1a: Gallade|33/240 brn|[from] brn\n|upkeep\n|turn|10\n|\n|t:|1782843001\n|move|p1a: Gallade|Sacred Sword|p2a: Hippowdon\n|-damage|p2a: Hippowdon|211/311\n|-damage|p1a: Gallade|9/240 brn|[from] item: Life Orb\n|move|p2a: Hippowdon|Whirlwind|p1a: Gallade\n|drag|p1a: Mimikyu|Mimikyu, L79, F|189/216\n|-damage|p1a: Mimikyu|162/216|[from] Stealth Rock\n|\n|-heal|p2a: Hippowdon|230/311|[from] item: Leftovers\n|upkeep\n|turn|11\n|\n|t:|1782843010\n|switch|p1a: Gallade|Gallade, L80, M|9/240 brn\n|-damage|p1a: Gallade|0 fnt|[from] Stealth Rock\n|faint|p1a: Gallade\n|move|p2a: Hippowdon|Whirlwind|p1: Gallade|[notarget]\n|-fail|p2a: Hippowdon\n|\n|-heal|p2a: Hippowdon|249/311|[from] item: Leftovers\n|upkeep\n|\n|t:|1782843015\n|switch|p1a: Sinistcha|Sinistcha, L83|254/254\n|-damage|p1a: Sinistcha|223/254|[from] Stealth Rock\n|turn|12\n|\n|t:|1782843035\n|switch|p2a: Registeel|Registeel, L81|262/262\n|move|p1a: Sinistcha|Matcha Gotcha|p2a: Registeel\n|-resisted|p2a: Registeel\n|-damage|p2a: Registeel|230/262\n|-heal|p1a: Sinistcha|239/254|[from] drain|[of] p2a: Registeel\n|\n|-heal|p1a: Sinistcha|254/254|[from] item: Leftovers\n|-heal|p2a: Registeel|246/262|[from] item: Leftovers\n|upkeep\n|turn|13\n|\n|t:|1782843040\n|switch|p1a: Raikou|Raikou, L81|278/278\n|-damage|p1a: Raikou|244/278|[from] Stealth Rock\n|-ability|p1a: Raikou|Pressure\n|move|p2a: Registeel|Thunder Wave|p1a: Raikou\n|-immune|p1a: Raikou\n|\n|-heal|p2a: Registeel|262/262|[from] item: Leftovers\n|upkeep\n|turn|14\n|\n|t:|1782843046\n|move|p1a: Raikou|Scald|p2a: Registeel\n|-damage|p2a: Registeel|200/262\n|-status|p2a: Registeel|brn\n|move|p2a: Registeel|Body Press|p1a: Raikou\n|-damage|p1a: Raikou|202/278\n|\n|-heal|p2a: Registeel|216/262 brn|[from] item: Leftovers\n|-damage|p2a: Registeel|200/262 brn|[from] brn\n|upkeep\n|turn|15\n|\n|t:|1782843058\n|switch|p1a: Iron Thorns|Iron Thorns, L83|265/302\n|-damage|p1a: Iron Thorns|228/302|[from] Stealth Rock\n|move|p2a: Registeel|Thunder Wave|p1a: Iron Thorns\n|-immune|p1a: Iron Thorns\n|\n|-heal|p2a: Registeel|216/262 brn|[from] item: Leftovers\n|-damage|p2a: Registeel|200/262 brn|[from] brn\n|upkeep\n|turn|16\n|\n|t:|1782843063\n|switch|p2a: Hippowdon|Hippowdon, L82, M|249/311\n|-weather|Sandstorm|[from] ability: Sand Stream|[of] p2a: Hippowdon\n|move|p1a: Iron Thorns|Ice Punch|p2a: Hippowdon\n|-supereffective|p2a: Hippowdon\n|-damage|p2a: Hippowdon|135/311\n|\n|-weather|Sandstorm|[upkeep]\n|-heal|p2a: Hippowdon|154/311|[from] item: Leftovers\n|upkeep\n|turn|17\n|\n|t:|1782843071\n|-end|p1a: Iron Thorns|Quark Drive|[silent]\n|switch|p1a: Illumise|Illumise, L91, F|266/266\n|move|p2a: Hippowdon|Slack Off|p2a: Hippowdon\n|-heal|p2a: Hippowdon|310/311\n|\n|-weather|Sandstorm|[upkeep]\n|-damage|p1a: Illumise|250/266|[from] Sandstorm\n|-heal|p2a: Hippowdon|311/311|[from] item: Leftovers\n|upkeep\n|turn|18\n|\n|t:|1782843076\n|switch|p2a: Registeel|Registeel, L81|200/262 brn\n|move|p1a: Illumise|Bug Buzz|p2a: Registeel\n|-resisted|p2a: Registeel\n|-damage|p2a: Registeel|169/262 brn\n|\n|-weather|Sandstorm|[upkeep]\n|-damage|p1a: Illumise|234/266|[from] Sandstorm\n|-heal|p2a: Registeel|185/262 brn|[from] item: Leftovers\n|-damage|p2a: Registeel|169/262 brn|[from] brn\n|upkeep\n|turn|19\n|\n|t:|1782843081\n|switch|p2a: Hippowdon|Hippowdon, L82, M|311/311\n|move|p1a: Illumise|Bug Buzz|p2a: Hippowdon\n|-damage|p2a: Hippowdon|202/311\n|\n|-weather|Sandstorm|[upkeep]\n|-damage|p1a: Illumise|218/266|[from] Sandstorm\n|-heal|p2a: Hippowdon|221/311|[from] item: Leftovers\n|upkeep\n|turn|20\n|\n|t:|1782843088\n|move|p1a: Illumise|Bug Buzz|p2a: Hippowdon\n|-damage|p2a: Hippowdon|110/311\n|move|p2a: Hippowdon|Slack Off|p2a: Hippowdon\n|-heal|p2a: Hippowdon|266/311\n|\n|-weather|none\n|-heal|p2a: Hippowdon|285/311|[from] item: Leftovers\n|upkeep\n|turn|21\n|\n|t:|1782843094\n|switch|p2a: Registeel|Registeel, L81|169/262 brn\n|move|p1a: Illumise|Bug Buzz|p2a: Registeel\n|-resisted|p2a: Registeel\n|-damage|p2a: Registeel|138/262 brn\n|\n|-heal|p2a: Registeel|154/262 brn|[from] item: Leftovers\n|-damage|p2a: Registeel|138/262 brn|[from] brn\n|upkeep\n|turn|22\n|\n|t:|1782843097\n|switch|p1a: Iron Thorns|Iron Thorns, L83|228/302\n|-damage|p1a: Iron Thorns|191/302|[from] Stealth Rock\n|switch|p2a: Hippowdon|Hippowdon, L82, M|285/311\n|-weather|Sandstorm|[from] ability: Sand Stream|[of] p2a: Hippowdon\n|\n|-weather|Sandstorm|[upkeep]\n|-heal|p2a: Hippowdon|304/311|[from] item: Leftovers\n|upkeep\n|turn|23\n|\n|t:|1782843100\n|-end|p1a: Iron Thorns|Quark Drive|[silent]\n|switch|p1a: Sinistcha|Sinistcha, L83|254/254\n|-damage|p1a: Sinistcha|223/254|[from] Stealth Rock\n|move|p2a: Hippowdon|Whirlwind|p1a: Sinistcha\n|drag|p1a: Illumise|Illumise, L91, F|218/266\n|\n|-weather|Sandstorm|[upkeep]\n|-damage|p1a: Illumise|202/266|[from] Sandstorm\n|-heal|p2a: Hippowdon|311/311|[from] item: Leftovers\n|upkeep\n|turn|24\n|\n|t:|1782843103\n|move|p1a: Illumise|Bug Buzz|p2a: Hippowdon\n|-damage|p2a: Hippowdon|206/311\n|move|p2a: Hippowdon|Whirlwind|p1a: Illumise\n|drag|p1a: Raikou|Raikou, L81|202/278\n|-damage|p1a: Raikou|168/278|[from] Stealth Rock\n|-ability|p1a: Raikou|Pressure\n|\n|-weather|Sandstorm|[upkeep]\n|-damage|p1a: Raikou|151/278|[from] Sandstorm\n|-heal|p2a: Hippowdon|225/311|[from] item: Leftovers\n|upkeep\n|turn|25\n|\n|t:|1782843109\n|switch|p2a: Registeel|Registeel, L81|138/262 brn\n|move|p1a: Raikou|Scald|p2a: Registeel\n|-crit|p2a: Registeel\n|-damage|p2a: Registeel|47/262 brn\n|\n|-weather|Sandstorm|[upkeep]\n|-damage|p1a: Raikou|134/278|[from] Sandstorm\n|-heal|p2a: Registeel|63/262 brn|[from] item: Leftovers\n|-damage|p2a: Registeel|47/262 brn|[from] brn\n|upkeep\n|turn|26\n|\n|t:|1782843114\n|move|p1a: Raikou|Scald|p2a: Registeel\n|-damage|p2a: Registeel|0 fnt\n|faint|p2a: Registeel\n|\n|-weather|none\n|upkeep\n|\n|t:|1782843116\n|switch|p2a: Roaring Moon|Roaring Moon, L72|270/270\n|turn|27\n|\n|t:|1782843120\n|switch|p1a: Mimikyu|Mimikyu, L79, F|162/216\n|-damage|p1a: Mimikyu|135/216|[from] Stealth Rock\n|move|p2a: Roaring Moon|Dragon Dance|p2a: Roaring Moon\n|-boost|p2a: Roaring Moon|atk|1\n|-boost|p2a: Roaring Moon|spe|1\n|\n|upkeep\n|turn|28\n|\n|t:|1782843123\n|-end|p2a: Roaring Moon|Protosynthesis|[silent]\n|switch|p2a: Hippowdon|Hippowdon, L82, M|225/311\n|-weather|Sandstorm|[from] ability: Sand Stream|[of] p2a: Hippowdon\n|move|p1a: Mimikyu|Play Rough|p2a: Hippowdon\n|-damage|p2a: Hippowdon|142/311\n|-damage|p1a: Mimikyu|114/216|[from] item: Life Orb\n|\n|-weather|Sandstorm|[upkeep]\n|-damage|p1a: Mimikyu|101/216|[from] Sandstorm\n|-heal|p2a: Hippowdon|161/311|[from] item: Leftovers\n|upkeep\n|turn|29\n|\n|t:|1782843129\n|switch|p1a: Sinistcha|Sinistcha, L83|223/254\n|-damage|p1a: Sinistcha|192/254|[from] Stealth Rock\n|move|p2a: Hippowdon|Slack Off|p2a: Hippowdon\n|-heal|p2a: Hippowdon|311/311\n|\n|-weather|Sandstorm|[upkeep]\n|-damage|p1a: Sinistcha|177/254|[from] Sandstorm\n|-heal|p1a: Sinistcha|192/254|[from] item: Leftovers\n|upkeep\n|turn|30\n|\n|t:|1782843133\n|switch|p2a: Pyroar|Pyroar, L88, M|32/295\n|-ability|p2a: Pyroar|Unnerve\n|move|p1a: Sinistcha|Matcha Gotcha|p2a: Pyroar\n|-resisted|p2a: Pyroar\n|-damage|p2a: Pyroar|0 fnt\n|-heal|p1a: Sinistcha|208/254|[from] drain|[of] p2a: Pyroar\n|faint|p2a: Pyroar\n|\n|-weather|Sandstorm|[upkeep]\n|-damage|p1a: Sinistcha|193/254|[from] Sandstorm\n|-heal|p1a: Sinistcha|208/254|[from] item: Leftovers\n|upkeep\n|\n|t:|1782843137\n|switch|p2a: Roaring Moon|Roaring Moon, L72|270/270\n|turn|31\n|\n|t:|1782843158\n|-terastallize|p1a: Sinistcha|Steel\n|move|p2a: Roaring Moon|Knock Off|p1a: Sinistcha\n|-damage|p1a: Sinistcha|126/254\n|-enditem|p1a: Sinistcha|Leftovers|[from] move: Knock Off|[of] p2a: Roaring Moon\n|move|p1a: Sinistcha|Calm Mind|p1a: Sinistcha\n|-boost|p1a: Sinistcha|spa|1\n|-boost|p1a: Sinistcha|spd|1\n|\n|-weather|Sandstorm|[upkeep]\n|-damage|p2a: Roaring Moon|254/270|[from] Sandstorm\n|upkeep\n|turn|32\n|\n|t:|1782843169\n|-terastallize|p2a: Roaring Moon|Ground\n|move|p2a: Roaring Moon|Earthquake|p1a: Sinistcha\n|-supereffective|p1a: Sinistcha\n|-damage|p1a: Sinistcha|0 fnt\n|faint|p1a: Sinistcha\n|\n|-weather|none\n|upkeep\n|\n|t:|1782843177\n|switch|p1a: Illumise|Illumise, L91, F|202/266\n|turn|33\n|\n|t:|1782843181\n|switch|p1a: Raikou|Raikou, L81|134/278\n|-damage|p1a: Raikou|100/278|[from] Stealth Rock\n|-ability|p1a: Raikou|Pressure\n|move|p2a: Roaring Moon|Knock Off|p1a: Raikou\n|-damage|p1a: Raikou|0 fnt\n|-enditem|p1a: Raikou|Choice Specs|[from] move: Knock Off|[of] p2a: Roaring Moon\n|faint|p1a: Raikou\n|\n|upkeep\n|-message|dandetheheartless forfeited.\n|\n|win|DAHLI\n|raw|dandetheheartless's rating: 2153 &rarr; <strong>2141</strong><br />(-12 for losing)\n|raw|DAHLI's rating: 2307 &rarr; <strong>2319</strong><br />(+12 for winning)\n", "inputlog": ">version f8ac14003a5f27e1bdc8d8c59608a773c1cb96e5\n>start {\"formatid\":\"gen9randombattle\",\"seed\":\"sodium,cb1e4f509957510a13175bc0d356d435\",\"rated\":\"Rated battle\"}\n>player p1 {\"name\":\"dandetheheartless\",\"avatar\":\"winona\",\"rating\":2153,\"seed\":\"sodium,652b1fb92e17c40ecd93b83b85d690c7\"}\n>player p2 {\"name\":\"DAHLI\",\"avatar\":\"whitney\",\"rating\":2307,\"seed\":\"sodium,2ec531b1cd35b0c6681cdaee1ca46571\"}\n>p1 move agility\n>p2 switch 3\n>p1 switch 2\n>p2 move stealthrock\n>p1 switch 2\n>p2 switch 3\n>p1 move sacredsword\n>p2 move willowisp\n>p1 move sacredsword\n>p2 switch 3\n>p1 move sacredsword\n>p2 move whirlwind\n>p1 switch 6\n>p2 move whirlwind\n>p1 move bugbuzz\n>p2 move whirlwind\n>p1 switch 5\n>p2 move slackoff\n>p1 move sacredsword\n>p2 move whirlwind\n>p1 switch 5\n>p2 move whirlwind\n>p1 switch 2\n>p1 move matchagotcha\n>p2 switch 4\n>p1 switch 4\n>p2 move thunderwave\n>p1 move scald\n>p2 move bodypress\n>p1 switch 6\n>p2 move thunderwave\n>p1 move icepunch\n>p2 switch 4\n>p1 switch 3\n>p2 move slackoff\n>p1 move bugbuzz\n>p2 switch 4\n>p1 move bugbuzz\n>p2 switch 4\n>p1 move bugbuzz\n>p2 move slackoff\n>p1 move bugbuzz\n>p2 switch 4\n>p1 switch 3\n>p2 switch 4\n>p1 switch 4\n>p2 move whirlwind\n>p1 move bugbuzz\n>p2 move whirlwind\n>p1 move scald\n>p2 switch 4\n>p1 move scald\n>p2 move bodypress\n>p2 switch 6\n>p1 switch 5\n>p2 move dragondance\n>p1 move playrough\n>p2 switch 4\n>p1 switch 3\n>p2 move slackoff\n>p1 move matchagotcha\n>p2 switch 3\n>p2 switch 4\n>p1 move calmmind terastallize\n>p2 move knockoff\n>p1 move strengthsap\n>p2 move earthquake terastallize\n>p1 switch 6\n>p1 switch 5\n>p2 move knockoff\n>forcelose p1", "uploadtime": 1782843184, "views": 6, "formatid": "gen9randombattle", "rating": 2141, "private": 0, "password": null, "player_dets": [{"name": "dandetheheartless", "avatar": "winona", "rating": 2153, "seed": "sodium,652b1fb92e17c40ecd93b83b85d690c7"}, {"name": "DAHLI", "avatar": "whitney", "rating": 2307, "seed": "sodium,2ec531b1cd35b0c6681cdaee1ca46571"}], "teams_full": [{"Gallade": {"name": "Gallade", "species": "Gallade", "speciesId": "gallade", "gender": "M", "shiny": false, "level": 80, "moves": ["agility", "nightslash", "sacredsword", "psychocut"], "ability": "Sharpness", "evs": {"hp": 85, "atk": 85, "def": 85, "spa": 85, "spd": 85, "spe": 85}, "ivs": {"hp": 31, "atk": 31, "def": 31, "spa": 31, "spd": 31, "spe": 31}, "item": "Life Orb", "teraType": "Fighting", "role": "Setup Sweeper", "bvs": {"hp": 68, "atk": 125, "def": 65, "spa": 65, "spd": 115, "spe": 80}, "stats": {"hp": 240, "atk": 246, "def": 150, "spa": 150, "spd": 230, "spe": 174}, "types": ["Psychic", "Fighting"]}, "Sinistcha": {"name": "Sinistcha", "species": "Sinistcha", "speciesId": "sinistcha", "gender": "N", "shiny": false, "level": 83, "moves": ["shadowball", "calmmind", "strengthsap", "matchagotcha"], "ability": "Heatproof", "evs": {"hp": 85, "atk": 0, "def": 85, "spa": 85, "spd": 85, "spe": 85}, "ivs": {"hp": 31, "atk": 0, "def": 31, "spa": 31, "spd": 31, "spe": 31}, "item": "Leftovers", "teraType": "Steel", "role": "Bulky Setup", "bvs": {"hp": 71, "atk": 60, "def": 106, "spa": 121, "spd": 80, "spe": 70}, "stats": {"hp": 254, "atk": 104, "def": 224, "spa": 249, "spd": 180, "spe": 164}, "types": ["Grass", "Ghost"]}, "Mimikyu": {"name": "Mimikyu", "species": "Mimikyu", "speciesId": "mimikyu", "gender": "F", "shiny": false, "level": 79, "moves": ["swordsdance", "drainpunch", "playrough", "shadowsneak"], "ability": "Disguise", "evs": {"hp": 85, "atk": 85, "def": 85, "spa": 85, "spd": 85, "spe": 85}, "ivs": {"hp": 31, "atk": 31, "def": 31, "spa": 31, "spd": 31, "spe": 31}, "item": "Life Orb", "teraType": "Fighting", "role": "Setup Sweeper", "bvs": {"hp": 55, "atk": 90, "def": 80, "spa": 50, "spd": 105, "spe": 96}, "stats": {"hp": 216, "atk": 188, "def": 172, "spa": 125, "spd": 211, "spe": 197}, "types": ["Ghost", "Fairy"]}, "Raikou": {"name": "Raikou", "species": "Raikou", "speciesId": "raikou", "gender": "N", "shiny": false, "level": 81, "moves": ["thunderbolt", "shadowball", "scald", "voltswitch"], "ability": "Pressure", "evs": {"hp": 85, "atk": 0, "def": 85, "spa": 85, "spd": 85, "spe": 85}, "ivs": {"hp": 31, "atk": 0, "def": 31, "spa": 31, "spd": 31, "spe": 31}, "item": "Choice Specs", "teraType": "Water", "role": "Bulky Attacker", "bvs": {"hp": 90, "atk": 85, "def": 75, "spa": 115, "spd": 100, "spe": 115}, "stats": {"hp": 278, "atk": 142, "def": 168, "spa": 233, "spd": 209, "spe": 233}, "types": ["Electric"]}, "Illumise": {"name": "Illumise", "species": "Illumise", "speciesId": "illumise", "gender": "F", "shiny": false, "level": 91, "moves": ["thunderwave", "bugbuzz", "roost", "encore"], "ability": "Prankster", "evs": {"hp": 85, "atk": 0, "def": 85, "spa": 85, "spd": 85, "spe": 85}, "ivs": {"hp": 31, "atk": 0, "def": 31, "spa": 31, "spd": 31, "spe": 31}, "item": "Heavy-Duty Boots", "teraType": "Steel", "role": "Bulky Support", "bvs": {"hp": 65, "atk": 47, "def": 75, "spa": 73, "spd": 85, "spe": 85}, "stats": {"hp": 266, "atk": 90, "def": 188, "spa": 185, "spd": 207, "spe": 207}, "types": ["Bug"]}, "Iron Thorns": {"name": "Iron Thorns", "species": "Iron Thorns", "speciesId": "ironthorns", "gender": "N", "shiny": false, "level": 83, "moves": ["stoneedge", "wildcharge", "icepunch", "voltswitch"], "ability": "Quark Drive", "evs": {"hp": 85, "atk": 85, "def": 85, "spa": 85, "spd": 85, "spe": 85}, "ivs": {"hp": 31, "atk": 31, "def": 31, "spa": 31, "spd": 31, "spe": 31}, "item": "Assault Vest", "teraType": "Water", "role": "Fast Support", "bvs": {"hp": 100, "atk": 134, "def": 110, "spa": 70, "spd": 84, "spe": 72}, "stats": {"hp": 302, "atk": 270, "def": 230, "spa": 164, "spd": 187, "spe": 167}, "types": ["Rock", "Electric"]}}, {"Pyroar": {"name": "Pyroar", "species": "Pyroar", "speciesId": "pyroar", "gender": "M", "shiny": false, "level": 88, "moves": ["willowisp", "darkpulse", "fireblast", "hypervoice"], "ability": "Unnerve", "evs": {"hp": 85, "atk": 0, "def": 85, "spa": 85, "spd": 85, "spe": 85}, "ivs": {"hp": 31, "atk": 0, "def": 31, "spa": 31, "spd": 31, "spe": 31}, "item": "Heavy-Duty Boots", "teraType": "Fire", "role": "Fast Attacker", "bvs": {"hp": 86, "atk": 68, "def": 72, "spa": 109, "spd": 66, "spe": 106}, "stats": {"hp": 295, "atk": 124, "def": 177, "spa": 242, "spd": 166, "spe": 237}, "types": ["Fire", "Normal"]}, "Grafaiai": {"name": "Grafaiai", "species": "Grafaiai", "speciesId": "grafaiai", "gender": "M", "shiny": false, "level": 86, "moves": ["knockoff", "lowkick", "swordsdance", "gunkshot"], "ability": "Poison Touch", "evs": {"hp": 85, "atk": 85, "def": 85, "spa": 85, "spd": 85, "spe": 85}, "ivs": {"hp": 31, "atk": 31, "def": 31, "spa": 31, "spd": 31, "spe": 31}, "item": "Life Orb", "teraType": "Dark", "role": "Setup Sweeper", "bvs": {"hp": 63, "atk": 95, "def": 65, "spa": 80, "spd": 72, "spe": 110}, "stats": {"hp": 249, "atk": 213, "def": 161, "spa": 187, "spd": 173, "spe": 238}, "types": ["Poison", "Normal"]}, "Hippowdon": {"name": "Hippowdon", "species": "Hippowdon", "speciesId": "hippowdon", "gender": "M", "shiny": false, "level": 82, "moves": ["stealthrock", "earthquake", "slackoff", "whirlwind"], "ability": "Sand Stream", "evs": {"hp": 85, "atk": 85, "def": 85, "spa": 85, "spd": 85, "spe": 85}, "ivs": {"hp": 31, "atk": 31, "def": 31, "spa": 31, "spd": 31, "spe": 31}, "item": "Leftovers", "teraType": "Dragon", "role": "Bulky Support", "bvs": {"hp": 108, "atk": 112, "def": 118, "spa": 68, "spd": 72, "spe": 47}, "stats": {"hp": 311, "atk": 231, "def": 241, "spa": 159, "spd": 165, "spe": 124}, "types": ["Ground"]}, "Registeel": {"name": "Registeel", "species": "Registeel", "speciesId": "registeel", "gender": "N", "shiny": false, "level": 81, "moves": ["thunderwave", "bodypress", "ironhead", "irondefense"], "ability": "Clear Body", "evs": {"hp": 85, "atk": 85, "def": 85, "spa": 85, "spd": 85, "spe": 85}, "ivs": {"hp": 31, "atk": 31, "def": 31, "spa": 31, "spd": 31, "spe": 31}, "item": "Leftovers", "teraType": "Fighting", "role": "Bulky Support", "bvs": {"hp": 80, "atk": 75, "def": 150, "spa": 75, "spd": 150, "spe": 50}, "stats": {"hp": 262, "atk": 168, "def": 290, "spa": 168, "spd": 290, "spe": 128}, "types": ["Steel"]}, "Mewtwo": {"name": "Mewtwo", "species": "Mewtwo", "speciesId": "mewtwo", "gender": "N", "shiny": false, "level": 72, "moves": ["aurasphere", "darkpulse", "psystrike", "nastyplot"], "ability": "Unnerve", "evs": {"hp": 85, "atk": 0, "def": 85, "spa": 85, "spd": 85, "spe": 85}, "ivs": {"hp": 31, "atk": 0, "def": 31, "spa": 31, "spd": 31, "spe": 31}, "item": "Life Orb", "teraType": "Fighting", "role": "Setup Sweeper", "bvs": {"hp": 106, "atk": 110, "def": 90, "spa": 154, "spd": 90, "spe": 130}, "stats": {"hp": 272, "atk": 163, "def": 172, "spa": 264, "spd": 172, "spe": 229}, "types": ["Psychic"]}, "Roaring Moon": {"name": "Roaring Moon", "species": "Roaring Moon", "speciesId": "roaringmoon", "gender": "N", "shiny": false, "level": 72, "moves": ["outrage", "knockoff", "dragondance", "earthquake"], "ability": "Protosynthesis", "evs": {"hp": 85, "atk": 85, "def": 85, "spa": 85, "spd": 85, "spe": 85}, "ivs": {"hp": 31, "atk": 31, "def": 31, "spa": 31, "spd": 31, "spe": 31}, "item": "Lum Berry", "teraType": "Ground", "role": "Setup Sweeper", "bvs": {"hp": 105, "atk": 139, "def": 71, "spa": 55, "spd": 101, "spe": 119}, "stats": {"hp": 270, "atk": 242, "def": 144, "spa": 121, "spd": 187, "spe": 213}, "types": ["Dragon", "Dark"]}}]}