{"id": "gen9randombattle-2641750457", "format": "[Gen 9] Random Battle", "players": ["JAVRider", "testbotcif"], "log": "|j|\u2606JAVRider\n|j|\u2606testbotcif\n|t:|1782837497\n|gametype|singles\n|player|p1|JAVRider|gentleman-gen4|1222\n|player|p2|testbotcif|266|1258\n|gen|9\n|tier|[Gen 9] Random Battle\n|rated|\n|rule|Species Clause: Limit one of each Pok\u00e9mon\n|rule|HP Percentage Mod: HP is shown in percentages\n|rule|Sleep Clause Mod: Limit one foe put to sleep\n|rule|Illusion Level Mod: Illusion disguises the Pok\u00e9mon's true level\n|\n|t:|1782837497\n|teamsize|p1|6\n|teamsize|p2|6\n|start\n|switch|p1a: Hitmonchan|Hitmonchan, L87, M|229/229\n|switch|p2a: Sneasler|Sneasler, L74, F|240/240\n|turn|1\n|c|\u2606testbotcif|rlhf\n|inactive|Battle timer is ON: inactive players will automatically lose when time's up. (requested by JAVRider)\n|inactive|testbotcif also wants the timer to be on.\n|\n|t:|1782837511\n|switch|p1a: Iron Treads|Iron Treads, L77|265/265\n|move|p2a: Sneasler|Close Combat|p1a: Iron Treads\n|-supereffective|p1a: Iron Treads\n|-damage|p1a: Iron Treads|0 fnt\n|-unboost|p2a: Sneasler|def|1\n|-unboost|p2a: Sneasler|spd|1\n|faint|p1a: Iron Treads\n|-end|p1a: Iron Treads|Quark Drive|[silent]\n|\n|upkeep\n|\n|t:|1782837519\n|switch|p1a: Dugtrio|Dugtrio-Alola, L84, M|196/196\n|turn|2\n|\n|t:|1782837524\n|move|p1a: Dugtrio|Earthquake|p2a: Sneasler\n|-supereffective|p2a: Sneasler\n|-damage|p2a: Sneasler|0 fnt\n|faint|p2a: Sneasler\n|\n|upkeep\n|\n|t:|1782837524\n|switch|p2a: Veluza|Veluza, L85, M|292/292\n|turn|3\n|\n|t:|1782837553\n|switch|p1a: Exeggutor|Exeggutor-Alola, L89, F|314/314\n|move|p2a: Veluza|Aqua Cutter|p1a: Exeggutor\n|-resisted|p1a: Exeggutor\n|-damage|p1a: Exeggutor|283/314\n|\n|upkeep\n|turn|4\n|\n|t:|1782837562\n|-terastallize|p2a: Veluza|Dark\n|move|p2a: Veluza|Fillet Away|p2a: Veluza\n|-boost|p2a: Veluza|atk|2\n|-boost|p2a: Veluza|spa|2\n|-boost|p2a: Veluza|spe|2\n|-damage|p2a: Veluza|146/292\n|-enditem|p2a: Veluza|Sitrus Berry|[eat]\n|-heal|p2a: Veluza|219/292|[from] item: Sitrus Berry\n|move|p1a: Exeggutor|Calm Mind|p1a: Exeggutor\n|-boost|p1a: Exeggutor|spa|1\n|-boost|p1a: Exeggutor|spd|1\n|\n|upkeep\n|turn|5\n|\n|t:|1782837573\n|move|p2a: Veluza|Night Slash|p1a: Exeggutor\n|-crit|p1a: Exeggutor\n|-damage|p1a: Exeggutor|0 fnt\n|faint|p1a: Exeggutor\n|\n|upkeep\n|\n|t:|1782837586\n|switch|p1a: Iron Valiant|Iron Valiant, L78|244/244\n|turn|6\n|\n|t:|1782837594\n|move|p2a: Veluza|Psycho Cut|p1a: Iron Valiant\n|-supereffective|p1a: Iron Valiant\n|-damage|p1a: Iron Valiant|0 fnt\n|faint|p1a: Iron Valiant\n|-end|p1a: Iron Valiant|Quark Drive|[silent]\n|\n|upkeep\n|inactive|JAVRider has 120 seconds left.\n|\n|t:|1782837619\n|switch|p1a: Dugtrio|Dugtrio-Alola, L84, M|196/196\n|turn|7\n|inactive|JAVRider has 120 seconds left.\n|\n|t:|1782837631\n|-terastallize|p1a: Dugtrio|Steel\n|move|p2a: Veluza|Aqua Cutter|p1a: Dugtrio\n|-damage|p1a: Dugtrio|0 fnt\n|faint|p1a: Dugtrio\n|\n|upkeep\n|\n|t:|1782837644\n|switch|p1a: Hitmonchan|Hitmonchan, L87, M|229/229\n|turn|8\n|\n|t:|1782837648\n|move|p2a: Veluza|Psycho Cut|p1a: Hitmonchan\n|-supereffective|p1a: Hitmonchan\n|-damage|p1a: Hitmonchan|0 fnt\n|faint|p1a: Hitmonchan\n|\n|upkeep\n|\n|t:|1782837652\n|switch|p1a: Ampharos|Ampharos, L88, M|302/302\n|turn|9\n|\n|t:|1782837656\n|move|p2a: Veluza|Night Slash|p1a: Ampharos\n|-damage|p1a: Ampharos|62/302\n|move|p1a: Ampharos|Dragon Tail|p2a: Veluza\n|-damage|p2a: Veluza|176/292\n|drag|p2a: Weezing|Weezing, L88, F|258/258\n|\n|upkeep\n|turn|10\n|inactive|JAVRider has 120 seconds left.\n|inactive|JAVRider has 90 seconds left.\n|inactive|JAVRider has 60 seconds left.\n|inactive|JAVRider has 30 seconds left.\n|inactive|JAVRider has 20 seconds left.\n|inactive|JAVRider has 15 seconds left.\n|inactive|JAVRider has 10 seconds left.\n|inactive|JAVRider has 5 seconds left.\n|-message|JAVRider lost due to inactivity.\n|\n|win|testbotcif\n|raw|JAVRider's rating: 1222 &rarr; <strong>1200</strong><br />(-22 for losing)\n|raw|testbotcif's rating: 1258 &rarr; <strong>1280</strong><br />(+22 for winning)\n", "inputlog": ">version f8ac14003a5f27e1bdc8d8c59608a773c1cb96e5\n>start {\"formatid\":\"gen9randombattle\",\"seed\":\"sodium,678d72732712f9d1afed4cfcd5112c8c\",\"rated\":\"Rated battle\"}\n>player p1 {\"name\":\"JAVRider\",\"avatar\":\"gentleman-gen4\",\"rating\":1222,\"seed\":\"sodium,45d63f99cb2ccd4a8864367317083a0c\"}\n>player p2 {\"name\":\"testbotcif\",\"avatar\":\"266\",\"rating\":1258,\"seed\":\"sodium,460ddb73d6166183aed04df85ab641fd\"}\n>chat \u2606testbotcif|rlhf\n>p1 switch 5\n>p2 move closecombat\n>p1 switch 6\n>p1 move earthquake\n>p2 move closecombat\n>p2 switch 2\n>p1 switch 2\n>p2 move aquacutter\n>p1 move calmmind\n>p2 move filletaway terastallize\n>p1 move gigadrain\n>p2 move nightslash\n>p1 switch 3\n>p1 move spiritbreak\n>p2 move psychocut\n>p1 switch 2\n>p1 move ironhead terastallize\n>p2 move aquacutter\n>p1 switch 5\n>p1 move drainpunch\n>p2 move psychocut\n>p1 switch 4\n>p1 move dragontail\n>p2 move nightslash\n>forcelose p1", "uploadtime": 1782837802, "views": 6, "formatid": "gen9randombattle", "rating": 1200, "private": 0, "password": null, "player_dets": [{"name": "JAVRider", "avatar": "gentleman-gen4", "rating": 1222, "seed": "sodium,45d63f99cb2ccd4a8864367317083a0c"}, {"name": "testbotcif", "avatar": "266", "rating": 1258, "seed": "sodium,460ddb73d6166183aed04df85ab641fd"}], "teams_full": [{"Hitmonchan": {"name": "Hitmonchan", "species": "Hitmonchan", "speciesId": "hitmonchan", "gender": "M", "shiny": false, "level": 87, "moves": ["drainpunch", "knockoff", "poisonjab", "rapidspin"], "ability": "Iron Fist", "evs": {"hp": 85, "atk": 85, "def": 85, "spa": 85, "spd": 85, "spe": 85}, "ivs": {"hp": 31, "atk": 31, "def": 31, "spa": 31, "spd": 31, "spe": 31}, "item": "Assault Vest", "teraType": "Steel", "role": "Bulky Support", "bvs": {"hp": 50, "atk": 105, "def": 79, "spa": 35, "spd": 110, "spe": 76}, "stats": {"hp": 229, "atk": 232, "def": 187, "spa": 111, "spd": 241, "spe": 182}, "types": ["Fighting"]}, "Exeggutor": {"name": "Exeggutor", "species": "Exeggutor-Alola", "speciesId": "exeggutoralola", "gender": "F", "shiny": false, "level": 89, "moves": ["calmmind", "dragonpulse", "flamethrower", "gigadrain"], "ability": "Harvest", "evs": {"hp": 85, "atk": 0, "def": 85, "spa": 85, "spd": 85, "spe": 85}, "ivs": {"hp": 31, "atk": 0, "def": 31, "spa": 31, "spd": 31, "spe": 31}, "item": "Sitrus Berry", "teraType": "Steel", "role": "Bulky Setup", "bvs": {"hp": 95, "atk": 105, "def": 85, "spa": 125, "spd": 75, "spe": 45}, "stats": {"hp": 314, "atk": 191, "def": 202, "spa": 273, "spd": 184, "spe": 131}, "types": ["Grass", "Dragon"]}, "Iron Valiant": {"name": "Iron Valiant", "species": "Iron Valiant", "speciesId": "ironvaliant", "gender": "N", "shiny": false, "level": 78, "moves": ["knockoff", "spiritbreak", "swordsdance", "closecombat"], "ability": "Quark Drive", "evs": {"hp": 85, "atk": 85, "def": 85, "spa": 85, "spd": 85, "spe": 85}, "ivs": {"hp": 31, "atk": 31, "def": 31, "spa": 31, "spd": 31, "spe": 31}, "item": "Life Orb", "teraType": "Fighting", "role": "Setup Sweeper", "bvs": {"hp": 74, "atk": 130, "def": 90, "spa": 120, "spd": 60, "spe": 116}, "stats": {"hp": 244, "atk": 248, "def": 185, "spa": 232, "spd": 139, "spe": 226}, "types": ["Fairy", "Fighting"]}, "Ampharos": {"name": "Ampharos", "species": "Ampharos", "speciesId": "ampharos", "gender": "M", "shiny": false, "level": 88, "moves": ["discharge", "dragontail", "dazzlinggleam", "voltswitch"], "ability": "Static", "evs": {"hp": 85, "atk": 85, "def": 85, "spa": 85, "spd": 85, "spe": 85}, "ivs": {"hp": 31, "atk": 31, "def": 31, "spa": 31, "spd": 31, "spe": 31}, "item": "Assault Vest", "teraType": "Fairy", "role": "AV Pivot", "bvs": {"hp": 90, "atk": 75, "def": 85, "spa": 115, "spd": 90, "spe": 55}, "stats": {"hp": 302, "atk": 182, "def": 200, "spa": 253, "spd": 209, "spe": 147}, "types": ["Electric"]}, "Iron Treads": {"name": "Iron Treads", "species": "Iron Treads", "speciesId": "irontreads", "gender": "N", "shiny": false, "level": 77, "moves": ["earthquake", "voltswitch", "ironhead", "stealthrock"], "ability": "Quark Drive", "evs": {"hp": 85, "atk": 85, "def": 85, "spa": 85, "spd": 85, "spe": 85}, "ivs": {"hp": 31, "atk": 31, "def": 31, "spa": 31, "spd": 31, "spe": 31}, "item": "Leftovers", "teraType": "Ghost", "role": "Bulky Support", "bvs": {"hp": 90, "atk": 112, "def": 120, "spa": 72, "spd": 70, "spe": 106}, "stats": {"hp": 265, "atk": 217, "def": 229, "spa": 155, "spd": 152, "spe": 208}, "types": ["Ground", "Steel"]}, "Dugtrio": {"name": "Dugtrio", "species": "Dugtrio-Alola", "speciesId": "dugtrioalola", "gender": "M", "shiny": false, "level": 84, "moves": ["ironhead", "stoneedge", "earthquake", "suckerpunch"], "ability": "Tangling Hair", "evs": {"hp": 85, "atk": 85, "def": 85, "spa": 85, "spd": 85, "spe": 85}, "ivs": {"hp": 31, "atk": 31, "def": 31, "spa": 31, "spd": 31, "spe": 31}, "item": "Choice Band", "teraType": "Steel", "role": "Fast Attacker", "bvs": {"hp": 35, "atk": 100, "def": 60, "spa": 50, "spd": 70, "spe": 110}, "stats": {"hp": 196, "atk": 216, "def": 149, "spa": 132, "spd": 166, "spe": 233}, "types": ["Ground", "Steel"]}}, {"Sneasler": {"name": "Sneasler", "species": "Sneasler", "speciesId": "sneasler", "gender": "F", "shiny": false, "level": 74, "moves": ["throatchop", "closecombat", "uturn", "direclaw"], "ability": "Poison Touch", "evs": {"hp": 85, "atk": 85, "def": 85, "spa": 85, "spd": 85, "spe": 85}, "ivs": {"hp": 31, "atk": 31, "def": 31, "spa": 31, "spd": 31, "spe": 31}, "item": "Choice Band", "teraType": "Fighting", "role": "Fast Attacker", "bvs": {"hp": 80, "atk": 130, "def": 60, "spa": 40, "spd": 80, "spe": 120}, "stats": {"hp": 240, "atk": 235, "def": 132, "spa": 102, "spd": 161, "spe": 221}, "types": ["Fighting", "Poison"]}, "Veluza": {"name": "Veluza", "species": "Veluza", "speciesId": "veluza", "gender": "M", "shiny": false, "level": 85, "moves": ["nightslash", "psychocut", "filletaway", "aquacutter"], "ability": "Sharpness", "evs": {"hp": 85, "atk": 85, "def": 85, "spa": 85, "spd": 85, "spe": 85}, "ivs": {"hp": 31, "atk": 31, "def": 31, "spa": 31, "spd": 31, "spe": 31}, "item": "Sitrus Berry", "teraType": "Dark", "role": "Setup Sweeper", "bvs": {"hp": 90, "atk": 102, "def": 73, "spa": 78, "spd": 65, "spe": 70}, "stats": {"hp": 292, "atk": 222, "def": 173, "spa": 181, "spd": 159, "spe": 168}, "types": ["Water", "Psychic"]}, "Meowstic": {"name": "Meowstic", "species": "Meowstic", "speciesId": "meowstic", "gender": "M", "shiny": false, "level": 89, "moves": ["lightscreen", "psychicnoise", "reflect", "thunderwave"], "ability": "Prankster", "evs": {"hp": 85, "atk": 0, "def": 85, "spa": 85, "spd": 85, "spe": 85}, "ivs": {"hp": 31, "atk": 0, "def": 31, "spa": 31, "spd": 31, "spe": 31}, "item": "Light Clay", "teraType": "Fairy", "role": "Bulky Support", "bvs": {"hp": 74, "atk": 48, "def": 76, "spa": 83, "spd": 81, "spe": 104}, "stats": {"hp": 277, "atk": 90, "def": 186, "spa": 199, "spd": 195, "spe": 236}, "types": ["Psychic"]}, "Weezing": {"name": "Weezing", "species": "Weezing", "speciesId": "weezing", "gender": "F", "shiny": false, "level": 88, "moves": ["fireblast", "sludgebomb", "toxicspikes", "painsplit"], "ability": "Levitate", "evs": {"hp": 85, "atk": 0, "def": 85, "spa": 85, "spd": 85, "spe": 85}, "ivs": {"hp": 31, "atk": 0, "def": 31, "spa": 31, "spd": 31, "spe": 31}, "item": "Leftovers", "teraType": "Steel", "role": "Bulky Attacker", "bvs": {"hp": 65, "atk": 90, "def": 120, "spa": 85, "spd": 70, "spe": 60}, "stats": {"hp": 258, "atk": 163, "def": 261, "spa": 200, "spd": 173, "spe": 156}, "types": ["Poison"]}, "Zacian": {"name": "Zacian", "species": "Zacian", "speciesId": "zaciancrowned", "gender": "N", "shiny": false, "level": 64, "moves": ["behemothblade", "swordsdance", "playrough", "closecombat"], "ability": "Intrepid Sword", "evs": {"hp": 85, "atk": 85, "def": 85, "spa": 85, "spd": 85, "spe": 85}, "ivs": {"hp": 31, "atk": 31, "def": 31, "spa": 31, "spd": 31, "spe": 31}, "item": "Rusted Sword", "teraType": "Fighting", "role": "Setup Sweeper", "bvs": {"hp": 92, "atk": 150, "def": 115, "spa": 80, "spd": 115, "spe": 148}, "stats": {"hp": 225, "atk": 230, "def": 185, "spa": 140, "spd": 185, "spe": 227}, "types": ["Fairy", "Steel"]}, "Glaceon": {"name": "Glaceon", "species": "Glaceon", "speciesId": "glaceon", "gender": "M", "shiny": false, "level": 94, "moves": ["protect", "freezedry", "wish", "mudshot"], "ability": "Ice Body", "evs": {"hp": 85, "atk": 0, "def": 85, "spa": 85, "spd": 85, "spe": 85}, "ivs": {"hp": 31, "atk": 0, "def": 31, "spa": 31, "spd": 31, "spe": 31}, "item": "Heavy-Duty Boots", "teraType": "Ground", "role": "Bulky Attacker", "bvs": {"hp": 65, "atk": 60, "def": 110, "spa": 130, "spd": 95, "spe": 65}, "stats": {"hp": 275, "atk": 117, "def": 260, "spa": 298, "spd": 232, "spe": 176}, "types": ["Ice"]}}]}