{"id": "gen9randombattle-2641749592", "format": "[Gen 9] Random Battle", "players": ["fosdfo", "Bronzel Main"], "log": "|badge|p1|bronze|gen9randombattle|100-9\n|html|<div class=\"broadcast-red\"><strong>This battle is required to be public due to one or more player having a season medal.</strong><br />During the public phase, you can discuss the state of the ladder <a href=\"/seasondiscussion\">in a special chatroom.</a></div>\n|uhtml|medal-msg|<div class=\"broadcast-blue\">Curious what those medals under the avatar are? PS now has Ladder Seasons! For more information, check out the <a href=\"https://www.smogon.com/forums/threads/3740067/\">thread on Smogon.</a></div>\n|badge|p2|silver|gen9randombattle|30-9\n|uhtml|medal-msg|<div class=\"broadcast-blue\">Curious what those medals under the avatar are? PS now has Ladder Seasons! For more information, check out the <a href=\"https://www.smogon.com/forums/threads/3740067/\">thread on Smogon.</a></div>\n|raw|<div class=\"broadcast-blue\"><strong>This battle is required to be public due to a player having a name starting with 'medal'.</div>\n|j|\u2606fosdfo\n|j|\u2606Bronzel Main\n|t:|1782837396\n|gametype|singles\n|player|p1|fosdfo|169|2359\n|player|p2|Bronzel Main|veteran|2433\n|gen|9\n|tier|[Gen 9] Random Battle\n|rated|\n|rule|Species Clause: Limit one of each Pok\u00e9mon\n|rule|HP Percentage Mod: HP is shown in percentages\n|rule|Sleep Clause Mod: Limit one foe put to sleep\n|rule|Illusion Level Mod: Illusion disguises the Pok\u00e9mon's true level\n|\n|t:|1782837396\n|teamsize|p1|6\n|teamsize|p2|6\n|start\n|switch|p1a: Heatran|Heatran, L79, F|273/273\n|switch|p2a: Ursaluna|Ursaluna-Bloodmoon, L79, M|308/308\n|-item|p1a: Heatran|Air Balloon\n|turn|1\n|\n|t:|1782837416\n|switch|p1a: Dudunsparce|Dudunsparce-Three-Segment, L83, M|343/343\n|move|p2a: Ursaluna|Calm Mind|p2a: Ursaluna\n|-boost|p2a: Ursaluna|spa|1\n|-boost|p2a: Ursaluna|spd|1\n|\n|upkeep\n|turn|2\n|\n|t:|1782837421\n|move|p1a: Dudunsparce|Toxic|p2a: Ursaluna\n|-status|p2a: Ursaluna|tox\n|move|p2a: Ursaluna|Blood Moon|p1a: Dudunsparce\n|-damage|p1a: Dudunsparce|73/343\n|\n|-heal|p1a: Dudunsparce|94/343|[from] item: Leftovers\n|-damage|p2a: Ursaluna|289/308 tox|[from] psn\n|upkeep\n|turn|3\n|\n|t:|1782837426\n|move|p2a: Ursaluna|Vacuum Wave|p1a: Dudunsparce\n|-supereffective|p1a: Dudunsparce\n|-damage|p1a: Dudunsparce|0 fnt\n|faint|p1a: Dudunsparce\n|\n|-heal|p2a: Ursaluna|308/308 tox|[from] item: Leftovers\n|-damage|p2a: Ursaluna|270/308 tox|[from] psn\n|upkeep\n|\n|t:|1782837430\n|switch|p1a: Gallade|Gallade, L80, M|240/240\n|turn|4\n|\n|t:|1782837441\n|-terastallize|p2a: Ursaluna|Ghost\n|move|p1a: Gallade|Sacred Sword|p2a: Ursaluna\n|-immune|p2a: Ursaluna\n|move|p2a: Ursaluna|Blood Moon|p1a: Gallade\n|-damage|p1a: Gallade|32/240\n|\n|-heal|p2a: Ursaluna|289/308 tox|[from] item: Leftovers\n|-damage|p2a: Ursaluna|232/308 tox|[from] psn\n|upkeep\n|turn|5\n|\n|t:|1782837451\n|move|p2a: Ursaluna|Vacuum Wave|p1a: Gallade\n|-resisted|p1a: Gallade\n|-damage|p1a: Gallade|11/240\n|move|p1a: Gallade|Night Slash|p2a: Ursaluna\n|-supereffective|p2a: Ursaluna\n|-damage|p2a: Ursaluna|55/308 tox\n|-damage|p1a: Gallade|0 fnt|[from] item: Life Orb\n|faint|p1a: Gallade\n|\n|-heal|p2a: Ursaluna|74/308 tox|[from] item: Leftovers\n|-damage|p2a: Ursaluna|0 fnt|[from] psn\n|faint|p2a: Ursaluna\n|upkeep\n|\n|t:|1782837464\n|switch|p1a: Heatran|Heatran, L79, F|273/273\n|switch|p2a: Qwilfish|Qwilfish-Hisui, L83, M|244/244\n|-ability|p2a: Qwilfish|Intimidate|boost\n|-unboost|p1a: Heatran|atk|1\n|-item|p1a: Heatran|Air Balloon\n|turn|6\n|\n|t:|1782837493\n|move|p2a: Qwilfish|Toxic Spikes|p1a: Heatran\n|-sidestart|p1: fosdfo|move: Toxic Spikes\n|move|p1a: Heatran|Earth Power|p2a: Qwilfish\n|-supereffective|p2a: Qwilfish\n|-damage|p2a: Qwilfish|104/244\n|\n|upkeep\n|turn|7\n|\n|t:|1782837496\n|move|p2a: Qwilfish|Crunch|p1a: Heatran\n|-damage|p1a: Heatran|198/273\n|-unboost|p1a: Heatran|def|1\n|-enditem|p1a: Heatran|Air Balloon\n|move|p1a: Heatran|Earth Power|p2a: Qwilfish\n|-supereffective|p2a: Qwilfish\n|-damage|p2a: Qwilfish|0 fnt\n|faint|p2a: Qwilfish\n|\n|upkeep\n|\n|t:|1782837504\n|switch|p2a: Toedscruel|Toedscruel, L87, M|281/281\n|turn|8\n|\n|t:|1782837509\n|move|p2a: Toedscruel|Earth Power|p1a: Heatran\n|-supereffective|p1a: Heatran\n|-damage|p1a: Heatran|0 fnt\n|faint|p1a: Heatran\n|\n|upkeep\n|\n|t:|1782837511\n|switch|p1a: Kyurem|Kyurem-Black, L71|295/295\n|-status|p1a: Kyurem|psn\n|-ability|p1a: Kyurem|Teravolt\n|turn|9\n|\n|t:|1782837516\n|switch|p2a: Diancie|Diancie, L82|216/216\n|move|p1a: Kyurem|Icicle Spear|p2a: Diancie\n|-damage|p2a: Diancie|197/216\n|-damage|p2a: Diancie|178/216\n|-damage|p2a: Diancie|156/216\n|-damage|p2a: Diancie|134/216\n|-hitcount|p2a: Diancie|4\n|\n|-heal|p2a: Diancie|147/216|[from] item: Leftovers\n|-damage|p1a: Kyurem|259/295 psn|[from] psn\n|upkeep\n|turn|10\n|\n|t:|1782837530\n|switch|p1a: Raichu|Raichu, L88, F|249/249\n|-status|p1a: Raichu|psn\n|move|p2a: Diancie|Diamond Storm|p1a: Raichu\n|-damage|p1a: Raichu|120/249 psn\n|-boost|p2a: Diancie|def|2\n|\n|-heal|p1a: Raichu|135/249 psn|[from] item: Leftovers\n|-heal|p2a: Diancie|160/216|[from] item: Leftovers\n|-damage|p1a: Raichu|104/249 psn|[from] psn\n|upkeep\n|turn|11\n|\n|t:|1782837546\n|move|p1a: Raichu|Surf|p2a: Diancie\n|-supereffective|p2a: Diancie\n|-damage|p2a: Diancie|70/216\n|move|p2a: Diancie|Stealth Rock|p1a: Raichu\n|-sidestart|p1: fosdfo|move: Stealth Rock\n|\n|-heal|p1a: Raichu|119/249 psn|[from] item: Leftovers\n|-heal|p2a: Diancie|83/216|[from] item: Leftovers\n|-damage|p1a: Raichu|88/249 psn|[from] psn\n|upkeep\n|turn|12\n|\n|t:|1782837553\n|switch|p2a: Toedscruel|Toedscruel, L87, M|281/281\n|move|p1a: Raichu|Surf|p2a: Toedscruel\n|-damage|p2a: Toedscruel|232/281\n|\n|-heal|p1a: Raichu|103/249 psn|[from] item: Leftovers\n|-heal|p2a: Toedscruel|249/281|[from] item: Leftovers\n|-damage|p1a: Raichu|72/249 psn|[from] psn\n|upkeep\n|turn|13\n|\n|t:|1782837561\n|move|p1a: Raichu|Surf|p2a: Toedscruel\n|-damage|p2a: Toedscruel|201/281\n|move|p2a: Toedscruel|Earth Power|p1a: Raichu\n|-supereffective|p1a: Raichu\n|-damage|p1a: Raichu|0 fnt\n|faint|p1a: Raichu\n|\n|-heal|p2a: Toedscruel|218/281|[from] item: Leftovers\n|upkeep\n|\n|t:|1782837564\n|switch|p1a: Kyurem|Kyurem-Black, L71|259/295 psn\n|-damage|p1a: Kyurem|186/295 psn|[from] Stealth Rock\n|-ability|p1a: Kyurem|Teravolt\n|turn|14\n|\n|t:|1782837575\n|move|p2a: Toedscruel|Earth Power|p1a: Kyurem\n|-damage|p1a: Kyurem|80/295 psn\n|-unboost|p1a: Kyurem|spd|1\n|move|p1a: Kyurem|Icicle Spear|p2a: Toedscruel\n|-supereffective|p2a: Toedscruel\n|-damage|p2a: Toedscruel|74/281\n|-supereffective|p2a: Toedscruel\n|-damage|p2a: Toedscruel|0 fnt\n|faint|p2a: Toedscruel\n|-hitcount|p2: Toedscruel|2\n|\n|-damage|p1a: Kyurem|44/295 psn|[from] psn\n|upkeep\n|\n|t:|1782837602\n|switch|p2a: Regieleki|Regieleki, L79|256/256\n|turn|15\n|\n|t:|1782837610\n|move|p2a: Regieleki|Thunderbolt|p1a: Kyurem\n|-resisted|p1a: Kyurem\n|-damage|p1a: Kyurem|0 fnt\n|faint|p1a: Kyurem\n|\n|upkeep\n|\n|t:|1782837613\n|switch|p1a: Annihilape|Annihilape, L76, M|292/292\n|-status|p1a: Annihilape|psn\n|-damage|p1a: Annihilape|274/292 psn|[from] Stealth Rock\n|turn|16\n|\n|t:|1782837618\n|move|p2a: Regieleki|Thunderbolt|p1a: Annihilape\n|-damage|p1a: Annihilape|123/292 psn\n|move|p1a: Annihilape|Drain Punch|p2a: Regieleki\n|-damage|p2a: Regieleki|147/256\n|-heal|p1a: Annihilape|178/292 psn|[from] drain|[of] p2a: Regieleki\n|\n|-damage|p1a: Annihilape|142/292 psn|[from] psn\n|upkeep\n|turn|17\n|\n|t:|1782837622\n|move|p2a: Regieleki|Thunderbolt|p1a: Annihilape\n|-damage|p1a: Annihilape|4/292 psn\n|move|p1a: Annihilape|Rage Fist|p2a: Regieleki\n|-damage|p2a: Regieleki|0 fnt\n|faint|p2a: Regieleki\n|\n|-damage|p1a: Annihilape|0 fnt|[from] psn\n|faint|p1a: Annihilape\n|\n|win|Bronzel Main\n|raw|fosdfo's rating: 2359 &rarr; <strong>2343</strong><br />(-16 for losing)\n|raw|Bronzel Main's rating: 2433 &rarr; <strong>2449</strong><br />(+16 for winning)\n", "inputlog": ">version f8ac14003a5f27e1bdc8d8c59608a773c1cb96e5\n>start {\"formatid\":\"gen9randombattle\",\"seed\":\"sodium,f53d82559818540915e4e3b7b738e7b3\",\"rated\":\"Rated battle\"}\n>player p1 {\"name\":\"fosdfo\",\"avatar\":\"169\",\"rating\":2359,\"seed\":\"sodium,c9eeb86883fea1bbe66daac2926937a4\"}\n>player p2 {\"name\":\"Bronzel Main\",\"avatar\":\"veteran\",\"rating\":2433,\"seed\":\"sodium,871dc538a2099215350926113e8529bb\"}\n>p1 switch 2\n>p2 move calmmind\n>p1 move toxic\n>p2 move bloodmoon\n>p1 move roost\n>p2 move vacuumwave\n>p1 switch 5\n>p1 move sacredsword\n>p2 move bloodmoon terastallize\n>p1 move nightslash\n>p2 move vacuumwave\n>p1 switch 2\n>p2 switch 6\n>p1 move earthpower\n>p2 move toxicspikes\n>p1 move earthpower\n>p2 move crunch\n>p2 switch 3\n>p1 move lavaplume\n>p2 move earthpower\n>p1 switch 3\n>p1 move iciclespear\n>p2 switch 4\n>p1 switch 4\n>p2 move diamondstorm\n>p1 move surf\n>p2 move stealthrock\n>p1 move surf\n>p2 switch 4\n>p1 move surf\n>p2 move earthpower\n>p1 switch 4\n>p1 move iciclespear\n>p2 move earthpower\n>p2 switch 2\n>p1 move iciclespear\n>p2 move thunderbolt\n>p1 switch 6\n>p1 move drainpunch\n>p2 move thunderbolt\n>p1 move ragefist\n>p2 move thunderbolt", "uploadtime": 1782837398, "views": 9, "formatid": "gen9randombattle", "rating": 2343, "private": 0, "password": null, "player_dets": [{"name": "fosdfo", "avatar": "169", "rating": 2359, "seed": "sodium,c9eeb86883fea1bbe66daac2926937a4"}, {"name": "Bronzel Main", "avatar": "veteran", "rating": 2433, "seed": "sodium,871dc538a2099215350926113e8529bb"}], "teams_full": [{"Heatran": {"name": "Heatran", "species": "Heatran", "speciesId": "heatran", "gender": "F", "shiny": false, "level": 79, "moves": ["earthpower", "stealthrock", "lavaplume", "heavyslam"], "ability": "Flash Fire", "evs": {"hp": 85, "atk": 85, "def": 85, "spa": 85, "spd": 85, "spe": 85}, "ivs": {"hp": 31, "atk": 31, "def": 31, "spa": 31, "spd": 31, "spe": 31}, "item": "Air Balloon", "teraType": "Flying", "role": "Bulky Support", "bvs": {"hp": 91, "atk": 90, "def": 106, "spa": 130, "spd": 106, "spe": 77}, "stats": {"hp": 273, "atk": 188, "def": 213, "spa": 251, "spd": 213, "spe": 167}, "types": ["Fire", "Steel"]}, "Dudunsparce": {"name": "Dudunsparce", "species": "Dudunsparce-Three-Segment", "speciesId": "dudunsparce", "gender": "M", "shiny": false, "level": 83, "moves": ["toxic", "roost", "boomburst", "earthquake"], "ability": "Rattled", "evs": {"hp": 85, "atk": 85, "def": 85, "spa": 85, "spd": 85, "spe": 85}, "ivs": {"hp": 31, "atk": 31, "def": 31, "spa": 31, "spd": 31, "spe": 31}, "item": "Leftovers", "teraType": "Ground", "role": "Bulky Attacker", "bvs": {"hp": 125, "atk": 100, "def": 80, "spa": 85, "spd": 75, "spe": 55}, "stats": {"hp": 343, "atk": 214, "def": 180, "spa": 189, "spd": 172, "spe": 139}, "types": ["Normal"]}, "Kyurem": {"name": "Kyurem", "species": "Kyurem-Black", "speciesId": "kyuremblack", "gender": "N", "shiny": false, "level": 71, "moves": ["terablast", "dragondance", "iciclespear", "scaleshot"], "ability": "Teravolt", "evs": {"hp": 85, "atk": 85, "def": 85, "spa": 85, "spd": 85, "spe": 85}, "ivs": {"hp": 31, "atk": 31, "def": 31, "spa": 31, "spd": 31, "spe": 31}, "item": "Loaded Dice", "teraType": "Ground", "role": "Tera Blast user", "bvs": {"hp": 125, "atk": 170, "def": 100, "spa": 120, "spd": 90, "spe": 95}, "stats": {"hp": 295, "atk": 283, "def": 183, "spa": 212, "spd": 169, "spe": 176}, "types": ["Dragon", "Ice"]}, "Raichu": {"name": "Raichu", "species": "Raichu", "speciesId": "raichu", "gender": "F", "shiny": false, "level": 88, "moves": ["nastyplot", "encore", "surf", "thunderbolt"], "ability": "Lightning Rod", "evs": {"hp": 85, "atk": 0, "def": 85, "spa": 85, "spd": 85, "spe": 85}, "ivs": {"hp": 31, "atk": 0, "def": 31, "spa": 31, "spd": 31, "spe": 31}, "item": "Leftovers", "teraType": "Water", "role": "Fast Support", "bvs": {"hp": 60, "atk": 90, "def": 55, "spa": 90, "spd": 80, "spe": 110}, "stats": {"hp": 249, "atk": 163, "def": 147, "spa": 209, "spd": 191, "spe": 244}, "types": ["Electric"]}, "Gallade": {"name": "Gallade", "species": "Gallade", "speciesId": "gallade", "gender": "M", "shiny": false, "level": 80, "moves": ["nightslash", "sacredsword", "agility", "psychocut"], "ability": "Sharpness", "evs": {"hp": 85, "atk": 85, "def": 85, "spa": 85, "spd": 85, "spe": 85}, "ivs": {"hp": 31, "atk": 31, "def": 31, "spa": 31, "spd": 31, "spe": 31}, "item": "Life Orb", "teraType": "Fighting", "role": "Setup Sweeper", "bvs": {"hp": 68, "atk": 125, "def": 65, "spa": 65, "spd": 115, "spe": 80}, "stats": {"hp": 240, "atk": 246, "def": 150, "spa": 150, "spd": 230, "spe": 174}, "types": ["Psychic", "Fighting"]}, "Annihilape": {"name": "Annihilape", "species": "Annihilape", "speciesId": "annihilape", "gender": "M", "shiny": false, "level": 76, "moves": ["drainpunch", "ragefist", "rest", "bulkup"], "ability": "Defiant", "evs": {"hp": 85, "atk": 85, "def": 85, "spa": 85, "spd": 85, "spe": 85}, "ivs": {"hp": 31, "atk": 31, "def": 31, "spa": 31, "spd": 31, "spe": 31}, "item": "Chesto Berry", "teraType": "Ghost", "role": "Bulky Setup", "bvs": {"hp": 110, "atk": 115, "def": 80, "spa": 50, "spd": 90, "spe": 90}, "stats": {"hp": 292, "atk": 219, "def": 166, "spa": 120, "spd": 181, "spe": 181}, "types": ["Fighting", "Ghost"]}}, {"Ursaluna": {"name": "Ursaluna", "species": "Ursaluna-Bloodmoon", "speciesId": "ursalunabloodmoon", "gender": "M", "shiny": false, "level": 79, "moves": ["vacuumwave", "calmmind", "bloodmoon", "moonlight"], "ability": "Mind's Eye", "evs": {"hp": 85, "atk": 0, "def": 85, "spa": 85, "spd": 85, "spe": 85}, "ivs": {"hp": 31, "atk": 0, "def": 31, "spa": 31, "spd": 31, "spe": 31}, "item": "Leftovers", "teraType": "Ghost", "role": "Bulky Setup", "bvs": {"hp": 113, "atk": 70, "def": 120, "spa": 135, "spd": 65, "spe": 52}, "stats": {"hp": 308, "atk": 115, "def": 235, "spa": 259, "spd": 148, "spe": 128}, "types": ["Ground", "Normal"]}, "Regieleki": {"name": "Regieleki", "species": "Regieleki", "speciesId": "regieleki", "gender": "N", "shiny": false, "level": 79, "moves": ["thunderbolt", "explosion", "voltswitch", "rapidspin"], "ability": "Transistor", "evs": {"hp": 85, "atk": 85, "def": 85, "spa": 85, "spd": 85, "spe": 85}, "ivs": {"hp": 31, "atk": 31, "def": 31, "spa": 31, "spd": 31, "spe": 31}, "item": "Magnet", "teraType": "Electric", "role": "Fast Support", "bvs": {"hp": 80, "atk": 100, "def": 50, "spa": 100, "spd": 50, "spe": 200}, "stats": {"hp": 256, "atk": 204, "def": 125, "spa": 204, "spd": 125, "spe": 362}, "types": ["Electric"]}, "Toedscruel": {"name": "Toedscruel", "species": "Toedscruel", "speciesId": "toedscruel", "gender": "M", "shiny": false, "level": 87, "moves": ["knockoff", "leafstorm", "earthpower", "toxic"], "ability": "Mycelium Might", "evs": {"hp": 85, "atk": 85, "def": 85, "spa": 85, "spd": 85, "spe": 85}, "ivs": {"hp": 31, "atk": 31, "def": 31, "spa": 31, "spd": 31, "spe": 31}, "item": "Leftovers", "teraType": "Water", "role": "Bulky Support", "bvs": {"hp": 80, "atk": 70, "def": 65, "spa": 80, "spd": 120, "spe": 100}, "stats": {"hp": 281, "atk": 172, "def": 163, "spa": 189, "spd": 259, "spe": 224}, "types": ["Ground", "Grass"]}, "Diancie": {"name": "Diancie", "species": "Diancie", "speciesId": "diancie", "gender": "N", "shiny": false, "level": 82, "moves": ["bodypress", "moonblast", "stealthrock", "diamondstorm"], "ability": "Clear Body", "evs": {"hp": 85, "atk": 85, "def": 85, "spa": 85, "spd": 85, "spe": 85}, "ivs": {"hp": 31, "atk": 31, "def": 31, "spa": 31, "spd": 31, "spe": 31}, "item": "Leftovers", "teraType": "Fighting", "role": "Bulky Attacker", "bvs": {"hp": 50, "atk": 100, "def": 150, "spa": 100, "spd": 150, "spe": 50}, "stats": {"hp": 216, "atk": 211, "def": 293, "spa": 211, "spd": 293, "spe": 129}, "types": ["Rock", "Fairy"]}, "Lilligant": {"name": "Lilligant", "species": "Lilligant-Hisui", "speciesId": "lilliganthisui", "gender": "F", "shiny": false, "level": 79, "moves": ["closecombat", "sleeppowder", "leafblade", "victorydance"], "ability": "Hustle", "evs": {"hp": 85, "atk": 85, "def": 85, "spa": 85, "spd": 85, "spe": 85}, "ivs": {"hp": 31, "atk": 31, "def": 31, "spa": 31, "spd": 31, "spe": 31}, "item": "Life Orb", "teraType": "Fighting", "role": "Setup Sweeper", "bvs": {"hp": 70, "atk": 105, "def": 75, "spa": 50, "spd": 75, "spe": 105}, "stats": {"hp": 240, "atk": 211, "def": 164, "spa": 125, "spd": 164, "spe": 211}, "types": ["Grass", "Fighting"]}, "Qwilfish": {"name": "Qwilfish", "species": "Qwilfish-Hisui", "speciesId": "qwilfishhisui", "gender": "M", "shiny": false, "level": 83, "moves": ["crunch", "gunkshot", "spikes", "toxicspikes"], "ability": "Intimidate", "evs": {"hp": 85, "atk": 85, "def": 85, "spa": 85, "spd": 85, "spe": 85}, "ivs": {"hp": 31, "atk": 31, "def": 31, "spa": 31, "spd": 31, "spe": 31}, "item": "Eviolite", "teraType": "Flying", "role": "Bulky Support", "bvs": {"hp": 65, "atk": 95, "def": 85, "spa": 55, "spd": 55, "spe": 85}, "stats": {"hp": 244, "atk": 205, "def": 189, "spa": 139, "spd": 139, "spe": 189}, "types": ["Dark", "Poison"]}}]}