{"id": "gen9randombattle-2642139076", "format": "[Gen 9] Random Battle", "players": ["sparky599", "testbotcif"], "log": "|j|\u203dsparky599\n|j|\u2606testbotcif\n|t:|1782898340\n|gametype|singles\n|player|p1|sparky599|ethan-gen2c|1285\n|player|p2|testbotcif|1|1285\n|gen|9\n|tier|[Gen 9] Random Battle\n|rated|\n|rule|Species Clause: Limit one of each Pok\u00e9mon\n|rule|HP Percentage Mod: HP is shown in percentages\n|rule|Sleep Clause Mod: Limit one foe put to sleep\n|rule|Illusion Level Mod: Illusion disguises the Pok\u00e9mon's true level\n|\n|t:|1782898340\n|teamsize|p1|6\n|teamsize|p2|6\n|start\n|switch|p1a: Diancie|Diancie, L82|216/216\n|switch|p2a: Leafeon|Leafeon, L88, F|258/258\n|turn|1\n|c|\u2606testbotcif|rlhf\n|inactive|Battle timer is ON: inactive players will automatically lose when time's up. (requested by testbotcif)\n|\n|t:|1782898357\n|switch|p1a: Jirachi|Jirachi, L80|291/291\n|move|p2a: Leafeon|Swords Dance|p2a: Leafeon\n|-boost|p2a: Leafeon|atk|2\n|\n|upkeep\n|turn|2\n|\n|t:|1782898366\n|move|p2a: Leafeon|Leaf Blade|p1a: Jirachi\n|-resisted|p1a: Jirachi\n|-damage|p1a: Jirachi|172/291\n|move|p1a: Jirachi|Stealth Rock|p2a: Leafeon\n|-sidestart|p2: testbotcif|move: Stealth Rock\n|\n|-heal|p1a: Jirachi|190/291|[from] item: Leftovers\n|upkeep\n|turn|3\n|\n|t:|1782898373\n|move|p2a: Leafeon|Leaf Blade|p1a: Jirachi\n|-resisted|p1a: Jirachi\n|-damage|p1a: Jirachi|85/291\n|move|p1a: Jirachi|Iron Head|p2a: Leafeon\n|-damage|p2a: Leafeon|201/258\n|\n|-heal|p2a: Leafeon|217/258|[from] item: Leftovers\n|-heal|p1a: Jirachi|103/291|[from] item: Leftovers\n|upkeep\n|turn|4\n|\n|t:|1782898377\n|move|p2a: Leafeon|Leaf Blade|p1a: Jirachi\n|-resisted|p1a: Jirachi\n|-damage|p1a: Jirachi|2/291\n|move|p1a: Jirachi|U-turn|p2a: Leafeon\n|-supereffective|p2a: Leafeon\n|-damage|p2a: Leafeon|153/258\n|\n|t:|1782898384\n|switch|p1a: Terapagos|Terapagos, L77, F|265/265|[from] U-turn\n|-activate|p1a: Terapagos|ability: Tera Shift\n|detailschange|p1a: Terapagos|Terapagos-Terastal, L77, F\n|-heal|p1a: Terapagos|273/273|[silent]\n|\n|-heal|p2a: Leafeon|169/258|[from] item: Leftovers\n|upkeep\n|turn|5\n|\n|t:|1782898390\n|move|p2a: Leafeon|Leaf Blade|p1a: Terapagos\n|-activate|p1a: Terapagos|ability: Tera Shell\n|-resisted|p1a: Terapagos\n|-damage|p1a: Terapagos|160/273\n|move|p1a: Terapagos|Rapid Spin|p2a: Leafeon\n|-damage|p2a: Leafeon|135/258\n|-boost|p1a: Terapagos|spe|1\n|\n|-heal|p2a: Leafeon|151/258|[from] item: Leftovers\n|upkeep\n|turn|6\n|\n|t:|1782898396\n|move|p1a: Terapagos|Tera Starstorm|p2a: Leafeon\n|-damage|p2a: Leafeon|10/258\n|move|p2a: Leafeon|Leaf Blade|p1a: Terapagos\n|-crit|p1a: Terapagos\n|-damage|p1a: Terapagos|0 fnt\n|faint|p1a: Terapagos\n|\n|-heal|p2a: Leafeon|26/258|[from] item: Leftovers\n|upkeep\n|-message|sparky599 forfeited.\n|\n|win|testbotcif\n|raw|sparky599's rating: 1285 &rarr; <strong>1260</strong><br />(-25 for losing)\n|raw|testbotcif's rating: 1285 &rarr; <strong>1310</strong><br />(+25 for winning)\n", "inputlog": ">version f8ac14003a5f27e1bdc8d8c59608a773c1cb96e5\n>start {\"formatid\":\"gen9randombattle\",\"seed\":\"sodium,d0518ca50b03dba18ea1dd59c7f2c6af\",\"rated\":\"Rated battle\"}\n>player p1 {\"name\":\"sparky599\",\"avatar\":\"ethan-gen2c\",\"rating\":1285,\"seed\":\"sodium,2f95b3c73a151fc75bcd43dca9c8013d\"}\n>player p2 {\"name\":\"testbotcif\",\"avatar\":\"1\",\"rating\":1285,\"seed\":\"sodium,769d31353721fdbb7bd741ac397ecdb3\"}\n>chat \u2606testbotcif|rlhf\n>p1 switch 2\n>p2 move swordsdance\n>p1 move stealthrock\n>p2 move leafblade\n>p1 move ironhead\n>p2 move leafblade\n>p1 move uturn\n>p2 move leafblade\n>p1 switch 3\n>p1 move rapidspin\n>p2 move leafblade\n>p1 move terastarstorm\n>p2 move leafblade\n>forcelose p1", "uploadtime": 1782898402, "views": 5, "formatid": "gen9randombattle", "rating": 1260, "private": 0, "password": null, "player_dets": [{"name": "sparky599", "avatar": "ethan-gen2c", "rating": 1285, "seed": "sodium,2f95b3c73a151fc75bcd43dca9c8013d"}, {"name": "testbotcif", "avatar": "1", "rating": 1285, "seed": "sodium,769d31353721fdbb7bd741ac397ecdb3"}], "teams_full": [{"Diancie": {"name": "Diancie", "species": "Diancie", "speciesId": "diancie", "gender": "N", "shiny": false, "level": 82, "moves": ["drainingkiss", "calmmind", "diamondstorm", "earthpower"], "ability": "Clear Body", "evs": {"hp": 85, "atk": 85, "def": 85, "spa": 85, "spd": 85, "spe": 85}, "ivs": {"hp": 31, "atk": 31, "def": 31, "spa": 31, "spd": 31, "spe": 31}, "item": "Leftovers", "teraType": "Fairy", "role": "Bulky Setup", "bvs": {"hp": 50, "atk": 100, "def": 150, "spa": 100, "spd": 150, "spe": 50}, "stats": {"hp": 216, "atk": 211, "def": 293, "spa": 211, "spd": 293, "spe": 129}, "types": ["Rock", "Fairy"]}, "Jirachi": {"name": "Jirachi", "species": "Jirachi", "speciesId": "jirachi", "gender": "N", "shiny": false, "level": 80, "moves": ["drainpunch", "stealthrock", "uturn", "ironhead"], "ability": "Serene Grace", "evs": {"hp": 85, "atk": 85, "def": 85, "spa": 85, "spd": 85, "spe": 85}, "ivs": {"hp": 31, "atk": 31, "def": 31, "spa": 31, "spd": 31, "spe": 31}, "item": "Leftovers", "teraType": "Water", "role": "Bulky Attacker", "bvs": {"hp": 100, "atk": 100, "def": 100, "spa": 100, "spd": 100, "spe": 100}, "stats": {"hp": 291, "atk": 206, "def": 206, "spa": 206, "spd": 206, "spe": 206}, "types": ["Steel", "Psychic"]}, "Terapagos": {"name": "Terapagos", "species": "Terapagos", "speciesId": "terapagos", "gender": "F", "shiny": false, "level": 77, "moves": ["terastarstorm", "calmmind", "earthpower", "rapidspin"], "ability": "Tera Shift", "evs": {"hp": 85, "atk": 85, "def": 85, "spa": 85, "spd": 85, "spe": 85}, "ivs": {"hp": 31, "atk": 31, "def": 31, "spa": 31, "spd": 31, "spe": 31}, "item": "Heavy-Duty Boots", "teraType": "Stellar", "role": "Fast Bulky Setup", "bvs": {"hp": 90, "atk": 65, "def": 85, "spa": 65, "spd": 85, "spe": 60}, "stats": {"hp": 265, "atk": 145, "def": 175, "spa": 145, "spd": 175, "spe": 137}, "types": ["Normal"]}, "Hitmontop": {"name": "Hitmontop", "species": "Hitmontop", "speciesId": "hitmontop", "gender": "M", "shiny": false, "level": 88, "moves": ["suckerpunch", "stoneedge", "earthquake", "closecombat"], "ability": "Intimidate", "evs": {"hp": 85, "atk": 85, "def": 85, "spa": 85, "spd": 85, "spe": 85}, "ivs": {"hp": 31, "atk": 31, "def": 31, "spa": 31, "spd": 31, "spe": 31}, "item": "Choice Band", "teraType": "Steel", "role": "Bulky Support", "bvs": {"hp": 50, "atk": 95, "def": 95, "spa": 35, "spd": 110, "spe": 70}, "stats": {"hp": 231, "atk": 217, "def": 217, "spa": 112, "spd": 244, "spe": 173}, "types": ["Fighting"]}, "Perrserker": {"name": "Perrserker", "species": "Perrserker", "speciesId": "perrserker", "gender": "F", "shiny": false, "level": 89, "moves": ["uturn", "knockoff", "closecombat", "ironhead"], "ability": "Tough Claws", "evs": {"hp": 85, "atk": 85, "def": 85, "spa": 85, "spd": 85, "spe": 85}, "ivs": {"hp": 31, "atk": 31, "def": 31, "spa": 31, "spd": 31, "spe": 31}, "item": "Choice Band", "teraType": "Fighting", "role": "Fast Attacker", "bvs": {"hp": 70, "atk": 110, "def": 100, "spa": 50, "spd": 60, "spe": 50}, "stats": {"hp": 269, "atk": 247, "def": 229, "spa": 140, "spd": 158, "spe": 140}, "types": ["Steel"]}, "Basculin": {"name": "Basculin", "species": "Basculin-Blue-Striped", "speciesId": "basculin", "gender": "M", "shiny": false, "level": 86, "moves": ["flipturn", "aquajet", "wavecrash", "doubleedge"], "ability": "Adaptability", "evs": {"hp": 85, "atk": 85, "def": 85, "spa": 85, "spd": 85, "spe": 85}, "ivs": {"hp": 31, "atk": 31, "def": 31, "spa": 31, "spd": 31, "spe": 31}, "item": "Choice Band", "teraType": "Water", "role": "Wallbreaker", "bvs": {"hp": 70, "atk": 92, "def": 65, "spa": 80, "spd": 55, "spe": 98}, "stats": {"hp": 261, "atk": 207, "def": 161, "spa": 187, "spd": 144, "spe": 218}, "types": ["Water"]}}, {"Leafeon": {"name": "Leafeon", "species": "Leafeon", "speciesId": "leafeon", "gender": "F", "shiny": false, "level": 88, "moves": ["substitute", "doubleedge", "leafblade", "swordsdance"], "ability": "Chlorophyll", "evs": {"hp": 85, "atk": 85, "def": 85, "spa": 85, "spd": 85, "spe": 85}, "ivs": {"hp": 31, "atk": 31, "def": 31, "spa": 31, "spd": 31, "spe": 31}, "item": "Leftovers", "teraType": "Normal", "role": "Setup Sweeper", "bvs": {"hp": 65, "atk": 110, "def": 130, "spa": 60, "spd": 65, "spe": 95}, "stats": {"hp": 258, "atk": 244, "def": 279, "spa": 156, "spd": 165, "spe": 217}, "types": ["Grass"]}, "Dachsbun": {"name": "Dachsbun", "species": "Dachsbun", "speciesId": "dachsbun", "gender": "M", "shiny": false, "level": 92, "moves": ["wish", "playrough", "yawn", "protect"], "ability": "Well-Baked Body", "evs": {"hp": 85, "atk": 85, "def": 85, "spa": 85, "spd": 85, "spe": 85}, "ivs": {"hp": 31, "atk": 31, "def": 31, "spa": 31, "spd": 31, "spe": 31}, "item": "Leftovers", "teraType": "Steel", "role": "Bulky Support", "bvs": {"hp": 57, "atk": 80, "def": 115, "spa": 50, "spd": 80, "spe": 95}, "stats": {"hp": 254, "atk": 200, "def": 264, "spa": 144, "spd": 200, "spe": 227}, "types": ["Fairy"]}, "Greninja": {"name": "Greninja", "species": "Greninja-Bond", "speciesId": "greninjabond", "gender": "M", "shiny": false, "level": 80, "moves": ["hydropump", "gunkshot", "darkpulse", "icebeam"], "ability": "Battle Bond", "evs": {"hp": 85, "atk": 85, "def": 85, "spa": 85, "spd": 85, "spe": 85}, "ivs": {"hp": 31, "atk": 31, "def": 31, "spa": 31, "spd": 31, "spe": 31}, "item": "Life Orb", "teraType": "Poison", "role": "Fast Attacker", "bvs": {"hp": 72, "atk": 95, "def": 67, "spa": 103, "spd": 71, "spe": 122}, "stats": {"hp": 246, "atk": 198, "def": 153, "spa": 211, "spd": 160, "spe": 241}, "types": ["Water", "Dark"]}, "Calyrex": {"name": "Calyrex", "species": "Calyrex", "speciesId": "calyrex", "gender": "N", "shiny": false, "level": 93, "moves": ["calmmind", "encore", "gigadrain", "psychic"], "ability": "Unnerve", "evs": {"hp": 85, "atk": 0, "def": 85, "spa": 85, "spd": 85, "spe": 85}, "ivs": {"hp": 31, "atk": 0, "def": 31, "spa": 31, "spd": 31, "spe": 31}, "item": "Leftovers", "teraType": "Steel", "role": "Bulky Setup", "bvs": {"hp": 100, "atk": 80, "def": 80, "spa": 80, "spd": 80, "spe": 80}, "stats": {"hp": 337, "atk": 153, "def": 202, "spa": 202, "spd": 202, "spe": 202}, "types": ["Psychic", "Grass"]}, "Armarouge": {"name": "Armarouge", "species": "Armarouge", "speciesId": "armarouge", "gender": "M", "shiny": false, "level": 80, "moves": ["psyshock", "energyball", "armorcannon", "focusblast"], "ability": "Weak Armor", "evs": {"hp": 85, "atk": 0, "def": 85, "spa": 85, "spd": 85, "spe": 85}, "ivs": {"hp": 31, "atk": 0, "def": 31, "spa": 31, "spd": 31, "spe": 31}, "item": "Choice Specs", "teraType": "Fire", "role": "Wallbreaker", "bvs": {"hp": 85, "atk": 60, "def": 100, "spa": 125, "spd": 80, "spe": 75}, "stats": {"hp": 267, "atk": 101, "def": 206, "spa": 246, "spd": 174, "spe": 166}, "types": ["Fire", "Psychic"]}, "Eternatus": {"name": "Eternatus", "species": "Eternatus", "speciesId": "eternatus", "gender": "N", "shiny": false, "level": 69, "moves": ["toxic", "recover", "flamethrower", "dynamaxcannon"], "ability": "Pressure", "evs": {"hp": 85, "atk": 0, "def": 85, "spa": 85, "spd": 85, "spe": 85}, "ivs": {"hp": 31, "atk": 0, "def": 31, "spa": 31, "spd": 31, "spe": 31}, "item": "Rocky Helmet", "teraType": "Dragon", "role": "Bulky Support", "bvs": {"hp": 140, "atk": 85, "def": 95, "spa": 145, "spd": 95, "spe": 130}, "stats": {"hp": 308, "atk": 122, "def": 171, "spa": 240, "spd": 171, "spe": 220}, "types": ["Poison", "Dragon"]}}]}