{"id": "gen9randombattle-2642169123", "format": "[Gen 9] Random Battle", "players": ["kaig075", "jnpr010334"], "log": "|j|\u2606kaig075\n|j|\u2606jnpr010334\n|t:|1782904468\n|gametype|singles\n|player|p1|kaig075|102|1670\n|player|p2|jnpr010334|265|1707\n|gen|9\n|tier|[Gen 9] Random Battle\n|rated|\n|rule|Species Clause: Limit one of each Pok\u00e9mon\n|rule|HP Percentage Mod: HP is shown in percentages\n|rule|Sleep Clause Mod: Limit one foe put to sleep\n|rule|Illusion Level Mod: Illusion disguises the Pok\u00e9mon's true level\n|\n|t:|1782904469\n|teamsize|p1|6\n|teamsize|p2|6\n|start\n|switch|p1a: Pelipper|Pelipper, L86, F|243/243\n|switch|p2a: Arboliva|Arboliva, L91, M|288/288\n|-weather|RainDance|[from] ability: Drizzle|[of] p1a: Pelipper\n|turn|1\n|\n|t:|1782904472\n|move|p1a: Pelipper|Hurricane|p2a: Arboliva\n|-supereffective|p2a: Arboliva\n|-damage|p2a: Arboliva|102/288\n|-enditem|p2a: Arboliva|Sitrus Berry|[eat]\n|-heal|p2a: Arboliva|174/288|[from] item: Sitrus Berry\n|move|p2a: Arboliva|Hyper Voice|p1a: Pelipper\n|-damage|p1a: Pelipper|83/243\n|\n|-weather|RainDance|[upkeep]\n|upkeep\n|turn|2\n|inactive|Battle timer is ON: inactive players will automatically lose when time's up. (requested by jnpr010334)\n|\n|t:|1782904476\n|move|p1a: Pelipper|Hurricane|p2a: Arboliva\n|-supereffective|p2a: Arboliva\n|-damage|p2a: Arboliva|0 fnt\n|faint|p2a: Arboliva\n|\n|-weather|RainDance|[upkeep]\n|upkeep\n|\n|t:|1782904479\n|switch|p2a: Shaymin|Shaymin-Sky, L73|266/266\n|turn|3\n|\n|t:|1782904497\n|switch|p1a: Uxie|Uxie, L83|260/260\n|move|p2a: Shaymin|Seed Flare|p1a: Uxie\n|-damage|p1a: Uxie|172/260\n|-unboost|p1a: Uxie|spd|2\n|\n|-weather|RainDance|[upkeep]\n|-heal|p1a: Uxie|188/260|[from] item: Leftovers\n|upkeep\n|turn|4\n|\n|t:|1782904511\n|move|p2a: Shaymin|Seed Flare|p1a: Uxie\n|-damage|p1a: Uxie|20/260\n|move|p1a: Uxie|U-turn|p2a: Shaymin\n|-damage|p2a: Shaymin|216/266\n|\n|t:|1782904520\n|switch|p1a: Kleavor|Kleavor, L78, M|237/237|[from] U-turn\n|\n|-weather|RainDance|[upkeep]\n|-heal|p2a: Shaymin|232/266|[from] item: Leftovers\n|upkeep\n|turn|5\n|\n|t:|1782904523\n|switch|p2a: Rhydon|Rhydon, L85, M|317/317\n|move|p1a: Kleavor|X-Scissor|p2a: Rhydon\n|-damage|p2a: Rhydon|247/317\n|\n|-weather|none\n|upkeep\n|turn|6\n|\n|t:|1782904531\n|switch|p1a: Hydrapple|Hydrapple, L83, F|312/312\n|move|p2a: Rhydon|Swords Dance|p2a: Rhydon\n|-boost|p2a: Rhydon|atk|2\n|\n|upkeep\n|turn|7\n|\n|t:|1782904534\n|-terastallize|p2a: Rhydon|Fairy\n|move|p1a: Hydrapple|Leaf Storm|p2a: Rhydon\n|-damage|p2a: Rhydon|0 fnt\n|-unboost|p1a: Hydrapple|spa|2\n|faint|p2a: Rhydon\n|\n|upkeep\n|\n|t:|1782904535\n|switch|p2a: Muk|Muk, L86, F|321/321\n|turn|8\n|\n|t:|1782904542\n|switch|p1a: Tauros|Tauros-Paldea-Blaze, L81, M|254/254\n|-ability|p1a: Tauros|Intimidate|boost\n|-unboost|p2a: Muk|atk|1\n|move|p2a: Muk|Toxic Spikes|p1a: Tauros\n|-sidestart|p1: kaig075|move: Toxic Spikes\n|\n|upkeep\n|turn|9\n|\n|t:|1782904548\n|switch|p2a: Shaymin|Shaymin-Sky, L73|232/266\n|move|p1a: Tauros|Flare Blitz|p2a: Shaymin\n|-supereffective|p2a: Shaymin\n|-damage|p2a: Shaymin|0 fnt\n|faint|p2a: Shaymin\n|-damage|p1a: Tauros|177/254|[from] Recoil\n|\n|upkeep\n|\n|t:|1782904550\n|switch|p2a: Azumarill|Azumarill, L82, M|298/298\n|turn|10\n|\n|t:|1782904565\n|switch|p1a: Uxie|Uxie, L83|20/260\n|move|p2a: Azumarill|Belly Drum|p2a: Azumarill\n|-damage|p2a: Azumarill|149/298\n|-setboost|p2a: Azumarill|atk|6|[from] move: Belly Drum\n|-enditem|p2a: Azumarill|Sitrus Berry|[eat]\n|-heal|p2a: Azumarill|223/298|[from] item: Sitrus Berry\n|\n|-heal|p1a: Uxie|36/260|[from] item: Leftovers\n|upkeep\n|turn|11\n|\n|t:|1782904570\n|move|p2a: Azumarill|Aqua Jet|p1a: Uxie\n|-damage|p1a: Uxie|0 fnt\n|faint|p1a: Uxie\n|\n|upkeep\n|\n|t:|1782904579\n|switch|p1a: Hydrapple|Hydrapple, L83, F|312/312\n|-status|p1a: Hydrapple|psn\n|turn|12\n|\n|t:|1782904588\n|-terastallize|p1a: Hydrapple|Steel\n|move|p2a: Azumarill|Play Rough|p1a: Hydrapple\n|-resisted|p1a: Hydrapple\n|-damage|p1a: Hydrapple|110/312 psn\n|move|p1a: Hydrapple|Leaf Storm|p2a: Azumarill\n|-supereffective|p2a: Azumarill\n|-damage|p2a: Azumarill|0 fnt\n|-unboost|p1a: Hydrapple|spa|2\n|faint|p2a: Azumarill\n|\n|-damage|p1a: Hydrapple|71/312 psn|[from] psn\n|upkeep\n|\n|t:|1782904589\n|switch|p2a: Excadrill|Excadrill, L79, M|303/303\n|-ability|p2a: Excadrill|Mold Breaker\n|turn|13\n|\n|t:|1782904594\n|move|p2a: Excadrill|Rapid Spin|p1a: Hydrapple\n|-resisted|p1a: Hydrapple\n|-damage|p1a: Hydrapple|53/312 psn\n|-boost|p2a: Excadrill|spe|1\n|move|p1a: Hydrapple|Leaf Storm|p2a: Excadrill\n|-damage|p2a: Excadrill|200/303\n|-unboost|p1a: Hydrapple|spa|2\n|\n|-damage|p1a: Hydrapple|14/312 psn|[from] psn\n|upkeep\n|turn|14\n|\n|t:|1782904600\n|switch|p1a: Kleavor|Kleavor, L78, M|237/237\n|move|p2a: Excadrill|Rapid Spin|p1a: Kleavor\n|-resisted|p1a: Kleavor\n|-damage|p1a: Kleavor|218/237\n|-boost|p2a: Excadrill|spe|1\n|\n|upkeep\n|turn|15\n|\n|t:|1782904602\n|move|p2a: Excadrill|Iron Head|p1a: Kleavor\n|-supereffective|p1a: Kleavor\n|-damage|p1a: Kleavor|36/237\n|move|p1a: Kleavor|Close Combat|p2a: Excadrill\n|-supereffective|p2a: Excadrill\n|-damage|p2a: Excadrill|0 fnt\n|-unboost|p1a: Kleavor|def|1\n|-unboost|p1a: Kleavor|spd|1\n|faint|p2a: Excadrill\n|\n|upkeep\n|\n|t:|1782904604\n|switch|p2a: Muk|Muk, L86, F|321/321\n|turn|16\n|\n|t:|1782904608\n|move|p1a: Kleavor|Stone Axe|p2a: Muk\n|-damage|p2a: Muk|182/321\n|-sidestart|p2: jnpr010334|move: Stealth Rock\n|move|p2a: Muk|Knock Off|p1a: Kleavor\n|-damage|p1a: Kleavor|0 fnt\n|-enditem|p1a: Kleavor|Heavy-Duty Boots|[from] move: Knock Off|[of] p2a: Muk\n|faint|p1a: Kleavor\n|\n|-heal|p2a: Muk|202/321|[from] item: Leftovers\n|upkeep\n|\n|t:|1782904611\n|switch|p1a: Pelipper|Pelipper, L86, F|83/243\n|-weather|RainDance|[from] ability: Drizzle|[of] p1a: Pelipper\n|turn|17\n|\n|t:|1782904616\n|move|p1a: Pelipper|Hurricane|p2a: Muk\n|-damage|p2a: Muk|96/321\n|-start|p2a: Muk|confusion\n|-activate|p2a: Muk|confusion\n|move|p2a: Muk|Gunk Shot|p1a: Pelipper\n|-damage|p1a: Pelipper|0 fnt\n|faint|p1a: Pelipper\n|\n|-weather|RainDance|[upkeep]\n|-heal|p2a: Muk|116/321|[from] item: Leftovers\n|upkeep\n|\n|t:|1782904620\n|switch|p1a: Tauros|Tauros-Paldea-Blaze, L81, M|177/254\n|-status|p1a: Tauros|psn\n|-ability|p1a: Tauros|Intimidate|boost\n|-unboost|p2a: Muk|atk|1\n|turn|18\n|\n|t:|1782904622\n|move|p1a: Tauros|Flare Blitz|p2a: Muk\n|-damage|p2a: Muk|16/321\n|-status|p2a: Muk|brn\n|-damage|p1a: Tauros|144/254 psn|[from] Recoil\n|-end|p2a: Muk|confusion\n|move|p2a: Muk|Gunk Shot|p1a: Tauros\n|-damage|p1a: Tauros|101/254 psn\n|\n|-weather|RainDance|[upkeep]\n|-heal|p2a: Muk|36/321 brn|[from] item: Leftovers\n|-damage|p1a: Tauros|70/254 psn|[from] psn\n|-damage|p2a: Muk|16/321 brn|[from] brn\n|upkeep\n|turn|19\n|\n|t:|1782904624\n|move|p1a: Tauros|Flare Blitz|p2a: Muk\n|-damage|p2a: Muk|0 fnt\n|faint|p2a: Muk\n|-damage|p1a: Tauros|65/254 psn|[from] Recoil\n|\n|win|kaig075\n|raw|kaig075's rating: 1670 &rarr; <strong>1691</strong><br />(+21 for winning)\n|raw|jnpr010334's rating: 1685 &rarr; <strong>1664</strong><br />(-21 for losing)\n", "inputlog": ">version f8ac14003a5f27e1bdc8d8c59608a773c1cb96e5\n>start {\"formatid\":\"gen9randombattle\",\"seed\":\"sodium,c49cdd056ae75ce30680a42a72e9c790\",\"rated\":\"Rated battle\"}\n>player p1 {\"name\":\"kaig075\",\"avatar\":\"102\",\"rating\":1670,\"seed\":\"sodium,878afac4f47722a65fe3ef2979374cd3\"}\n>player p2 {\"name\":\"jnpr010334\",\"avatar\":\"265\",\"rating\":1707,\"seed\":\"sodium,4cf8dfe8469f525e524e9d656e9a44af\"}\n>p1 move hurricane\n>p2 move hypervoice\n>p1 move hurricane\n>p2 move hypervoice\n>p2 switch 4\n>p1 switch 3\n>p2 move seedflare\n>p1 move uturn\n>p2 move seedflare\n>p1 switch 5\n>p1 move xscissor\n>p2 switch 3\n>p1 switch 4\n>p2 move swordsdance\n>p1 move leafstorm\n>p2 move megahorn terastallize\n>p2 switch 5\n>p1 switch 6\n>p2 move toxicspikes\n>p1 move flareblitz\n>p2 switch 3\n>p2 switch 6\n>p1 switch 5\n>p2 move bellydrum\n>p1 move encore\n>p2 move aquajet\n>p1 switch 6\n>p1 move leafstorm terastallize\n>p2 move playrough\n>p2 switch 2\n>p1 move leafstorm\n>p2 move rapidspin\n>p1 switch 4\n>p2 move rapidspin\n>p1 move closecombat\n>p2 move ironhead\n>p2 switch 3\n>p1 move stoneaxe\n>p2 move knockoff\n>p1 switch 3\n>p1 move hurricane\n>p2 move gunkshot\n>p1 switch 5\n>p1 move flareblitz\n>p2 move gunkshot\n>p1 move flareblitz\n>p2 move gunkshot", "uploadtime": 1782904626, "views": 7, "formatid": "gen9randombattle", "rating": 1664, "private": 0, "password": null, "player_dets": [{"name": "kaig075", "avatar": "102", "rating": 1670, "seed": "sodium,878afac4f47722a65fe3ef2979374cd3"}, {"name": "jnpr010334", "avatar": "265", "rating": 1707, "seed": "sodium,4cf8dfe8469f525e524e9d656e9a44af"}], "teams_full": [{"Pelipper": {"name": "Pelipper", "species": "Pelipper", "speciesId": "pelipper", "gender": "F", "shiny": false, "level": 86, "moves": ["uturn", "surf", "hurricane", "roost"], "ability": "Drizzle", "evs": {"hp": 85, "atk": 85, "def": 85, "spa": 85, "spd": 85, "spe": 85}, "ivs": {"hp": 31, "atk": 31, "def": 31, "spa": 31, "spd": 31, "spe": 31}, "item": "Heavy-Duty Boots", "teraType": "Water", "role": "Bulky Attacker", "bvs": {"hp": 60, "atk": 50, "def": 100, "spa": 95, "spd": 70, "spe": 65}, "stats": {"hp": 243, "atk": 135, "def": 221, "spa": 213, "spd": 170, "spe": 161}, "types": ["Water", "Flying"]}, "Sylveon": {"name": "Sylveon", "species": "Sylveon", "speciesId": "sylveon", "gender": "F", "shiny": false, "level": 85, "moves": ["calmmind", "protect", "hypervoice", "wish"], "ability": "Pixilate", "evs": {"hp": 85, "atk": 0, "def": 85, "spa": 85, "spd": 85, "spe": 85}, "ivs": {"hp": 31, "atk": 0, "def": 31, "spa": 31, "spd": 31, "spe": 31}, "item": "Leftovers", "teraType": "Steel", "role": "Bulky Setup", "bvs": {"hp": 95, "atk": 65, "def": 65, "spa": 110, "spd": 130, "spe": 60}, "stats": {"hp": 300, "atk": 115, "def": 159, "spa": 236, "spd": 270, "spe": 151}, "types": ["Fairy"]}, "Uxie": {"name": "Uxie", "species": "Uxie", "speciesId": "uxie", "gender": "N", "shiny": false, "level": 83, "moves": ["yawn", "uturn", "psychicnoise", "encore"], "ability": "Levitate", "evs": {"hp": 85, "atk": 85, "def": 85, "spa": 85, "spd": 85, "spe": 85}, "ivs": {"hp": 31, "atk": 31, "def": 31, "spa": 31, "spd": 31, "spe": 31}, "item": "Leftovers", "teraType": "Electric", "role": "Bulky Support", "bvs": {"hp": 75, "atk": 75, "def": 130, "spa": 75, "spd": 130, "spe": 95}, "stats": {"hp": 260, "atk": 172, "def": 263, "spa": 172, "spd": 263, "spe": 205}, "types": ["Psychic"]}, "Hydrapple": {"name": "Hydrapple", "species": "Hydrapple", "speciesId": "hydrapple", "gender": "F", "shiny": false, "level": 83, "moves": ["dracometeor", "leafstorm", "earthpower", "ficklebeam"], "ability": "Regenerator", "evs": {"hp": 85, "atk": 0, "def": 85, "spa": 85, "spd": 85, "spe": 85}, "ivs": {"hp": 31, "atk": 0, "def": 31, "spa": 31, "spd": 31, "spe": 31}, "item": "Choice Specs", "teraType": "Steel", "role": "Wallbreaker", "bvs": {"hp": 106, "atk": 80, "def": 110, "spa": 120, "spd": 80, "spe": 44}, "stats": {"hp": 312, "atk": 137, "def": 230, "spa": 247, "spd": 180, "spe": 121}, "types": ["Grass", "Dragon"]}, "Kleavor": {"name": "Kleavor", "species": "Kleavor", "speciesId": "kleavor", "gender": "M", "shiny": false, "level": 78, "moves": ["stoneaxe", "defog", "closecombat", "xscissor"], "ability": "Sharpness", "evs": {"hp": 85, "atk": 85, "def": 85, "spa": 85, "spd": 85, "spe": 85}, "ivs": {"hp": 31, "atk": 31, "def": 31, "spa": 31, "spd": 31, "spe": 31}, "item": "Heavy-Duty Boots", "teraType": "Fighting", "role": "Bulky Attacker", "bvs": {"hp": 70, "atk": 135, "def": 95, "spa": 45, "spd": 70, "spe": 85}, "stats": {"hp": 237, "atk": 256, "def": 193, "spa": 115, "spd": 154, "spe": 178}, "types": ["Bug", "Rock"]}, "Tauros": {"name": "Tauros", "species": "Tauros-Paldea-Blaze", "speciesId": "taurospaldeablaze", "gender": "M", "shiny": false, "level": 81, "moves": ["wildcharge", "closecombat", "flareblitz", "stoneedge"], "ability": "Intimidate", "evs": {"hp": 85, "atk": 85, "def": 85, "spa": 85, "spd": 85, "spe": 85}, "ivs": {"hp": 31, "atk": 31, "def": 31, "spa": 31, "spd": 31, "spe": 31}, "item": "Choice Band", "teraType": "Fighting", "role": "Wallbreaker", "bvs": {"hp": 75, "atk": 110, "def": 105, "spa": 30, "spd": 70, "spe": 100}, "stats": {"hp": 254, "atk": 225, "def": 217, "spa": 95, "spd": 160, "spe": 209}, "types": ["Fighting", "Fire"]}}, {"Arboliva": {"name": "Arboliva", "species": "Arboliva", "speciesId": "arboliva", "gender": "M", "shiny": false, "level": 91, "moves": ["substitute", "hypervoice", "protect", "leechseed"], "ability": "Harvest", "evs": {"hp": 77, "atk": 0, "def": 85, "spa": 85, "spd": 85, "spe": 85}, "ivs": {"hp": 31, "atk": 0, "def": 31, "spa": 31, "spd": 31, "spe": 31}, "item": "Sitrus Berry", "teraType": "Water", "role": "Bulky Support", "bvs": {"hp": 78, "atk": 69, "def": 90, "spa": 125, "spd": 109, "spe": 39}, "stats": {"hp": 288, "atk": 130, "def": 216, "spa": 279, "spd": 250, "spe": 123}, "types": ["Grass", "Normal"]}, "Excadrill": {"name": "Excadrill", "species": "Excadrill", "speciesId": "excadrill", "gender": "M", "shiny": false, "level": 79, "moves": ["rockslide", "rapidspin", "ironhead", "earthquake"], "ability": "Mold Breaker", "evs": {"hp": 85, "atk": 85, "def": 85, "spa": 85, "spd": 85, "spe": 85}, "ivs": {"hp": 31, "atk": 31, "def": 31, "spa": 31, "spd": 31, "spe": 31}, "item": "Assault Vest", "teraType": "Water", "role": "AV Pivot", "bvs": {"hp": 110, "atk": 135, "def": 60, "spa": 50, "spd": 65, "spe": 88}, "stats": {"hp": 303, "atk": 259, "def": 140, "spa": 125, "spd": 148, "spe": 185}, "types": ["Ground", "Steel"]}, "Rhydon": {"name": "Rhydon", "species": "Rhydon", "speciesId": "rhydon", "gender": "M", "shiny": false, "level": 85, "moves": ["earthquake", "swordsdance", "megahorn", "stoneedge"], "ability": "Lightning Rod", "evs": {"hp": 85, "atk": 85, "def": 85, "spa": 85, "spd": 85, "spe": 85}, "ivs": {"hp": 31, "atk": 31, "def": 31, "spa": 31, "spd": 31, "spe": 31}, "item": "Eviolite", "teraType": "Fairy", "role": "Bulky Attacker", "bvs": {"hp": 105, "atk": 130, "def": 120, "spa": 45, "spd": 45, "spe": 40}, "stats": {"hp": 317, "atk": 270, "def": 253, "spa": 125, "spd": 125, "spe": 117}, "types": ["Ground", "Rock"]}, "Shaymin": {"name": "Shaymin", "species": "Shaymin-Sky", "speciesId": "shayminsky", "gender": "N", "shiny": false, "level": 73, "moves": ["seedflare", "airslash", "substitute", "leechseed"], "ability": "Serene Grace", "evs": {"hp": 85, "atk": 0, "def": 85, "spa": 85, "spd": 85, "spe": 85}, "ivs": {"hp": 31, "atk": 0, "def": 31, "spa": 31, "spd": 31, "spe": 31}, "item": "Leftovers", "teraType": "Steel", "role": "Bulky Support", "bvs": {"hp": 100, "atk": 103, "def": 75, "spa": 120, "spd": 75, "spe": 127}, "stats": {"hp": 266, "atk": 155, "def": 152, "spa": 218, "spd": 152, "spe": 228}, "types": ["Grass", "Flying"]}, "Muk": {"name": "Muk", "species": "Muk", "speciesId": "muk", "gender": "F", "shiny": false, "level": 86, "moves": ["knockoff", "gunkshot", "haze", "toxicspikes"], "ability": "Poison Touch", "evs": {"hp": 85, "atk": 85, "def": 85, "spa": 85, "spd": 85, "spe": 85}, "ivs": {"hp": 31, "atk": 31, "def": 31, "spa": 31, "spd": 31, "spe": 31}, "item": "Leftovers", "teraType": "Dark", "role": "Bulky Attacker", "bvs": {"hp": 105, "atk": 105, "def": 75, "spa": 65, "spd": 100, "spe": 50}, "stats": {"hp": 321, "atk": 230, "def": 178, "spa": 161, "spd": 221, "spe": 135}, "types": ["Poison"]}, "Azumarill": {"name": "Azumarill", "species": "Azumarill", "speciesId": "azumarill", "gender": "M", "shiny": false, "level": 82, "moves": ["bellydrum", "liquidation", "playrough", "aquajet"], "ability": "Huge Power", "evs": {"hp": 85, "atk": 85, "def": 85, "spa": 85, "spd": 85, "spe": 85}, "ivs": {"hp": 31, "atk": 31, "def": 31, "spa": 31, "spd": 31, "spe": 31}, "item": "Sitrus Berry", "teraType": "Water", "role": "Bulky Attacker", "bvs": {"hp": 100, "atk": 50, "def": 80, "spa": 60, "spd": 80, "spe": 50}, "stats": {"hp": 298, "atk": 129, "def": 178, "spa": 146, "spd": 178, "spe": 129}, "types": ["Water", "Fairy"]}}]}