{"id": "gen9randombattle-2642045521", "format": "[Gen 9] Random Battle", "players": ["notmetbh102", "gholdengoballs"], "log": "|badge|p1|bronze|gen9randombattle|100-10\n|uhtml|medal-msg|<div class=\"broadcast-blue\">Curious what those medals under the avatar are? PS now has Ladder Seasons! For more information, check out the <a href=\"https://www.smogon.com/forums/threads/3740067/\">thread on Smogon.</a></div>\n|j|\u2606notmetbh102\n|j|\u203dgholdengoballs\n|t:|1782878668\n|gametype|singles\n|inactive|Battle timer is ON: inactive players will automatically lose when time's up. (requested by notmetbh102)\n|player|p1|notmetbh102|265|2302\n|player|p2|gholdengoballs|2|2221\n|gen|9\n|tier|[Gen 9] Random Battle\n|rated|\n|rule|Species Clause: Limit one of each Pok\u00e9mon\n|rule|HP Percentage Mod: HP is shown in percentages\n|rule|Sleep Clause Mod: Limit one foe put to sleep\n|rule|Illusion Level Mod: Illusion disguises the Pok\u00e9mon's true level\n|\n|t:|1782878668\n|teamsize|p1|6\n|teamsize|p2|6\n|start\n|switch|p1a: Basculegion|Basculegion-F, L83, F|335/335\n|switch|p2a: Wigglytuff|Wigglytuff, L96, M|424/424\n|turn|1\n|inactive|gholdengoballs also wants the timer to be on.\n|c|\u2606notmetbh102|hf\n|\n|t:|1782878674\n|move|p1a: Basculegion|Hydro Pump|p2a: Wigglytuff\n|-damage|p2a: Wigglytuff|132/424\n|move|p2a: Wigglytuff|Wish|p2a: Wigglytuff\n|\n|-heal|p2a: Wigglytuff|158/424|[from] item: Leftovers\n|upkeep\n|turn|2\n|\n|t:|1782878676\n|switch|p1a: Golurk|Golurk, L87|297/297\n|move|p2a: Wigglytuff|Protect||[still]\n|-fail|p2a: Wigglytuff\n|\n|-heal|p2a: Wigglytuff|370/424|[from] move: Wish|[wisher] Wigglytuff\n|-heal|p2a: Wigglytuff|396/424|[from] item: Leftovers\n|upkeep\n|turn|3\n|\n|t:|1782878678\n|move|p1a: Golurk|Dynamic Punch|p2a: Wigglytuff\n|-damage|p2a: Wigglytuff|221/424\n|-start|p2a: Wigglytuff|confusion\n|-damage|p1a: Golurk|268/297|[from] item: Life Orb\n|-activate|p2a: Wigglytuff|confusion\n|move|p2a: Wigglytuff|Knock Off|p1a: Golurk\n|-supereffective|p1a: Golurk\n|-damage|p1a: Golurk|110/297\n|-enditem|p1a: Golurk|Life Orb|[from] move: Knock Off|[of] p2a: Wigglytuff\n|\n|-heal|p2a: Wigglytuff|247/424|[from] item: Leftovers\n|upkeep\n|turn|4\n|\n|t:|1782878682\n|move|p1a: Golurk|Stealth Rock|p2a: Wigglytuff\n|-sidestart|p2: gholdengoballs|move: Stealth Rock\n|-activate|p2a: Wigglytuff|confusion\n|move|p2a: Wigglytuff|Wish|p2a: Wigglytuff\n|\n|-heal|p2a: Wigglytuff|273/424|[from] item: Leftovers\n|upkeep\n|turn|5\n|\n|t:|1782878686\n|move|p1a: Golurk|Earthquake|p2a: Wigglytuff\n|-damage|p2a: Wigglytuff|81/424\n|-activate|p2a: Wigglytuff|confusion\n|move|p2a: Wigglytuff|Dazzling Gleam|p1a: Golurk\n|-damage|p1a: Golurk|0 fnt\n|faint|p1a: Golurk\n|\n|-heal|p2a: Wigglytuff|293/424|[from] move: Wish|[wisher] Wigglytuff\n|-heal|p2a: Wigglytuff|319/424|[from] item: Leftovers\n|upkeep\n|\n|t:|1782878686\n|switch|p1a: Basculegion|Basculegion-F, L83, F|335/335\n|turn|6\n|\n|t:|1782878691\n|-end|p2a: Wigglytuff|confusion\n|move|p2a: Wigglytuff|Protect|p2a: Wigglytuff\n|-singleturn|p2a: Wigglytuff|Protect\n|move|p1a: Basculegion|Hydro Pump|p2a: Wigglytuff\n|-activate|p2a: Wigglytuff|move: Protect\n|\n|-heal|p2a: Wigglytuff|345/424|[from] item: Leftovers\n|upkeep\n|turn|7\n|\n|t:|1782878697\n|-terastallize|p1a: Basculegion|Water\n|move|p1a: Basculegion|Hydro Pump|p2a: Wigglytuff\n|-damage|p2a: Wigglytuff|17/424\n|move|p2a: Wigglytuff|Knock Off|p1a: Basculegion\n|-damage|p1a: Basculegion|250/335\n|-enditem|p1a: Basculegion|Choice Specs|[from] move: Knock Off|[of] p2a: Wigglytuff\n|\n|-heal|p2a: Wigglytuff|43/424|[from] item: Leftovers\n|upkeep\n|turn|8\n|\n|t:|1782878702\n|move|p2a: Wigglytuff|Protect|p2a: Wigglytuff\n|-singleturn|p2a: Wigglytuff|Protect\n|move|p1a: Basculegion|Flip Turn|p2a: Wigglytuff\n|-activate|p2a: Wigglytuff|move: Protect\n|\n|-heal|p2a: Wigglytuff|69/424|[from] item: Leftovers\n|upkeep\n|turn|9\n|\n|t:|1782878705\n|move|p1a: Basculegion|Flip Turn|p2a: Wigglytuff\n|-damage|p2a: Wigglytuff|0 fnt\n|faint|p2a: Wigglytuff\n|\n|t:|1782878705\n|switch|p1a: Samurott|Samurott-Hisui, L77, M|265/265|[from] Flip Turn\n|\n|upkeep\n|\n|t:|1782878713\n|switch|p2a: Zebstrika|Zebstrika, L87, M|272/272\n|-damage|p2a: Zebstrika|238/272|[from] Stealth Rock\n|turn|10\n|\n|t:|1782878715\n|switch|p1a: Amoonguss|Amoonguss, L82, F|321/321\n|move|p2a: Zebstrika|Volt Switch|p1a: Amoonguss\n|-resisted|p1a: Amoonguss\n|-damage|p1a: Amoonguss|274/321\n|-damage|p2a: Zebstrika|211/272|[from] item: Life Orb\n|\n|t:|1782878719\n|switch|p2a: Toucannon|Toucannon, L88, F|284/284|[from] Volt Switch\n|\n|-heal|p1a: Amoonguss|294/321|[from] item: Leftovers\n|upkeep\n|turn|11\n|\n|t:|1782878721\n|-singleturn|p2a: Toucannon|move: Beak Blast\n|move|p1a: Amoonguss|Spore|p2a: Toucannon\n|-status|p2a: Toucannon|slp|[from] move: Spore\n|cant|p2a: Toucannon|slp\n|\n|-heal|p1a: Amoonguss|314/321|[from] item: Leftovers\n|upkeep\n|turn|12\n|\n|t:|1782878724\n|switch|p1a: Toxtricity|Toxtricity, L82, M|257/257\n|-curestatus|p2a: Toucannon|slp|[msg]\n|move|p2a: Toucannon|Boomburst|p1a: Toxtricity\n|-damage|p1a: Toxtricity|177/257\n|\n|upkeep\n|turn|13\n|\n|t:|1782878727\n|switch|p2a: Piloswine|Piloswine, L85, F|309/309\n|-damage|p2a: Piloswine|271/309|[from] Stealth Rock\n|move|p1a: Toxtricity|Overdrive|p2a: Piloswine\n|-immune|p2a: Piloswine\n|\n|upkeep\n|turn|14\n|\n|t:|1782878730\n|switch|p1a: Basculegion|Basculegion-F, L83, F, tera:Water|250/335\n|move|p2a: Piloswine|Icicle Crash|p1a: Basculegion\n|-resisted|p1a: Basculegion\n|-damage|p1a: Basculegion|190/335\n|\n|upkeep\n|turn|15\n|\n|t:|1782878738\n|switch|p2a: Serperior|Serperior, L79, M|248/248\n|-damage|p2a: Serperior|217/248|[from] Stealth Rock\n|move|p1a: Basculegion|Flip Turn|p2a: Serperior\n|-resisted|p2a: Serperior\n|-damage|p2a: Serperior|173/248\n|\n|t:|1782878739\n|switch|p1a: Amoonguss|Amoonguss, L82, F|321/321|[from] Flip Turn\n|\n|upkeep\n|turn|16\n|\n|t:|1782878742\n|move|p2a: Serperior|Glare|p1a: Amoonguss\n|-status|p1a: Amoonguss|par\n|move|p1a: Amoonguss|Sludge Bomb|p2a: Serperior\n|-supereffective|p2a: Serperior\n|-damage|p2a: Serperior|11/248\n|\n|upkeep\n|turn|17\n|\n|t:|1782878745\n|move|p2a: Serperior|Synthesis|p2a: Serperior\n|-heal|p2a: Serperior|135/248\n|move|p1a: Amoonguss|Sludge Bomb|p2a: Serperior\n|-supereffective|p2a: Serperior\n|-damage|p2a: Serperior|0 fnt\n|faint|p2a: Serperior\n|\n|upkeep\n|\n|t:|1782878754\n|switch|p2a: Zebstrika|Zebstrika, L87, M|211/272\n|-damage|p2a: Zebstrika|177/272|[from] Stealth Rock\n|turn|18\n|\n|t:|1782878755\n|move|p2a: Zebstrika|Overheat|p1a: Amoonguss\n|-supereffective|p1a: Amoonguss\n|-damage|p1a: Amoonguss|74/321 par\n|-unboost|p2a: Zebstrika|spa|2\n|-damage|p2a: Zebstrika|150/272|[from] item: Life Orb\n|move|p1a: Amoonguss|Sludge Bomb|p2a: Zebstrika\n|-crit|p2a: Zebstrika\n|-damage|p2a: Zebstrika|3/272\n|\n|-heal|p1a: Amoonguss|94/321 par|[from] item: Leftovers\n|upkeep\n|turn|19\n|\n|t:|1782878759\n|switch|p1a: Malamar|Malamar, L82, M|275/275\n|move|p2a: Zebstrika|Overheat|p1a: Malamar\n|-damage|p1a: Malamar|214/275\n|-unboost|p2a: Zebstrika|spa|2\n|-damage|p2a: Zebstrika|0 fnt|[from] item: Life Orb\n|faint|p2a: Zebstrika\n|\n|upkeep\n|\n|t:|1782878767\n|switch|p2a: Toucannon|Toucannon, L88, F|284/284\n|turn|20\n|\n|t:|1782878769\n|move|p1a: Malamar|Superpower|p2a: Toucannon\n|-damage|p2a: Toucannon|205/284\n|-boost|p1a: Malamar|atk|1\n|-boost|p1a: Malamar|def|1\n|move|p2a: Toucannon|U-turn|p1a: Malamar\n|-supereffective|p1a: Malamar\n|-damage|p1a: Malamar|22/275\n|\n|t:|1782878772\n|switch|p2a: Florges|Florges-Yellow, L85, F|271/271|[from] U-turn\n|-damage|p2a: Florges|238/271|[from] Stealth Rock\n|\n|-heal|p2a: Florges|254/271|[from] item: Leftovers\n|upkeep\n|turn|21\n|\n|t:|1782878773\n|switch|p1a: Amoonguss|Amoonguss, L82, F|201/321 par\n|move|p2a: Florges|Calm Mind|p2a: Florges\n|-boost|p2a: Florges|spa|1\n|-boost|p2a: Florges|spd|1\n|\n|-heal|p2a: Florges|270/271|[from] item: Leftovers\n|-heal|p1a: Amoonguss|221/321 par|[from] item: Leftovers\n|upkeep\n|turn|22\n|\n|t:|1782878778\n|move|p2a: Florges|Calm Mind|p2a: Florges\n|-boost|p2a: Florges|spa|1\n|-boost|p2a: Florges|spd|1\n|move|p1a: Amoonguss|Spore|p2a: Florges\n|-status|p2a: Florges|slp|[from] move: Spore\n|\n|-heal|p2a: Florges|271/271 slp|[from] item: Leftovers\n|-heal|p1a: Amoonguss|241/321 par|[from] item: Leftovers\n|upkeep\n|turn|23\n|\n|t:|1782878780\n|cant|p2a: Florges|slp\n|move|p1a: Amoonguss|Clear Smog|p2a: Florges\n|-supereffective|p2a: Florges\n|-damage|p2a: Florges|239/271 slp\n|-clearboost|p2a: Florges\n|\n|-heal|p2a: Florges|255/271 slp|[from] item: Leftovers\n|-heal|p1a: Amoonguss|261/321 par|[from] item: Leftovers\n|upkeep\n|turn|24\n|\n|t:|1782878785\n|switch|p2a: Toucannon|Toucannon, L88, F|205/284\n|cant|p1a: Amoonguss|par\n|\n|-heal|p1a: Amoonguss|281/321 par|[from] item: Leftovers\n|upkeep\n|turn|25\n|\n|t:|1782878788\n|switch|p1a: Toxtricity|Toxtricity, L82, M|177/257\n|-singleturn|p2a: Toucannon|move: Beak Blast\n|move|p2a: Toucannon|Beak Blast|p1a: Toxtricity\n|-resisted|p1a: Toxtricity\n|-damage|p1a: Toxtricity|87/257\n|\n|upkeep\n|turn|26\n|\n|t:|1782878791\n|switch|p2a: Piloswine|Piloswine, L85, F|271/309\n|-damage|p2a: Piloswine|233/309|[from] Stealth Rock\n|move|p1a: Toxtricity|Overdrive|p2a: Piloswine\n|-immune|p2a: Piloswine\n|\n|upkeep\n|turn|27\n|\n|t:|1782878795\n|switch|p1a: Basculegion|Basculegion-F, L83, F, tera:Water|190/335\n|move|p2a: Piloswine|Earthquake|p1a: Basculegion\n|-damage|p1a: Basculegion|52/335\n|\n|upkeep\n|turn|28\n|\n|t:|1782878818\n|switch|p2a: Toucannon|Toucannon, L88, F|205/284\n|move|p1a: Basculegion|Hydro Pump|p2a: Toucannon\n|-damage|p2a: Toucannon|25/284\n|\n|upkeep\n|turn|29\n|\n|t:|1782878821\n|move|p1a: Basculegion|Flip Turn|p2a: Toucannon\n|-damage|p2a: Toucannon|0 fnt\n|faint|p2a: Toucannon\n|\n|t:|1782878822\n|switch|p1a: Malamar|Malamar, L82, M|22/275|[from] Flip Turn\n|\n|upkeep\n|\n|t:|1782878827\n|switch|p2a: Florges|Florges-Yellow, L85, F|255/271 slp\n|-damage|p2a: Florges|222/271 slp|[from] Stealth Rock\n|turn|30\n|\n|t:|1782878829\n|cant|p2a: Florges|slp\n|move|p1a: Malamar|Rest|p1a: Malamar\n|-status|p1a: Malamar|slp|[from] move: Rest\n|-heal|p1a: Malamar|275/275 slp|[silent]\n|-enditem|p1a: Malamar|Chesto Berry|[eat]\n|-curestatus|p1a: Malamar|slp|[msg]\n|\n|-heal|p2a: Florges|238/271 slp|[from] item: Leftovers\n|upkeep\n|turn|31\n|\n|t:|1782878832\n|switch|p1a: Amoonguss|Amoonguss, L82, F|321/321 par\n|cant|p2a: Florges|slp\n|\n|-heal|p2a: Florges|254/271 slp|[from] item: Leftovers\n|upkeep\n|turn|32\n|\n|t:|1782878841\n|-curestatus|p2a: Florges|slp|[msg]\n|move|p2a: Florges|Calm Mind|p2a: Florges\n|-boost|p2a: Florges|spa|1\n|-boost|p2a: Florges|spd|1\n|cant|p1a: Amoonguss|par\n|\n|-heal|p2a: Florges|270/271|[from] item: Leftovers\n|upkeep\n|turn|33\n|\n|t:|1782878845\n|-terastallize|p2a: Florges|Steel\n|move|p2a: Florges|Calm Mind|p2a: Florges\n|-boost|p2a: Florges|spa|1\n|-boost|p2a: Florges|spd|1\n|move|p1a: Amoonguss|Spore|p2a: Florges\n|-status|p2a: Florges|slp|[from] move: Spore\n|\n|-heal|p2a: Florges|271/271 slp|[from] item: Leftovers\n|upkeep\n|turn|34\n|\n|t:|1782878848\n|switch|p1a: Samurott|Samurott-Hisui, L77, M|265/265\n|cant|p2a: Florges|slp\n|\n|upkeep\n|turn|35\n|\n|t:|1782878850\n|-curestatus|p2a: Florges|slp|[msg]\n|move|p2a: Florges|Protect|p2a: Florges\n|-singleturn|p2a: Florges|Protect\n|move|p1a: Samurott|Sacred Sword|p2a: Florges\n|-activate|p2a: Florges|move: Protect\n|\n|upkeep\n|turn|36\n|\n|t:|1782878852\n|switch|p1a: Amoonguss|Amoonguss, L82, F|321/321 par\n|move|p2a: Florges|Moonblast|p1a: Amoonguss\n|-resisted|p1a: Amoonguss\n|-damage|p1a: Amoonguss|202/321 par\n|\n|-heal|p1a: Amoonguss|222/321 par|[from] item: Leftovers\n|upkeep\n|turn|37\n|\n|t:|1782878854\n|move|p2a: Florges|Calm Mind|p2a: Florges\n|-boost|p2a: Florges|spa|1\n|-boost|p2a: Florges|spd|1\n|cant|p1a: Amoonguss|par\n|\n|-heal|p1a: Amoonguss|242/321 par|[from] item: Leftovers\n|upkeep\n|turn|38\n|\n|t:|1782878861\n|move|p2a: Florges|Moonblast|p1a: Amoonguss\n|-resisted|p1a: Amoonguss\n|-damage|p1a: Amoonguss|92/321 par\n|-unboost|p1a: Amoonguss|spa|1\n|cant|p1a: Amoonguss|par\n|\n|-heal|p1a: Amoonguss|112/321 par|[from] item: Leftovers\n|upkeep\n|turn|39\n|\n|t:|1782878865\n|switch|p1a: Basculegion|Basculegion-F, L83, F, tera:Water|52/335\n|move|p2a: Florges|Moonblast|p1a: Basculegion\n|-damage|p1a: Basculegion|0 fnt\n|faint|p1a: Basculegion\n|\n|upkeep\n|\n|t:|1782878865\n|switch|p1a: Amoonguss|Amoonguss, L82, F|219/321 par\n|turn|40\n|\n|t:|1782878868\n|move|p2a: Florges|Moonblast|p1a: Amoonguss\n|-resisted|p1a: Amoonguss\n|-damage|p1a: Amoonguss|66/321 par\n|-unboost|p1a: Amoonguss|spa|1\n|move|p1a: Amoonguss|Spore|p2a: Florges\n|-status|p2a: Florges|slp|[from] move: Spore\n|\n|-heal|p1a: Amoonguss|86/321 par|[from] item: Leftovers\n|upkeep\n|turn|41\n|\n|t:|1782878872\n|switch|p1a: Samurott|Samurott-Hisui, L77, M|265/265\n|cant|p2a: Florges|slp\n|\n|upkeep\n|turn|42\n|\n|t:|1782878873\n|cant|p2a: Florges|slp\n|move|p1a: Samurott|Sacred Sword|p2a: Florges\n|-supereffective|p2a: Florges\n|-damage|p2a: Florges|0 fnt\n|faint|p2a: Florges\n|\n|upkeep\n|\n|t:|1782878875\n|switch|p2a: Piloswine|Piloswine, L85, F|233/309\n|-damage|p2a: Piloswine|195/309|[from] Stealth Rock\n|turn|43\n|\n|t:|1782878876\n|move|p1a: Samurott|Sacred Sword|p2a: Piloswine\n|-supereffective|p2a: Piloswine\n|-damage|p2a: Piloswine|1/309\n|move|p2a: Piloswine|Earthquake|p1a: Samurott\n|-damage|p1a: Samurott|138/265\n|\n|upkeep\n|turn|44\n|j| blasths\n|-message|gholdengoballs forfeited.\n|\n|win|notmetbh102\n|raw|notmetbh102's rating: 2302 &rarr; <strong>2317</strong><br />(+15 for winning)\n|raw|gholdengoballs's rating: 2221 &rarr; <strong>2206</strong><br />(-15 for losing)\n|c|\u2606notmetbh102|gg\n|l|\u203dgholdengoballs\n|player|p2|\n", "inputlog": ">version f8ac14003a5f27e1bdc8d8c59608a773c1cb96e5\n>start {\"formatid\":\"gen9randombattle\",\"seed\":\"sodium,d6e86986e641077e9d94aaa0dba7c23b\",\"rated\":\"Rated battle\"}\n>player p1 {\"name\":\"notmetbh102\",\"avatar\":\"265\",\"rating\":2302,\"seed\":\"sodium,6541e28b09a2f018aaf73940211ee799\"}\n>player p2 {\"name\":\"gholdengoballs\",\"avatar\":\"2\",\"rating\":2221,\"seed\":\"sodium,8dd5161d441df1240e6e1648bc7453d5\"}\n>chat \u2606notmetbh102|hf\n>p1 move hydropump\n>p2 move wish\n>p1 switch 4\n>p2 move protect\n>p1 move dynamicpunch\n>p2 move knockoff\n>p1 move stealthrock\n>p2 move wish\n>p1 move earthquake\n>p2 move dazzlinggleam\n>p1 switch 4\n>p1 move hydropump\n>p2 move protect\n>p1 move hydropump terastallize\n>p2 move knockoff\n>p1 move flipturn\n>p2 move protect\n>p1 move flipturn\n>p2 move dazzlinggleam\n>p1 switch 3\n>p2 switch 4\n>p1 switch 6\n>p2 move voltswitch\n>p2 switch 2\n>p1 move spore\n>p2 move beakblast\n>p1 switch 5\n>p2 move boomburst\n>p1 move overdrive\n>p2 switch 3\n>p1 switch 3\n>p2 move iciclecrash\n>p1 move flipturn\n>p2 switch 5\n>p1 switch 5\n>p1 move sludgebomb\n>p2 move glare\n>p1 move sludgebomb\n>p2 move synthesis\n>p2 switch 2\n>p1 move sludgebomb\n>p2 move overheat\n>p1 switch 2\n>p2 move overheat\n>p2 switch 3\n>p1 move superpower\n>p2 move uturn\n>p2 switch 6\n>p1 switch 2\n>p2 move calmmind\n>p1 move spore\n>p2 move calmmind\n>p1 move clearsmog\n>p2 move calmmind\n>p1 move sludgebomb\n>p2 switch 6\n>p1 switch 3\n>p2 move beakblast\n>p1 move overdrive\n>p2 switch 5\n>p1 switch 5\n>p2 move earthquake\n>p1 move hydropump\n>p2 switch 5\n>p1 move flipturn\n>p2 move boomburst\n>p1 switch 2\n>p2 switch 6\n>p1 move rest\n>p2 move calmmind\n>p1 switch 3\n>p2 move calmmind\n>p1 move spore\n>p2 move calmmind\n>p1 move spore\n>p2 move calmmind terastallize\n>p1 switch 6\n>p2 move calmmind\n>p1 move sacredsword\n>p2 move protect\n>p1 switch 6\n>p2 move moonblast\n>p1 move spore\n>p2 move calmmind\n>p1 move spore\n>p2 move moonblast\n>p1 switch 2\n>p2 move moonblast\n>p1 switch 2\n>p1 move spore\n>p2 move moonblast\n>p1 switch 6\n>p2 move moonblast\n>p1 move sacredsword\n>p2 move moonblast\n>p2 switch 5\n>p1 move sacredsword\n>p2 move earthquake\n>forcelose p2", "uploadtime": 1782878880, "views": 9, "formatid": "gen9randombattle", "rating": 2206, "private": 0, "password": null, "player_dets": [{"name": "notmetbh102", "avatar": "265", "rating": 2302, "seed": "sodium,6541e28b09a2f018aaf73940211ee799"}, {"name": "gholdengoballs", "avatar": "2", "rating": 2221, "seed": "sodium,8dd5161d441df1240e6e1648bc7453d5"}], "teams_full": [{"Basculegion": {"name": "Basculegion", "species": "Basculegion-F", "speciesId": "basculegionf", "gender": "F", "shiny": false, "level": 83, "moves": ["icebeam", "flipturn", "shadowball", "hydropump"], "ability": "Adaptability", "evs": {"hp": 85, "atk": 85, "def": 85, "spa": 85, "spd": 85, "spe": 85}, "ivs": {"hp": 31, "atk": 31, "def": 31, "spa": 31, "spd": 31, "spe": 31}, "item": "Choice Specs", "teraType": "Water", "role": "Wallbreaker", "bvs": {"hp": 120, "atk": 92, "def": 65, "spa": 100, "spd": 75, "spe": 78}, "stats": {"hp": 335, "atk": 200, "def": 156, "spa": 214, "spd": 172, "spe": 177}, "types": ["Water", "Ghost"]}, "Malamar": {"name": "Malamar", "species": "Malamar", "speciesId": "malamar", "gender": "M", "shiny": false, "level": 82, "moves": ["knockoff", "psychocut", "rest", "superpower"], "ability": "Contrary", "evs": {"hp": 85, "atk": 85, "def": 85, "spa": 85, "spd": 85, "spe": 85}, "ivs": {"hp": 31, "atk": 31, "def": 31, "spa": 31, "spd": 31, "spe": 31}, "item": "Chesto Berry", "teraType": "Steel", "role": "Fast Bulky Setup", "bvs": {"hp": 86, "atk": 92, "def": 88, "spa": 68, "spd": 75, "spe": 73}, "stats": {"hp": 275, "atk": 198, "def": 191, "spa": 159, "spd": 170, "spe": 167}, "types": ["Dark", "Psychic"]}, "Samurott": {"name": "Samurott", "species": "Samurott-Hisui", "speciesId": "samurotthisui", "gender": "M", "shiny": false, "level": 77, "moves": ["sacredsword", "suckerpunch", "ceaselessedge", "razorshell"], "ability": "Sharpness", "evs": {"hp": 85, "atk": 85, "def": 85, "spa": 85, "spd": 85, "spe": 85}, "ivs": {"hp": 31, "atk": 31, "def": 31, "spa": 31, "spd": 31, "spe": 31}, "item": "Choice Band", "teraType": "Water", "role": "Fast Attacker", "bvs": {"hp": 90, "atk": 108, "def": 80, "spa": 100, "spd": 65, "spe": 85}, "stats": {"hp": 265, "atk": 211, "def": 168, "spa": 199, "spd": 145, "spe": 175}, "types": ["Water", "Dark"]}, "Golurk": {"name": "Golurk", "species": "Golurk", "speciesId": "golurk", "gender": "N", "shiny": false, "level": 87, "moves": ["earthquake", "poltergeist", "dynamicpunch", "stealthrock"], "ability": "No Guard", "evs": {"hp": 85, "atk": 85, "def": 85, "spa": 85, "spd": 85, "spe": 85}, "ivs": {"hp": 31, "atk": 31, "def": 31, "spa": 31, "spd": 31, "spe": 31}, "item": "Life Orb", "teraType": "Ground", "role": "Wallbreaker", "bvs": {"hp": 89, "atk": 124, "def": 80, "spa": 55, "spd": 80, "spe": 55}, "stats": {"hp": 297, "atk": 266, "def": 189, "spa": 145, "spd": 189, "spe": 145}, "types": ["Ground", "Ghost"]}, "Toxtricity": {"name": "Toxtricity", "species": "Toxtricity", "speciesId": "toxtricity", "gender": "M", "shiny": false, "level": 82, "moves": ["voltswitch", "overdrive", "sludgewave", "boomburst"], "ability": "Punk Rock", "evs": {"hp": 85, "atk": 0, "def": 85, "spa": 85, "spd": 85, "spe": 85}, "ivs": {"hp": 31, "atk": 0, "def": 31, "spa": 31, "spd": 31, "spe": 31}, "item": "Choice Scarf", "teraType": "Normal", "role": "Fast Attacker", "bvs": {"hp": 75, "atk": 98, "def": 70, "spa": 114, "spd": 70, "spe": 75}, "stats": {"hp": 257, "atk": 165, "def": 162, "spa": 234, "spd": 162, "spe": 170}, "types": ["Electric", "Poison"]}, "Amoonguss": {"name": "Amoonguss", "species": "Amoonguss", "speciesId": "amoonguss", "gender": "F", "shiny": false, "level": 82, "moves": ["sludgebomb", "gigadrain", "clearsmog", "spore"], "ability": "Regenerator", "evs": {"hp": 85, "atk": 0, "def": 85, "spa": 85, "spd": 85, "spe": 85}, "ivs": {"hp": 31, "atk": 0, "def": 31, "spa": 31, "spd": 31, "spe": 31}, "item": "Leftovers", "teraType": "Steel", "role": "Bulky Support", "bvs": {"hp": 114, "atk": 85, "def": 70, "spa": 85, "spd": 80, "spe": 30}, "stats": {"hp": 321, "atk": 144, "def": 162, "spa": 187, "spd": 178, "spe": 96}, "types": ["Grass", "Poison"]}}, {"Wigglytuff": {"name": "Wigglytuff", "species": "Wigglytuff", "speciesId": "wigglytuff", "gender": "M", "shiny": false, "level": 96, "moves": ["wish", "protect", "dazzlinggleam", "knockoff"], "ability": "Competitive", "evs": {"hp": 85, "atk": 85, "def": 85, "spa": 85, "spd": 85, "spe": 85}, "ivs": {"hp": 31, "atk": 31, "def": 31, "spa": 31, "spd": 31, "spe": 31}, "item": "Leftovers", "teraType": "Steel", "role": "Bulky Support", "bvs": {"hp": 140, "atk": 70, "def": 45, "spa": 85, "spd": 50, "spe": 45}, "stats": {"hp": 424, "atk": 189, "def": 141, "spa": 218, "spd": 150, "spe": 141}, "types": ["Normal", "Fairy"]}, "Toucannon": {"name": "Toucannon", "species": "Toucannon", "speciesId": "toucannon", "gender": "F", "shiny": false, "level": 88, "moves": ["roost", "uturn", "boomburst", "beakblast"], "ability": "Keen Eye", "evs": {"hp": 85, "atk": 85, "def": 85, "spa": 85, "spd": 85, "spe": 85}, "ivs": {"hp": 31, "atk": 31, "def": 31, "spa": 31, "spd": 31, "spe": 31}, "item": "Heavy-Duty Boots", "teraType": "Steel", "role": "Bulky Support", "bvs": {"hp": 80, "atk": 120, "def": 75, "spa": 75, "spd": 75, "spe": 60}, "stats": {"hp": 284, "atk": 261, "def": 182, "spa": 182, "spd": 182, "spe": 156}, "types": ["Normal", "Flying"]}, "Piloswine": {"name": "Piloswine", "species": "Piloswine", "speciesId": "piloswine", "gender": "F", "shiny": false, "level": 85, "moves": ["iceshard", "iciclecrash", "roar", "earthquake"], "ability": "Thick Fat", "evs": {"hp": 85, "atk": 85, "def": 85, "spa": 85, "spd": 85, "spe": 85}, "ivs": {"hp": 31, "atk": 31, "def": 31, "spa": 31, "spd": 31, "spe": 31}, "item": "Eviolite", "teraType": "Dragon", "role": "Bulky Support", "bvs": {"hp": 100, "atk": 100, "def": 80, "spa": 60, "spd": 60, "spe": 50}, "stats": {"hp": 309, "atk": 219, "def": 185, "spa": 151, "spd": 151, "spe": 134}, "types": ["Ice", "Ground"]}, "Zebstrika": {"name": "Zebstrika", "species": "Zebstrika", "speciesId": "zebstrika", "gender": "M", "shiny": false, "level": 87, "moves": ["voltswitch", "highhorsepower", "supercellslam", "overheat"], "ability": "Sap Sipper", "evs": {"hp": 85, "atk": 85, "def": 85, "spa": 85, "spd": 85, "spe": 85}, "ivs": {"hp": 31, "atk": 31, "def": 31, "spa": 31, "spd": 31, "spe": 31}, "item": "Life Orb", "teraType": "Ground", "role": "Fast Attacker", "bvs": {"hp": 75, "atk": 100, "def": 63, "spa": 80, "spd": 63, "spe": 116}, "stats": {"hp": 272, "atk": 224, "def": 159, "spa": 189, "spd": 159, "spe": 252}, "types": ["Electric"]}, "Serperior": {"name": "Serperior", "species": "Serperior", "speciesId": "serperior", "gender": "M", "shiny": false, "level": 79, "moves": ["synthesis", "glare", "dragonpulse", "leafstorm"], "ability": "Contrary", "evs": {"hp": 85, "atk": 0, "def": 85, "spa": 85, "spd": 85, "spe": 85}, "ivs": {"hp": 31, "atk": 0, "def": 31, "spa": 31, "spd": 31, "spe": 31}, "item": "Life Orb", "teraType": "Dragon", "role": "Fast Attacker", "bvs": {"hp": 75, "atk": 75, "def": 95, "spa": 75, "spd": 95, "spe": 113}, "stats": {"hp": 248, "atk": 123, "def": 196, "spa": 164, "spd": 196, "spe": 224}, "types": ["Grass"]}, "Florges": {"name": "Florges", "species": "Florges-Yellow", "speciesId": "florges", "gender": "F", "shiny": false, "level": 85, "moves": ["moonblast", "wish", "protect", "calmmind"], "ability": "Flower Veil", "evs": {"hp": 85, "atk": 0, "def": 85, "spa": 85, "spd": 85, "spe": 85}, "ivs": {"hp": 31, "atk": 0, "def": 31, "spa": 31, "spd": 31, "spe": 31}, "item": "Leftovers", "teraType": "Steel", "role": "Bulky Setup", "bvs": {"hp": 78, "atk": 65, "def": 68, "spa": 112, "spd": 154, "spe": 75}, "stats": {"hp": 271, "atk": 115, "def": 164, "spa": 239, "spd": 311, "spe": 176}, "types": ["Fairy"]}}]}