{"id": "gen9randombattle-2642133711", "format": "[Gen 9] Random Battle", "players": ["jnpr010334", "grimcrok"], "log": "|j|\u2606jnpr010334\n|j|\u2606grimcrok\n|t:|1782897197\n|gametype|singles\n|player|p1|jnpr010334|265|1629\n|player|p2|grimcrok|101|1677\n|gen|9\n|tier|[Gen 9] Random Battle\n|rated|\n|rule|Species Clause: Limit one of each Pok\u00e9mon\n|rule|HP Percentage Mod: HP is shown in percentages\n|rule|Sleep Clause Mod: Limit one foe put to sleep\n|rule|Illusion Level Mod: Illusion disguises the Pok\u00e9mon's true level\n|\n|t:|1782897197\n|teamsize|p1|6\n|teamsize|p2|6\n|start\n|switch|p1a: Polteageist|Polteageist, L78|222/222\n|switch|p2a: Annihilape|Annihilape, L76, F|292/292\n|turn|1\n|inactive|Battle timer is ON: inactive players will automatically lose when time's up. (requested by jnpr010334)\n|\n|t:|1782897209\n|move|p2a: Annihilape|Rage Fist|p1a: Polteageist\n|-supereffective|p1a: Polteageist\n|-damage|p1a: Polteageist|90/222\n|-start|p2a: Annihilape|Disable|Rage Fist|[from] ability: Cursed Body|[of] p1a: Polteageist\n|move|p1a: Polteageist|Shell Smash|p1a: Polteageist\n|-unboost|p1a: Polteageist|def|1\n|-unboost|p1a: Polteageist|spd|1\n|-boost|p1a: Polteageist|atk|2\n|-boost|p1a: Polteageist|spa|2\n|-boost|p1a: Polteageist|spe|2\n|-enditem|p1a: Polteageist|White Herb\n|-clearnegativeboost|p1a: Polteageist|[silent]\n|\n|upkeep\n|turn|2\n|\n|t:|1782897216\n|switch|p2a: Braviary|Braviary, L85, M|309/309\n|move|p1a: Polteageist|Stored Power|p2a: Braviary\n|-damage|p2a: Braviary|79/309\n|\n|upkeep\n|turn|3\n|\n|t:|1782897222\n|move|p1a: Polteageist|Stored Power|p2a: Braviary\n|-damage|p2a: Braviary|0 fnt\n|faint|p2a: Braviary\n|\n|upkeep\n|\n|t:|1782897225\n|switch|p2a: Toxicroak|Toxicroak, L84, M|277/277\n|turn|4\n|\n|t:|1782897228\n|move|p2a: Toxicroak|Sucker Punch|p1a: Polteageist\n|-supereffective|p1a: Polteageist\n|-damage|p1a: Polteageist|0 fnt\n|-start|p2a: Toxicroak|Disable|Sucker Punch|[from] ability: Cursed Body|[of] p1a: Polteageist\n|faint|p1a: Polteageist\n|-damage|p2a: Toxicroak|250/277|[from] item: Life Orb\n|\n|upkeep\n|\n|t:|1782897229\n|switch|p1a: Meloetta|Meloetta, L82|298/298\n|turn|5\n|\n|t:|1782897239\n|switch|p2a: Flapple|Flapple, L88, F|266/266\n|move|p1a: Meloetta|Psyshock|p2a: Flapple\n|-damage|p2a: Flapple|112/266\n|\n|upkeep\n|turn|6\n|\n|t:|1782897244\n|move|p2a: Flapple|Sucker Punch|p1a: Meloetta\n|-supereffective|p1a: Meloetta\n|-damage|p1a: Meloetta|0 fnt\n|faint|p1a: Meloetta\n|\n|upkeep\n|\n|t:|1782897246\n|switch|p1a: Flapple|Flapple, L88, F|266/266\n|turn|7\n|\n|t:|1782897250\n|switch|p2a: Avalugg|Avalugg, L88, F|310/310\n|move|p1a: Flapple|Sucker Punch||[still]\n|-fail|p1a: Flapple\n|\n|upkeep\n|turn|8\n|\n|t:|1782897254\n|switch|p1a: Luvdisc|Luvdisc, M|247/247\n|move|p2a: Avalugg|Avalanche|p1a: Luvdisc\n|-resisted|p1a: Luvdisc\n|-damage|p1a: Luvdisc|196/247\n|\n|upkeep\n|turn|9\n|\n|t:|1782897258\n|switch|p2a: Toxicroak|Toxicroak, L84, M|250/277\n|move|p1a: Luvdisc|Endeavor|p2a: Toxicroak\n|-damage|p2a: Toxicroak|196/277\n|\n|upkeep\n|turn|10\n|\n|t:|1782897262\n|move|p1a: Luvdisc|Substitute|p1a: Luvdisc\n|-start|p1a: Luvdisc|Substitute\n|-damage|p1a: Luvdisc|135/247\n|move|p2a: Toxicroak|Swords Dance|p2a: Toxicroak\n|-boost|p2a: Toxicroak|atk|2\n|\n|upkeep\n|turn|11\n|\n|t:|1782897266\n|move|p1a: Luvdisc|Surf|p2a: Toxicroak\n|-heal|p2a: Toxicroak|265/277|[from] ability: Dry Skin|[of] p1a: Luvdisc\n|move|p2a: Toxicroak|Gunk Shot|p1a: Luvdisc\n|-end|p1a: Luvdisc|Substitute\n|-damage|p2a: Toxicroak|238/277|[from] item: Life Orb\n|\n|upkeep\n|turn|12\n|\n|t:|1782897271\n|move|p1a: Luvdisc|Substitute|p1a: Luvdisc\n|-start|p1a: Luvdisc|Substitute\n|-damage|p1a: Luvdisc|74/247\n|move|p2a: Toxicroak|Gunk Shot|p1a: Luvdisc\n|-end|p1a: Luvdisc|Substitute\n|-damage|p2a: Toxicroak|211/277|[from] item: Life Orb\n|\n|upkeep\n|turn|13\n|\n|t:|1782897276\n|move|p1a: Luvdisc|Endeavor|p2a: Toxicroak\n|-damage|p2a: Toxicroak|74/277\n|move|p2a: Toxicroak|Swords Dance|p2a: Toxicroak\n|-boost|p2a: Toxicroak|atk|2\n|\n|upkeep\n|turn|14\n|\n|t:|1782897281\n|move|p1a: Luvdisc|Endeavor|p2a: Toxicroak\n|-immune|p2a: Toxicroak\n|move|p2a: Toxicroak|Gunk Shot|p1a: Luvdisc\n|-crit|p1a: Luvdisc\n|-damage|p1a: Luvdisc|0 fnt\n|faint|p1a: Luvdisc\n|-damage|p2a: Toxicroak|47/277|[from] item: Life Orb\n|\n|upkeep\n|\n|t:|1782897283\n|switch|p1a: Chandelure|Chandelure, L83, F|235/235\n|turn|15\n|\n|t:|1782897291\n|move|p2a: Toxicroak|Sucker Punch|p1a: Chandelure\n|-supereffective|p1a: Chandelure\n|-damage|p1a: Chandelure|0 fnt\n|faint|p1a: Chandelure\n|-damage|p2a: Toxicroak|20/277|[from] item: Life Orb\n|\n|upkeep\n|\n|t:|1782897293\n|switch|p1a: Quaquaval|Quaquaval, L79, F|264/264\n|turn|16\n|\n|t:|1782897299\n|-terastallize|p1a: Quaquaval|Steel\n|move|p2a: Toxicroak|Close Combat|p1a: Quaquaval\n|-supereffective|p1a: Quaquaval\n|-damage|p1a: Quaquaval|0 fnt\n|-unboost|p2a: Toxicroak|def|1\n|-unboost|p2a: Toxicroak|spd|1\n|faint|p1a: Quaquaval\n|-damage|p2a: Toxicroak|0 fnt|[from] item: Life Orb\n|faint|p2a: Toxicroak\n|\n|upkeep\n|\n|t:|1782897305\n|switch|p2a: Avalugg|Avalugg, L88, F|310/310\n|switch|p1a: Flapple|Flapple, L88, F|266/266\n|turn|17\n|\n|t:|1782897308\n|move|p1a: Flapple|Outrage|p2a: Avalugg\n|-damage|p2a: Avalugg|117/310\n|move|p2a: Avalugg|Avalanche|p1a: Flapple\n|-supereffective|p1a: Flapple\n|-damage|p1a: Flapple|0 fnt\n|faint|p1a: Flapple\n|\n|win|grimcrok\n|raw|jnpr010334's rating: 1679 &rarr; <strong>1659</strong><br />(-20 for losing)\n|raw|grimcrok's rating: 1677 &rarr; <strong>1697</strong><br />(+20 for winning)\n", "inputlog": ">version f8ac14003a5f27e1bdc8d8c59608a773c1cb96e5\n>start {\"formatid\":\"gen9randombattle\",\"seed\":\"sodium,efb182fb62dc52abf20c5faf7d0f0b1c\",\"rated\":\"Rated battle\"}\n>player p1 {\"name\":\"jnpr010334\",\"avatar\":\"265\",\"rating\":1629,\"seed\":\"sodium,cee0e39fd3985eb7d98f329c69fe2496\"}\n>player p2 {\"name\":\"grimcrok\",\"avatar\":\"101\",\"rating\":1677,\"seed\":\"sodium,c5c521ac33c3a2d2609e4de0c6eb44a0\"}\n>p1 move shellsmash\n>p2 move ragefist\n>p1 move storedpower\n>p2 switch 4\n>p1 move storedpower\n>p2 move roost\n>p2 switch 2\n>p1 move storedpower\n>p2 move suckerpunch\n>p1 switch 5\n>p1 move psyshock\n>p2 switch 6\n>p1 move psyshock\n>p2 move suckerpunch\n>p1 switch 6\n>p1 move suckerpunch\n>p2 switch 5\n>p1 switch 4\n>p2 move avalanche\n>p1 move endeavor\n>p2 switch 6\n>p1 move substitute\n>p2 move swordsdance\n>p1 move surf\n>p2 move gunkshot\n>p1 move substitute\n>p2 move gunkshot\n>p1 move endeavor\n>p2 move swordsdance\n>p1 move endeavor\n>p2 move gunkshot\n>p1 switch 2\n>p1 move shadowball\n>p2 move suckerpunch\n>p1 switch 3\n>p1 move rapidspin terastallize\n>p2 move closecombat\n>p1 switch 4\n>p2 switch 6\n>p1 move outrage\n>p2 move avalanche", "uploadtime": 1782897308, "views": 4, "formatid": "gen9randombattle", "rating": 1659, "private": 0, "password": null, "player_dets": [{"name": "jnpr010334", "avatar": "265", "rating": 1629, "seed": "sodium,cee0e39fd3985eb7d98f329c69fe2496"}, {"name": "grimcrok", "avatar": "101", "rating": 1677, "seed": "sodium,c5c521ac33c3a2d2609e4de0c6eb44a0"}], "teams_full": [{"Polteageist": {"name": "Polteageist", "species": "Polteageist", "speciesId": "polteageist", "gender": "N", "shiny": false, "level": 78, "moves": ["shellsmash", "terablast", "shadowball", "storedpower"], "ability": "Cursed Body", "evs": {"hp": 85, "atk": 0, "def": 85, "spa": 85, "spd": 85, "spe": 85}, "ivs": {"hp": 31, "atk": 0, "def": 31, "spa": 31, "spd": 31, "spe": 31}, "item": "White Herb", "teraType": "Fighting", "role": "Tera Blast user", "bvs": {"hp": 60, "atk": 65, "def": 65, "spa": 134, "spd": 114, "spe": 70}, "stats": {"hp": 222, "atk": 106, "def": 146, "spa": 254, "spd": 223, "spe": 154}, "types": ["Ghost"]}, "Chandelure": {"name": "Chandelure", "species": "Chandelure", "speciesId": "chandelure", "gender": "F", "shiny": false, "level": 83, "moves": ["energyball", "trick", "fireblast", "shadowball"], "ability": "Flash Fire", "evs": {"hp": 85, "atk": 0, "def": 85, "spa": 85, "spd": 85, "spe": 85}, "ivs": {"hp": 31, "atk": 0, "def": 31, "spa": 31, "spd": 31, "spe": 31}, "item": "Choice Scarf", "teraType": "Grass", "role": "Fast Attacker", "bvs": {"hp": 60, "atk": 55, "def": 90, "spa": 145, "spd": 90, "spe": 80}, "stats": {"hp": 235, "atk": 96, "def": 197, "spa": 288, "spd": 197, "spe": 180}, "types": ["Ghost", "Fire"]}, "Quaquaval": {"name": "Quaquaval", "species": "Quaquaval", "speciesId": "quaquaval", "gender": "F", "shiny": false, "level": 79, "moves": ["aquastep", "closecombat", "roost", "rapidspin"], "ability": "Moxie", "evs": {"hp": 85, "atk": 85, "def": 85, "spa": 85, "spd": 85, "spe": 85}, "ivs": {"hp": 31, "atk": 31, "def": 31, "spa": 31, "spd": 31, "spe": 31}, "item": "Leftovers", "teraType": "Steel", "role": "Bulky Attacker", "bvs": {"hp": 85, "atk": 120, "def": 80, "spa": 85, "spd": 75, "spe": 85}, "stats": {"hp": 264, "atk": 235, "def": 172, "spa": 180, "spd": 164, "spe": 180}, "types": ["Water", "Fighting"]}, "Luvdisc": {"name": "Luvdisc", "species": "Luvdisc", "speciesId": "luvdisc", "gender": "M", "shiny": false, "level": 100, "moves": ["substitute", "surf", "whirlpool", "endeavor"], "ability": "Swift Swim", "evs": {"hp": 81, "atk": 0, "def": 85, "spa": 85, "spd": 85, "spe": 85}, "ivs": {"hp": 31, "atk": 0, "def": 31, "spa": 31, "spd": 31, "spe": 31}, "item": "Heavy-Duty Boots", "teraType": "Ground", "role": "Fast Support", "bvs": {"hp": 43, "atk": 30, "def": 55, "spa": 40, "spd": 65, "spe": 97}, "stats": {"hp": 247, "atk": 65, "def": 167, "spa": 137, "spd": 187, "spe": 251}, "types": ["Water"]}, "Meloetta": {"name": "Meloetta", "species": "Meloetta", "speciesId": "meloetta", "gender": "N", "shiny": false, "level": 82, "moves": ["uturn", "focusblast", "hypervoice", "psyshock"], "ability": "Serene Grace", "evs": {"hp": 85, "atk": 85, "def": 85, "spa": 85, "spd": 85, "spe": 85}, "ivs": {"hp": 31, "atk": 31, "def": 31, "spa": 31, "spd": 31, "spe": 31}, "item": "Choice Specs", "teraType": "Normal", "role": "Bulky Attacker", "bvs": {"hp": 100, "atk": 77, "def": 77, "spa": 128, "spd": 128, "spe": 90}, "stats": {"hp": 298, "atk": 173, "def": 173, "spa": 257, "spd": 257, "spe": 195}, "types": ["Normal", "Psychic"]}, "Flapple": {"name": "Flapple", "species": "Flapple", "speciesId": "flapple", "gender": "F", "shiny": false, "level": 88, "moves": ["gravapple", "uturn", "outrage", "suckerpunch"], "ability": "Hustle", "evs": {"hp": 85, "atk": 85, "def": 85, "spa": 85, "spd": 85, "spe": 85}, "ivs": {"hp": 31, "atk": 31, "def": 31, "spa": 31, "spd": 31, "spe": 31}, "item": "Choice Band", "teraType": "Dragon", "role": "Fast Attacker", "bvs": {"hp": 70, "atk": 110, "def": 80, "spa": 95, "spd": 60, "spe": 70}, "stats": {"hp": 266, "atk": 244, "def": 191, "spa": 217, "spd": 156, "spe": 173}, "types": ["Grass", "Dragon"]}}, {"Annihilape": {"name": "Annihilape", "species": "Annihilape", "speciesId": "annihilape", "gender": "F", "shiny": false, "level": 76, "moves": ["drainpunch", "ragefist", "bulkup", "rest"], "ability": "Defiant", "evs": {"hp": 85, "atk": 85, "def": 85, "spa": 85, "spd": 85, "spe": 85}, "ivs": {"hp": 31, "atk": 31, "def": 31, "spa": 31, "spd": 31, "spe": 31}, "item": "Chesto Berry", "teraType": "Fairy", "role": "Bulky Setup", "bvs": {"hp": 110, "atk": 115, "def": 80, "spa": 50, "spd": 90, "spe": 90}, "stats": {"hp": 292, "atk": 219, "def": 166, "spa": 120, "spd": 181, "spe": 181}, "types": ["Fighting", "Ghost"]}, "Toxicroak": {"name": "Toxicroak", "species": "Toxicroak", "speciesId": "toxicroak", "gender": "M", "shiny": false, "level": 84, "moves": ["closecombat", "gunkshot", "suckerpunch", "swordsdance"], "ability": "Dry Skin", "evs": {"hp": 85, "atk": 85, "def": 85, "spa": 85, "spd": 85, "spe": 85}, "ivs": {"hp": 31, "atk": 31, "def": 31, "spa": 31, "spd": 31, "spe": 31}, "item": "Life Orb", "teraType": "Fighting", "role": "Setup Sweeper", "bvs": {"hp": 83, "atk": 106, "def": 65, "spa": 86, "spd": 65, "spe": 85}, "stats": {"hp": 277, "atk": 226, "def": 157, "spa": 193, "spd": 157, "spe": 191}, "types": ["Poison", "Fighting"]}, "Barraskewda": {"name": "Barraskewda", "species": "Barraskewda", "speciesId": "barraskewda", "gender": "M", "shiny": false, "level": 81, "moves": ["psychicfangs", "waterfall", "closecombat", "flipturn"], "ability": "Swift Swim", "evs": {"hp": 85, "atk": 85, "def": 85, "spa": 85, "spd": 85, "spe": 85}, "ivs": {"hp": 31, "atk": 31, "def": 31, "spa": 31, "spd": 31, "spe": 31}, "item": "Choice Band", "teraType": "Water", "role": "Wallbreaker", "bvs": {"hp": 61, "atk": 123, "def": 60, "spa": 60, "spd": 50, "spe": 136}, "stats": {"hp": 231, "atk": 246, "def": 144, "spa": 144, "spd": 128, "spe": 267}, "types": ["Water"]}, "Braviary": {"name": "Braviary", "species": "Braviary", "speciesId": "braviary", "gender": "M", "shiny": false, "level": 85, "moves": ["bravebird", "bulkup", "roost", "closecombat"], "ability": "Defiant", "evs": {"hp": 85, "atk": 85, "def": 85, "spa": 85, "spd": 85, "spe": 85}, "ivs": {"hp": 31, "atk": 31, "def": 31, "spa": 31, "spd": 31, "spe": 31}, "item": "Heavy-Duty Boots", "teraType": "Fighting", "role": "Fast Bulky Setup", "bvs": {"hp": 100, "atk": 123, "def": 75, "spa": 57, "spd": 75, "spe": 80}, "stats": {"hp": 309, "atk": 258, "def": 176, "spa": 146, "spd": 176, "spe": 185}, "types": ["Normal", "Flying"]}, "Avalugg": {"name": "Avalugg", "species": "Avalugg", "speciesId": "avalugg", "gender": "F", "shiny": false, "level": 88, "moves": ["recover", "avalanche", "bodypress", "rapidspin"], "ability": "Sturdy", "evs": {"hp": 85, "atk": 85, "def": 85, "spa": 85, "spd": 85, "spe": 85}, "ivs": {"hp": 31, "atk": 31, "def": 31, "spa": 31, "spd": 31, "spe": 31}, "item": "Heavy-Duty Boots", "teraType": "Fighting", "role": "Bulky Support", "bvs": {"hp": 95, "atk": 117, "def": 184, "spa": 44, "spd": 46, "spe": 28}, "stats": {"hp": 310, "atk": 256, "def": 374, "spa": 128, "spd": 131, "spe": 100}, "types": ["Ice"]}, "Flapple": {"name": "Flapple", "species": "Flapple", "speciesId": "flapple", "gender": "F", "shiny": false, "level": 88, "moves": ["gravapple", "outrage", "uturn", "suckerpunch"], "ability": "Hustle", "evs": {"hp": 85, "atk": 85, "def": 85, "spa": 85, "spd": 85, "spe": 85}, "ivs": {"hp": 31, "atk": 31, "def": 31, "spa": 31, "spd": 31, "spe": 31}, "item": "Choice Band", "teraType": "Dragon", "role": "Fast Attacker", "bvs": {"hp": 70, "atk": 110, "def": 80, "spa": 95, "spd": 60, "spe": 70}, "stats": {"hp": 266, "atk": 244, "def": 191, "spa": 217, "spd": 156, "spe": 173}, "types": ["Grass", "Dragon"]}}]}