{"id": "gen9randombattle-2641975045", "format": "[Gen 9] Random Battle", "players": ["LucarioSolosYou2", "darkrai_mtr"], "log": "|j|\u2606LucarioSolosYou2\n|j|\u2606darkrai_mtr\n|t:|1782867333\n|gametype|singles\n|player|p1|LucarioSolosYou2|2|\n|player|p2|darkrai_mtr|266|\n|gen|9\n|tier|[Gen 9] Random Battle\n|rule|Species Clause: Limit one of each Pok\u00e9mon\n|rule|HP Percentage Mod: HP is shown in percentages\n|rule|Sleep Clause Mod: Limit one foe put to sleep\n|rule|Illusion Level Mod: Illusion disguises the Pok\u00e9mon's true level\n|\n|t:|1782867334\n|teamsize|p1|6\n|teamsize|p2|6\n|start\n|switch|p1a: Munkidori|Munkidori, L79, M|269/269\n|switch|p2a: Volcanion|Volcanion, L79|255/255\n|turn|1\n|\n|t:|1782867364\n|switch|p2a: Overqwil|Overqwil, L82, M|274/274\n|-ability|p2a: Overqwil|Intimidate|boost\n|-unboost|p1a: Munkidori|atk|1\n|move|p1a: Munkidori|Fake Out|p2a: Overqwil\n|-damage|p2a: Overqwil|260/274\n|\n|upkeep\n|turn|2\n|\n|t:|1782867373\n|move|p1a: Munkidori|U-turn|p2a: Overqwil\n|-damage|p2a: Overqwil|237/274\n|\n|t:|1782867402\n|switch|p1a: Zangoose|Zangoose, L85, F|263/263|[from] U-turn\n|move|p2a: Overqwil|Swords Dance|p2a: Overqwil\n|-boost|p2a: Overqwil|atk|2\n|\n|-status|p1a: Zangoose|tox|[from] item: Toxic Orb\n|upkeep\n|turn|3\n|\n|t:|1782867451\n|move|p1a: Zangoose|Knock Off|p2a: Overqwil\n|-resisted|p2a: Overqwil\n|-damage|p2a: Overqwil|182/274\n|-enditem|p2a: Overqwil|Loaded Dice|[from] move: Knock Off|[of] p1a: Zangoose\n|move|p2a: Overqwil|Scale Shot|p1a: Zangoose|[miss]\n|-miss|p2a: Overqwil|p1a: Zangoose\n|\n|-damage|p1a: Zangoose|247/263 tox|[from] psn\n|upkeep\n|turn|4\n|\n|t:|1782867460\n|switch|p2a: Tsareena|Tsareena, L87, F|267/267\n|move|p1a: Zangoose|Swords Dance|p1a: Zangoose\n|-boost|p1a: Zangoose|atk|2\n|\n|-damage|p1a: Zangoose|215/263 tox|[from] psn\n|upkeep\n|turn|5\n|\n|t:|1782867486\n|-terastallize|p2a: Tsareena|Steel\n|move|p2a: Tsareena|Power Whip|p1a: Zangoose\n|-damage|p1a: Zangoose|7/263 tox\n|move|p1a: Zangoose|Facade|p2a: Tsareena\n|-resisted|p2a: Tsareena\n|-damage|p2a: Tsareena|27/267\n|\n|-damage|p1a: Zangoose|0 fnt|[from] psn\n|faint|p1a: Zangoose\n|upkeep\n|\n|t:|1782867514\n|switch|p1a: Drednaw|Drednaw, L81, M|278/278\n|turn|6\n|\n|t:|1782867528\n|-terastallize|p1a: Drednaw|Dark\n|move|p2a: Tsareena|Power Whip|p1a: Drednaw\n|-damage|p1a: Drednaw|106/278\n|move|p1a: Drednaw|Crunch|p2a: Tsareena\n|-damage|p2a: Tsareena|0 fnt\n|faint|p2a: Tsareena\n|\n|upkeep\n|\n|t:|1782867550\n|switch|p2a: Rillaboom|Rillaboom, L79, F|288/288\n|-fieldstart|move: Grassy Terrain|[from] ability: Grassy Surge|[of] p2a: Rillaboom\n|turn|7\n|\n|t:|1782867558\n|move|p2a: Rillaboom|U-turn|p1a: Drednaw\n|-supereffective|p1a: Drednaw\n|-damage|p1a: Drednaw|0 fnt\n|faint|p1a: Drednaw\n|\n|t:|1782867564\n|switch|p2a: Overqwil|Overqwil, L82, M|182/274|[from] U-turn\n|\n|-heal|p2a: Overqwil|199/274|[from] Grassy Terrain\n|upkeep\n|\n|t:|1782867571\n|switch|p1a: Gouging Fire|Gouging Fire, L74|277/277\n|turn|8\n|\n|t:|1782867591\n|move|p2a: Overqwil|Swords Dance|p2a: Overqwil\n|-boost|p2a: Overqwil|atk|2\n|move|p1a: Gouging Fire|Earthquake|p2a: Overqwil\n|-supereffective|p2a: Overqwil\n|-damage|p2a: Overqwil|141/274\n|\n|-heal|p2a: Overqwil|158/274|[from] Grassy Terrain\n|upkeep\n|turn|9\n|\n|t:|1782867600\n|move|p2a: Overqwil|Scale Shot|p1a: Gouging Fire\n|-supereffective|p1a: Gouging Fire\n|-damage|p1a: Gouging Fire|209/277\n|-supereffective|p1a: Gouging Fire\n|-damage|p1a: Gouging Fire|135/277\n|-supereffective|p1a: Gouging Fire\n|-damage|p1a: Gouging Fire|65/277\n|-supereffective|p1a: Gouging Fire\n|-damage|p1a: Gouging Fire|0 fnt\n|faint|p1a: Gouging Fire\n|-end|p1a: Gouging Fire|Protosynthesis|[silent]\n|-hitcount|p1: Gouging Fire|4\n|-unboost|p2a: Overqwil|def|1\n|-boost|p2a: Overqwil|spe|1\n|\n|-heal|p2a: Overqwil|175/274|[from] Grassy Terrain\n|upkeep\n|\n|t:|1782867609\n|switch|p1a: Munkidori|Munkidori, L79, M|269/269\n|turn|10\n|\n|t:|1782867624\n|move|p2a: Overqwil|Swords Dance|p2a: Overqwil\n|-boost|p2a: Overqwil|atk|2\n|move|p1a: Munkidori|U-turn|p2a: Overqwil\n|-damage|p2a: Overqwil|124/274\n|\n|t:|1782867628\n|switch|p1a: Golurk|Golurk, L87|297/297|[from] U-turn\n|\n|-heal|p2a: Overqwil|141/274|[from] Grassy Terrain\n|upkeep\n|turn|11\n|\n|t:|1782867640\n|move|p2a: Overqwil|Crunch|p1a: Golurk\n|-supereffective|p1a: Golurk\n|-damage|p1a: Golurk|0 fnt\n|faint|p1a: Golurk\n|\n|-heal|p2a: Overqwil|158/274|[from] Grassy Terrain\n|-fieldend|move: Grassy Terrain\n|upkeep\n|\n|t:|1782867664\n|switch|p1a: Zarude|Zarude-Dada, L77|288/288\n|turn|12\n|\n|t:|1782867669\n|move|p2a: Overqwil|Gunk Shot|p1a: Zarude\n|-supereffective|p1a: Zarude\n|-damage|p1a: Zarude|0 fnt\n|faint|p1a: Zarude\n|\n|upkeep\n|\n|t:|1782867671\n|switch|p1a: Munkidori|Munkidori, L79, M|269/269\n|turn|13\n|-message|LucarioSolosYou2 forfeited.\n|\n|win|darkrai_mtr\n|l|\u2606LucarioSolosYou2\n|player|p1|\n", "inputlog": ">version f8ac14003a5f27e1bdc8d8c59608a773c1cb96e5\n>start {\"formatid\":\"gen9randombattle\",\"seed\":\"sodium,a40d05f13328845bd707d593db1aaf33\"}\n>player p1 {\"name\":\"LucarioSolosYou2\",\"avatar\":\"2\",\"rating\":0,\"seed\":\"sodium,612271a40853ee9cff31b123be20884a\"}\n>player p2 {\"name\":\"darkrai_mtr\",\"avatar\":\"266\",\"rating\":0,\"seed\":\"sodium,d6ebb09bfb4148e5aa43dc6ab5c3a293\"}\n>p1 move fakeout\n>p2 switch 4\n>p1 move uturn\n>p2 move swordsdance\n>p1 switch 2\n>p1 move knockoff\n>p2 move scaleshot\n>p1 move swordsdance\n>p2 switch 5\n>p1 move facade\n>p2 move powerwhip terastallize\n>p1 switch 3\n>p1 move crunch terastallize\n>p2 move powerwhip\n>p2 switch 6\n>p1 move shellsmash\n>p2 move uturn\n>p2 switch 5\n>p1 switch 5\n>p1 move earthquake\n>p2 move swordsdance\n>p1 move dragondance\n>p2 move scaleshot\n>p1 switch 2\n>p1 move uturn\n>p2 move swordsdance\n>p1 switch 6\n>p1 move stealthrock\n>p2 move crunch\n>p1 switch 4\n>p1 move swordsdance\n>p2 move gunkshot\n>p1 switch 6\n>forcelose p1", "uploadtime": 1782867686, "views": 5, "formatid": "gen9randombattle", "rating": null, "private": 0, "password": null, "player_dets": [{"name": "LucarioSolosYou2", "avatar": "2", "rating": 0, "seed": "sodium,612271a40853ee9cff31b123be20884a"}, {"name": "darkrai_mtr", "avatar": "266", "rating": 0, "seed": "sodium,d6ebb09bfb4148e5aa43dc6ab5c3a293"}], "teams_full": [{"Munkidori": {"name": "Munkidori", "species": "Munkidori", "speciesId": "munkidori", "gender": "M", "shiny": false, "level": 79, "moves": ["psychicnoise", "uturn", "sludgewave", "fakeout"], "ability": "Toxic Chain", "evs": {"hp": 85, "atk": 85, "def": 85, "spa": 85, "spd": 85, "spe": 85}, "ivs": {"hp": 31, "atk": 31, "def": 31, "spa": 31, "spd": 31, "spe": 31}, "item": "Assault Vest", "teraType": "Dark", "role": "AV Pivot", "bvs": {"hp": 88, "atk": 75, "def": 66, "spa": 130, "spd": 90, "spe": 106}, "stats": {"hp": 269, "atk": 164, "def": 150, "spa": 251, "spd": 188, "spe": 213}, "types": ["Poison", "Psychic"]}, "Zangoose": {"name": "Zangoose", "species": "Zangoose", "speciesId": "zangoose", "gender": "F", "shiny": false, "level": 85, "moves": ["knockoff", "facade", "swordsdance", "closecombat"], "ability": "Toxic Boost", "evs": {"hp": 85, "atk": 85, "def": 85, "spa": 85, "spd": 85, "spe": 85}, "ivs": {"hp": 31, "atk": 31, "def": 31, "spa": 31, "spd": 31, "spe": 31}, "item": "Toxic Orb", "teraType": "Normal", "role": "Fast Attacker", "bvs": {"hp": 73, "atk": 115, "def": 60, "spa": 60, "spd": 60, "spe": 90}, "stats": {"hp": 263, "atk": 244, "def": 151, "spa": 151, "spd": 151, "spe": 202}, "types": ["Normal"]}, "Drednaw": {"name": "Drednaw", "species": "Drednaw", "speciesId": "drednaw", "gender": "M", "shiny": false, "level": 81, "moves": ["liquidation", "stoneedge", "crunch", "shellsmash"], "ability": "Strong Jaw", "evs": {"hp": 85, "atk": 85, "def": 85, "spa": 85, "spd": 85, "spe": 85}, "ivs": {"hp": 31, "atk": 31, "def": 31, "spa": 31, "spd": 31, "spe": 31}, "item": "White Herb", "teraType": "Dark", "role": "Setup Sweeper", "bvs": {"hp": 90, "atk": 115, "def": 90, "spa": 48, "spd": 68, "spe": 74}, "stats": {"hp": 278, "atk": 233, "def": 192, "spa": 124, "spd": 157, "spe": 167}, "types": ["Water", "Rock"]}, "Zarude": {"name": "Zarude", "species": "Zarude-Dada", "speciesId": "zarude", "gender": "N", "shiny": false, "level": 77, "moves": ["closecombat", "swordsdance", "knockoff", "powerwhip"], "ability": "Leaf Guard", "evs": {"hp": 85, "atk": 85, "def": 85, "spa": 85, "spd": 85, "spe": 85}, "ivs": {"hp": 31, "atk": 31, "def": 31, "spa": 31, "spd": 31, "spe": 31}, "item": "Life Orb", "teraType": "Fighting", "role": "Fast Bulky Setup", "bvs": {"hp": 105, "atk": 120, "def": 105, "spa": 70, "spd": 95, "spe": 105}, "stats": {"hp": 288, "atk": 229, "def": 206, "spa": 152, "spd": 191, "spe": 206}, "types": ["Dark", "Grass"]}, "Gouging Fire": {"name": "Gouging Fire", "species": "Gouging Fire", "speciesId": "gougingfire", "gender": "N", "shiny": false, "level": 74, "moves": ["dragondance", "heatcrash", "outrage", "earthquake"], "ability": "Protosynthesis", "evs": {"hp": 85, "atk": 85, "def": 85, "spa": 85, "spd": 85, "spe": 85}, "ivs": {"hp": 31, "atk": 31, "def": 31, "spa": 31, "spd": 31, "spe": 31}, "item": "Heavy-Duty Boots", "teraType": "Ground", "role": "Setup Sweeper", "bvs": {"hp": 105, "atk": 115, "def": 121, "spa": 65, "spd": 93, "spe": 91}, "stats": {"hp": 277, "atk": 213, "def": 222, "spa": 139, "spd": 181, "spe": 178}, "types": ["Fire", "Dragon"]}, "Golurk": {"name": "Golurk", "species": "Golurk", "speciesId": "golurk", "gender": "N", "shiny": false, "level": 87, "moves": ["poltergeist", "earthquake", "stoneedge", "stealthrock"], "ability": "No Guard", "evs": {"hp": 85, "atk": 85, "def": 85, "spa": 85, "spd": 85, "spe": 85}, "ivs": {"hp": 31, "atk": 31, "def": 31, "spa": 31, "spd": 31, "spe": 31}, "item": "Life Orb", "teraType": "Ghost", "role": "Wallbreaker", "bvs": {"hp": 89, "atk": 124, "def": 80, "spa": 55, "spd": 80, "spe": 55}, "stats": {"hp": 297, "atk": 266, "def": 189, "spa": 145, "spd": 189, "spe": 145}, "types": ["Ground", "Ghost"]}}, {"Volcanion": {"name": "Volcanion", "species": "Volcanion", "speciesId": "volcanion", "gender": "N", "shiny": false, "level": 79, "moves": ["earthpower", "flamethrower", "steameruption", "sludgebomb"], "ability": "Water Absorb", "evs": {"hp": 81, "atk": 0, "def": 85, "spa": 85, "spd": 85, "spe": 85}, "ivs": {"hp": 31, "atk": 0, "def": 31, "spa": 31, "spd": 31, "spe": 31}, "item": "Choice Specs", "teraType": "Ground", "role": "Bulky Attacker", "bvs": {"hp": 80, "atk": 110, "def": 120, "spa": 130, "spd": 90, "spe": 70}, "stats": {"hp": 255, "atk": 178, "def": 235, "spa": 251, "spd": 188, "spe": 156}, "types": ["Fire", "Water"]}, "Sylveon": {"name": "Sylveon", "species": "Sylveon", "speciesId": "sylveon", "gender": "F", "shiny": false, "level": 85, "moves": ["calmmind", "wish", "hypervoice", "protect"], "ability": "Pixilate", "evs": {"hp": 85, "atk": 0, "def": 85, "spa": 85, "spd": 85, "spe": 85}, "ivs": {"hp": 31, "atk": 0, "def": 31, "spa": 31, "spd": 31, "spe": 31}, "item": "Leftovers", "teraType": "Steel", "role": "Bulky Setup", "bvs": {"hp": 95, "atk": 65, "def": 65, "spa": 110, "spd": 130, "spe": 60}, "stats": {"hp": 300, "atk": 115, "def": 159, "spa": 236, "spd": 270, "spe": 151}, "types": ["Fairy"]}, "Weezing": {"name": "Weezing", "species": "Weezing", "speciesId": "weezing", "gender": "F", "shiny": false, "level": 88, "moves": ["toxicspikes", "fireblast", "sludgebomb", "painsplit"], "ability": "Levitate", "evs": {"hp": 85, "atk": 0, "def": 85, "spa": 85, "spd": 85, "spe": 85}, "ivs": {"hp": 31, "atk": 0, "def": 31, "spa": 31, "spd": 31, "spe": 31}, "item": "Leftovers", "teraType": "Steel", "role": "Bulky Attacker", "bvs": {"hp": 65, "atk": 90, "def": 120, "spa": 85, "spd": 70, "spe": 60}, "stats": {"hp": 258, "atk": 163, "def": 261, "spa": 200, "spd": 173, "spe": 156}, "types": ["Poison"]}, "Overqwil": {"name": "Overqwil", "species": "Overqwil", "speciesId": "overqwil", "gender": "M", "shiny": false, "level": 82, "moves": ["swordsdance", "crunch", "scaleshot", "gunkshot"], "ability": "Intimidate", "evs": {"hp": 85, "atk": 85, "def": 85, "spa": 85, "spd": 85, "spe": 85}, "ivs": {"hp": 31, "atk": 31, "def": 31, "spa": 31, "spd": 31, "spe": 31}, "item": "Loaded Dice", "teraType": "Dragon", "role": "Setup Sweeper", "bvs": {"hp": 85, "atk": 115, "def": 95, "spa": 65, "spd": 65, "spe": 85}, "stats": {"hp": 274, "atk": 236, "def": 203, "spa": 154, "spd": 154, "spe": 187}, "types": ["Dark", "Poison"]}, "Tsareena": {"name": "Tsareena", "species": "Tsareena", "speciesId": "tsareena", "gender": "F", "shiny": false, "level": 87, "moves": ["uturn", "tripleaxel", "knockoff", "powerwhip"], "ability": "Queenly Majesty", "evs": {"hp": 85, "atk": 85, "def": 85, "spa": 85, "spd": 85, "spe": 85}, "ivs": {"hp": 31, "atk": 31, "def": 31, "spa": 31, "spd": 31, "spe": 31}, "item": "Choice Scarf", "teraType": "Steel", "role": "Fast Support", "bvs": {"hp": 72, "atk": 120, "def": 98, "spa": 50, "spd": 98, "spe": 72}, "stats": {"hp": 267, "atk": 259, "def": 220, "spa": 137, "spd": 220, "spe": 175}, "types": ["Grass"]}, "Rillaboom": {"name": "Rillaboom", "species": "Rillaboom", "speciesId": "rillaboom", "gender": "F", "shiny": false, "level": 79, "moves": ["grassyglide", "highhorsepower", "uturn", "woodhammer"], "ability": "Grassy Surge", "evs": {"hp": 85, "atk": 85, "def": 85, "spa": 85, "spd": 85, "spe": 85}, "ivs": {"hp": 31, "atk": 31, "def": 31, "spa": 31, "spd": 31, "spe": 31}, "item": "Choice Band", "teraType": "Grass", "role": "Fast Attacker", "bvs": {"hp": 100, "atk": 125, "def": 90, "spa": 60, "spd": 70, "spe": 85}, "stats": {"hp": 288, "atk": 243, "def": 188, "spa": 140, "spd": 156, "spe": 180}, "types": ["Grass"]}}]}