{"id": "gen9randombattle-2641993674", "format": "[Gen 9] Random Battle", "players": ["Bluemoonhowls", "kondat"], "log": "|j|\u2606Bluemoonhowls\n|j|\u2606kondat\n|t:|1782870170\n|gametype|singles\n|player|p1|Bluemoonhowls|266|1533\n|player|p2|kondat|101|1558\n|gen|9\n|tier|[Gen 9] Random Battle\n|rated|\n|rule|Species Clause: Limit one of each Pok\u00e9mon\n|rule|HP Percentage Mod: HP is shown in percentages\n|rule|Sleep Clause Mod: Limit one foe put to sleep\n|rule|Illusion Level Mod: Illusion disguises the Pok\u00e9mon's true level\n|\n|t:|1782870170\n|teamsize|p1|6\n|teamsize|p2|6\n|start\n|switch|p1a: Mandibuzz|Mandibuzz, L85, F|326/326\n|switch|p2a: Squawkabilly|Squawkabilly-Yellow, L89, F|291/291\n|turn|1\n|inactive|Battle timer is ON: inactive players will automatically lose when time's up. (requested by Bluemoonhowls)\n|\n|t:|1782870185\n|move|p2a: Squawkabilly|Parting Shot|p1a: Mandibuzz\n|-unboost|p1a: Mandibuzz|atk|1\n|-unboost|p1a: Mandibuzz|spa|1\n|\n|t:|1782870192\n|switch|p2a: Phione|Phione, L91|293/293|[from] Parting Shot\n|move|p1a: Mandibuzz|Knock Off|p2a: Phione\n|-damage|p2a: Phione|241/293\n|-enditem|p2a: Phione|Leftovers|[from] move: Knock Off|[of] p1a: Mandibuzz\n|\n|upkeep\n|turn|2\n|\n|t:|1782870204\n|switch|p1a: Kingdra|Kingdra, L84, F|263/263\n|move|p2a: Phione|Take Heart|p2a: Phione\n|-boost|p2a: Phione|spa|1\n|-boost|p2a: Phione|spd|1\n|\n|upkeep\n|turn|3\n|\n|t:|1782870217\n|move|p2a: Phione|Grass Knot|p1a: Kingdra\n|-damage|p1a: Kingdra|170/263\n|move|p1a: Kingdra|Dragon Dance|p1a: Kingdra\n|-boost|p1a: Kingdra|atk|1\n|-boost|p1a: Kingdra|spe|1\n|\n|upkeep\n|turn|4\n|\n|t:|1782870243\n|move|p1a: Kingdra|Outrage|p2a: Phione\n|-damage|p2a: Phione|48/293\n|move|p2a: Phione|Scald|p1a: Kingdra\n|-resisted|p1a: Kingdra\n|-damage|p1a: Kingdra|139/263\n|\n|upkeep\n|turn|5\n|\n|t:|1782870250\n|move|p1a: Kingdra|Outrage|p2a: Phione|[from] lockedmove\n|-damage|p2a: Phione|0 fnt\n|faint|p2a: Phione\n|\n|upkeep\n|inactive|kondat has 120 seconds left.\n|\n|t:|1782870270\n|switch|p2a: Squawkabilly|Squawkabilly-Yellow, L89, F|291/291\n|turn|6\n|\n|t:|1782870288\n|move|p1a: Kingdra|Outrage|p2a: Squawkabilly|[from] lockedmove\n|-damage|p2a: Squawkabilly|24/291\n|-start|p1a: Kingdra|confusion|[fatigue]\n|-enditem|p1a: Kingdra|Lum Berry|[eat]\n|-end|p1a: Kingdra|confusion\n|move|p2a: Squawkabilly|Parting Shot|p1a: Kingdra\n|-unboost|p1a: Kingdra|atk|1\n|-unboost|p1a: Kingdra|spa|1\n|\n|t:|1782870297\n|switch|p2a: Morpeko|Morpeko, L88, F|245/245|[from] Parting Shot\n|\n|-formechange|p2a: Morpeko|Morpeko-Hangry||[from] ability: Hunger Switch\n|upkeep\n|turn|7\n|\n|t:|1782870314\n|move|p1a: Kingdra|Outrage|p2a: Morpeko\n|-damage|p2a: Morpeko|85/245\n|move|p2a: Morpeko|Aura Wheel|p1a: Kingdra\n|-damage|p1a: Kingdra|28/263\n|-boost|p2a: Morpeko|spe|1\n|\n|-heal|p2a: Morpeko|100/245|[from] item: Leftovers\n|-formechange|p2a: Morpeko|Morpeko||[from] ability: Hunger Switch\n|upkeep\n|turn|8\n|\n|t:|1782870325\n|move|p2a: Morpeko|Aura Wheel|p1a: Kingdra\n|-damage|p1a: Kingdra|0 fnt\n|-boost|p2a: Morpeko|spe|1\n|faint|p1a: Kingdra\n|\n|-heal|p2a: Morpeko|115/245|[from] item: Leftovers\n|-formechange|p2a: Morpeko|Morpeko-Hangry||[from] ability: Hunger Switch\n|upkeep\n|\n|t:|1782870339\n|switch|p1a: Donphan|Donphan, L84, F|288/288\n|turn|9\n|\n|t:|1782870357\n|switch|p2a: Squawkabilly|Squawkabilly-Yellow, L89, F|24/291\n|move|p1a: Donphan|Knock Off|p2a: Squawkabilly\n|-crit|p2a: Squawkabilly\n|-damage|p2a: Squawkabilly|0 fnt\n|-enditem|p2a: Squawkabilly|Heavy-Duty Boots|[from] move: Knock Off|[of] p1a: Donphan\n|faint|p2a: Squawkabilly\n|\n|upkeep\n|inactive|kondat has 120 seconds left.\n|\n|t:|1782870380\n|switch|p2a: Latias|Latias, L79, F|256/256\n|turn|10\n|\n|t:|1782870387\n|-terastallize|p2a: Latias|Steel\n|move|p2a: Latias|Calm Mind|p2a: Latias\n|-boost|p2a: Latias|spa|1\n|-boost|p2a: Latias|spd|1\n|move|p1a: Donphan|Knock Off|p2a: Latias\n|-damage|p2a: Latias|175/256\n|-enditem|p2a: Latias|Soul Dew|[from] move: Knock Off|[of] p1a: Donphan\n|\n|upkeep\n|turn|11\n|\n|t:|1782870395\n|move|p2a: Latias|Calm Mind|p2a: Latias\n|-boost|p2a: Latias|spa|1\n|-boost|p2a: Latias|spd|1\n|move|p1a: Donphan|Earthquake|p2a: Latias\n|-immune|p2a: Latias|[from] ability: Levitate\n|\n|upkeep\n|turn|12\n|\n|t:|1782870402\n|move|p2a: Latias|Calm Mind|p2a: Latias\n|-boost|p2a: Latias|spa|1\n|-boost|p2a: Latias|spd|1\n|move|p1a: Donphan|Knock Off|p2a: Latias\n|-damage|p2a: Latias|120/256\n|\n|upkeep\n|turn|13\n|\n|t:|1782870411\n|move|p2a: Latias|Calm Mind|p2a: Latias\n|-boost|p2a: Latias|spa|1\n|-boost|p2a: Latias|spd|1\n|move|p1a: Donphan|Knock Off|p2a: Latias\n|-damage|p2a: Latias|66/256\n|\n|upkeep\n|turn|14\n|\n|t:|1782870417\n|move|p2a: Latias|Recover|p2a: Latias\n|-heal|p2a: Latias|194/256\n|move|p1a: Donphan|Knock Off|p2a: Latias\n|-damage|p2a: Latias|134/256\n|\n|upkeep\n|turn|15\n|\n|t:|1782870427\n|switch|p1a: Milotic|Milotic, L83, F|293/293\n|move|p2a: Latias|Recover|p2a: Latias\n|-heal|p2a: Latias|256/256\n|\n|upkeep\n|turn|16\n|\n|t:|1782870438\n|move|p2a: Latias|Psyshock|p1a: Milotic\n|-damage|p1a: Milotic|16/293\n|move|p1a: Milotic|Haze|p1a: Milotic\n|-clearallboost\n|\n|-heal|p1a: Milotic|34/293|[from] item: Leftovers\n|upkeep\n|turn|17\n|\n|t:|1782870445\n|move|p2a: Latias|Calm Mind|p2a: Latias\n|-boost|p2a: Latias|spa|1\n|-boost|p2a: Latias|spd|1\n|move|p1a: Milotic|Recover|p1a: Milotic\n|-heal|p1a: Milotic|181/293\n|\n|-heal|p1a: Milotic|199/293|[from] item: Leftovers\n|upkeep\n|turn|18\n|\n|t:|1782870453\n|move|p2a: Latias|Psyshock|p1a: Milotic\n|-damage|p1a: Milotic|75/293\n|move|p1a: Milotic|Haze|p1a: Milotic\n|-clearallboost\n|\n|-heal|p1a: Milotic|93/293|[from] item: Leftovers\n|upkeep\n|turn|19\n|\n|t:|1782870461\n|move|p2a: Latias|Calm Mind|p2a: Latias\n|-boost|p2a: Latias|spa|1\n|-boost|p2a: Latias|spd|1\n|move|p1a: Milotic|Recover|p1a: Milotic\n|-heal|p1a: Milotic|240/293\n|\n|-heal|p1a: Milotic|258/293|[from] item: Leftovers\n|upkeep\n|turn|20\n|\n|t:|1782870468\n|move|p2a: Latias|Psyshock|p1a: Milotic\n|-damage|p1a: Milotic|129/293\n|move|p1a: Milotic|Haze|p1a: Milotic\n|-clearallboost\n|\n|-heal|p1a: Milotic|147/293|[from] item: Leftovers\n|upkeep\n|turn|21\n|\n|t:|1782870475\n|move|p2a: Latias|Draco Meteor|p1a: Milotic\n|-crit|p1a: Milotic\n|-damage|p1a: Milotic|0 fnt\n|-unboost|p2a: Latias|spa|2\n|faint|p1a: Milotic\n|\n|upkeep\n|\n|t:|1782870489\n|switch|p1a: Mewtwo|Mewtwo, L72|272/272\n|-ability|p1a: Mewtwo|Pressure\n|turn|22\n|\n|t:|1782870498\n|switch|p2a: Morpeko|Morpeko, L88, F|115/245\n|move|p1a: Mewtwo|Nasty Plot|p1a: Mewtwo\n|-boost|p1a: Mewtwo|spa|2\n|\n|-heal|p2a: Morpeko|130/245|[from] item: Leftovers\n|-formechange|p2a: Morpeko|Morpeko-Hangry||[from] ability: Hunger Switch\n|upkeep\n|turn|23\n|\n|t:|1782870507\n|move|p1a: Mewtwo|Fire Blast|p2a: Morpeko\n|-damage|p2a: Morpeko|0 fnt\n|faint|p2a: Morpeko\n|-damage|p1a: Mewtwo|245/272|[from] item: Life Orb\n|\n|upkeep\n|\n|t:|1782870517\n|switch|p2a: Blissey|Blissey, L85, F|572/572\n|turn|24\n|\n|t:|1782870529\n|switch|p1a: Donphan|Donphan, L84, F|288/288\n|move|p2a: Blissey|Thunder Wave|p1a: Donphan\n|-immune|p1a: Donphan\n|\n|upkeep\n|turn|25\n|\n|t:|1782870539\n|switch|p2a: Latias|Latias, L79, F, tera:Steel|256/256\n|move|p1a: Donphan|Knock Off|p2a: Latias\n|-damage|p2a: Latias|197/256\n|\n|upkeep\n|turn|26\n|\n|t:|1782870549\n|switch|p1a: Mewtwo|Mewtwo, L72|245/272\n|-ability|p1a: Mewtwo|Pressure\n|move|p2a: Latias|Draco Meteor|p1a: Mewtwo\n|-damage|p1a: Mewtwo|85/272\n|-unboost|p2a: Latias|spa|2\n|\n|upkeep\n|turn|27\n|\n|t:|1782870567\n|switch|p2a: Blissey|Blissey, L85, F|572/572\n|move|p1a: Mewtwo|Fire Blast|p2a: Blissey|[miss]\n|-miss|p1a: Mewtwo|p2a: Blissey\n|\n|upkeep\n|turn|28\n|\n|t:|1782870578\n|switch|p1a: Donphan|Donphan, L84, F|288/288\n|move|p2a: Blissey|Stealth Rock|p1a: Donphan\n|-sidestart|p1: Bluemoonhowls|move: Stealth Rock\n|\n|upkeep\n|turn|29\n|\n|t:|1782870589\n|switch|p2a: Latias|Latias, L79, F, tera:Steel|197/256\n|move|p1a: Donphan|Stealth Rock|p2a: Latias\n|-sidestart|p2: kondat|move: Stealth Rock\n|\n|upkeep\n|turn|30\n|\n|t:|1782870599\n|move|p2a: Latias|Draco Meteor|p1a: Donphan\n|-damage|p1a: Donphan|120/288\n|-unboost|p2a: Latias|spa|2\n|move|p1a: Donphan|Knock Off|p2a: Latias\n|-damage|p2a: Latias|135/256\n|\n|-heal|p1a: Donphan|138/288|[from] item: Leftovers\n|upkeep\n|turn|31\n|\n|t:|1782870611\n|move|p2a: Latias|Recover|p2a: Latias\n|-heal|p2a: Latias|256/256\n|move|p1a: Donphan|Knock Off|p2a: Latias\n|-damage|p2a: Latias|195/256\n|\n|-heal|p1a: Donphan|156/288|[from] item: Leftovers\n|upkeep\n|turn|32\n|\n|t:|1782870639\n|move|p2a: Latias|Calm Mind|p2a: Latias\n|-boost|p2a: Latias|spa|1\n|-boost|p2a: Latias|spd|1\n|move|p1a: Donphan|Knock Off|p2a: Latias\n|-damage|p2a: Latias|138/256\n|\n|-heal|p1a: Donphan|174/288|[from] item: Leftovers\n|upkeep\n|turn|33\n|\n|t:|1782870647\n|switch|p1a: Mewtwo|Mewtwo, L72|85/272\n|-damage|p1a: Mewtwo|51/272|[from] Stealth Rock\n|-ability|p1a: Mewtwo|Pressure\n|move|p2a: Latias|Psyshock|p1a: Mewtwo\n|-resisted|p1a: Mewtwo\n|-damage|p1a: Mewtwo|18/272\n|\n|upkeep\n|turn|34\n|\n|t:|1782870658\n|switch|p2a: Blissey|Blissey, L85, F|572/572\n|-damage|p2a: Blissey|501/572|[from] Stealth Rock\n|move|p1a: Mewtwo|Recover|p1a: Mewtwo\n|-heal|p1a: Mewtwo|154/272\n|\n|-heal|p2a: Blissey|536/572|[from] item: Leftovers\n|upkeep\n|turn|35\n|\n|t:|1782870667\n|switch|p1a: Mandibuzz|Mandibuzz, L85, F|326/326\n|move|p2a: Blissey|Seismic Toss|p1a: Mandibuzz\n|-damage|p1a: Mandibuzz|241/326\n|\n|-heal|p2a: Blissey|571/572|[from] item: Leftovers\n|upkeep\n|turn|36\n|\n|t:|1782870679\n|switch|p2a: Goodra|Goodra, L85, M|292/292\n|-damage|p2a: Goodra|256/292|[from] Stealth Rock\n|move|p1a: Mandibuzz|Brave Bird|p2a: Goodra\n|-damage|p2a: Goodra|139/292\n|-damage|p1a: Mandibuzz|202/326|[from] Recoil\n|\n|upkeep\n|turn|37\n|\n|t:|1782870697\n|move|p1a: Mandibuzz|Brave Bird|p2a: Goodra\n|-damage|p2a: Goodra|21/292\n|-damage|p1a: Mandibuzz|163/326|[from] Recoil\n|move|p2a: Goodra|Scald|p1a: Mandibuzz\n|-damage|p1a: Mandibuzz|103/326\n|-status|p1a: Mandibuzz|brn\n|\n|-damage|p1a: Mandibuzz|83/326 brn|[from] brn\n|upkeep\n|turn|38\n|\n|t:|1782870711\n|move|p2a: Goodra|Draco Meteor|p1a: Mandibuzz\n|-damage|p1a: Mandibuzz|0 fnt\n|-unboost|p2a: Goodra|spa|2\n|faint|p1a: Mandibuzz\n|\n|upkeep\n|\n|t:|1782870732\n|switch|p1a: Wyrdeer|Wyrdeer, L87, F|321/321\n|-damage|p1a: Wyrdeer|281/321|[from] Stealth Rock\n|-ability|p1a: Wyrdeer|Intimidate|boost\n|-unboost|p2a: Goodra|atk|1\n|turn|39\n|\n|t:|1782870740\n|move|p2a: Goodra|Scald|p1a: Wyrdeer\n|-damage|p1a: Wyrdeer|257/321\n|-status|p1a: Wyrdeer|brn\n|move|p1a: Wyrdeer|Body Slam|p2a: Goodra\n|-damage|p2a: Goodra|0 fnt\n|faint|p2a: Goodra\n|\n|-damage|p1a: Wyrdeer|237/321 brn|[from] brn\n|upkeep\n|c|\u2606Bluemoonhowls|Bro\n|\n|t:|1782870749\n|switch|p2a: Latias|Latias, L79, F, tera:Steel|138/256\n|-damage|p2a: Latias|122/256|[from] Stealth Rock\n|turn|40\n|\n|t:|1782870758\n|move|p2a: Latias|Recover|p2a: Latias\n|-heal|p2a: Latias|250/256\n|move|p1a: Wyrdeer|Psychic Noise|p2a: Latias\n|-resisted|p2a: Latias\n|-damage|p2a: Latias|214/256\n|-start|p2a: Latias|move: Heal Block\n|\n|-damage|p1a: Wyrdeer|217/321 brn|[from] brn\n|upkeep\n|turn|41\n|\n|t:|1782870769\n|switch|p1a: Donphan|Donphan, L84, F|174/288\n|-damage|p1a: Donphan|156/288|[from] Stealth Rock\n|move|p2a: Latias|Calm Mind|p2a: Latias\n|-boost|p2a: Latias|spa|1\n|-boost|p2a: Latias|spd|1\n|\n|-heal|p1a: Donphan|174/288|[from] item: Leftovers\n|-end|p2a: Latias|move: Heal Block\n|upkeep\n|turn|42\n|\n|t:|1782870779\n|move|p2a: Latias|Calm Mind|p2a: Latias\n|-boost|p2a: Latias|spa|1\n|-boost|p2a: Latias|spd|1\n|move|p1a: Donphan|Knock Off|p2a: Latias\n|-damage|p2a: Latias|157/256\n|\n|-heal|p1a: Donphan|192/288|[from] item: Leftovers\n|upkeep\n|turn|43\n|\n|t:|1782870790\n|switch|p1a: Mewtwo|Mewtwo, L72|154/272\n|-damage|p1a: Mewtwo|120/272|[from] Stealth Rock\n|-ability|p1a: Mewtwo|Pressure\n|move|p2a: Latias|Draco Meteor|p1a: Mewtwo\n|-damage|p1a: Mewtwo|0 fnt\n|-unboost|p2a: Latias|spa|2\n|faint|p1a: Mewtwo\n|\n|upkeep\n|c|\u2606Bluemoonhowls|Straight fucking bull shit smh\n|inactive|Bluemoonhowls has 120 seconds left.\n|-message|Bluemoonhowls forfeited.\n|\n|win|kondat\n", "inputlog": ">version f8ac14003a5f27e1bdc8d8c59608a773c1cb96e5\n>start {\"formatid\":\"gen9randombattle\",\"seed\":\"sodium,0acbab5a6005e1db6bfd3b1adc9929b9\",\"rated\":\"Rated battle\"}\n>player p1 {\"name\":\"Bluemoonhowls\",\"avatar\":\"266\",\"rating\":1533,\"seed\":\"sodium,43e28d024f128d52868979003260d3c4\"}\n>player p2 {\"name\":\"kondat\",\"avatar\":\"101\",\"rating\":1558,\"seed\":\"sodium,32687e66d752defcc2ad3c7f1daa9996\"}\n>p1 move knockoff\n>p2 move partingshot\n>p2 switch 5\n>p1 switch 3\n>p2 move takeheart\n>p1 move dragondance\n>p2 move grassknot\n>p1 move outrage\n>p2 move scald\n>p1 move outrage\n>p2 move scald\n>p2 switch 5\n>p1 move outrage\n>p2 move partingshot\n>p2 switch 6\n>p1 move outrage\n>p2 move aurawheel\n>p1 move outrage\n>p2 move aurawheel\n>p1 switch 5\n>p1 move knockoff\n>p2 switch 6\n>p2 switch 4\n>p1 move knockoff\n>p2 move calmmind terastallize\n>p1 move earthquake\n>p2 move calmmind\n>p1 move knockoff\n>p2 move calmmind\n>p1 move knockoff\n>p2 move calmmind\n>p1 move knockoff\n>p2 move recover\n>p1 switch 6\n>p2 move recover\n>p1 move haze\n>p2 move psyshock\n>p1 move recover\n>p2 move calmmind\n>p1 move haze\n>p2 move psyshock\n>p1 move recover\n>p2 move calmmind\n>p1 move haze\n>p2 move psyshock\n>p1 move recover\n>p2 move dracometeor\n>p1 switch 4\n>p1 move nastyplot\n>p2 switch 6\n>p1 move fireblast\n>p2 move aurawheel\n>p2 switch 2\n>p1 switch 6\n>p2 move thunderwave\n>p1 move knockoff\n>p2 switch 6\n>p1 switch 6\n>p2 move dracometeor\n>p1 move fireblast\n>p2 switch 6\n>p1 switch 6\n>p2 move stealthrock\n>p1 move stealthrock\n>p2 switch 6\n>p1 move knockoff\n>p2 move dracometeor\n>p1 move knockoff\n>p2 move recover\n>p1 move knockoff\n>p2 move calmmind\n>p1 switch 6\n>p2 move psyshock\n>p1 move recover\n>p2 switch 6\n>p1 switch 3\n>p2 move seismictoss\n>p1 move bravebird\n>p2 switch 3\n>p1 move bravebird\n>p2 move scald\n>p1 move bravebird\n>p2 move dracometeor\n>p1 switch 2\n>p1 move bodyslam\n>p2 move scald\n>chat \u2606Bluemoonhowls|Bro\n>p2 switch 6\n>p1 move psychicnoise\n>p2 move recover\n>p1 switch 6\n>p2 move calmmind\n>p1 move knockoff\n>p2 move calmmind\n>p1 switch 3\n>p2 move dracometeor\n>chat \u2606Bluemoonhowls|Straight fucking bull shit smh\n>forcelose p1", "uploadtime": 1782870819, "views": 4, "formatid": "gen9randombattle", "rating": null, "private": 0, "password": null, "player_dets": [{"name": "Bluemoonhowls", "avatar": "266", "rating": 1533, "seed": "sodium,43e28d024f128d52868979003260d3c4"}, {"name": "kondat", "avatar": "101", "rating": 1558, "seed": "sodium,32687e66d752defcc2ad3c7f1daa9996"}], "teams_full": [{"Mandibuzz": {"name": "Mandibuzz", "species": "Mandibuzz", "speciesId": "mandibuzz", "gender": "F", "shiny": false, "level": 85, "moves": ["roost", "knockoff", "defog", "bravebird"], "ability": "Overcoat", "evs": {"hp": 85, "atk": 85, "def": 85, "spa": 85, "spd": 85, "spe": 85}, "ivs": {"hp": 31, "atk": 31, "def": 31, "spa": 31, "spd": 31, "spe": 31}, "item": "Heavy-Duty Boots", "teraType": "Steel", "role": "Bulky Attacker", "bvs": {"hp": 110, "atk": 65, "def": 105, "spa": 55, "spd": 95, "spe": 80}, "stats": {"hp": 326, "atk": 159, "def": 227, "spa": 142, "spd": 210, "spe": 185}, "types": ["Dark", "Flying"]}, "Wyrdeer": {"name": "Wyrdeer", "species": "Wyrdeer", "speciesId": "wyrdeer", "gender": "F", "shiny": false, "level": 87, "moves": ["bodyslam", "psychicnoise", "megahorn", "earthquake"], "ability": "Intimidate", "evs": {"hp": 85, "atk": 85, "def": 85, "spa": 85, "spd": 85, "spe": 85}, "ivs": {"hp": 31, "atk": 31, "def": 31, "spa": 31, "spd": 31, "spe": 31}, "item": "Assault Vest", "teraType": "Ground", "role": "Bulky Attacker", "bvs": {"hp": 103, "atk": 105, "def": 72, "spa": 105, "spd": 75, "spe": 65}, "stats": {"hp": 321, "atk": 232, "def": 175, "spa": 232, "spd": 180, "spe": 163}, "types": ["Normal", "Psychic"]}, "Kingdra": {"name": "Kingdra", "species": "Kingdra", "speciesId": "kingdra", "gender": "F", "shiny": false, "level": 84, "moves": ["ironhead", "dragondance", "wavecrash", "outrage"], "ability": "Sniper", "evs": {"hp": 85, "atk": 85, "def": 85, "spa": 85, "spd": 85, "spe": 85}, "ivs": {"hp": 31, "atk": 31, "def": 31, "spa": 31, "spd": 31, "spe": 31}, "item": "Lum Berry", "teraType": "Steel", "role": "Fast Bulky Setup", "bvs": {"hp": 75, "atk": 95, "def": 95, "spa": 95, "spd": 95, "spe": 85}, "stats": {"hp": 263, "atk": 208, "def": 208, "spa": 208, "spd": 208, "spe": 191}, "types": ["Water", "Dragon"]}, "Mewtwo": {"name": "Mewtwo", "species": "Mewtwo", "speciesId": "mewtwo", "gender": "N", "shiny": false, "level": 72, "moves": ["recover", "fireblast", "nastyplot", "psystrike"], "ability": "Pressure", "evs": {"hp": 85, "atk": 0, "def": 85, "spa": 85, "spd": 85, "spe": 85}, "ivs": {"hp": 31, "atk": 0, "def": 31, "spa": 31, "spd": 31, "spe": 31}, "item": "Life Orb", "teraType": "Psychic", "role": "Setup Sweeper", "bvs": {"hp": 106, "atk": 110, "def": 90, "spa": 154, "spd": 90, "spe": 130}, "stats": {"hp": 272, "atk": 163, "def": 172, "spa": 264, "spd": 172, "spe": 229}, "types": ["Psychic"]}, "Donphan": {"name": "Donphan", "species": "Donphan", "speciesId": "donphan", "gender": "F", "shiny": false, "level": 84, "moves": ["earthquake", "iceshard", "knockoff", "stealthrock"], "ability": "Sturdy", "evs": {"hp": 85, "atk": 85, "def": 85, "spa": 85, "spd": 85, "spe": 85}, "ivs": {"hp": 31, "atk": 31, "def": 31, "spa": 31, "spd": 31, "spe": 31}, "item": "Leftovers", "teraType": "Dragon", "role": "Bulky Support", "bvs": {"hp": 90, "atk": 120, "def": 120, "spa": 60, "spd": 60, "spe": 50}, "stats": {"hp": 288, "atk": 250, "def": 250, "spa": 149, "spd": 149, "spe": 132}, "types": ["Ground"]}, "Milotic": {"name": "Milotic", "species": "Milotic", "speciesId": "milotic", "gender": "F", "shiny": false, "level": 83, "moves": ["scald", "recover", "haze", "icebeam"], "ability": "Competitive", "evs": {"hp": 85, "atk": 0, "def": 85, "spa": 85, "spd": 85, "spe": 85}, "ivs": {"hp": 31, "atk": 0, "def": 31, "spa": 31, "spd": 31, "spe": 31}, "item": "Leftovers", "teraType": "Steel", "role": "Bulky Attacker", "bvs": {"hp": 95, "atk": 60, "def": 79, "spa": 100, "spd": 125, "spe": 81}, "stats": {"hp": 293, "atk": 104, "def": 179, "spa": 214, "spd": 255, "spe": 182}, "types": ["Water"]}}, {"Squawkabilly": {"name": "Squawkabilly", "species": "Squawkabilly-Yellow", "speciesId": "squawkabillyyellow", "gender": "F", "shiny": false, "level": 89, "moves": ["bravebird", "partingshot", "quickattack", "doubleedge"], "ability": "Hustle", "evs": {"hp": 85, "atk": 85, "def": 85, "spa": 85, "spd": 85, "spe": 85}, "ivs": {"hp": 31, "atk": 31, "def": 31, "spa": 31, "spd": 31, "spe": 31}, "item": "Heavy-Duty Boots", "teraType": "Flying", "role": "Wallbreaker", "bvs": {"hp": 82, "atk": 96, "def": 51, "spa": 45, "spd": 51, "spe": 92}, "stats": {"hp": 291, "atk": 222, "def": 142, "spa": 131, "spd": 142, "spe": 215}, "types": ["Normal", "Flying"]}, "Blissey": {"name": "Blissey", "species": "Blissey", "speciesId": "blissey", "gender": "F", "shiny": false, "level": 85, "moves": ["stealthrock", "seismictoss", "softboiled", "thunderwave"], "ability": "Natural Cure", "evs": {"hp": 85, "atk": 0, "def": 85, "spa": 85, "spd": 85, "spe": 85}, "ivs": {"hp": 31, "atk": 0, "def": 31, "spa": 31, "spd": 31, "spe": 31}, "item": "Leftovers", "teraType": "Poison", "role": "Bulky Support", "bvs": {"hp": 255, "atk": 10, "def": 10, "spa": 75, "spd": 135, "spe": 55}, "stats": {"hp": 572, "atk": 22, "def": 66, "spa": 176, "spd": 278, "spe": 142}, "types": ["Normal"]}, "Goodra": {"name": "Goodra", "species": "Goodra", "speciesId": "goodra", "gender": "M", "shiny": false, "level": 85, "moves": ["dracometeor", "sludgebomb", "fireblast", "scald"], "ability": "Sap Sipper", "evs": {"hp": 85, "atk": 0, "def": 85, "spa": 85, "spd": 85, "spe": 85}, "ivs": {"hp": 31, "atk": 0, "def": 31, "spa": 31, "spd": 31, "spe": 31}, "item": "Assault Vest", "teraType": "Fire", "role": "AV Pivot", "bvs": {"hp": 90, "atk": 100, "def": 70, "spa": 110, "spd": 150, "spe": 80}, "stats": {"hp": 292, "atk": 175, "def": 168, "spa": 236, "spd": 304, "spe": 185}, "types": ["Dragon"]}, "Latias": {"name": "Latias", "species": "Latias", "speciesId": "latias", "gender": "F", "shiny": false, "level": 79, "moves": ["dracometeor", "psyshock", "calmmind", "recover"], "ability": "Levitate", "evs": {"hp": 85, "atk": 0, "def": 85, "spa": 85, "spd": 85, "spe": 85}, "ivs": {"hp": 31, "atk": 0, "def": 31, "spa": 31, "spd": 31, "spe": 31}, "item": "Soul Dew", "teraType": "Steel", "role": "Fast Bulky Setup", "bvs": {"hp": 80, "atk": 80, "def": 90, "spa": 110, "spd": 130, "spe": 110}, "stats": {"hp": 256, "atk": 131, "def": 188, "spa": 219, "spd": 251, "spe": 219}, "types": ["Dragon", "Psychic"]}, "Phione": {"name": "Phione", "species": "Phione", "speciesId": "phione", "gender": "N", "shiny": false, "level": 91, "moves": ["grassknot", "takeheart", "scald", "icebeam"], "ability": "Hydration", "evs": {"hp": 85, "atk": 0, "def": 85, "spa": 85, "spd": 85, "spe": 85}, "ivs": {"hp": 31, "atk": 0, "def": 31, "spa": 31, "spd": 31, "spe": 31}, "item": "Leftovers", "teraType": "Grass", "role": "Bulky Attacker", "bvs": {"hp": 80, "atk": 80, "def": 80, "spa": 80, "spd": 80, "spe": 80}, "stats": {"hp": 293, "atk": 150, "def": 197, "spa": 197, "spd": 197, "spe": 197}, "types": ["Water"]}, "Morpeko": {"name": "Morpeko", "species": "Morpeko", "speciesId": "morpeko", "gender": "F", "shiny": false, "level": 88, "moves": ["aurawheel", "knockoff", "protect", "rapidspin"], "ability": "Hunger Switch", "evs": {"hp": 85, "atk": 85, "def": 85, "spa": 85, "spd": 85, "spe": 85}, "ivs": {"hp": 31, "atk": 31, "def": 31, "spa": 31, "spd": 31, "spe": 31}, "item": "Leftovers", "teraType": "Electric", "role": "Bulky Attacker", "bvs": {"hp": 58, "atk": 95, "def": 58, "spa": 70, "spd": 58, "spe": 97}, "stats": {"hp": 245, "atk": 217, "def": 152, "spa": 173, "spd": 152, "spe": 221}, "types": ["Electric", "Dark"]}}]}