{"id": "gen9randombattle-2641437903", "format": "[Gen 9] Random Battle", "players": ["Victory2000", "ohohiwantmore"], "log": "|badge|p2|bronze|gen9randombattle|100-9\n|html|<div class=\"broadcast-red\"><strong>This battle is required to be public due to one or more player having a season medal.</strong><br />During the public phase, you can discuss the state of the ladder <a href=\"/seasondiscussion\">in a special chatroom.</a></div>\n|uhtml|medal-msg|<div class=\"broadcast-blue\">Curious what those medals under the avatar are? PS now has Ladder Seasons! For more information, check out the <a href=\"https://www.smogon.com/forums/threads/3740067/\">thread on Smogon.</a></div>\n|j|\u2606Victory2000\n|j|\u2606ohohiwantmore\n|t:|1782784756\n|gametype|singles\n|player|p1|Victory2000|hiker-gen4|2266\n|player|p2|ohohiwantmore|266|2352\n|gen|9\n|tier|[Gen 9] Random Battle\n|rated|\n|rule|Species Clause: Limit one of each Pok\u00e9mon\n|rule|HP Percentage Mod: HP is shown in percentages\n|rule|Sleep Clause Mod: Limit one foe put to sleep\n|rule|Illusion Level Mod: Illusion disguises the Pok\u00e9mon's true level\n|\n|t:|1782784756\n|teamsize|p1|6\n|teamsize|p2|6\n|start\n|switch|p1a: Kingambit|Kingambit, L74, M|270/270\n|switch|p2a: Metagross|Metagross, L79|256/256\n|turn|1\n|inactive|Battle timer is ON: inactive players will automatically lose when time's up. (requested by ohohiwantmore)\n|\n|t:|1782784776\n|switch|p2a: Flamigo|Flamigo, L82, F|269/269\n|-end|p1a: Kingambit|fallenundefined|[silent]\n|switch|p1a: Meganium|Meganium, L90, F|290/290\n|\n|upkeep\n|turn|2\n|\n|t:|1782784783\n|switch|p1a: Luxray|Luxray, L88, M|284/284\n|-ability|p1a: Luxray|Intimidate|boost\n|-fail|p2a: Flamigo|unboost|Attack|[from] ability: Scrappy|[of] p2a: Flamigo\n|move|p2a: Flamigo|U-turn|p1a: Luxray\n|-damage|p1a: Luxray|224/284\n|\n|t:|1782784793\n|switch|p2a: Gastrodon|Gastrodon-East, L86, F|331/331|[from] U-turn\n|\n|upkeep\n|turn|3\n|\n|t:|1782784807\n|switch|p1a: Phione|Phione, L91|293/293\n|move|p2a: Gastrodon|Earthquake|p1a: Phione\n|-damage|p1a: Phione|197/293\n|\n|-heal|p1a: Phione|215/293|[from] item: Leftovers\n|upkeep\n|turn|4\n|\n|t:|1782784818\n|switch|p2a: Gogoat|Gogoat, L88, M|360/360\n|move|p1a: Phione|Take Heart|p1a: Phione\n|-boost|p1a: Phione|spa|1\n|-boost|p1a: Phione|spd|1\n|\n|-heal|p1a: Phione|233/293|[from] item: Leftovers\n|upkeep\n|turn|5\n|\n|t:|1782784831\n|switch|p1a: Meganium|Meganium, L90, F|290/290\n|move|p2a: Gogoat|Horn Leech|p1a: Meganium\n|-resisted|p1a: Meganium\n|-damage|p1a: Meganium|253/290\n|\n|-heal|p1a: Meganium|271/290|[from] item: Leftovers\n|upkeep\n|turn|6\n|\n|t:|1782784840\n|move|p1a: Meganium|Knock Off|p2a: Gogoat\n|-damage|p2a: Gogoat|266/360\n|-enditem|p2a: Gogoat|Leftovers|[from] move: Knock Off|[of] p1a: Meganium\n|move|p2a: Gogoat|Bulk Up|p2a: Gogoat\n|-boost|p2a: Gogoat|atk|1\n|-boost|p2a: Gogoat|def|1\n|\n|-heal|p1a: Meganium|289/290|[from] item: Leftovers\n|upkeep\n|turn|7\n|\n|t:|1782784849\n|switch|p1a: Chesnaught|Chesnaught, L84, M|285/285\n|move|p2a: Gogoat|Bulk Up|p2a: Gogoat\n|-boost|p2a: Gogoat|atk|1\n|-boost|p2a: Gogoat|def|1\n|\n|upkeep\n|turn|8\n|\n|t:|1782784868\n|switch|p2a: Gastrodon|Gastrodon-East, L86, F|331/331\n|move|p1a: Chesnaught|Iron Defense|p1a: Chesnaught\n|-boost|p1a: Chesnaught|def|2\n|\n|upkeep\n|turn|9\n|\n|t:|1782784885\n|-terastallize|p1a: Chesnaught|Steel\n|-terastallize|p2a: Gastrodon|Poison\n|move|p1a: Chesnaught|Iron Defense|p1a: Chesnaught\n|-boost|p1a: Chesnaught|def|2\n|move|p2a: Gastrodon|Clear Smog|p1a: Chesnaught\n|-immune|p1a: Chesnaught\n|\n|upkeep\n|turn|10\n|\n|t:|1782784889\n|move|p1a: Chesnaught|Trailblaze|p2a: Gastrodon\n|-resisted|p2a: Gastrodon\n|-damage|p2a: Gastrodon|299/331\n|-boost|p1a: Chesnaught|spe|1\n|move|p2a: Gastrodon|Surf|p1a: Chesnaught\n|-damage|p1a: Chesnaught|170/285\n|\n|-heal|p1a: Chesnaught|187/285|[from] item: Leftovers\n|-heal|p2a: Gastrodon|319/331|[from] item: Leftovers\n|upkeep\n|turn|11\n|\n|t:|1782784893\n|move|p1a: Chesnaught|Body Press|p2a: Gastrodon\n|-resisted|p2a: Gastrodon\n|-damage|p2a: Gastrodon|128/331\n|move|p2a: Gastrodon|Surf|p1a: Chesnaught\n|-damage|p1a: Chesnaught|73/285\n|\n|-heal|p1a: Chesnaught|90/285|[from] item: Leftovers\n|-heal|p2a: Gastrodon|148/331|[from] item: Leftovers\n|upkeep\n|turn|12\n|\n|t:|1782784897\n|move|p1a: Chesnaught|Synthesis|p1a: Chesnaught\n|-heal|p1a: Chesnaught|232/285\n|move|p2a: Gastrodon|Surf|p1a: Chesnaught\n|-damage|p1a: Chesnaught|120/285\n|\n|-heal|p1a: Chesnaught|137/285|[from] item: Leftovers\n|-heal|p2a: Gastrodon|168/331|[from] item: Leftovers\n|upkeep\n|turn|13\n|\n|t:|1782784901\n|move|p1a: Chesnaught|Body Press|p2a: Gastrodon\n|-resisted|p2a: Gastrodon\n|-damage|p2a: Gastrodon|0 fnt\n|faint|p2a: Gastrodon\n|\n|-heal|p1a: Chesnaught|154/285|[from] item: Leftovers\n|upkeep\n|\n|t:|1782784907\n|switch|p2a: Flamigo|Flamigo, L82, F|269/269\n|turn|14\n|\n|t:|1782784914\n|move|p2a: Flamigo|Close Combat|p1a: Chesnaught\n|-supereffective|p1a: Chesnaught\n|-damage|p1a: Chesnaught|74/285\n|-unboost|p2a: Flamigo|def|1\n|-unboost|p2a: Flamigo|spd|1\n|move|p1a: Chesnaught|Trailblaze|p2a: Flamigo\n|-resisted|p2a: Flamigo\n|-damage|p2a: Flamigo|221/269\n|-boost|p1a: Chesnaught|spe|1\n|\n|-heal|p1a: Chesnaught|91/285|[from] item: Leftovers\n|upkeep\n|turn|15\n|\n|t:|1782784918\n|move|p1a: Chesnaught|Body Press|p2a: Flamigo\n|-resisted|p2a: Flamigo\n|-damage|p2a: Flamigo|0 fnt\n|faint|p2a: Flamigo\n|\n|-heal|p1a: Chesnaught|108/285|[from] item: Leftovers\n|upkeep\n|-message|ohohiwantmore forfeited.\n|\n|win|Victory2000\n", "inputlog": ">version f8ac14003a5f27e1bdc8d8c59608a773c1cb96e5\n>start {\"formatid\":\"gen9randombattle\",\"seed\":\"sodium,a39ca443c5c7abe915ce513b8b99d15a\",\"rated\":\"Rated battle\"}\n>player p1 {\"name\":\"Victory2000\",\"avatar\":\"hiker-gen4\",\"rating\":2266,\"seed\":\"sodium,9dad074b1aad71b2fa1f92275074a0e9\"}\n>player p2 {\"name\":\"ohohiwantmore\",\"avatar\":\"266\",\"rating\":2352,\"seed\":\"sodium,86e6d2ae2d00503cc47e927efe3bd6fa\"}\n>p1 switch 2\n>p2 switch 3\n>p1 switch 6\n>p2 move uturn\n>p2 switch 4\n>p1 switch 4\n>p2 move earthquake\n>p1 move takeheart\n>p2 switch 5\n>p1 switch 6\n>p2 move hornleech\n>p1 move knockoff\n>p2 move bulkup\n>p1 switch 5\n>p2 move bulkup\n>p1 move irondefense\n>p2 switch 5\n>p1 move irondefense terastallize\n>p2 move clearsmog terastallize\n>p1 move trailblaze\n>p2 move surf\n>p1 move bodypress\n>p2 move surf\n>p1 move synthesis\n>p2 move surf\n>p1 move bodypress\n>p2 move surf\n>p2 switch 4\n>p1 move trailblaze\n>p2 move closecombat\n>p1 move bodypress\n>p2 move closecombat\n>forcelose p2", "uploadtime": 1782784758, "views": 12, "formatid": "gen9randombattle", "rating": null, "private": 0, "password": null, "player_dets": [{"name": "Victory2000", "avatar": "hiker-gen4", "rating": 2266, "seed": "sodium,9dad074b1aad71b2fa1f92275074a0e9"}, {"name": "ohohiwantmore", "avatar": "266", "rating": 2352, "seed": "sodium,86e6d2ae2d00503cc47e927efe3bd6fa"}], "teams_full": [{"Kingambit": {"name": "Kingambit", "species": "Kingambit", "speciesId": "kingambit", "gender": "M", "shiny": false, "level": 74, "moves": ["swordsdance", "ironhead", "kowtowcleave", "suckerpunch"], "ability": "Supreme Overlord", "evs": {"hp": 85, "atk": 85, "def": 85, "spa": 85, "spd": 85, "spe": 85}, "ivs": {"hp": 31, "atk": 31, "def": 31, "spa": 31, "spd": 31, "spe": 31}, "item": "Leftovers", "teraType": "Flying", "role": "Bulky Attacker", "bvs": {"hp": 100, "atk": 135, "def": 120, "spa": 60, "spd": 85, "spe": 50}, "stats": {"hp": 270, "atk": 243, "def": 221, "spa": 132, "spd": 169, "spe": 117}, "types": ["Dark", "Steel"]}, "Meganium": {"name": "Meganium", "species": "Meganium", "speciesId": "meganium", "gender": "F", "shiny": false, "level": 90, "moves": ["knockoff", "swordsdance", "earthquake", "petalblizzard"], "ability": "Overgrow", "evs": {"hp": 85, "atk": 85, "def": 85, "spa": 85, "spd": 85, "spe": 85}, "ivs": {"hp": 31, "atk": 31, "def": 31, "spa": 31, "spd": 31, "spe": 31}, "item": "Leftovers", "teraType": "Ground", "role": "Bulky Setup", "bvs": {"hp": 80, "atk": 82, "def": 100, "spa": 83, "spd": 100, "spe": 80}, "stats": {"hp": 290, "atk": 199, "def": 231, "spa": 201, "spd": 231, "spe": 195}, "types": ["Grass"]}, "Tauros": {"name": "Tauros", "species": "Tauros-Paldea-Combat", "speciesId": "taurospaldeacombat", "gender": "M", "shiny": false, "level": 82, "moves": ["throatchop", "closecombat", "ironhead", "earthquake"], "ability": "Intimidate", "evs": {"hp": 85, "atk": 85, "def": 85, "spa": 85, "spd": 85, "spe": 85}, "ivs": {"hp": 31, "atk": 31, "def": 31, "spa": 31, "spd": 31, "spe": 31}, "item": "Choice Band", "teraType": "Steel", "role": "Wallbreaker", "bvs": {"hp": 75, "atk": 110, "def": 105, "spa": 30, "spd": 70, "spe": 100}, "stats": {"hp": 257, "atk": 228, "def": 219, "spa": 96, "spd": 162, "spe": 211}, "types": ["Fighting"]}, "Phione": {"name": "Phione", "species": "Phione", "speciesId": "phione", "gender": "N", "shiny": false, "level": 91, "moves": ["grassknot", "scald", "icebeam", "takeheart"], "ability": "Hydration", "evs": {"hp": 85, "atk": 0, "def": 85, "spa": 85, "spd": 85, "spe": 85}, "ivs": {"hp": 31, "atk": 0, "def": 31, "spa": 31, "spd": 31, "spe": 31}, "item": "Leftovers", "teraType": "Grass", "role": "Bulky Attacker", "bvs": {"hp": 80, "atk": 80, "def": 80, "spa": 80, "spd": 80, "spe": 80}, "stats": {"hp": 293, "atk": 150, "def": 197, "spa": 197, "spd": 197, "spe": 197}, "types": ["Water"]}, "Chesnaught": {"name": "Chesnaught", "species": "Chesnaught", "speciesId": "chesnaught", "gender": "M", "shiny": false, "level": 84, "moves": ["trailblaze", "irondefense", "synthesis", "bodypress"], "ability": "Bulletproof", "evs": {"hp": 85, "atk": 85, "def": 85, "spa": 85, "spd": 85, "spe": 85}, "ivs": {"hp": 31, "atk": 31, "def": 31, "spa": 31, "spd": 31, "spe": 31}, "item": "Leftovers", "teraType": "Steel", "role": "Fast Bulky Setup", "bvs": {"hp": 88, "atk": 107, "def": 122, "spa": 74, "spd": 75, "spe": 64}, "stats": {"hp": 285, "atk": 228, "def": 253, "spa": 173, "spd": 174, "spe": 156}, "types": ["Grass", "Fighting"]}, "Luxray": {"name": "Luxray", "species": "Luxray", "speciesId": "luxray", "gender": "M", "shiny": false, "level": 88, "moves": ["playrough", "throatchop", "voltswitch", "wildcharge"], "ability": "Intimidate", "evs": {"hp": 85, "atk": 85, "def": 85, "spa": 85, "spd": 85, "spe": 85}, "ivs": {"hp": 31, "atk": 31, "def": 31, "spa": 31, "spd": 31, "spe": 31}, "item": "Assault Vest", "teraType": "Fairy", "role": "AV Pivot", "bvs": {"hp": 80, "atk": 120, "def": 79, "spa": 95, "spd": 79, "spe": 70}, "stats": {"hp": 284, "atk": 261, "def": 189, "spa": 217, "spd": 189, "spe": 173}, "types": ["Electric"]}}, {"Metagross": {"name": "Metagross", "species": "Metagross", "speciesId": "metagross", "gender": "N", "shiny": false, "level": 79, "moves": ["agility", "earthquake", "heavyslam", "psychicfangs"], "ability": "Clear Body", "evs": {"hp": 85, "atk": 85, "def": 85, "spa": 85, "spd": 85, "spe": 85}, "ivs": {"hp": 31, "atk": 31, "def": 31, "spa": 31, "spd": 31, "spe": 31}, "item": "Weakness Policy", "teraType": "Ground", "role": "Bulky Setup", "bvs": {"hp": 80, "atk": 135, "def": 130, "spa": 95, "spd": 90, "spe": 70}, "stats": {"hp": 256, "atk": 259, "def": 251, "spa": 196, "spd": 188, "spe": 156}, "types": ["Steel", "Psychic"]}, "Braviary": {"name": "Braviary", "species": "Braviary", "speciesId": "braviary", "gender": "M", "shiny": false, "level": 85, "moves": ["closecombat", "roost", "bravebird", "bulkup"], "ability": "Defiant", "evs": {"hp": 85, "atk": 85, "def": 85, "spa": 85, "spd": 85, "spe": 85}, "ivs": {"hp": 31, "atk": 31, "def": 31, "spa": 31, "spd": 31, "spe": 31}, "item": "Heavy-Duty Boots", "teraType": "Steel", "role": "Fast Bulky Setup", "bvs": {"hp": 100, "atk": 123, "def": 75, "spa": 57, "spd": 75, "spe": 80}, "stats": {"hp": 309, "atk": 258, "def": 176, "spa": 146, "spd": 176, "spe": 185}, "types": ["Normal", "Flying"]}, "Flamigo": {"name": "Flamigo", "species": "Flamigo", "speciesId": "flamigo", "gender": "F", "shiny": false, "level": 82, "moves": ["bravebird", "uturn", "throatchop", "closecombat"], "ability": "Scrappy", "evs": {"hp": 85, "atk": 85, "def": 85, "spa": 85, "spd": 85, "spe": 85}, "ivs": {"hp": 31, "atk": 31, "def": 31, "spa": 31, "spd": 31, "spe": 31}, "item": "Choice Scarf", "teraType": "Fighting", "role": "Fast Attacker", "bvs": {"hp": 82, "atk": 115, "def": 74, "spa": 75, "spd": 64, "spe": 90}, "stats": {"hp": 269, "atk": 236, "def": 169, "spa": 170, "spd": 152, "spe": 195}, "types": ["Flying", "Fighting"]}, "Gastrodon": {"name": "Gastrodon", "species": "Gastrodon-East", "speciesId": "gastrodon", "gender": "F", "shiny": false, "level": 86, "moves": ["recover", "clearsmog", "earthquake", "surf"], "ability": "Storm Drain", "evs": {"hp": 85, "atk": 85, "def": 85, "spa": 85, "spd": 85, "spe": 85}, "ivs": {"hp": 31, "atk": 31, "def": 31, "spa": 31, "spd": 31, "spe": 31}, "item": "Leftovers", "teraType": "Poison", "role": "Bulky Attacker", "bvs": {"hp": 111, "atk": 83, "def": 68, "spa": 92, "spd": 82, "spe": 39}, "stats": {"hp": 331, "atk": 192, "def": 166, "spa": 207, "spd": 190, "spe": 116}, "types": ["Water", "Ground"]}, "Gogoat": {"name": "Gogoat", "species": "Gogoat", "speciesId": "gogoat", "gender": "M", "shiny": false, "level": 88, "moves": ["hornleech", "earthquake", "bulkup", "milkdrink"], "ability": "Sap Sipper", "evs": {"hp": 85, "atk": 85, "def": 85, "spa": 85, "spd": 85, "spe": 85}, "ivs": {"hp": 31, "atk": 31, "def": 31, "spa": 31, "spd": 31, "spe": 31}, "item": "Leftovers", "teraType": "Water", "role": "Bulky Setup", "bvs": {"hp": 123, "atk": 100, "def": 62, "spa": 97, "spd": 81, "spe": 68}, "stats": {"hp": 360, "atk": 226, "def": 159, "spa": 221, "spd": 193, "spe": 170}, "types": ["Grass"]}, "Eiscue": {"name": "Eiscue", "species": "Eiscue", "speciesId": "eiscue", "gender": "F", "shiny": false, "level": 88, "moves": ["bellydrum", "zenheadbutt", "icespinner", "liquidation"], "ability": "Ice Face", "evs": {"hp": 81, "atk": 85, "def": 85, "spa": 85, "spd": 85, "spe": 85}, "ivs": {"hp": 31, "atk": 31, "def": 31, "spa": 31, "spd": 31, "spe": 31}, "item": "Sitrus Berry", "teraType": "Water", "role": "Setup Sweeper", "bvs": {"hp": 75, "atk": 80, "def": 110, "spa": 65, "spd": 90, "spe": 50}, "stats": {"hp": 274, "atk": 191, "def": 244, "spa": 165, "spd": 209, "spe": 138}, "types": ["Ice"]}}]}