{"id": "gen9randombattle-2642118830", "format": "[Gen 9] Random Battle", "players": ["Axieax", "jnpr010334"], "log": "|j|\u2606Axieax\n|j|\u2606jnpr010334\n|t:|1782894017\n|gametype|singles\n|player|p1|Axieax|102|1665\n|player|p2|jnpr010334|265|1663\n|gen|9\n|tier|[Gen 9] Random Battle\n|rated|\n|rule|Species Clause: Limit one of each Pok\u00e9mon\n|rule|HP Percentage Mod: HP is shown in percentages\n|rule|Sleep Clause Mod: Limit one foe put to sleep\n|rule|Illusion Level Mod: Illusion disguises the Pok\u00e9mon's true level\n|\n|t:|1782894017\n|teamsize|p1|6\n|teamsize|p2|6\n|start\n|switch|p1a: Spectrier|Spectrier, L75|274/274\n|switch|p2a: Mabosstiff|Mabosstiff, L86, F|278/278\n|turn|1\n|\n|t:|1782894023\n|-terastallize|p1a: Spectrier|Dark\n|move|p2a: Mabosstiff|Crunch|p1a: Spectrier\n|-resisted|p1a: Spectrier\n|-damage|p1a: Spectrier|190/274\n|move|p1a: Spectrier|Nasty Plot|p1a: Spectrier\n|-boost|p1a: Spectrier|spa|2\n|\n|upkeep\n|turn|2\n|inactive|Battle timer is ON: inactive players will automatically lose when time's up. (requested by jnpr010334)\n|\n|t:|1782894025\n|switch|p2a: Keldeo|Keldeo-Resolute, L79|273/273\n|move|p1a: Spectrier|Draining Kiss|p2a: Keldeo\n|-supereffective|p2a: Keldeo\n|-damage|p2a: Keldeo|42/273\n|-heal|p1a: Spectrier|274/274|[from] drain|[of] p2a: Keldeo\n|-damage|p1a: Spectrier|247/274|[from] item: Life Orb\n|\n|upkeep\n|turn|3\n|\n|t:|1782894029\n|move|p2a: Keldeo|Vacuum Wave|p1a: Spectrier\n|-supereffective|p1a: Spectrier\n|-damage|p1a: Spectrier|61/274\n|move|p1a: Spectrier|Shadow Ball|p2a: Keldeo\n|-damage|p2a: Keldeo|0 fnt\n|faint|p2a: Keldeo\n|-ability|p1a: Spectrier|Grim Neigh|boost\n|-boost|p1a: Spectrier|spa|1\n|-damage|p1a: Spectrier|34/274|[from] item: Life Orb\n|\n|upkeep\n|\n|t:|1782894030\n|switch|p2a: Mabosstiff|Mabosstiff, L86, F|278/278\n|turn|4\n|\n|t:|1782894038\n|move|p2a: Mabosstiff|Crunch|p1a: Spectrier\n|-resisted|p1a: Spectrier\n|-damage|p1a: Spectrier|0 fnt\n|faint|p1a: Spectrier\n|\n|upkeep\n|\n|t:|1782894040\n|switch|p1a: Iron Valiant|Iron Valiant, L78|244/244\n|turn|5\n|\n|t:|1782894046\n|switch|p2a: Dusknoir|Dusknoir, L89, M|225/225\n|-item|p1a: Iron Valiant|Life Orb|[from] ability: Frisk|[of] p2a: Dusknoir\n|move|p1a: Iron Valiant|Knock Off|p2a: Dusknoir\n|-supereffective|p2a: Dusknoir\n|-damage|p2a: Dusknoir|90/225\n|-enditem|p2a: Dusknoir|Leftovers|[from] move: Knock Off|[of] p1a: Iron Valiant\n|-damage|p1a: Iron Valiant|220/244|[from] item: Life Orb\n|\n|upkeep\n|turn|6\n|\n|t:|1782894049\n|move|p1a: Iron Valiant|Knock Off|p2a: Dusknoir\n|-supereffective|p2a: Dusknoir\n|-damage|p2a: Dusknoir|2/225\n|-damage|p1a: Iron Valiant|196/244|[from] item: Life Orb\n|move|p2a: Dusknoir|Pain Split|p1a: Iron Valiant\n|-sethp|p1a: Iron Valiant|99/244|[from] move: Pain Split|[silent]\n|-sethp|p2a: Dusknoir|99/225|[from] move: Pain Split\n|\n|upkeep\n|turn|7\n|\n|t:|1782894054\n|move|p1a: Iron Valiant|Encore|p2a: Dusknoir\n|-start|p2a: Dusknoir|Encore\n|move|p2a: Dusknoir|Pain Split|p1a: Iron Valiant\n|-sethp|p1a: Iron Valiant|99/244|[from] move: Pain Split|[silent]\n|-sethp|p2a: Dusknoir|99/225|[from] move: Pain Split\n|\n|upkeep\n|turn|8\n|\n|t:|1782894060\n|-end|p1a: Iron Valiant|Quark Drive|[silent]\n|switch|p1a: Arbok|Arbok, L87, F|246/246\n|-ability|p1a: Arbok|Intimidate|boost\n|-unboost|p2a: Dusknoir|atk|1\n|move|p2a: Dusknoir|Pain Split|p1a: Arbok\n|-sethp|p1a: Arbok|172/246|[from] move: Pain Split|[silent]\n|-sethp|p2a: Dusknoir|172/225|[from] move: Pain Split\n|\n|-heal|p1a: Arbok|187/246|[from] item: Leftovers\n|upkeep\n|turn|9\n|\n|t:|1782894063\n|move|p1a: Arbok|Toxic Spikes|p2a: Dusknoir\n|-sidestart|p2: jnpr010334|move: Toxic Spikes\n|move|p2a: Dusknoir|Pain Split|p1a: Arbok\n|-sethp|p1a: Arbok|179/246|[from] move: Pain Split|[silent]\n|-sethp|p2a: Dusknoir|179/225|[from] move: Pain Split\n|\n|-heal|p1a: Arbok|194/246|[from] item: Leftovers\n|-end|p2a: Dusknoir|Encore\n|upkeep\n|turn|10\n|\n|t:|1782894067\n|move|p1a: Arbok|Toxic Spikes|p2a: Dusknoir\n|-sidestart|p2: jnpr010334|move: Toxic Spikes\n|move|p2a: Dusknoir|Earthquake|p1a: Arbok\n|-supereffective|p1a: Arbok\n|-damage|p1a: Arbok|58/246\n|\n|-heal|p1a: Arbok|73/246|[from] item: Leftovers\n|upkeep\n|turn|11\n|\n|t:|1782894073\n|move|p1a: Arbok|Gunk Shot|p2a: Dusknoir\n|-resisted|p2a: Dusknoir\n|-damage|p2a: Dusknoir|137/225\n|move|p2a: Dusknoir|Earthquake|p1a: Arbok\n|-supereffective|p1a: Arbok\n|-damage|p1a: Arbok|0 fnt\n|faint|p1a: Arbok\n|\n|upkeep\n|\n|t:|1782894078\n|switch|p1a: Mabosstiff|Mabosstiff, L86, M|278/278\n|turn|12\n|\n|t:|1782894080\n|move|p1a: Mabosstiff|Crunch|p2a: Dusknoir\n|-supereffective|p2a: Dusknoir\n|-crit|p2a: Dusknoir\n|-damage|p2a: Dusknoir|0 fnt\n|faint|p2a: Dusknoir\n|\n|upkeep\n|\n|t:|1782894081\n|switch|p2a: Mabosstiff|Mabosstiff, L86, F|278/278\n|-status|p2a: Mabosstiff|tox\n|turn|13\n|\n|t:|1782894088\n|switch|p1a: Kricketune|Kricketune, L99, F|312/312\n|move|p2a: Mabosstiff|Play Rough|p1a: Kricketune\n|-damage|p1a: Kricketune|108/312\n|\n|-damage|p2a: Mabosstiff|261/278 tox|[from] psn\n|upkeep\n|turn|14\n|\n|t:|1782894093\n|move|p2a: Mabosstiff|Play Rough|p1a: Kricketune\n|-damage|p1a: Kricketune|9/312\n|move|p1a: Kricketune|Sticky Web|p2a: Mabosstiff\n|-sidestart|p2: jnpr010334|move: Sticky Web\n|\n|-damage|p2a: Mabosstiff|227/278 tox|[from] psn\n|upkeep\n|turn|15\n|\n|t:|1782894096\n|move|p2a: Mabosstiff|Play Rough|p1a: Kricketune|[miss]\n|-miss|p2a: Mabosstiff|p1a: Kricketune\n|move|p1a: Kricketune|Pounce|p2a: Mabosstiff\n|-supereffective|p2a: Mabosstiff\n|-damage|p2a: Mabosstiff|33/278 tox\n|-unboost|p2a: Mabosstiff|spe|1\n|\n|-damage|p2a: Mabosstiff|0 fnt|[from] psn\n|faint|p2a: Mabosstiff\n|upkeep\n|\n|t:|1782894097\n|switch|p2a: Misdreavus|Misdreavus, L90, F|254/254\n|turn|16\n|\n|t:|1782894101\n|move|p2a: Misdreavus|Shadow Ball|p1a: Kricketune\n|-damage|p1a: Kricketune|0 fnt\n|faint|p1a: Kricketune\n|\n|upkeep\n|\n|t:|1782894104\n|switch|p1a: Mabosstiff|Mabosstiff, L86, M|278/278\n|turn|17\n|\n|t:|1782894107\n|switch|p1a: Farigiraf|Farigiraf, L90, M|362/362\n|-terastallize|p2a: Misdreavus|Fairy\n|move|p2a: Misdreavus|Draining Kiss|p1a: Farigiraf\n|-damage|p1a: Farigiraf|281/362\n|\n|-heal|p1a: Farigiraf|303/362|[from] item: Leftovers\n|upkeep\n|turn|18\n|\n|t:|1782894112\n|move|p2a: Misdreavus|Calm Mind|p2a: Misdreavus\n|-boost|p2a: Misdreavus|spa|1\n|-boost|p2a: Misdreavus|spd|1\n|move|p1a: Farigiraf|Body Slam|p2a: Misdreavus\n|-damage|p2a: Misdreavus|169/254\n|\n|-heal|p1a: Farigiraf|325/362|[from] item: Leftovers\n|upkeep\n|turn|19\n|\n|t:|1782894115\n|move|p2a: Misdreavus|Draining Kiss|p1a: Farigiraf\n|-damage|p1a: Farigiraf|207/362\n|-heal|p2a: Misdreavus|254/254|[from] drain|[of] p1a: Farigiraf\n|move|p1a: Farigiraf|Body Slam|p2a: Misdreavus\n|-damage|p2a: Misdreavus|166/254\n|\n|-heal|p1a: Farigiraf|229/362|[from] item: Leftovers\n|upkeep\n|turn|20\n|\n|t:|1782894119\n|move|p2a: Misdreavus|Draining Kiss|p1a: Farigiraf\n|-damage|p1a: Farigiraf|117/362\n|-heal|p2a: Misdreavus|250/254|[from] drain|[of] p1a: Farigiraf\n|move|p1a: Farigiraf|Wish|p1a: Farigiraf\n|\n|-heal|p1a: Farigiraf|139/362|[from] item: Leftovers\n|upkeep\n|turn|21\n|\n|t:|1782894122\n|move|p2a: Misdreavus|Calm Mind|p2a: Misdreavus\n|-boost|p2a: Misdreavus|spa|1\n|-boost|p2a: Misdreavus|spd|1\n|move|p1a: Farigiraf|Psychic Noise|p2a: Misdreavus\n|-damage|p2a: Misdreavus|219/254\n|-start|p2a: Misdreavus|move: Heal Block\n|\n|-heal|p1a: Farigiraf|320/362|[from] move: Wish|[wisher] Farigiraf\n|-heal|p1a: Farigiraf|342/362|[from] item: Leftovers\n|upkeep\n|turn|22\n|\n|t:|1782894126\n|move|p2a: Misdreavus|Will-O-Wisp|p1a: Farigiraf\n|-status|p1a: Farigiraf|brn\n|move|p1a: Farigiraf|Body Slam|p2a: Misdreavus\n|-damage|p2a: Misdreavus|176/254\n|-status|p2a: Misdreavus|par\n|\n|-heal|p1a: Farigiraf|362/362 brn|[from] item: Leftovers\n|-damage|p1a: Farigiraf|340/362 brn|[from] brn\n|-end|p2a: Misdreavus|move: Heal Block\n|upkeep\n|turn|23\n|\n|t:|1782894135\n|move|p1a: Farigiraf|Wish|p1a: Farigiraf\n|move|p2a: Misdreavus|Draining Kiss|p1a: Farigiraf\n|-damage|p1a: Farigiraf|201/362 brn\n|-heal|p2a: Misdreavus|254/254 par|[from] drain|[of] p1a: Farigiraf\n|\n|-heal|p1a: Farigiraf|223/362 brn|[from] item: Leftovers\n|-damage|p1a: Farigiraf|201/362 brn|[from] brn\n|upkeep\n|turn|24\n|\n|t:|1782894139\n|move|p1a: Farigiraf|Body Slam|p2a: Misdreavus\n|-damage|p2a: Misdreavus|212/254 par\n|cant|p2a: Misdreavus|par\n|\n|-heal|p1a: Farigiraf|362/362 brn|[from] move: Wish|[wisher] Farigiraf\n|-damage|p1a: Farigiraf|340/362 brn|[from] brn\n|upkeep\n|turn|25\n|\n|t:|1782894142\n|move|p1a: Farigiraf|Body Slam|p2a: Misdreavus\n|-damage|p2a: Misdreavus|168/254 par\n|cant|p2a: Misdreavus|par\n|\n|-heal|p1a: Farigiraf|362/362 brn|[from] item: Leftovers\n|-damage|p1a: Farigiraf|340/362 brn|[from] brn\n|upkeep\n|turn|26\n|\n|t:|1782894147\n|move|p1a: Farigiraf|Body Slam|p2a: Misdreavus\n|-damage|p2a: Misdreavus|131/254 par\n|move|p2a: Misdreavus|Draining Kiss|p1a: Farigiraf\n|-damage|p1a: Farigiraf|184/362 brn\n|-heal|p2a: Misdreavus|248/254 par|[from] drain|[of] p1a: Farigiraf\n|\n|-heal|p1a: Farigiraf|206/362 brn|[from] item: Leftovers\n|-damage|p1a: Farigiraf|184/362 brn|[from] brn\n|upkeep\n|turn|27\n|-message|Axieax forfeited.\n|\n|win|jnpr010334\n|raw|Axieax's rating: 1665 &rarr; <strong>1646</strong><br />(-19 for losing)\n|raw|jnpr010334's rating: 1682 &rarr; <strong>1701</strong><br />(+19 for winning)\n", "inputlog": ">version f8ac14003a5f27e1bdc8d8c59608a773c1cb96e5\n>start {\"formatid\":\"gen9randombattle\",\"seed\":\"sodium,ef6f3621f8675c5e6c93df66cb3d41da\",\"rated\":\"Rated battle\"}\n>player p1 {\"name\":\"Axieax\",\"avatar\":\"102\",\"rating\":1665,\"seed\":\"sodium,56e399258cfd906273391f4467668009\"}\n>player p2 {\"name\":\"jnpr010334\",\"avatar\":\"265\",\"rating\":1663,\"seed\":\"sodium,a46738a501e44d974c949f66f7551363\"}\n>p1 move nastyplot terastallize\n>p2 move crunch\n>p1 move drainingkiss\n>p2 switch 4\n>p1 move shadowball\n>p2 move vacuumwave\n>p2 switch 4\n>p1 move drainingkiss\n>p2 move crunch\n>p1 switch 5\n>p1 move knockoff\n>p2 switch 3\n>p1 move knockoff\n>p2 move painsplit\n>p1 move encore\n>p2 move poltergeist\n>p1 switch 6\n>p2 move painsplit\n>p1 move toxicspikes\n>p2 move painsplit\n>p1 move toxicspikes\n>p2 move earthquake\n>p1 move gunkshot\n>p2 move earthquake\n>p1 switch 4\n>p1 move crunch\n>p2 move willowisp\n>p2 switch 3\n>p1 switch 2\n>p2 move playrough\n>p1 move stickyweb\n>p2 move playrough\n>p1 move pounce\n>p2 move playrough\n>p2 switch 6\n>p1 move knockoff\n>p2 move shadowball\n>p1 switch 2\n>p1 switch 3\n>p2 move drainingkiss terastallize\n>p1 move bodyslam\n>p2 move calmmind\n>p1 move bodyslam\n>p2 move drainingkiss\n>p1 move wish\n>p2 move drainingkiss\n>p1 move psychicnoise\n>p2 move calmmind\n>p1 move bodyslam\n>p2 move willowisp\n>p1 move wish\n>p2 move drainingkiss\n>p1 move bodyslam\n>p2 move calmmind\n>p1 move bodyslam\n>p2 move drainingkiss\n>p1 move bodyslam\n>p2 move drainingkiss\n>forcelose p1", "uploadtime": 1782894152, "views": 2, "formatid": "gen9randombattle", "rating": 1646, "private": 0, "password": null, "player_dets": [{"name": "Axieax", "avatar": "102", "rating": 1665, "seed": "sodium,56e399258cfd906273391f4467668009"}, {"name": "jnpr010334", "avatar": "265", "rating": 1663, "seed": "sodium,a46738a501e44d974c949f66f7551363"}], "teams_full": [{"Spectrier": {"name": "Spectrier", "species": "Spectrier", "speciesId": "spectrier", "gender": "N", "shiny": false, "level": 75, "moves": ["drainingkiss", "darkpulse", "nastyplot", "shadowball"], "ability": "Grim Neigh", "evs": {"hp": 85, "atk": 0, "def": 85, "spa": 85, "spd": 85, "spe": 85}, "ivs": {"hp": 31, "atk": 0, "def": 31, "spa": 31, "spd": 31, "spe": 31}, "item": "Life Orb", "teraType": "Dark", "role": "Setup Sweeper", "bvs": {"hp": 100, "atk": 65, "def": 60, "spa": 145, "spd": 80, "spe": 130}, "stats": {"hp": 274, "atk": 102, "def": 134, "spa": 261, "spd": 164, "spe": 239}, "types": ["Ghost"]}, "Kricketune": {"name": "Kricketune", "species": "Kricketune", "speciesId": "kricketune", "gender": "F", "shiny": false, "level": 99, "moves": ["taunt", "stickyweb", "knockoff", "pounce"], "ability": "Technician", "evs": {"hp": 85, "atk": 85, "def": 85, "spa": 85, "spd": 85, "spe": 85}, "ivs": {"hp": 31, "atk": 31, "def": 31, "spa": 31, "spd": 31, "spe": 31}, "item": "Heavy-Duty Boots", "teraType": "Ghost", "role": "Fast Support", "bvs": {"hp": 77, "atk": 85, "def": 51, "spa": 55, "spd": 51, "spe": 65}, "stats": {"hp": 312, "atk": 224, "def": 157, "spa": 165, "spd": 157, "spe": 185}, "types": ["Bug"]}, "Farigiraf": {"name": "Farigiraf", "species": "Farigiraf", "speciesId": "farigiraf", "gender": "M", "shiny": false, "level": 90, "moves": ["bodyslam", "psychicnoise", "protect", "wish"], "ability": "Sap Sipper", "evs": {"hp": 85, "atk": 85, "def": 85, "spa": 85, "spd": 85, "spe": 85}, "ivs": {"hp": 31, "atk": 31, "def": 31, "spa": 31, "spd": 31, "spe": 31}, "item": "Leftovers", "teraType": "Water", "role": "Bulky Support", "bvs": {"hp": 120, "atk": 90, "def": 70, "spa": 110, "spd": 70, "spe": 60}, "stats": {"hp": 362, "atk": 213, "def": 177, "spa": 249, "spd": 177, "spe": 159}, "types": ["Normal", "Psychic"]}, "Mabosstiff": {"name": "Mabosstiff", "species": "Mabosstiff", "speciesId": "mabosstiff", "gender": "M", "shiny": false, "level": 86, "moves": ["crunch", "playrough", "psychicfangs", "wildcharge"], "ability": "Stakeout", "evs": {"hp": 85, "atk": 85, "def": 85, "spa": 85, "spd": 85, "spe": 85}, "ivs": {"hp": 31, "atk": 31, "def": 31, "spa": 31, "spd": 31, "spe": 31}, "item": "Choice Scarf", "teraType": "Fairy", "role": "Bulky Attacker", "bvs": {"hp": 80, "atk": 120, "def": 90, "spa": 60, "spd": 70, "spe": 85}, "stats": {"hp": 278, "atk": 256, "def": 204, "spa": 152, "spd": 170, "spe": 195}, "types": ["Dark"]}, "Iron Valiant": {"name": "Iron Valiant", "species": "Iron Valiant", "speciesId": "ironvaliant", "gender": "N", "shiny": false, "level": 78, "moves": ["knockoff", "closecombat", "encore", "moonblast"], "ability": "Quark Drive", "evs": {"hp": 85, "atk": 85, "def": 85, "spa": 85, "spd": 85, "spe": 85}, "ivs": {"hp": 31, "atk": 31, "def": 31, "spa": 31, "spd": 31, "spe": 31}, "item": "Life Orb", "teraType": "Fairy", "role": "Wallbreaker", "bvs": {"hp": 74, "atk": 130, "def": 90, "spa": 120, "spd": 60, "spe": 116}, "stats": {"hp": 244, "atk": 248, "def": 185, "spa": 232, "spd": 139, "spe": 226}, "types": ["Fairy", "Fighting"]}, "Arbok": {"name": "Arbok", "species": "Arbok", "speciesId": "arbok", "gender": "F", "shiny": false, "level": 87, "moves": ["glare", "gunkshot", "toxicspikes", "earthquake"], "ability": "Intimidate", "evs": {"hp": 85, "atk": 85, "def": 85, "spa": 85, "spd": 85, "spe": 85}, "ivs": {"hp": 31, "atk": 31, "def": 31, "spa": 31, "spd": 31, "spe": 31}, "item": "Leftovers", "teraType": "Ground", "role": "Fast Support", "bvs": {"hp": 60, "atk": 95, "def": 69, "spa": 65, "spd": 79, "spe": 80}, "stats": {"hp": 246, "atk": 215, "def": 170, "spa": 163, "spd": 187, "spe": 189}, "types": ["Poison"]}}, {"Mabosstiff": {"name": "Mabosstiff", "species": "Mabosstiff", "speciesId": "mabosstiff", "gender": "F", "shiny": false, "level": 86, "moves": ["wildcharge", "crunch", "playrough", "psychicfangs"], "ability": "Stakeout", "evs": {"hp": 85, "atk": 85, "def": 85, "spa": 85, "spd": 85, "spe": 85}, "ivs": {"hp": 31, "atk": 31, "def": 31, "spa": 31, "spd": 31, "spe": 31}, "item": "Choice Scarf", "teraType": "Dark", "role": "Bulky Attacker", "bvs": {"hp": 80, "atk": 120, "def": 90, "spa": 60, "spd": 70, "spe": 85}, "stats": {"hp": 278, "atk": 256, "def": 204, "spa": 152, "spd": 170, "spe": 195}, "types": ["Dark"]}, "Ludicolo": {"name": "Ludicolo", "species": "Ludicolo", "speciesId": "ludicolo", "gender": "M", "shiny": false, "level": 90, "moves": ["gigadrain", "icebeam", "hydropump", "raindance"], "ability": "Swift Swim", "evs": {"hp": 85, "atk": 0, "def": 85, "spa": 85, "spd": 85, "spe": 85}, "ivs": {"hp": 31, "atk": 0, "def": 31, "spa": 31, "spd": 31, "spe": 31}, "item": "Life Orb", "teraType": "Steel", "role": "Setup Sweeper", "bvs": {"hp": 80, "atk": 70, "def": 70, "spa": 90, "spd": 100, "spe": 70}, "stats": {"hp": 290, "atk": 131, "def": 177, "spa": 213, "spd": 231, "spe": 177}, "types": ["Water", "Grass"]}, "Dusknoir": {"name": "Dusknoir", "species": "Dusknoir", "speciesId": "dusknoir", "gender": "M", "shiny": false, "level": 89, "moves": ["painsplit", "poltergeist", "willowisp", "earthquake"], "ability": "Frisk", "evs": {"hp": 85, "atk": 85, "def": 85, "spa": 85, "spd": 85, "spe": 85}, "ivs": {"hp": 31, "atk": 31, "def": 31, "spa": 31, "spd": 31, "spe": 31}, "item": "Leftovers", "teraType": "Fairy", "role": "Bulky Support", "bvs": {"hp": 45, "atk": 100, "def": 135, "spa": 65, "spd": 135, "spe": 45}, "stats": {"hp": 225, "atk": 229, "def": 291, "spa": 166, "spd": 291, "spe": 131}, "types": ["Ghost"]}, "Keldeo": {"name": "Keldeo", "species": "Keldeo-Resolute", "speciesId": "keldeoresolute", "gender": "N", "shiny": false, "level": 79, "moves": ["vacuumwave", "flipturn", "hydropump", "secretsword"], "ability": "Justified", "evs": {"hp": 85, "atk": 85, "def": 85, "spa": 85, "spd": 85, "spe": 85}, "ivs": {"hp": 31, "atk": 31, "def": 31, "spa": 31, "spd": 31, "spe": 31}, "item": "Choice Specs", "teraType": "Water", "role": "Fast Attacker", "bvs": {"hp": 91, "atk": 72, "def": 90, "spa": 129, "spd": 90, "spe": 108}, "stats": {"hp": 273, "atk": 159, "def": 188, "spa": 249, "spd": 188, "spe": 216}, "types": ["Water", "Fighting"]}, "Frosmoth": {"name": "Frosmoth", "species": "Frosmoth", "speciesId": "frosmoth", "gender": "F", "shiny": false, "level": 82, "moves": ["gigadrain", "hurricane", "quiverdance", "icebeam"], "ability": "Ice Scales", "evs": {"hp": 85, "atk": 0, "def": 85, "spa": 85, "spd": 85, "spe": 85}, "ivs": {"hp": 31, "atk": 0, "def": 31, "spa": 31, "spd": 31, "spe": 31}, "item": "Heavy-Duty Boots", "teraType": "Water", "role": "Setup Sweeper", "bvs": {"hp": 70, "atk": 65, "def": 60, "spa": 125, "spd": 90, "spe": 65}, "stats": {"hp": 249, "atk": 111, "def": 146, "spa": 252, "spd": 195, "spe": 154}, "types": ["Ice", "Bug"]}, "Misdreavus": {"name": "Misdreavus", "species": "Misdreavus", "speciesId": "misdreavus", "gender": "F", "shiny": false, "level": 90, "moves": ["shadowball", "willowisp", "drainingkiss", "calmmind"], "ability": "Levitate", "evs": {"hp": 85, "atk": 0, "def": 85, "spa": 85, "spd": 85, "spe": 85}, "ivs": {"hp": 31, "atk": 0, "def": 31, "spa": 31, "spd": 31, "spe": 31}, "item": "Eviolite", "teraType": "Fairy", "role": "Bulky Setup", "bvs": {"hp": 60, "atk": 60, "def": 60, "spa": 85, "spd": 85, "spe": 85}, "stats": {"hp": 254, "atk": 113, "def": 159, "spa": 204, "spd": 204, "spe": 204}, "types": ["Ghost"]}}]}