{"id": "gen9randombattle-2641831354", "format": "[Gen 9] Random Battle", "players": ["migswn7 no twitter", "booofle"], "log": "|j|\u2606migswn7 no twitter\n|j|\u2606booofle\n|t:|1782847171\n|gametype|singles\n|player|p1|migswn7 no twitter|266|1339\n|player|p2|booofle|169|1354\n|gen|9\n|tier|[Gen 9] Random Battle\n|rated|\n|rule|Species Clause: Limit one of each Pok\u00e9mon\n|rule|HP Percentage Mod: HP is shown in percentages\n|rule|Sleep Clause Mod: Limit one foe put to sleep\n|rule|Illusion Level Mod: Illusion disguises the Pok\u00e9mon's true level\n|\n|t:|1782847171\n|teamsize|p1|6\n|teamsize|p2|6\n|start\n|switch|p1a: Meowstic|Meowstic, L89, M|277/277\n|switch|p2a: Regieleki|Regieleki, L79|256/256\n|turn|1\n|\n|t:|1782847187\n|move|p1a: Meowstic|Yawn|p2a: Regieleki\n|-start|p2a: Regieleki|move: Yawn|[of] p1a: Meowstic\n|move|p2a: Regieleki|Volt Switch|p1a: Meowstic\n|-damage|p1a: Meowstic|177/277\n|\n|t:|1782847202\n|switch|p2a: Serperior|Serperior, L79, F|248/248|[from] Volt Switch\n|\n|-heal|p1a: Meowstic|194/277|[from] item: Leftovers\n|upkeep\n|turn|2\n|\n|t:|1782847215\n|move|p1a: Meowstic|Thunder Wave|p2a: Serperior\n|-status|p2a: Serperior|par\n|move|p2a: Serperior|Substitute|p2a: Serperior\n|-start|p2a: Serperior|Substitute\n|-damage|p2a: Serperior|186/248 par\n|\n|-heal|p1a: Meowstic|211/277|[from] item: Leftovers\n|-heal|p2a: Serperior|201/248 par|[from] item: Leftovers\n|upkeep\n|turn|3\n|\n|t:|1782847229\n|move|p1a: Meowstic|Psychic Noise|p2a: Serperior\n|-damage|p2a: Serperior|117/248 par\n|-start|p2a: Serperior|move: Heal Block\n|move|p2a: Serperior|Leech Seed|p1a: Meowstic\n|-start|p1a: Meowstic|move: Leech Seed\n|\n|-heal|p1a: Meowstic|228/277|[from] item: Leftovers\n|-damage|p1a: Meowstic|194/277|[from] Leech Seed|[of] p2a: Serperior\n|upkeep\n|turn|4\n|\n|t:|1782847242\n|move|p1a: Meowstic|Psychic Noise|p2a: Serperior\n|-damage|p2a: Serperior|32/248 par\n|move|p2a: Serperior|Dragon Pulse|p1a: Meowstic\n|-damage|p1a: Meowstic|146/277\n|\n|-heal|p1a: Meowstic|163/277|[from] item: Leftovers\n|-damage|p1a: Meowstic|129/277|[from] Leech Seed|[of] p2a: Serperior\n|-end|p2a: Serperior|move: Heal Block\n|upkeep\n|turn|5\n|\n|t:|1782847251\n|move|p1a: Meowstic|Psychic Noise|p2a: Serperior\n|-crit|p2a: Serperior\n|-damage|p2a: Serperior|0 fnt\n|faint|p2a: Serperior\n|\n|-heal|p1a: Meowstic|146/277|[from] item: Leftovers\n|upkeep\n|\n|t:|1782847262\n|switch|p2a: Lugia|Lugia, L73|275/275\n|turn|6\n|\n|t:|1782847269\n|move|p1a: Meowstic|Thunder Wave|p2a: Lugia\n|-status|p2a: Lugia|par\n|cant|p2a: Lugia|par\n|\n|-heal|p1a: Meowstic|163/277|[from] item: Leftovers\n|-damage|p1a: Meowstic|129/277|[from] Leech Seed|[of] p2a: Lugia\n|upkeep\n|turn|7\n|\n|t:|1782847281\n|switch|p1a: Electrode|Electrode, L92|260/260\n|cant|p2a: Lugia|par\n|\n|upkeep\n|turn|8\n|\n|t:|1782847291\n|move|p1a: Electrode|Taunt|p2a: Lugia\n|-start|p2a: Lugia|move: Taunt\n|cant|p2a: Lugia|move: Taunt|Calm Mind\n|\n|upkeep\n|turn|9\n|\n|t:|1782847298\n|move|p1a: Electrode|Thunderbolt|p2a: Lugia\n|-supereffective|p2a: Lugia\n|-damage|p2a: Lugia|202/275 par\n|move|p2a: Lugia|Earth Power|p1a: Electrode\n|-supereffective|p1a: Electrode\n|-damage|p1a: Electrode|162/260\n|\n|upkeep\n|turn|10\n|\n|t:|1782847309\n|move|p1a: Electrode|Thunderbolt|p2a: Lugia\n|-supereffective|p2a: Lugia\n|-damage|p2a: Lugia|44/275 par\n|move|p2a: Lugia|Earth Power|p1a: Electrode\n|-supereffective|p1a: Electrode\n|-damage|p1a: Electrode|62/260\n|\n|-end|p2a: Lugia|move: Taunt\n|upkeep\n|turn|11\n|inactive|Battle timer is ON: inactive players will automatically lose when time's up. (requested by booofle)\n|\n|t:|1782847316\n|move|p1a: Electrode|Thunderbolt|p2a: Lugia\n|-supereffective|p2a: Lugia\n|-damage|p2a: Lugia|0 fnt\n|faint|p2a: Lugia\n|\n|upkeep\n|\n|t:|1782847318\n|switch|p2a: Dedenne|Dedenne, L88, M|261/261\n|turn|12\n|\n|t:|1782847324\n|move|p1a: Electrode|Taunt|p2a: Dedenne\n|-start|p2a: Dedenne|move: Taunt\n|move|p2a: Dedenne|Dazzling Gleam|p1a: Electrode\n|-damage|p1a: Electrode|0 fnt\n|faint|p1a: Electrode\n|\n|upkeep\n|\n|t:|1782847333\n|switch|p1a: Espathra|Espathra, L80, F|283/283\n|turn|13\n|\n|t:|1782847340\n|-terastallize|p1a: Espathra|Fairy\n|move|p2a: Dedenne|Nuzzle|p1a: Espathra\n|-damage|p1a: Espathra|259/283\n|-status|p1a: Espathra|par\n|move|p1a: Espathra|Substitute|p1a: Espathra\n|-start|p1a: Espathra|Substitute\n|-damage|p1a: Espathra|189/283 par\n|\n|-heal|p1a: Espathra|206/283 par|[from] item: Leftovers\n|-ability|p1a: Espathra|Speed Boost|boost\n|-boost|p1a: Espathra|spe|1\n|upkeep\n|turn|14\n|\n|t:|1782847348\n|move|p2a: Dedenne|Thunderbolt|p1a: Espathra\n|-end|p1a: Espathra|Substitute\n|move|p1a: Espathra|Calm Mind|p1a: Espathra\n|-boost|p1a: Espathra|spa|1\n|-boost|p1a: Espathra|spd|1\n|\n|-heal|p1a: Espathra|223/283 par|[from] item: Leftovers\n|-end|p2a: Dedenne|move: Taunt\n|-ability|p1a: Espathra|Speed Boost|boost\n|-boost|p1a: Espathra|spe|1\n|upkeep\n|turn|15\n|\n|t:|1782847354\n|move|p2a: Dedenne|Super Fang|p1a: Espathra\n|-damage|p1a: Espathra|112/283 par\n|move|p1a: Espathra|Calm Mind|p1a: Espathra\n|-boost|p1a: Espathra|spa|1\n|-boost|p1a: Espathra|spd|1\n|\n|-heal|p1a: Espathra|129/283 par|[from] item: Leftovers\n|-ability|p1a: Espathra|Speed Boost|boost\n|-boost|p1a: Espathra|spe|1\n|upkeep\n|turn|16\n|\n|t:|1782847359\n|move|p1a: Espathra|Stored Power|p2a: Dedenne\n|-crit|p2a: Dedenne\n|-damage|p2a: Dedenne|0 fnt\n|faint|p2a: Dedenne\n|\n|-heal|p1a: Espathra|146/283 par|[from] item: Leftovers\n|-ability|p1a: Espathra|Speed Boost|boost\n|-boost|p1a: Espathra|spe|1\n|upkeep\n|\n|t:|1782847368\n|switch|p2a: Regieleki|Regieleki, L79|256/256\n|turn|17\n|\n|t:|1782847380\n|move|p2a: Regieleki|Thunderbolt|p1a: Espathra\n|-damage|p1a: Espathra|53/283 par\n|move|p1a: Espathra|Stored Power|p2a: Regieleki\n|-damage|p2a: Regieleki|0 fnt\n|faint|p2a: Regieleki\n|\n|-heal|p1a: Espathra|70/283 par|[from] item: Leftovers\n|-ability|p1a: Espathra|Speed Boost|boost\n|-boost|p1a: Espathra|spe|1\n|upkeep\n|\n|t:|1782847388\n|switch|p2a: Floatzel|Floatzel, L86, F|286/286\n|turn|18\n|\n|t:|1782847396\n|move|p1a: Espathra|Stored Power|p2a: Floatzel\n|-damage|p2a: Floatzel|0 fnt\n|faint|p2a: Floatzel\n|\n|-heal|p1a: Espathra|87/283 par|[from] item: Leftovers\n|-ability|p1a: Espathra|Speed Boost|boost\n|-boost|p1a: Espathra|spe|1\n|upkeep\n|\n|t:|1782847398\n|switch|p2a: Glastrier|Glastrier, L86|311/311\n|turn|19\n|-message|booofle forfeited.\n|\n|win|migswn7 no twitter\n|raw|migswn7 no twitter's rating: 1320 &rarr; <strong>1342</strong><br />(+22 for winning)\n|raw|booofle's rating: 1354 &rarr; <strong>1332</strong><br />(-22 for losing)\n|l|\u2606booofle\n|player|p2|\n", "inputlog": ">version f8ac14003a5f27e1bdc8d8c59608a773c1cb96e5\n>start {\"formatid\":\"gen9randombattle\",\"seed\":\"sodium,df5d675be8d0548e4aefc24a678f7b12\",\"rated\":\"Rated battle\"}\n>player p1 {\"name\":\"migswn7 no twitter\",\"avatar\":\"266\",\"rating\":1339,\"seed\":\"sodium,db8b86f92015a1a318a3ba7034e5c0b1\"}\n>player p2 {\"name\":\"booofle\",\"avatar\":\"169\",\"rating\":1354,\"seed\":\"sodium,0137ab44a78b21807767fe5e53c2234e\"}\n>p1 move yawn\n>p2 move voltswitch\n>p2 switch 5\n>p1 move thunderwave\n>p2 move substitute\n>p1 move psychicnoise\n>p2 move leechseed\n>p1 move psychicnoise\n>p2 move dragonpulse\n>p1 move psychicnoise\n>p2 move dragonpulse\n>p2 switch 2\n>p1 move thunderwave\n>p2 move aeroblast\n>p1 switch 3\n>p2 move calmmind\n>p1 move taunt\n>p2 move calmmind\n>p1 move thunderbolt\n>p2 move earthpower\n>p1 move thunderbolt\n>p2 move earthpower\n>p1 move thunderbolt\n>p2 move earthpower\n>p2 switch 3\n>p1 move taunt\n>p2 move dazzlinggleam\n>p1 switch 6\n>p1 move substitute terastallize\n>p2 move nuzzle\n>p1 move calmmind\n>p2 move thunderbolt\n>p1 move calmmind\n>p2 move superfang\n>p1 move storedpower\n>p2 move thunderbolt\n>p2 switch 5\n>p1 move storedpower\n>p2 move thunderbolt\n>p2 switch 4\n>p1 move storedpower\n>p2 move icespinner\n>p2 switch 6\n>forcelose p2", "uploadtime": 1782847434, "views": 17, "formatid": "gen9randombattle", "rating": 1332, "private": 0, "password": null, "player_dets": [{"name": "migswn7 no twitter", "avatar": "266", "rating": 1339, "seed": "sodium,db8b86f92015a1a318a3ba7034e5c0b1"}, {"name": "booofle", "avatar": "169", "rating": 1354, "seed": "sodium,0137ab44a78b21807767fe5e53c2234e"}], "teams_full": [{"Meowstic": {"name": "Meowstic", "species": "Meowstic", "speciesId": "meowstic", "gender": "M", "shiny": false, "level": 89, "moves": ["psychicnoise", "yawn", "thunderwave", "alluringvoice"], "ability": "Prankster", "evs": {"hp": 85, "atk": 0, "def": 85, "spa": 85, "spd": 85, "spe": 85}, "ivs": {"hp": 31, "atk": 0, "def": 31, "spa": 31, "spd": 31, "spe": 31}, "item": "Leftovers", "teraType": "Fairy", "role": "Bulky Support", "bvs": {"hp": 74, "atk": 48, "def": 76, "spa": 83, "spd": 81, "spe": 104}, "stats": {"hp": 277, "atk": 90, "def": 186, "spa": 199, "spd": 195, "spe": 236}, "types": ["Psychic"]}, "Drednaw": {"name": "Drednaw", "species": "Drednaw", "speciesId": "drednaw", "gender": "F", "shiny": false, "level": 81, "moves": ["crunch", "shellsmash", "liquidation", "stoneedge"], "ability": "Strong Jaw", "evs": {"hp": 85, "atk": 85, "def": 85, "spa": 85, "spd": 85, "spe": 85}, "ivs": {"hp": 31, "atk": 31, "def": 31, "spa": 31, "spd": 31, "spe": 31}, "item": "White Herb", "teraType": "Dark", "role": "Setup Sweeper", "bvs": {"hp": 90, "atk": 115, "def": 90, "spa": 48, "spd": 68, "spe": 74}, "stats": {"hp": 278, "atk": 233, "def": 192, "spa": 124, "spd": 157, "spe": 167}, "types": ["Water", "Rock"]}, "Electrode": {"name": "Electrode", "species": "Electrode", "speciesId": "electrode", "gender": "N", "shiny": false, "level": 92, "moves": ["voltswitch", "taunt", "thunderwave", "thunderbolt"], "ability": "Soundproof", "evs": {"hp": 85, "atk": 0, "def": 85, "spa": 85, "spd": 85, "spe": 85}, "ivs": {"hp": 31, "atk": 0, "def": 31, "spa": 31, "spd": 31, "spe": 31}, "item": "Heavy-Duty Boots", "teraType": "Electric", "role": "Fast Support", "bvs": {"hp": 60, "atk": 50, "def": 70, "spa": 80, "spd": 80, "spe": 150}, "stats": {"hp": 260, "atk": 97, "def": 181, "spa": 200, "spd": 200, "spe": 328}, "types": ["Electric"]}, "Emboar": {"name": "Emboar", "species": "Emboar", "speciesId": "emboar", "gender": "M", "shiny": false, "level": 84, "moves": ["headsmash", "flareblitz", "wildcharge", "closecombat"], "ability": "Reckless", "evs": {"hp": 85, "atk": 85, "def": 85, "spa": 85, "spd": 85, "spe": 85}, "ivs": {"hp": 31, "atk": 31, "def": 31, "spa": 31, "spd": 31, "spe": 31}, "item": "Choice Scarf", "teraType": "Fire", "role": "Fast Attacker", "bvs": {"hp": 110, "atk": 123, "def": 65, "spa": 100, "spd": 65, "spe": 65}, "stats": {"hp": 322, "atk": 255, "def": 157, "spa": 216, "spd": 157, "spe": 157}, "types": ["Fire", "Fighting"]}, "Crabominable": {"name": "Crabominable", "species": "Crabominable", "speciesId": "crabominable", "gender": "M", "shiny": false, "level": 90, "moves": ["drainpunch", "gunkshot", "icehammer", "earthquake"], "ability": "Iron Fist", "evs": {"hp": 85, "atk": 85, "def": 85, "spa": 85, "spd": 85, "spe": 85}, "ivs": {"hp": 31, "atk": 31, "def": 31, "spa": 31, "spd": 31, "spe": 31}, "item": "Choice Band", "teraType": "Fighting", "role": "Wallbreaker", "bvs": {"hp": 97, "atk": 132, "def": 77, "spa": 62, "spd": 67, "spe": 43}, "stats": {"hp": 321, "atk": 289, "def": 190, "spa": 163, "spd": 172, "spe": 129}, "types": ["Fighting", "Ice"]}, "Espathra": {"name": "Espathra", "species": "Espathra", "speciesId": "espathra", "gender": "F", "shiny": false, "level": 80, "moves": ["storedpower", "substitute", "calmmind", "dazzlinggleam"], "ability": "Speed Boost", "evs": {"hp": 85, "atk": 0, "def": 85, "spa": 85, "spd": 85, "spe": 85}, "ivs": {"hp": 31, "atk": 0, "def": 31, "spa": 31, "spd": 31, "spe": 31}, "item": "Leftovers", "teraType": "Fairy", "role": "Fast Bulky Setup", "bvs": {"hp": 95, "atk": 60, "def": 60, "spa": 101, "spd": 60, "spe": 105}, "stats": {"hp": 283, "atk": 101, "def": 142, "spa": 208, "spd": 142, "spe": 214}, "types": ["Psychic"]}}, {"Regieleki": {"name": "Regieleki", "species": "Regieleki", "speciesId": "regieleki", "gender": "N", "shiny": false, "level": 79, "moves": ["explosion", "voltswitch", "rapidspin", "thunderbolt"], "ability": "Transistor", "evs": {"hp": 85, "atk": 85, "def": 85, "spa": 85, "spd": 85, "spe": 85}, "ivs": {"hp": 31, "atk": 31, "def": 31, "spa": 31, "spd": 31, "spe": 31}, "item": "Magnet", "teraType": "Electric", "role": "Fast Support", "bvs": {"hp": 80, "atk": 100, "def": 50, "spa": 100, "spd": 50, "spe": 200}, "stats": {"hp": 256, "atk": 204, "def": 125, "spa": 204, "spd": 125, "spe": 362}, "types": ["Electric"]}, "Lugia": {"name": "Lugia", "species": "Lugia", "speciesId": "lugia", "gender": "N", "shiny": false, "level": 73, "moves": ["calmmind", "recover", "aeroblast", "earthpower"], "ability": "Multiscale", "evs": {"hp": 85, "atk": 0, "def": 85, "spa": 85, "spd": 85, "spe": 85}, "ivs": {"hp": 31, "atk": 0, "def": 31, "spa": 31, "spd": 31, "spe": 31}, "item": "Heavy-Duty Boots", "teraType": "Ground", "role": "Bulky Setup", "bvs": {"hp": 106, "atk": 90, "def": 130, "spa": 90, "spd": 154, "spe": 110}, "stats": {"hp": 275, "atk": 136, "def": 232, "spa": 174, "spd": 267, "spe": 203}, "types": ["Psychic", "Flying"]}, "Dedenne": {"name": "Dedenne", "species": "Dedenne", "speciesId": "dedenne", "gender": "M", "shiny": false, "level": 88, "moves": ["superfang", "dazzlinggleam", "nuzzle", "thunderbolt"], "ability": "Cheek Pouch", "evs": {"hp": 85, "atk": 85, "def": 85, "spa": 85, "spd": 85, "spe": 85}, "ivs": {"hp": 31, "atk": 31, "def": 31, "spa": 31, "spd": 31, "spe": 31}, "item": "Sitrus Berry", "teraType": "Flying", "role": "Fast Support", "bvs": {"hp": 67, "atk": 58, "def": 57, "spa": 81, "spd": 67, "spe": 101}, "stats": {"hp": 261, "atk": 152, "def": 151, "spa": 193, "spd": 168, "spe": 228}, "types": ["Electric", "Fairy"]}, "Floatzel": {"name": "Floatzel", "species": "Floatzel", "speciesId": "floatzel", "gender": "F", "shiny": false, "level": 86, "moves": ["icespinner", "flipturn", "wavecrash", "crunch"], "ability": "Water Veil", "evs": {"hp": 85, "atk": 85, "def": 85, "spa": 85, "spd": 85, "spe": 85}, "ivs": {"hp": 31, "atk": 31, "def": 31, "spa": 31, "spd": 31, "spe": 31}, "item": "Choice Band", "teraType": "Water", "role": "Wallbreaker", "bvs": {"hp": 85, "atk": 105, "def": 55, "spa": 85, "spd": 50, "spe": 115}, "stats": {"hp": 286, "atk": 230, "def": 144, "spa": 195, "spd": 135, "spe": 247}, "types": ["Water"]}, "Serperior": {"name": "Serperior", "species": "Serperior", "speciesId": "serperior", "gender": "F", "shiny": false, "level": 79, "moves": ["leafstorm", "dragonpulse", "substitute", "leechseed"], "ability": "Contrary", "evs": {"hp": 85, "atk": 0, "def": 85, "spa": 85, "spd": 85, "spe": 85}, "ivs": {"hp": 31, "atk": 0, "def": 31, "spa": 31, "spd": 31, "spe": 31}, "item": "Leftovers", "teraType": "Dragon", "role": "Fast Attacker", "bvs": {"hp": 75, "atk": 75, "def": 95, "spa": 75, "spd": 95, "spe": 113}, "stats": {"hp": 248, "atk": 123, "def": 196, "spa": 164, "spd": 196, "spe": 224}, "types": ["Grass"]}, "Glastrier": {"name": "Glastrier", "species": "Glastrier", "speciesId": "glastrier", "gender": "N", "shiny": false, "level": 86, "moves": ["closecombat", "highhorsepower", "heavyslam", "iciclecrash"], "ability": "Chilling Neigh", "evs": {"hp": 81, "atk": 85, "def": 85, "spa": 85, "spd": 85, "spe": 85}, "ivs": {"hp": 31, "atk": 31, "def": 31, "spa": 31, "spd": 31, "spe": 31}, "item": "Choice Band", "teraType": "Ground", "role": "Bulky Attacker", "bvs": {"hp": 100, "atk": 145, "def": 130, "spa": 65, "spd": 110, "spe": 30}, "stats": {"hp": 311, "atk": 299, "def": 273, "spa": 161, "spd": 238, "spe": 101}, "types": ["Ice"]}}]}