{"id": "gen9randombattle-2642087983", "format": "[Gen 9] Random Battle", "players": ["rocket4lyf", "AssaultLei"], "log": "|j|\u2606rocket4lyf\n|j|\u2606AssaultLei\n|t:|1782887241\n|gametype|singles\n|player|p1|rocket4lyf|101|2003\n|player|p2|AssaultLei|pokemonranger-gen4|1975\n|gen|9\n|tier|[Gen 9] Random Battle\n|rated|\n|rule|Species Clause: Limit one of each Pok\u00e9mon\n|rule|HP Percentage Mod: HP is shown in percentages\n|rule|Sleep Clause Mod: Limit one foe put to sleep\n|rule|Illusion Level Mod: Illusion disguises the Pok\u00e9mon's true level\n|\n|t:|1782887241\n|teamsize|p1|6\n|teamsize|p2|6\n|start\n|switch|p1a: Zekrom|Zekrom, L71|259/259\n|switch|p2a: Electrode|Electrode-Hisui, L87|246/246\n|-ability|p1a: Zekrom|Teravolt\n|turn|1\n|inactive|Battle timer is ON: inactive players will automatically lose when time's up. (requested by rocket4lyf)\n|\n|t:|1782887252\n|switch|p1a: Brute Bonnet|Brute Bonnet, L80|309/309\n|move|p2a: Electrode|Leech Seed|p1a: Brute Bonnet\n|-immune|p1a: Brute Bonnet\n|\n|upkeep\n|turn|2\n|\n|t:|1782887265\n|switch|p2a: Shaymin|Shaymin, L82|298/298\n|move|p1a: Brute Bonnet|Crunch|p2a: Shaymin\n|-damage|p2a: Shaymin|211/298\n|\n|-heal|p2a: Shaymin|229/298|[from] item: Leftovers\n|upkeep\n|turn|3\n|\n|t:|1782887275\n|move|p2a: Shaymin|Air Slash|p1a: Brute Bonnet\n|-supereffective|p1a: Brute Bonnet\n|-damage|p1a: Brute Bonnet|207/309\n|move|p1a: Brute Bonnet|Crunch|p2a: Shaymin\n|-damage|p2a: Shaymin|142/298\n|-unboost|p2a: Shaymin|def|1\n|\n|-heal|p2a: Shaymin|160/298|[from] item: Leftovers\n|-heal|p1a: Brute Bonnet|226/309|[from] item: Leftovers\n|upkeep\n|turn|4\n|\n|t:|1782887288\n|-end|p1a: Brute Bonnet|Protosynthesis|[silent]\n|switch|p1a: Talonflame|Talonflame, L83, F|265/265\n|move|p2a: Shaymin|Air Slash|p1a: Talonflame\n|-damage|p1a: Talonflame|204/265\n|\n|-heal|p2a: Shaymin|178/298|[from] item: Leftovers\n|upkeep\n|turn|5\n|\n|t:|1782887299\n|switch|p2a: Ursaring|Ursaring, L84, F|288/288\n|move|p1a: Talonflame|Overheat|p2a: Ursaring\n|-damage|p2a: Ursaring|209/288\n|-unboost|p1a: Talonflame|spa|2\n|\n|upkeep\n|turn|6\n|\n|t:|1782887311\n|switch|p1a: Hoopa|Hoopa, L85|275/275\n|move|p2a: Ursaring|Body Slam|p1a: Hoopa\n|-immune|p1a: Hoopa\n|\n|upkeep\n|turn|7\n|\n|t:|1782887318\n|move|p1a: Hoopa|Focus Blast|p2a: Ursaring\n|-supereffective|p2a: Ursaring\n|-crit|p2a: Ursaring\n|-damage|p2a: Ursaring|0 fnt\n|faint|p2a: Ursaring\n|-damage|p1a: Hoopa|248/275|[from] item: Life Orb\n|\n|upkeep\n|\n|t:|1782887328\n|switch|p2a: Hoopa|Hoopa, L85|275/275\n|turn|8\n|\n|t:|1782887334\n|switch|p1a: Enamorus|Enamorus-Therian, L83, F|259/259\n|move|p2a: Hoopa|Trick|p1a: Enamorus\n|-activate|p2a: Hoopa|move: Trick|[of] p1a: Enamorus\n|-item|p1a: Enamorus|Choice Scarf|[from] move: Trick\n|-item|p2a: Hoopa|Assault Vest|[from] move: Trick\n|\n|upkeep\n|turn|9\n|\n|t:|1782887350\n|move|p1a: Enamorus|Moonblast|p2a: Hoopa\n|-damage|p2a: Hoopa|212/275\n|move|p2a: Hoopa|Shadow Ball|p1a: Enamorus\n|-damage|p1a: Enamorus|142/259\n|-unboost|p1a: Enamorus|spd|1\n|\n|upkeep\n|turn|10\n|\n|t:|1782887361\n|switch|p1a: Brute Bonnet|Brute Bonnet, L80|226/309\n|move|p2a: Hoopa|Focus Blast|p1a: Brute Bonnet\n|-supereffective|p1a: Brute Bonnet\n|-damage|p1a: Brute Bonnet|0 fnt\n|faint|p1a: Brute Bonnet\n|-end|p1a: Brute Bonnet|Protosynthesis|[silent]\n|\n|upkeep\n|\n|t:|1782887367\n|switch|p1a: Gengar|Gengar, L81, M|230/230\n|turn|11\n|\n|t:|1782887371\n|move|p1a: Gengar|Shadow Ball|p2a: Hoopa\n|-supereffective|p2a: Hoopa\n|-damage|p2a: Hoopa|0 fnt\n|faint|p2a: Hoopa\n|\n|upkeep\n|\n|t:|1782887379\n|switch|p2a: Dunsparce|Dunsparce, L86, M|312/312\n|turn|12\n|\n|t:|1782887384\n|switch|p1a: Enamorus|Enamorus-Therian, L83, F|142/259\n|move|p2a: Dunsparce|Coil|p2a: Dunsparce\n|-boost|p2a: Dunsparce|atk|1\n|-boost|p2a: Dunsparce|def|1\n|-boost|p2a: Dunsparce|accuracy|1\n|\n|upkeep\n|turn|13\n|\n|t:|1782887398\n|move|p1a: Enamorus|Moonblast|p2a: Dunsparce\n|-damage|p2a: Dunsparce|206/312\n|-unboost|p2a: Dunsparce|spa|1\n|move|p2a: Dunsparce|Roost|p2a: Dunsparce\n|-heal|p2a: Dunsparce|312/312\n|-singleturn|p2a: Dunsparce|move: Roost\n|\n|upkeep\n|turn|14\n|\n|t:|1782887407\n|move|p1a: Enamorus|Moonblast|p2a: Dunsparce\n|-damage|p2a: Dunsparce|197/312\n|move|p2a: Dunsparce|Coil|p2a: Dunsparce\n|-boost|p2a: Dunsparce|atk|1\n|-boost|p2a: Dunsparce|def|1\n|-boost|p2a: Dunsparce|accuracy|1\n|\n|upkeep\n|turn|15\n|\n|t:|1782887413\n|move|p1a: Enamorus|Moonblast|p2a: Dunsparce\n|-damage|p2a: Dunsparce|92/312\n|move|p2a: Dunsparce|Roost|p2a: Dunsparce\n|-heal|p2a: Dunsparce|248/312\n|-singleturn|p2a: Dunsparce|move: Roost\n|\n|upkeep\n|turn|16\n|\n|t:|1782887419\n|switch|p1a: Talonflame|Talonflame, L83, F|204/265\n|move|p2a: Dunsparce|Roost|p2a: Dunsparce\n|-heal|p2a: Dunsparce|312/312\n|-singleturn|p2a: Dunsparce|move: Roost\n|\n|upkeep\n|turn|17\n|\n|t:|1782887426\n|move|p1a: Talonflame|Will-O-Wisp|p2a: Dunsparce\n|-status|p2a: Dunsparce|brn\n|move|p2a: Dunsparce|Body Slam|p1a: Talonflame\n|-damage|p1a: Talonflame|119/265\n|\n|-damage|p2a: Dunsparce|293/312 brn|[from] brn\n|upkeep\n|turn|18\n|\n|t:|1782887434\n|switch|p1a: Enamorus|Enamorus-Therian, L83, F|142/259\n|move|p2a: Dunsparce|Coil|p2a: Dunsparce\n|-boost|p2a: Dunsparce|atk|1\n|-boost|p2a: Dunsparce|def|1\n|-boost|p2a: Dunsparce|accuracy|1\n|\n|-damage|p2a: Dunsparce|274/312 brn|[from] brn\n|upkeep\n|turn|19\n|\n|t:|1782887442\n|move|p1a: Enamorus|Moonblast|p2a: Dunsparce\n|-damage|p2a: Dunsparce|166/312 brn\n|move|p2a: Dunsparce|Coil|p2a: Dunsparce\n|-boost|p2a: Dunsparce|atk|1\n|-boost|p2a: Dunsparce|def|1\n|-boost|p2a: Dunsparce|accuracy|1\n|\n|-damage|p2a: Dunsparce|147/312 brn|[from] brn\n|upkeep\n|turn|20\n|\n|t:|1782887449\n|move|p1a: Enamorus|Moonblast|p2a: Dunsparce\n|-damage|p2a: Dunsparce|41/312 brn\n|move|p2a: Dunsparce|Roost|p2a: Dunsparce\n|-heal|p2a: Dunsparce|197/312 brn\n|-singleturn|p2a: Dunsparce|move: Roost\n|\n|-damage|p2a: Dunsparce|178/312 brn|[from] brn\n|upkeep\n|turn|21\n|\n|t:|1782887456\n|move|p1a: Enamorus|Moonblast|p2a: Dunsparce\n|-damage|p2a: Dunsparce|79/312 brn\n|-unboost|p2a: Dunsparce|spa|1\n|move|p2a: Dunsparce|Roost|p2a: Dunsparce\n|-heal|p2a: Dunsparce|235/312 brn\n|-singleturn|p2a: Dunsparce|move: Roost\n|\n|-damage|p2a: Dunsparce|216/312 brn|[from] brn\n|upkeep\n|turn|22\n|\n|t:|1782887464\n|move|p1a: Enamorus|Moonblast|p2a: Dunsparce\n|-damage|p2a: Dunsparce|117/312 brn\n|-unboost|p2a: Dunsparce|spa|1\n|move|p2a: Dunsparce|Roost|p2a: Dunsparce\n|-heal|p2a: Dunsparce|273/312 brn\n|-singleturn|p2a: Dunsparce|move: Roost\n|\n|-damage|p2a: Dunsparce|254/312 brn|[from] brn\n|upkeep\n|turn|23\n|\n|t:|1782887473\n|move|p1a: Enamorus|Moonblast|p2a: Dunsparce\n|-damage|p2a: Dunsparce|143/312 brn\n|move|p2a: Dunsparce|Roost|p2a: Dunsparce\n|-heal|p2a: Dunsparce|299/312 brn\n|-singleturn|p2a: Dunsparce|move: Roost\n|\n|-damage|p2a: Dunsparce|280/312 brn|[from] brn\n|upkeep\n|turn|24\n|\n|t:|1782887482\n|move|p1a: Enamorus|Moonblast|p2a: Dunsparce\n|-damage|p2a: Dunsparce|183/312 brn\n|-unboost|p2a: Dunsparce|spa|1\n|move|p2a: Dunsparce|Body Slam|p1a: Enamorus\n|-damage|p1a: Enamorus|44/259\n|\n|-damage|p2a: Dunsparce|164/312 brn|[from] brn\n|upkeep\n|turn|25\n|\n|t:|1782887490\n|move|p1a: Enamorus|Moonblast|p2a: Dunsparce\n|-damage|p2a: Dunsparce|65/312 brn\n|-unboost|p2a: Dunsparce|spa|1\n|move|p2a: Dunsparce|Roost|p2a: Dunsparce\n|-heal|p2a: Dunsparce|221/312 brn\n|-singleturn|p2a: Dunsparce|move: Roost\n|\n|-damage|p2a: Dunsparce|202/312 brn|[from] brn\n|upkeep\n|turn|26\n|\n|t:|1782887499\n|move|p1a: Enamorus|Moonblast|p2a: Dunsparce\n|-damage|p2a: Dunsparce|97/312 brn\n|-unboost|p2a: Dunsparce|spa|1\n|move|p2a: Dunsparce|Body Slam|p1a: Enamorus\n|-damage|p1a: Enamorus|0 fnt\n|faint|p1a: Enamorus\n|\n|-damage|p2a: Dunsparce|78/312 brn|[from] brn\n|upkeep\n|\n|t:|1782887504\n|switch|p1a: Talonflame|Talonflame, L83, F|119/265\n|turn|27\n|\n|t:|1782887510\n|move|p1a: Talonflame|Overheat|p2a: Dunsparce\n|-crit|p2a: Dunsparce\n|-damage|p2a: Dunsparce|0 fnt\n|-unboost|p1a: Talonflame|spa|2\n|faint|p2a: Dunsparce\n|\n|upkeep\n|\n|t:|1782887520\n|switch|p2a: Electrode|Electrode-Hisui, L87|246/246\n|turn|28\n|\n|t:|1782887528\n|switch|p1a: Gengar|Gengar, L81, M|230/230\n|move|p2a: Electrode|Thunderbolt|p1a: Gengar\n|-damage|p1a: Gengar|125/230\n|\n|upkeep\n|turn|29\n|\n|t:|1782887536\n|move|p2a: Electrode|Substitute|p2a: Electrode\n|-start|p2a: Electrode|Substitute\n|-damage|p2a: Electrode|185/246\n|move|p1a: Gengar|Sludge Wave|p2a: Electrode\n|-supereffective|p2a: Electrode\n|-end|p2a: Electrode|Substitute\n|\n|-heal|p2a: Electrode|200/246|[from] item: Leftovers\n|upkeep\n|turn|30\n|\n|t:|1782887547\n|-terastallize|p2a: Electrode|Poison\n|move|p2a: Electrode|Leech Seed|p1a: Gengar\n|-start|p1a: Gengar|move: Leech Seed\n|move|p1a: Gengar|Sludge Wave|p2a: Electrode\n|-resisted|p2a: Electrode\n|-damage|p2a: Electrode|108/246\n|\n|-heal|p2a: Electrode|123/246|[from] item: Leftovers\n|-damage|p1a: Gengar|97/230|[from] Leech Seed|[of] p2a: Electrode\n|-heal|p2a: Electrode|151/246|[silent]\n|upkeep\n|turn|31\n|\n|t:|1782887560\n|switch|p1a: Hoopa|Hoopa, L85|248/275\n|move|p2a: Electrode|Thunderbolt|p1a: Hoopa\n|-damage|p1a: Hoopa|184/275\n|\n|-heal|p2a: Electrode|166/246|[from] item: Leftovers\n|upkeep\n|turn|32\n|\n|t:|1782887567\n|move|p2a: Electrode|Leech Seed|p1a: Hoopa\n|-start|p1a: Hoopa|move: Leech Seed\n|move|p1a: Hoopa|Psyshock|p2a: Electrode\n|-supereffective|p2a: Electrode\n|-damage|p2a: Electrode|0 fnt\n|faint|p2a: Electrode\n|-damage|p1a: Hoopa|157/275|[from] item: Life Orb\n|\n|upkeep\n|-message|AssaultLei forfeited.\n|\n|win|rocket4lyf\n|raw|rocket4lyf's rating: 2003 &rarr; <strong>2021</strong><br />(+18 for winning)\n|raw|AssaultLei's rating: 1975 &rarr; <strong>1957</strong><br />(-18 for losing)\n", "inputlog": ">version f8ac14003a5f27e1bdc8d8c59608a773c1cb96e5\n>start {\"formatid\":\"gen9randombattle\",\"seed\":\"sodium,7fac0f661391b9691f688b813971789d\",\"rated\":\"Rated battle\"}\n>player p1 {\"name\":\"rocket4lyf\",\"avatar\":\"101\",\"rating\":2003,\"seed\":\"sodium,f2fdaf2dd0e81b0d66d7898afcacd3ff\"}\n>player p2 {\"name\":\"AssaultLei\",\"avatar\":\"pokemonranger-gen4\",\"rating\":1975,\"seed\":\"sodium,99b900725fff5af33eb03e5d9c85355c\"}\n>p1 switch 5\n>p2 move leechseed\n>p1 move crunch\n>p2 switch 2\n>p1 move crunch\n>p2 move airslash\n>p1 switch 4\n>p2 move airslash\n>p1 move overheat\n>p2 switch 6\n>p1 switch 6\n>p2 move bodyslam\n>p1 move focusblast\n>p2 move earthquake\n>p2 switch 3\n>p1 switch 2\n>p2 move trick\n>p1 move moonblast\n>p2 move shadowball\n>p1 switch 4\n>p2 move focusblast\n>p1 switch 3\n>p1 move shadowball\n>p2 move shadowball\n>p2 switch 5\n>p1 switch 4\n>p2 move coil\n>p1 move moonblast\n>p2 move roost\n>p1 move moonblast\n>p2 move coil\n>p1 move moonblast\n>p2 move roost\n>p1 switch 6\n>p2 move roost\n>p1 move willowisp\n>p2 move bodyslam\n>p1 switch 6\n>p2 move coil\n>p1 move moonblast\n>p2 move coil\n>p1 move moonblast\n>p2 move roost\n>p1 move moonblast\n>p2 move roost\n>p1 move moonblast\n>p2 move roost\n>p1 move moonblast\n>p2 move roost\n>p1 move moonblast\n>p2 move bodyslam\n>p1 move moonblast\n>p2 move roost\n>p1 move moonblast\n>p2 move bodyslam\n>p1 switch 6\n>p1 move overheat\n>p2 move bodyslam\n>p2 switch 2\n>p1 switch 4\n>p2 move thunderbolt\n>p1 move sludgewave\n>p2 move substitute\n>p1 move sludgewave\n>p2 move leechseed terastallize\n>p1 switch 2\n>p2 move thunderbolt\n>p1 move psyshock\n>p2 move leechseed\n>forcelose p2", "uploadtime": 1782887574, "views": 3, "formatid": "gen9randombattle", "rating": 1957, "private": 0, "password": null, "player_dets": [{"name": "rocket4lyf", "avatar": "101", "rating": 2003, "seed": "sodium,f2fdaf2dd0e81b0d66d7898afcacd3ff"}, {"name": "AssaultLei", "avatar": "pokemonranger-gen4", "rating": 1975, "seed": "sodium,99b900725fff5af33eb03e5d9c85355c"}], "teams_full": [{"Zekrom": {"name": "Zekrom", "species": "Zekrom", "speciesId": "zekrom", "gender": "N", "shiny": false, "level": 71, "moves": ["boltstrike", "outrage", "substitute", "dragondance"], "ability": "Teravolt", "evs": {"hp": 85, "atk": 85, "def": 85, "spa": 85, "spd": 85, "spe": 85}, "ivs": {"hp": 31, "atk": 31, "def": 31, "spa": 31, "spd": 31, "spe": 31}, "item": "Leftovers", "teraType": "Fairy", "role": "Setup Sweeper", "bvs": {"hp": 100, "atk": 150, "def": 120, "spa": 120, "spd": 100, "spe": 90}, "stats": {"hp": 259, "atk": 254, "def": 212, "spa": 212, "spd": 183, "spe": 169}, "types": ["Dragon", "Electric"]}, "Enamorus": {"name": "Enamorus", "species": "Enamorus-Therian", "speciesId": "enamorustherian", "gender": "F", "shiny": false, "level": 83, "moves": ["moonblast", "earthpower", "superpower", "psychic"], "ability": "Overcoat", "evs": {"hp": 85, "atk": 85, "def": 85, "spa": 85, "spd": 85, "spe": 85}, "ivs": {"hp": 31, "atk": 31, "def": 31, "spa": 31, "spd": 31, "spe": 31}, "item": "Assault Vest", "teraType": "Fairy", "role": "Bulky Attacker", "bvs": {"hp": 74, "atk": 115, "def": 110, "spa": 135, "spd": 100, "spe": 46}, "stats": {"hp": 259, "atk": 239, "def": 230, "spa": 272, "spd": 214, "spe": 124}, "types": ["Fairy", "Flying"]}, "Gengar": {"name": "Gengar", "species": "Gengar", "speciesId": "gengar", "gender": "M", "shiny": false, "level": 81, "moves": ["shadowball", "focusblast", "sludgewave", "trick"], "ability": "Cursed Body", "evs": {"hp": 85, "atk": 0, "def": 85, "spa": 85, "spd": 85, "spe": 85}, "ivs": {"hp": 31, "atk": 0, "def": 31, "spa": 31, "spd": 31, "spe": 31}, "item": "Choice Specs", "teraType": "Fighting", "role": "Wallbreaker", "bvs": {"hp": 60, "atk": 65, "def": 60, "spa": 130, "spd": 75, "spe": 110}, "stats": {"hp": 230, "atk": 110, "def": 144, "spa": 257, "spd": 168, "spe": 225}, "types": ["Ghost", "Poison"]}, "Talonflame": {"name": "Talonflame", "species": "Talonflame", "speciesId": "talonflame", "gender": "F", "shiny": false, "level": 83, "moves": ["bravebird", "roost", "overheat", "willowisp"], "ability": "Flame Body", "evs": {"hp": 85, "atk": 85, "def": 85, "spa": 85, "spd": 85, "spe": 85}, "ivs": {"hp": 31, "atk": 31, "def": 31, "spa": 31, "spd": 31, "spe": 31}, "item": "Heavy-Duty Boots", "teraType": "Dragon", "role": "Bulky Attacker", "bvs": {"hp": 78, "atk": 81, "def": 71, "spa": 74, "spd": 69, "spe": 126}, "stats": {"hp": 265, "atk": 182, "def": 166, "spa": 171, "spd": 162, "spe": 257}, "types": ["Fire", "Flying"]}, "Brute Bonnet": {"name": "Brute Bonnet", "species": "Brute Bonnet", "speciesId": "brutebonnet", "gender": "N", "shiny": false, "level": 80, "moves": ["closecombat", "spore", "suckerpunch", "crunch"], "ability": "Protosynthesis", "evs": {"hp": 85, "atk": 85, "def": 85, "spa": 85, "spd": 85, "spe": 85}, "ivs": {"hp": 31, "atk": 31, "def": 31, "spa": 31, "spd": 31, "spe": 31}, "item": "Leftovers", "teraType": "Poison", "role": "Bulky Attacker", "bvs": {"hp": 111, "atk": 127, "def": 99, "spa": 79, "spd": 99, "spe": 55}, "stats": {"hp": 309, "atk": 249, "def": 205, "spa": 173, "spd": 205, "spe": 134}, "types": ["Grass", "Dark"]}, "Hoopa": {"name": "Hoopa", "species": "Hoopa", "speciesId": "hoopa", "gender": "N", "shiny": false, "level": 85, "moves": ["focusblast", "psyshock", "nastyplot", "shadowball"], "ability": "Magician", "evs": {"hp": 85, "atk": 0, "def": 85, "spa": 85, "spd": 85, "spe": 85}, "ivs": {"hp": 31, "atk": 0, "def": 31, "spa": 31, "spd": 31, "spe": 31}, "item": "Life Orb", "teraType": "Ghost", "role": "Fast Attacker", "bvs": {"hp": 80, "atk": 110, "def": 60, "spa": 150, "spd": 130, "spe": 70}, "stats": {"hp": 275, "atk": 192, "def": 151, "spa": 304, "spd": 270, "spe": 168}, "types": ["Psychic", "Ghost"]}}, {"Electrode": {"name": "Electrode", "species": "Electrode-Hisui", "speciesId": "electrodehisui", "gender": "N", "shiny": false, "level": 87, "moves": ["substitute", "gigadrain", "thunderbolt", "leechseed"], "ability": "Soundproof", "evs": {"hp": 85, "atk": 0, "def": 85, "spa": 85, "spd": 85, "spe": 85}, "ivs": {"hp": 31, "atk": 0, "def": 31, "spa": 31, "spd": 31, "spe": 31}, "item": "Leftovers", "teraType": "Poison", "role": "Fast Support", "bvs": {"hp": 60, "atk": 50, "def": 70, "spa": 80, "spd": 80, "spe": 150}, "stats": {"hp": 246, "atk": 92, "def": 172, "spa": 189, "spd": 189, "spe": 311}, "types": ["Electric", "Grass"]}, "Shaymin": {"name": "Shaymin", "species": "Shaymin", "speciesId": "shaymin", "gender": "N", "shiny": false, "level": 82, "moves": ["synthesis", "earthpower", "seedflare", "airslash"], "ability": "Natural Cure", "evs": {"hp": 85, "atk": 0, "def": 85, "spa": 85, "spd": 85, "spe": 85}, "ivs": {"hp": 31, "atk": 0, "def": 31, "spa": 31, "spd": 31, "spe": 31}, "item": "Leftovers", "teraType": "Ground", "role": "Bulky Attacker", "bvs": {"hp": 100, "atk": 100, "def": 100, "spa": 100, "spd": 100, "spe": 100}, "stats": {"hp": 298, "atk": 169, "def": 211, "spa": 211, "spd": 211, "spe": 211}, "types": ["Grass"]}, "Hoopa": {"name": "Hoopa", "species": "Hoopa", "speciesId": "hoopa", "gender": "N", "shiny": false, "level": 85, "moves": ["psychic", "shadowball", "focusblast", "trick"], "ability": "Magician", "evs": {"hp": 85, "atk": 0, "def": 85, "spa": 85, "spd": 85, "spe": 85}, "ivs": {"hp": 31, "atk": 0, "def": 31, "spa": 31, "spd": 31, "spe": 31}, "item": "Choice Scarf", "teraType": "Fighting", "role": "Fast Attacker", "bvs": {"hp": 80, "atk": 110, "def": 60, "spa": 150, "spd": 130, "spe": 70}, "stats": {"hp": 275, "atk": 192, "def": 151, "spa": 304, "spd": 270, "spe": 168}, "types": ["Psychic", "Ghost"]}, "Gholdengo": {"name": "Gholdengo", "species": "Gholdengo", "speciesId": "gholdengo", "gender": "N", "shiny": false, "level": 77, "moves": ["trick", "makeitrain", "focusblast", "shadowball"], "ability": "Good as Gold", "evs": {"hp": 85, "atk": 0, "def": 85, "spa": 85, "spd": 85, "spe": 85}, "ivs": {"hp": 31, "atk": 0, "def": 31, "spa": 31, "spd": 31, "spe": 31}, "item": "Choice Scarf", "teraType": "Ghost", "role": "Bulky Attacker", "bvs": {"hp": 87, "atk": 60, "def": 95, "spa": 133, "spd": 91, "spe": 84}, "stats": {"hp": 261, "atk": 97, "def": 191, "spa": 249, "spd": 185, "spe": 174}, "types": ["Steel", "Ghost"]}, "Dunsparce": {"name": "Dunsparce", "species": "Dunsparce", "speciesId": "dunsparce", "gender": "M", "shiny": false, "level": 86, "moves": ["bodyslam", "coil", "earthquake", "roost"], "ability": "Serene Grace", "evs": {"hp": 85, "atk": 85, "def": 85, "spa": 85, "spd": 85, "spe": 85}, "ivs": {"hp": 31, "atk": 31, "def": 31, "spa": 31, "spd": 31, "spe": 31}, "item": "Eviolite", "teraType": "Ground", "role": "Bulky Setup", "bvs": {"hp": 100, "atk": 70, "def": 70, "spa": 65, "spd": 65, "spe": 45}, "stats": {"hp": 312, "atk": 170, "def": 170, "spa": 161, "spd": 161, "spe": 127}, "types": ["Normal"]}, "Ursaring": {"name": "Ursaring", "species": "Ursaring", "speciesId": "ursaring", "gender": "F", "shiny": false, "level": 84, "moves": ["bodyslam", "sleeptalk", "rest", "earthquake"], "ability": "Guts", "evs": {"hp": 85, "atk": 85, "def": 85, "spa": 85, "spd": 85, "spe": 85}, "ivs": {"hp": 31, "atk": 31, "def": 31, "spa": 31, "spd": 31, "spe": 31}, "item": "Eviolite", "teraType": "Ground", "role": "Bulky Attacker", "bvs": {"hp": 90, "atk": 130, "def": 75, "spa": 75, "spd": 75, "spe": 55}, "stats": {"hp": 288, "atk": 267, "def": 174, "spa": 174, "spd": 174, "spe": 141}, "types": ["Normal"]}}]}