{"id": "gen9randombattle-2641436838", "format": "[Gen 9] Random Battle", "players": ["lstower", "NerfSlakingPls"], "log": "|j|\u2606lstower\n|j|\u2606NerfSlakingPls\n|t:|1782784600\n|gametype|singles\n|player|p1|lstower|2|1561\n|player|p2|NerfSlakingPls|grimsley|1637\n|gen|9\n|tier|[Gen 9] Random Battle\n|rated|\n|rule|Species Clause: Limit one of each Pok\u00e9mon\n|rule|HP Percentage Mod: HP is shown in percentages\n|rule|Sleep Clause Mod: Limit one foe put to sleep\n|rule|Illusion Level Mod: Illusion disguises the Pok\u00e9mon's true level\n|\n|t:|1782784600\n|teamsize|p1|6\n|teamsize|p2|6\n|start\n|switch|p1a: Weezing|Weezing-Galar, L86, M|252/252\n|switch|p2a: Iron Thorns|Iron Thorns, L83|302/302\n|-item|p2a: Iron Thorns|Air Balloon\n|turn|1\n|inactive|Battle timer is ON: inactive players will automatically lose when time's up. (requested by NerfSlakingPls)\n|\n|t:|1782784611\n|move|p2a: Iron Thorns|Stealth Rock|p1a: Weezing\n|-sidestart|p1: lstower|move: Stealth Rock\n|move|p1a: Weezing|Strange Steam|p2a: Iron Thorns\n|-damage|p2a: Iron Thorns|212/302\n|-enditem|p2a: Iron Thorns|Air Balloon\n|\n|upkeep\n|turn|2\n|\n|t:|1782784620\n|move|p2a: Iron Thorns|Stone Edge|p1a: Weezing\n|-damage|p1a: Weezing|143/252\n|move|p1a: Weezing|Defog|p2a: Iron Thorns\n|-unboost|p2a: Iron Thorns|evasion|1\n|-sideend|p1: lstower|Stealth Rock|[from] move: Defog|[of] p1a: Weezing\n|\n|-heal|p1a: Weezing|158/252|[from] item: Leftovers\n|upkeep\n|turn|3\n|\n|t:|1782784635\n|move|p2a: Iron Thorns|Stealth Rock|p1a: Weezing\n|-sidestart|p1: lstower|move: Stealth Rock\n|move|p1a: Weezing|Strange Steam|p2a: Iron Thorns\n|-damage|p2a: Iron Thorns|119/302\n|\n|-heal|p1a: Weezing|173/252|[from] item: Leftovers\n|upkeep\n|turn|4\n|\n|t:|1782784640\n|-end|p2a: Iron Thorns|Quark Drive|[silent]\n|switch|p2a: Typhlosion|Typhlosion-Hisui, L83, F|257/257\n|move|p1a: Weezing|Defog|p2a: Typhlosion\n|-unboost|p2a: Typhlosion|evasion|1\n|-sideend|p1: lstower|Stealth Rock|[from] move: Defog|[of] p1a: Weezing\n|\n|-heal|p1a: Weezing|188/252|[from] item: Leftovers\n|upkeep\n|turn|5\n|\n|t:|1782784652\n|move|p2a: Typhlosion|Eruption|p1a: Weezing\n|-damage|p1a: Weezing|0 fnt\n|faint|p1a: Weezing\n|\n|upkeep\n|\n|t:|1782784657\n|switch|p1a: Greninja|Greninja, L80, M|246/246\n|turn|6\n|inactive|NerfSlakingPls has 120 seconds left.\n|\n|t:|1782784687\n|switch|p2a: Latios|Latios, L78, M|253/253\n|move|p1a: Greninja|Spikes|p2a: Latios\n|-start|p1a: Greninja|typechange|Ground|[from] ability: Protean\n|-sidestart|p2: NerfSlakingPls|Spikes\n|\n|upkeep\n|turn|7\n|\n|t:|1782784694\n|move|p1a: Greninja|Ice Beam|p2a: Latios\n|-supereffective|p2a: Latios\n|-damage|p2a: Latios|97/253\n|-damage|p1a: Greninja|222/246|[from] item: Life Orb\n|move|p2a: Latios|Draco Meteor|p1a: Greninja|[miss]\n|-miss|p2a: Latios|p1a: Greninja\n|\n|upkeep\n|turn|8\n|inactive|NerfSlakingPls has 120 seconds left.\n|\n|t:|1782784731\n|move|p1a: Greninja|Ice Beam|p2a: Latios\n|-supereffective|p2a: Latios\n|-damage|p2a: Latios|0 fnt\n|faint|p2a: Latios\n|-damage|p1a: Greninja|198/246|[from] item: Life Orb\n|\n|upkeep\n|inactive|NerfSlakingPls has 90 seconds left.\n|\n|t:|1782784754\n|switch|p2a: Typhlosion|Typhlosion-Hisui, L83, F|257/257\n|-damage|p2a: Typhlosion|225/257|[from] Spikes\n|turn|9\n|inactive|NerfSlakingPls has 90 seconds left.\n|\n|t:|1782784764\n|switch|p1a: Swampert|Swampert, L83, M|302/302\n|move|p2a: Typhlosion|Eruption|p1a: Swampert\n|-resisted|p1a: Swampert\n|-damage|p1a: Swampert|221/302\n|\n|-heal|p1a: Swampert|239/302|[from] item: Leftovers\n|upkeep\n|turn|10\n|\n|t:|1782784772\n|switch|p2a: Enamorus|Enamorus, L79, F|247/247\n|move|p1a: Swampert|Knock Off|p2a: Enamorus\n|-resisted|p2a: Enamorus\n|-damage|p2a: Enamorus|202/247\n|-start|p1a: Swampert|Attract|[from] ability: Cute Charm|[of] p2a: Enamorus\n|-enditem|p2a: Enamorus|Leftovers|[from] move: Knock Off|[of] p1a: Swampert\n|\n|-heal|p1a: Swampert|257/302|[from] item: Leftovers\n|upkeep\n|turn|11\n|\n|t:|1782784792\n|move|p2a: Enamorus|Calm Mind|p2a: Enamorus\n|-boost|p2a: Enamorus|spa|1\n|-boost|p2a: Enamorus|spd|1\n|-activate|p1a: Swampert|move: Attract|[of] p2a: Enamorus\n|move|p1a: Swampert|Flip Turn|p2a: Enamorus\n|-damage|p2a: Enamorus|123/247\n|\n|t:|1782784802\n|switch|p1a: Houndstone|Houndstone, L86, M|264/264|[from] Flip Turn\n|\n|upkeep\n|turn|12\n|\n|t:|1782784808\n|move|p2a: Enamorus|Moonblast|p1a: Houndstone\n|-damage|p1a: Houndstone|162/264\n|move|p1a: Houndstone|Poltergeist||[still]\n|-fail|p1a: Houndstone\n|\n|upkeep\n|turn|13\n|\n|t:|1782784814\n|move|p2a: Enamorus|Moonblast|p1a: Houndstone\n|-crit|p1a: Houndstone\n|-damage|p1a: Houndstone|12/264\n|move|p1a: Houndstone|Play Rough|p2a: Enamorus\n|-damage|p2a: Enamorus|39/247\n|-start|p1a: Houndstone|Attract|[from] ability: Cute Charm|[of] p2a: Enamorus\n|\n|upkeep\n|turn|14\n|\n|t:|1782784821\n|-activate|p1a: Houndstone|move: Attract|[of] p2a: Enamorus\n|cant|p1a: Houndstone|Attract\n|move|p2a: Enamorus|Moonblast|p1a: Houndstone\n|-damage|p1a: Houndstone|0 fnt\n|faint|p1a: Houndstone\n|\n|upkeep\n|\n|t:|1782784826\n|switch|p1a: Greninja|Greninja, L80, M|198/246\n|turn|15\n|\n|t:|1782784836\n|move|p1a: Greninja|Ice Beam|p2a: Enamorus\n|-start|p1a: Greninja|typechange|Ice|[from] ability: Protean\n|-supereffective|p2a: Enamorus\n|-damage|p2a: Enamorus|0 fnt\n|faint|p2a: Enamorus\n|-damage|p1a: Greninja|174/246|[from] item: Life Orb\n|\n|upkeep\n|\n|t:|1782784840\n|switch|p2a: Cinccino|Cinccino, L83, F|260/260\n|-damage|p2a: Cinccino|228/260|[from] Spikes\n|turn|16\n|\n|t:|1782784852\n|switch|p1a: Dachsbun|Dachsbun, L92, F|254/254\n|move|p2a: Cinccino|Tidy Up|p2a: Cinccino\n|-sideend|p2: NerfSlakingPls|Spikes\n|-activate|p2a: Cinccino|move: Tidy Up\n|-boost|p2a: Cinccino|atk|1\n|-boost|p2a: Cinccino|spe|1\n|\n|upkeep\n|turn|17\n|\n|t:|1782784863\n|move|p2a: Cinccino|Tail Slap|p1a: Dachsbun\n|-damage|p1a: Dachsbun|208/254\n|-damage|p1a: Dachsbun|166/254\n|-damage|p1a: Dachsbun|124/254\n|-damage|p1a: Dachsbun|84/254\n|-damage|p1a: Dachsbun|42/254\n|-hitcount|p1a: Dachsbun|5\n|move|p1a: Dachsbun|Body Press|p2a: Cinccino\n|-supereffective|p2a: Cinccino\n|-damage|p2a: Cinccino|14/260\n|\n|-heal|p1a: Dachsbun|57/254|[from] item: Leftovers\n|upkeep\n|turn|18\n|\n|t:|1782784874\n|move|p2a: Cinccino|Bullet Seed|p1a: Dachsbun\n|-damage|p1a: Dachsbun|29/254\n|-damage|p1a: Dachsbun|2/254\n|-damage|p1a: Dachsbun|0 fnt\n|faint|p1a: Dachsbun\n|-hitcount|p1: Dachsbun|3\n|\n|upkeep\n|\n|t:|1782784876\n|switch|p1a: Greninja|Greninja, L80, M|174/246\n|turn|19\n|\n|t:|1782784884\n|move|p2a: Cinccino|Tail Slap|p1a: Greninja\n|-damage|p1a: Greninja|95/246\n|-damage|p1a: Greninja|19/246\n|-damage|p1a: Greninja|0 fnt\n|faint|p1a: Greninja\n|-hitcount|p1: Greninja|3\n|\n|upkeep\n|\n|t:|1782784888\n|switch|p1a: Weavile|Weavile, L79, M|240/240\n|turn|20\n|\n|t:|1782784900\n|move|p2a: Cinccino|Bullet Seed|p1a: Weavile\n|-damage|p1a: Weavile|194/240\n|-damage|p1a: Weavile|141/240\n|-damage|p1a: Weavile|93/240\n|-damage|p1a: Weavile|42/240\n|-damage|p1a: Weavile|0 fnt\n|faint|p1a: Weavile\n|-hitcount|p1: Weavile|5\n|\n|upkeep\n|-message|lstower forfeited.\n|\n|win|NerfSlakingPls\n|raw|lstower's rating: 1561 &rarr; <strong>1545</strong><br />(-16 for losing)\n|raw|NerfSlakingPls's rating: 1637 &rarr; <strong>1653</strong><br />(+16 for winning)\n|l|\u2606lstower\n|player|p1|\n", "inputlog": ">version f8ac14003a5f27e1bdc8d8c59608a773c1cb96e5\n>start {\"formatid\":\"gen9randombattle\",\"seed\":\"sodium,d80e4f581f7db50ce6d467f4502ea470\",\"rated\":\"Rated battle\"}\n>player p1 {\"name\":\"lstower\",\"avatar\":\"2\",\"rating\":1561,\"seed\":\"sodium,09368ac6e423ab6a6280c531b24acf83\"}\n>player p2 {\"name\":\"NerfSlakingPls\",\"avatar\":\"grimsley\",\"rating\":1637,\"seed\":\"sodium,81070910b4189f286939bd33309845f9\"}\n>p1 move strangesteam\n>p2 move stealthrock\n>p1 move defog\n>p2 move stoneedge\n>p1 move strangesteam\n>p2 move stealthrock\n>p1 move defog\n>p2 switch 6\n>p1 move gunkshot\n>p2 move eruption\n>p1 switch 3\n>p1 move spikes\n>p2 switch 5\n>p1 move icebeam\n>p2 move dracometeor\n>p1 move icebeam\n>p2 move dracometeor\n>p2 switch 5\n>p1 switch 5\n>p2 move eruption\n>p1 move knockoff\n>p2 switch 4\n>p1 move flipturn\n>p2 move calmmind\n>p1 switch 2\n>p1 move poltergeist\n>p2 move moonblast\n>p1 move playrough\n>p2 move moonblast\n>p1 move shadowsneak\n>p2 move moonblast\n>p1 switch 5\n>p1 move icebeam\n>p2 move moonblast\n>p2 switch 3\n>p1 switch 4\n>p2 move tidyup\n>p1 move bodypress\n>p2 move tailslap\n>p1 move bodypress\n>p2 move bulletseed\n>p1 switch 4\n>p1 move icebeam\n>p2 move tailslap\n>p1 switch 6\n>p1 move knockoff\n>p2 move bulletseed\n>forcelose p1", "uploadtime": 1782784909, "views": 4, "formatid": "gen9randombattle", "rating": 1545, "private": 0, "password": null, "player_dets": [{"name": "lstower", "avatar": "2", "rating": 1561, "seed": "sodium,09368ac6e423ab6a6280c531b24acf83"}, {"name": "NerfSlakingPls", "avatar": "grimsley", "rating": 1637, "seed": "sodium,81070910b4189f286939bd33309845f9"}], "teams_full": [{"Weezing": {"name": "Weezing", "species": "Weezing-Galar", "speciesId": "weezinggalar", "gender": "M", "shiny": false, "level": 86, "moves": ["fireblast", "strangesteam", "defog", "gunkshot"], "ability": "Levitate", "evs": {"hp": 85, "atk": 85, "def": 85, "spa": 85, "spd": 85, "spe": 85}, "ivs": {"hp": 31, "atk": 31, "def": 31, "spa": 31, "spd": 31, "spe": 31}, "item": "Leftovers", "teraType": "Steel", "role": "Bulky Support", "bvs": {"hp": 65, "atk": 90, "def": 120, "spa": 85, "spd": 70, "spe": 60}, "stats": {"hp": 252, "atk": 204, "def": 256, "spa": 195, "spd": 170, "spe": 152}, "types": ["Poison", "Fairy"]}, "Houndstone": {"name": "Houndstone", "species": "Houndstone", "speciesId": "houndstone", "gender": "M", "shiny": false, "level": 86, "moves": ["playrough", "shadowsneak", "bodypress", "poltergeist"], "ability": "Fluffy", "evs": {"hp": 85, "atk": 85, "def": 85, "spa": 85, "spd": 85, "spe": 85}, "ivs": {"hp": 31, "atk": 31, "def": 31, "spa": 31, "spd": 31, "spe": 31}, "item": "Assault Vest", "teraType": "Fighting", "role": "AV Pivot", "bvs": {"hp": 72, "atk": 101, "def": 100, "spa": 50, "spd": 97, "spe": 68}, "stats": {"hp": 264, "atk": 223, "def": 221, "spa": 135, "spd": 216, "spe": 166}, "types": ["Ghost"]}, "Greninja": {"name": "Greninja", "species": "Greninja", "speciesId": "greninja", "gender": "M", "shiny": false, "level": 80, "moves": ["icebeam", "spikes", "gunkshot", "hydropump"], "ability": "Protean", "evs": {"hp": 85, "atk": 85, "def": 85, "spa": 85, "spd": 85, "spe": 85}, "ivs": {"hp": 31, "atk": 31, "def": 31, "spa": 31, "spd": 31, "spe": 31}, "item": "Life Orb", "teraType": "Poison", "role": "Wallbreaker", "bvs": {"hp": 72, "atk": 95, "def": 67, "spa": 103, "spd": 71, "spe": 122}, "stats": {"hp": 246, "atk": 198, "def": 153, "spa": 211, "spd": 160, "spe": 241}, "types": ["Water", "Dark"]}, "Dachsbun": {"name": "Dachsbun", "species": "Dachsbun", "speciesId": "dachsbun", "gender": "F", "shiny": false, "level": 92, "moves": ["bodypress", "playrough", "protect", "wish"], "ability": "Well-Baked Body", "evs": {"hp": 85, "atk": 85, "def": 85, "spa": 85, "spd": 85, "spe": 85}, "ivs": {"hp": 31, "atk": 31, "def": 31, "spa": 31, "spd": 31, "spe": 31}, "item": "Leftovers", "teraType": "Steel", "role": "Bulky Support", "bvs": {"hp": 57, "atk": 80, "def": 115, "spa": 50, "spd": 80, "spe": 95}, "stats": {"hp": 254, "atk": 200, "def": 264, "spa": 144, "spd": 200, "spe": 227}, "types": ["Fairy"]}, "Swampert": {"name": "Swampert", "species": "Swampert", "speciesId": "swampert", "gender": "M", "shiny": false, "level": 83, "moves": ["knockoff", "flipturn", "roar", "earthquake"], "ability": "Torrent", "evs": {"hp": 85, "atk": 85, "def": 85, "spa": 85, "spd": 85, "spe": 85}, "ivs": {"hp": 31, "atk": 31, "def": 31, "spa": 31, "spd": 31, "spe": 31}, "item": "Leftovers", "teraType": "Poison", "role": "Bulky Support", "bvs": {"hp": 100, "atk": 110, "def": 90, "spa": 85, "spd": 90, "spe": 60}, "stats": {"hp": 302, "atk": 230, "def": 197, "spa": 189, "spd": 197, "spe": 147}, "types": ["Water", "Ground"]}, "Weavile": {"name": "Weavile", "species": "Weavile", "speciesId": "weavile", "gender": "M", "shiny": false, "level": 79, "moves": ["tripleaxel", "knockoff", "swordsdance", "lowkick"], "ability": "Pickpocket", "evs": {"hp": 85, "atk": 85, "def": 85, "spa": 85, "spd": 85, "spe": 85}, "ivs": {"hp": 31, "atk": 31, "def": 31, "spa": 31, "spd": 31, "spe": 31}, "item": "Heavy-Duty Boots", "teraType": "Dark", "role": "Fast Attacker", "bvs": {"hp": 70, "atk": 120, "def": 65, "spa": 45, "spd": 85, "spe": 125}, "stats": {"hp": 240, "atk": 235, "def": 148, "spa": 117, "spd": 180, "spe": 243}, "types": ["Dark", "Ice"]}}, {"Iron Thorns": {"name": "Iron Thorns", "species": "Iron Thorns", "speciesId": "ironthorns", "gender": "N", "shiny": false, "level": 83, "moves": ["stoneedge", "wildcharge", "stealthrock", "icepunch"], "ability": "Quark Drive", "evs": {"hp": 85, "atk": 85, "def": 85, "spa": 85, "spd": 85, "spe": 85}, "ivs": {"hp": 31, "atk": 31, "def": 31, "spa": 31, "spd": 31, "spe": 31}, "item": "Air Balloon", "teraType": "Flying", "role": "Fast Support", "bvs": {"hp": 100, "atk": 134, "def": 110, "spa": 70, "spd": 84, "spe": 72}, "stats": {"hp": 302, "atk": 270, "def": 230, "spa": 164, "spd": 187, "spe": 167}, "types": ["Rock", "Electric"]}, "Necrozma": {"name": "Necrozma", "species": "Necrozma", "speciesId": "necrozma", "gender": "N", "shiny": false, "level": 80, "moves": ["earthquake", "knockoff", "photongeyser", "dragondance"], "ability": "Prism Armor", "evs": {"hp": 85, "atk": 85, "def": 85, "spa": 85, "spd": 85, "spe": 85}, "ivs": {"hp": 31, "atk": 31, "def": 31, "spa": 31, "spd": 31, "spe": 31}, "item": "Weakness Policy", "teraType": "Steel", "role": "Bulky Setup", "bvs": {"hp": 97, "atk": 107, "def": 101, "spa": 127, "spd": 89, "spe": 79}, "stats": {"hp": 286, "atk": 217, "def": 208, "spa": 249, "spd": 189, "spe": 173}, "types": ["Psychic"]}, "Cinccino": {"name": "Cinccino", "species": "Cinccino", "speciesId": "cinccino", "gender": "F", "shiny": false, "level": 83, "moves": ["bulletseed", "tailslap", "tidyup", "tripleaxel"], "ability": "Technician", "evs": {"hp": 85, "atk": 85, "def": 85, "spa": 85, "spd": 85, "spe": 85}, "ivs": {"hp": 31, "atk": 31, "def": 31, "spa": 31, "spd": 31, "spe": 31}, "item": "Loaded Dice", "teraType": "Normal", "role": "Fast Attacker", "bvs": {"hp": 75, "atk": 95, "def": 60, "spa": 65, "spd": 60, "spe": 115}, "stats": {"hp": 260, "atk": 205, "def": 147, "spa": 156, "spd": 147, "spe": 239}, "types": ["Normal"]}, "Enamorus": {"name": "Enamorus", "species": "Enamorus", "speciesId": "enamorus", "gender": "F", "shiny": false, "level": 79, "moves": ["substitute", "earthpower", "calmmind", "moonblast"], "ability": "Cute Charm", "evs": {"hp": 85, "atk": 0, "def": 85, "spa": 85, "spd": 85, "spe": 85}, "ivs": {"hp": 31, "atk": 0, "def": 31, "spa": 31, "spd": 31, "spe": 31}, "item": "Leftovers", "teraType": "Ground", "role": "Fast Bulky Setup", "bvs": {"hp": 74, "atk": 115, "def": 70, "spa": 135, "spd": 80, "spe": 106}, "stats": {"hp": 247, "atk": 186, "def": 156, "spa": 259, "spd": 172, "spe": 213}, "types": ["Fairy", "Flying"]}, "Latios": {"name": "Latios", "species": "Latios", "speciesId": "latios", "gender": "M", "shiny": false, "level": 78, "moves": ["lusterpurge", "dracometeor", "flipturn", "aurasphere"], "ability": "Levitate", "evs": {"hp": 85, "atk": 85, "def": 85, "spa": 85, "spd": 85, "spe": 85}, "ivs": {"hp": 31, "atk": 31, "def": 31, "spa": 31, "spd": 31, "spe": 31}, "item": "Choice Specs", "teraType": "Dragon", "role": "Fast Attacker", "bvs": {"hp": 80, "atk": 90, "def": 80, "spa": 130, "spd": 110, "spe": 110}, "stats": {"hp": 253, "atk": 185, "def": 170, "spa": 248, "spd": 217, "spe": 217}, "types": ["Dragon", "Psychic"]}, "Typhlosion": {"name": "Typhlosion", "species": "Typhlosion-Hisui", "speciesId": "typhlosionhisui", "gender": "F", "shiny": false, "level": 83, "moves": ["shadowball", "fireblast", "focusblast", "eruption"], "ability": "Blaze", "evs": {"hp": 85, "atk": 0, "def": 85, "spa": 85, "spd": 85, "spe": 85}, "ivs": {"hp": 31, "atk": 0, "def": 31, "spa": 31, "spd": 31, "spe": 31}, "item": "Choice Scarf", "teraType": "Fire", "role": "Fast Attacker", "bvs": {"hp": 73, "atk": 84, "def": 78, "spa": 119, "spd": 85, "spe": 95}, "stats": {"hp": 257, "atk": 144, "def": 177, "spa": 245, "spd": 189, "spe": 205}, "types": ["Fire", "Ghost"]}}]}