{"id": "gen9randombattle-2642104603", "format": "[Gen 9] Random Battle", "players": ["jnpr010334", "WonderingCashew"], "log": "|j|\u2606jnpr010334\n|j|\u2606WonderingCashew\n|t:|1782890885\n|gametype|singles\n|player|p1|jnpr010334|265|1854\n|player|p2|WonderingCashew|266|1861\n|gen|9\n|tier|[Gen 9] Random Battle\n|rated|\n|rule|Species Clause: Limit one of each Pok\u00e9mon\n|rule|HP Percentage Mod: HP is shown in percentages\n|rule|Sleep Clause Mod: Limit one foe put to sleep\n|rule|Illusion Level Mod: Illusion disguises the Pok\u00e9mon's true level\n|\n|t:|1782890885\n|teamsize|p1|6\n|teamsize|p2|6\n|start\n|switch|p1a: Iron Jugulis|Iron Jugulis, L77|271/271\n|switch|p2a: Ditto|Ditto, L87|225/225\n|-transform|p2a: Ditto|p1a: Iron Jugulis|[from] ability: Imposter\n|turn|1\n|inactive|Battle timer is ON: inactive players will automatically lose when time's up. (requested by jnpr010334)\n|\n|t:|1782890891\n|move|p2a: Ditto|Hurricane|p1a: Iron Jugulis\n|-damage|p1a: Iron Jugulis|111/271\n|move|p1a: Iron Jugulis|Meteor Beam||[still]\n|-prepare|p1a: Iron Jugulis|Meteor Beam\n|-boost|p1a: Iron Jugulis|spa|1\n|-enditem|p1a: Iron Jugulis|Power Herb\n|-anim|p1a: Iron Jugulis|Meteor Beam|p2a: Ditto\n|-supereffective|p2a: Ditto\n|-damage|p2a: Ditto|0 fnt\n|faint|p2a: Ditto\n|-end|p2a: Ditto|Quark Drive|[silent]\n|\n|upkeep\n|\n|t:|1782890901\n|switch|p2a: Eternatus|Eternatus, L69|308/308\n|-ability|p2a: Eternatus|Pressure\n|turn|2\n|\n|t:|1782890907\n|-end|p1a: Iron Jugulis|Quark Drive|[silent]\n|switch|p1a: Wyrdeer|Wyrdeer, L87, M|321/321\n|-ability|p1a: Wyrdeer|Intimidate|boost\n|-unboost|p2a: Eternatus|atk|1\n|move|p2a: Eternatus|Sludge Bomb|p1a: Wyrdeer\n|-damage|p1a: Wyrdeer|231/321\n|-status|p1a: Wyrdeer|psn\n|\n|-heal|p1a: Wyrdeer|251/321 psn|[from] item: Leftovers\n|-damage|p1a: Wyrdeer|211/321 psn|[from] psn\n|upkeep\n|turn|3\n|\n|t:|1782890914\n|switch|p2a: Abomasnow|Abomasnow, L84, M|287/287\n|-weather|Snowscape|[from] ability: Snow Warning|[of] p2a: Abomasnow\n|move|p1a: Wyrdeer|Body Slam|p2a: Abomasnow\n|-damage|p2a: Abomasnow|214/287\n|\n|-weather|Snowscape|[upkeep]\n|-heal|p1a: Wyrdeer|231/321 psn|[from] item: Leftovers\n|-damage|p1a: Wyrdeer|191/321 psn|[from] psn\n|upkeep\n|turn|4\n|\n|t:|1782890918\n|move|p1a: Wyrdeer|Thunder Wave|p2a: Abomasnow\n|-status|p2a: Abomasnow|par\n|cant|p2a: Abomasnow|par\n|\n|-weather|Snowscape|[upkeep]\n|-heal|p1a: Wyrdeer|211/321 psn|[from] item: Leftovers\n|-damage|p1a: Wyrdeer|171/321 psn|[from] psn\n|upkeep\n|turn|5\n|\n|t:|1782890923\n|switch|p1a: Oricorio|Oricorio-Sensu, L85, M|266/266\n|cant|p2a: Abomasnow|par\n|\n|-weather|Snowscape|[upkeep]\n|upkeep\n|turn|6\n|\n|t:|1782890929\n|move|p1a: Oricorio|Quiver Dance|p1a: Oricorio\n|-boost|p1a: Oricorio|spa|1\n|-boost|p1a: Oricorio|spd|1\n|-boost|p1a: Oricorio|spe|1\n|move|p2a: Abomasnow|Blizzard|p1a: Oricorio\n|-supereffective|p1a: Oricorio\n|-crit|p1a: Oricorio\n|-damage|p1a: Oricorio|0 fnt\n|faint|p1a: Oricorio\n|\n|-weather|Snowscape|[upkeep]\n|upkeep\n|\n|t:|1782890930\n|switch|p1a: Excadrill|Excadrill, L79, M|303/303\n|-ability|p1a: Excadrill|Mold Breaker\n|turn|7\n|\n|t:|1782890936\n|move|p1a: Excadrill|Iron Head|p2a: Abomasnow\n|-supereffective|p2a: Abomasnow\n|-damage|p2a: Abomasnow|64/287 par\n|move|p2a: Abomasnow|Aurora Veil|p2a: Abomasnow\n|-sidestart|p2: WonderingCashew|move: Aurora Veil\n|\n|-weather|none\n|upkeep\n|turn|8\n|\n|t:|1782890940\n|move|p1a: Excadrill|Iron Head|p2a: Abomasnow\n|-supereffective|p2a: Abomasnow\n|-damage|p2a: Abomasnow|0 fnt\n|faint|p2a: Abomasnow\n|\n|upkeep\n|\n|t:|1782890944\n|switch|p2a: Malamar|Malamar, L82, M|275/275\n|turn|9\n|\n|t:|1782890946\n|switch|p1a: Iron Jugulis|Iron Jugulis, L77|111/271\n|move|p2a: Malamar|Superpower|p1a: Iron Jugulis\n|-damage|p1a: Iron Jugulis|27/271\n|-boost|p2a: Malamar|atk|1\n|-boost|p2a: Malamar|def|1\n|\n|upkeep\n|turn|10\n|\n|t:|1782890949\n|move|p1a: Iron Jugulis|Hurricane|p2a: Malamar\n|-damage|p2a: Malamar|209/275\n|move|p2a: Malamar|Superpower|p1a: Iron Jugulis\n|-damage|p1a: Iron Jugulis|0 fnt\n|-boost|p2a: Malamar|atk|1\n|-boost|p2a: Malamar|def|1\n|faint|p1a: Iron Jugulis\n|-end|p1a: Iron Jugulis|Quark Drive|[silent]\n|\n|upkeep\n|\n|t:|1782890951\n|switch|p1a: Wyrdeer|Wyrdeer, L87, M|171/321 psn\n|-ability|p1a: Wyrdeer|Intimidate|boost\n|-boost|p2a: Malamar|atk|1\n|turn|11\n|\n|t:|1782890954\n|move|p2a: Malamar|Knock Off|p1a: Wyrdeer\n|-supereffective|p1a: Wyrdeer\n|-damage|p1a: Wyrdeer|0 fnt\n|-enditem|p1a: Wyrdeer|Leftovers|[from] move: Knock Off|[of] p2a: Malamar\n|faint|p1a: Wyrdeer\n|\n|upkeep\n|\n|t:|1782890956\n|switch|p1a: Tsareena|Tsareena, L87, F|267/267\n|turn|12\n|\n|t:|1782890959\n|move|p1a: Tsareena|U-turn|p2a: Malamar\n|-supereffective|p2a: Malamar\n|-damage|p2a: Malamar|149/275\n|\n|t:|1782890961\n|switch|p1a: Spiritomb|Spiritomb, L89, F|234/234|[from] U-turn\n|move|p2a: Malamar|Superpower|p1a: Spiritomb\n|-immune|p1a: Spiritomb\n|\n|upkeep\n|turn|13\n|\n|t:|1782890964\n|-terastallize|p1a: Spiritomb|Poison\n|move|p2a: Malamar|Knock Off|p1a: Spiritomb\n|-damage|p1a: Spiritomb|51/234\n|-enditem|p1a: Spiritomb|Leftovers|[from] move: Knock Off|[of] p2a: Malamar\n|move|p1a: Spiritomb|Toxic|p2a: Malamar\n|-status|p2a: Malamar|tox\n|\n|-damage|p2a: Malamar|132/275 tox|[from] psn\n|upkeep\n|turn|14\n|\n|t:|1782890967\n|move|p1a: Spiritomb|Sucker Punch||[still]\n|-fail|p1a: Spiritomb\n|move|p2a: Malamar|Rest|p2a: Malamar\n|-status|p2a: Malamar|slp|[from] move: Rest\n|-heal|p2a: Malamar|275/275 slp|[silent]\n|-enditem|p2a: Malamar|Chesto Berry|[eat]\n|-curestatus|p2a: Malamar|slp|[msg]\n|\n|-sideend|p2: WonderingCashew|move: Aurora Veil\n|upkeep\n|turn|15\n|\n|t:|1782890970\n|move|p2a: Malamar|Psycho Cut|p1a: Spiritomb\n|-supereffective|p1a: Spiritomb\n|-damage|p1a: Spiritomb|0 fnt\n|faint|p1a: Spiritomb\n|\n|upkeep\n|\n|t:|1782890971\n|switch|p1a: Tsareena|Tsareena, L87, F|267/267\n|turn|16\n|\n|t:|1782890974\n|-terastallize|p2a: Malamar|Fighting\n|move|p1a: Tsareena|U-turn|p2a: Malamar\n|-resisted|p2a: Malamar\n|-damage|p2a: Malamar|258/275\n|\n|t:|1782890977\n|switch|p1a: Excadrill|Excadrill, L79, M|303/303|[from] U-turn\n|-ability|p1a: Excadrill|Mold Breaker\n|move|p2a: Malamar|Superpower|p1a: Excadrill\n|-supereffective|p1a: Excadrill\n|-damage|p1a: Excadrill|0 fnt\n|-boost|p2a: Malamar|atk|1\n|-boost|p2a: Malamar|def|1\n|faint|p1a: Excadrill\n|\n|upkeep\n|\n|t:|1782890979\n|switch|p1a: Tsareena|Tsareena, L87, F|267/267\n|turn|17\n|\n|t:|1782890982\n|move|p1a: Tsareena|Power Whip|p2a: Malamar\n|-damage|p2a: Malamar|191/275\n|move|p2a: Malamar|Superpower|p1a: Tsareena\n|-damage|p1a: Tsareena|0 fnt\n|-boost|p2a: Malamar|atk|1\n|-boost|p2a: Malamar|def|1\n|faint|p1a: Tsareena\n|\n|win|WonderingCashew\n|raw|jnpr010334's rating: 1809 &rarr; <strong>1792</strong><br />(-17 for losing)\n|raw|WonderingCashew's rating: 1861 &rarr; <strong>1878</strong><br />(+17 for winning)\n", "inputlog": ">version f8ac14003a5f27e1bdc8d8c59608a773c1cb96e5\n>start {\"formatid\":\"gen9randombattle\",\"seed\":\"sodium,b1785bc1b613f1bf776feb8efb1f8153\",\"rated\":\"Rated battle\"}\n>player p1 {\"name\":\"jnpr010334\",\"avatar\":\"265\",\"rating\":1854,\"seed\":\"sodium,38b0fb67155759b2c8f74790642ab7b6\"}\n>player p2 {\"name\":\"WonderingCashew\",\"avatar\":\"266\",\"rating\":1861,\"seed\":\"sodium,bb2e909526e3288eb49673ffa5c24b3f\"}\n>p1 move meteorbeam\n>p2 move hurricane\n>p2 switch 2\n>p1 switch 2\n>p2 move sludgebomb\n>p1 move bodyslam\n>p2 switch 6\n>p1 move thunderwave\n>p2 move auroraveil\n>p1 switch 3\n>p2 move auroraveil\n>p1 move quiverdance\n>p2 move blizzard\n>p1 switch 4\n>p1 move ironhead\n>p2 move auroraveil\n>p1 move ironhead\n>p2 move earthquake\n>p2 switch 3\n>p1 switch 2\n>p2 move superpower\n>p1 move hurricane\n>p2 move superpower\n>p1 switch 3\n>p1 move thunderwave\n>p2 move knockoff\n>p1 switch 5\n>p1 move uturn\n>p2 move superpower\n>p1 switch 6\n>p1 move toxic terastallize\n>p2 move knockoff\n>p1 move suckerpunch\n>p2 move rest\n>p1 move foulplay\n>p2 move psychocut\n>p1 switch 6\n>p1 move uturn\n>p2 move superpower terastallize\n>p1 switch 2\n>p1 switch 2\n>p1 move powerwhip\n>p2 move superpower", "uploadtime": 1782890983, "views": 3, "formatid": "gen9randombattle", "rating": 1792, "private": 0, "password": null, "player_dets": [{"name": "jnpr010334", "avatar": "265", "rating": 1854, "seed": "sodium,38b0fb67155759b2c8f74790642ab7b6"}, {"name": "WonderingCashew", "avatar": "266", "rating": 1861, "seed": "sodium,bb2e909526e3288eb49673ffa5c24b3f"}], "teams_full": [{"Iron Jugulis": {"name": "Iron Jugulis", "species": "Iron Jugulis", "speciesId": "ironjugulis", "gender": "N", "shiny": false, "level": 77, "moves": ["meteorbeam", "earthpower", "hurricane", "darkpulse"], "ability": "Quark Drive", "evs": {"hp": 85, "atk": 0, "def": 85, "spa": 85, "spd": 85, "spe": 85}, "ivs": {"hp": 31, "atk": 0, "def": 31, "spa": 31, "spd": 31, "spe": 31}, "item": "Power Herb", "teraType": "Dark", "role": "Setup Sweeper", "bvs": {"hp": 94, "atk": 80, "def": 86, "spa": 122, "spd": 80, "spe": 108}, "stats": {"hp": 271, "atk": 128, "def": 177, "spa": 232, "spd": 168, "spe": 211}, "types": ["Dark", "Flying"]}, "Wyrdeer": {"name": "Wyrdeer", "species": "Wyrdeer", "speciesId": "wyrdeer", "gender": "M", "shiny": false, "level": 87, "moves": ["bodyslam", "psychicnoise", "thunderwave", "earthquake"], "ability": "Intimidate", "evs": {"hp": 85, "atk": 85, "def": 85, "spa": 85, "spd": 85, "spe": 85}, "ivs": {"hp": 31, "atk": 31, "def": 31, "spa": 31, "spd": 31, "spe": 31}, "item": "Leftovers", "teraType": "Ground", "role": "Bulky Attacker", "bvs": {"hp": 103, "atk": 105, "def": 72, "spa": 105, "spd": 75, "spe": 65}, "stats": {"hp": 321, "atk": 232, "def": 175, "spa": 232, "spd": 180, "spe": 163}, "types": ["Normal", "Psychic"]}, "Oricorio": {"name": "Oricorio", "species": "Oricorio-Sensu", "speciesId": "oricoriosensu", "gender": "M", "shiny": false, "level": 85, "moves": ["quiverdance", "revelationdance", "roost", "hurricane"], "ability": "Dancer", "evs": {"hp": 85, "atk": 0, "def": 85, "spa": 85, "spd": 85, "spe": 85}, "ivs": {"hp": 31, "atk": 0, "def": 31, "spa": 31, "spd": 31, "spe": 31}, "item": "Heavy-Duty Boots", "teraType": "Fighting", "role": "Setup Sweeper", "bvs": {"hp": 75, "atk": 70, "def": 70, "spa": 98, "spd": 70, "spe": 93}, "stats": {"hp": 266, "atk": 124, "def": 168, "spa": 215, "spd": 168, "spe": 207}, "types": ["Ghost", "Flying"]}, "Excadrill": {"name": "Excadrill", "species": "Excadrill", "speciesId": "excadrill", "gender": "M", "shiny": false, "level": 79, "moves": ["earthquake", "rapidspin", "rockslide", "ironhead"], "ability": "Mold Breaker", "evs": {"hp": 85, "atk": 85, "def": 85, "spa": 85, "spd": 85, "spe": 85}, "ivs": {"hp": 31, "atk": 31, "def": 31, "spa": 31, "spd": 31, "spe": 31}, "item": "Assault Vest", "teraType": "Water", "role": "AV Pivot", "bvs": {"hp": 110, "atk": 135, "def": 60, "spa": 50, "spd": 65, "spe": 88}, "stats": {"hp": 303, "atk": 259, "def": 140, "spa": 125, "spd": 148, "spe": 185}, "types": ["Ground", "Steel"]}, "Tsareena": {"name": "Tsareena", "species": "Tsareena", "speciesId": "tsareena", "gender": "F", "shiny": false, "level": 87, "moves": ["synthesis", "powerwhip", "highjumpkick", "uturn"], "ability": "Queenly Majesty", "evs": {"hp": 85, "atk": 85, "def": 85, "spa": 85, "spd": 85, "spe": 85}, "ivs": {"hp": 31, "atk": 31, "def": 31, "spa": 31, "spd": 31, "spe": 31}, "item": "Heavy-Duty Boots", "teraType": "Steel", "role": "Fast Support", "bvs": {"hp": 72, "atk": 120, "def": 98, "spa": 50, "spd": 98, "spe": 72}, "stats": {"hp": 267, "atk": 259, "def": 220, "spa": 137, "spd": 220, "spe": 175}, "types": ["Grass"]}, "Spiritomb": {"name": "Spiritomb", "species": "Spiritomb", "speciesId": "spiritomb", "gender": "F", "shiny": false, "level": 89, "moves": ["foulplay", "suckerpunch", "toxic", "poltergeist"], "ability": "Infiltrator", "evs": {"hp": 85, "atk": 85, "def": 85, "spa": 85, "spd": 85, "spe": 85}, "ivs": {"hp": 31, "atk": 31, "def": 31, "spa": 31, "spd": 31, "spe": 31}, "item": "Leftovers", "teraType": "Poison", "role": "Bulky Support", "bvs": {"hp": 50, "atk": 92, "def": 108, "spa": 92, "spd": 108, "spe": 35}, "stats": {"hp": 234, "atk": 215, "def": 243, "spa": 215, "spd": 243, "spe": 113}, "types": ["Ghost", "Dark"]}}, {"Ditto": {"name": "Ditto", "species": "Ditto", "speciesId": "ditto", "gender": "N", "shiny": false, "level": 87, "moves": ["transform"], "ability": "Imposter", "evs": {"hp": 85, "atk": 85, "def": 85, "spa": 85, "spd": 85, "spe": 85}, "ivs": {"hp": 31, "atk": 31, "def": 31, "spa": 31, "spd": 31, "spe": 31}, "item": "Choice Scarf", "teraType": "Ghost", "role": "Fast Support", "bvs": {"hp": 48, "atk": 48, "def": 48, "spa": 48, "spd": 48, "spe": 48}, "stats": {"hp": 225, "atk": 133, "def": 133, "spa": 133, "spd": 133, "spe": 133}, "types": ["Normal"]}, "Eternatus": {"name": "Eternatus", "species": "Eternatus", "speciesId": "eternatus", "gender": "N", "shiny": false, "level": 69, "moves": ["recover", "dynamaxcannon", "fireblast", "sludgebomb"], "ability": "Pressure", "evs": {"hp": 85, "atk": 0, "def": 85, "spa": 85, "spd": 85, "spe": 85}, "ivs": {"hp": 31, "atk": 0, "def": 31, "spa": 31, "spd": 31, "spe": 31}, "item": "Leftovers", "teraType": "Fire", "role": "Bulky Attacker", "bvs": {"hp": 140, "atk": 85, "def": 95, "spa": 145, "spd": 95, "spe": 130}, "stats": {"hp": 308, "atk": 122, "def": 171, "spa": 240, "spd": 171, "spe": 220}, "types": ["Poison", "Dragon"]}, "Malamar": {"name": "Malamar", "species": "Malamar", "speciesId": "malamar", "gender": "M", "shiny": false, "level": 82, "moves": ["knockoff", "superpower", "rest", "psychocut"], "ability": "Contrary", "evs": {"hp": 85, "atk": 85, "def": 85, "spa": 85, "spd": 85, "spe": 85}, "ivs": {"hp": 31, "atk": 31, "def": 31, "spa": 31, "spd": 31, "spe": 31}, "item": "Chesto Berry", "teraType": "Fighting", "role": "Fast Bulky Setup", "bvs": {"hp": 86, "atk": 92, "def": 88, "spa": 68, "spd": 75, "spe": 73}, "stats": {"hp": 275, "atk": 198, "def": 191, "spa": 159, "spd": 170, "spe": 167}, "types": ["Dark", "Psychic"]}, "Pelipper": {"name": "Pelipper", "species": "Pelipper", "speciesId": "pelipper", "gender": "F", "shiny": false, "level": 86, "moves": ["uturn", "hurricane", "roost", "surf"], "ability": "Drizzle", "evs": {"hp": 85, "atk": 85, "def": 85, "spa": 85, "spd": 85, "spe": 85}, "ivs": {"hp": 31, "atk": 31, "def": 31, "spa": 31, "spd": 31, "spe": 31}, "item": "Heavy-Duty Boots", "teraType": "Water", "role": "Bulky Attacker", "bvs": {"hp": 60, "atk": 50, "def": 100, "spa": 95, "spd": 70, "spe": 65}, "stats": {"hp": 243, "atk": 135, "def": 221, "spa": 213, "spd": 170, "spe": 161}, "types": ["Water", "Flying"]}, "Meganium": {"name": "Meganium", "species": "Meganium", "speciesId": "meganium", "gender": "F", "shiny": false, "level": 90, "moves": ["petalblizzard", "knockoff", "earthquake", "swordsdance"], "ability": "Overgrow", "evs": {"hp": 85, "atk": 85, "def": 85, "spa": 85, "spd": 85, "spe": 85}, "ivs": {"hp": 31, "atk": 31, "def": 31, "spa": 31, "spd": 31, "spe": 31}, "item": "Leftovers", "teraType": "Steel", "role": "Bulky Setup", "bvs": {"hp": 80, "atk": 82, "def": 100, "spa": 83, "spd": 100, "spe": 80}, "stats": {"hp": 290, "atk": 199, "def": 231, "spa": 201, "spd": 231, "spe": 195}, "types": ["Grass"]}, "Abomasnow": {"name": "Abomasnow", "species": "Abomasnow", "speciesId": "abomasnow", "gender": "M", "shiny": false, "level": 84, "moves": ["earthquake", "iceshard", "blizzard", "auroraveil"], "ability": "Snow Warning", "evs": {"hp": 77, "atk": 85, "def": 85, "spa": 85, "spd": 85, "spe": 85}, "ivs": {"hp": 31, "atk": 31, "def": 31, "spa": 31, "spd": 31, "spe": 31}, "item": "Light Clay", "teraType": "Water", "role": "Bulky Support", "bvs": {"hp": 90, "atk": 92, "def": 75, "spa": 92, "spd": 85, "spe": 60}, "stats": {"hp": 287, "atk": 203, "def": 174, "spa": 203, "spd": 191, "spe": 149}, "types": ["Grass", "Ice"]}}]}