{"id": "gen9randombattle-2641951898", "format": "[Gen 9] Random Battle", "players": ["8.65 FM", "ScorchingSethi"], "log": "|j|\u26068.65 FM\n|j|\u2606ScorchingSethi\n|t:|1782863826\n|gametype|singles\n|player|p1|8.65 FM|linebacker|1982\n|player|p2|ScorchingSethi|265|2011\n|gen|9\n|tier|[Gen 9] Random Battle\n|rated|\n|rule|Species Clause: Limit one of each Pok\u00e9mon\n|rule|HP Percentage Mod: HP is shown in percentages\n|rule|Sleep Clause Mod: Limit one foe put to sleep\n|rule|Illusion Level Mod: Illusion disguises the Pok\u00e9mon's true level\n|\n|t:|1782863826\n|teamsize|p1|6\n|teamsize|p2|6\n|start\n|switch|p1a: Salamence|Salamence, L77, M|273/273\n|switch|p2a: Tatsugiri|Tatsugiri, L87, F|260/260\n|turn|1\n|\n|t:|1782863836\n|move|p1a: Salamence|Outrage|p2a: Tatsugiri\n|-supereffective|p2a: Tatsugiri\n|-damage|p2a: Tatsugiri|0 fnt\n|faint|p2a: Tatsugiri\n|-ability|p1a: Salamence|Moxie|boost\n|-boost|p1a: Salamence|atk|1\n|\n|upkeep\n|inactive|Battle timer is ON: inactive players will automatically lose when time's up. (requested by 8.65 FM)\n|\n|t:|1782863855\n|switch|p2a: Toxicroak|Toxicroak, L84, F|277/277\n|turn|2\n|\n|t:|1782863857\n|move|p2a: Toxicroak|Gunk Shot|p1a: Salamence\n|-damage|p1a: Salamence|123/273\n|move|p1a: Salamence|Outrage|p2a: Toxicroak|[from] lockedmove\n|-damage|p2a: Toxicroak|21/277\n|\n|upkeep\n|turn|3\n|\n|t:|1782863861\n|move|p2a: Toxicroak|Gunk Shot|p1a: Salamence\n|-damage|p1a: Salamence|0 fnt\n|faint|p1a: Salamence\n|\n|upkeep\n|\n|t:|1782863876\n|switch|p1a: Sableye|Sableye, L88, M|231/231\n|turn|4\n|\n|t:|1782863880\n|move|p2a: Toxicroak|Gunk Shot|p1a: Sableye\n|-resisted|p1a: Sableye\n|-damage|p1a: Sableye|155/231\n|move|p1a: Sableye|Knock Off|p2a: Toxicroak\n|-resisted|p2a: Toxicroak\n|-damage|p2a: Toxicroak|0 fnt\n|-enditem|p2a: Toxicroak|Choice Scarf|[from] move: Knock Off|[of] p1a: Sableye\n|faint|p2a: Toxicroak\n|\n|-heal|p1a: Sableye|169/231|[from] item: Leftovers\n|upkeep\n|\n|t:|1782863884\n|switch|p2a: Garchomp|Garchomp, L74, F|282/282\n|turn|5\n|\n|t:|1782863888\n|move|p2a: Garchomp|Stealth Rock|p1a: Sableye\n|-sidestart|p1: 8.65 FM|move: Stealth Rock\n|move|p1a: Sableye|Knock Off|p2a: Garchomp\n|-damage|p2a: Garchomp|180/282\n|-damage|p1a: Sableye|141/231|[from] ability: Rough Skin|[of] p2a: Garchomp\n|-damage|p1a: Sableye|103/231|[from] item: Rocky Helmet|[of] p2a: Garchomp\n|-enditem|p2a: Garchomp|Rocky Helmet|[from] move: Knock Off|[of] p1a: Sableye\n|\n|-heal|p1a: Sableye|117/231|[from] item: Leftovers\n|upkeep\n|turn|6\n|\n|t:|1782863892\n|switch|p2a: Suicune|Suicune, L82|298/298\n|-ability|p2a: Suicune|Pressure\n|move|p1a: Sableye|Encore||[still]\n|-fail|p1a: Sableye\n|\n|-heal|p1a: Sableye|131/231|[from] item: Leftovers\n|upkeep\n|turn|7\n|\n|t:|1782863894\n|switch|p2a: Garchomp|Garchomp, L74, F|180/282\n|move|p1a: Sableye|Thunder Wave|p2a: Garchomp\n|-immune|p2a: Garchomp\n|\n|-heal|p1a: Sableye|145/231|[from] item: Leftovers\n|upkeep\n|turn|8\n|\n|t:|1782863900\n|switch|p1a: Cryogonal|Cryogonal, L89|287/287\n|move|p2a: Garchomp|Earthquake|p1a: Cryogonal\n|-immune|p1a: Cryogonal|[from] ability: Levitate\n|\n|upkeep\n|turn|9\n|\n|t:|1782863903\n|switch|p2a: Gengar|Gengar, L81, M|230/230\n|move|p1a: Cryogonal|Ice Beam|p2a: Gengar\n|-damage|p2a: Gengar|112/230\n|-status|p2a: Gengar|frz\n|-start|p1a: Cryogonal|Disable|Ice Beam|[from] ability: Cursed Body|[of] p2a: Gengar\n|\n|upkeep\n|turn|10\n|\n|t:|1782863913\n|switch|p1a: Torkoal|Torkoal, L88, F|266/266\n|-weather|SunnyDay|[from] ability: Drought|[of] p1a: Torkoal\n|cant|p2a: Gengar|frz\n|\n|-weather|SunnyDay|[upkeep]\n|upkeep\n|turn|11\n|\n|t:|1782863916\n|cant|p2a: Gengar|frz\n|move|p1a: Torkoal|Lava Plume|p2a: Gengar\n|-damage|p2a: Gengar|0 fnt\n|faint|p2a: Gengar\n|\n|-weather|SunnyDay|[upkeep]\n|upkeep\n|\n|t:|1782863921\n|switch|p2a: Garchomp|Garchomp, L74, F|180/282\n|turn|12\n|\n|t:|1782863925\n|move|p1a: Torkoal|Yawn|p2a: Garchomp\n|-start|p2a: Garchomp|move: Yawn|[of] p1a: Torkoal\n|move|p2a: Garchomp|Dragon Tail|p1a: Torkoal|[miss]\n|-miss|p2a: Garchomp|p1a: Torkoal\n|\n|-weather|SunnyDay|[upkeep]\n|upkeep\n|turn|13\n|\n|t:|1782863929\n|switch|p2a: Suicune|Suicune, L82|298/298\n|-ability|p2a: Suicune|Pressure\n|move|p1a: Torkoal|Solar Beam||[still]\n|-prepare|p1a: Torkoal|Solar Beam\n|-anim|p1a: Torkoal|Solar Beam|p2a: Suicune\n|-supereffective|p2a: Suicune\n|-damage|p2a: Suicune|162/298\n|\n|-weather|SunnyDay|[upkeep]\n|-heal|p2a: Suicune|180/298|[from] item: Leftovers\n|upkeep\n|turn|14\n|\n|t:|1782863932\n|move|p2a: Suicune|Calm Mind|p2a: Suicune\n|-boost|p2a: Suicune|spa|1\n|-boost|p2a: Suicune|spd|1\n|move|p1a: Torkoal|Solar Beam||[still]\n|-prepare|p1a: Torkoal|Solar Beam\n|-anim|p1a: Torkoal|Solar Beam|p2a: Suicune\n|-supereffective|p2a: Suicune\n|-damage|p2a: Suicune|86/298\n|\n|-weather|none\n|-heal|p2a: Suicune|104/298|[from] item: Leftovers\n|upkeep\n|turn|15\n|\n|t:|1782863936\n|switch|p1a: Sableye|Sableye, L88, M|145/231\n|-damage|p1a: Sableye|117/231|[from] Stealth Rock\n|move|p2a: Suicune|Scald|p1a: Sableye\n|-damage|p1a: Sableye|0 fnt\n|faint|p1a: Sableye\n|\n|-heal|p2a: Suicune|122/298|[from] item: Leftovers\n|upkeep\n|\n|t:|1782863945\n|switch|p1a: Torkoal|Torkoal, L88, F|266/266\n|-weather|SunnyDay|[from] ability: Drought|[of] p1a: Torkoal\n|turn|16\n|\n|t:|1782863947\n|move|p2a: Suicune|Scald|p1a: Torkoal\n|-supereffective|p1a: Torkoal\n|-damage|p1a: Torkoal|132/266\n|move|p1a: Torkoal|Solar Beam||[still]\n|-prepare|p1a: Torkoal|Solar Beam\n|-anim|p1a: Torkoal|Solar Beam|p2a: Suicune\n|-supereffective|p2a: Suicune\n|-damage|p2a: Suicune|30/298\n|\n|-weather|SunnyDay|[upkeep]\n|-heal|p2a: Suicune|48/298|[from] item: Leftovers\n|upkeep\n|turn|17\n|\n|t:|1782863949\n|move|p2a: Suicune|Scald|p1a: Torkoal\n|-supereffective|p1a: Torkoal\n|-damage|p1a: Torkoal|4/266\n|move|p1a: Torkoal|Solar Beam||[still]\n|-prepare|p1a: Torkoal|Solar Beam\n|-anim|p1a: Torkoal|Solar Beam|p2a: Suicune\n|-supereffective|p2a: Suicune\n|-damage|p2a: Suicune|0 fnt\n|faint|p2a: Suicune\n|\n|-weather|SunnyDay|[upkeep]\n|upkeep\n|\n|t:|1782863954\n|switch|p2a: Gallade|Gallade, L80, M|240/240\n|turn|18\n|\n|t:|1782863956\n|move|p2a: Gallade|Sacred Sword|p1a: Torkoal\n|-damage|p1a: Torkoal|0 fnt\n|faint|p1a: Torkoal\n|\n|-weather|SunnyDay|[upkeep]\n|upkeep\n|\n|t:|1782863959\n|switch|p1a: Emboar|Emboar, L84, M|322/322\n|-damage|p1a: Emboar|282/322|[from] Stealth Rock\n|turn|19\n|\n|t:|1782863962\n|switch|p2a: Garchomp|Garchomp, L74, F|180/282\n|move|p1a: Emboar|Flare Blitz|p2a: Garchomp\n|-resisted|p2a: Garchomp\n|-damage|p2a: Garchomp|24/282\n|-damage|p1a: Emboar|242/322|[from] ability: Rough Skin|[of] p2a: Garchomp\n|-damage|p1a: Emboar|191/322|[from] Recoil\n|\n|-weather|SunnyDay|[upkeep]\n|upkeep\n|turn|20\n|\n|t:|1782863972\n|move|p1a: Emboar|Flare Blitz|p2a: Garchomp\n|-resisted|p2a: Garchomp\n|-damage|p2a: Garchomp|0 fnt\n|-damage|p1a: Emboar|151/322|[from] ability: Rough Skin|[of] p2a: Garchomp\n|faint|p2a: Garchomp\n|-damage|p1a: Emboar|143/322|[from] Recoil\n|\n|-weather|none\n|upkeep\n|\n|t:|1782863974\n|switch|p2a: Gallade|Gallade, L80, M|240/240\n|turn|21\n|\n|t:|1782863978\n|move|p2a: Gallade|Sacred Sword|p1a: Emboar\n|-damage|p1a: Emboar|0 fnt\n|faint|p1a: Emboar\n|\n|upkeep\n|\n|t:|1782863980\n|switch|p1a: Quaquaval|Quaquaval, L79, M|264/264\n|-damage|p1a: Quaquaval|248/264|[from] Stealth Rock\n|turn|22\n|\n|t:|1782863982\n|move|p2a: Gallade|Sacred Sword|p1a: Quaquaval\n|-damage|p1a: Quaquaval|65/264\n|move|p1a: Quaquaval|Aqua Step|p2a: Gallade\n|-damage|p2a: Gallade|60/240\n|-boost|p1a: Quaquaval|spe|1\n|\n|upkeep\n|turn|23\n|\n|t:|1782863988\n|move|p1a: Quaquaval|Aqua Step|p2a: Gallade\n|-damage|p2a: Gallade|0 fnt\n|-boost|p1a: Quaquaval|spe|1\n|faint|p2a: Gallade\n|\n|win|8.65 FM\n|raw|8.65 FM's rating: 1982 &rarr; <strong>2004</strong><br />(+22 for winning)\n|raw|ScorchingSethi's rating: 2011 &rarr; <strong>1989</strong><br />(-22 for losing)\n", "inputlog": ">version f8ac14003a5f27e1bdc8d8c59608a773c1cb96e5\n>start {\"formatid\":\"gen9randombattle\",\"seed\":\"sodium,a7d44d0718be6b07e061fe4687c86d58\",\"rated\":\"Rated battle\"}\n>player p1 {\"name\":\"8.65 FM\",\"avatar\":\"linebacker\",\"rating\":1982,\"seed\":\"sodium,17a99edb66d6abd2f63cbd1fda3f391c\"}\n>player p2 {\"name\":\"ScorchingSethi\",\"avatar\":\"265\",\"rating\":2011,\"seed\":\"sodium,cac0c50f2446f83b9faa9499ea96ba2f\"}\n>p1 move outrage\n>p2 move dracometeor\n>p2 switch 3\n>p1 move outrage\n>p2 move gunkshot\n>p1 move outrage\n>p2 move gunkshot\n>p1 switch 2\n>p1 move knockoff\n>p2 move gunkshot\n>p2 switch 4\n>p1 move knockoff\n>p2 move stealthrock\n>p1 move encore\n>p2 switch 5\n>p1 move thunderwave\n>p2 switch 5\n>p1 switch 5\n>p2 move earthquake\n>p1 move icebeam\n>p2 switch 6\n>p1 switch 3\n>p2 move nastyplot\n>p1 move lavaplume\n>p2 move sludgewave\n>p2 switch 6\n>p1 move yawn\n>p2 move dragontail\n>p1 move solarbeam\n>p2 switch 5\n>p1 move solarbeam\n>p2 move calmmind\n>p1 switch 5\n>p2 move scald\n>p1 switch 5\n>p1 move solarbeam\n>p2 move scald\n>p1 move solarbeam\n>p2 move scald\n>p2 switch 2\n>p1 move lavaplume\n>p2 move sacredsword\n>p1 switch 4\n>p1 move flareblitz\n>p2 switch 5\n>p1 move flareblitz\n>p2 move dragontail\n>p2 switch 5\n>p1 move flareblitz\n>p2 move sacredsword\n>p1 switch 6\n>p1 move aquastep\n>p2 move sacredsword\n>p1 move aquastep\n>p2 move sacredsword", "uploadtime": 1782863988, "views": 7, "formatid": "gen9randombattle", "rating": 1989, "private": 0, "password": null, "player_dets": [{"name": "8.65 FM", "avatar": "linebacker", "rating": 1982, "seed": "sodium,17a99edb66d6abd2f63cbd1fda3f391c"}, {"name": "ScorchingSethi", "avatar": "265", "rating": 2011, "seed": "sodium,cac0c50f2446f83b9faa9499ea96ba2f"}], "teams_full": [{"Salamence": {"name": "Salamence", "species": "Salamence", "speciesId": "salamence", "gender": "M", "shiny": false, "level": 77, "moves": ["dualwingbeat", "dragondance", "roost", "outrage"], "ability": "Moxie", "evs": {"hp": 85, "atk": 85, "def": 85, "spa": 85, "spd": 85, "spe": 85}, "ivs": {"hp": 31, "atk": 31, "def": 31, "spa": 31, "spd": 31, "spe": 31}, "item": "Heavy-Duty Boots", "teraType": "Steel", "role": "Setup Sweeper", "bvs": {"hp": 95, "atk": 135, "def": 80, "spa": 110, "spd": 80, "spe": 100}, "stats": {"hp": 273, "atk": 252, "def": 168, "spa": 214, "spd": 168, "spe": 199}, "types": ["Dragon", "Flying"]}, "Sableye": {"name": "Sableye", "species": "Sableye", "speciesId": "sableye", "gender": "M", "shiny": false, "level": 88, "moves": ["encore", "thunderwave", "recover", "knockoff"], "ability": "Prankster", "evs": {"hp": 85, "atk": 85, "def": 85, "spa": 85, "spd": 85, "spe": 85}, "ivs": {"hp": 31, "atk": 31, "def": 31, "spa": 31, "spd": 31, "spe": 31}, "item": "Leftovers", "teraType": "Steel", "role": "Bulky Support", "bvs": {"hp": 50, "atk": 75, "def": 75, "spa": 65, "spd": 65, "spe": 50}, "stats": {"hp": 231, "atk": 182, "def": 182, "spa": 165, "spd": 165, "spe": 138}, "types": ["Dark", "Ghost"]}, "Torkoal": {"name": "Torkoal", "species": "Torkoal", "speciesId": "torkoal", "gender": "F", "shiny": false, "level": 88, "moves": ["solarbeam", "earthquake", "yawn", "lavaplume"], "ability": "Drought", "evs": {"hp": 85, "atk": 85, "def": 85, "spa": 85, "spd": 85, "spe": 85}, "ivs": {"hp": 31, "atk": 31, "def": 31, "spa": 31, "spd": 31, "spe": 31}, "item": "Heavy-Duty Boots", "teraType": "Grass", "role": "Wallbreaker", "bvs": {"hp": 70, "atk": 85, "def": 140, "spa": 85, "spd": 70, "spe": 20}, "stats": {"hp": 266, "atk": 200, "def": 297, "spa": 200, "spd": 173, "spe": 85}, "types": ["Fire"]}, "Emboar": {"name": "Emboar", "species": "Emboar", "speciesId": "emboar", "gender": "M", "shiny": false, "level": 84, "moves": ["suckerpunch", "flareblitz", "closecombat", "wildcharge"], "ability": "Reckless", "evs": {"hp": 85, "atk": 85, "def": 85, "spa": 85, "spd": 85, "spe": 85}, "ivs": {"hp": 31, "atk": 31, "def": 31, "spa": 31, "spd": 31, "spe": 31}, "item": "Assault Vest", "teraType": "Electric", "role": "AV Pivot", "bvs": {"hp": 110, "atk": 123, "def": 65, "spa": 100, "spd": 65, "spe": 65}, "stats": {"hp": 322, "atk": 255, "def": 157, "spa": 216, "spd": 157, "spe": 157}, "types": ["Fire", "Fighting"]}, "Cryogonal": {"name": "Cryogonal", "species": "Cryogonal", "speciesId": "cryogonal", "gender": "N", "shiny": false, "level": 89, "moves": ["recover", "rapidspin", "terablast", "icebeam"], "ability": "Levitate", "evs": {"hp": 85, "atk": 85, "def": 85, "spa": 85, "spd": 85, "spe": 85}, "ivs": {"hp": 31, "atk": 31, "def": 31, "spa": 31, "spd": 31, "spe": 31}, "item": "Heavy-Duty Boots", "teraType": "Electric", "role": "Tera Blast user", "bvs": {"hp": 80, "atk": 50, "def": 50, "spa": 95, "spd": 135, "spe": 105}, "stats": {"hp": 287, "atk": 140, "def": 140, "spa": 220, "spd": 291, "spe": 238}, "types": ["Ice"]}, "Quaquaval": {"name": "Quaquaval", "species": "Quaquaval", "speciesId": "quaquaval", "gender": "M", "shiny": false, "level": 79, "moves": ["closecombat", "aquastep", "knockoff", "tripleaxel"], "ability": "Moxie", "evs": {"hp": 85, "atk": 85, "def": 85, "spa": 85, "spd": 85, "spe": 85}, "ivs": {"hp": 31, "atk": 31, "def": 31, "spa": 31, "spd": 31, "spe": 31}, "item": "Choice Band", "teraType": "Water", "role": "Wallbreaker", "bvs": {"hp": 85, "atk": 120, "def": 80, "spa": 85, "spd": 75, "spe": 85}, "stats": {"hp": 264, "atk": 235, "def": 172, "spa": 180, "spd": 164, "spe": 180}, "types": ["Water", "Fighting"]}}, {"Tatsugiri": {"name": "Tatsugiri", "species": "Tatsugiri", "speciesId": "tatsugiri", "gender": "F", "shiny": false, "level": 87, "moves": ["hydropump", "dracometeor", "rapidspin", "nastyplot"], "ability": "Storm Drain", "evs": {"hp": 85, "atk": 85, "def": 85, "spa": 85, "spd": 85, "spe": 85}, "ivs": {"hp": 31, "atk": 31, "def": 31, "spa": 31, "spd": 31, "spe": 31}, "item": "Heavy-Duty Boots", "teraType": "Steel", "role": "Fast Support", "bvs": {"hp": 68, "atk": 50, "def": 60, "spa": 120, "spd": 95, "spe": 82}, "stats": {"hp": 260, "atk": 137, "def": 154, "spa": 259, "spd": 215, "spe": 192}, "types": ["Dragon", "Water"]}, "Gallade": {"name": "Gallade", "species": "Gallade", "speciesId": "gallade", "gender": "M", "shiny": false, "level": 80, "moves": ["sacredsword", "nightslash", "leafblade", "psychocut"], "ability": "Sharpness", "evs": {"hp": 85, "atk": 85, "def": 85, "spa": 85, "spd": 85, "spe": 85}, "ivs": {"hp": 31, "atk": 31, "def": 31, "spa": 31, "spd": 31, "spe": 31}, "item": "Choice Scarf", "teraType": "Dark", "role": "Fast Attacker", "bvs": {"hp": 68, "atk": 125, "def": 65, "spa": 65, "spd": 115, "spe": 80}, "stats": {"hp": 240, "atk": 246, "def": 150, "spa": 150, "spd": 230, "spe": 174}, "types": ["Psychic", "Fighting"]}, "Toxicroak": {"name": "Toxicroak", "species": "Toxicroak", "speciesId": "toxicroak", "gender": "F", "shiny": false, "level": 84, "moves": ["knockoff", "earthquake", "gunkshot", "closecombat"], "ability": "Dry Skin", "evs": {"hp": 85, "atk": 85, "def": 85, "spa": 85, "spd": 85, "spe": 85}, "ivs": {"hp": 31, "atk": 31, "def": 31, "spa": 31, "spd": 31, "spe": 31}, "item": "Choice Scarf", "teraType": "Dark", "role": "Fast Attacker", "bvs": {"hp": 83, "atk": 106, "def": 65, "spa": 86, "spd": 65, "spe": 85}, "stats": {"hp": 277, "atk": 226, "def": 157, "spa": 193, "spd": 157, "spe": 191}, "types": ["Poison", "Fighting"]}, "Garchomp": {"name": "Garchomp", "species": "Garchomp", "speciesId": "garchomp", "gender": "F", "shiny": false, "level": 74, "moves": ["stealthrock", "outrage", "earthquake", "dragontail"], "ability": "Rough Skin", "evs": {"hp": 85, "atk": 85, "def": 85, "spa": 85, "spd": 85, "spe": 85}, "ivs": {"hp": 31, "atk": 31, "def": 31, "spa": 31, "spd": 31, "spe": 31}, "item": "Rocky Helmet", "teraType": "Ground", "role": "Fast Support", "bvs": {"hp": 108, "atk": 130, "def": 95, "spa": 80, "spd": 85, "spe": 102}, "stats": {"hp": 282, "atk": 235, "def": 184, "spa": 161, "spd": 169, "spe": 194}, "types": ["Dragon", "Ground"]}, "Suicune": {"name": "Suicune", "species": "Suicune", "speciesId": "suicune", "gender": "N", "shiny": false, "level": 82, "moves": ["scald", "protect", "substitute", "calmmind"], "ability": "Pressure", "evs": {"hp": 85, "atk": 0, "def": 85, "spa": 85, "spd": 85, "spe": 85}, "ivs": {"hp": 31, "atk": 0, "def": 31, "spa": 31, "spd": 31, "spe": 31}, "item": "Leftovers", "teraType": "Steel", "role": "Fast Support", "bvs": {"hp": 100, "atk": 75, "def": 115, "spa": 90, "spd": 115, "spe": 85}, "stats": {"hp": 298, "atk": 127, "def": 236, "spa": 195, "spd": 236, "spe": 187}, "types": ["Water"]}, "Gengar": {"name": "Gengar", "species": "Gengar", "speciesId": "gengar", "gender": "M", "shiny": false, "level": 81, "moves": ["sludgewave", "nastyplot", "shadowball", "focusblast"], "ability": "Cursed Body", "evs": {"hp": 85, "atk": 0, "def": 85, "spa": 85, "spd": 85, "spe": 85}, "ivs": {"hp": 31, "atk": 0, "def": 31, "spa": 31, "spd": 31, "spe": 31}, "item": "Life Orb", "teraType": "Ghost", "role": "Wallbreaker", "bvs": {"hp": 60, "atk": 65, "def": 60, "spa": 130, "spd": 75, "spe": 110}, "stats": {"hp": 230, "atk": 110, "def": 144, "spa": 257, "spd": 168, "spe": 225}, "types": ["Ghost", "Poison"]}}]}