{"id": "gen9randombattle-2642171662", "format": "[Gen 9] Random Battle", "players": ["wllkl", "IceeeyWater"], "log": "|j|\u2606wllkl\n|j|\u203dIceeeyWater\n|t:|1782904957\n|gametype|singles\n|player|p1|wllkl|roark|1043\n|player|p2|IceeeyWater|ghetsis|1019\n|gen|9\n|tier|[Gen 9] Random Battle\n|rated|\n|rule|Species Clause: Limit one of each Pok\u00e9mon\n|rule|HP Percentage Mod: HP is shown in percentages\n|rule|Sleep Clause Mod: Limit one foe put to sleep\n|rule|Illusion Level Mod: Illusion disguises the Pok\u00e9mon's true level\n|\n|t:|1782904957\n|teamsize|p1|6\n|teamsize|p2|6\n|start\n|switch|p1a: Walking Wake|Walking Wake, L79|286/286\n|switch|p2a: Gouging Fire|Gouging Fire, L74|277/277\n|turn|1\n|\n|t:|1782904974\n|move|p1a: Walking Wake|Draco Meteor|p2a: Gouging Fire\n|-supereffective|p2a: Gouging Fire\n|-damage|p2a: Gouging Fire|0 fnt\n|-unboost|p1a: Walking Wake|spa|2\n|faint|p2a: Gouging Fire\n|-end|p2a: Gouging Fire|Protosynthesis|[silent]\n|-damage|p1a: Walking Wake|258/286|[from] item: Life Orb\n|\n|upkeep\n|\n|t:|1782904985\n|switch|p2a: Leavanny|Leavanny, L86, F|269/269\n|turn|2\n|\n|t:|1782904993\n|move|p1a: Walking Wake|Flamethrower|p2a: Leavanny\n|-supereffective|p2a: Leavanny\n|-damage|p2a: Leavanny|66/269\n|-damage|p1a: Walking Wake|230/286|[from] item: Life Orb\n|move|p2a: Leavanny|Knock Off|p1a: Walking Wake\n|-damage|p1a: Walking Wake|154/286\n|-enditem|p1a: Walking Wake|Life Orb|[from] move: Knock Off|[of] p2a: Leavanny\n|\n|upkeep\n|turn|3\n|\n|t:|1782905006\n|move|p1a: Walking Wake|Flamethrower|p2a: Leavanny\n|-supereffective|p2a: Leavanny\n|-damage|p2a: Leavanny|0 fnt\n|faint|p2a: Leavanny\n|\n|upkeep\n|\n|t:|1782905012\n|switch|p2a: Furret|Furret, L94, F|312/312\n|turn|4\n|\n|t:|1782905022\n|move|p2a: Furret|Knock Off|p1a: Walking Wake\n|-damage|p1a: Walking Wake|85/286\n|move|p1a: Walking Wake|Sunny Day|p1a: Walking Wake\n|-weather|SunnyDay\n|-activate|p1a: Walking Wake|ability: Protosynthesis\n|-start|p1a: Walking Wake|protosynthesisspe\n|\n|-weather|SunnyDay|[upkeep]\n|upkeep\n|turn|5\n|\n|t:|1782905034\n|-terastallize|p1a: Walking Wake|Fire\n|move|p1a: Walking Wake|Draco Meteor|p2a: Furret|[miss]\n|-miss|p1a: Walking Wake|p2a: Furret\n|move|p2a: Furret|Knock Off|p1a: Walking Wake\n|-damage|p1a: Walking Wake|13/286\n|\n|-weather|SunnyDay|[upkeep]\n|upkeep\n|turn|6\n|\n|t:|1782905044\n|move|p1a: Walking Wake|Draco Meteor|p2a: Furret\n|-damage|p2a: Furret|218/312\n|-unboost|p1a: Walking Wake|spa|2\n|move|p2a: Furret|Knock Off|p1a: Walking Wake\n|-damage|p1a: Walking Wake|0 fnt\n|faint|p1a: Walking Wake\n|-end|p1a: Walking Wake|Protosynthesis|[silent]\n|\n|-weather|SunnyDay|[upkeep]\n|upkeep\n|inactive|Battle timer is ON: inactive players will automatically lose when time's up. (requested by IceeeyWater)\n|\n|t:|1782905063\n|switch|p1a: Zebstrika|Zebstrika, L87, M|272/272\n|turn|7\n|\n|t:|1782905071\n|move|p1a: Zebstrika|Supercell Slam|p2a: Furret\n|-damage|p2a: Furret|50/312\n|-damage|p1a: Zebstrika|245/272|[from] item: Life Orb\n|move|p2a: Furret|Knock Off|p1a: Zebstrika\n|-damage|p1a: Zebstrika|124/272\n|-enditem|p1a: Zebstrika|Life Orb|[from] move: Knock Off|[of] p2a: Furret\n|\n|-weather|SunnyDay|[upkeep]\n|upkeep\n|turn|8\n|\n|t:|1782905081\n|move|p1a: Zebstrika|Overheat|p2a: Furret\n|-damage|p2a: Furret|0 fnt\n|-unboost|p1a: Zebstrika|spa|2\n|faint|p2a: Furret\n|\n|-weather|none\n|upkeep\n|\n|t:|1782905092\n|switch|p2a: Swalot|Swalot, L90, F|326/326\n|turn|9\n|\n|t:|1782905097\n|move|p1a: Zebstrika|Supercell Slam|p2a: Swalot\n|-damage|p2a: Swalot|218/326\n|move|p2a: Swalot|Earthquake|p1a: Zebstrika\n|-supereffective|p1a: Zebstrika\n|-damage|p1a: Zebstrika|0 fnt\n|faint|p1a: Zebstrika\n|\n|-heal|p2a: Swalot|238/326|[from] item: Leftovers\n|upkeep\n|\n|t:|1782905115\n|switch|p1a: Inteleon|Inteleon, L81, F|246/246\n|turn|10\n|\n|t:|1782905140\n|switch|p2a: Exeggutor|Exeggutor, L89, M|312/312\n|move|p1a: Inteleon|Ice Beam|p2a: Exeggutor\n|-supereffective|p2a: Exeggutor\n|-crit|p2a: Exeggutor\n|-damage|p2a: Exeggutor|0 fnt\n|faint|p2a: Exeggutor\n|\n|upkeep\n|\n|t:|1782905148\n|switch|p2a: Tinkaton|Tinkaton, L82, F|274/274\n|-ability|p2a: Tinkaton|Mold Breaker\n|turn|11\n|\n|t:|1782905166\n|move|p1a: Inteleon|Ice Beam|p2a: Tinkaton\n|-resisted|p2a: Tinkaton\n|-damage|p2a: Tinkaton|223/274\n|move|p2a: Tinkaton|Stealth Rock|p1a: Inteleon\n|-sidestart|p1: wllkl|move: Stealth Rock\n|\n|-heal|p2a: Tinkaton|240/274|[from] item: Leftovers\n|upkeep\n|turn|12\n|\n|t:|1782905179\n|switch|p1a: Latias|Latias, L79, F|256/256\n|-damage|p1a: Latias|224/256|[from] Stealth Rock\n|move|p2a: Tinkaton|Play Rough|p1a: Latias\n|-supereffective|p1a: Latias\n|-damage|p1a: Latias|66/256\n|\n|-heal|p2a: Tinkaton|257/274|[from] item: Leftovers\n|upkeep\n|turn|13\n|inactive|IceeeyWater has 120 seconds left.\n|\n|t:|1782905226\n|switch|p1a: Delibird|Delibird, M|252/252\n|move|p2a: Tinkaton|Play Rough|p1a: Delibird|[miss]\n|-miss|p2a: Tinkaton|p1a: Delibird\n|\n|-heal|p2a: Tinkaton|274/274|[from] item: Leftovers\n|upkeep\n|turn|14\n|\n|t:|1782905238\n|move|p1a: Delibird|Brave Bird|p2a: Tinkaton\n|-resisted|p2a: Tinkaton\n|-damage|p2a: Tinkaton|211/274\n|-damage|p1a: Delibird|231/252|[from] Recoil\n|move|p2a: Tinkaton|Gigaton Hammer|p1a: Delibird\n|-supereffective|p1a: Delibird\n|-damage|p1a: Delibird|0 fnt\n|faint|p1a: Delibird\n|\n|-heal|p2a: Tinkaton|228/274|[from] item: Leftovers\n|upkeep\n|inactive|wllkl has 120 seconds left.\n|\n|t:|1782905250\n|switch|p1a: Latias|Latias, L79, F|66/256\n|-damage|p1a: Latias|34/256|[from] Stealth Rock\n|turn|15\n|\n|t:|1782905270\n|move|p1a: Latias|Draco Meteor|p2a: Tinkaton\n|-immune|p2a: Tinkaton\n|move|p2a: Tinkaton|Play Rough|p1a: Latias|[miss]\n|-miss|p2a: Tinkaton|p1a: Latias\n|\n|-heal|p2a: Tinkaton|245/274|[from] item: Leftovers\n|upkeep\n|turn|16\n|inactive|IceeeyWater has 90 seconds left.\n|\n|t:|1782905306\n|move|p1a: Latias|Psyshock|p2a: Tinkaton\n|-resisted|p2a: Tinkaton\n|-damage|p2a: Tinkaton|188/274\n|move|p2a: Tinkaton|Play Rough|p1a: Latias\n|-supereffective|p1a: Latias\n|-damage|p1a: Latias|0 fnt\n|faint|p1a: Latias\n|\n|-heal|p2a: Tinkaton|205/274|[from] item: Leftovers\n|upkeep\n|\n|t:|1782905320\n|switch|p1a: Inteleon|Inteleon, L81, F|246/246\n|-damage|p1a: Inteleon|216/246|[from] Stealth Rock\n|turn|17\n|\n|t:|1782905329\n|move|p1a: Inteleon|Scald|p2a: Tinkaton\n|-damage|p2a: Tinkaton|87/274\n|-status|p2a: Tinkaton|brn\n|move|p2a: Tinkaton|Play Rough|p1a: Inteleon\n|-damage|p1a: Inteleon|170/246\n|\n|-heal|p2a: Tinkaton|104/274 brn|[from] item: Leftovers\n|-damage|p2a: Tinkaton|87/274 brn|[from] brn\n|upkeep\n|turn|18\n|inactive|IceeeyWater has 90 seconds left.\n|inactive|IceeeyWater has 60 seconds left.\n|\n|t:|1782905366\n|move|p1a: Inteleon|Scald|p2a: Tinkaton\n|-damage|p2a: Tinkaton|0 fnt\n|faint|p2a: Tinkaton\n|\n|upkeep\n|inactive|IceeeyWater has 60 seconds left.\n|inactive|IceeeyWater has 30 seconds left.\n|\n|t:|1782905410\n|switch|p2a: Swalot|Swalot, L90, F|238/326\n|turn|19\n|inactive|IceeeyWater has 30 seconds left.\n|inactive|IceeeyWater has 20 seconds left.\n|\n|t:|1782905427\n|-terastallize|p2a: Swalot|Ground\n|move|p1a: Inteleon|Scald|p2a: Swalot\n|-supereffective|p2a: Swalot\n|-damage|p2a: Swalot|0 fnt\n|faint|p2a: Swalot\n|\n|win|wllkl\n|raw|wllkl's rating: 1043 &rarr; <strong>1074</strong><br />(+31 for winning)\n|raw|IceeeyWater's rating: 1019 &rarr; <strong>1007</strong><br />(-12 for losing)\n", "inputlog": ">version f8ac14003a5f27e1bdc8d8c59608a773c1cb96e5\n>start {\"formatid\":\"gen9randombattle\",\"seed\":\"sodium,f4d04253690a84816fa1cac1f79f2499\",\"rated\":\"Rated battle\"}\n>player p1 {\"name\":\"wllkl\",\"avatar\":\"roark\",\"rating\":1043,\"seed\":\"sodium,ad3793a4fbfb60fe067dad6702de5661\"}\n>player p2 {\"name\":\"IceeeyWater\",\"avatar\":\"ghetsis\",\"rating\":1019,\"seed\":\"sodium,589100ccf21531726547d4ede09c0749\"}\n>p1 move dracometeor\n>p2 move dragondance\n>p2 switch 3\n>p1 move flamethrower\n>p2 move knockoff\n>p1 move flamethrower\n>p2 move bulletseed\n>p2 switch 2\n>p1 move sunnyday\n>p2 move knockoff\n>p1 move dracometeor terastallize\n>p2 move knockoff\n>p1 move dracometeor\n>p2 move knockoff\n>p1 switch 6\n>p1 move supercellslam\n>p2 move knockoff\n>p1 move overheat\n>p2 move knockoff\n>p2 switch 4\n>p1 move supercellslam\n>p2 move earthquake\n>p1 switch 3\n>p1 move icebeam\n>p2 switch 6\n>p2 switch 5\n>p1 move icebeam\n>p2 move stealthrock\n>p1 switch 2\n>p2 move playrough\n>p1 switch 5\n>p2 move playrough\n>p1 move bravebird\n>p2 move gigatonhammer\n>p1 switch 5\n>p1 move dracometeor\n>p2 move playrough\n>p1 move psyshock\n>p2 move playrough\n>p1 switch 2\n>p1 move scald\n>p2 move playrough\n>p1 move scald\n>p2 move stealthrock\n>p2 switch 6\n>p1 move scald\n>p2 move gunkshot terastallize", "uploadtime": 1782905441, "views": 2, "formatid": "gen9randombattle", "rating": 1007, "private": 0, "password": null, "player_dets": [{"name": "wllkl", "avatar": "roark", "rating": 1043, "seed": "sodium,ad3793a4fbfb60fe067dad6702de5661"}, {"name": "IceeeyWater", "avatar": "ghetsis", "rating": 1019, "seed": "sodium,589100ccf21531726547d4ede09c0749"}], "teams_full": [{"Walking Wake": {"name": "Walking Wake", "species": "Walking Wake", "speciesId": "walkingwake", "gender": "N", "shiny": false, "level": 79, "moves": ["dracometeor", "flamethrower", "sunnyday", "hydrosteam"], "ability": "Protosynthesis", "evs": {"hp": 85, "atk": 0, "def": 85, "spa": 85, "spd": 85, "spe": 85}, "ivs": {"hp": 31, "atk": 0, "def": 31, "spa": 31, "spd": 31, "spe": 31}, "item": "Life Orb", "teraType": "Fire", "role": "Fast Attacker", "bvs": {"hp": 99, "atk": 83, "def": 91, "spa": 125, "spd": 83, "spe": 109}, "stats": {"hp": 286, "atk": 136, "def": 189, "spa": 243, "spd": 177, "spe": 218}, "types": ["Water", "Dragon"]}, "Latias": {"name": "Latias", "species": "Latias", "speciesId": "latias", "gender": "F", "shiny": false, "level": 79, "moves": ["dracometeor", "recover", "psyshock", "calmmind"], "ability": "Levitate", "evs": {"hp": 85, "atk": 0, "def": 85, "spa": 85, "spd": 85, "spe": 85}, "ivs": {"hp": 31, "atk": 0, "def": 31, "spa": 31, "spd": 31, "spe": 31}, "item": "Soul Dew", "teraType": "Steel", "role": "Fast Bulky Setup", "bvs": {"hp": 80, "atk": 80, "def": 90, "spa": 110, "spd": 130, "spe": 110}, "stats": {"hp": 256, "atk": 131, "def": 188, "spa": 219, "spd": 251, "spe": 219}, "types": ["Dragon", "Psychic"]}, "Inteleon": {"name": "Inteleon", "species": "Inteleon", "speciesId": "inteleon", "gender": "F", "shiny": false, "level": 81, "moves": ["uturn", "hydropump", "icebeam", "scald"], "ability": "Torrent", "evs": {"hp": 85, "atk": 85, "def": 85, "spa": 85, "spd": 85, "spe": 85}, "ivs": {"hp": 31, "atk": 31, "def": 31, "spa": 31, "spd": 31, "spe": 31}, "item": "Choice Specs", "teraType": "Water", "role": "Wallbreaker", "bvs": {"hp": 70, "atk": 85, "def": 65, "spa": 125, "spd": 65, "spe": 120}, "stats": {"hp": 246, "atk": 184, "def": 152, "spa": 249, "spd": 152, "spe": 241}, "types": ["Water"]}, "Chansey": {"name": "Chansey", "species": "Chansey", "speciesId": "chansey", "gender": "F", "shiny": false, "level": 85, "moves": ["softboiled", "thunderwave", "healbell", "seismictoss"], "ability": "Natural Cure", "evs": {"hp": 85, "atk": 0, "def": 85, "spa": 85, "spd": 85, "spe": 85}, "ivs": {"hp": 31, "atk": 0, "def": 31, "spa": 31, "spd": 31, "spe": 31}, "item": "Eviolite", "teraType": "Dark", "role": "Bulky Support", "bvs": {"hp": 250, "atk": 5, "def": 5, "spa": 35, "spd": 105, "spe": 50}, "stats": {"hp": 564, "atk": 13, "def": 57, "spa": 108, "spd": 227, "spe": 134}, "types": ["Normal"]}, "Delibird": {"name": "Delibird", "species": "Delibird", "speciesId": "delibird", "gender": "M", "shiny": false, "level": 100, "moves": ["rapidspin", "freezedry", "spikes", "bravebird"], "ability": "Insomnia", "evs": {"hp": 85, "atk": 85, "def": 85, "spa": 85, "spd": 85, "spe": 85}, "ivs": {"hp": 31, "atk": 31, "def": 31, "spa": 31, "spd": 31, "spe": 31}, "item": "Heavy-Duty Boots", "teraType": "Ghost", "role": "Fast Support", "bvs": {"hp": 45, "atk": 55, "def": 45, "spa": 65, "spd": 45, "spe": 75}, "stats": {"hp": 252, "atk": 167, "def": 147, "spa": 187, "spd": 147, "spe": 207}, "types": ["Ice", "Flying"]}, "Zebstrika": {"name": "Zebstrika", "species": "Zebstrika", "speciesId": "zebstrika", "gender": "M", "shiny": false, "level": 87, "moves": ["voltswitch", "highhorsepower", "overheat", "supercellslam"], "ability": "Sap Sipper", "evs": {"hp": 85, "atk": 85, "def": 85, "spa": 85, "spd": 85, "spe": 85}, "ivs": {"hp": 31, "atk": 31, "def": 31, "spa": 31, "spd": 31, "spe": 31}, "item": "Life Orb", "teraType": "Ground", "role": "Fast Attacker", "bvs": {"hp": 75, "atk": 100, "def": 63, "spa": 80, "spd": 63, "spe": 116}, "stats": {"hp": 272, "atk": 224, "def": 159, "spa": 189, "spd": 159, "spe": 252}, "types": ["Electric"]}}, {"Gouging Fire": {"name": "Gouging Fire", "species": "Gouging Fire", "speciesId": "gougingfire", "gender": "N", "shiny": false, "level": 74, "moves": ["earthquake", "dragondance", "heatcrash", "outrage"], "ability": "Protosynthesis", "evs": {"hp": 85, "atk": 85, "def": 85, "spa": 85, "spd": 85, "spe": 85}, "ivs": {"hp": 31, "atk": 31, "def": 31, "spa": 31, "spd": 31, "spe": 31}, "item": "Heavy-Duty Boots", "teraType": "Ground", "role": "Setup Sweeper", "bvs": {"hp": 105, "atk": 115, "def": 121, "spa": 65, "spd": 93, "spe": 91}, "stats": {"hp": 277, "atk": 213, "def": 222, "spa": 139, "spd": 181, "spe": 178}, "types": ["Fire", "Dragon"]}, "Furret": {"name": "Furret", "species": "Furret", "speciesId": "furret", "gender": "F", "shiny": false, "level": 94, "moves": ["knockoff", "trick", "doubleedge", "uturn"], "ability": "Frisk", "evs": {"hp": 85, "atk": 85, "def": 85, "spa": 85, "spd": 85, "spe": 85}, "ivs": {"hp": 31, "atk": 31, "def": 31, "spa": 31, "spd": 31, "spe": 31}, "item": "Choice Band", "teraType": "Normal", "role": "Wallbreaker", "bvs": {"hp": 85, "atk": 76, "def": 64, "spa": 45, "spd": 55, "spe": 90}, "stats": {"hp": 312, "atk": 196, "def": 174, "spa": 138, "spd": 157, "spe": 223}, "types": ["Normal"]}, "Leavanny": {"name": "Leavanny", "species": "Leavanny", "speciesId": "leavanny", "gender": "F", "shiny": false, "level": 86, "moves": ["knockoff", "stickyweb", "tripleaxel", "bulletseed"], "ability": "Chlorophyll", "evs": {"hp": 85, "atk": 85, "def": 85, "spa": 85, "spd": 85, "spe": 85}, "ivs": {"hp": 31, "atk": 31, "def": 31, "spa": 31, "spd": 31, "spe": 31}, "item": "Loaded Dice", "teraType": "Ghost", "role": "Fast Attacker", "bvs": {"hp": 75, "atk": 103, "def": 80, "spa": 70, "spd": 80, "spe": 92}, "stats": {"hp": 269, "atk": 226, "def": 187, "spa": 170, "spd": 187, "spe": 207}, "types": ["Bug", "Grass"]}, "Swalot": {"name": "Swalot", "species": "Swalot", "speciesId": "swalot", "gender": "F", "shiny": false, "level": 90, "moves": ["gunkshot", "earthquake", "knockoff", "swordsdance"], "ability": "Liquid Ooze", "evs": {"hp": 85, "atk": 85, "def": 85, "spa": 85, "spd": 85, "spe": 85}, "ivs": {"hp": 31, "atk": 31, "def": 31, "spa": 31, "spd": 31, "spe": 31}, "item": "Leftovers", "teraType": "Ground", "role": "Bulky Setup", "bvs": {"hp": 100, "atk": 73, "def": 83, "spa": 73, "spd": 83, "spe": 55}, "stats": {"hp": 326, "atk": 183, "def": 201, "spa": 183, "spd": 201, "spe": 150}, "types": ["Poison"]}, "Tinkaton": {"name": "Tinkaton", "species": "Tinkaton", "speciesId": "tinkaton", "gender": "F", "shiny": false, "level": 82, "moves": ["gigatonhammer", "playrough", "stealthrock", "encore"], "ability": "Mold Breaker", "evs": {"hp": 85, "atk": 85, "def": 85, "spa": 85, "spd": 85, "spe": 85}, "ivs": {"hp": 31, "atk": 31, "def": 31, "spa": 31, "spd": 31, "spe": 31}, "item": "Leftovers", "teraType": "Water", "role": "Bulky Attacker", "bvs": {"hp": 85, "atk": 75, "def": 77, "spa": 70, "spd": 105, "spe": 94}, "stats": {"hp": 274, "atk": 170, "def": 173, "spa": 162, "spd": 219, "spe": 201}, "types": ["Fairy", "Steel"]}, "Exeggutor": {"name": "Exeggutor", "species": "Exeggutor", "speciesId": "exeggutor", "gender": "M", "shiny": false, "level": 89, "moves": ["psyshock", "substitute", "calmmind", "gigadrain"], "ability": "Harvest", "evs": {"hp": 77, "atk": 0, "def": 85, "spa": 85, "spd": 85, "spe": 85}, "ivs": {"hp": 31, "atk": 0, "def": 31, "spa": 31, "spd": 31, "spe": 31}, "item": "Sitrus Berry", "teraType": "Steel", "role": "Bulky Setup", "bvs": {"hp": 95, "atk": 95, "def": 85, "spa": 125, "spd": 75, "spe": 55}, "stats": {"hp": 312, "atk": 174, "def": 202, "spa": 273, "spd": 184, "spe": 149}, "types": ["Grass", "Psychic"]}}]}