{"id": "gen9randombattle-2641936473", "format": "[Gen 9] Random Battle", "players": ["pop smoke", "SHAMU142"], "log": "|j|\u2606pop smoke\n|j|\u2606SHAMU142\n|t:|1782861497\n|gametype|singles\n|player|p1|pop smoke|#wcop2025uswest2|2257\n|player|p2|SHAMU142|baker|2282\n|gen|9\n|tier|[Gen 9] Random Battle\n|rated|\n|rule|Species Clause: Limit one of each Pok\u00e9mon\n|rule|HP Percentage Mod: HP is shown in percentages\n|rule|Sleep Clause Mod: Limit one foe put to sleep\n|rule|Illusion Level Mod: Illusion disguises the Pok\u00e9mon's true level\n|\n|t:|1782861497\n|teamsize|p1|6\n|teamsize|p2|6\n|start\n|switch|p1a: Darkrai|Darkrai, L77|234/234\n|switch|p2a: Chi-Yu|Chi-Yu, L77|211/211\n|-ability|p2a: Chi-Yu|Beads of Ruin\n|turn|1\n|\n|t:|1782861508\n|move|p1a: Darkrai|Hypnosis|p2a: Chi-Yu|[miss]\n|-miss|p1a: Darkrai|p2a: Chi-Yu\n|move|p2a: Chi-Yu|Fire Blast|p1a: Darkrai\n|-damage|p1a: Darkrai|42/234\n|\n|upkeep\n|turn|2\n|\n|t:|1782861514\n|switch|p1a: Pelipper|Pelipper, L86, M|243/243\n|-weather|RainDance|[from] ability: Drizzle|[of] p1a: Pelipper\n|move|p2a: Chi-Yu|Fire Blast|p1a: Pelipper\n|-resisted|p1a: Pelipper\n|-damage|p1a: Pelipper|192/243\n|\n|-weather|RainDance|[upkeep]\n|upkeep\n|turn|3\n|\n|t:|1782861523\n|move|p2a: Chi-Yu|Dark Pulse|p1a: Pelipper\n|-damage|p1a: Pelipper|60/243\n|move|p1a: Pelipper|Weather Ball|p2a: Chi-Yu\n|-supereffective|p2a: Chi-Yu\n|-damage|p2a: Chi-Yu|0 fnt\n|faint|p2a: Chi-Yu\n|\n|-weather|RainDance|[upkeep]\n|upkeep\n|\n|t:|1782861525\n|switch|p2a: Quaquaval|Quaquaval, L79, M|264/264\n|turn|4\n|\n|t:|1782861531\n|switch|p1a: Raging Bolt|Raging Bolt, L78|323/323\n|move|p2a: Quaquaval|Aqua Step|p1a: Raging Bolt\n|-resisted|p1a: Raging Bolt\n|-damage|p1a: Raging Bolt|212/323\n|-boost|p2a: Quaquaval|spe|1\n|\n|-weather|RainDance|[upkeep]\n|upkeep\n|turn|5\n|\n|t:|1782861538\n|switch|p2a: Ribombee|Ribombee, L83, M|235/235\n|move|p1a: Raging Bolt|Volt Switch|p2a: Ribombee\n|-damage|p2a: Ribombee|129/235\n|\n|t:|1782861554\n|-end|p1a: Raging Bolt|Protosynthesis|[silent]\n|switch|p1a: Espathra|Espathra, L80, M|283/283|[from] Volt Switch\n|\n|-weather|RainDance|[upkeep]\n|upkeep\n|turn|6\n|\n|t:|1782861558\n|move|p2a: Ribombee|Bug Buzz|p1a: Espathra\n|-supereffective|p1a: Espathra\n|-damage|p1a: Espathra|17/283\n|move|p1a: Espathra|Lumina Crash|p2a: Ribombee\n|-damage|p2a: Ribombee|0 fnt\n|faint|p2a: Ribombee\n|\n|-weather|none\n|-ability|p1a: Espathra|Speed Boost|boost\n|-boost|p1a: Espathra|spe|1\n|upkeep\n|\n|t:|1782861564\n|switch|p2a: Primarina|Primarina, L83, F|268/268\n|turn|7\n|\n|t:|1782861566\n|move|p1a: Espathra|Lumina Crash|p2a: Primarina\n|-damage|p2a: Primarina|165/268\n|-unboost|p2a: Primarina|spd|2\n|move|p2a: Primarina|Draining Kiss|p1a: Espathra\n|-damage|p1a: Espathra|0 fnt\n|-heal|p2a: Primarina|178/268|[from] drain|[of] p1a: Espathra\n|faint|p1a: Espathra\n|\n|-heal|p2a: Primarina|194/268|[from] item: Leftovers\n|upkeep\n|\n|t:|1782861571\n|switch|p1a: Raging Bolt|Raging Bolt, L78|212/323\n|turn|8\n|\n|t:|1782861579\n|switch|p2a: Cinderace|Cinderace, L77, F|250/250\n|move|p1a: Raging Bolt|Discharge|p2a: Cinderace\n|-damage|p2a: Cinderace|136/250\n|-status|p2a: Cinderace|par\n|\n|upkeep\n|turn|9\n|\n|t:|1782861585\n|move|p1a: Raging Bolt|Discharge|p2a: Cinderace\n|-damage|p2a: Cinderace|7/250 par\n|move|p2a: Cinderace|Will-O-Wisp|p1a: Raging Bolt\n|-status|p1a: Raging Bolt|brn\n|\n|-damage|p1a: Raging Bolt|192/323 brn|[from] brn\n|upkeep\n|turn|10\n|\n|t:|1782861590\n|move|p1a: Raging Bolt|Volt Switch|p2a: Cinderace\n|-damage|p2a: Cinderace|0 fnt\n|faint|p2a: Cinderace\n|\n|t:|1782861596\n|-end|p1a: Raging Bolt|Protosynthesis|[silent]\n|switch|p1a: Darkrai|Darkrai, L77|42/234|[from] Volt Switch\n|\n|upkeep\n|\n|t:|1782861606\n|switch|p2a: Quaquaval|Quaquaval, L79, M|264/264\n|turn|11\n|\n|t:|1782861609\n|move|p1a: Darkrai|Sludge Bomb|p2a: Quaquaval\n|-damage|p2a: Quaquaval|151/264\n|-status|p2a: Quaquaval|psn\n|-damage|p1a: Darkrai|19/234|[from] item: Life Orb\n|move|p2a: Quaquaval|Aqua Step|p1a: Darkrai\n|-damage|p1a: Darkrai|0 fnt\n|-boost|p2a: Quaquaval|spe|1\n|faint|p1a: Darkrai\n|-ability|p2a: Quaquaval|Moxie|boost\n|-boost|p2a: Quaquaval|atk|1\n|\n|-damage|p2a: Quaquaval|118/264 psn|[from] psn\n|upkeep\n|\n|t:|1782861622\n|switch|p1a: Raging Bolt|Raging Bolt, L78|192/323 brn\n|turn|12\n|\n|t:|1782861624\n|move|p1a: Raging Bolt|Thunderclap|p2a: Quaquaval\n|-supereffective|p2a: Quaquaval\n|-damage|p2a: Quaquaval|0 fnt\n|faint|p2a: Quaquaval\n|\n|-damage|p1a: Raging Bolt|172/323 brn|[from] brn\n|upkeep\n|\n|t:|1782861627\n|switch|p2a: Gengar|Gengar, L81, F|230/230\n|turn|13\n|\n|t:|1782861636\n|move|p2a: Gengar|Encore|p1a: Raging Bolt\n|-start|p1a: Raging Bolt|Encore\n|move|p1a: Raging Bolt|Thunderclap||[still]\n|-fail|p1a: Raging Bolt\n|\n|-damage|p1a: Raging Bolt|152/323 brn|[from] brn\n|upkeep\n|turn|14\n|\n|t:|1782861642\n|-end|p1a: Raging Bolt|Protosynthesis|[silent]\n|switch|p1a: Pelipper|Pelipper, L86, M|60/243\n|-weather|RainDance|[from] ability: Drizzle|[of] p1a: Pelipper\n|move|p2a: Gengar|Sludge Wave|p1a: Pelipper\n|-damage|p1a: Pelipper|0 fnt\n|faint|p1a: Pelipper\n|-damage|p2a: Gengar|207/230|[from] item: Life Orb\n|\n|-weather|RainDance|[upkeep]\n|upkeep\n|\n|t:|1782861645\n|switch|p1a: Dugtrio|Dugtrio, L84, F|196/196\n|turn|15\n|\n|t:|1782861651\n|move|p1a: Dugtrio|Earthquake|p2a: Gengar\n|-supereffective|p2a: Gengar\n|-damage|p2a: Gengar|0 fnt\n|-start|p1a: Dugtrio|Disable|Earthquake|[from] ability: Cursed Body|[of] p2a: Gengar\n|faint|p2a: Gengar\n|-damage|p1a: Dugtrio|177/196|[from] item: Life Orb\n|\n|-weather|RainDance|[upkeep]\n|upkeep\n|\n|t:|1782861652\n|switch|p2a: Primarina|Primarina, L83, F|194/268\n|turn|16\n|\n|t:|1782861661\n|move|p1a: Dugtrio|Stone Edge|p2a: Primarina\n|-damage|p2a: Primarina|95/268\n|-damage|p1a: Dugtrio|158/196|[from] item: Life Orb\n|move|p2a: Primarina|Calm Mind|p2a: Primarina\n|-boost|p2a: Primarina|spa|1\n|-boost|p2a: Primarina|spd|1\n|\n|-weather|RainDance|[upkeep]\n|-heal|p2a: Primarina|111/268|[from] item: Leftovers\n|upkeep\n|turn|17\n|\n|t:|1782861670\n|move|p1a: Dugtrio|Stone Edge|p2a: Primarina|[miss]\n|-miss|p1a: Dugtrio|p2a: Primarina\n|move|p2a: Primarina|Draining Kiss|p1a: Dugtrio\n|-damage|p1a: Dugtrio|41/196\n|-heal|p2a: Primarina|199/268|[from] drain|[of] p1a: Dugtrio\n|\n|-weather|RainDance|[upkeep]\n|-heal|p2a: Primarina|215/268|[from] item: Leftovers\n|upkeep\n|turn|18\n|\n|t:|1782861672\n|move|p1a: Dugtrio|Stone Edge|p2a: Primarina\n|-damage|p2a: Primarina|98/268\n|-damage|p1a: Dugtrio|22/196|[from] item: Life Orb\n|move|p2a: Primarina|Draining Kiss|p1a: Dugtrio\n|-damage|p1a: Dugtrio|0 fnt\n|-heal|p2a: Primarina|115/268|[from] drain|[of] p1a: Dugtrio\n|faint|p1a: Dugtrio\n|\n|-weather|none\n|-heal|p2a: Primarina|131/268|[from] item: Leftovers\n|upkeep\n|\n|t:|1782861674\n|switch|p1a: Armarouge|Armarouge, L80, M|267/267\n|turn|19\n|\n|t:|1782861677\n|-terastallize|p2a: Primarina|Steel\n|move|p1a: Armarouge|Psyshock|p2a: Primarina\n|-resisted|p2a: Primarina\n|-damage|p2a: Primarina|50/268\n|move|p2a: Primarina|Sparkling Aria|p1a: Armarouge\n|-supereffective|p1a: Armarouge\n|-damage|p1a: Armarouge|0 fnt\n|faint|p1a: Armarouge\n|\n|-heal|p2a: Primarina|66/268|[from] item: Leftovers\n|upkeep\n|\n|t:|1782861680\n|switch|p1a: Raging Bolt|Raging Bolt, L78|152/323 brn\n|turn|20\n|\n|t:|1782861685\n|-terastallize|p1a: Raging Bolt|Electric\n|move|p1a: Raging Bolt|Discharge|p2a: Primarina\n|-damage|p2a: Primarina|0 fnt\n|faint|p2a: Primarina\n|\n|win|pop smoke\n|raw|pop smoke's rating: 2257 &rarr; <strong>2278</strong><br />(+21 for winning)\n|raw|SHAMU142's rating: 2282 &rarr; <strong>2261</strong><br />(-21 for losing)\n", "inputlog": ">version f8ac14003a5f27e1bdc8d8c59608a773c1cb96e5\n>start {\"formatid\":\"gen9randombattle\",\"seed\":\"sodium,16c8b5b96d6f48820898b6664c110f81\",\"rated\":\"Rated battle\"}\n>player p1 {\"name\":\"pop smoke\",\"avatar\":\"#wcop2025uswest2\",\"rating\":2257,\"seed\":\"sodium,8c350099b2d591ae5b49c1ec992039bf\"}\n>player p2 {\"name\":\"SHAMU142\",\"avatar\":\"baker\",\"rating\":2282,\"seed\":\"sodium,8619706e55bfe0025ddb81987bb80a00\"}\n>p1 move hypnosis\n>p2 move fireblast\n>p1 switch 2\n>p2 move fireblast\n>p1 move weatherball\n>p2 move darkpulse\n>p2 switch 5\n>p1 switch 6\n>p2 move aquastep\n>p1 move voltswitch\n>p2 switch 3\n>p1 switch 4\n>p1 move luminacrash\n>p2 move bugbuzz\n>p2 switch 6\n>p1 move luminacrash\n>p2 move drainingkiss\n>p1 switch 4\n>p1 move discharge\n>p2 switch 2\n>p1 move discharge\n>p2 move willowisp\n>p1 move voltswitch\n>p2 move uturn\n>p1 switch 2\n>p2 switch 3\n>p1 move sludgebomb\n>p2 move aquastep\n>p1 switch 2\n>p1 move thunderclap\n>p2 move aquastep\n>p2 switch 4\n>p1 move voltswitch\n>p2 move encore\n>p1 switch 6\n>p2 move sludgewave\n>p1 switch 3\n>p1 move earthquake\n>p2 move shadowball\n>p2 switch 2\n>p1 move stoneedge\n>p2 move calmmind\n>p1 move stoneedge\n>p2 move drainingkiss\n>p1 move stoneedge\n>p2 move drainingkiss\n>p1 switch 5\n>p1 move psyshock\n>p2 move sparklingaria terastallize\n>p1 switch 6\n>p1 move discharge terastallize\n>p2 move drainingkiss", "uploadtime": 1782861685, "views": 4, "formatid": "gen9randombattle", "rating": 2261, "private": 0, "password": null, "player_dets": [{"name": "pop smoke", "avatar": "#wcop2025uswest2", "rating": 2257, "seed": "sodium,8c350099b2d591ae5b49c1ec992039bf"}, {"name": "SHAMU142", "avatar": "baker", "rating": 2282, "seed": "sodium,8619706e55bfe0025ddb81987bb80a00"}], "teams_full": [{"Darkrai": {"name": "Darkrai", "species": "Darkrai", "speciesId": "darkrai", "gender": "N", "shiny": false, "level": 77, "moves": ["hypnosis", "darkpulse", "nastyplot", "sludgebomb"], "ability": "Bad Dreams", "evs": {"hp": 85, "atk": 0, "def": 85, "spa": 85, "spd": 85, "spe": 85}, "ivs": {"hp": 31, "atk": 0, "def": 31, "spa": 31, "spd": 31, "spe": 31}, "item": "Life Orb", "teraType": "Poison", "role": "Setup Sweeper", "bvs": {"hp": 70, "atk": 90, "def": 90, "spa": 135, "spd": 90, "spe": 125}, "stats": {"hp": 234, "atk": 143, "def": 183, "spa": 252, "spd": 183, "spe": 237}, "types": ["Dark"]}, "Pelipper": {"name": "Pelipper", "species": "Pelipper", "speciesId": "pelipper", "gender": "M", "shiny": false, "level": 86, "moves": ["weatherball", "hurricane", "uturn", "hydropump"], "ability": "Drizzle", "evs": {"hp": 85, "atk": 85, "def": 85, "spa": 85, "spd": 85, "spe": 85}, "ivs": {"hp": 31, "atk": 31, "def": 31, "spa": 31, "spd": 31, "spe": 31}, "item": "Choice Specs", "teraType": "Water", "role": "Wallbreaker", "bvs": {"hp": 60, "atk": 50, "def": 100, "spa": 95, "spd": 70, "spe": 65}, "stats": {"hp": 243, "atk": 135, "def": 221, "spa": 213, "spd": 170, "spe": 161}, "types": ["Water", "Flying"]}, "Dugtrio": {"name": "Dugtrio", "species": "Dugtrio", "speciesId": "dugtrio", "gender": "F", "shiny": false, "level": 84, "moves": ["earthquake", "stoneedge", "swordsdance", "suckerpunch"], "ability": "Arena Trap", "evs": {"hp": 85, "atk": 85, "def": 85, "spa": 85, "spd": 85, "spe": 85}, "ivs": {"hp": 31, "atk": 31, "def": 31, "spa": 31, "spd": 31, "spe": 31}, "item": "Life Orb", "teraType": "Ghost", "role": "Fast Support", "bvs": {"hp": 35, "atk": 100, "def": 50, "spa": 50, "spd": 70, "spe": 120}, "stats": {"hp": 196, "atk": 216, "def": 132, "spa": 132, "spd": 166, "spe": 250}, "types": ["Ground"]}, "Espathra": {"name": "Espathra", "species": "Espathra", "speciesId": "espathra", "gender": "M", "shiny": false, "level": 80, "moves": ["luminacrash", "dazzlinggleam", "uturn", "shadowball"], "ability": "Speed Boost", "evs": {"hp": 85, "atk": 85, "def": 85, "spa": 85, "spd": 85, "spe": 85}, "ivs": {"hp": 31, "atk": 31, "def": 31, "spa": 31, "spd": 31, "spe": 31}, "item": "Choice Specs", "teraType": "Psychic", "role": "Wallbreaker", "bvs": {"hp": 95, "atk": 60, "def": 60, "spa": 101, "spd": 60, "spe": 105}, "stats": {"hp": 283, "atk": 142, "def": 142, "spa": 208, "spd": 142, "spe": 214}, "types": ["Psychic"]}, "Armarouge": {"name": "Armarouge", "species": "Armarouge", "speciesId": "armarouge", "gender": "M", "shiny": false, "level": 80, "moves": ["armorcannon", "aurasphere", "psyshock", "energyball"], "ability": "Weak Armor", "evs": {"hp": 85, "atk": 0, "def": 85, "spa": 85, "spd": 85, "spe": 85}, "ivs": {"hp": 31, "atk": 0, "def": 31, "spa": 31, "spd": 31, "spe": 31}, "item": "Choice Specs", "teraType": "Fire", "role": "Wallbreaker", "bvs": {"hp": 85, "atk": 60, "def": 100, "spa": 125, "spd": 80, "spe": 75}, "stats": {"hp": 267, "atk": 101, "def": 206, "spa": 246, "spd": 174, "spe": 166}, "types": ["Fire", "Psychic"]}, "Raging Bolt": {"name": "Raging Bolt", "species": "Raging Bolt", "speciesId": "ragingbolt", "gender": "N", "shiny": false, "level": 78, "moves": ["voltswitch", "thunderclap", "discharge", "dracometeor"], "ability": "Protosynthesis", "evs": {"hp": 85, "atk": 0, "def": 85, "spa": 85, "spd": 85, "spe": 85}, "ivs": {"hp": 31, "atk": 0, "def": 31, "spa": 31, "spd": 31, "spe": 31}, "item": "Assault Vest", "teraType": "Electric", "role": "AV Pivot", "bvs": {"hp": 125, "atk": 73, "def": 91, "spa": 137, "spd": 89, "spe": 75}, "stats": {"hp": 323, "atk": 118, "def": 187, "spa": 259, "spd": 184, "spe": 162}, "types": ["Electric", "Dragon"]}}, {"Chi-Yu": {"name": "Chi-Yu", "species": "Chi-Yu", "speciesId": "chiyu", "gender": "N", "shiny": false, "level": 77, "moves": ["darkpulse", "nastyplot", "fireblast", "willowisp"], "ability": "Beads of Ruin", "evs": {"hp": 85, "atk": 0, "def": 85, "spa": 85, "spd": 85, "spe": 85}, "ivs": {"hp": 31, "atk": 0, "def": 31, "spa": 31, "spd": 31, "spe": 31}, "item": "Heavy-Duty Boots", "teraType": "Fire", "role": "Setup Sweeper", "bvs": {"hp": 55, "atk": 80, "def": 80, "spa": 135, "spd": 120, "spe": 100}, "stats": {"hp": 211, "atk": 128, "def": 168, "spa": 252, "spd": 229, "spe": 199}, "types": ["Dark", "Fire"]}, "Cinderace": {"name": "Cinderace", "species": "Cinderace", "speciesId": "cinderace", "gender": "F", "shiny": false, "level": 77, "moves": ["courtchange", "uturn", "willowisp", "pyroball"], "ability": "Libero", "evs": {"hp": 85, "atk": 85, "def": 85, "spa": 85, "spd": 85, "spe": 85}, "ivs": {"hp": 31, "atk": 31, "def": 31, "spa": 31, "spd": 31, "spe": 31}, "item": "Heavy-Duty Boots", "teraType": "Grass", "role": "Fast Support", "bvs": {"hp": 80, "atk": 116, "def": 75, "spa": 65, "spd": 75, "spe": 119}, "stats": {"hp": 250, "atk": 223, "def": 160, "spa": 145, "spd": 160, "spe": 228}, "types": ["Fire"]}, "Ribombee": {"name": "Ribombee", "species": "Ribombee", "speciesId": "ribombee", "gender": "M", "shiny": false, "level": 83, "moves": ["quiverdance", "terablast", "moonblast", "bugbuzz"], "ability": "Shield Dust", "evs": {"hp": 85, "atk": 0, "def": 85, "spa": 85, "spd": 85, "spe": 85}, "ivs": {"hp": 31, "atk": 0, "def": 31, "spa": 31, "spd": 31, "spe": 31}, "item": "Heavy-Duty Boots", "teraType": "Ground", "role": "Tera Blast user", "bvs": {"hp": 60, "atk": 55, "def": 60, "spa": 95, "spd": 70, "spe": 124}, "stats": {"hp": 235, "atk": 96, "def": 147, "spa": 205, "spd": 164, "spe": 254}, "types": ["Bug", "Fairy"]}, "Gengar": {"name": "Gengar", "species": "Gengar", "speciesId": "gengar", "gender": "F", "shiny": false, "level": 81, "moves": ["shadowball", "focusblast", "sludgewave", "encore"], "ability": "Cursed Body", "evs": {"hp": 85, "atk": 0, "def": 85, "spa": 85, "spd": 85, "spe": 85}, "ivs": {"hp": 31, "atk": 0, "def": 31, "spa": 31, "spd": 31, "spe": 31}, "item": "Life Orb", "teraType": "Ghost", "role": "Fast Attacker", "bvs": {"hp": 60, "atk": 65, "def": 60, "spa": 130, "spd": 75, "spe": 110}, "stats": {"hp": 230, "atk": 110, "def": 144, "spa": 257, "spd": 168, "spe": 225}, "types": ["Ghost", "Poison"]}, "Quaquaval": {"name": "Quaquaval", "species": "Quaquaval", "speciesId": "quaquaval", "gender": "M", "shiny": false, "level": 79, "moves": ["aquastep", "tripleaxel", "knockoff", "closecombat"], "ability": "Moxie", "evs": {"hp": 85, "atk": 85, "def": 85, "spa": 85, "spd": 85, "spe": 85}, "ivs": {"hp": 31, "atk": 31, "def": 31, "spa": 31, "spd": 31, "spe": 31}, "item": "Choice Band", "teraType": "Water", "role": "Wallbreaker", "bvs": {"hp": 85, "atk": 120, "def": 80, "spa": 85, "spd": 75, "spe": 85}, "stats": {"hp": 264, "atk": 235, "def": 172, "spa": 180, "spd": 164, "spe": 180}, "types": ["Water", "Fighting"]}, "Primarina": {"name": "Primarina", "species": "Primarina", "speciesId": "primarina", "gender": "F", "shiny": false, "level": 83, "moves": ["sparklingaria", "psychic", "calmmind", "drainingkiss"], "ability": "Torrent", "evs": {"hp": 85, "atk": 0, "def": 85, "spa": 85, "spd": 85, "spe": 85}, "ivs": {"hp": 31, "atk": 0, "def": 31, "spa": 31, "spd": 31, "spe": 31}, "item": "Leftovers", "teraType": "Steel", "role": "Bulky Attacker", "bvs": {"hp": 80, "atk": 74, "def": 74, "spa": 126, "spd": 116, "spe": 60}, "stats": {"hp": 268, "atk": 127, "def": 171, "spa": 257, "spd": 240, "spe": 147}, "types": ["Water", "Fairy"]}}]}