{"id": "gen9randombattle-2642209322", "format": "[Gen 9] Random Battle", "players": ["Mercury37", "jnpr010334"], "log": "|j|\u2606Mercury37\n|j|\u2606jnpr010334\n|t:|1782911215\n|gametype|singles\n|player|p1|Mercury37|265|1952\n|player|p2|jnpr010334|265|1934\n|gen|9\n|tier|[Gen 9] Random Battle\n|rated|\n|rule|Species Clause: Limit one of each Pok\u00e9mon\n|rule|HP Percentage Mod: HP is shown in percentages\n|rule|Sleep Clause Mod: Limit one foe put to sleep\n|rule|Illusion Level Mod: Illusion disguises the Pok\u00e9mon's true level\n|\n|t:|1782911215\n|teamsize|p1|6\n|teamsize|p2|6\n|start\n|switch|p1a: Slowking|Slowking, L88, F|310/310\n|switch|p2a: Iron Bundle|Iron Bundle, L78|215/215\n|turn|1\n|inactive|Battle timer is ON: inactive players will automatically lose when time's up. (requested by Mercury37)\n|inactive|jnpr010334 also wants the timer to be on.\n|\n|t:|1782911231\n|-end|p2a: Iron Bundle|Quark Drive|[silent]\n|switch|p2a: Cyclizar|Cyclizar, L83, M|252/252\n|move|p1a: Slowking|Future Sight|p2a: Cyclizar\n|-start|p1a: Slowking|move: Future Sight\n|\n|upkeep\n|turn|2\n|\n|t:|1782911242\n|switch|p1a: Bisharp|Bisharp, L79, M|232/232\n|move|p2a: Cyclizar|Knock Off|p1a: Bisharp\n|-resisted|p1a: Bisharp\n|-damage|p1a: Bisharp|210/232\n|-enditem|p1a: Bisharp|Eviolite|[from] move: Knock Off|[of] p2a: Cyclizar\n|\n|upkeep\n|turn|3\n|\n|t:|1782911247\n|move|p2a: Cyclizar|Shed Tail|p2a: Cyclizar\n|-start|p2a: Cyclizar|Substitute|[from] move: Shed Tail\n|-damage|p2a: Cyclizar|126/252\n|\n|t:|1782911248\n|switch|p2a: Hitmontop|Hitmontop, L88, M|231/231|[from] Shed Tail\n|move|p1a: Bisharp|Stealth Rock|p2a: Hitmontop\n|-sidestart|p2: jnpr010334|move: Stealth Rock\n|\n|-end|p2a: Hitmontop|move: Future Sight\n|-supereffective|p2a: Hitmontop\n|-end|p2a: Hitmontop|Substitute\n|upkeep\n|turn|4\n|\n|t:|1782911252\n|switch|p1a: Froslass|Froslass, L87, F|263/263\n|move|p2a: Hitmontop|Rapid Spin|p1a: Froslass\n|-immune|p1a: Froslass\n|\n|upkeep\n|turn|5\n|\n|t:|1782911258\n|-terastallize|p2a: Hitmontop|Ice\n|move|p1a: Froslass|Will-O-Wisp|p2a: Hitmontop\n|-status|p2a: Hitmontop|brn\n|move|p2a: Hitmontop|Bulk Up|p2a: Hitmontop\n|-boost|p2a: Hitmontop|atk|1\n|-boost|p2a: Hitmontop|def|1\n|\n|-damage|p2a: Hitmontop|217/231 brn|[from] brn\n|upkeep\n|turn|6\n|\n|t:|1782911268\n|move|p1a: Froslass|Poltergeist|p2a: Hitmontop|[miss]\n|-miss|p1a: Froslass|p2a: Hitmontop\n|move|p2a: Hitmontop|Bulk Up|p2a: Hitmontop\n|-boost|p2a: Hitmontop|atk|1\n|-boost|p2a: Hitmontop|def|1\n|\n|-heal|p2a: Hitmontop|231/231 brn|[from] item: Leftovers\n|-damage|p2a: Hitmontop|217/231 brn|[from] brn\n|upkeep\n|turn|7\n|\n|t:|1782911291\n|move|p1a: Froslass|Taunt|p2a: Hitmontop\n|-start|p2a: Hitmontop|move: Taunt\n|move|p2a: Hitmontop|Triple Axel|p1a: Froslass|[miss]\n|-miss|p2a: Hitmontop|p1a: Froslass\n|\n|-heal|p2a: Hitmontop|231/231 brn|[from] item: Leftovers\n|-damage|p2a: Hitmontop|217/231 brn|[from] brn\n|upkeep\n|turn|8\n|\n|t:|1782911298\n|move|p1a: Froslass|Poltergeist|p2a: Hitmontop\n|-activate|p2a: Hitmontop|move: Poltergeist|Leftovers\n|-damage|p2a: Hitmontop|168/231 brn\n|move|p2a: Hitmontop|Triple Axel|p1a: Froslass\n|-resisted|p1a: Froslass\n|-damage|p1a: Froslass|243/263\n|-start|p2a: Hitmontop|Disable|Triple Axel|[from] ability: Cursed Body|[of] p1a: Froslass\n|-resisted|p1a: Froslass\n|-damage|p1a: Froslass|207/263\n|-resisted|p1a: Froslass\n|-crit|p1a: Froslass\n|-damage|p1a: Froslass|116/263\n|-hitcount|p1a: Froslass|3\n|\n|-heal|p2a: Hitmontop|182/231 brn|[from] item: Leftovers\n|-damage|p2a: Hitmontop|168/231 brn|[from] brn\n|upkeep\n|turn|9\n|\n|t:|1782911305\n|move|p1a: Froslass|Poltergeist|p2a: Hitmontop\n|-activate|p2a: Hitmontop|move: Poltergeist|Leftovers\n|-damage|p2a: Hitmontop|120/231 brn\n|move|p2a: Hitmontop|Rapid Spin|p1a: Froslass\n|-immune|p1a: Froslass\n|\n|-heal|p2a: Hitmontop|134/231 brn|[from] item: Leftovers\n|-damage|p2a: Hitmontop|120/231 brn|[from] brn\n|-end|p2a: Hitmontop|move: Taunt\n|upkeep\n|turn|10\n|\n|t:|1782911310\n|move|p1a: Froslass|Poltergeist|p2a: Hitmontop\n|-activate|p2a: Hitmontop|move: Poltergeist|Leftovers\n|-damage|p2a: Hitmontop|69/231 brn\n|move|p2a: Hitmontop|Rapid Spin|p1a: Froslass\n|-immune|p1a: Froslass\n|\n|-heal|p2a: Hitmontop|83/231 brn|[from] item: Leftovers\n|-damage|p2a: Hitmontop|69/231 brn|[from] brn\n|upkeep\n|turn|11\n|\n|t:|1782911318\n|move|p1a: Froslass|Poltergeist|p2a: Hitmontop\n|-activate|p2a: Hitmontop|move: Poltergeist|Leftovers\n|-damage|p2a: Hitmontop|24/231 brn\n|move|p2a: Hitmontop|Rapid Spin|p1a: Froslass\n|-immune|p1a: Froslass\n|\n|-heal|p2a: Hitmontop|38/231 brn|[from] item: Leftovers\n|-damage|p2a: Hitmontop|24/231 brn|[from] brn\n|-end|p2a: Hitmontop|Disable\n|upkeep\n|turn|12\n|\n|t:|1782911326\n|move|p1a: Froslass|Poltergeist|p2a: Hitmontop\n|-activate|p2a: Hitmontop|move: Poltergeist|Leftovers\n|-damage|p2a: Hitmontop|0 fnt\n|faint|p2a: Hitmontop\n|\n|upkeep\n|\n|t:|1782911329\n|switch|p2a: Cyclizar|Cyclizar, L83, M|210/252\n|turn|13\n|\n|t:|1782911337\n|switch|p1a: Bisharp|Bisharp, L79, M|210/232\n|move|p2a: Cyclizar|Draco Meteor|p1a: Bisharp\n|-resisted|p1a: Bisharp\n|-damage|p1a: Bisharp|129/232\n|-unboost|p2a: Cyclizar|spa|2\n|\n|upkeep\n|turn|14\n|\n|t:|1782911347\n|move|p2a: Cyclizar|Shed Tail|p2a: Cyclizar\n|-start|p2a: Cyclizar|Substitute|[from] move: Shed Tail\n|-damage|p2a: Cyclizar|84/252\n|\n|t:|1782911348\n|switch|p2a: Enamorus|Enamorus, L79, F|247/247|[from] Shed Tail\n|move|p1a: Bisharp|Throat Chop|p2a: Enamorus\n|-resisted|p2a: Enamorus\n|-activate|p2a: Enamorus|move: Substitute|[damage]\n|\n|upkeep\n|turn|15\n|\n|t:|1782911374\n|switch|p1a: Froslass|Froslass, L87, F|116/263\n|move|p2a: Enamorus|Moonblast|p1a: Froslass\n|-damage|p1a: Froslass|0 fnt\n|faint|p1a: Froslass\n|\n|upkeep\n|inactive|Mercury37 has 120 seconds left.\n|\n|t:|1782911395\n|switch|p1a: Pachirisu|Pachirisu, L96, M|271/271\n|turn|16\n|\n|t:|1782911399\n|move|p1a: Pachirisu|Thunderbolt|p2a: Enamorus\n|-supereffective|p2a: Enamorus\n|-end|p2a: Enamorus|Substitute\n|move|p2a: Enamorus|Moonblast|p1a: Pachirisu\n|-damage|p1a: Pachirisu|205/271\n|\n|upkeep\n|turn|17\n|\n|t:|1782911408\n|switch|p2a: Cyclizar|Cyclizar, L83, M|168/252\n|move|p1a: Pachirisu|Nuzzle|p2a: Cyclizar\n|-resisted|p2a: Cyclizar\n|-damage|p2a: Cyclizar|157/252\n|-status|p2a: Cyclizar|par\n|\n|upkeep\n|turn|18\n|\n|t:|1782911413\n|move|p1a: Pachirisu|U-turn|p2a: Cyclizar\n|-damage|p2a: Cyclizar|107/252 par\n|\n|t:|1782911416\n|switch|p1a: Bisharp|Bisharp, L79, M|129/232|[from] U-turn\n|move|p2a: Cyclizar|Draco Meteor|p1a: Bisharp|[miss]\n|-miss|p2a: Cyclizar|p1a: Bisharp\n|\n|upkeep\n|turn|19\n|\n|t:|1782911420\n|switch|p2a: Enamorus|Enamorus, L79, F|247/247\n|move|p1a: Bisharp|Iron Head|p2a: Enamorus\n|-supereffective|p2a: Enamorus\n|-damage|p2a: Enamorus|1/247\n|\n|upkeep\n|turn|20\n|\n|t:|1782911426\n|move|p1a: Bisharp|Sucker Punch|p2a: Enamorus\n|-resisted|p2a: Enamorus\n|-damage|p2a: Enamorus|0 fnt\n|faint|p2a: Enamorus\n|\n|upkeep\n|\n|t:|1782911428\n|switch|p2a: Iron Bundle|Iron Bundle, L78|215/215\n|turn|21\n|\n|t:|1782911435\n|switch|p1a: Slowking|Slowking, L88, F|310/310\n|move|p2a: Iron Bundle|Hydro Pump|p1a: Slowking\n|-resisted|p1a: Slowking\n|-damage|p1a: Slowking|256/310\n|\n|upkeep\n|turn|22\n|\n|t:|1782911438\n|-end|p2a: Iron Bundle|Quark Drive|[silent]\n|switch|p2a: Cyclizar|Cyclizar, L83, M|191/252 par\n|move|p1a: Slowking|Future Sight|p2a: Cyclizar\n|-start|p1a: Slowking|move: Future Sight\n|\n|upkeep\n|turn|23\n|\n|t:|1782911443\n|move|p2a: Cyclizar|Knock Off|p1a: Slowking\n|-supereffective|p1a: Slowking\n|-damage|p1a: Slowking|126/310\n|-enditem|p1a: Slowking|Heavy-Duty Boots|[from] move: Knock Off|[of] p2a: Cyclizar\n|-prepare|p1a: Slowking|Chilly Reception|[premajor]\n|move|p1a: Slowking|Chilly Reception|p1a: Slowking\n|-weather|Snowscape\n|\n|t:|1782911458\n|switch|p1a: Braviary|Braviary-Hisui, L85, M|326/326|[from] Chilly Reception\n|\n|-weather|Snowscape|[upkeep]\n|upkeep\n|turn|24\n|\n|t:|1782911462\n|move|p1a: Braviary|Esper Wing|p2a: Cyclizar\n|-damage|p2a: Cyclizar|7/252 par\n|-boost|p1a: Braviary|spe|1\n|move|p2a: Cyclizar|Shed Tail|p2a: Cyclizar\n|-fail|p2a: Cyclizar|move: Shed Tail|[weak]\n|\n|-weather|Snowscape|[upkeep]\n|-end|p2a: Cyclizar|move: Future Sight\n|-damage|p2a: Cyclizar|0 fnt\n|faint|p2a: Cyclizar\n|upkeep\n|\n|t:|1782911464\n|switch|p2a: Lapras|Lapras, L87, F|368/368\n|turn|25\n|\n|t:|1782911493\n|-terastallize|p1a: Braviary|Psychic\n|move|p1a: Braviary|Esper Wing|p2a: Lapras\n|-damage|p2a: Lapras|190/368\n|-boost|p1a: Braviary|spe|1\n|move|p2a: Lapras|Freeze-Dry|p1a: Braviary\n|-damage|p1a: Braviary|244/326\n|\n|-weather|Snowscape|[upkeep]\n|upkeep\n|turn|26\n|\n|t:|1782911501\n|move|p1a: Braviary|Esper Wing|p2a: Lapras\n|-damage|p2a: Lapras|26/368\n|-boost|p1a: Braviary|spe|1\n|move|p2a: Lapras|Rest|p2a: Lapras\n|-status|p2a: Lapras|slp|[from] move: Rest\n|-heal|p2a: Lapras|368/368 slp|[silent]\n|\n|-weather|Snowscape|[upkeep]\n|upkeep\n|turn|27\n|\n|t:|1782911506\n|move|p1a: Braviary|Esper Wing|p2a: Lapras\n|-damage|p2a: Lapras|178/368 slp\n|-boost|p1a: Braviary|spe|1\n|cant|p2a: Lapras|slp\n|move|p2a: Lapras|Sleep Talk|p2a: Lapras\n|move|p2a: Lapras|Sparkling Aria|p1a: Braviary|[from] move: Sleep Talk\n|-damage|p1a: Braviary|129/326\n|\n|-weather|none\n|upkeep\n|turn|28\n|\n|t:|1782911511\n|move|p1a: Braviary|Esper Wing|p2a: Lapras\n|-damage|p2a: Lapras|0 fnt\n|-boost|p1a: Braviary|spe|1\n|faint|p2a: Lapras\n|\n|upkeep\n|\n|t:|1782911514\n|switch|p2a: Donphan|Donphan, L84, F|288/288\n|-damage|p2a: Donphan|270/288|[from] Stealth Rock\n|turn|29\n|\n|t:|1782911518\n|move|p1a: Braviary|Esper Wing|p2a: Donphan\n|-damage|p2a: Donphan|98/288\n|-boost|p1a: Braviary|spe|1\n|move|p2a: Donphan|Earthquake|p1a: Braviary\n|-damage|p1a: Braviary|0 fnt\n|faint|p1a: Braviary\n|\n|upkeep\n|\n|t:|1782911530\n|switch|p1a: Porygon-Z|Porygon-Z, L83|277/277\n|turn|30\n|\n|t:|1782911534\n|move|p1a: Porygon-Z|Tri Attack|p2a: Donphan\n|-damage|p2a: Donphan|0 fnt\n|faint|p2a: Donphan\n|\n|upkeep\n|\n|t:|1782911536\n|switch|p2a: Iron Bundle|Iron Bundle, L78|215/215\n|turn|31\n|\n|t:|1782911538\n|move|p2a: Iron Bundle|Hydro Pump|p1a: Porygon-Z|[miss]\n|-miss|p2a: Iron Bundle|p1a: Porygon-Z\n|move|p1a: Porygon-Z|Tri Attack|p2a: Iron Bundle\n|-damage|p2a: Iron Bundle|0 fnt\n|faint|p2a: Iron Bundle\n|-end|p2a: Iron Bundle|Quark Drive|[silent]\n|\n|win|Mercury37\n|raw|Mercury37's rating: 1952 &rarr; <strong>1967</strong><br />(+15 for winning)\n|raw|jnpr010334's rating: 1863 &rarr; <strong>1848</strong><br />(-15 for losing)\n", "inputlog": ">version f8ac14003a5f27e1bdc8d8c59608a773c1cb96e5\n>start {\"formatid\":\"gen9randombattle\",\"seed\":\"sodium,56f53c93944db4f209db6c9192a74bf4\",\"rated\":\"Rated battle\"}\n>player p1 {\"name\":\"Mercury37\",\"avatar\":\"265\",\"rating\":1952,\"seed\":\"sodium,763a21eaa3cfc54324251458ce184752\"}\n>player p2 {\"name\":\"jnpr010334\",\"avatar\":\"265\",\"rating\":1934,\"seed\":\"sodium,faa376088208de9f3789bdf800b03fe7\"}\n>p1 move futuresight\n>p2 switch 5\n>p1 switch 4\n>p2 move knockoff\n>p1 move stealthrock\n>p2 move shedtail\n>p2 switch 6\n>p1 switch 3\n>p2 move rapidspin\n>p1 move willowisp\n>p2 move bulkup terastallize\n>p1 move poltergeist\n>p2 move bulkup\n>p1 move taunt\n>p2 move tripleaxel\n>p1 move poltergeist\n>p2 move tripleaxel\n>p1 move poltergeist\n>p2 move rapidspin\n>p1 move poltergeist\n>p2 move rapidspin\n>p1 move poltergeist\n>p2 move rapidspin\n>p1 move poltergeist\n>p2 move tripleaxel\n>p2 switch 6\n>p1 switch 3\n>p2 move dracometeor\n>p1 move throatchop\n>p2 move shedtail\n>p2 switch 3\n>p1 switch 3\n>p2 move moonblast\n>p1 switch 6\n>p1 move thunderbolt\n>p2 move moonblast\n>p1 move nuzzle\n>p2 switch 3\n>p1 move uturn\n>p2 move dracometeor\n>p1 switch 3\n>p1 move ironhead\n>p2 switch 3\n>p1 move suckerpunch\n>p2 move earthpower\n>p2 switch 5\n>p1 switch 4\n>p2 move hydropump\n>p1 move futuresight\n>p2 switch 3\n>p1 move chillyreception\n>p2 move knockoff\n>p1 switch 5\n>p1 move esperwing\n>p2 move shedtail\n>p2 switch 2\n>p1 move esperwing terastallize\n>p2 move freezedry\n>p1 move esperwing\n>p2 move rest\n>p1 move esperwing\n>p2 move sleeptalk\n>p1 move esperwing\n>p2 move rest\n>p2 switch 4\n>p1 move esperwing\n>p2 move earthquake\n>p1 switch 2\n>p1 move triattack\n>p2 move earthquake\n>p2 switch 3\n>p1 move triattack\n>p2 move hydropump", "uploadtime": 1782911539, "views": 6, "formatid": "gen9randombattle", "rating": 1848, "private": 0, "password": null, "player_dets": [{"name": "Mercury37", "avatar": "265", "rating": 1952, "seed": "sodium,763a21eaa3cfc54324251458ce184752"}, {"name": "jnpr010334", "avatar": "265", "rating": 1934, "seed": "sodium,faa376088208de9f3789bdf800b03fe7"}], "teams_full": [{"Slowking": {"name": "Slowking", "species": "Slowking", "speciesId": "slowking", "gender": "F", "shiny": false, "level": 88, "moves": ["futuresight", "scald", "chillyreception", "slackoff"], "ability": "Regenerator", "evs": {"hp": 85, "atk": 0, "def": 85, "spa": 85, "spd": 85, "spe": 85}, "ivs": {"hp": 31, "atk": 0, "def": 31, "spa": 31, "spd": 31, "spe": 31}, "item": "Heavy-Duty Boots", "teraType": "Dragon", "role": "Fast Support", "bvs": {"hp": 95, "atk": 75, "def": 80, "spa": 100, "spd": 110, "spe": 30}, "stats": {"hp": 310, "atk": 137, "def": 191, "spa": 226, "spd": 244, "spe": 103}, "types": ["Water", "Psychic"]}, "Porygon-Z": {"name": "Porygon-Z", "species": "Porygon-Z", "speciesId": "porygonz", "gender": "N", "shiny": false, "level": 83, "moves": ["thunderbolt", "shadowball", "triattack", "icebeam"], "ability": "Adaptability", "evs": {"hp": 85, "atk": 0, "def": 85, "spa": 85, "spd": 85, "spe": 85}, "ivs": {"hp": 31, "atk": 0, "def": 31, "spa": 31, "spd": 31, "spe": 31}, "item": "Choice Specs", "teraType": "Ghost", "role": "Fast Attacker", "bvs": {"hp": 85, "atk": 80, "def": 70, "spa": 135, "spd": 75, "spe": 90}, "stats": {"hp": 277, "atk": 137, "def": 164, "spa": 272, "spd": 172, "spe": 197}, "types": ["Normal"]}, "Froslass": {"name": "Froslass", "species": "Froslass", "speciesId": "froslass", "gender": "F", "shiny": false, "level": 87, "moves": ["poltergeist", "willowisp", "taunt", "tripleaxel"], "ability": "Cursed Body", "evs": {"hp": 81, "atk": 85, "def": 85, "spa": 85, "spd": 85, "spe": 85}, "ivs": {"hp": 31, "atk": 31, "def": 31, "spa": 31, "spd": 31, "spe": 31}, "item": "Wide Lens", "teraType": "Ice", "role": "Fast Support", "bvs": {"hp": 70, "atk": 80, "def": 70, "spa": 80, "spd": 70, "spe": 110}, "stats": {"hp": 263, "atk": 189, "def": 172, "spa": 189, "spd": 172, "spe": 241}, "types": ["Ice", "Ghost"]}, "Bisharp": {"name": "Bisharp", "species": "Bisharp", "speciesId": "bisharp", "gender": "M", "shiny": false, "level": 79, "moves": ["ironhead", "suckerpunch", "throatchop", "stealthrock"], "ability": "Defiant", "evs": {"hp": 85, "atk": 85, "def": 85, "spa": 85, "spd": 85, "spe": 85}, "ivs": {"hp": 31, "atk": 31, "def": 31, "spa": 31, "spd": 31, "spe": 31}, "item": "Eviolite", "teraType": "Flying", "role": "Bulky Attacker", "bvs": {"hp": 65, "atk": 125, "def": 100, "spa": 60, "spd": 70, "spe": 70}, "stats": {"hp": 232, "atk": 243, "def": 204, "spa": 140, "spd": 156, "spe": 156}, "types": ["Dark", "Steel"]}, "Braviary": {"name": "Braviary", "species": "Braviary-Hisui", "speciesId": "braviaryhisui", "gender": "M", "shiny": false, "level": 85, "moves": ["esperwing", "uturn", "vacuumwave", "hurricane"], "ability": "Tinted Lens", "evs": {"hp": 85, "atk": 85, "def": 85, "spa": 85, "spd": 85, "spe": 85}, "ivs": {"hp": 31, "atk": 31, "def": 31, "spa": 31, "spd": 31, "spe": 31}, "item": "Choice Specs", "teraType": "Psychic", "role": "Wallbreaker", "bvs": {"hp": 110, "atk": 83, "def": 70, "spa": 112, "spd": 70, "spe": 65}, "stats": {"hp": 326, "atk": 190, "def": 168, "spa": 239, "spd": 168, "spe": 159}, "types": ["Psychic", "Flying"]}, "Pachirisu": {"name": "Pachirisu", "species": "Pachirisu", "speciesId": "pachirisu", "gender": "M", "shiny": false, "level": 96, "moves": ["thunderbolt", "uturn", "superfang", "nuzzle"], "ability": "Volt Absorb", "evs": {"hp": 85, "atk": 85, "def": 85, "spa": 85, "spd": 85, "spe": 85}, "ivs": {"hp": 31, "atk": 31, "def": 31, "spa": 31, "spd": 31, "spe": 31}, "item": "Assault Vest", "teraType": "Flying", "role": "AV Pivot", "bvs": {"hp": 60, "atk": 45, "def": 70, "spa": 45, "spd": 90, "spe": 95}, "stats": {"hp": 271, "atk": 141, "def": 189, "spa": 141, "spd": 227, "spe": 237}, "types": ["Electric"]}}, {"Iron Bundle": {"name": "Iron Bundle", "species": "Iron Bundle", "speciesId": "ironbundle", "gender": "N", "shiny": false, "level": 78, "moves": ["freezedry", "flipturn", "encore", "hydropump"], "ability": "Quark Drive", "evs": {"hp": 85, "atk": 85, "def": 85, "spa": 85, "spd": 85, "spe": 85}, "ivs": {"hp": 31, "atk": 31, "def": 31, "spa": 31, "spd": 31, "spe": 31}, "item": "Heavy-Duty Boots", "teraType": "Water", "role": "Fast Attacker", "bvs": {"hp": 56, "atk": 80, "def": 114, "spa": 124, "spd": 60, "spe": 136}, "stats": {"hp": 215, "atk": 170, "def": 223, "spa": 239, "spd": 139, "spe": 257}, "types": ["Ice", "Water"]}, "Lapras": {"name": "Lapras", "species": "Lapras", "speciesId": "lapras", "gender": "F", "shiny": false, "level": 87, "moves": ["freezedry", "rest", "sparklingaria", "sleeptalk"], "ability": "Water Absorb", "evs": {"hp": 85, "atk": 0, "def": 85, "spa": 85, "spd": 85, "spe": 85}, "ivs": {"hp": 31, "atk": 0, "def": 31, "spa": 31, "spd": 31, "spe": 31}, "item": "Heavy-Duty Boots", "teraType": "Dragon", "role": "Bulky Attacker", "bvs": {"hp": 130, "atk": 85, "def": 80, "spa": 85, "spd": 95, "spe": 60}, "stats": {"hp": 368, "atk": 152, "def": 189, "spa": 198, "spd": 215, "spe": 154}, "types": ["Water", "Ice"]}, "Enamorus": {"name": "Enamorus", "species": "Enamorus", "speciesId": "enamorus", "gender": "F", "shiny": false, "level": 79, "moves": ["mysticalfire", "earthpower", "moonblast", "calmmind"], "ability": "Cute Charm", "evs": {"hp": 85, "atk": 0, "def": 85, "spa": 85, "spd": 85, "spe": 85}, "ivs": {"hp": 31, "atk": 0, "def": 31, "spa": 31, "spd": 31, "spe": 31}, "item": "Heavy-Duty Boots", "teraType": "Ground", "role": "Fast Bulky Setup", "bvs": {"hp": 74, "atk": 115, "def": 70, "spa": 135, "spd": 80, "spe": 106}, "stats": {"hp": 247, "atk": 186, "def": 156, "spa": 259, "spd": 172, "spe": 213}, "types": ["Fairy", "Flying"]}, "Donphan": {"name": "Donphan", "species": "Donphan", "speciesId": "donphan", "gender": "F", "shiny": false, "level": 84, "moves": ["earthquake", "iceshard", "icespinner", "rapidspin"], "ability": "Sturdy", "evs": {"hp": 85, "atk": 85, "def": 85, "spa": 85, "spd": 85, "spe": 85}, "ivs": {"hp": 31, "atk": 31, "def": 31, "spa": 31, "spd": 31, "spe": 31}, "item": "Assault Vest", "teraType": "Steel", "role": "Bulky Support", "bvs": {"hp": 90, "atk": 120, "def": 120, "spa": 60, "spd": 60, "spe": 50}, "stats": {"hp": 288, "atk": 250, "def": 250, "spa": 149, "spd": 149, "spe": 132}, "types": ["Ground"]}, "Cyclizar": {"name": "Cyclizar", "species": "Cyclizar", "speciesId": "cyclizar", "gender": "M", "shiny": false, "level": 83, "moves": ["taunt", "shedtail", "knockoff", "dracometeor"], "ability": "Regenerator", "evs": {"hp": 85, "atk": 85, "def": 85, "spa": 85, "spd": 85, "spe": 85}, "ivs": {"hp": 31, "atk": 31, "def": 31, "spa": 31, "spd": 31, "spe": 31}, "item": "Heavy-Duty Boots", "teraType": "Dragon", "role": "Fast Support", "bvs": {"hp": 70, "atk": 95, "def": 65, "spa": 85, "spd": 65, "spe": 121}, "stats": {"hp": 252, "atk": 205, "def": 156, "spa": 189, "spd": 156, "spe": 249}, "types": ["Dragon", "Normal"]}, "Hitmontop": {"name": "Hitmontop", "species": "Hitmontop", "speciesId": "hitmontop", "gender": "M", "shiny": false, "level": 88, "moves": ["bulkup", "rapidspin", "closecombat", "tripleaxel"], "ability": "Technician", "evs": {"hp": 85, "atk": 85, "def": 85, "spa": 85, "spd": 85, "spe": 85}, "ivs": {"hp": 31, "atk": 31, "def": 31, "spa": 31, "spd": 31, "spe": 31}, "item": "Leftovers", "teraType": "Ice", "role": "Bulky Setup", "bvs": {"hp": 50, "atk": 95, "def": 95, "spa": 35, "spd": 110, "spe": 70}, "stats": {"hp": 231, "atk": 217, "def": 217, "spa": 112, "spd": 244, "spe": 173}, "types": ["Fighting"]}}]}