{"id": "gen9randombattle-2642084517", "format": "[Gen 9] Random Battle", "players": ["aofoxygen", "notmetbh102"], "log": "|j|\u203daofoxygen\n|j|\u2606notmetbh102\n|inactive|Battle timer is ON: inactive players will automatically lose when time's up. (requested by notmetbh102)\n|t:|1782886489\n|gametype|singles\n|player|p1|aofoxygen|265|2131\n|player|p2|notmetbh102|265|2212\n|gen|9\n|tier|[Gen 9] Random Battle\n|rated|\n|rule|Species Clause: Limit one of each Pok\u00e9mon\n|rule|HP Percentage Mod: HP is shown in percentages\n|rule|Sleep Clause Mod: Limit one foe put to sleep\n|rule|Illusion Level Mod: Illusion disguises the Pok\u00e9mon's true level\n|\n|t:|1782886489\n|teamsize|p1|6\n|teamsize|p2|6\n|start\n|switch|p1a: Gurdurr|Gurdurr, L85, F|283/283\n|switch|p2a: Regice|Regice, L88|284/284\n|turn|1\n|c|\u2606notmetbh102|hf\n|\n|t:|1782886506\n|switch|p2a: Hawlucha|Hawlucha, L80, M|256/256\n|move|p1a: Gurdurr|Knock Off|p2a: Hawlucha\n|-resisted|p2a: Hawlucha\n|-damage|p2a: Hawlucha|209/256\n|-enditem|p2a: Hawlucha|White Herb|[from] move: Knock Off|[of] p1a: Gurdurr\n|\n|upkeep\n|turn|2\n|\n|t:|1782886518\n|switch|p1a: Deoxys|Deoxys-Defense, L84|221/221\n|-ability|p1a: Deoxys|Pressure\n|move|p2a: Hawlucha|Swords Dance|p2a: Hawlucha\n|-boost|p2a: Hawlucha|atk|2\n|\n|upkeep\n|turn|3\n|\n|t:|1782886525\n|-terastallize|p2a: Hawlucha|Flying\n|move|p2a: Hawlucha|Acrobatics|p1a: Deoxys\n|-damage|p1a: Deoxys|61/221\n|move|p1a: Deoxys|Psychic Noise|p2a: Hawlucha\n|-damage|p2a: Hawlucha|125/256\n|-start|p2a: Hawlucha|move: Heal Block\n|\n|-heal|p1a: Deoxys|74/221|[from] item: Leftovers\n|upkeep\n|turn|4\n|\n|t:|1782886540\n|move|p2a: Hawlucha|Acrobatics|p1a: Deoxys\n|-damage|p1a: Deoxys|0 fnt\n|faint|p1a: Deoxys\n|\n|-end|p2a: Hawlucha|move: Heal Block\n|upkeep\n|\n|t:|1782886547\n|switch|p1a: Ditto|Ditto, L87|225/225\n|-transform|p1a: Ditto|p2a: Hawlucha|[from] ability: Imposter\n|-start|p1a: Ditto|typechange|Fighting/Flying|[silent]\n|turn|5\n|\n|t:|1782886552\n|move|p2a: Hawlucha|Acrobatics|p1a: Ditto\n|-supereffective|p1a: Ditto\n|-damage|p1a: Ditto|0 fnt\n|faint|p1a: Ditto\n|\n|upkeep\n|\n|t:|1782886564\n|switch|p1a: Rhyperior|Rhyperior, L82, M|323/323\n|turn|6\n|\n|t:|1782886570\n|move|p2a: Hawlucha|Close Combat|p1a: Rhyperior\n|-supereffective|p1a: Rhyperior\n|-damage|p1a: Rhyperior|83/323\n|-unboost|p2a: Hawlucha|def|1\n|-unboost|p2a: Hawlucha|spd|1\n|-enditem|p1a: Rhyperior|Weakness Policy\n|-boost|p1a: Rhyperior|atk|2|[from] item: Weakness Policy\n|-boost|p1a: Rhyperior|spa|2|[from] item: Weakness Policy\n|move|p1a: Rhyperior|Stone Edge|p2a: Hawlucha\n|-supereffective|p2a: Hawlucha\n|-damage|p2a: Hawlucha|0 fnt\n|faint|p2a: Hawlucha\n|\n|upkeep\n|\n|t:|1782886570\n|switch|p2a: Politoed|Politoed, L88, F|302/302\n|-weather|RainDance|[from] ability: Drizzle|[of] p2a: Politoed\n|turn|7\n|\n|t:|1782886584\n|move|p2a: Politoed|Surf|p1a: Rhyperior\n|-supereffective|p1a: Rhyperior\n|-damage|p1a: Rhyperior|0 fnt\n|faint|p1a: Rhyperior\n|\n|-weather|RainDance|[upkeep]\n|upkeep\n|\n|t:|1782886586\n|switch|p1a: Morpeko|Morpeko, L88, F|245/245\n|turn|8\n|\n|t:|1782886593\n|move|p1a: Morpeko|Aura Wheel|p2a: Politoed\n|-supereffective|p2a: Politoed\n|-damage|p2a: Politoed|42/302\n|-boost|p1a: Morpeko|spe|1\n|move|p2a: Politoed|Rest|p2a: Politoed\n|-status|p2a: Politoed|slp|[from] move: Rest\n|-heal|p2a: Politoed|302/302 slp|[silent]\n|-enditem|p2a: Politoed|Chesto Berry|[eat]\n|-curestatus|p2a: Politoed|slp|[msg]\n|\n|-weather|RainDance|[upkeep]\n|-formechange|p1a: Morpeko|Morpeko-Hangry||[from] ability: Hunger Switch\n|upkeep\n|turn|9\n|\n|t:|1782886602\n|move|p1a: Morpeko|Protect|p1a: Morpeko\n|-singleturn|p1a: Morpeko|Protect\n|move|p2a: Politoed|Surf|p1a: Morpeko\n|-activate|p1a: Morpeko|move: Protect\n|\n|-weather|RainDance|[upkeep]\n|-formechange|p1a: Morpeko|Morpeko||[from] ability: Hunger Switch\n|upkeep\n|turn|10\n|\n|t:|1782886607\n|move|p1a: Morpeko|Aura Wheel|p2a: Politoed\n|-supereffective|p2a: Politoed\n|-damage|p2a: Politoed|20/302\n|-boost|p1a: Morpeko|spe|1\n|move|p2a: Politoed|Surf|p1a: Morpeko\n|-damage|p1a: Morpeko|56/245\n|\n|-weather|RainDance|[upkeep]\n|-formechange|p1a: Morpeko|Morpeko-Hangry||[from] ability: Hunger Switch\n|upkeep\n|turn|11\n|\n|t:|1782886616\n|move|p1a: Morpeko|Rapid Spin|p2a: Politoed\n|-damage|p2a: Politoed|0 fnt\n|-boost|p1a: Morpeko|spe|1\n|faint|p2a: Politoed\n|\n|-weather|none\n|-formechange|p1a: Morpeko|Morpeko||[from] ability: Hunger Switch\n|upkeep\n|\n|t:|1782886617\n|switch|p2a: Ambipom|Ambipom, L84, M|263/263\n|turn|12\n|\n|t:|1782886624\n|move|p1a: Morpeko|Protect|p1a: Morpeko\n|-singleturn|p1a: Morpeko|Protect\n|move|p2a: Ambipom|U-turn|p1a: Morpeko\n|-activate|p1a: Morpeko|move: Protect\n|\n|-formechange|p1a: Morpeko|Morpeko-Hangry||[from] ability: Hunger Switch\n|upkeep\n|turn|13\n|\n|t:|1782886635\n|move|p1a: Morpeko|Parting Shot|p2a: Ambipom\n|-unboost|p2a: Ambipom|atk|1\n|-unboost|p2a: Ambipom|spa|1\n|\n|t:|1782886638\n|switch|p1a: Gurdurr|Gurdurr, L85, F|283/283|[from] Parting Shot\n|move|p2a: Ambipom|U-turn|p1a: Gurdurr\n|-resisted|p1a: Gurdurr\n|-damage|p1a: Gurdurr|266/283\n|\n|t:|1782886639\n|switch|p2a: Annihilape|Annihilape, L76, M|292/292|[from] U-turn\n|\n|upkeep\n|turn|14\n|\n|t:|1782886651\n|switch|p1a: Dipplin|Dipplin, L88, M|284/284\n|move|p2a: Annihilape|Bulk Up|p2a: Annihilape\n|-boost|p2a: Annihilape|atk|1\n|-boost|p2a: Annihilape|def|1\n|\n|upkeep\n|turn|15\n|\n|t:|1782886656\n|move|p2a: Annihilape|Bulk Up|p2a: Annihilape\n|-boost|p2a: Annihilape|atk|1\n|-boost|p2a: Annihilape|def|1\n|move|p1a: Dipplin|Dragon Pulse|p2a: Annihilape\n|-damage|p2a: Annihilape|195/292\n|\n|upkeep\n|turn|16\n|\n|t:|1782886662\n|move|p2a: Annihilape|Bulk Up|p2a: Annihilape\n|-boost|p2a: Annihilape|atk|1\n|-boost|p2a: Annihilape|def|1\n|move|p1a: Dipplin|Dragon Pulse|p2a: Annihilape\n|-damage|p2a: Annihilape|87/292\n|\n|upkeep\n|turn|17\n|\n|t:|1782886665\n|move|p2a: Annihilape|Drain Punch|p1a: Dipplin\n|-damage|p1a: Dipplin|188/284\n|-heal|p2a: Annihilape|135/292|[from] drain|[of] p1a: Dipplin\n|move|p1a: Dipplin|Dragon Pulse|p2a: Annihilape\n|-damage|p2a: Annihilape|35/292\n|\n|upkeep\n|turn|18\n|\n|t:|1782886669\n|move|p2a: Annihilape|Rest|p2a: Annihilape\n|-status|p2a: Annihilape|slp|[from] move: Rest\n|-heal|p2a: Annihilape|292/292 slp|[silent]\n|-enditem|p2a: Annihilape|Chesto Berry|[eat]\n|-curestatus|p2a: Annihilape|slp|[msg]\n|move|p1a: Dipplin|Dragon Pulse|p2a: Annihilape\n|-damage|p2a: Annihilape|193/292\n|\n|upkeep\n|turn|19\n|\n|t:|1782886677\n|move|p2a: Annihilape|Drain Punch|p1a: Dipplin\n|-damage|p1a: Dipplin|92/284\n|-heal|p2a: Annihilape|241/292|[from] drain|[of] p1a: Dipplin\n|move|p1a: Dipplin|Dragon Pulse|p2a: Annihilape\n|-damage|p2a: Annihilape|133/292\n|\n|upkeep\n|turn|20\n|\n|t:|1782886680\n|move|p2a: Annihilape|Drain Punch|p1a: Dipplin\n|-damage|p1a: Dipplin|0 fnt\n|-heal|p2a: Annihilape|179/292|[from] drain|[of] p1a: Dipplin\n|faint|p1a: Dipplin\n|\n|upkeep\n|-message|aofoxygen forfeited.\n|\n|win|notmetbh102\n|raw|aofoxygen's rating: 2131 &rarr; <strong>2116</strong><br />(-15 for losing)\n|raw|notmetbh102's rating: 2212 &rarr; <strong>2227</strong><br />(+15 for winning)\n|c|\u2606notmetbh102|gg\n|l|\u203daofoxygen\n|player|p1|\n", "inputlog": ">version f8ac14003a5f27e1bdc8d8c59608a773c1cb96e5\n>start {\"formatid\":\"gen9randombattle\",\"seed\":\"sodium,ac68106e110926867c03d09f63d49220\",\"rated\":\"Rated battle\"}\n>player p1 {\"name\":\"aofoxygen\",\"avatar\":\"265\",\"rating\":2131,\"seed\":\"sodium,830a3c432501d0d453b1818b2cf5e104\"}\n>player p2 {\"name\":\"notmetbh102\",\"avatar\":\"265\",\"rating\":2212,\"seed\":\"sodium,266fbd4b86194357a97b0ca9c92ec178\"}\n>chat \u2606notmetbh102|hf\n>p1 move knockoff\n>p2 switch 5\n>p1 switch 3\n>p2 move swordsdance\n>p1 move psychicnoise\n>p2 move acrobatics terastallize\n>p1 move stealthrock\n>p2 move acrobatics\n>p1 switch 6\n>p1 move acrobatics\n>p2 move acrobatics\n>p1 switch 5\n>p1 move stoneedge\n>p2 move closecombat\n>p2 switch 3\n>p1 move rockpolish\n>p2 move surf\n>p1 switch 4\n>p1 move aurawheel\n>p2 move rest\n>p1 move protect\n>p2 move surf\n>p1 move aurawheel\n>p2 move surf\n>p1 move rapidspin\n>p2 move icebeam\n>p2 switch 6\n>p1 move protect\n>p2 move uturn\n>p1 move partingshot\n>p2 move uturn\n>p1 switch 3\n>p2 switch 4\n>p1 switch 2\n>p2 move bulkup\n>p1 move dragonpulse\n>p2 move bulkup\n>p1 move dragonpulse\n>p2 move bulkup\n>p1 move dragonpulse\n>p2 move drainpunch\n>p1 move dragonpulse\n>p2 move rest\n>p1 move dragonpulse\n>p2 move drainpunch\n>p1 move dragonpulse\n>p2 move drainpunch\n>forcelose p1", "uploadtime": 1782886683, "views": 3, "formatid": "gen9randombattle", "rating": 2116, "private": 0, "password": null, "player_dets": [{"name": "aofoxygen", "avatar": "265", "rating": 2131, "seed": "sodium,830a3c432501d0d453b1818b2cf5e104"}, {"name": "notmetbh102", "avatar": "265", "rating": 2212, "seed": "sodium,266fbd4b86194357a97b0ca9c92ec178"}], "teams_full": [{"Gurdurr": {"name": "Gurdurr", "species": "Gurdurr", "speciesId": "gurdurr", "gender": "F", "shiny": false, "level": 85, "moves": ["defog", "drainpunch", "machpunch", "knockoff"], "ability": "Guts", "evs": {"hp": 85, "atk": 85, "def": 85, "spa": 85, "spd": 85, "spe": 85}, "ivs": {"hp": 31, "atk": 31, "def": 31, "spa": 31, "spd": 31, "spe": 31}, "item": "Eviolite", "teraType": "Steel", "role": "Bulky Attacker", "bvs": {"hp": 85, "atk": 105, "def": 85, "spa": 40, "spd": 50, "spe": 40}, "stats": {"hp": 283, "atk": 227, "def": 193, "spa": 117, "spd": 134, "spe": 117}, "types": ["Fighting"]}, "Dipplin": {"name": "Dipplin", "species": "Dipplin", "speciesId": "dipplin", "gender": "M", "shiny": false, "level": 88, "moves": ["suckerpunch", "gigadrain", "recover", "dragonpulse"], "ability": "Sticky Hold", "evs": {"hp": 85, "atk": 85, "def": 85, "spa": 85, "spd": 85, "spe": 85}, "ivs": {"hp": 31, "atk": 31, "def": 31, "spa": 31, "spd": 31, "spe": 31}, "item": "Eviolite", "teraType": "Steel", "role": "Bulky Attacker", "bvs": {"hp": 80, "atk": 80, "def": 110, "spa": 95, "spd": 80, "spe": 40}, "stats": {"hp": 284, "atk": 191, "def": 244, "spa": 217, "spd": 191, "spe": 121}, "types": ["Grass", "Dragon"]}, "Deoxys": {"name": "Deoxys", "species": "Deoxys-Defense", "speciesId": "deoxysdefense", "gender": "N", "shiny": false, "level": 84, "moves": ["psychicnoise", "stealthrock", "recover", "teleport"], "ability": "Pressure", "evs": {"hp": 85, "atk": 0, "def": 85, "spa": 85, "spd": 85, "spe": 85}, "ivs": {"hp": 31, "atk": 0, "def": 31, "spa": 31, "spd": 31, "spe": 31}, "item": "Leftovers", "teraType": "Dark", "role": "Bulky Support", "bvs": {"hp": 50, "atk": 70, "def": 160, "spa": 70, "spd": 160, "spe": 90}, "stats": {"hp": 221, "atk": 122, "def": 317, "spa": 166, "spd": 317, "spe": 199}, "types": ["Psychic"]}, "Morpeko": {"name": "Morpeko", "species": "Morpeko", "speciesId": "morpeko", "gender": "F", "shiny": false, "level": 88, "moves": ["rapidspin", "partingshot", "aurawheel", "protect"], "ability": "Hunger Switch", "evs": {"hp": 85, "atk": 85, "def": 85, "spa": 85, "spd": 85, "spe": 85}, "ivs": {"hp": 31, "atk": 31, "def": 31, "spa": 31, "spd": 31, "spe": 31}, "item": "Heavy-Duty Boots", "teraType": "Electric", "role": "Fast Support", "bvs": {"hp": 58, "atk": 95, "def": 58, "spa": 70, "spd": 58, "spe": 97}, "stats": {"hp": 245, "atk": 217, "def": 152, "spa": 173, "spd": 152, "spe": 221}, "types": ["Electric", "Dark"]}, "Rhyperior": {"name": "Rhyperior", "species": "Rhyperior", "speciesId": "rhyperior", "gender": "M", "shiny": false, "level": 82, "moves": ["earthquake", "stoneedge", "rockpolish", "megahorn"], "ability": "Solid Rock", "evs": {"hp": 85, "atk": 85, "def": 85, "spa": 85, "spd": 85, "spe": 85}, "ivs": {"hp": 31, "atk": 31, "def": 31, "spa": 31, "spd": 31, "spe": 31}, "item": "Weakness Policy", "teraType": "Bug", "role": "Bulky Setup", "bvs": {"hp": 115, "atk": 140, "def": 130, "spa": 55, "spd": 55, "spe": 40}, "stats": {"hp": 323, "atk": 277, "def": 260, "spa": 137, "spd": 137, "spe": 113}, "types": ["Ground", "Rock"]}, "Ditto": {"name": "Ditto", "species": "Ditto", "speciesId": "ditto", "gender": "N", "shiny": false, "level": 87, "moves": ["transform"], "ability": "Imposter", "evs": {"hp": 85, "atk": 85, "def": 85, "spa": 85, "spd": 85, "spe": 85}, "ivs": {"hp": 31, "atk": 31, "def": 31, "spa": 31, "spd": 31, "spe": 31}, "item": "Choice Scarf", "teraType": "Steel", "role": "Fast Support", "bvs": {"hp": 48, "atk": 48, "def": 48, "spa": 48, "spd": 48, "spe": 48}, "stats": {"hp": 225, "atk": 133, "def": 133, "spa": 133, "spd": 133, "spe": 133}, "types": ["Normal"]}}, {"Regice": {"name": "Regice", "species": "Regice", "speciesId": "regice", "gender": "N", "shiny": false, "level": 88, "moves": ["thunderbolt", "icebeam", "thunderwave", "bodypress"], "ability": "Clear Body", "evs": {"hp": 85, "atk": 0, "def": 85, "spa": 85, "spd": 85, "spe": 85}, "ivs": {"hp": 31, "atk": 0, "def": 31, "spa": 31, "spd": 31, "spe": 31}, "item": "Heavy-Duty Boots", "teraType": "Electric", "role": "Bulky Attacker", "bvs": {"hp": 80, "atk": 50, "def": 100, "spa": 100, "spd": 200, "spe": 50}, "stats": {"hp": 284, "atk": 93, "def": 226, "spa": 226, "spd": 402, "spe": 138}, "types": ["Ice"]}, "Gumshoos": {"name": "Gumshoos", "species": "Gumshoos", "speciesId": "gumshoos", "gender": "M", "shiny": false, "level": 95, "moves": ["uturn", "doubleedge", "earthquake", "knockoff"], "ability": "Stakeout", "evs": {"hp": 85, "atk": 85, "def": 85, "spa": 85, "spd": 85, "spe": 85}, "ivs": {"hp": 31, "atk": 31, "def": 31, "spa": 31, "spd": 31, "spe": 31}, "item": "Choice Band", "teraType": "Normal", "role": "Wallbreaker", "bvs": {"hp": 88, "atk": 110, "def": 60, "spa": 55, "spd": 60, "spe": 45}, "stats": {"hp": 321, "atk": 263, "def": 168, "spa": 158, "spd": 168, "spe": 139}, "types": ["Normal"]}, "Politoed": {"name": "Politoed", "species": "Politoed", "speciesId": "politoed", "gender": "F", "shiny": false, "level": 88, "moves": ["surf", "rest", "icebeam", "encore"], "ability": "Drizzle", "evs": {"hp": 85, "atk": 0, "def": 85, "spa": 85, "spd": 85, "spe": 85}, "ivs": {"hp": 31, "atk": 0, "def": 31, "spa": 31, "spd": 31, "spe": 31}, "item": "Chesto Berry", "teraType": "Water", "role": "Bulky Attacker", "bvs": {"hp": 90, "atk": 75, "def": 75, "spa": 90, "spd": 100, "spe": 70}, "stats": {"hp": 302, "atk": 137, "def": 182, "spa": 209, "spd": 226, "spe": 173}, "types": ["Water"]}, "Annihilape": {"name": "Annihilape", "species": "Annihilape", "speciesId": "annihilape", "gender": "M", "shiny": false, "level": 76, "moves": ["ragefist", "rest", "bulkup", "drainpunch"], "ability": "Defiant", "evs": {"hp": 85, "atk": 85, "def": 85, "spa": 85, "spd": 85, "spe": 85}, "ivs": {"hp": 31, "atk": 31, "def": 31, "spa": 31, "spd": 31, "spe": 31}, "item": "Chesto Berry", "teraType": "Fairy", "role": "Bulky Setup", "bvs": {"hp": 110, "atk": 115, "def": 80, "spa": 50, "spd": 90, "spe": 90}, "stats": {"hp": 292, "atk": 219, "def": 166, "spa": 120, "spd": 181, "spe": 181}, "types": ["Fighting", "Ghost"]}, "Hawlucha": {"name": "Hawlucha", "species": "Hawlucha", "speciesId": "hawlucha", "gender": "M", "shiny": false, "level": 80, "moves": ["closecombat", "bravebird", "swordsdance", "acrobatics"], "ability": "Unburden", "evs": {"hp": 85, "atk": 85, "def": 85, "spa": 85, "spd": 85, "spe": 85}, "ivs": {"hp": 31, "atk": 31, "def": 31, "spa": 31, "spd": 31, "spe": 31}, "item": "White Herb", "teraType": "Flying", "role": "Setup Sweeper", "bvs": {"hp": 78, "atk": 92, "def": 75, "spa": 74, "spd": 63, "spe": 118}, "stats": {"hp": 256, "atk": 193, "def": 166, "spa": 165, "spd": 147, "spe": 235}, "types": ["Fighting", "Flying"]}, "Ambipom": {"name": "Ambipom", "species": "Ambipom", "speciesId": "ambipom", "gender": "M", "shiny": false, "level": 84, "moves": ["tripleaxel", "knockoff", "doubleedge", "uturn"], "ability": "Technician", "evs": {"hp": 85, "atk": 85, "def": 85, "spa": 85, "spd": 85, "spe": 85}, "ivs": {"hp": 31, "atk": 31, "def": 31, "spa": 31, "spd": 31, "spe": 31}, "item": "Choice Band", "teraType": "Ice", "role": "Fast Attacker", "bvs": {"hp": 75, "atk": 100, "def": 66, "spa": 60, "spd": 66, "spe": 115}, "stats": {"hp": 263, "atk": 216, "def": 159, "spa": 149, "spd": 159, "spe": 241}, "types": ["Normal"]}}]}