{"id": "gen9randombattle-2642222500", "format": "[Gen 9] Random Battle", "players": ["testbotcif", "Skellux"], "log": "|j|\u2606testbotcif\n|j|\u2606Skellux\n|t:|1782913090\n|gametype|singles\n|player|p1|testbotcif|1|1466\n|player|p2|Skellux|swimmer|1480\n|gen|9\n|tier|[Gen 9] Random Battle\n|rated|\n|rule|Species Clause: Limit one of each Pok\u00e9mon\n|rule|HP Percentage Mod: HP is shown in percentages\n|rule|Sleep Clause Mod: Limit one foe put to sleep\n|rule|Illusion Level Mod: Illusion disguises the Pok\u00e9mon's true level\n|\n|t:|1782913090\n|teamsize|p1|6\n|teamsize|p2|6\n|start\n|switch|p1a: Glastrier|Glastrier, L86|311/311\n|switch|p2a: Ursaluna|Ursaluna, L79, M|335/335\n|turn|1\n|inactive|Battle timer is ON: inactive players will automatically lose when time's up. (requested by testbotcif)\n|c|\u2606testbotcif|rlhf\n|\n|t:|1782913104\n|switch|p2a: Spiritomb|Spiritomb, L89, F|234/234\n|move|p1a: Glastrier|Icicle Crash|p2a: Spiritomb\n|-damage|p2a: Spiritomb|66/234\n|\n|-heal|p2a: Spiritomb|80/234|[from] item: Leftovers\n|upkeep\n|turn|2\n|\n|t:|1782913114\n|move|p2a: Spiritomb|Will-O-Wisp|p1a: Glastrier\n|-status|p1a: Glastrier|brn\n|move|p1a: Glastrier|Icicle Crash|p2a: Spiritomb\n|-damage|p2a: Spiritomb|5/234\n|\n|-heal|p2a: Spiritomb|19/234|[from] item: Leftovers\n|-damage|p1a: Glastrier|292/311 brn|[from] brn\n|upkeep\n|turn|3\n|\n|t:|1782913124\n|switch|p2a: Vaporeon|Vaporeon, L86, M|364/364\n|move|p1a: Glastrier|Icicle Crash|p2a: Vaporeon\n|-resisted|p2a: Vaporeon\n|-damage|p2a: Vaporeon|303/364\n|\n|-heal|p2a: Vaporeon|325/364|[from] item: Leftovers\n|-damage|p1a: Glastrier|273/311 brn|[from] brn\n|upkeep\n|turn|4\n|\n|t:|1782913129\n|switch|p1a: Komala|Komala, L88, F|258/258\n|-ability|p1a: Komala|Comatose\n|move|p2a: Vaporeon|Calm Mind|p2a: Vaporeon\n|-boost|p2a: Vaporeon|spa|1\n|-boost|p2a: Vaporeon|spd|1\n|\n|-heal|p2a: Vaporeon|347/364|[from] item: Leftovers\n|upkeep\n|turn|5\n|\n|t:|1782913138\n|move|p2a: Vaporeon|Protect|p2a: Vaporeon\n|-singleturn|p2a: Vaporeon|Protect\n|move|p1a: Komala|Body Slam|p2a: Vaporeon\n|-activate|p2a: Vaporeon|move: Protect\n|\n|-heal|p2a: Vaporeon|364/364|[from] item: Leftovers\n|upkeep\n|turn|6\n|\n|t:|1782913146\n|switch|p2a: Spiritomb|Spiritomb, L89, F|19/234\n|move|p1a: Komala|Body Slam|p2a: Spiritomb\n|-immune|p2a: Spiritomb\n|\n|-heal|p2a: Spiritomb|33/234|[from] item: Leftovers\n|upkeep\n|turn|7\n|\n|t:|1782913155\n|switch|p2a: Dachsbun|Dachsbun, L92, M|254/254\n|move|p1a: Komala|Knock Off|p2a: Dachsbun\n|-resisted|p2a: Dachsbun\n|-damage|p2a: Dachsbun|224/254\n|-enditem|p2a: Dachsbun|Leftovers|[from] move: Knock Off|[of] p1a: Komala\n|\n|upkeep\n|turn|8\n|\n|t:|1782913157\n|switch|p1a: Glastrier|Glastrier, L86|273/311 brn\n|move|p2a: Dachsbun|Wish|p2a: Dachsbun\n|\n|-damage|p1a: Glastrier|254/311 brn|[from] brn\n|upkeep\n|turn|9\n|\n|t:|1782913178\n|switch|p2a: Vaporeon|Vaporeon, L86, M|364/364\n|move|p1a: Glastrier|Heavy Slam|p2a: Vaporeon\n|-resisted|p2a: Vaporeon\n|-damage|p2a: Vaporeon|310/364\n|\n|-heal|p2a: Vaporeon|364/364|[from] move: Wish|[wisher] Dachsbun\n|-damage|p1a: Glastrier|235/311 brn|[from] brn\n|upkeep\n|turn|10\n|\n|t:|1782913180\n|switch|p1a: Komala|Komala, L88, F|258/258\n|-ability|p1a: Komala|Comatose\n|move|p2a: Vaporeon|Calm Mind|p2a: Vaporeon\n|-boost|p2a: Vaporeon|spa|1\n|-boost|p2a: Vaporeon|spd|1\n|\n|upkeep\n|turn|11\n|\n|t:|1782913185\n|move|p2a: Vaporeon|Protect|p2a: Vaporeon\n|-singleturn|p2a: Vaporeon|Protect\n|move|p1a: Komala|Earthquake|p2a: Vaporeon\n|-activate|p2a: Vaporeon|move: Protect\n|\n|upkeep\n|turn|12\n|\n|t:|1782913194\n|move|p1a: Komala|Earthquake|p2a: Vaporeon\n|-damage|p2a: Vaporeon|244/364\n|move|p2a: Vaporeon|Wish|p2a: Vaporeon\n|\n|-heal|p2a: Vaporeon|266/364|[from] item: Leftovers\n|upkeep\n|turn|13\n|\n|t:|1782913196\n|move|p1a: Komala|Earthquake|p2a: Vaporeon\n|-damage|p2a: Vaporeon|159/364\n|move|p2a: Vaporeon|Calm Mind|p2a: Vaporeon\n|-boost|p2a: Vaporeon|spa|1\n|-boost|p2a: Vaporeon|spd|1\n|\n|-heal|p2a: Vaporeon|341/364|[from] move: Wish|[wisher] Vaporeon\n|-heal|p2a: Vaporeon|363/364|[from] item: Leftovers\n|upkeep\n|turn|14\n|\n|t:|1782913198\n|move|p1a: Komala|Earthquake|p2a: Vaporeon\n|-damage|p2a: Vaporeon|241/364\n|move|p2a: Vaporeon|Wish|p2a: Vaporeon\n|\n|-heal|p2a: Vaporeon|263/364|[from] item: Leftovers\n|upkeep\n|turn|15\n|\n|t:|1782913200\n|move|p1a: Komala|Earthquake|p2a: Vaporeon\n|-damage|p2a: Vaporeon|151/364\n|move|p2a: Vaporeon|Calm Mind|p2a: Vaporeon\n|-boost|p2a: Vaporeon|spa|1\n|-boost|p2a: Vaporeon|spd|1\n|\n|-heal|p2a: Vaporeon|333/364|[from] move: Wish|[wisher] Vaporeon\n|-heal|p2a: Vaporeon|355/364|[from] item: Leftovers\n|upkeep\n|turn|16\n|\n|t:|1782913203\n|move|p1a: Komala|Earthquake|p2a: Vaporeon\n|-crit|p2a: Vaporeon\n|-damage|p2a: Vaporeon|178/364\n|move|p2a: Vaporeon|Wish|p2a: Vaporeon\n|\n|-heal|p2a: Vaporeon|200/364|[from] item: Leftovers\n|upkeep\n|turn|17\n|\n|t:|1782913207\n|move|p1a: Komala|Earthquake|p2a: Vaporeon\n|-damage|p2a: Vaporeon|93/364\n|move|p2a: Vaporeon|Scald|p1a: Komala\n|-damage|p1a: Komala|107/258\n|\n|-heal|p2a: Vaporeon|275/364|[from] move: Wish|[wisher] Vaporeon\n|-heal|p2a: Vaporeon|297/364|[from] item: Leftovers\n|upkeep\n|turn|18\n|\n|t:|1782913210\n|move|p1a: Komala|Earthquake|p2a: Vaporeon\n|-damage|p2a: Vaporeon|179/364\n|move|p2a: Vaporeon|Wish|p2a: Vaporeon\n|\n|-heal|p2a: Vaporeon|201/364|[from] item: Leftovers\n|upkeep\n|turn|19\n|\n|t:|1782913212\n|move|p1a: Komala|Body Slam|p2a: Vaporeon\n|-damage|p2a: Vaporeon|47/364\n|move|p2a: Vaporeon|Calm Mind|p2a: Vaporeon\n|-boost|p2a: Vaporeon|spa|1\n|-boost|p2a: Vaporeon|spd|1\n|\n|-heal|p2a: Vaporeon|229/364|[from] move: Wish|[wisher] Vaporeon\n|-heal|p2a: Vaporeon|251/364|[from] item: Leftovers\n|upkeep\n|turn|20\n|\n|t:|1782913217\n|move|p2a: Vaporeon|Protect|p2a: Vaporeon\n|-singleturn|p2a: Vaporeon|Protect\n|move|p1a: Komala|Body Slam|p2a: Vaporeon\n|-activate|p2a: Vaporeon|move: Protect\n|\n|-heal|p2a: Vaporeon|273/364|[from] item: Leftovers\n|upkeep\n|turn|21\n|\n|t:|1782913219\n|move|p1a: Komala|Body Slam|p2a: Vaporeon\n|-crit|p2a: Vaporeon\n|-damage|p2a: Vaporeon|38/364\n|move|p2a: Vaporeon|Wish|p2a: Vaporeon\n|\n|-heal|p2a: Vaporeon|60/364|[from] item: Leftovers\n|upkeep\n|turn|22\n|\n|t:|1782913223\n|move|p2a: Vaporeon|Protect|p2a: Vaporeon\n|-singleturn|p2a: Vaporeon|Protect\n|move|p1a: Komala|Body Slam|p2a: Vaporeon\n|-activate|p2a: Vaporeon|move: Protect\n|\n|-heal|p2a: Vaporeon|242/364|[from] move: Wish|[wisher] Vaporeon\n|-heal|p2a: Vaporeon|264/364|[from] item: Leftovers\n|upkeep\n|turn|23\n|\n|t:|1782913229\n|move|p1a: Komala|Body Slam|p2a: Vaporeon\n|-damage|p2a: Vaporeon|116/364\n|move|p2a: Vaporeon|Wish|p2a: Vaporeon\n|\n|-heal|p2a: Vaporeon|138/364|[from] item: Leftovers\n|upkeep\n|turn|24\n|\n|t:|1782913231\n|move|p2a: Vaporeon|Protect|p2a: Vaporeon\n|-singleturn|p2a: Vaporeon|Protect\n|move|p1a: Komala|Body Slam|p2a: Vaporeon\n|-activate|p2a: Vaporeon|move: Protect\n|\n|-heal|p2a: Vaporeon|320/364|[from] move: Wish|[wisher] Vaporeon\n|-heal|p2a: Vaporeon|342/364|[from] item: Leftovers\n|upkeep\n|turn|25\n|\n|t:|1782913234\n|move|p1a: Komala|Body Slam|p2a: Vaporeon\n|-damage|p2a: Vaporeon|203/364\n|move|p2a: Vaporeon|Wish|p2a: Vaporeon\n|\n|-heal|p2a: Vaporeon|225/364|[from] item: Leftovers\n|upkeep\n|turn|26\n|\n|t:|1782913237\n|move|p1a: Komala|Body Slam|p2a: Vaporeon\n|-damage|p2a: Vaporeon|72/364\n|move|p2a: Vaporeon|Scald|p1a: Komala\n|-damage|p1a: Komala|0 fnt\n|faint|p1a: Komala\n|\n|-heal|p2a: Vaporeon|254/364|[from] move: Wish|[wisher] Vaporeon\n|-heal|p2a: Vaporeon|276/364|[from] item: Leftovers\n|upkeep\n|\n|t:|1782913237\n|switch|p1a: Samurott|Samurott, L88, F|310/310\n|turn|27\n|\n|t:|1782913242\n|move|p1a: Samurott|Knock Off|p2a: Vaporeon\n|-damage|p2a: Vaporeon|173/364\n|-enditem|p2a: Vaporeon|Leftovers|[from] move: Knock Off|[of] p1a: Samurott\n|move|p2a: Vaporeon|Scald|p1a: Samurott\n|-resisted|p1a: Samurott\n|-crit|p1a: Samurott\n|-damage|p1a: Samurott|147/310\n|\n|upkeep\n|turn|28\n|\n|t:|1782913245\n|move|p1a: Samurott|Knock Off|p2a: Vaporeon\n|-damage|p2a: Vaporeon|111/364\n|move|p2a: Vaporeon|Scald|p1a: Samurott\n|-resisted|p1a: Samurott\n|-damage|p1a: Samurott|39/310\n|-status|p1a: Samurott|brn\n|\n|-damage|p1a: Samurott|20/310 brn|[from] brn\n|upkeep\n|turn|29\n|\n|t:|1782913248\n|move|p1a: Samurott|Knock Off|p2a: Vaporeon\n|-damage|p2a: Vaporeon|79/364\n|move|p2a: Vaporeon|Wish|p2a: Vaporeon\n|\n|-damage|p1a: Samurott|1/310 brn|[from] brn\n|upkeep\n|turn|30\n|\n|t:|1782913250\n|move|p2a: Vaporeon|Protect|p2a: Vaporeon\n|-singleturn|p2a: Vaporeon|Protect\n|move|p1a: Samurott|Knock Off|p2a: Vaporeon\n|-activate|p2a: Vaporeon|move: Protect\n|\n|-heal|p2a: Vaporeon|261/364|[from] move: Wish|[wisher] Vaporeon\n|-damage|p1a: Samurott|0 fnt|[from] brn\n|faint|p1a: Samurott\n|upkeep\n|\n|t:|1782913251\n|switch|p1a: Politoed|Politoed, L88, M|302/302\n|-weather|RainDance|[from] ability: Drizzle|[of] p1a: Politoed\n|turn|31\n|\n|t:|1782913256\n|move|p1a: Politoed|Focus Blast|p2a: Vaporeon\n|-damage|p2a: Vaporeon|218/364\n|move|p2a: Vaporeon|Wish|p2a: Vaporeon\n|\n|-weather|RainDance|[upkeep]\n|upkeep\n|turn|32\n|\n|t:|1782913259\n|move|p1a: Politoed|Focus Blast|p2a: Vaporeon\n|-damage|p2a: Vaporeon|175/364\n|move|p2a: Vaporeon|Calm Mind|p2a: Vaporeon\n|-boost|p2a: Vaporeon|spa|1\n|-boost|p2a: Vaporeon|spd|1\n|\n|-weather|RainDance|[upkeep]\n|-heal|p2a: Vaporeon|357/364|[from] move: Wish|[wisher] Vaporeon\n|upkeep\n|turn|33\n|\n|t:|1782913261\n|move|p1a: Politoed|Focus Blast|p2a: Vaporeon\n|-damage|p2a: Vaporeon|324/364\n|move|p2a: Vaporeon|Calm Mind|p2a: Vaporeon\n|-boost|p2a: Vaporeon|spa|1\n|-boost|p2a: Vaporeon|spd|1\n|\n|-weather|RainDance|[upkeep]\n|upkeep\n|turn|34\n|\n|t:|1782913265\n|move|p1a: Politoed|Focus Blast|p2a: Vaporeon|[miss]\n|-miss|p1a: Politoed|p2a: Vaporeon\n|move|p2a: Vaporeon|Wish|p2a: Vaporeon\n|\n|-weather|RainDance|[upkeep]\n|upkeep\n|turn|35\n|\n|t:|1782913266\n|move|p1a: Politoed|Focus Blast|p2a: Vaporeon\n|-damage|p2a: Vaporeon|294/364\n|move|p2a: Vaporeon|Scald|p1a: Politoed\n|-resisted|p1a: Politoed\n|-damage|p1a: Politoed|34/302\n|\n|-weather|none\n|-heal|p2a: Vaporeon|364/364|[from] move: Wish|[wisher] Vaporeon\n|upkeep\n|turn|36\n|\n|t:|1782913269\n|move|p1a: Politoed|Focus Blast|p2a: Vaporeon\n|-damage|p2a: Vaporeon|332/364\n|move|p2a: Vaporeon|Scald|p1a: Politoed\n|-resisted|p1a: Politoed\n|-damage|p1a: Politoed|0 fnt\n|faint|p1a: Politoed\n|\n|upkeep\n|\n|t:|1782913269\n|switch|p1a: Dedenne|Dedenne, L88, M|261/261\n|turn|37\n|\n|t:|1782913272\n|move|p1a: Dedenne|Thunderbolt|p2a: Vaporeon\n|-supereffective|p2a: Vaporeon\n|-crit|p2a: Vaporeon\n|-damage|p2a: Vaporeon|62/364\n|-status|p2a: Vaporeon|par\n|move|p2a: Vaporeon|Scald|p1a: Dedenne\n|-damage|p1a: Dedenne|0 fnt\n|faint|p1a: Dedenne\n|\n|upkeep\n|\n|t:|1782913272\n|switch|p1a: Glastrier|Glastrier, L86|235/311 brn\n|turn|38\n|\n|t:|1782913282\n|move|p1a: Glastrier|Close Combat|p2a: Vaporeon\n|-damage|p2a: Vaporeon|0 fnt\n|-unboost|p1a: Glastrier|def|1\n|-unboost|p1a: Glastrier|spd|1\n|faint|p2a: Vaporeon\n|-ability|p1a: Glastrier|Chilling Neigh|boost\n|-boost|p1a: Glastrier|atk|1\n|\n|-damage|p1a: Glastrier|216/311 brn|[from] brn\n|upkeep\n|\n|t:|1782913290\n|switch|p2a: Spiritomb|Spiritomb, L89, F|235/235\n|turn|39\n|\n|t:|1782913291\n|switch|p1a: Groudon|Groudon, L72|263/263\n|-weather|SunnyDay|[from] ability: Drought|[of] p1a: Groudon\n|move|p2a: Spiritomb|Flamethrower|p1a: Groudon\n|-damage|p1a: Groudon|83/263\n|\n|-weather|SunnyDay|[upkeep]\n|-heal|p1a: Groudon|99/263|[from] item: Leftovers\n|upkeep\n|turn|40\n|\n|t:|1782913295\n|move|p2a: Spiritomb|Flamethrower|p1a: Groudon\n|-damage|p1a: Groudon|0 fnt\n|faint|p1a: Groudon\n|\n|-weather|SunnyDay|[upkeep]\n|upkeep\n|\n|t:|1782913296\n|switch|p1a: Glastrier|Glastrier, L86|216/311 brn\n|turn|41\n|\n|t:|1782913301\n|-terastallize|p1a: Glastrier|Fighting\n|move|p2a: Spiritomb|Flamethrower|p1a: Glastrier\n|-damage|p1a: Glastrier|71/311 brn\n|move|p1a: Glastrier|Icicle Crash|p2a: Spiritomb\n|-damage|p2a: Spiritomb|107/235\n|replace|p2a: Zoroark|Zoroark, L83, M\n|-end|p2a: Zoroark|Illusion\n|-hint|Illusion Level Mod is active, so this Pok\u00e9mon's true level was hidden.\n|\n|-weather|SunnyDay|[upkeep]\n|-damage|p1a: Glastrier|52/311 brn|[from] brn\n|upkeep\n|turn|42\n|\n|t:|1782913306\n|move|p2a: Zoroark|Flamethrower|p1a: Glastrier\n|-damage|p1a: Glastrier|0 fnt\n|faint|p1a: Glastrier\n|\n|win|Skellux\n|raw|testbotcif's rating: 1466 &rarr; <strong>1447</strong><br />(-19 for losing)\n|raw|Skellux's rating: 1480 &rarr; <strong>1499</strong><br />(+19 for winning)\n", "inputlog": ">version f8ac14003a5f27e1bdc8d8c59608a773c1cb96e5\n>start {\"formatid\":\"gen9randombattle\",\"seed\":\"sodium,44e96e0e0127d7b740739383de1b3c60\",\"rated\":\"Rated battle\"}\n>player p1 {\"name\":\"testbotcif\",\"avatar\":\"1\",\"rating\":1466,\"seed\":\"sodium,c83b00df39340a52b237357c023fa03b\"}\n>player p2 {\"name\":\"Skellux\",\"avatar\":\"swimmer\",\"rating\":1480,\"seed\":\"sodium,9d3f7e06359143db4301a607e5b00301\"}\n>chat \u2606testbotcif|rlhf\n>p1 move iciclecrash\n>p2 switch 4\n>p1 move iciclecrash\n>p2 move willowisp\n>p1 move iciclecrash\n>p2 switch 2\n>p1 switch 5\n>p2 move calmmind\n>p1 move bodyslam\n>p2 move protect\n>p1 move bodyslam\n>p2 switch 2\n>p1 move knockoff\n>p2 switch 6\n>p1 switch 5\n>p2 move wish\n>p1 move heavyslam\n>p2 switch 2\n>p1 switch 5\n>p2 move calmmind\n>p1 move earthquake\n>p2 move protect\n>p1 move earthquake\n>p2 move wish\n>p1 move earthquake\n>p2 move calmmind\n>p1 move earthquake\n>p2 move wish\n>p1 move earthquake\n>p2 move calmmind\n>p1 move earthquake\n>p2 move wish\n>p1 move earthquake\n>p2 move scald\n>p1 move earthquake\n>p2 move wish\n>p1 move bodyslam\n>p2 move calmmind\n>p1 move bodyslam\n>p2 move protect\n>p1 move bodyslam\n>p2 move wish\n>p1 move bodyslam\n>p2 move protect\n>p1 move bodyslam\n>p2 move wish\n>p1 move bodyslam\n>p2 move protect\n>p1 move bodyslam\n>p2 move wish\n>p1 move bodyslam\n>p2 move scald\n>p1 switch 6\n>p1 move knockoff\n>p2 move scald\n>p1 move knockoff\n>p2 move scald\n>p1 move knockoff\n>p2 move wish\n>p1 move knockoff\n>p2 move protect\n>p1 switch 2\n>p1 move focusblast\n>p2 move wish\n>p1 move focusblast\n>p2 move calmmind\n>p1 move focusblast\n>p2 move calmmind\n>p1 move focusblast\n>p2 move wish\n>p1 move focusblast\n>p2 move scald\n>p1 move focusblast\n>p2 move scald\n>p1 switch 4\n>p1 move thunderbolt\n>p2 move scald\n>p1 switch 5\n>p1 move closecombat\n>p2 move wish\n>p2 switch 5\n>p1 switch 3\n>p2 move flamethrower\n>p1 move precipiceblades\n>p2 move flamethrower\n>p1 switch 3\n>p1 move iciclecrash terastallize\n>p2 move flamethrower\n>p1 move iciclecrash\n>p2 move flamethrower", "uploadtime": 1782913306, "views": 4, "formatid": "gen9randombattle", "rating": 1447, "private": 0, "password": null, "player_dets": [{"name": "testbotcif", "avatar": "1", "rating": 1466, "seed": "sodium,c83b00df39340a52b237357c023fa03b"}, {"name": "Skellux", "avatar": "swimmer", "rating": 1480, "seed": "sodium,9d3f7e06359143db4301a607e5b00301"}], "teams_full": [{"Glastrier": {"name": "Glastrier", "species": "Glastrier", "speciesId": "glastrier", "gender": "N", "shiny": false, "level": 86, "moves": ["heavyslam", "highhorsepower", "iciclecrash", "closecombat"], "ability": "Chilling Neigh", "evs": {"hp": 81, "atk": 85, "def": 85, "spa": 85, "spd": 85, "spe": 85}, "ivs": {"hp": 31, "atk": 31, "def": 31, "spa": 31, "spd": 31, "spe": 31}, "item": "Choice Band", "teraType": "Fighting", "role": "Bulky Attacker", "bvs": {"hp": 100, "atk": 145, "def": 130, "spa": 65, "spd": 110, "spe": 30}, "stats": {"hp": 311, "atk": 299, "def": 273, "spa": 161, "spd": 238, "spe": 101}, "types": ["Ice"]}, "Politoed": {"name": "Politoed", "species": "Politoed", "speciesId": "politoed", "gender": "M", "shiny": false, "level": 88, "moves": ["focusblast", "weatherball", "icebeam", "hydropump"], "ability": "Drizzle", "evs": {"hp": 85, "atk": 0, "def": 85, "spa": 85, "spd": 85, "spe": 85}, "ivs": {"hp": 31, "atk": 0, "def": 31, "spa": 31, "spd": 31, "spe": 31}, "item": "Choice Specs", "teraType": "Water", "role": "Fast Attacker", "bvs": {"hp": 90, "atk": 75, "def": 75, "spa": 90, "spd": 100, "spe": 70}, "stats": {"hp": 302, "atk": 137, "def": 182, "spa": 209, "spd": 226, "spe": 173}, "types": ["Water"]}, "Groudon": {"name": "Groudon", "species": "Groudon", "speciesId": "groudon", "gender": "N", "shiny": false, "level": 72, "moves": ["thunderwave", "heatcrash", "swordsdance", "precipiceblades"], "ability": "Drought", "evs": {"hp": 85, "atk": 85, "def": 85, "spa": 85, "spd": 85, "spe": 85}, "ivs": {"hp": 31, "atk": 31, "def": 31, "spa": 31, "spd": 31, "spe": 31}, "item": "Leftovers", "teraType": "Fire", "role": "Bulky Setup", "bvs": {"hp": 100, "atk": 150, "def": 140, "spa": 100, "spd": 90, "spe": 90}, "stats": {"hp": 263, "atk": 258, "def": 244, "spa": 186, "spd": 172, "spe": 172}, "types": ["Ground"]}, "Dedenne": {"name": "Dedenne", "species": "Dedenne", "speciesId": "dedenne", "gender": "M", "shiny": false, "level": 88, "moves": ["uturn", "nuzzle", "thunderbolt", "dazzlinggleam"], "ability": "Cheek Pouch", "evs": {"hp": 85, "atk": 85, "def": 85, "spa": 85, "spd": 85, "spe": 85}, "ivs": {"hp": 31, "atk": 31, "def": 31, "spa": 31, "spd": 31, "spe": 31}, "item": "Sitrus Berry", "teraType": "Flying", "role": "Fast Support", "bvs": {"hp": 67, "atk": 58, "def": 57, "spa": 81, "spd": 67, "spe": 101}, "stats": {"hp": 261, "atk": 152, "def": 151, "spa": 193, "spd": 168, "spe": 228}, "types": ["Electric", "Fairy"]}, "Komala": {"name": "Komala", "species": "Komala", "speciesId": "komala", "gender": "F", "shiny": false, "level": 88, "moves": ["bodyslam", "knockoff", "earthquake", "rapidspin"], "ability": "Comatose", "evs": {"hp": 85, "atk": 85, "def": 85, "spa": 85, "spd": 85, "spe": 85}, "ivs": {"hp": 31, "atk": 31, "def": 31, "spa": 31, "spd": 31, "spe": 31}, "item": "Assault Vest", "teraType": "Ghost", "role": "Bulky Support", "bvs": {"hp": 65, "atk": 115, "def": 65, "spa": 75, "spd": 95, "spe": 65}, "stats": {"hp": 258, "atk": 253, "def": 165, "spa": 182, "spd": 217, "spe": 165}, "types": ["Normal"]}, "Samurott": {"name": "Samurott", "species": "Samurott", "speciesId": "samurott", "gender": "F", "shiny": false, "level": 88, "moves": ["hydropump", "knockoff", "flipturn", "grassknot"], "ability": "Torrent", "evs": {"hp": 85, "atk": 85, "def": 85, "spa": 85, "spd": 85, "spe": 85}, "ivs": {"hp": 31, "atk": 31, "def": 31, "spa": 31, "spd": 31, "spe": 31}, "item": "Assault Vest", "teraType": "Grass", "role": "AV Pivot", "bvs": {"hp": 95, "atk": 100, "def": 85, "spa": 108, "spd": 70, "spe": 70}, "stats": {"hp": 310, "atk": 226, "def": 200, "spa": 240, "spd": 173, "spe": 173}, "types": ["Water"]}}, {"Ursaluna": {"name": "Ursaluna", "species": "Ursaluna", "speciesId": "ursaluna", "gender": "M", "shiny": false, "level": 79, "moves": ["headlongrush", "facade", "crunch", "trailblaze"], "ability": "Guts", "evs": {"hp": 85, "atk": 85, "def": 85, "spa": 85, "spd": 85, "spe": 85}, "ivs": {"hp": 31, "atk": 31, "def": 31, "spa": 31, "spd": 31, "spe": 31}, "item": "Flame Orb", "teraType": "Normal", "role": "Bulky Attacker", "bvs": {"hp": 130, "atk": 140, "def": 105, "spa": 45, "spd": 80, "spe": 50}, "stats": {"hp": 335, "atk": 267, "def": 211, "spa": 117, "spd": 172, "spe": 125}, "types": ["Ground", "Normal"]}, "Vaporeon": {"name": "Vaporeon", "species": "Vaporeon", "speciesId": "vaporeon", "gender": "M", "shiny": false, "level": 86, "moves": ["calmmind", "protect", "scald", "wish"], "ability": "Water Absorb", "evs": {"hp": 85, "atk": 0, "def": 85, "spa": 85, "spd": 85, "spe": 85}, "ivs": {"hp": 31, "atk": 0, "def": 31, "spa": 31, "spd": 31, "spe": 31}, "item": "Leftovers", "teraType": "Poison", "role": "Bulky Setup", "bvs": {"hp": 130, "atk": 65, "def": 60, "spa": 110, "spd": 95, "spe": 65}, "stats": {"hp": 364, "atk": 116, "def": 152, "spa": 238, "spd": 213, "spe": 161}, "types": ["Water"]}, "Minun": {"name": "Minun", "species": "Minun", "speciesId": "minun", "gender": "M", "shiny": false, "level": 95, "moves": ["thunderbolt", "alluringvoice", "grassknot", "nastyplot"], "ability": "Volt Absorb", "evs": {"hp": 85, "atk": 0, "def": 85, "spa": 85, "spd": 85, "spe": 85}, "ivs": {"hp": 31, "atk": 0, "def": 31, "spa": 31, "spd": 31, "spe": 31}, "item": "Life Orb", "teraType": "Grass", "role": "Setup Sweeper", "bvs": {"hp": 60, "atk": 40, "def": 50, "spa": 75, "spd": 85, "spe": 95}, "stats": {"hp": 268, "atk": 81, "def": 149, "spa": 196, "spd": 215, "spe": 234}, "types": ["Electric"]}, "Spiritomb": {"name": "Spiritomb", "species": "Spiritomb", "speciesId": "spiritomb", "gender": "F", "shiny": false, "level": 89, "moves": ["willowisp", "foulplay", "poltergeist", "suckerpunch"], "ability": "Infiltrator", "evs": {"hp": 85, "atk": 85, "def": 85, "spa": 85, "spd": 85, "spe": 85}, "ivs": {"hp": 31, "atk": 31, "def": 31, "spa": 31, "spd": 31, "spe": 31}, "item": "Leftovers", "teraType": "Steel", "role": "Bulky Support", "bvs": {"hp": 50, "atk": 92, "def": 108, "spa": 92, "spd": 108, "spe": 35}, "stats": {"hp": 234, "atk": 215, "def": 243, "spa": 215, "spd": 243, "spe": 113}, "types": ["Ghost", "Dark"]}, "Zoroark": {"name": "Zoroark", "species": "Zoroark", "speciesId": "zoroark", "gender": "M", "shiny": false, "level": 83, "moves": ["psychic", "darkpulse", "sludgebomb", "flamethrower"], "ability": "Illusion", "evs": {"hp": 85, "atk": 0, "def": 85, "spa": 85, "spd": 85, "spe": 85}, "ivs": {"hp": 31, "atk": 0, "def": 31, "spa": 31, "spd": 31, "spe": 31}, "item": "Choice Specs", "teraType": "Poison", "role": "Wallbreaker", "bvs": {"hp": 60, "atk": 105, "def": 60, "spa": 120, "spd": 60, "spe": 105}, "stats": {"hp": 235, "atk": 179, "def": 147, "spa": 247, "spd": 147, "spe": 222}, "types": ["Dark"]}, "Dachsbun": {"name": "Dachsbun", "species": "Dachsbun", "speciesId": "dachsbun", "gender": "M", "shiny": false, "level": 92, "moves": ["wish", "yawn", "protect", "playrough"], "ability": "Well-Baked Body", "evs": {"hp": 85, "atk": 85, "def": 85, "spa": 85, "spd": 85, "spe": 85}, "ivs": {"hp": 31, "atk": 31, "def": 31, "spa": 31, "spd": 31, "spe": 31}, "item": "Leftovers", "teraType": "Steel", "role": "Bulky Support", "bvs": {"hp": 57, "atk": 80, "def": 115, "spa": 50, "spd": 80, "spe": 95}, "stats": {"hp": 254, "atk": 200, "def": 264, "spa": 144, "spd": 200, "spe": 227}, "types": ["Fairy"]}}]}