{"id": "gen9randombattle-2642195150", "format": "[Gen 9] Random Battle", "players": ["testbotcif", "Jacob Laye"], "log": "|j|\u2606testbotcif\n|j|\u2606Jacob Laye\n|t:|1782908984\n|gametype|singles\n|player|p1|testbotcif|1|1437\n|player|p2|Jacob Laye|collector|1417\n|gen|9\n|tier|[Gen 9] Random Battle\n|rated|\n|rule|Species Clause: Limit one of each Pok\u00e9mon\n|rule|HP Percentage Mod: HP is shown in percentages\n|rule|Sleep Clause Mod: Limit one foe put to sleep\n|rule|Illusion Level Mod: Illusion disguises the Pok\u00e9mon's true level\n|\n|t:|1782908984\n|teamsize|p1|6\n|teamsize|p2|6\n|start\n|switch|p1a: Camerupt|Camerupt, L91, M|275/275\n|switch|p2a: Vespiquen|Vespiquen, L99, F|299/299\n|-ability|p2a: Vespiquen|Pressure\n|turn|1\n|inactive|Battle timer is ON: inactive players will automatically lose when time's up. (requested by testbotcif)\n|c|\u2606testbotcif|rlhf\n|\n|t:|1782908989\n|move|p2a: Vespiquen|Toxic Spikes|p1a: Camerupt\n|-sidestart|p1: testbotcif|move: Toxic Spikes\n|move|p1a: Camerupt|Stealth Rock|p2a: Vespiquen\n|-sidestart|p2: Jacob Laye|move: Stealth Rock\n|\n|upkeep\n|turn|2\n|\n|t:|1782908992\n|move|p2a: Vespiquen|Toxic Spikes|p1a: Camerupt\n|-sidestart|p1: testbotcif|move: Toxic Spikes\n|move|p1a: Camerupt|Overheat|p2a: Vespiquen\n|-supereffective|p2a: Vespiquen\n|-damage|p2a: Vespiquen|21/299\n|-unboost|p1a: Camerupt|spa|2\n|\n|upkeep\n|turn|3\n|\n|t:|1782908996\n|move|p2a: Vespiquen|Hurricane|p1a: Camerupt\n|-damage|p1a: Camerupt|136/275\n|move|p1a: Camerupt|Will-O-Wisp|p2a: Vespiquen\n|-status|p2a: Vespiquen|brn\n|\n|-heal|p1a: Camerupt|153/275|[from] item: Leftovers\n|-damage|p2a: Vespiquen|3/299 brn|[from] brn\n|upkeep\n|turn|4\n|\n|t:|1782909001\n|move|p2a: Vespiquen|Hurricane|p1a: Camerupt\n|-damage|p1a: Camerupt|0 fnt\n|faint|p1a: Camerupt\n|\n|-damage|p2a: Vespiquen|0 fnt|[from] brn\n|faint|p2a: Vespiquen\n|upkeep\n|\n|t:|1782909008\n|switch|p2a: Overqwil|Overqwil, L82, F|274/274\n|switch|p1a: Heatran|Heatran, L79, M|273/273\n|-damage|p2a: Overqwil|240/274|[from] Stealth Rock\n|-ability|p2a: Overqwil|Intimidate|boost\n|-unboost|p1a: Heatran|atk|1\n|turn|5\n|\n|t:|1782909014\n|-terastallize|p1a: Heatran|Flying\n|move|p2a: Overqwil|Swords Dance|p2a: Overqwil\n|-boost|p2a: Overqwil|atk|2\n|move|p1a: Heatran|Lava Plume|p2a: Overqwil\n|-damage|p2a: Overqwil|117/274\n|\n|upkeep\n|turn|6\n|\n|t:|1782909016\n|move|p2a: Overqwil|Scale Shot|p1a: Heatran\n|-damage|p1a: Heatran|236/273\n|-damage|p1a: Heatran|199/273\n|-damage|p1a: Heatran|163/273\n|-damage|p1a: Heatran|128/273\n|-damage|p1a: Heatran|93/273\n|-hitcount|p1a: Heatran|5\n|-unboost|p2a: Overqwil|def|1\n|-boost|p2a: Overqwil|spe|1\n|move|p1a: Heatran|Lava Plume|p2a: Overqwil\n|-damage|p2a: Overqwil|0 fnt\n|faint|p2a: Overqwil\n|\n|upkeep\n|\n|t:|1782909021\n|switch|p2a: Pachirisu|Pachirisu, L96, F|271/271\n|-damage|p2a: Pachirisu|238/271|[from] Stealth Rock\n|turn|7\n|\n|t:|1782909023\n|move|p2a: Pachirisu|Thunderbolt|p1a: Heatran\n|-supereffective|p1a: Heatran\n|-damage|p1a: Heatran|3/273\n|-status|p1a: Heatran|par\n|cant|p1a: Heatran|par\n|\n|upkeep\n|turn|8\n|\n|t:|1782909026\n|move|p2a: Pachirisu|Thunderbolt|p1a: Heatran\n|-supereffective|p1a: Heatran\n|-damage|p1a: Heatran|0 fnt\n|faint|p1a: Heatran\n|\n|upkeep\n|\n|t:|1782909027\n|switch|p1a: Virizion|Virizion, L82|283/283\n|-status|p1a: Virizion|tox\n|turn|9\n|\n|t:|1782909035\n|move|p2a: Pachirisu|Super Fang|p1a: Virizion\n|-damage|p1a: Virizion|142/283 tox\n|move|p1a: Virizion|Swords Dance|p1a: Virizion\n|-boost|p1a: Virizion|atk|2\n|\n|-damage|p1a: Virizion|125/283 tox|[from] psn\n|upkeep\n|turn|10\n|\n|t:|1782909040\n|move|p2a: Pachirisu|Super Fang|p1a: Virizion\n|-damage|p1a: Virizion|63/283 tox\n|move|p1a: Virizion|Close Combat|p2a: Pachirisu\n|-damage|p2a: Pachirisu|0 fnt\n|-unboost|p1a: Virizion|def|1\n|-unboost|p1a: Virizion|spd|1\n|faint|p2a: Pachirisu\n|-damage|p1a: Virizion|35/283 tox|[from] item: Life Orb\n|\n|-damage|p1a: Virizion|1/283 tox|[from] psn\n|upkeep\n|\n|t:|1782909044\n|switch|p2a: Thundurus|Thundurus, L80, M|258/258\n|turn|11\n|\n|t:|1782909049\n|move|p1a: Virizion|Stone Edge|p2a: Thundurus\n|-supereffective|p2a: Thundurus\n|-crit|p2a: Thundurus\n|-damage|p2a: Thundurus|0 fnt\n|faint|p2a: Thundurus\n|-damage|p1a: Virizion|0 fnt|[from] item: Life Orb\n|faint|p1a: Virizion\n|\n|upkeep\n|\n|t:|1782909052\n|switch|p1a: Noctowl|Noctowl, L95, F|344/344\n|switch|p2a: Meganium|Meganium, L90, M|290/290\n|-damage|p2a: Meganium|254/290|[from] Stealth Rock\n|turn|12\n|\n|t:|1782909056\n|move|p2a: Meganium|Swords Dance|p2a: Meganium\n|-boost|p2a: Meganium|atk|2\n|move|p1a: Noctowl|Hurricane|p2a: Meganium\n|-supereffective|p2a: Meganium\n|-damage|p2a: Meganium|42/290\n|\n|-heal|p2a: Meganium|60/290|[from] item: Leftovers\n|upkeep\n|turn|13\n|\n|t:|1782909059\n|move|p2a: Meganium|Knock Off|p1a: Noctowl\n|-damage|p1a: Noctowl|154/344\n|-enditem|p1a: Noctowl|Heavy-Duty Boots|[from] move: Knock Off|[of] p2a: Meganium\n|move|p1a: Noctowl|Hurricane|p2a: Meganium\n|-supereffective|p2a: Meganium\n|-damage|p2a: Meganium|0 fnt\n|faint|p2a: Meganium\n|\n|upkeep\n|\n|t:|1782909061\n|switch|p2a: Arceus|Arceus-Fairy, L69|280/280\n|-damage|p2a: Arceus|245/280|[from] Stealth Rock\n|turn|14\n|\n|t:|1782909062\n|move|p2a: Arceus|Calm Mind|p2a: Arceus\n|-boost|p2a: Arceus|spa|1\n|-boost|p2a: Arceus|spd|1\n|move|p1a: Noctowl|Hurricane|p2a: Arceus\n|-damage|p2a: Arceus|157/280\n|\n|upkeep\n|turn|15\n|\n|t:|1782909064\n|move|p2a: Arceus|Judgment|p1a: Noctowl\n|-damage|p1a: Noctowl|22/344\n|move|p1a: Noctowl|Hurricane|p2a: Arceus\n|-damage|p2a: Arceus|70/280\n|\n|upkeep\n|turn|16\n|\n|t:|1782909067\n|move|p2a: Arceus|Recover|p2a: Arceus\n|-heal|p2a: Arceus|210/280\n|move|p1a: Noctowl|Hurricane|p2a: Arceus|[miss]\n|-miss|p1a: Noctowl|p2a: Arceus\n|\n|upkeep\n|turn|17\n|\n|t:|1782909068\n|move|p2a: Arceus|Judgment|p1a: Noctowl\n|-damage|p1a: Noctowl|0 fnt\n|faint|p1a: Noctowl\n|\n|upkeep\n|\n|t:|1782909069\n|switch|p1a: Cramorant|Cramorant, L86, F|261/261\n|turn|18\n|\n|t:|1782909072\n|move|p2a: Arceus|Calm Mind|p2a: Arceus\n|-boost|p2a: Arceus|spa|1\n|-boost|p2a: Arceus|spd|1\n|move|p1a: Cramorant|Brave Bird|p2a: Arceus\n|-crit|p2a: Arceus\n|-damage|p2a: Arceus|32/280\n|-damage|p1a: Cramorant|202/261|[from] Recoil\n|\n|upkeep\n|turn|19\n|\n|t:|1782909074\n|move|p2a: Arceus|Judgment|p1a: Cramorant\n|-damage|p1a: Cramorant|3/261\n|move|p1a: Cramorant|Brave Bird|p2a: Arceus\n|-damage|p2a: Arceus|0 fnt\n|faint|p2a: Arceus\n|-damage|p1a: Cramorant|0 fnt|[from] Recoil\n|faint|p1a: Cramorant\n|\n|win|testbotcif\n|raw|testbotcif's rating: 1437 &rarr; <strong>1457</strong><br />(+20 for winning)\n|raw|Jacob Laye's rating: 1435 &rarr; <strong>1415</strong><br />(-20 for losing)\n", "inputlog": ">version f8ac14003a5f27e1bdc8d8c59608a773c1cb96e5\n>start {\"formatid\":\"gen9randombattle\",\"seed\":\"sodium,3f8ee41ab2b5625c431b774ca226fb27\",\"rated\":\"Rated battle\"}\n>player p1 {\"name\":\"testbotcif\",\"avatar\":\"1\",\"rating\":1437,\"seed\":\"sodium,33dc1c51aabfc54b651edfc4b08002fd\"}\n>player p2 {\"name\":\"Jacob Laye\",\"avatar\":\"collector\",\"rating\":1417,\"seed\":\"sodium,1adf23e674a04a3c7e9d8e4ad985007c\"}\n>chat \u2606testbotcif|rlhf\n>p1 move stealthrock\n>p2 move toxicspikes\n>p1 move overheat\n>p2 move toxicspikes\n>p1 move willowisp\n>p2 move hurricane\n>p1 move willowisp\n>p2 move hurricane\n>p1 switch 2\n>p2 switch 4\n>p1 move lavaplume terastallize\n>p2 move swordsdance\n>p1 move lavaplume\n>p2 move scaleshot\n>p2 switch 6\n>p1 move earthpower\n>p2 move thunderbolt\n>p1 move earthpower\n>p2 move thunderbolt\n>p1 switch 4\n>p1 move swordsdance\n>p2 move superfang\n>p1 move closecombat\n>p2 move superfang\n>p2 switch 3\n>p1 move stoneedge\n>p2 move thunderbolt\n>p1 switch 3\n>p2 switch 2\n>p1 move hurricane\n>p2 move swordsdance\n>p1 move hurricane\n>p2 move knockoff\n>p2 switch 5\n>p1 move hurricane\n>p2 move calmmind\n>p1 move hurricane\n>p2 move judgment\n>p1 move hurricane\n>p2 move recover\n>p1 move roost\n>p2 move judgment\n>p1 switch 5\n>p1 move bravebird\n>p2 move calmmind\n>p1 move bravebird\n>p2 move judgment", "uploadtime": 1782909074, "views": 3, "formatid": "gen9randombattle", "rating": 1415, "private": 0, "password": null, "player_dets": [{"name": "testbotcif", "avatar": "1", "rating": 1437, "seed": "sodium,33dc1c51aabfc54b651edfc4b08002fd"}, {"name": "Jacob Laye", "avatar": "collector", "rating": 1417, "seed": "sodium,1adf23e674a04a3c7e9d8e4ad985007c"}], "teams_full": [{"Camerupt": {"name": "Camerupt", "species": "Camerupt", "speciesId": "camerupt", "gender": "M", "shiny": false, "level": 91, "moves": ["overheat", "earthquake", "stealthrock", "willowisp"], "ability": "Solid Rock", "evs": {"hp": 85, "atk": 85, "def": 85, "spa": 85, "spd": 85, "spe": 85}, "ivs": {"hp": 31, "atk": 31, "def": 31, "spa": 31, "spd": 31, "spe": 31}, "item": "Leftovers", "teraType": "Water", "role": "Bulky Support", "bvs": {"hp": 70, "atk": 100, "def": 70, "spa": 105, "spd": 75, "spe": 40}, "stats": {"hp": 275, "atk": 234, "def": 179, "spa": 243, "spd": 188, "spe": 125}, "types": ["Fire", "Ground"]}, "Heatran": {"name": "Heatran", "species": "Heatran", "speciesId": "heatran", "gender": "M", "shiny": false, "level": 79, "moves": ["lavaplume", "heavyslam", "magmastorm", "earthpower"], "ability": "Flash Fire", "evs": {"hp": 85, "atk": 85, "def": 85, "spa": 85, "spd": 85, "spe": 85}, "ivs": {"hp": 31, "atk": 31, "def": 31, "spa": 31, "spd": 31, "spe": 31}, "item": "Assault Vest", "teraType": "Flying", "role": "Bulky Support", "bvs": {"hp": 91, "atk": 90, "def": 106, "spa": 130, "spd": 106, "spe": 77}, "stats": {"hp": 273, "atk": 188, "def": 213, "spa": 251, "spd": 213, "spe": 167}, "types": ["Fire", "Steel"]}, "Noctowl": {"name": "Noctowl", "species": "Noctowl", "speciesId": "noctowl", "gender": "F", "shiny": false, "level": 95, "moves": ["roost", "hurricane", "hypervoice", "defog"], "ability": "Tinted Lens", "evs": {"hp": 85, "atk": 0, "def": 85, "spa": 85, "spd": 85, "spe": 85}, "ivs": {"hp": 31, "atk": 0, "def": 31, "spa": 31, "spd": 31, "spe": 31}, "item": "Heavy-Duty Boots", "teraType": "Steel", "role": "Bulky Attacker", "bvs": {"hp": 100, "atk": 50, "def": 50, "spa": 86, "spd": 96, "spe": 70}, "stats": {"hp": 344, "atk": 100, "def": 149, "spa": 217, "spd": 236, "spe": 187}, "types": ["Normal", "Flying"]}, "Virizion": {"name": "Virizion", "species": "Virizion", "speciesId": "virizion", "gender": "N", "shiny": false, "level": 82, "moves": ["closecombat", "swordsdance", "stoneedge", "leafblade"], "ability": "Justified", "evs": {"hp": 85, "atk": 85, "def": 85, "spa": 85, "spd": 85, "spe": 85}, "ivs": {"hp": 31, "atk": 31, "def": 31, "spa": 31, "spd": 31, "spe": 31}, "item": "Life Orb", "teraType": "Rock", "role": "Setup Sweeper", "bvs": {"hp": 91, "atk": 90, "def": 72, "spa": 90, "spd": 129, "spe": 108}, "stats": {"hp": 283, "atk": 195, "def": 165, "spa": 195, "spd": 259, "spe": 224}, "types": ["Grass", "Fighting"]}, "Cramorant": {"name": "Cramorant", "species": "Cramorant", "speciesId": "cramorant", "gender": "F", "shiny": false, "level": 86, "moves": ["roost", "defog", "bravebird", "surf"], "ability": "Gulp Missile", "evs": {"hp": 85, "atk": 85, "def": 85, "spa": 85, "spd": 85, "spe": 85}, "ivs": {"hp": 31, "atk": 31, "def": 31, "spa": 31, "spd": 31, "spe": 31}, "item": "Heavy-Duty Boots", "teraType": "Ground", "role": "Bulky Support", "bvs": {"hp": 70, "atk": 85, "def": 55, "spa": 85, "spd": 95, "spe": 85}, "stats": {"hp": 261, "atk": 195, "def": 144, "spa": 195, "spd": 213, "spe": 195}, "types": ["Flying", "Water"]}, "Magearna": {"name": "Magearna", "species": "Magearna-Original", "speciesId": "magearna", "gender": "N", "shiny": false, "level": 77, "moves": ["fleurcannon", "aurasphere", "spikes", "flashcannon"], "ability": "Soul-Heart", "evs": {"hp": 85, "atk": 0, "def": 85, "spa": 85, "spd": 85, "spe": 85}, "ivs": {"hp": 31, "atk": 0, "def": 31, "spa": 31, "spd": 31, "spe": 31}, "item": "Leftovers", "teraType": "Water", "role": "Bulky Attacker", "bvs": {"hp": 80, "atk": 95, "def": 115, "spa": 130, "spd": 115, "spe": 65}, "stats": {"hp": 250, "atk": 151, "def": 222, "spa": 245, "spd": 222, "spe": 145}, "types": ["Steel", "Fairy"]}}, {"Vespiquen": {"name": "Vespiquen", "species": "Vespiquen", "speciesId": "vespiquen", "gender": "F", "shiny": false, "level": 99, "moves": ["hurricane", "toxicspikes", "uturn", "roost"], "ability": "Pressure", "evs": {"hp": 85, "atk": 85, "def": 85, "spa": 85, "spd": 85, "spe": 85}, "ivs": {"hp": 31, "atk": 31, "def": 31, "spa": 31, "spd": 31, "spe": 31}, "item": "Heavy-Duty Boots", "teraType": "Steel", "role": "Bulky Support", "bvs": {"hp": 70, "atk": 80, "def": 102, "spa": 80, "spd": 102, "spe": 40}, "stats": {"hp": 299, "atk": 214, "def": 258, "spa": 214, "spd": 258, "spe": 135}, "types": ["Bug", "Flying"]}, "Meganium": {"name": "Meganium", "species": "Meganium", "speciesId": "meganium", "gender": "M", "shiny": false, "level": 90, "moves": ["knockoff", "petalblizzard", "swordsdance", "earthquake"], "ability": "Overgrow", "evs": {"hp": 85, "atk": 85, "def": 85, "spa": 85, "spd": 85, "spe": 85}, "ivs": {"hp": 31, "atk": 31, "def": 31, "spa": 31, "spd": 31, "spe": 31}, "item": "Leftovers", "teraType": "Water", "role": "Bulky Setup", "bvs": {"hp": 80, "atk": 82, "def": 100, "spa": 83, "spd": 100, "spe": 80}, "stats": {"hp": 290, "atk": 199, "def": 231, "spa": 201, "spd": 231, "spe": 195}, "types": ["Grass"]}, "Thundurus": {"name": "Thundurus", "species": "Thundurus", "speciesId": "thundurus", "gender": "M", "shiny": false, "level": 80, "moves": ["grassknot", "sludgewave", "nastyplot", "thunderbolt"], "ability": "Prankster", "evs": {"hp": 85, "atk": 0, "def": 85, "spa": 85, "spd": 85, "spe": 85}, "ivs": {"hp": 31, "atk": 0, "def": 31, "spa": 31, "spd": 31, "spe": 31}, "item": "Heavy-Duty Boots", "teraType": "Grass", "role": "Fast Attacker", "bvs": {"hp": 79, "atk": 115, "def": 70, "spa": 125, "spd": 80, "spe": 111}, "stats": {"hp": 258, "atk": 189, "def": 158, "spa": 246, "spd": 174, "spe": 224}, "types": ["Electric", "Flying"]}, "Overqwil": {"name": "Overqwil", "species": "Overqwil", "speciesId": "overqwil", "gender": "F", "shiny": false, "level": 82, "moves": ["scaleshot", "crunch", "gunkshot", "swordsdance"], "ability": "Intimidate", "evs": {"hp": 85, "atk": 85, "def": 85, "spa": 85, "spd": 85, "spe": 85}, "ivs": {"hp": 31, "atk": 31, "def": 31, "spa": 31, "spd": 31, "spe": 31}, "item": "Loaded Dice", "teraType": "Dragon", "role": "Setup Sweeper", "bvs": {"hp": 85, "atk": 115, "def": 95, "spa": 65, "spd": 65, "spe": 85}, "stats": {"hp": 274, "atk": 236, "def": 203, "spa": 154, "spd": 154, "spe": 187}, "types": ["Dark", "Poison"]}, "Arceus": {"name": "Arceus", "species": "Arceus-Fairy", "speciesId": "arceusfairy", "gender": "N", "shiny": false, "level": 69, "moves": ["recover", "judgment", "calmmind", "earthpower"], "ability": "Multitype", "evs": {"hp": 85, "atk": 0, "def": 85, "spa": 85, "spd": 85, "spe": 85}, "ivs": {"hp": 31, "atk": 0, "def": 31, "spa": 31, "spd": 31, "spe": 31}, "item": "Pixie Plate", "teraType": "Steel", "role": "Bulky Setup", "bvs": {"hp": 120, "atk": 120, "def": 120, "spa": 120, "spd": 120, "spe": 120}, "stats": {"hp": 280, "atk": 170, "def": 206, "spa": 206, "spd": 206, "spe": 206}, "types": ["Fairy"]}, "Pachirisu": {"name": "Pachirisu", "species": "Pachirisu", "speciesId": "pachirisu", "gender": "F", "shiny": false, "level": 96, "moves": ["superfang", "nuzzle", "uturn", "thunderbolt"], "ability": "Volt Absorb", "evs": {"hp": 85, "atk": 85, "def": 85, "spa": 85, "spd": 85, "spe": 85}, "ivs": {"hp": 31, "atk": 31, "def": 31, "spa": 31, "spd": 31, "spe": 31}, "item": "Assault Vest", "teraType": "Flying", "role": "AV Pivot", "bvs": {"hp": 60, "atk": 45, "def": 70, "spa": 45, "spd": 90, "spe": 95}, "stats": {"hp": 271, "atk": 141, "def": 189, "spa": 141, "spd": 227, "spe": 237}, "types": ["Electric"]}}]}