{"id": "gen9randombattle-2641588782", "format": "[Gen 9] Random Battle", "players": ["JohnaP", "Fortre"], "log": "|j|\u2606JohnaP\n|j|\u2606Fortre\n|t:|1782814049\n|gametype|singles\n|player|p1|JohnaP|elesa|1930\n|player|p2|Fortre|265|2017\n|gen|9\n|tier|[Gen 9] Random Battle\n|rated|\n|rule|Species Clause: Limit one of each Pok\u00e9mon\n|rule|HP Percentage Mod: HP is shown in percentages\n|rule|Sleep Clause Mod: Limit one foe put to sleep\n|rule|Illusion Level Mod: Illusion disguises the Pok\u00e9mon's true level\n|\n|t:|1782814049\n|teamsize|p1|6\n|teamsize|p2|6\n|start\n|switch|p1a: Lapras|Lapras, L87, M|367/367\n|switch|p2a: Gardevoir|Gardevoir, L83, M|249/249\n|-ability|p2a: Gardevoir|Water Absorb|Trace|[from] ability: Trace|[of] p1a: Lapras\n|turn|1\n|inactive|Battle timer is ON: inactive players will automatically lose when time's up. (requested by JohnaP)\n|inactive|Fortre has 120 seconds left.\n|inactive|JohnaP has 120 seconds left.\n|\n|t:|1782814100\n|switch|p1a: Chansey|Chansey, L85, F|564/564\n|move|p2a: Gardevoir|Moonblast|p1a: Chansey\n|-damage|p1a: Chansey|491/564\n|\n|upkeep\n|turn|2\n|\n|t:|1782814105\n|switch|p2a: Zebstrika|Zebstrika, L87, M|272/272\n|move|p1a: Chansey|Thunder Wave|p2a: Zebstrika|[miss]\n|-miss|p1a: Chansey|p2a: Zebstrika\n|\n|upkeep\n|turn|3\n|inactive|JohnaP has 120 seconds left.\n|\n|t:|1782814158\n|switch|p1a: Magmortar|Magmortar, L88, M|275/275\n|move|p2a: Zebstrika|Supercell Slam|p1a: Magmortar\n|-damage|p1a: Magmortar|114/275\n|-damage|p2a: Zebstrika|245/272|[from] item: Life Orb\n|\n|upkeep\n|turn|4\n|\n|t:|1782814169\n|move|p2a: Zebstrika|High Horsepower|p1a: Magmortar\n|-supereffective|p1a: Magmortar\n|-damage|p1a: Magmortar|0 fnt\n|faint|p1a: Magmortar\n|-damage|p2a: Zebstrika|218/272|[from] item: Life Orb\n|\n|upkeep\n|\n|t:|1782814175\n|switch|p1a: Ambipom|Ambipom, L84, F|263/263\n|turn|5\n|\n|t:|1782814191\n|move|p1a: Ambipom|Fake Out|p2a: Zebstrika\n|-damage|p2a: Zebstrika|122/272\n|cant|p2a: Zebstrika|flinch\n|\n|upkeep\n|turn|6\n|\n|t:|1782814195\n|move|p2a: Zebstrika|Supercell Slam|p1a: Ambipom\n|-crit|p1a: Ambipom\n|-damage|p1a: Ambipom|0 fnt\n|faint|p1a: Ambipom\n|-damage|p2a: Zebstrika|95/272|[from] item: Life Orb\n|\n|upkeep\n|\n|t:|1782814202\n|switch|p1a: Armarouge|Armarouge, L80, M|267/267\n|turn|7\n|\n|t:|1782814213\n|move|p2a: Zebstrika|Volt Switch|p1a: Armarouge\n|-crit|p1a: Armarouge\n|-damage|p1a: Armarouge|106/267\n|-damage|p2a: Zebstrika|68/272|[from] item: Life Orb\n|\n|t:|1782814219\n|switch|p2a: Typhlosion|Typhlosion, L84, F|267/267|[from] Volt Switch\n|move|p1a: Armarouge|Meteor Beam||[still]\n|-prepare|p1a: Armarouge|Meteor Beam\n|-boost|p1a: Armarouge|spa|1\n|-enditem|p1a: Armarouge|Power Herb\n|-anim|p1a: Armarouge|Meteor Beam|p2a: Typhlosion\n|-supereffective|p2a: Typhlosion\n|-damage|p2a: Typhlosion|0 fnt\n|faint|p2a: Typhlosion\n|\n|upkeep\n|\n|t:|1782814221\n|switch|p2a: Zebstrika|Zebstrika, L87, M|68/272\n|turn|8\n|\n|t:|1782814237\n|-terastallize|p1a: Armarouge|Grass\n|move|p2a: Zebstrika|Volt Switch|p1a: Armarouge\n|-resisted|p1a: Armarouge\n|-damage|p1a: Armarouge|59/267\n|-damage|p2a: Zebstrika|41/272|[from] item: Life Orb\n|\n|t:|1782814243\n|switch|p2a: Gardevoir|Gardevoir, L83, M|249/249|[from] Volt Switch\n|-ability|p2a: Gardevoir|Weak Armor|Trace|[from] ability: Trace|[of] p1a: Armarouge\n|move|p1a: Armarouge|Psyshock|p2a: Gardevoir\n|-resisted|p2a: Gardevoir\n|-damage|p2a: Gardevoir|166/249\n|\n|upkeep\n|turn|9\n|\n|t:|1782814249\n|switch|p1a: Chansey|Chansey, L85, F|491/564\n|move|p2a: Gardevoir|Psyshock|p1a: Chansey\n|-damage|p1a: Chansey|275/564\n|\n|upkeep\n|turn|10\n|-message|JohnaP forfeited.\n|\n|win|Fortre\n|raw|JohnaP's rating: 1930 &rarr; <strong>1915</strong><br />(-15 for losing)\n|raw|Fortre's rating: 2017 &rarr; <strong>2032</strong><br />(+15 for winning)\n", "inputlog": ">version f8ac14003a5f27e1bdc8d8c59608a773c1cb96e5\n>start {\"formatid\":\"gen9randombattle\",\"seed\":\"sodium,0c1bec32437646b6cbf94fdc977ce30c\",\"rated\":\"Rated battle\"}\n>player p1 {\"name\":\"JohnaP\",\"avatar\":\"elesa\",\"rating\":1930,\"seed\":\"sodium,b6560190a599539b2594511ed7290046\"}\n>player p2 {\"name\":\"Fortre\",\"avatar\":\"265\",\"rating\":2017,\"seed\":\"sodium,ae9300a69e0508abc5fcf0b1500c89f7\"}\n>p1 switch 6\n>p2 move moonblast\n>p1 move thunderwave\n>p2 switch 3\n>p1 switch 4\n>p2 move supercellslam\n>p1 move earthquake\n>p2 move highhorsepower\n>p1 switch 3\n>p1 move fakeout\n>p2 move voltswitch\n>p1 move knockoff\n>p2 move supercellslam\n>p1 switch 2\n>p1 move meteorbeam\n>p2 move voltswitch\n>p2 switch 4\n>p2 switch 4\n>p1 move psyshock terastallize\n>p2 move voltswitch\n>p2 switch 3\n>p1 switch 4\n>p2 move psyshock\n>forcelose p1", "uploadtime": 1782814054, "views": 8, "formatid": "gen9randombattle", "rating": 1915, "private": 0, "password": null, "player_dets": [{"name": "JohnaP", "avatar": "elesa", "rating": 1930, "seed": "sodium,b6560190a599539b2594511ed7290046"}, {"name": "Fortre", "avatar": "265", "rating": 2017, "seed": "sodium,ae9300a69e0508abc5fcf0b1500c89f7"}], "teams_full": [{"Lapras": {"name": "Lapras", "species": "Lapras", "speciesId": "lapras", "gender": "M", "shiny": false, "level": 87, "moves": ["freezedry", "hydropump", "icebeam", "sparklingaria"], "ability": "Water Absorb", "evs": {"hp": 81, "atk": 0, "def": 85, "spa": 85, "spd": 85, "spe": 85}, "ivs": {"hp": 31, "atk": 0, "def": 31, "spa": 31, "spd": 31, "spe": 31}, "item": "Choice Specs", "teraType": "Ice", "role": "Wallbreaker", "bvs": {"hp": 130, "atk": 85, "def": 80, "spa": 85, "spd": 95, "spe": 60}, "stats": {"hp": 367, "atk": 152, "def": 189, "spa": 198, "spd": 215, "spe": 154}, "types": ["Water", "Ice"]}, "Armarouge": {"name": "Armarouge", "species": "Armarouge", "speciesId": "armarouge", "gender": "M", "shiny": false, "level": 80, "moves": ["psyshock", "armorcannon", "meteorbeam", "energyball"], "ability": "Weak Armor", "evs": {"hp": 85, "atk": 0, "def": 85, "spa": 85, "spd": 85, "spe": 85}, "ivs": {"hp": 31, "atk": 0, "def": 31, "spa": 31, "spd": 31, "spe": 31}, "item": "Power Herb", "teraType": "Grass", "role": "Setup Sweeper", "bvs": {"hp": 85, "atk": 60, "def": 100, "spa": 125, "spd": 80, "spe": 75}, "stats": {"hp": 267, "atk": 101, "def": 206, "spa": 246, "spd": 174, "spe": 166}, "types": ["Fire", "Psychic"]}, "Ambipom": {"name": "Ambipom", "species": "Ambipom", "speciesId": "ambipom", "gender": "F", "shiny": false, "level": 84, "moves": ["knockoff", "doubleedge", "lowkick", "fakeout"], "ability": "Technician", "evs": {"hp": 85, "atk": 85, "def": 85, "spa": 85, "spd": 85, "spe": 85}, "ivs": {"hp": 31, "atk": 31, "def": 31, "spa": 31, "spd": 31, "spe": 31}, "item": "Silk Scarf", "teraType": "Normal", "role": "Wallbreaker", "bvs": {"hp": 75, "atk": 100, "def": 66, "spa": 60, "spd": 66, "spe": 115}, "stats": {"hp": 263, "atk": 216, "def": 159, "spa": 149, "spd": 159, "spe": 241}, "types": ["Normal"]}, "Magmortar": {"name": "Magmortar", "species": "Magmortar", "speciesId": "magmortar", "gender": "M", "shiny": false, "level": 88, "moves": ["fireblast", "focusblast", "willowisp", "earthquake"], "ability": "Flame Body", "evs": {"hp": 85, "atk": 85, "def": 85, "spa": 85, "spd": 85, "spe": 85}, "ivs": {"hp": 31, "atk": 31, "def": 31, "spa": 31, "spd": 31, "spe": 31}, "item": "Heavy-Duty Boots", "teraType": "Fighting", "role": "Fast Attacker", "bvs": {"hp": 75, "atk": 95, "def": 67, "spa": 125, "spd": 95, "spe": 83}, "stats": {"hp": 275, "atk": 217, "def": 168, "spa": 270, "spd": 217, "spe": 196}, "types": ["Fire"]}, "Miraidon": {"name": "Miraidon", "species": "Miraidon", "speciesId": "miraidon", "gender": "N", "shiny": false, "level": 65, "moves": ["electrodrift", "voltswitch", "dracometeor", "overheat"], "ability": "Hadron Engine", "evs": {"hp": 85, "atk": 0, "def": 85, "spa": 85, "spd": 85, "spe": 85}, "ivs": {"hp": 31, "atk": 0, "def": 31, "spa": 31, "spd": 31, "spe": 31}, "item": "Choice Specs", "teraType": "Electric", "role": "Fast Attacker", "bvs": {"hp": 100, "atk": 85, "def": 100, "spa": 135, "spd": 115, "spe": 135}, "stats": {"hp": 238, "atk": 115, "def": 168, "spa": 214, "spd": 188, "spe": 214}, "types": ["Electric", "Dragon"]}, "Chansey": {"name": "Chansey", "species": "Chansey", "speciesId": "chansey", "gender": "F", "shiny": false, "level": 85, "moves": ["thunderwave", "softboiled", "stealthrock", "seismictoss"], "ability": "Natural Cure", "evs": {"hp": 85, "atk": 0, "def": 85, "spa": 85, "spd": 85, "spe": 85}, "ivs": {"hp": 31, "atk": 0, "def": 31, "spa": 31, "spd": 31, "spe": 31}, "item": "Eviolite", "teraType": "Dark", "role": "Bulky Support", "bvs": {"hp": 250, "atk": 5, "def": 5, "spa": 35, "spd": 105, "spe": 50}, "stats": {"hp": 564, "atk": 13, "def": 57, "spa": 108, "spd": 227, "spe": 134}, "types": ["Normal"]}}, {"Gardevoir": {"name": "Gardevoir", "species": "Gardevoir", "speciesId": "gardevoir", "gender": "M", "shiny": false, "level": 83, "moves": ["healingwish", "psyshock", "moonblast", "mysticalfire"], "ability": "Trace", "evs": {"hp": 85, "atk": 0, "def": 85, "spa": 85, "spd": 85, "spe": 85}, "ivs": {"hp": 31, "atk": 0, "def": 31, "spa": 31, "spd": 31, "spe": 31}, "item": "Choice Scarf", "teraType": "Fire", "role": "Fast Attacker", "bvs": {"hp": 68, "atk": 65, "def": 65, "spa": 125, "spd": 115, "spe": 80}, "stats": {"hp": 249, "atk": 112, "def": 156, "spa": 255, "spd": 239, "spe": 180}, "types": ["Psychic", "Fairy"]}, "Alcremie": {"name": "Alcremie", "species": "Alcremie-Caramel-Swirl", "speciesId": "alcremie", "gender": "F", "shiny": false, "level": 90, "moves": ["recover", "terablast", "calmmind", "alluringvoice"], "ability": "Aroma Veil", "evs": {"hp": 85, "atk": 0, "def": 85, "spa": 85, "spd": 85, "spe": 85}, "ivs": {"hp": 31, "atk": 0, "def": 31, "spa": 31, "spd": 31, "spe": 31}, "item": "Leftovers", "teraType": "Ground", "role": "Tera Blast user", "bvs": {"hp": 65, "atk": 60, "def": 75, "spa": 110, "spd": 121, "spe": 64}, "stats": {"hp": 263, "atk": 113, "def": 186, "spa": 249, "spd": 269, "spe": 167}, "types": ["Fairy"]}, "Zebstrika": {"name": "Zebstrika", "species": "Zebstrika", "speciesId": "zebstrika", "gender": "M", "shiny": false, "level": 87, "moves": ["supercellslam", "overheat", "voltswitch", "highhorsepower"], "ability": "Sap Sipper", "evs": {"hp": 85, "atk": 85, "def": 85, "spa": 85, "spd": 85, "spe": 85}, "ivs": {"hp": 31, "atk": 31, "def": 31, "spa": 31, "spd": 31, "spe": 31}, "item": "Life Orb", "teraType": "Ground", "role": "Fast Attacker", "bvs": {"hp": 75, "atk": 100, "def": 63, "spa": 80, "spd": 63, "spe": 116}, "stats": {"hp": 272, "atk": 224, "def": 159, "spa": 189, "spd": 159, "spe": 252}, "types": ["Electric"]}, "Typhlosion": {"name": "Typhlosion", "species": "Typhlosion", "speciesId": "typhlosion", "gender": "F", "shiny": false, "level": 84, "moves": ["focusblast", "scorchingsands", "eruption", "fireblast"], "ability": "Flash Fire", "evs": {"hp": 81, "atk": 0, "def": 85, "spa": 85, "spd": 85, "spe": 85}, "ivs": {"hp": 31, "atk": 0, "def": 31, "spa": 31, "spd": 31, "spe": 31}, "item": "Choice Scarf", "teraType": "Fire", "role": "Fast Attacker", "bvs": {"hp": 78, "atk": 84, "def": 78, "spa": 109, "spd": 85, "spe": 100}, "stats": {"hp": 267, "atk": 146, "def": 179, "spa": 231, "spd": 191, "spe": 216}, "types": ["Fire"]}, "Toxicroak": {"name": "Toxicroak", "species": "Toxicroak", "speciesId": "toxicroak", "gender": "F", "shiny": false, "level": 84, "moves": ["suckerpunch", "knockoff", "closecombat", "gunkshot"], "ability": "Dry Skin", "evs": {"hp": 85, "atk": 85, "def": 85, "spa": 85, "spd": 85, "spe": 85}, "ivs": {"hp": 31, "atk": 31, "def": 31, "spa": 31, "spd": 31, "spe": 31}, "item": "Choice Band", "teraType": "Dark", "role": "Fast Attacker", "bvs": {"hp": 83, "atk": 106, "def": 65, "spa": 86, "spd": 65, "spe": 85}, "stats": {"hp": 277, "atk": 226, "def": 157, "spa": 193, "spd": 157, "spe": 191}, "types": ["Poison", "Fighting"]}, "Azelf": {"name": "Azelf", "species": "Azelf", "speciesId": "azelf", "gender": "N", "shiny": false, "level": 82, "moves": ["uturn", "knockoff", "stealthrock", "psychic"], "ability": "Levitate", "evs": {"hp": 85, "atk": 85, "def": 85, "spa": 85, "spd": 85, "spe": 85}, "ivs": {"hp": 31, "atk": 31, "def": 31, "spa": 31, "spd": 31, "spe": 31}, "item": "Life Orb", "teraType": "Dark", "role": "Fast Support", "bvs": {"hp": 75, "atk": 125, "def": 70, "spa": 125, "spd": 70, "spe": 115}, "stats": {"hp": 257, "atk": 252, "def": 162, "spa": 252, "spd": 162, "spe": 236}, "types": ["Psychic"]}}]}