{"id": "gen9randombattle-2641876173", "format": "[Gen 9] Random Battle", "players": ["TheStarlalala", "Microbyte_"], "log": "|j|\u2606TheStarlalala\n|j|\u2606Microbyte_\n|t:|1782852534\n|gametype|singles\n|player|p1|TheStarlalala|veteran-gen4|1392\n|player|p2|Microbyte_|harlequin|1367\n|gen|9\n|tier|[Gen 9] Random Battle\n|rated|\n|rule|Species Clause: Limit one of each Pok\u00e9mon\n|rule|HP Percentage Mod: HP is shown in percentages\n|rule|Sleep Clause Mod: Limit one foe put to sleep\n|rule|Illusion Level Mod: Illusion disguises the Pok\u00e9mon's true level\n|\n|t:|1782852534\n|teamsize|p1|6\n|teamsize|p2|6\n|start\n|switch|p1a: Arbok|Arbok, L87, M|246/246\n|switch|p2a: Meowscarada|Meowscarada, L78, F|247/247\n|-ability|p1a: Arbok|Intimidate|boost\n|-unboost|p2a: Meowscarada|atk|1\n|turn|1\n|\n|t:|1782852544\n|move|p2a: Meowscarada|Toxic Spikes|p1a: Arbok\n|-start|p2a: Meowscarada|typechange|Poison|[from] ability: Protean\n|-sidestart|p1: TheStarlalala|move: Toxic Spikes\n|move|p1a: Arbok|Gunk Shot|p2a: Meowscarada\n|-resisted|p2a: Meowscarada\n|-damage|p2a: Meowscarada|158/247\n|\n|upkeep\n|turn|2\n|\n|t:|1782852551\n|move|p2a: Meowscarada|Toxic Spikes|p1a: Arbok\n|-sidestart|p1: TheStarlalala|move: Toxic Spikes\n|move|p1a: Arbok|Earthquake|p2a: Meowscarada\n|-supereffective|p2a: Meowscarada\n|-damage|p2a: Meowscarada|0 fnt\n|faint|p2a: Meowscarada\n|\n|upkeep\n|\n|t:|1782852554\n|switch|p2a: Metagross|Metagross, L79|256/256\n|turn|3\n|\n|t:|1782852571\n|switch|p1a: Houndstone|Houndstone, L86, M|264/264\n|-status|p1a: Houndstone|tox\n|move|p2a: Metagross|Stealth Rock|p1a: Houndstone\n|-sidestart|p1: TheStarlalala|move: Stealth Rock\n|\n|-damage|p1a: Houndstone|248/264 tox|[from] psn\n|upkeep\n|turn|4\n|\n|t:|1782852581\n|move|p1a: Houndstone|Poltergeist|p2a: Metagross\n|-activate|p2a: Metagross|move: Poltergeist|Leftovers\n|-supereffective|p2a: Metagross\n|-damage|p2a: Metagross|50/256\n|move|p2a: Metagross|Knock Off|p1a: Houndstone\n|-supereffective|p1a: Houndstone\n|-damage|p1a: Houndstone|174/264 tox\n|-enditem|p1a: Houndstone|Leftovers|[from] move: Knock Off|[of] p2a: Metagross\n|\n|-heal|p2a: Metagross|66/256|[from] item: Leftovers\n|-damage|p1a: Houndstone|142/264 tox|[from] psn\n|upkeep\n|turn|5\n|\n|t:|1782852614\n|switch|p2a: Granbull|Granbull, L88, M|302/302\n|-ability|p2a: Granbull|Intimidate|boost\n|-unboost|p1a: Houndstone|atk|1\n|move|p1a: Houndstone|Rest|p1a: Houndstone\n|-status|p1a: Houndstone|slp|[from] move: Rest\n|-heal|p1a: Houndstone|264/264 slp|[silent]\n|\n|upkeep\n|turn|6\n|\n|t:|1782852624\n|switch|p1a: Arbok|Arbok, L87, M|246/246\n|-sideend|p1: TheStarlalala|move: Toxic Spikes|[of] p1a: Arbok\n|-damage|p1a: Arbok|216/246|[from] Stealth Rock\n|-ability|p1a: Arbok|Intimidate|boost\n|-unboost|p2a: Granbull|atk|1\n|move|p2a: Granbull|Encore||[still]\n|-fail|p2a: Granbull\n|\n|-heal|p1a: Arbok|231/246|[from] item: Leftovers\n|upkeep\n|turn|7\n|\n|t:|1782852638\n|move|p1a: Arbok|Gunk Shot|p2a: Granbull\n|-supereffective|p2a: Granbull\n|-damage|p2a: Granbull|6/302\n|move|p2a: Granbull|Thunder Wave|p1a: Arbok\n|-status|p1a: Arbok|par\n|\n|-heal|p2a: Granbull|24/302|[from] item: Leftovers\n|-heal|p1a: Arbok|246/246 par|[from] item: Leftovers\n|upkeep\n|turn|8\n|\n|t:|1782852645\n|move|p1a: Arbok|Sucker Punch||[still]\n|-fail|p1a: Arbok\n|move|p2a: Granbull|Encore|p1a: Arbok\n|-start|p1a: Arbok|Encore\n|\n|-heal|p2a: Granbull|42/302|[from] item: Leftovers\n|upkeep\n|turn|9\n|\n|t:|1782852656\n|switch|p2a: Floatzel|Floatzel, L86, M|286/286\n|switch|p1a: Houndstone|Houndstone, L86, M|264/264 slp\n|-damage|p1a: Houndstone|231/264 slp|[from] Stealth Rock\n|\n|upkeep\n|turn|10\n|\n|t:|1782852663\n|move|p2a: Floatzel|Taunt|p1a: Houndstone\n|-start|p1a: Houndstone|move: Taunt\n|cant|p1a: Houndstone|slp\n|cant|p1a: Houndstone|move: Taunt|Sleep Talk\n|\n|upkeep\n|turn|11\n|\n|t:|1782852669\n|move|p2a: Floatzel|Bulk Up|p2a: Floatzel\n|-boost|p2a: Floatzel|atk|1\n|-boost|p2a: Floatzel|def|1\n|cant|p1a: Houndstone|slp\n|\n|upkeep\n|turn|12\n|\n|t:|1782852689\n|switch|p1a: Golem|Golem, L87, F|281/281\n|-damage|p1a: Golem|264/281|[from] Stealth Rock\n|move|p2a: Floatzel|Bulk Up|p2a: Floatzel\n|-boost|p2a: Floatzel|atk|1\n|-boost|p2a: Floatzel|def|1\n|\n|upkeep\n|turn|13\n|\n|t:|1782852697\n|move|p2a: Floatzel|Wave Crash|p1a: Golem\n|-supereffective|p1a: Golem\n|-damage|p1a: Golem|0 fnt\n|faint|p1a: Golem\n|-damage|p2a: Floatzel|199/286|[from] Recoil\n|\n|-heal|p2a: Floatzel|216/286|[from] item: Leftovers\n|upkeep\n|\n|t:|1782852707\n|switch|p1a: Rayquaza|Rayquaza, L72|270/270\n|-damage|p1a: Rayquaza|203/270|[from] Stealth Rock\n|-ability|p1a: Rayquaza|Air Lock\n|turn|14\n|\n|t:|1782852722\n|move|p2a: Floatzel|Ice Spinner|p1a: Rayquaza\n|-supereffective|p1a: Rayquaza\n|-damage|p1a: Rayquaza|0 fnt\n|faint|p1a: Rayquaza\n|\n|-heal|p2a: Floatzel|233/286|[from] item: Leftovers\n|upkeep\n|-message|TheStarlalala forfeited.\n|\n|win|Microbyte_\n|raw|TheStarlalala's rating: 1392 &rarr; <strong>1371</strong><br />(-21 for losing)\n|raw|Microbyte_'s rating: 1367 &rarr; <strong>1388</strong><br />(+21 for winning)\n|l|\u2606TheStarlalala\n|player|p1|\n", "inputlog": ">version f8ac14003a5f27e1bdc8d8c59608a773c1cb96e5\n>start {\"formatid\":\"gen9randombattle\",\"seed\":\"sodium,e23ab351365d562dacfb83e3575f4a6f\",\"rated\":\"Rated battle\"}\n>player p1 {\"name\":\"TheStarlalala\",\"avatar\":\"veteran-gen4\",\"rating\":1392,\"seed\":\"sodium,4430a90ede943b5ac11b8afe5d805889\"}\n>player p2 {\"name\":\"Microbyte_\",\"avatar\":\"harlequin\",\"rating\":1367,\"seed\":\"sodium,f7b2ed143b99498b417209e87d7f5320\"}\n>p1 move gunkshot\n>p2 move toxicspikes\n>p1 move earthquake\n>p2 move toxicspikes\n>p2 switch 2\n>p1 switch 6\n>p2 move stealthrock\n>p1 move poltergeist\n>p2 move knockoff\n>p1 move rest\n>p2 switch 6\n>p1 switch 6\n>p2 move encore\n>p1 move gunkshot\n>p2 move thunderwave\n>p1 move suckerpunch\n>p2 move encore\n>p1 switch 6\n>p2 switch 4\n>p1 move sleeptalk\n>p2 move taunt\n>p1 move bodypress\n>p2 move bulkup\n>p1 switch 3\n>p2 move bulkup\n>p1 move rockpolish\n>p2 move wavecrash\n>p1 switch 4\n>p1 move scaleshot\n>p2 move icespinner\n>forcelose p1", "uploadtime": 1782852731, "views": 7, "formatid": "gen9randombattle", "rating": 1371, "private": 0, "password": null, "player_dets": [{"name": "TheStarlalala", "avatar": "veteran-gen4", "rating": 1392, "seed": "sodium,4430a90ede943b5ac11b8afe5d805889"}, {"name": "Microbyte_", "avatar": "harlequin", "rating": 1367, "seed": "sodium,f7b2ed143b99498b417209e87d7f5320"}], "teams_full": [{"Arbok": {"name": "Arbok", "species": "Arbok", "speciesId": "arbok", "gender": "M", "shiny": false, "level": 87, "moves": ["gunkshot", "suckerpunch", "earthquake", "coil"], "ability": "Intimidate", "evs": {"hp": 85, "atk": 85, "def": 85, "spa": 85, "spd": 85, "spe": 85}, "ivs": {"hp": 31, "atk": 31, "def": 31, "spa": 31, "spd": 31, "spe": 31}, "item": "Leftovers", "teraType": "Ground", "role": "Bulky Attacker", "bvs": {"hp": 60, "atk": 95, "def": 69, "spa": 65, "spd": 79, "spe": 80}, "stats": {"hp": 246, "atk": 215, "def": 170, "spa": 163, "spd": 187, "spe": 189}, "types": ["Poison"]}, "Stonjourner": {"name": "Stonjourner", "species": "Stonjourner", "speciesId": "stonjourner", "gender": "M", "shiny": false, "level": 91, "moves": ["stoneedge", "earthquake", "stealthrock", "heatcrash"], "ability": "Power Spot", "evs": {"hp": 85, "atk": 85, "def": 85, "spa": 85, "spd": 85, "spe": 85}, "ivs": {"hp": 31, "atk": 31, "def": 31, "spa": 31, "spd": 31, "spe": 31}, "item": "Life Orb", "teraType": "Ground", "role": "Fast Attacker", "bvs": {"hp": 100, "atk": 125, "def": 135, "spa": 20, "spd": 20, "spe": 70}, "stats": {"hp": 330, "atk": 279, "def": 298, "spa": 88, "spd": 88, "spe": 179}, "types": ["Rock"]}, "Golem": {"name": "Golem", "species": "Golem", "speciesId": "golem", "gender": "F", "shiny": false, "level": 87, "moves": ["stoneedge", "explosion", "earthquake", "rockpolish"], "ability": "Sturdy", "evs": {"hp": 85, "atk": 85, "def": 85, "spa": 85, "spd": 85, "spe": 85}, "ivs": {"hp": 31, "atk": 31, "def": 31, "spa": 31, "spd": 31, "spe": 31}, "item": "Weakness Policy", "teraType": "Ground", "role": "Bulky Attacker", "bvs": {"hp": 80, "atk": 120, "def": 130, "spa": 55, "spd": 65, "spe": 45}, "stats": {"hp": 281, "atk": 259, "def": 276, "spa": 145, "spd": 163, "spe": 128}, "types": ["Rock", "Ground"]}, "Rayquaza": {"name": "Rayquaza", "species": "Rayquaza", "speciesId": "rayquaza", "gender": "N", "shiny": false, "level": 72, "moves": ["scaleshot", "earthquake", "dragonascent", "swordsdance"], "ability": "Air Lock", "evs": {"hp": 85, "atk": 85, "def": 85, "spa": 85, "spd": 85, "spe": 85}, "ivs": {"hp": 31, "atk": 31, "def": 31, "spa": 31, "spd": 31, "spe": 31}, "item": "Loaded Dice", "teraType": "Steel", "role": "Fast Bulky Setup", "bvs": {"hp": 105, "atk": 150, "def": 90, "spa": 150, "spd": 90, "spe": 95}, "stats": {"hp": 270, "atk": 258, "def": 172, "spa": 258, "spd": 172, "spe": 179}, "types": ["Dragon", "Flying"]}, "Azelf": {"name": "Azelf", "species": "Azelf", "speciesId": "azelf", "gender": "N", "shiny": false, "level": 82, "moves": ["psychic", "fireblast", "encore", "uturn"], "ability": "Levitate", "evs": {"hp": 85, "atk": 85, "def": 85, "spa": 85, "spd": 85, "spe": 85}, "ivs": {"hp": 31, "atk": 31, "def": 31, "spa": 31, "spd": 31, "spe": 31}, "item": "Life Orb", "teraType": "Fire", "role": "Fast Support", "bvs": {"hp": 75, "atk": 125, "def": 70, "spa": 125, "spd": 70, "spe": 115}, "stats": {"hp": 257, "atk": 252, "def": 162, "spa": 252, "spd": 162, "spe": 236}, "types": ["Psychic"]}, "Houndstone": {"name": "Houndstone", "species": "Houndstone", "speciesId": "houndstone", "gender": "M", "shiny": false, "level": 86, "moves": ["bodypress", "poltergeist", "rest", "sleeptalk"], "ability": "Fluffy", "evs": {"hp": 85, "atk": 85, "def": 85, "spa": 85, "spd": 85, "spe": 85}, "ivs": {"hp": 31, "atk": 31, "def": 31, "spa": 31, "spd": 31, "spe": 31}, "item": "Leftovers", "teraType": "Fighting", "role": "Bulky Support", "bvs": {"hp": 72, "atk": 101, "def": 100, "spa": 50, "spd": 97, "spe": 68}, "stats": {"hp": 264, "atk": 223, "def": 221, "spa": 135, "spd": 216, "spe": 166}, "types": ["Ghost"]}}, {"Meowscarada": {"name": "Meowscarada", "species": "Meowscarada", "speciesId": "meowscarada", "gender": "F", "shiny": false, "level": 78, "moves": ["knockoff", "tripleaxel", "toxicspikes", "flowertrick"], "ability": "Protean", "evs": {"hp": 85, "atk": 85, "def": 85, "spa": 85, "spd": 85, "spe": 85}, "ivs": {"hp": 31, "atk": 31, "def": 31, "spa": 31, "spd": 31, "spe": 31}, "item": "Focus Sash", "teraType": "Grass", "role": "Fast Support", "bvs": {"hp": 76, "atk": 110, "def": 70, "spa": 81, "spd": 70, "spe": 123}, "stats": {"hp": 247, "atk": 217, "def": 154, "spa": 171, "spd": 154, "spe": 237}, "types": ["Grass", "Dark"]}, "Metagross": {"name": "Metagross", "species": "Metagross", "speciesId": "metagross", "gender": "N", "shiny": false, "level": 79, "moves": ["psychicfangs", "heavyslam", "knockoff", "stealthrock"], "ability": "Clear Body", "evs": {"hp": 85, "atk": 85, "def": 85, "spa": 85, "spd": 85, "spe": 85}, "ivs": {"hp": 31, "atk": 31, "def": 31, "spa": 31, "spd": 31, "spe": 31}, "item": "Leftovers", "teraType": "Water", "role": "Bulky Support", "bvs": {"hp": 80, "atk": 135, "def": 130, "spa": 95, "spd": 90, "spe": 70}, "stats": {"hp": 256, "atk": 259, "def": 251, "spa": 196, "spd": 188, "spe": 156}, "types": ["Steel", "Psychic"]}, "Breloom": {"name": "Breloom", "species": "Breloom", "speciesId": "breloom", "gender": "M", "shiny": false, "level": 83, "moves": ["bulletseed", "rocktomb", "machpunch", "spore"], "ability": "Technician", "evs": {"hp": 85, "atk": 85, "def": 85, "spa": 85, "spd": 85, "spe": 85}, "ivs": {"hp": 31, "atk": 31, "def": 31, "spa": 31, "spd": 31, "spe": 31}, "item": "Life Orb", "teraType": "Rock", "role": "Fast Attacker", "bvs": {"hp": 60, "atk": 130, "def": 80, "spa": 60, "spd": 60, "spe": 70}, "stats": {"hp": 235, "atk": 263, "def": 180, "spa": 147, "spd": 147, "spe": 164}, "types": ["Grass", "Fighting"]}, "Floatzel": {"name": "Floatzel", "species": "Floatzel", "speciesId": "floatzel", "gender": "M", "shiny": false, "level": 86, "moves": ["wavecrash", "bulkup", "taunt", "icespinner"], "ability": "Water Veil", "evs": {"hp": 85, "atk": 85, "def": 85, "spa": 85, "spd": 85, "spe": 85}, "ivs": {"hp": 31, "atk": 31, "def": 31, "spa": 31, "spd": 31, "spe": 31}, "item": "Leftovers", "teraType": "Water", "role": "Bulky Setup", "bvs": {"hp": 85, "atk": 105, "def": 55, "spa": 85, "spd": 50, "spe": 115}, "stats": {"hp": 286, "atk": 230, "def": 144, "spa": 195, "spd": 135, "spe": 247}, "types": ["Water"]}, "Iron Hands": {"name": "Iron Hands", "species": "Iron Hands", "speciesId": "ironhands", "gender": "N", "shiny": false, "level": 79, "moves": ["thunderpunch", "drainpunch", "fakeout", "voltswitch"], "ability": "Quark Drive", "evs": {"hp": 85, "atk": 85, "def": 85, "spa": 85, "spd": 85, "spe": 85}, "ivs": {"hp": 31, "atk": 31, "def": 31, "spa": 31, "spd": 31, "spe": 31}, "item": "Assault Vest", "teraType": "Fighting", "role": "AV Pivot", "bvs": {"hp": 154, "atk": 140, "def": 108, "spa": 50, "spd": 68, "spe": 50}, "stats": {"hp": 373, "atk": 267, "def": 216, "spa": 125, "spd": 153, "spe": 125}, "types": ["Fighting", "Electric"]}, "Granbull": {"name": "Granbull", "species": "Granbull", "speciesId": "granbull", "gender": "M", "shiny": false, "level": 88, "moves": ["playrough", "earthquake", "encore", "thunderwave"], "ability": "Intimidate", "evs": {"hp": 85, "atk": 85, "def": 85, "spa": 85, "spd": 85, "spe": 85}, "ivs": {"hp": 31, "atk": 31, "def": 31, "spa": 31, "spd": 31, "spe": 31}, "item": "Leftovers", "teraType": "Ground", "role": "Bulky Attacker", "bvs": {"hp": 90, "atk": 120, "def": 75, "spa": 60, "spd": 60, "spe": 45}, "stats": {"hp": 302, "atk": 261, "def": 182, "spa": 156, "spd": 156, "spe": 129}, "types": ["Fairy"]}}]}