{"id": "gen9randombattle-2641851425", "format": "[Gen 9] Random Battle", "players": ["The impimp", "shingami10155"], "log": "|j|\u2606The impimp\n|j|\u2606shingami10155\n|t:|1782849530\n|gametype|singles\n|player|p1|The impimp|101|1087\n|player|p2|shingami10155|102|1058\n|gen|9\n|tier|[Gen 9] Random Battle\n|rated|\n|rule|Species Clause: Limit one of each Pok\u00e9mon\n|rule|HP Percentage Mod: HP is shown in percentages\n|rule|Sleep Clause Mod: Limit one foe put to sleep\n|rule|Illusion Level Mod: Illusion disguises the Pok\u00e9mon's true level\n|\n|t:|1782849530\n|teamsize|p1|6\n|teamsize|p2|6\n|start\n|switch|p1a: Jolteon|Jolteon, L84, M|246/246\n|switch|p2a: Bombirdier|Bombirdier, L85, M|258/258\n|turn|1\n|inactive|Battle timer is ON: inactive players will automatically lose when time's up. (requested by shingami10155)\n|\n|t:|1782849546\n|switch|p1a: Sceptile|Sceptile, L87, F|264/264\n|move|p2a: Bombirdier|Stealth Rock|p1a: Sceptile\n|-sidestart|p1: The impimp|move: Stealth Rock\n|\n|upkeep\n|turn|2\n|\n|t:|1782849557\n|switch|p2a: Volcarona|Volcarona, L77, F|257/257\n|move|p1a: Sceptile|Rock Slide|p2a: Volcarona\n|-supereffective|p2a: Volcarona\n|-damage|p2a: Volcarona|0 fnt\n|faint|p2a: Volcarona\n|-damage|p1a: Sceptile|238/264|[from] item: Life Orb\n|\n|upkeep\n|\n|t:|1782849571\n|switch|p2a: Haxorus|Haxorus, L77, M|244/244\n|-ability|p2a: Haxorus|Mold Breaker\n|turn|3\n|\n|t:|1782849579\n|move|p1a: Sceptile|Swords Dance|p1a: Sceptile\n|-boost|p1a: Sceptile|atk|2\n|move|p2a: Haxorus|Scale Shot|p1a: Sceptile\n|-damage|p1a: Sceptile|199/264\n|-damage|p1a: Sceptile|159/264\n|-damage|p1a: Sceptile|125/264\n|-damage|p1a: Sceptile|86/264\n|-hitcount|p1a: Sceptile|4\n|-unboost|p2a: Haxorus|def|1\n|-boost|p2a: Haxorus|spe|1\n|\n|upkeep\n|turn|4\n|\n|t:|1782849593\n|move|p2a: Haxorus|Scale Shot|p1a: Sceptile\n|-damage|p1a: Sceptile|47/264\n|-damage|p1a: Sceptile|10/264\n|-damage|p1a: Sceptile|0 fnt\n|faint|p1a: Sceptile\n|-hitcount|p1: Sceptile|3\n|-unboost|p2a: Haxorus|def|1\n|-boost|p2a: Haxorus|spe|1\n|\n|upkeep\n|\n|t:|1782849600\n|switch|p1a: Staraptor|Staraptor, L79, M|263/263\n|-damage|p1a: Staraptor|198/263|[from] Stealth Rock\n|turn|5\n|\n|t:|1782849606\n|move|p2a: Haxorus|Scale Shot|p1a: Staraptor\n|-damage|p1a: Staraptor|159/263\n|-damage|p1a: Staraptor|119/263\n|-damage|p1a: Staraptor|79/263\n|-damage|p1a: Staraptor|39/263\n|-hitcount|p1a: Staraptor|4\n|-unboost|p2a: Haxorus|def|1\n|-boost|p2a: Haxorus|spe|1\n|move|p1a: Staraptor|Brave Bird|p2a: Haxorus\n|-crit|p2a: Haxorus\n|-damage|p2a: Haxorus|0 fnt\n|faint|p2a: Haxorus\n|-damage|p1a: Staraptor|0 fnt|[from] Recoil\n|faint|p1a: Staraptor\n|\n|upkeep\n|\n|t:|1782849625\n|switch|p1a: Mandibuzz|Mandibuzz, L85, F|326/326\n|switch|p2a: Bombirdier|Bombirdier, L85, M|258/258\n|turn|6\n|\n|t:|1782849637\n|move|p2a: Bombirdier|Brave Bird|p1a: Mandibuzz\n|-damage|p1a: Mandibuzz|199/326\n|-damage|p2a: Bombirdier|216/258|[from] Recoil\n|move|p1a: Mandibuzz|Defog|p2a: Bombirdier\n|-unboost|p2a: Bombirdier|evasion|1\n|-sideend|p1: The impimp|Stealth Rock|[from] move: Defog|[of] p1a: Mandibuzz\n|\n|upkeep\n|turn|7\n|\n|t:|1782849646\n|move|p2a: Bombirdier|Roost|p2a: Bombirdier\n|-heal|p2a: Bombirdier|258/258\n|-singleturn|p2a: Bombirdier|move: Roost\n|move|p1a: Mandibuzz|Roost|p1a: Mandibuzz\n|-heal|p1a: Mandibuzz|326/326\n|-singleturn|p1a: Mandibuzz|move: Roost\n|\n|upkeep\n|turn|8\n|\n|t:|1782849657\n|switch|p1a: Skuntank|Skuntank, L84, F|310/310\n|move|p2a: Bombirdier|Knock Off|p1a: Skuntank\n|-resisted|p1a: Skuntank\n|-damage|p1a: Skuntank|239/310\n|-enditem|p1a: Skuntank|Assault Vest|[from] move: Knock Off|[of] p2a: Bombirdier\n|\n|upkeep\n|turn|9\n|\n|t:|1782849668\n|move|p1a: Skuntank|Gunk Shot|p2a: Bombirdier\n|-damage|p2a: Bombirdier|128/258\n|move|p2a: Bombirdier|Brave Bird|p1a: Skuntank\n|-damage|p1a: Skuntank|76/310\n|-damage|p2a: Bombirdier|74/258|[from] Recoil\n|\n|upkeep\n|turn|10\n|\n|t:|1782849677\n|move|p1a: Skuntank|Gunk Shot|p2a: Bombirdier\n|-crit|p2a: Bombirdier\n|-damage|p2a: Bombirdier|0 fnt\n|faint|p2a: Bombirdier\n|\n|upkeep\n|\n|t:|1782849683\n|switch|p2a: Blastoise|Blastoise, L80, M|258/258\n|turn|11\n|\n|t:|1782849688\n|move|p1a: Skuntank|Knock Off|p2a: Blastoise\n|-crit|p2a: Blastoise\n|-damage|p2a: Blastoise|117/258\n|-enditem|p2a: Blastoise|White Herb|[from] move: Knock Off|[of] p1a: Skuntank\n|move|p2a: Blastoise|Earthquake|p1a: Skuntank\n|-supereffective|p1a: Skuntank\n|-damage|p1a: Skuntank|0 fnt\n|faint|p1a: Skuntank\n|\n|upkeep\n|\n|t:|1782849690\n|switch|p1a: Jolteon|Jolteon, L84, M|246/246\n|turn|12\n|\n|t:|1782849701\n|move|p1a: Jolteon|Thunderbolt|p2a: Blastoise\n|-supereffective|p2a: Blastoise\n|-damage|p2a: Blastoise|0 fnt\n|faint|p2a: Blastoise\n|-damage|p1a: Jolteon|222/246|[from] item: Life Orb\n|\n|upkeep\n|\n|t:|1782849709\n|switch|p2a: Blissey|Blissey, L85, F|572/572\n|turn|13\n|\n|t:|1782849716\n|move|p1a: Jolteon|Calm Mind|p1a: Jolteon\n|-boost|p1a: Jolteon|spa|1\n|-boost|p1a: Jolteon|spd|1\n|move|p2a: Blissey|Soft-Boiled||[still]\n|-fail|p2a: Blissey|heal\n|\n|upkeep\n|turn|14\n|\n|t:|1782849722\n|move|p1a: Jolteon|Calm Mind|p1a: Jolteon\n|-boost|p1a: Jolteon|spa|1\n|-boost|p1a: Jolteon|spd|1\n|move|p2a: Blissey|Seismic Toss|p1a: Jolteon\n|-damage|p1a: Jolteon|137/246\n|\n|upkeep\n|turn|15\n|\n|t:|1782849731\n|move|p1a: Jolteon|Calm Mind|p1a: Jolteon\n|-boost|p1a: Jolteon|spa|1\n|-boost|p1a: Jolteon|spd|1\n|move|p2a: Blissey|Seismic Toss|p1a: Jolteon\n|-damage|p1a: Jolteon|52/246\n|\n|upkeep\n|turn|16\n|\n|t:|1782849740\n|move|p1a: Jolteon|Thunderbolt|p2a: Blissey\n|-damage|p2a: Blissey|329/572\n|-damage|p1a: Jolteon|28/246|[from] item: Life Orb\n|move|p2a: Blissey|Seismic Toss|p1a: Jolteon\n|-damage|p1a: Jolteon|0 fnt\n|faint|p1a: Jolteon\n|\n|-heal|p2a: Blissey|364/572|[from] item: Leftovers\n|upkeep\n|\n|t:|1782849743\n|switch|p1a: Mandibuzz|Mandibuzz, L85, F|326/326\n|turn|17\n|\n|t:|1782849754\n|move|p1a: Mandibuzz|Brave Bird|p2a: Blissey\n|-damage|p2a: Blissey|54/572\n|-damage|p1a: Mandibuzz|224/326|[from] Recoil\n|move|p2a: Blissey|Soft-Boiled|p2a: Blissey\n|-heal|p2a: Blissey|340/572\n|\n|-heal|p2a: Blissey|375/572|[from] item: Leftovers\n|upkeep\n|turn|18\n|\n|t:|1782849765\n|move|p1a: Mandibuzz|Brave Bird|p2a: Blissey\n|-damage|p2a: Blissey|89/572\n|-damage|p1a: Mandibuzz|130/326|[from] Recoil\n|move|p2a: Blissey|Thunder Wave|p1a: Mandibuzz\n|-status|p1a: Mandibuzz|par\n|\n|-heal|p2a: Blissey|124/572|[from] item: Leftovers\n|upkeep\n|turn|19\n|\n|t:|1782849782\n|move|p2a: Blissey|Heal Bell||[still]\n|-activate|p2a: Blissey|move: Heal Bell\n|-fail|p2a: Blissey\n|move|p1a: Mandibuzz|Roost|p1a: Mandibuzz\n|-heal|p1a: Mandibuzz|293/326 par\n|-singleturn|p1a: Mandibuzz|move: Roost\n|\n|-heal|p2a: Blissey|159/572|[from] item: Leftovers\n|upkeep\n|turn|20\n|\n|t:|1782849792\n|move|p2a: Blissey|Heal Bell||[still]\n|-activate|p2a: Blissey|move: Heal Bell\n|-fail|p2a: Blissey\n|move|p1a: Mandibuzz|Brave Bird|p2a: Blissey\n|-damage|p2a: Blissey|0 fnt\n|faint|p2a: Blissey\n|-damage|p1a: Mandibuzz|241/326 par|[from] Recoil\n|\n|upkeep\n|\n|t:|1782849801\n|switch|p2a: Hydreigon|Hydreigon, L79, F|275/275\n|turn|21\n|\n|t:|1782849809\n|move|p2a: Hydreigon|Fire Blast|p1a: Mandibuzz\n|-damage|p1a: Mandibuzz|136/326 par\n|-damage|p2a: Hydreigon|248/275|[from] item: Life Orb\n|move|p1a: Mandibuzz|Defog|p2a: Hydreigon\n|-unboost|p2a: Hydreigon|evasion|1\n|\n|upkeep\n|turn|22\n|\n|t:|1782849818\n|move|p2a: Hydreigon|Fire Blast|p1a: Mandibuzz\n|-damage|p1a: Mandibuzz|39/326 par\n|-damage|p2a: Hydreigon|221/275|[from] item: Life Orb\n|cant|p1a: Mandibuzz|par\n|\n|upkeep\n|turn|23\n|\n|t:|1782849826\n|move|p2a: Hydreigon|Fire Blast|p1a: Mandibuzz\n|-damage|p1a: Mandibuzz|0 fnt\n|faint|p1a: Mandibuzz\n|-damage|p2a: Hydreigon|194/275|[from] item: Life Orb\n|\n|upkeep\n|\n|t:|1782849827\n|switch|p1a: Iron Moth|Iron Moth, L78|253/253\n|turn|24\n|\n|t:|1782849839\n|-terastallize|p1a: Iron Moth|Fire\n|-terastallize|p2a: Hydreigon|Dark\n|move|p1a: Iron Moth|Fire Blast|p2a: Hydreigon\n|-damage|p2a: Hydreigon|0 fnt\n|faint|p2a: Hydreigon\n|\n|win|The impimp\n|raw|The impimp's rating: 1087 &rarr; <strong>1112</strong><br />(+25 for winning)\n|raw|shingami10155's rating: 1058 &rarr; <strong>1041</strong><br />(-17 for losing)\n", "inputlog": ">version f8ac14003a5f27e1bdc8d8c59608a773c1cb96e5\n>start {\"formatid\":\"gen9randombattle\",\"seed\":\"sodium,3355a39174b574f723a70100edd2831c\",\"rated\":\"Rated battle\"}\n>player p1 {\"name\":\"The impimp\",\"avatar\":\"101\",\"rating\":1087,\"seed\":\"sodium,cfa56b13ebcdabbf7b5f0efd9b70f54b\"}\n>player p2 {\"name\":\"shingami10155\",\"avatar\":\"102\",\"rating\":1058,\"seed\":\"sodium,e4e8cd2e414ae4bbf1517bca285d96b5\"}\n>p1 switch 2\n>p2 move stealthrock\n>p1 move rockslide\n>p2 switch 6\n>p2 switch 2\n>p1 move swordsdance\n>p2 move scaleshot\n>p1 move earthquake\n>p2 move scaleshot\n>p1 switch 3\n>p1 move bravebird\n>p2 move scaleshot\n>p1 switch 4\n>p2 switch 6\n>p1 move defog\n>p2 move bravebird\n>p1 move roost\n>p2 move roost\n>p1 switch 6\n>p2 move knockoff\n>p1 move gunkshot\n>p2 move bravebird\n>p1 move gunkshot\n>p2 move roost\n>p2 switch 5\n>p1 move knockoff\n>p2 move earthquake\n>p1 switch 2\n>p1 move thunderbolt\n>p2 move hydropump\n>p2 switch 4\n>p1 move calmmind\n>p2 move softboiled\n>p1 move calmmind\n>p2 move seismictoss\n>p1 move calmmind\n>p2 move seismictoss\n>p1 move thunderbolt\n>p2 move seismictoss\n>p1 switch 6\n>p1 move bravebird\n>p2 move softboiled\n>p1 move bravebird\n>p2 move thunderwave\n>p1 move roost\n>p2 move healbell\n>p1 move bravebird\n>p2 move healbell\n>p2 switch 3\n>p1 move defog\n>p2 move fireblast\n>p1 move roost\n>p2 move fireblast\n>p1 move roost\n>p2 move fireblast\n>p1 switch 5\n>p1 move fireblast terastallize\n>p2 move darkpulse terastallize", "uploadtime": 1782849842, "views": 3, "formatid": "gen9randombattle", "rating": 1041, "private": 0, "password": null, "player_dets": [{"name": "The impimp", "avatar": "101", "rating": 1087, "seed": "sodium,cfa56b13ebcdabbf7b5f0efd9b70f54b"}, {"name": "shingami10155", "avatar": "102", "rating": 1058, "seed": "sodium,e4e8cd2e414ae4bbf1517bca285d96b5"}], "teams_full": [{"Jolteon": {"name": "Jolteon", "species": "Jolteon", "speciesId": "jolteon", "gender": "M", "shiny": false, "level": 84, "moves": ["calmmind", "alluringvoice", "shadowball", "thunderbolt"], "ability": "Volt Absorb", "evs": {"hp": 85, "atk": 0, "def": 85, "spa": 85, "spd": 85, "spe": 85}, "ivs": {"hp": 31, "atk": 0, "def": 31, "spa": 31, "spd": 31, "spe": 31}, "item": "Life Orb", "teraType": "Electric", "role": "Fast Attacker", "bvs": {"hp": 65, "atk": 65, "def": 60, "spa": 110, "spd": 95, "spe": 130}, "stats": {"hp": 246, "atk": 114, "def": 149, "spa": 233, "spd": 208, "spe": 267}, "types": ["Electric"]}, "Sceptile": {"name": "Sceptile", "species": "Sceptile", "speciesId": "sceptile", "gender": "F", "shiny": false, "level": 87, "moves": ["rockslide", "earthquake", "leafblade", "swordsdance"], "ability": "Overgrow", "evs": {"hp": 85, "atk": 85, "def": 85, "spa": 85, "spd": 85, "spe": 85}, "ivs": {"hp": 31, "atk": 31, "def": 31, "spa": 31, "spd": 31, "spe": 31}, "item": "Life Orb", "teraType": "Rock", "role": "Setup Sweeper", "bvs": {"hp": 70, "atk": 85, "def": 65, "spa": 105, "spd": 85, "spe": 120}, "stats": {"hp": 264, "atk": 198, "def": 163, "spa": 232, "spd": 198, "spe": 259}, "types": ["Grass"]}, "Staraptor": {"name": "Staraptor", "species": "Staraptor", "speciesId": "staraptor", "gender": "M", "shiny": false, "level": 79, "moves": ["doubleedge", "uturn", "closecombat", "bravebird"], "ability": "Reckless", "evs": {"hp": 81, "atk": 85, "def": 85, "spa": 85, "spd": 85, "spe": 85}, "ivs": {"hp": 31, "atk": 31, "def": 31, "spa": 31, "spd": 31, "spe": 31}, "item": "Choice Band", "teraType": "Fighting", "role": "Fast Attacker", "bvs": {"hp": 85, "atk": 120, "def": 70, "spa": 50, "spd": 60, "spe": 100}, "stats": {"hp": 263, "atk": 235, "def": 156, "spa": 125, "spd": 140, "spe": 204}, "types": ["Normal", "Flying"]}, "Mandibuzz": {"name": "Mandibuzz", "species": "Mandibuzz", "speciesId": "mandibuzz", "gender": "F", "shiny": false, "level": 85, "moves": ["roost", "bravebird", "foulplay", "defog"], "ability": "Overcoat", "evs": {"hp": 85, "atk": 85, "def": 85, "spa": 85, "spd": 85, "spe": 85}, "ivs": {"hp": 31, "atk": 31, "def": 31, "spa": 31, "spd": 31, "spe": 31}, "item": "Heavy-Duty Boots", "teraType": "Steel", "role": "Bulky Attacker", "bvs": {"hp": 110, "atk": 65, "def": 105, "spa": 55, "spd": 95, "spe": 80}, "stats": {"hp": 326, "atk": 159, "def": 227, "spa": 142, "spd": 210, "spe": 185}, "types": ["Dark", "Flying"]}, "Iron Moth": {"name": "Iron Moth", "species": "Iron Moth", "speciesId": "ironmoth", "gender": "N", "shiny": false, "level": 78, "moves": ["fireblast", "energyball", "uturn", "sludgewave"], "ability": "Quark Drive", "evs": {"hp": 85, "atk": 85, "def": 85, "spa": 85, "spd": 85, "spe": 85}, "ivs": {"hp": 31, "atk": 31, "def": 31, "spa": 31, "spd": 31, "spe": 31}, "item": "Choice Specs", "teraType": "Fire", "role": "Fast Attacker", "bvs": {"hp": 80, "atk": 70, "def": 60, "spa": 140, "spd": 110, "spe": 110}, "stats": {"hp": 253, "atk": 154, "def": 139, "spa": 263, "spd": 217, "spe": 217}, "types": ["Fire", "Poison"]}, "Skuntank": {"name": "Skuntank", "species": "Skuntank", "speciesId": "skuntank", "gender": "F", "shiny": false, "level": 84, "moves": ["suckerpunch", "knockoff", "gunkshot", "fireblast"], "ability": "Aftermath", "evs": {"hp": 85, "atk": 85, "def": 85, "spa": 85, "spd": 85, "spe": 85}, "ivs": {"hp": 31, "atk": 31, "def": 31, "spa": 31, "spd": 31, "spe": 31}, "item": "Assault Vest", "teraType": "Poison", "role": "Fast Support", "bvs": {"hp": 103, "atk": 93, "def": 67, "spa": 71, "spd": 61, "spe": 84}, "stats": {"hp": 310, "atk": 204, "def": 161, "spa": 167, "spd": 151, "spe": 189}, "types": ["Poison", "Dark"]}}, {"Bombirdier": {"name": "Bombirdier", "species": "Bombirdier", "speciesId": "bombirdier", "gender": "M", "shiny": false, "level": 85, "moves": ["knockoff", "bravebird", "stealthrock", "roost"], "ability": "Big Pecks", "evs": {"hp": 85, "atk": 85, "def": 85, "spa": 85, "spd": 85, "spe": 85}, "ivs": {"hp": 31, "atk": 31, "def": 31, "spa": 31, "spd": 31, "spe": 31}, "item": "Heavy-Duty Boots", "teraType": "Steel", "role": "Bulky Support", "bvs": {"hp": 70, "atk": 103, "def": 85, "spa": 60, "spd": 85, "spe": 82}, "stats": {"hp": 258, "atk": 224, "def": 193, "spa": 151, "spd": 193, "spe": 188}, "types": ["Flying", "Dark"]}, "Haxorus": {"name": "Haxorus", "species": "Haxorus", "speciesId": "haxorus", "gender": "M", "shiny": false, "level": 77, "moves": ["ironhead", "closecombat", "swordsdance", "scaleshot"], "ability": "Mold Breaker", "evs": {"hp": 85, "atk": 85, "def": 85, "spa": 85, "spd": 85, "spe": 85}, "ivs": {"hp": 31, "atk": 31, "def": 31, "spa": 31, "spd": 31, "spe": 31}, "item": "Loaded Dice", "teraType": "Steel", "role": "Fast Bulky Setup", "bvs": {"hp": 76, "atk": 147, "def": 90, "spa": 60, "spd": 70, "spe": 97}, "stats": {"hp": 244, "atk": 271, "def": 183, "spa": 137, "spd": 152, "spe": 194}, "types": ["Dragon"]}, "Hydreigon": {"name": "Hydreigon", "species": "Hydreigon", "speciesId": "hydreigon", "gender": "F", "shiny": false, "level": 79, "moves": ["nastyplot", "darkpulse", "dracometeor", "fireblast"], "ability": "Levitate", "evs": {"hp": 85, "atk": 0, "def": 85, "spa": 85, "spd": 85, "spe": 85}, "ivs": {"hp": 31, "atk": 0, "def": 31, "spa": 31, "spd": 31, "spe": 31}, "item": "Life Orb", "teraType": "Dark", "role": "Fast Attacker", "bvs": {"hp": 92, "atk": 105, "def": 90, "spa": 125, "spd": 90, "spe": 98}, "stats": {"hp": 275, "atk": 170, "def": 188, "spa": 243, "spd": 188, "spe": 200}, "types": ["Dark", "Dragon"]}, "Blissey": {"name": "Blissey", "species": "Blissey", "speciesId": "blissey", "gender": "F", "shiny": false, "level": 85, "moves": ["softboiled", "thunderwave", "healbell", "seismictoss"], "ability": "Natural Cure", "evs": {"hp": 85, "atk": 0, "def": 85, "spa": 85, "spd": 85, "spe": 85}, "ivs": {"hp": 31, "atk": 0, "def": 31, "spa": 31, "spd": 31, "spe": 31}, "item": "Leftovers", "teraType": "Poison", "role": "Bulky Support", "bvs": {"hp": 255, "atk": 10, "def": 10, "spa": 75, "spd": 135, "spe": 55}, "stats": {"hp": 572, "atk": 22, "def": 66, "spa": 176, "spd": 278, "spe": 142}, "types": ["Normal"]}, "Blastoise": {"name": "Blastoise", "species": "Blastoise", "speciesId": "blastoise", "gender": "M", "shiny": false, "level": 80, "moves": ["shellsmash", "icebeam", "hydropump", "earthquake"], "ability": "Torrent", "evs": {"hp": 85, "atk": 85, "def": 85, "spa": 85, "spd": 85, "spe": 85}, "ivs": {"hp": 31, "atk": 31, "def": 31, "spa": 31, "spd": 31, "spe": 31}, "item": "White Herb", "teraType": "Water", "role": "Setup Sweeper", "bvs": {"hp": 79, "atk": 83, "def": 100, "spa": 85, "spd": 105, "spe": 78}, "stats": {"hp": 258, "atk": 179, "def": 206, "spa": 182, "spd": 214, "spe": 171}, "types": ["Water"]}, "Volcarona": {"name": "Volcarona", "species": "Volcarona", "speciesId": "volcarona", "gender": "F", "shiny": false, "level": 77, "moves": ["gigadrain", "quiverdance", "morningsun", "fireblast"], "ability": "Flame Body", "evs": {"hp": 85, "atk": 0, "def": 85, "spa": 85, "spd": 85, "spe": 85}, "ivs": {"hp": 31, "atk": 0, "def": 31, "spa": 31, "spd": 31, "spe": 31}, "item": "Heavy-Duty Boots", "teraType": "Fire", "role": "Fast Bulky Setup", "bvs": {"hp": 85, "atk": 60, "def": 65, "spa": 135, "spd": 105, "spe": 100}, "stats": {"hp": 257, "atk": 97, "def": 145, "spa": 252, "spd": 206, "spe": 199}, "types": ["Bug", "Fire"]}}]}