{"id": "gen9randombattle-2641791936", "format": "[Gen 9] Random Battle", "players": ["maki77", "discodiscogoodgood"], "log": "|j|\u2606maki77\n|j|\u2606discodiscogoodgood\n|t:|1782842431\n|gametype|singles\n|player|p1|maki77|169|2093\n|player|p2|discodiscogoodgood|musician|2195\n|gen|9\n|tier|[Gen 9] Random Battle\n|rated|\n|rule|Species Clause: Limit one of each Pok\u00e9mon\n|rule|HP Percentage Mod: HP is shown in percentages\n|rule|Sleep Clause Mod: Limit one foe put to sleep\n|rule|Illusion Level Mod: Illusion disguises the Pok\u00e9mon's true level\n|\n|t:|1782842431\n|teamsize|p1|6\n|teamsize|p2|6\n|start\n|switch|p1a: Malamar|Malamar, L82, M|275/275\n|switch|p2a: Reshiram|Reshiram, L76|277/277\n|-ability|p2a: Reshiram|Turboblaze\n|turn|1\n|inactive|Battle timer is ON: inactive players will automatically lose when time's up. (requested by maki77)\n|\n|t:|1782842444\n|move|p2a: Reshiram|Will-O-Wisp|p1a: Malamar\n|-status|p1a: Malamar|brn\n|move|p1a: Malamar|Superpower|p2a: Reshiram\n|-damage|p2a: Reshiram|235/277\n|-boost|p1a: Malamar|atk|1\n|-boost|p1a: Malamar|def|1\n|\n|-damage|p1a: Malamar|258/275 brn|[from] brn\n|upkeep\n|turn|2\n|\n|t:|1782842453\n|move|p2a: Reshiram|Blue Flare|p1a: Malamar\n|-damage|p1a: Malamar|56/275 brn\n|move|p1a: Malamar|Knock Off|p2a: Reshiram\n|-damage|p2a: Reshiram|171/277\n|-enditem|p2a: Reshiram|Heavy-Duty Boots|[from] move: Knock Off|[of] p1a: Malamar\n|\n|-damage|p1a: Malamar|39/275 brn|[from] brn\n|upkeep\n|turn|3\n|\n|t:|1782842469\n|move|p2a: Reshiram|Blue Flare|p1a: Malamar|[miss]\n|-miss|p2a: Reshiram|p1a: Malamar\n|move|p1a: Malamar|Psycho Cut|p2a: Reshiram\n|-damage|p2a: Reshiram|116/277\n|\n|-damage|p1a: Malamar|22/275 brn|[from] brn\n|upkeep\n|turn|4\n|\n|t:|1782842473\n|move|p2a: Reshiram|Blue Flare|p1a: Malamar\n|-damage|p1a: Malamar|0 fnt\n|faint|p1a: Malamar\n|\n|upkeep\n|inactive|maki77 has 120 seconds left.\n|inactive|maki77 has 90 seconds left.\n|\n|t:|1782842540\n|switch|p1a: Granbull|Granbull, L88, F|302/302\n|-ability|p1a: Granbull|Intimidate|boost\n|-unboost|p2a: Reshiram|atk|1\n|turn|5\n|\n|t:|1782842550\n|move|p2a: Reshiram|Blue Flare|p1a: Granbull\n|-damage|p1a: Granbull|113/302\n|move|p1a: Granbull|Thunder Wave|p2a: Reshiram\n|-status|p2a: Reshiram|par\n|\n|-heal|p1a: Granbull|131/302|[from] item: Leftovers\n|upkeep\n|turn|6\n|\n|t:|1782842558\n|move|p1a: Granbull|Earthquake|p2a: Reshiram\n|-supereffective|p2a: Reshiram\n|-damage|p2a: Reshiram|0 fnt\n|faint|p2a: Reshiram\n|\n|-heal|p1a: Granbull|149/302|[from] item: Leftovers\n|upkeep\n|\n|t:|1782842569\n|switch|p2a: Stonjourner|Stonjourner, L91, F|330/330\n|turn|7\n|\n|t:|1782842574\n|move|p2a: Stonjourner|Stone Edge|p1a: Granbull\n|-damage|p1a: Granbull|0 fnt\n|faint|p1a: Granbull\n|-damage|p2a: Stonjourner|297/330|[from] item: Life Orb\n|\n|upkeep\n|\n|t:|1782842587\n|switch|p1a: Wyrdeer|Wyrdeer, L87, F|321/321\n|-ability|p1a: Wyrdeer|Intimidate|boost\n|-unboost|p2a: Stonjourner|atk|1\n|turn|8\n|\n|t:|1782842600\n|switch|p2a: Enamorus|Enamorus-Therian, L83, F|259/259\n|move|p1a: Wyrdeer|Thunder Wave|p2a: Enamorus\n|-status|p2a: Enamorus|par\n|\n|upkeep\n|turn|9\n|inactive|maki77 has 120 seconds left.\n|\n|t:|1782842616\n|switch|p1a: Registeel|Registeel, L81|262/262\n|move|p2a: Enamorus|Moonblast|p1a: Registeel\n|-resisted|p1a: Registeel\n|-damage|p1a: Registeel|220/262\n|\n|upkeep\n|turn|10\n|inactive|maki77 has 120 seconds left.\n|\n|t:|1782842627\n|switch|p2a: Passimian|Passimian, L83, M|302/302\n|move|p1a: Registeel|Iron Defense|p1a: Registeel\n|-boost|p1a: Registeel|def|2\n|\n|upkeep\n|turn|11\n|\n|t:|1782842636\n|move|p2a: Passimian|Bulk Up|p2a: Passimian\n|-boost|p2a: Passimian|atk|1\n|-boost|p2a: Passimian|def|1\n|move|p1a: Registeel|Iron Defense|p1a: Registeel\n|-boost|p1a: Registeel|def|2\n|\n|upkeep\n|turn|12\n|\n|t:|1782842638\n|move|p2a: Passimian|Knock Off|p1a: Registeel\n|-damage|p1a: Registeel|195/262\n|-enditem|p1a: Registeel|Chesto Berry|[from] move: Knock Off|[of] p2a: Passimian\n|move|p1a: Registeel|Iron Defense|p1a: Registeel\n|-boost|p1a: Registeel|def|2\n|\n|upkeep\n|turn|13\n|\n|t:|1782842641\n|move|p2a: Passimian|Bulk Up|p2a: Passimian\n|-boost|p2a: Passimian|atk|1\n|-boost|p2a: Passimian|def|1\n|move|p1a: Registeel|Body Press|p2a: Passimian\n|-damage|p2a: Passimian|158/302\n|\n|-heal|p2a: Passimian|176/302|[from] item: Leftovers\n|upkeep\n|turn|14\n|\n|t:|1782842645\n|move|p2a: Passimian|Drain Punch|p1a: Registeel\n|-supereffective|p1a: Registeel\n|-damage|p1a: Registeel|127/262\n|-heal|p2a: Passimian|210/302|[from] drain|[of] p1a: Registeel\n|move|p1a: Registeel|Body Press|p2a: Passimian\n|-damage|p2a: Passimian|71/302\n|\n|-heal|p2a: Passimian|89/302|[from] item: Leftovers\n|upkeep\n|turn|15\n|\n|t:|1782842650\n|move|p2a: Passimian|Drain Punch|p1a: Registeel\n|-supereffective|p1a: Registeel\n|-crit|p1a: Registeel\n|-damage|p1a: Registeel|0 fnt\n|-heal|p2a: Passimian|153/302|[from] drain|[of] p1a: Registeel\n|faint|p1a: Registeel\n|\n|-heal|p2a: Passimian|171/302|[from] item: Leftovers\n|upkeep\n|\n|t:|1782842653\n|switch|p1a: Wyrdeer|Wyrdeer, L87, F|321/321\n|-ability|p1a: Wyrdeer|Intimidate|boost\n|-unboost|p2a: Passimian|atk|1\n|-ability|p2a: Passimian|Defiant|boost\n|-boost|p2a: Passimian|atk|2\n|turn|16\n|\n|t:|1782842656\n|move|p2a: Passimian|Knock Off|p1a: Wyrdeer\n|-supereffective|p1a: Wyrdeer\n|-damage|p1a: Wyrdeer|0 fnt\n|-enditem|p1a: Wyrdeer|Leftovers|[from] move: Knock Off|[of] p2a: Passimian\n|faint|p1a: Wyrdeer\n|\n|-heal|p2a: Passimian|189/302|[from] item: Leftovers\n|upkeep\n|-message|maki77 forfeited.\n|\n|win|discodiscogoodgood\n|raw|maki77's rating: 2093 &rarr; <strong>2079</strong><br />(-14 for losing)\n|raw|discodiscogoodgood's rating: 2195 &rarr; <strong>2209</strong><br />(+14 for winning)\n", "inputlog": ">version f8ac14003a5f27e1bdc8d8c59608a773c1cb96e5\n>start {\"formatid\":\"gen9randombattle\",\"seed\":\"sodium,67db0fe7aa53a790c1b30e5321efc4a7\",\"rated\":\"Rated battle\"}\n>player p1 {\"name\":\"maki77\",\"avatar\":\"169\",\"rating\":2093,\"seed\":\"sodium,6be0420f25a5148fb817ba0604f33182\"}\n>player p2 {\"name\":\"discodiscogoodgood\",\"avatar\":\"musician\",\"rating\":2195,\"seed\":\"sodium,a8baa4d6dfe5eed2d2c2a6c6784261f9\"}\n>p1 move superpower\n>p2 move willowisp\n>p1 move knockoff\n>p2 move blueflare\n>p1 move psychocut\n>p2 move blueflare\n>p1 move psychocut\n>p2 move blueflare\n>p1 switch 4\n>p1 move thunderwave\n>p2 move blueflare\n>p1 move earthquake\n>p2 move blueflare\n>p2 switch 2\n>p1 move thunderwave\n>p2 move stoneedge\n>p1 switch 6\n>p1 move thunderwave\n>p2 switch 6\n>p1 switch 2\n>p2 move moonblast\n>p1 move irondefense\n>p2 switch 4\n>p1 move irondefense\n>p2 move bulkup\n>p1 move irondefense\n>p2 move knockoff\n>p1 move bodypress\n>p2 move bulkup\n>p1 move bodypress\n>p2 move drainpunch\n>p1 move bodypress\n>p2 move drainpunch\n>p1 switch 2\n>p1 move thunderwave\n>p2 move knockoff\n>forcelose p1", "uploadtime": 1782842662, "views": 6, "formatid": "gen9randombattle", "rating": 2079, "private": 0, "password": null, "player_dets": [{"name": "maki77", "avatar": "169", "rating": 2093, "seed": "sodium,6be0420f25a5148fb817ba0604f33182"}, {"name": "discodiscogoodgood", "avatar": "musician", "rating": 2195, "seed": "sodium,a8baa4d6dfe5eed2d2c2a6c6784261f9"}], "teams_full": [{"Malamar": {"name": "Malamar", "species": "Malamar", "speciesId": "malamar", "gender": "M", "shiny": false, "level": 82, "moves": ["superpower", "knockoff", "rest", "psychocut"], "ability": "Contrary", "evs": {"hp": 85, "atk": 85, "def": 85, "spa": 85, "spd": 85, "spe": 85}, "ivs": {"hp": 31, "atk": 31, "def": 31, "spa": 31, "spd": 31, "spe": 31}, "item": "Chesto Berry", "teraType": "Poison", "role": "Fast Bulky Setup", "bvs": {"hp": 86, "atk": 92, "def": 88, "spa": 68, "spd": 75, "spe": 73}, "stats": {"hp": 275, "atk": 198, "def": 191, "spa": 159, "spd": 170, "spe": 167}, "types": ["Dark", "Psychic"]}, "Registeel": {"name": "Registeel", "species": "Registeel", "speciesId": "registeel", "gender": "N", "shiny": false, "level": 81, "moves": ["ironhead", "bodypress", "irondefense", "rest"], "ability": "Clear Body", "evs": {"hp": 85, "atk": 85, "def": 85, "spa": 85, "spd": 85, "spe": 85}, "ivs": {"hp": 31, "atk": 31, "def": 31, "spa": 31, "spd": 31, "spe": 31}, "item": "Chesto Berry", "teraType": "Fighting", "role": "Bulky Setup", "bvs": {"hp": 80, "atk": 75, "def": 150, "spa": 75, "spd": 150, "spe": 50}, "stats": {"hp": 262, "atk": 168, "def": 290, "spa": 168, "spd": 290, "spe": 128}, "types": ["Steel"]}, "Glastrier": {"name": "Glastrier", "species": "Glastrier", "speciesId": "glastrier", "gender": "N", "shiny": false, "level": 86, "moves": ["heavyslam", "closecombat", "highhorsepower", "iciclecrash"], "ability": "Chilling Neigh", "evs": {"hp": 81, "atk": 85, "def": 85, "spa": 85, "spd": 85, "spe": 85}, "ivs": {"hp": 31, "atk": 31, "def": 31, "spa": 31, "spd": 31, "spe": 31}, "item": "Choice Band", "teraType": "Ground", "role": "Bulky Attacker", "bvs": {"hp": 100, "atk": 145, "def": 130, "spa": 65, "spd": 110, "spe": 30}, "stats": {"hp": 311, "atk": 299, "def": 273, "spa": 161, "spd": 238, "spe": 101}, "types": ["Ice"]}, "Granbull": {"name": "Granbull", "species": "Granbull", "speciesId": "granbull", "gender": "F", "shiny": false, "level": 88, "moves": ["earthquake", "thunderwave", "encore", "playrough"], "ability": "Intimidate", "evs": {"hp": 85, "atk": 85, "def": 85, "spa": 85, "spd": 85, "spe": 85}, "ivs": {"hp": 31, "atk": 31, "def": 31, "spa": 31, "spd": 31, "spe": 31}, "item": "Leftovers", "teraType": "Ground", "role": "Bulky Attacker", "bvs": {"hp": 90, "atk": 120, "def": 75, "spa": 60, "spd": 60, "spe": 45}, "stats": {"hp": 302, "atk": 261, "def": 182, "spa": 156, "spd": 156, "spe": 129}, "types": ["Fairy"]}, "Terapagos": {"name": "Terapagos", "species": "Terapagos", "speciesId": "terapagos", "gender": "F", "shiny": false, "level": 77, "moves": ["rapidspin", "terastarstorm", "darkpulse", "calmmind"], "ability": "Tera Shift", "evs": {"hp": 85, "atk": 85, "def": 85, "spa": 85, "spd": 85, "spe": 85}, "ivs": {"hp": 31, "atk": 31, "def": 31, "spa": 31, "spd": 31, "spe": 31}, "item": "Heavy-Duty Boots", "teraType": "Stellar", "role": "Setup Sweeper", "bvs": {"hp": 90, "atk": 65, "def": 85, "spa": 65, "spd": 85, "spe": 60}, "stats": {"hp": 265, "atk": 145, "def": 175, "spa": 145, "spd": 175, "spe": 137}, "types": ["Normal"]}, "Wyrdeer": {"name": "Wyrdeer", "species": "Wyrdeer", "speciesId": "wyrdeer", "gender": "F", "shiny": false, "level": 87, "moves": ["bodyslam", "psychicnoise", "thunderwave", "earthquake"], "ability": "Intimidate", "evs": {"hp": 85, "atk": 85, "def": 85, "spa": 85, "spd": 85, "spe": 85}, "ivs": {"hp": 31, "atk": 31, "def": 31, "spa": 31, "spd": 31, "spe": 31}, "item": "Leftovers", "teraType": "Ground", "role": "Bulky Attacker", "bvs": {"hp": 103, "atk": 105, "def": 72, "spa": 105, "spd": 75, "spe": 65}, "stats": {"hp": 321, "atk": 232, "def": 175, "spa": 232, "spd": 180, "spe": 163}, "types": ["Normal", "Psychic"]}}, {"Reshiram": {"name": "Reshiram", "species": "Reshiram", "speciesId": "reshiram", "gender": "N", "shiny": false, "level": 76, "moves": ["dragontail", "willowisp", "blueflare", "dracometeor"], "ability": "Turboblaze", "evs": {"hp": 85, "atk": 85, "def": 85, "spa": 85, "spd": 85, "spe": 85}, "ivs": {"hp": 31, "atk": 31, "def": 31, "spa": 31, "spd": 31, "spe": 31}, "item": "Heavy-Duty Boots", "teraType": "Fire", "role": "Fast Attacker", "bvs": {"hp": 100, "atk": 120, "def": 100, "spa": 150, "spd": 120, "spe": 90}, "stats": {"hp": 277, "atk": 226, "def": 196, "spa": 272, "spd": 226, "spe": 181}, "types": ["Dragon", "Fire"]}, "Stonjourner": {"name": "Stonjourner", "species": "Stonjourner", "speciesId": "stonjourner", "gender": "F", "shiny": false, "level": 91, "moves": ["stoneedge", "earthquake", "rockpolish", "heatcrash"], "ability": "Power Spot", "evs": {"hp": 85, "atk": 85, "def": 85, "spa": 85, "spd": 85, "spe": 85}, "ivs": {"hp": 31, "atk": 31, "def": 31, "spa": 31, "spd": 31, "spe": 31}, "item": "Life Orb", "teraType": "Ground", "role": "Fast Attacker", "bvs": {"hp": 100, "atk": 125, "def": 135, "spa": 20, "spd": 20, "spe": 70}, "stats": {"hp": 330, "atk": 279, "def": 298, "spa": 88, "spd": 88, "spe": 179}, "types": ["Rock"]}, "Great Tusk": {"name": "Great Tusk", "species": "Great Tusk", "speciesId": "greattusk", "gender": "N", "shiny": false, "level": 77, "moves": ["rapidspin", "stealthrock", "headlongrush", "closecombat"], "ability": "Protosynthesis", "evs": {"hp": 85, "atk": 85, "def": 85, "spa": 85, "spd": 85, "spe": 85}, "ivs": {"hp": 31, "atk": 31, "def": 31, "spa": 31, "spd": 31, "spe": 31}, "item": "Leftovers", "teraType": "Steel", "role": "Bulky Support", "bvs": {"hp": 115, "atk": 131, "def": 131, "spa": 53, "spd": 53, "spe": 87}, "stats": {"hp": 304, "atk": 246, "def": 246, "spa": 126, "spd": 126, "spe": 179}, "types": ["Ground", "Fighting"]}, "Passimian": {"name": "Passimian", "species": "Passimian", "speciesId": "passimian", "gender": "M", "shiny": false, "level": 83, "moves": ["knockoff", "bulkup", "gunkshot", "drainpunch"], "ability": "Defiant", "evs": {"hp": 85, "atk": 85, "def": 85, "spa": 85, "spd": 85, "spe": 85}, "ivs": {"hp": 31, "atk": 31, "def": 31, "spa": 31, "spd": 31, "spe": 31}, "item": "Leftovers", "teraType": "Dark", "role": "Bulky Setup", "bvs": {"hp": 100, "atk": 120, "def": 90, "spa": 40, "spd": 60, "spe": 80}, "stats": {"hp": 302, "atk": 247, "def": 197, "spa": 114, "spd": 147, "spe": 180}, "types": ["Fighting"]}, "Bellossom": {"name": "Bellossom", "species": "Bellossom", "speciesId": "bellossom", "gender": "F", "shiny": false, "level": 84, "moves": ["moonblast", "gigadrain", "quiverdance", "strengthsap"], "ability": "Chlorophyll", "evs": {"hp": 85, "atk": 0, "def": 85, "spa": 85, "spd": 85, "spe": 85}, "ivs": {"hp": 31, "atk": 0, "def": 31, "spa": 31, "spd": 31, "spe": 31}, "item": "Leftovers", "teraType": "Fairy", "role": "Bulky Setup", "bvs": {"hp": 75, "atk": 80, "def": 95, "spa": 90, "spd": 100, "spe": 50}, "stats": {"hp": 263, "atk": 139, "def": 208, "spa": 199, "spd": 216, "spe": 132}, "types": ["Grass"]}, "Enamorus": {"name": "Enamorus", "species": "Enamorus-Therian", "speciesId": "enamorustherian", "gender": "F", "shiny": false, "level": 83, "moves": ["moonblast", "earthpower", "superpower", "agility"], "ability": "Overcoat", "evs": {"hp": 85, "atk": 85, "def": 85, "spa": 85, "spd": 85, "spe": 85}, "ivs": {"hp": 31, "atk": 31, "def": 31, "spa": 31, "spd": 31, "spe": 31}, "item": "Weakness Policy", "teraType": "Ground", "role": "Bulky Setup", "bvs": {"hp": 74, "atk": 115, "def": 110, "spa": 135, "spd": 100, "spe": 46}, "stats": {"hp": 259, "atk": 239, "def": 230, "spa": 272, "spd": 214, "spe": 124}, "types": ["Fairy", "Flying"]}}]}