{"id": "gen9randombattle-2642068906", "format": "[Gen 9] Random Battle", "players": ["lord.wil07", "Gonzo8058"], "log": "|j|\u2606lord.wil07\n|j|\u2606Gonzo8058\n|t:|1782883195\n|gametype|singles\n|player|p1|lord.wil07|1|1428\n|player|p2|Gonzo8058|ryuki|1387\n|gen|9\n|tier|[Gen 9] Random Battle\n|rated|\n|rule|Species Clause: Limit one of each Pok\u00e9mon\n|rule|HP Percentage Mod: HP is shown in percentages\n|rule|Sleep Clause Mod: Limit one foe put to sleep\n|rule|Illusion Level Mod: Illusion disguises the Pok\u00e9mon's true level\n|\n|t:|1782883195\n|teamsize|p1|6\n|teamsize|p2|6\n|start\n|switch|p1a: Great Tusk|Great Tusk, L77|304/304\n|switch|p2a: Crabominable|Crabominable, L90, M|321/321\n|turn|1\n|inactive|Battle timer is ON: inactive players will automatically lose when time's up. (requested by lord.wil07)\n|\n|t:|1782883216\n|-end|p1a: Great Tusk|Protosynthesis|[silent]\n|switch|p1a: Overqwil|Overqwil, L82, F|274/274\n|-ability|p1a: Overqwil|Intimidate|boost\n|-unboost|p2a: Crabominable|atk|1\n|move|p2a: Crabominable|Ice Hammer|p1a: Overqwil\n|-damage|p1a: Overqwil|105/274\n|-unboost|p2a: Crabominable|spe|1\n|\n|upkeep\n|turn|2\n|\n|t:|1782883228\n|move|p1a: Overqwil|Gunk Shot|p2a: Crabominable\n|-damage|p2a: Crabominable|182/321\n|move|p2a: Crabominable|Ice Hammer|p1a: Overqwil\n|-damage|p1a: Overqwil|0 fnt\n|-unboost|p2a: Crabominable|spe|1\n|faint|p1a: Overqwil\n|\n|upkeep\n|\n|t:|1782883239\n|switch|p1a: Drednaw|Drednaw, L81, M|278/278\n|turn|3\n|\n|t:|1782883244\n|switch|p2a: Tauros|Tauros-Paldea-Aqua, L81, M|252/252\n|move|p1a: Drednaw|Shell Smash|p1a: Drednaw\n|-unboost|p1a: Drednaw|def|1\n|-unboost|p1a: Drednaw|spd|1\n|-boost|p1a: Drednaw|atk|2\n|-boost|p1a: Drednaw|spa|2\n|-boost|p1a: Drednaw|spe|2\n|-enditem|p1a: Drednaw|White Herb\n|-clearnegativeboost|p1a: Drednaw|[silent]\n|\n|upkeep\n|turn|4\n|\n|t:|1782883255\n|switch|p1a: Grumpig|Grumpig, L92, M|297/297\n|move|p2a: Tauros|Bulk Up|p2a: Tauros\n|-boost|p2a: Tauros|atk|1\n|-boost|p2a: Tauros|def|1\n|\n|upkeep\n|turn|5\n|inactive|lord.wil07 has 120 seconds left.\n|\n|t:|1782883288\n|switch|p2a: Crawdaunt|Crawdaunt, L84, M|243/243\n|move|p1a: Grumpig|Psychic|p2a: Crawdaunt\n|-immune|p2a: Crawdaunt\n|\n|upkeep\n|turn|6\n|inactive|lord.wil07 has 120 seconds left.\n|\n|t:|1782883298\n|move|p1a: Grumpig|Focus Blast|p2a: Crawdaunt\n|-supereffective|p2a: Crawdaunt\n|-damage|p2a: Crawdaunt|0 fnt\n|faint|p2a: Crawdaunt\n|\n|upkeep\n|\n|t:|1782883307\n|switch|p2a: Alcremie|Alcremie-Salted-Cream, L90, F|263/263\n|turn|7\n|\n|t:|1782883319\n|move|p1a: Grumpig|Nasty Plot|p1a: Grumpig\n|-boost|p1a: Grumpig|spa|2\n|move|p2a: Alcremie|Calm Mind|p2a: Alcremie\n|-boost|p2a: Alcremie|spa|1\n|-boost|p2a: Alcremie|spd|1\n|\n|upkeep\n|turn|8\n|\n|t:|1782883325\n|move|p1a: Grumpig|Psychic|p2a: Alcremie\n|-damage|p2a: Alcremie|149/263\n|move|p2a: Alcremie|Calm Mind|p2a: Alcremie\n|-boost|p2a: Alcremie|spa|1\n|-boost|p2a: Alcremie|spd|1\n|\n|-heal|p2a: Alcremie|165/263|[from] item: Leftovers\n|upkeep\n|turn|9\n|\n|t:|1782883330\n|move|p1a: Grumpig|Nasty Plot|p1a: Grumpig\n|-boost|p1a: Grumpig|spa|2\n|move|p2a: Alcremie|Recover|p2a: Alcremie\n|-heal|p2a: Alcremie|263/263\n|\n|upkeep\n|turn|10\n|\n|t:|1782883333\n|move|p1a: Grumpig|Psychic|p2a: Alcremie\n|-damage|p2a: Alcremie|142/263\n|move|p2a: Alcremie|Calm Mind|p2a: Alcremie\n|-boost|p2a: Alcremie|spa|1\n|-boost|p2a: Alcremie|spd|1\n|\n|-heal|p2a: Alcremie|158/263|[from] item: Leftovers\n|upkeep\n|turn|11\n|\n|t:|1782883337\n|move|p1a: Grumpig|Nasty Plot|p1a: Grumpig\n|-boost|p1a: Grumpig|spa|2\n|move|p2a: Alcremie|Calm Mind|p2a: Alcremie\n|-boost|p2a: Alcremie|spa|1\n|-boost|p2a: Alcremie|spd|1\n|\n|-heal|p2a: Alcremie|174/263|[from] item: Leftovers\n|upkeep\n|turn|12\n|\n|t:|1782883339\n|move|p1a: Grumpig|Psychic|p2a: Alcremie\n|-damage|p2a: Alcremie|71/263\n|move|p2a: Alcremie|Recover|p2a: Alcremie\n|-heal|p2a: Alcremie|203/263\n|\n|-heal|p2a: Alcremie|219/263|[from] item: Leftovers\n|upkeep\n|turn|13\n|\n|t:|1782883342\n|move|p1a: Grumpig|Psychic|p2a: Alcremie\n|-damage|p2a: Alcremie|120/263\n|move|p2a: Alcremie|Calm Mind|p2a: Alcremie\n|-boost|p2a: Alcremie|spa|1\n|-boost|p2a: Alcremie|spd|1\n|\n|-heal|p2a: Alcremie|136/263|[from] item: Leftovers\n|upkeep\n|turn|14\n|\n|t:|1782883344\n|move|p1a: Grumpig|Psychic|p2a: Alcremie\n|-damage|p2a: Alcremie|51/263\n|move|p2a: Alcremie|Recover|p2a: Alcremie\n|-heal|p2a: Alcremie|183/263\n|\n|-heal|p2a: Alcremie|199/263|[from] item: Leftovers\n|upkeep\n|turn|15\n|\n|t:|1782883347\n|move|p1a: Grumpig|Psychic|p2a: Alcremie\n|-damage|p2a: Alcremie|106/263\n|move|p2a: Alcremie|Calm Mind|p2a: Alcremie\n|-boost|p2a: Alcremie|spa|1\n|-boost|p2a: Alcremie|spd|1\n|\n|-heal|p2a: Alcremie|122/263|[from] item: Leftovers\n|upkeep\n|turn|16\n|\n|t:|1782883349\n|move|p1a: Grumpig|Psychic|p2a: Alcremie\n|-damage|p2a: Alcremie|37/263\n|move|p2a: Alcremie|Recover|p2a: Alcremie\n|-heal|p2a: Alcremie|169/263\n|\n|-heal|p2a: Alcremie|185/263|[from] item: Leftovers\n|upkeep\n|turn|17\n|\n|t:|1782883353\n|move|p1a: Grumpig|Psychic|p2a: Alcremie\n|-damage|p2a: Alcremie|101/263\n|move|p2a: Alcremie|Recover|p2a: Alcremie\n|-heal|p2a: Alcremie|233/263\n|\n|-heal|p2a: Alcremie|249/263|[from] item: Leftovers\n|upkeep\n|turn|18\n|\n|t:|1782883355\n|move|p1a: Grumpig|Psychic|p2a: Alcremie\n|-damage|p2a: Alcremie|174/263\n|move|p2a: Alcremie|Alluring Voice|p1a: Grumpig\n|-damage|p1a: Grumpig|0 fnt\n|faint|p1a: Grumpig\n|\n|-heal|p2a: Alcremie|190/263|[from] item: Leftovers\n|upkeep\n|\n|t:|1782883365\n|switch|p1a: Great Tusk|Great Tusk, L77|304/304\n|turn|19\n|\n|t:|1782883371\n|-terastallize|p1a: Great Tusk|Steel\n|move|p1a: Great Tusk|Earthquake|p2a: Alcremie\n|-damage|p2a: Alcremie|61/263\n|move|p2a: Alcremie|Alluring Voice|p1a: Great Tusk\n|-resisted|p1a: Great Tusk\n|-damage|p1a: Great Tusk|0 fnt\n|faint|p1a: Great Tusk\n|-end|p1a: Great Tusk|Protosynthesis|[silent]\n|\n|-heal|p2a: Alcremie|77/263|[from] item: Leftovers\n|upkeep\n|\n|t:|1782883377\n|switch|p1a: Drednaw|Drednaw, L81, M|278/278\n|turn|20\n|\n|t:|1782883390\n|move|p2a: Alcremie|Recover|p2a: Alcremie\n|-heal|p2a: Alcremie|209/263\n|move|p1a: Drednaw|Liquidation|p2a: Alcremie\n|-damage|p2a: Alcremie|115/263\n|\n|-heal|p2a: Alcremie|131/263|[from] item: Leftovers\n|upkeep\n|turn|21\n|\n|t:|1782883398\n|move|p1a: Drednaw|Shell Smash|p1a: Drednaw\n|-unboost|p1a: Drednaw|def|1\n|-unboost|p1a: Drednaw|spd|1\n|-boost|p1a: Drednaw|atk|2\n|-boost|p1a: Drednaw|spa|2\n|-boost|p1a: Drednaw|spe|2\n|move|p2a: Alcremie|Alluring Voice|p1a: Drednaw\n|-damage|p1a: Drednaw|0 fnt\n|faint|p1a: Drednaw\n|\n|-heal|p2a: Alcremie|147/263|[from] item: Leftovers\n|upkeep\n|-message|lord.wil07 forfeited.\n|\n|win|Gonzo8058\n|raw|lord.wil07's rating: 1428 &rarr; <strong>1406</strong><br />(-22 for losing)\n|raw|Gonzo8058's rating: 1387 &rarr; <strong>1409</strong><br />(+22 for winning)\n|l|\u2606lord.wil07\n|player|p1|\n", "inputlog": ">version f8ac14003a5f27e1bdc8d8c59608a773c1cb96e5\n>start {\"formatid\":\"gen9randombattle\",\"seed\":\"sodium,31d0c79aeb918dc24821453c9ef68bd7\",\"rated\":\"Rated battle\"}\n>player p1 {\"name\":\"lord.wil07\",\"avatar\":\"1\",\"rating\":1428,\"seed\":\"sodium,9a6976fe26a5546efbc1f332ab239d43\"}\n>player p2 {\"name\":\"Gonzo8058\",\"avatar\":\"ryuki\",\"rating\":1387,\"seed\":\"sodium,73786d66a816ea86ec93494518dd9aeb\"}\n>p1 switch 2\n>p2 move icehammer\n>p1 move gunkshot\n>p2 move icehammer\n>p1 switch 4\n>p1 move shellsmash\n>p2 switch 2\n>p1 switch 5\n>p2 move bulkup\n>p1 move psychic\n>p2 switch 3\n>p1 move focusblast\n>p2 move knockoff\n>p2 switch 6\n>p1 move nastyplot\n>p2 move calmmind\n>p1 move psychic\n>p2 move calmmind\n>p1 move nastyplot\n>p2 move recover\n>p1 move psychic\n>p2 move calmmind\n>p1 move nastyplot\n>p2 move calmmind\n>p1 move psychic\n>p2 move recover\n>p1 move psychic\n>p2 move calmmind\n>p1 move psychic\n>p2 move recover\n>p1 move psychic\n>p2 move calmmind\n>p1 move psychic\n>p2 move recover\n>p1 move psychic\n>p2 move recover\n>p1 move psychic\n>p2 move alluringvoice\n>p1 switch 2\n>p1 move earthquake terastallize\n>p2 move alluringvoice\n>p1 switch 5\n>p1 move liquidation\n>p2 move recover\n>p1 move shellsmash\n>p2 move alluringvoice\n>forcelose p1", "uploadtime": 1782883404, "views": 10, "formatid": "gen9randombattle", "rating": 1406, "private": 0, "password": null, "player_dets": [{"name": "lord.wil07", "avatar": "1", "rating": 1428, "seed": "sodium,9a6976fe26a5546efbc1f332ab239d43"}, {"name": "Gonzo8058", "avatar": "ryuki", "rating": 1387, "seed": "sodium,73786d66a816ea86ec93494518dd9aeb"}], "teams_full": [{"Great Tusk": {"name": "Great Tusk", "species": "Great Tusk", "speciesId": "greattusk", "gender": "N", "shiny": false, "level": 77, "moves": ["rapidspin", "bulkup", "earthquake", "closecombat"], "ability": "Protosynthesis", "evs": {"hp": 85, "atk": 85, "def": 85, "spa": 85, "spd": 85, "spe": 85}, "ivs": {"hp": 31, "atk": 31, "def": 31, "spa": 31, "spd": 31, "spe": 31}, "item": "Leftovers", "teraType": "Steel", "role": "Bulky Setup", "bvs": {"hp": 115, "atk": 131, "def": 131, "spa": 53, "spd": 53, "spe": 87}, "stats": {"hp": 304, "atk": 246, "def": 246, "spa": 126, "spd": 126, "spe": 179}, "types": ["Ground", "Fighting"]}, "Overqwil": {"name": "Overqwil", "species": "Overqwil", "speciesId": "overqwil", "gender": "F", "shiny": false, "level": 82, "moves": ["crunch", "swordsdance", "gunkshot", "scaleshot"], "ability": "Intimidate", "evs": {"hp": 85, "atk": 85, "def": 85, "spa": 85, "spd": 85, "spe": 85}, "ivs": {"hp": 31, "atk": 31, "def": 31, "spa": 31, "spd": 31, "spe": 31}, "item": "Loaded Dice", "teraType": "Dragon", "role": "Setup Sweeper", "bvs": {"hp": 85, "atk": 115, "def": 95, "spa": 65, "spd": 65, "spe": 85}, "stats": {"hp": 274, "atk": 236, "def": 203, "spa": 154, "spd": 154, "spe": 187}, "types": ["Dark", "Poison"]}, "Volcarona": {"name": "Volcarona", "species": "Volcarona", "speciesId": "volcarona", "gender": "F", "shiny": true, "level": 77, "moves": ["bugbuzz", "fireblast", "gigadrain", "quiverdance"], "ability": "Flame Body", "evs": {"hp": 85, "atk": 0, "def": 85, "spa": 85, "spd": 85, "spe": 85}, "ivs": {"hp": 31, "atk": 0, "def": 31, "spa": 31, "spd": 31, "spe": 31}, "item": "Heavy-Duty Boots", "teraType": "Fire", "role": "Fast Bulky Setup", "bvs": {"hp": 85, "atk": 60, "def": 65, "spa": 135, "spd": 105, "spe": 100}, "stats": {"hp": 257, "atk": 97, "def": 145, "spa": 252, "spd": 206, "spe": 199}, "types": ["Bug", "Fire"]}, "Drednaw": {"name": "Drednaw", "species": "Drednaw", "speciesId": "drednaw", "gender": "M", "shiny": false, "level": 81, "moves": ["crunch", "stoneedge", "shellsmash", "liquidation"], "ability": "Strong Jaw", "evs": {"hp": 85, "atk": 85, "def": 85, "spa": 85, "spd": 85, "spe": 85}, "ivs": {"hp": 31, "atk": 31, "def": 31, "spa": 31, "spd": 31, "spe": 31}, "item": "White Herb", "teraType": "Dark", "role": "Setup Sweeper", "bvs": {"hp": 90, "atk": 115, "def": 90, "spa": 48, "spd": 68, "spe": 74}, "stats": {"hp": 278, "atk": 233, "def": 192, "spa": 124, "spd": 157, "spe": 167}, "types": ["Water", "Rock"]}, "Grumpig": {"name": "Grumpig", "species": "Grumpig", "speciesId": "grumpig", "gender": "M", "shiny": false, "level": 92, "moves": ["shadowball", "focusblast", "psychic", "nastyplot"], "ability": "Thick Fat", "evs": {"hp": 85, "atk": 0, "def": 85, "spa": 85, "spd": 85, "spe": 85}, "ivs": {"hp": 31, "atk": 0, "def": 31, "spa": 31, "spd": 31, "spe": 31}, "item": "Leftovers", "teraType": "Fighting", "role": "Bulky Setup", "bvs": {"hp": 80, "atk": 45, "def": 65, "spa": 90, "spd": 110, "spe": 80}, "stats": {"hp": 297, "atk": 87, "def": 172, "spa": 218, "spd": 255, "spe": 200}, "types": ["Psychic"]}, "Ludicolo": {"name": "Ludicolo", "species": "Ludicolo", "speciesId": "ludicolo", "gender": "M", "shiny": false, "level": 90, "moves": ["icebeam", "hydropump", "gigadrain", "leafstorm"], "ability": "Swift Swim", "evs": {"hp": 85, "atk": 0, "def": 85, "spa": 85, "spd": 85, "spe": 85}, "ivs": {"hp": 31, "atk": 0, "def": 31, "spa": 31, "spd": 31, "spe": 31}, "item": "Choice Specs", "teraType": "Water", "role": "Fast Attacker", "bvs": {"hp": 80, "atk": 70, "def": 70, "spa": 90, "spd": 100, "spe": 70}, "stats": {"hp": 290, "atk": 131, "def": 177, "spa": 213, "spd": 231, "spe": 177}, "types": ["Water", "Grass"]}}, {"Crabominable": {"name": "Crabominable", "species": "Crabominable", "speciesId": "crabominable", "gender": "M", "shiny": false, "level": 90, "moves": ["gunkshot", "earthquake", "closecombat", "icehammer"], "ability": "Iron Fist", "evs": {"hp": 85, "atk": 85, "def": 85, "spa": 85, "spd": 85, "spe": 85}, "ivs": {"hp": 31, "atk": 31, "def": 31, "spa": 31, "spd": 31, "spe": 31}, "item": "Choice Band", "teraType": "Ground", "role": "Wallbreaker", "bvs": {"hp": 97, "atk": 132, "def": 77, "spa": 62, "spd": 67, "spe": 43}, "stats": {"hp": 321, "atk": 289, "def": 190, "spa": 163, "spd": 172, "spe": 129}, "types": ["Fighting", "Ice"]}, "Tauros": {"name": "Tauros", "species": "Tauros-Paldea-Aqua", "speciesId": "taurospaldeaaqua", "gender": "M", "shiny": false, "level": 81, "moves": ["closecombat", "substitute", "liquidation", "bulkup"], "ability": "Cud Chew", "evs": {"hp": 73, "atk": 85, "def": 85, "spa": 85, "spd": 85, "spe": 85}, "ivs": {"hp": 31, "atk": 31, "def": 31, "spa": 31, "spd": 31, "spe": 31}, "item": "Sitrus Berry", "teraType": "Steel", "role": "Fast Bulky Setup", "bvs": {"hp": 75, "atk": 110, "def": 105, "spa": 30, "spd": 70, "spe": 100}, "stats": {"hp": 252, "atk": 225, "def": 217, "spa": 95, "spd": 160, "spe": 209}, "types": ["Fighting", "Water"]}, "Crawdaunt": {"name": "Crawdaunt", "species": "Crawdaunt", "speciesId": "crawdaunt", "gender": "M", "shiny": false, "level": 84, "moves": ["crabhammer", "knockoff", "aquajet", "closecombat"], "ability": "Adaptability", "evs": {"hp": 85, "atk": 85, "def": 85, "spa": 85, "spd": 85, "spe": 85}, "ivs": {"hp": 31, "atk": 31, "def": 31, "spa": 31, "spd": 31, "spe": 31}, "item": "Choice Band", "teraType": "Fighting", "role": "Fast Attacker", "bvs": {"hp": 63, "atk": 120, "def": 85, "spa": 90, "spd": 55, "spe": 55}, "stats": {"hp": 243, "atk": 250, "def": 191, "spa": 199, "spd": 141, "spe": 141}, "types": ["Water", "Dark"]}, "Gholdengo": {"name": "Gholdengo", "species": "Gholdengo", "speciesId": "gholdengo", "gender": "N", "shiny": false, "level": 77, "moves": ["recover", "makeitrain", "nastyplot", "shadowball"], "ability": "Good as Gold", "evs": {"hp": 85, "atk": 0, "def": 85, "spa": 85, "spd": 85, "spe": 85}, "ivs": {"hp": 31, "atk": 0, "def": 31, "spa": 31, "spd": 31, "spe": 31}, "item": "Leftovers", "teraType": "Dark", "role": "Bulky Support", "bvs": {"hp": 87, "atk": 60, "def": 95, "spa": 133, "spd": 91, "spe": 84}, "stats": {"hp": 261, "atk": 97, "def": 191, "spa": 249, "spd": 185, "spe": 174}, "types": ["Steel", "Ghost"]}, "Ampharos": {"name": "Ampharos", "species": "Ampharos", "speciesId": "ampharos", "gender": "F", "shiny": false, "level": 88, "moves": ["thunderbolt", "agility", "dazzlinggleam", "focusblast"], "ability": "Static", "evs": {"hp": 85, "atk": 0, "def": 85, "spa": 85, "spd": 85, "spe": 85}, "ivs": {"hp": 31, "atk": 0, "def": 31, "spa": 31, "spd": 31, "spe": 31}, "item": "Life Orb", "teraType": "Electric", "role": "Wallbreaker", "bvs": {"hp": 90, "atk": 75, "def": 85, "spa": 115, "spd": 90, "spe": 55}, "stats": {"hp": 302, "atk": 137, "def": 200, "spa": 253, "spd": 209, "spe": 147}, "types": ["Electric"]}, "Alcremie": {"name": "Alcremie", "species": "Alcremie-Salted-Cream", "speciesId": "alcremie", "gender": "F", "shiny": false, "level": 90, "moves": ["calmmind", "recover", "alluringvoice", "terablast"], "ability": "Aroma Veil", "evs": {"hp": 85, "atk": 0, "def": 85, "spa": 85, "spd": 85, "spe": 85}, "ivs": {"hp": 31, "atk": 0, "def": 31, "spa": 31, "spd": 31, "spe": 31}, "item": "Leftovers", "teraType": "Ground", "role": "Tera Blast user", "bvs": {"hp": 65, "atk": 60, "def": 75, "spa": 110, "spd": 121, "spe": 64}, "stats": {"hp": 263, "atk": 113, "def": 186, "spa": 249, "spd": 269, "spe": 167}, "types": ["Fairy"]}}]}