{"id": "gen9randombattle-2641815785", "format": "[Gen 9] Random Battle", "players": ["Breachingtrout", "PizzaMan48"], "log": "|j|\u2606Breachingtrout\n|j|\u2606PizzaMan48\n|t:|1782845278\n|gametype|singles\n|player|p1|Breachingtrout|102|2214\n|player|p2|PizzaMan48|clown|2156\n|gen|9\n|tier|[Gen 9] Random Battle\n|rated|\n|rule|Species Clause: Limit one of each Pok\u00e9mon\n|rule|HP Percentage Mod: HP is shown in percentages\n|rule|Sleep Clause Mod: Limit one foe put to sleep\n|rule|Illusion Level Mod: Illusion disguises the Pok\u00e9mon's true level\n|\n|t:|1782845278\n|teamsize|p1|6\n|teamsize|p2|6\n|start\n|switch|p1a: Basculegion|Basculegion-F, L83, F|335/335\n|switch|p2a: Kleavor|Kleavor, L78, M|237/237\n|turn|1\n|\n|t:|1782845309\n|switch|p2a: Zarude|Zarude, L77|288/288\n|move|p1a: Basculegion|Hydro Pump|p2a: Zarude\n|-resisted|p2a: Zarude\n|-damage|p2a: Zarude|206/288\n|\n|-heal|p2a: Zarude|224/288|[from] item: Leftovers\n|upkeep\n|turn|2\n|\n|t:|1782845329\n|switch|p1a: Charizard|Charizard, L85, M|271/271\n|move|p2a: Zarude|Swords Dance|p2a: Zarude\n|-boost|p2a: Zarude|atk|2\n|\n|-heal|p2a: Zarude|242/288|[from] item: Leftovers\n|upkeep\n|turn|3\n|\n|t:|1782845339\n|move|p1a: Charizard|Flamethrower|p2a: Zarude\n|-supereffective|p2a: Zarude\n|-damage|p2a: Zarude|14/288\n|move|p2a: Zarude|Knock Off|p1a: Charizard\n|-damage|p1a: Charizard|43/271\n|-enditem|p1a: Charizard|Heavy-Duty Boots|[from] move: Knock Off|[of] p2a: Zarude\n|\n|-heal|p2a: Zarude|32/288|[from] item: Leftovers\n|upkeep\n|turn|4\n|\n|t:|1782845365\n|switch|p2a: Rhydon|Rhydon, L85, M|317/317\n|move|p1a: Charizard|Flamethrower|p2a: Rhydon\n|-resisted|p2a: Rhydon\n|-damage|p2a: Rhydon|234/317\n|-status|p2a: Rhydon|brn\n|\n|-damage|p2a: Rhydon|215/317 brn|[from] brn\n|upkeep\n|turn|5\n|\n|t:|1782845388\n|switch|p1a: Breloom|Breloom, L83, M|235/235\n|move|p2a: Rhydon|Stone Edge|p1a: Breloom|[miss]\n|-miss|p2a: Rhydon|p1a: Breloom\n|\n|-damage|p2a: Rhydon|196/317 brn|[from] brn\n|upkeep\n|turn|6\n|\n|t:|1782845408\n|move|p1a: Breloom|Swords Dance|p1a: Breloom\n|-boost|p1a: Breloom|atk|2\n|move|p2a: Rhydon|Megahorn|p1a: Breloom|[miss]\n|-miss|p2a: Rhydon|p1a: Breloom\n|\n|-damage|p2a: Rhydon|177/317 brn|[from] brn\n|upkeep\n|turn|7\n|\n|t:|1782845423\n|move|p1a: Breloom|Bullet Seed|p2a: Rhydon\n|-supereffective|p2a: Rhydon\n|-damage|p2a: Rhydon|0 fnt\n|faint|p2a: Rhydon\n|-hitcount|p2: Rhydon|1\n|-damage|p1a: Breloom|212/235|[from] item: Life Orb\n|\n|upkeep\n|\n|t:|1782845433\n|switch|p2a: Kleavor|Kleavor, L78, M|237/237\n|turn|8\n|\n|t:|1782845437\n|move|p2a: Kleavor|Stone Axe|p1a: Breloom\n|-resisted|p1a: Breloom\n|-damage|p1a: Breloom|152/235\n|-sidestart|p1: Breachingtrout|move: Stealth Rock\n|move|p1a: Breloom|Bullet Seed|p2a: Kleavor\n|-damage|p2a: Kleavor|108/237\n|-damage|p2a: Kleavor|0 fnt\n|faint|p2a: Kleavor\n|-hitcount|p2: Kleavor|2\n|-damage|p1a: Breloom|129/235|[from] item: Life Orb\n|\n|upkeep\n|\n|t:|1782845448\n|switch|p2a: Seviper|Seviper, L93, M|287/287\n|turn|9\n|\n|t:|1782845480\n|switch|p1a: Charizard|Charizard, L85, M|43/271\n|-damage|p1a: Charizard|0 fnt|[from] Stealth Rock\n|faint|p1a: Charizard\n|move|p2a: Seviper|Flamethrower|p1: Charizard|[notarget]\n|-fail|p2a: Seviper\n|\n|upkeep\n|\n|t:|1782845492\n|switch|p1a: Swampert|Swampert, L83, F|302/302\n|-damage|p1a: Swampert|284/302|[from] Stealth Rock\n|turn|10\n|\n|t:|1782845497\n|move|p2a: Seviper|Giga Drain|p1a: Swampert\n|-supereffective|p1a: Swampert\n|-damage|p1a: Swampert|0 fnt\n|faint|p1a: Swampert\n|-damage|p2a: Seviper|259/287|[from] item: Life Orb\n|\n|upkeep\n|\n|t:|1782845501\n|switch|p1a: Solgaleo|Solgaleo, L74|325/325\n|-damage|p1a: Solgaleo|305/325|[from] Stealth Rock\n|turn|11\n|\n|t:|1782845517\n|switch|p2a: Hariyama|Hariyama, L87, F|392/392\n|move|p1a: Solgaleo|Flame Charge|p2a: Hariyama\n|-damage|p2a: Hariyama|346/392\n|-boost|p1a: Solgaleo|spe|1\n|\n|-status|p2a: Hariyama|brn|[from] item: Flame Orb\n|upkeep\n|turn|12\n|\n|t:|1782845524\n|move|p1a: Solgaleo|Psychic|p2a: Hariyama\n|-supereffective|p2a: Hariyama\n|-damage|p2a: Hariyama|146/392 brn\n|move|p2a: Hariyama|Close Combat|p1a: Solgaleo\n|-damage|p1a: Solgaleo|74/325\n|-unboost|p2a: Hariyama|def|1\n|-unboost|p2a: Hariyama|spd|1\n|\n|-damage|p2a: Hariyama|122/392 brn|[from] brn\n|upkeep\n|turn|13\n|\n|t:|1782845545\n|move|p1a: Solgaleo|Sunsteel Strike|p2a: Hariyama\n|-damage|p2a: Hariyama|0 fnt\n|faint|p2a: Hariyama\n|\n|upkeep\n|\n|t:|1782845561\n|switch|p2a: Garchomp|Garchomp, L74, M|282/282\n|turn|14\n|\n|t:|1782845580\n|move|p1a: Solgaleo|Sunsteel Strike|p2a: Garchomp\n|-damage|p2a: Garchomp|171/282\n|-damage|p1a: Solgaleo|34/325|[from] ability: Rough Skin|[of] p2a: Garchomp\n|-damage|p1a: Solgaleo|0 fnt|[from] item: Rocky Helmet|[of] p2a: Garchomp\n|faint|p1a: Solgaleo\n|move|p2a: Garchomp|Earthquake|p1: Solgaleo|[notarget]\n|-fail|p2a: Garchomp\n|\n|upkeep\n|\n|t:|1782845614\n|switch|p1a: Sneasler|Sneasler, L74, F|240/240\n|-damage|p1a: Sneasler|225/240|[from] Stealth Rock\n|turn|15\n|\n|t:|1782845631\n|move|p1a: Sneasler|Close Combat|p2a: Garchomp\n|-damage|p2a: Garchomp|0 fnt\n|-unboost|p1a: Sneasler|def|1\n|-unboost|p1a: Sneasler|spd|1\n|-damage|p1a: Sneasler|195/240|[from] ability: Rough Skin|[of] p2a: Garchomp\n|-damage|p1a: Sneasler|155/240|[from] item: Rocky Helmet|[of] p2a: Garchomp\n|faint|p2a: Garchomp\n|\n|upkeep\n|\n|t:|1782845636\n|switch|p2a: Seviper|Seviper, L93, M|259/287\n|turn|16\n|\n|t:|1782845641\n|move|p1a: Sneasler|Close Combat|p2a: Seviper\n|-resisted|p2a: Seviper\n|-damage|p2a: Seviper|140/287\n|-unboost|p1a: Sneasler|def|1\n|-unboost|p1a: Sneasler|spd|1\n|move|p2a: Seviper|Flamethrower|p1a: Sneasler\n|-damage|p1a: Sneasler|0 fnt\n|faint|p1a: Sneasler\n|-damage|p2a: Seviper|112/287|[from] item: Life Orb\n|\n|upkeep\n|\n|t:|1782845647\n|switch|p1a: Basculegion|Basculegion-F, L83, F|335/335\n|-damage|p1a: Basculegion|294/335|[from] Stealth Rock\n|turn|17\n|\n|t:|1782845666\n|move|p1a: Basculegion|Shadow Ball|p2a: Seviper\n|-damage|p2a: Seviper|0 fnt\n|faint|p2a: Seviper\n|\n|upkeep\n|\n|t:|1782845668\n|switch|p2a: Zarude|Zarude, L77|32/288\n|turn|18\n|\n|t:|1782845676\n|move|p2a: Zarude|Synthesis|p2a: Zarude\n|-heal|p2a: Zarude|176/288\n|move|p1a: Basculegion|Flip Turn|p2a: Zarude\n|-resisted|p2a: Zarude\n|-damage|p2a: Zarude|138/288\n|\n|t:|1782845678\n|switch|p1a: Breloom|Breloom, L83, M|129/235|[from] Flip Turn\n|-damage|p1a: Breloom|115/235|[from] Stealth Rock\n|\n|-heal|p2a: Zarude|156/288|[from] item: Leftovers\n|upkeep\n|turn|19\n|\n|t:|1782845687\n|-terastallize|p2a: Zarude|Grass\n|-terastallize|p1a: Breloom|Fighting\n|move|p1a: Breloom|Mach Punch|p2a: Zarude\n|-damage|p2a: Zarude|36/288\n|-damage|p1a: Breloom|92/235|[from] item: Life Orb\n|move|p2a: Zarude|Synthesis|p2a: Zarude\n|-heal|p2a: Zarude|180/288\n|\n|-heal|p2a: Zarude|198/288|[from] item: Leftovers\n|upkeep\n|turn|20\n|\n|t:|1782845700\n|move|p2a: Zarude|Synthesis|p2a: Zarude\n|-heal|p2a: Zarude|288/288\n|move|p1a: Breloom|Rock Tomb|p2a: Zarude\n|-crit|p2a: Zarude\n|-damage|p2a: Zarude|133/288\n|-unboost|p2a: Zarude|spe|1\n|-damage|p1a: Breloom|69/235|[from] item: Life Orb\n|\n|-heal|p2a: Zarude|151/288|[from] item: Leftovers\n|upkeep\n|turn|21\n|\n|t:|1782845718\n|move|p1a: Breloom|Bullet Seed|p2a: Zarude\n|-resisted|p2a: Zarude\n|-damage|p2a: Zarude|120/288\n|-resisted|p2a: Zarude\n|-crit|p2a: Zarude\n|-damage|p2a: Zarude|72/288\n|-resisted|p2a: Zarude\n|-damage|p2a: Zarude|42/288\n|-resisted|p2a: Zarude\n|-damage|p2a: Zarude|11/288\n|-hitcount|p2a: Zarude|4\n|-damage|p1a: Breloom|46/235|[from] item: Life Orb\n|move|p2a: Zarude|Synthesis|p2a: Zarude\n|-heal|p2a: Zarude|155/288\n|\n|-heal|p2a: Zarude|173/288|[from] item: Leftovers\n|upkeep\n|turn|22\n|\n|t:|1782845737\n|move|p1a: Breloom|Swords Dance|p1a: Breloom\n|-boost|p1a: Breloom|atk|2\n|move|p2a: Zarude|Synthesis|p2a: Zarude\n|-heal|p2a: Zarude|288/288\n|\n|upkeep\n|turn|23\n|\n|t:|1782845749\n|move|p1a: Breloom|Mach Punch|p2a: Zarude\n|-damage|p2a: Zarude|23/288\n|-damage|p1a: Breloom|23/235|[from] item: Life Orb\n|move|p2a: Zarude|Knock Off|p1a: Breloom\n|-resisted|p1a: Breloom\n|-damage|p1a: Breloom|0 fnt\n|-enditem|p1a: Breloom|Life Orb|[from] move: Knock Off|[of] p2a: Zarude\n|faint|p1a: Breloom\n|\n|-heal|p2a: Zarude|41/288|[from] item: Leftovers\n|upkeep\n|\n|t:|1782845752\n|switch|p1a: Basculegion|Basculegion-F, L83, F|294/335\n|-damage|p1a: Basculegion|253/335|[from] Stealth Rock\n|turn|24\n|c|\u2606PizzaMan48|gg\n|c|\u2606PizzaMan48|Good play there\n|\n|t:|1782845758\n|move|p1a: Basculegion|Shadow Ball|p2a: Zarude\n|-damage|p2a: Zarude|0 fnt\n|faint|p2a: Zarude\n|\n|win|Breachingtrout\n|raw|Breachingtrout's rating: 2229 &rarr; <strong>2245</strong><br />(+16 for winning)\n|raw|PizzaMan48's rating: 2156 &rarr; <strong>2140</strong><br />(-16 for losing)\n", "inputlog": ">version f8ac14003a5f27e1bdc8d8c59608a773c1cb96e5\n>start {\"formatid\":\"gen9randombattle\",\"seed\":\"sodium,90e414c5e6d63aa1854f62d9728626c5\",\"rated\":\"Rated battle\"}\n>player p1 {\"name\":\"Breachingtrout\",\"avatar\":\"102\",\"rating\":2214,\"seed\":\"sodium,f5c854c59e9cd34e99534996a28a8f9a\"}\n>player p2 {\"name\":\"PizzaMan48\",\"avatar\":\"clown\",\"rating\":2156,\"seed\":\"sodium,3f6ddfdb7db55d519dd8a7a924b6261d\"}\n>p1 move hydropump\n>p2 switch 2\n>p1 switch 6\n>p2 move swordsdance\n>p1 move flamethrower\n>p2 move knockoff\n>p1 move flamethrower\n>p2 switch 4\n>p1 switch 4\n>p2 move stoneedge\n>p1 move swordsdance\n>p2 move megahorn\n>p1 move bulletseed\n>p2 move megahorn\n>p2 switch 2\n>p1 move bulletseed\n>p2 move stoneaxe\n>p2 switch 6\n>p1 switch 4\n>p2 move flamethrower\n>p1 switch 2\n>p1 move stealthrock\n>p2 move gigadrain\n>p1 switch 5\n>p1 move flamecharge\n>p2 switch 3\n>p1 move psychic\n>p2 move closecombat\n>p1 move sunsteelstrike\n>p2 move closecombat\n>p2 switch 5\n>p1 move sunsteelstrike\n>p2 move earthquake\n>p1 switch 3\n>p1 move closecombat\n>p2 move earthquake\n>p2 switch 3\n>p1 move closecombat\n>p2 move flamethrower\n>p1 switch 6\n>p1 move shadowball\n>p2 move gigadrain\n>p2 switch 4\n>p1 move flipturn\n>p2 move synthesis\n>p1 switch 4\n>p1 move machpunch terastallize\n>p2 move synthesis terastallize\n>p1 move rocktomb\n>p2 move synthesis\n>p1 move bulletseed\n>p2 move synthesis\n>p1 move swordsdance\n>p2 move synthesis\n>p1 move machpunch\n>p2 move knockoff\n>p1 switch 4\n>chat \u2606PizzaMan48|gg\n>chat \u2606PizzaMan48|Good play there\n>p1 move shadowball\n>p2 move knockoff", "uploadtime": 1782845758, "views": 6, "formatid": "gen9randombattle", "rating": 2140, "private": 0, "password": null, "player_dets": [{"name": "Breachingtrout", "avatar": "102", "rating": 2214, "seed": "sodium,f5c854c59e9cd34e99534996a28a8f9a"}, {"name": "PizzaMan48", "avatar": "clown", "rating": 2156, "seed": "sodium,3f6ddfdb7db55d519dd8a7a924b6261d"}], "teams_full": [{"Basculegion": {"name": "Basculegion", "species": "Basculegion-F", "speciesId": "basculegionf", "gender": "F", "shiny": false, "level": 83, "moves": ["hydropump", "shadowball", "wavecrash", "flipturn"], "ability": "Adaptability", "evs": {"hp": 85, "atk": 85, "def": 85, "spa": 85, "spd": 85, "spe": 85}, "ivs": {"hp": 31, "atk": 31, "def": 31, "spa": 31, "spd": 31, "spe": 31}, "item": "Assault Vest", "teraType": "Water", "role": "AV Pivot", "bvs": {"hp": 120, "atk": 92, "def": 65, "spa": 100, "spd": 75, "spe": 78}, "stats": {"hp": 335, "atk": 200, "def": 156, "spa": 214, "spd": 172, "spe": 177}, "types": ["Water", "Ghost"]}, "Swampert": {"name": "Swampert", "species": "Swampert", "speciesId": "swampert", "gender": "F", "shiny": false, "level": 83, "moves": ["stealthrock", "earthquake", "flipturn", "yawn"], "ability": "Torrent", "evs": {"hp": 85, "atk": 85, "def": 85, "spa": 85, "spd": 85, "spe": 85}, "ivs": {"hp": 31, "atk": 31, "def": 31, "spa": 31, "spd": 31, "spe": 31}, "item": "Leftovers", "teraType": "Steel", "role": "Bulky Support", "bvs": {"hp": 100, "atk": 110, "def": 90, "spa": 85, "spd": 90, "spe": 60}, "stats": {"hp": 302, "atk": 230, "def": 197, "spa": 189, "spd": 197, "spe": 147}, "types": ["Water", "Ground"]}, "Sneasler": {"name": "Sneasler", "species": "Sneasler", "speciesId": "sneasler", "gender": "F", "shiny": false, "level": 74, "moves": ["throatchop", "uturn", "direclaw", "closecombat"], "ability": "Poison Touch", "evs": {"hp": 85, "atk": 85, "def": 85, "spa": 85, "spd": 85, "spe": 85}, "ivs": {"hp": 31, "atk": 31, "def": 31, "spa": 31, "spd": 31, "spe": 31}, "item": "Choice Band", "teraType": "Dark", "role": "Fast Attacker", "bvs": {"hp": 80, "atk": 130, "def": 60, "spa": 40, "spd": 80, "spe": 120}, "stats": {"hp": 240, "atk": 235, "def": 132, "spa": 102, "spd": 161, "spe": 221}, "types": ["Fighting", "Poison"]}, "Breloom": {"name": "Breloom", "species": "Breloom", "speciesId": "breloom", "gender": "M", "shiny": false, "level": 83, "moves": ["bulletseed", "swordsdance", "machpunch", "rocktomb"], "ability": "Technician", "evs": {"hp": 85, "atk": 85, "def": 85, "spa": 85, "spd": 85, "spe": 85}, "ivs": {"hp": 31, "atk": 31, "def": 31, "spa": 31, "spd": 31, "spe": 31}, "item": "Life Orb", "teraType": "Fighting", "role": "Fast Attacker", "bvs": {"hp": 60, "atk": 130, "def": 80, "spa": 60, "spd": 60, "spe": 70}, "stats": {"hp": 235, "atk": 263, "def": 180, "spa": 147, "spd": 147, "spe": 164}, "types": ["Grass", "Fighting"]}, "Solgaleo": {"name": "Solgaleo", "species": "Solgaleo", "speciesId": "solgaleo", "gender": "N", "shiny": false, "level": 74, "moves": ["sunsteelstrike", "closecombat", "flamecharge", "psychic"], "ability": "Full Metal Body", "evs": {"hp": 85, "atk": 85, "def": 85, "spa": 85, "spd": 85, "spe": 85}, "ivs": {"hp": 31, "atk": 31, "def": 31, "spa": 31, "spd": 31, "spe": 31}, "item": "Weakness Policy", "teraType": "Fighting", "role": "Bulky Setup", "bvs": {"hp": 137, "atk": 137, "def": 107, "spa": 113, "spd": 89, "spe": 97}, "stats": {"hp": 325, "atk": 246, "def": 201, "spa": 210, "spd": 175, "spe": 187}, "types": ["Psychic", "Steel"]}, "Charizard": {"name": "Charizard", "species": "Charizard", "speciesId": "charizard", "gender": "M", "shiny": false, "level": 85, "moves": ["willowisp", "earthquake", "hurricane", "flamethrower"], "ability": "Blaze", "evs": {"hp": 85, "atk": 85, "def": 85, "spa": 85, "spd": 85, "spe": 85}, "ivs": {"hp": 31, "atk": 31, "def": 31, "spa": 31, "spd": 31, "spe": 31}, "item": "Heavy-Duty Boots", "teraType": "Ground", "role": "Fast Attacker", "bvs": {"hp": 78, "atk": 84, "def": 78, "spa": 109, "spd": 85, "spe": 100}, "stats": {"hp": 271, "atk": 192, "def": 181, "spa": 234, "spd": 193, "spe": 219}, "types": ["Fire", "Flying"]}}, {"Kleavor": {"name": "Kleavor", "species": "Kleavor", "speciesId": "kleavor", "gender": "M", "shiny": false, "level": 78, "moves": ["defog", "stoneaxe", "closecombat", "xscissor"], "ability": "Sharpness", "evs": {"hp": 85, "atk": 85, "def": 85, "spa": 85, "spd": 85, "spe": 85}, "ivs": {"hp": 31, "atk": 31, "def": 31, "spa": 31, "spd": 31, "spe": 31}, "item": "Heavy-Duty Boots", "teraType": "Rock", "role": "Bulky Attacker", "bvs": {"hp": 70, "atk": 135, "def": 95, "spa": 45, "spd": 70, "spe": 85}, "stats": {"hp": 237, "atk": 256, "def": 193, "spa": 115, "spd": 154, "spe": 178}, "types": ["Bug", "Rock"]}, "Zarude": {"name": "Zarude", "species": "Zarude", "speciesId": "zarude", "gender": "N", "shiny": false, "level": 77, "moves": ["knockoff", "synthesis", "powerwhip", "swordsdance"], "ability": "Leaf Guard", "evs": {"hp": 85, "atk": 85, "def": 85, "spa": 85, "spd": 85, "spe": 85}, "ivs": {"hp": 31, "atk": 31, "def": 31, "spa": 31, "spd": 31, "spe": 31}, "item": "Leftovers", "teraType": "Grass", "role": "Fast Bulky Setup", "bvs": {"hp": 105, "atk": 120, "def": 105, "spa": 70, "spd": 95, "spe": 105}, "stats": {"hp": 288, "atk": 229, "def": 206, "spa": 152, "spd": 191, "spe": 206}, "types": ["Dark", "Grass"]}, "Hariyama": {"name": "Hariyama", "species": "Hariyama", "speciesId": "hariyama", "gender": "F", "shiny": false, "level": 87, "moves": ["closecombat", "bulletpunch", "knockoff", "facade"], "ability": "Guts", "evs": {"hp": 85, "atk": 85, "def": 85, "spa": 85, "spd": 85, "spe": 85}, "ivs": {"hp": 31, "atk": 31, "def": 31, "spa": 31, "spd": 31, "spe": 31}, "item": "Flame Orb", "teraType": "Normal", "role": "Wallbreaker", "bvs": {"hp": 144, "atk": 120, "def": 60, "spa": 40, "spd": 60, "spe": 50}, "stats": {"hp": 392, "atk": 259, "def": 154, "spa": 119, "spd": 154, "spe": 137}, "types": ["Fighting"]}, "Rhydon": {"name": "Rhydon", "species": "Rhydon", "speciesId": "rhydon", "gender": "M", "shiny": false, "level": 85, "moves": ["megahorn", "earthquake", "swordsdance", "stoneedge"], "ability": "Lightning Rod", "evs": {"hp": 85, "atk": 85, "def": 85, "spa": 85, "spd": 85, "spe": 85}, "ivs": {"hp": 31, "atk": 31, "def": 31, "spa": 31, "spd": 31, "spe": 31}, "item": "Eviolite", "teraType": "Water", "role": "Bulky Attacker", "bvs": {"hp": 105, "atk": 130, "def": 120, "spa": 45, "spd": 45, "spe": 40}, "stats": {"hp": 317, "atk": 270, "def": 253, "spa": 125, "spd": 125, "spe": 117}, "types": ["Ground", "Rock"]}, "Garchomp": {"name": "Garchomp", "species": "Garchomp", "speciesId": "garchomp", "gender": "M", "shiny": false, "level": 74, "moves": ["earthquake", "dragontail", "spikes", "outrage"], "ability": "Rough Skin", "evs": {"hp": 85, "atk": 85, "def": 85, "spa": 85, "spd": 85, "spe": 85}, "ivs": {"hp": 31, "atk": 31, "def": 31, "spa": 31, "spd": 31, "spe": 31}, "item": "Rocky Helmet", "teraType": "Ground", "role": "Fast Support", "bvs": {"hp": 108, "atk": 130, "def": 95, "spa": 80, "spd": 85, "spe": 102}, "stats": {"hp": 282, "atk": 235, "def": 184, "spa": 161, "spd": 169, "spe": 194}, "types": ["Dragon", "Ground"]}, "Seviper": {"name": "Seviper", "species": "Seviper", "speciesId": "seviper", "gender": "M", "shiny": false, "level": 93, "moves": ["flamethrower", "gunkshot", "knockoff", "gigadrain"], "ability": "Infiltrator", "evs": {"hp": 85, "atk": 85, "def": 85, "spa": 85, "spd": 85, "spe": 85}, "ivs": {"hp": 31, "atk": 31, "def": 31, "spa": 31, "spd": 31, "spe": 31}, "item": "Life Orb", "teraType": "Poison", "role": "Fast Attacker", "bvs": {"hp": 73, "atk": 100, "def": 60, "spa": 100, "spd": 60, "spe": 65}, "stats": {"hp": 287, "atk": 239, "def": 164, "spa": 239, "spd": 164, "spe": 174}, "types": ["Poison"]}}]}