{"id": "gen9randombattle-2642080161", "format": "[Gen 9] Random Battle", "players": ["jnpr010334", "PLAY3R Z3R0 YT"], "log": "|j|\u2606jnpr010334\n|j|\u2606PLAY3R Z3R0 YT\n|t:|1782885531\n|gametype|singles\n|player|p1|jnpr010334|265|1792\n|player|p2|PLAY3R Z3R0 YT|steven|1702\n|gen|9\n|tier|[Gen 9] Random Battle\n|rated|\n|rule|Species Clause: Limit one of each Pok\u00e9mon\n|rule|HP Percentage Mod: HP is shown in percentages\n|rule|Sleep Clause Mod: Limit one foe put to sleep\n|rule|Illusion Level Mod: Illusion disguises the Pok\u00e9mon's true level\n|\n|t:|1782885531\n|teamsize|p1|6\n|teamsize|p2|6\n|start\n|switch|p1a: Gholdengo|Gholdengo, L77|261/261\n|switch|p2a: Jirachi|Jirachi, L80|291/291\n|turn|1\n|inactive|Battle timer is ON: inactive players will automatically lose when time's up. (requested by PLAY3R Z3R0 YT)\n|inactive|jnpr010334 also wants the timer to be on.\n|\n|t:|1782885552\n|switch|p2a: Cobalion|Cobalion, L80|277/277\n|move|p1a: Gholdengo|Nasty Plot|p1a: Gholdengo\n|-boost|p1a: Gholdengo|spa|2\n|\n|upkeep\n|turn|2\n|\n|t:|1782885571\n|switch|p2a: Dewgong|Dewgong, L94, F|322/322\n|move|p1a: Gholdengo|Shadow Ball|p2a: Dewgong\n|-damage|p2a: Dewgong|174/322\n|\n|upkeep\n|turn|3\n|\n|t:|1782885579\n|switch|p1a: Snorlax|Snorlax, L82, F|397/397\n|move|p2a: Dewgong|Surf|p1a: Snorlax\n|-damage|p1a: Snorlax|313/397\n|\n|-heal|p1a: Snorlax|337/397|[from] item: Leftovers\n|upkeep\n|turn|4\n|\n|t:|1782885587\n|move|p2a: Dewgong|Flip Turn|p1a: Snorlax\n|-damage|p1a: Snorlax|253/397\n|\n|t:|1782885596\n|switch|p2a: Rillaboom|Rillaboom, L79, M|288/288|[from] Flip Turn\n|-fieldstart|move: Grassy Terrain|[from] ability: Grassy Surge|[of] p2a: Rillaboom\n|move|p1a: Snorlax|Body Slam|p2a: Rillaboom\n|-damage|p2a: Rillaboom|192/288\n|\n|-heal|p2a: Rillaboom|210/288|[from] Grassy Terrain\n|-heal|p1a: Snorlax|277/397|[from] Grassy Terrain\n|-heal|p1a: Snorlax|301/397|[from] item: Leftovers\n|upkeep\n|turn|5\n|\n|t:|1782885608\n|switch|p1a: Okidogi|Okidogi, L77, M|262/262\n|move|p2a: Rillaboom|Swords Dance|p2a: Rillaboom\n|-boost|p2a: Rillaboom|atk|2\n|\n|-heal|p2a: Rillaboom|228/288|[from] Grassy Terrain\n|upkeep\n|turn|6\n|\n|t:|1782885615\n|move|p2a: Rillaboom|High Horsepower|p1a: Okidogi\n|-supereffective|p1a: Okidogi\n|-damage|p1a: Okidogi|0 fnt\n|faint|p1a: Okidogi\n|-damage|p2a: Rillaboom|200/288|[from] item: Life Orb\n|\n|-heal|p2a: Rillaboom|218/288|[from] Grassy Terrain\n|upkeep\n|\n|t:|1782885619\n|switch|p1a: Cetitan|Cetitan, L82, M|412/412\n|turn|7\n|\n|t:|1782885626\n|switch|p1a: Forretress|Forretress, L84, F|263/263\n|-terastallize|p2a: Rillaboom|Grass\n|move|p2a: Rillaboom|Wood Hammer|p1a: Forretress\n|-resisted|p1a: Forretress\n|-damage|p1a: Forretress|156/263\n|-damage|p2a: Rillaboom|183/288|[from] Recoil\n|-damage|p2a: Rillaboom|155/288|[from] item: Life Orb\n|\n|-heal|p2a: Rillaboom|173/288|[from] Grassy Terrain\n|-heal|p1a: Forretress|172/263|[from] Grassy Terrain\n|-heal|p1a: Forretress|188/263|[from] item: Leftovers\n|upkeep\n|turn|8\n|\n|t:|1782885641\n|move|p2a: Rillaboom|Swords Dance|p2a: Rillaboom\n|-boost|p2a: Rillaboom|atk|2\n|move|p1a: Forretress|Iron Head|p2a: Rillaboom\n|-damage|p2a: Rillaboom|94/288\n|\n|-heal|p2a: Rillaboom|112/288|[from] Grassy Terrain\n|-heal|p1a: Forretress|204/263|[from] Grassy Terrain\n|-heal|p1a: Forretress|220/263|[from] item: Leftovers\n|-fieldend|move: Grassy Terrain\n|upkeep\n|turn|9\n|\n|t:|1782885650\n|move|p2a: Rillaboom|High Horsepower|p1a: Forretress\n|-damage|p1a: Forretress|37/263\n|-damage|p2a: Rillaboom|84/288|[from] item: Life Orb\n|move|p1a: Forretress|Iron Head|p2a: Rillaboom\n|-damage|p2a: Rillaboom|6/288\n|\n|-heal|p1a: Forretress|53/263|[from] item: Leftovers\n|upkeep\n|turn|10\n|\n|t:|1782885658\n|move|p2a: Rillaboom|Wood Hammer|p1a: Forretress\n|-resisted|p1a: Forretress\n|-damage|p1a: Forretress|0 fnt\n|faint|p1a: Forretress\n|-damage|p2a: Rillaboom|0 fnt|[from] Recoil\n|faint|p2a: Rillaboom\n|\n|upkeep\n|\n|t:|1782885676\n|switch|p2a: Jirachi|Jirachi, L80|291/291\n|switch|p1a: Cetitan|Cetitan, L82, M|412/412\n|turn|11\n|\n|t:|1782885681\n|switch|p1a: Gholdengo|Gholdengo, L77|261/261\n|move|p2a: Jirachi|Iron Head|p1a: Gholdengo\n|-resisted|p1a: Gholdengo\n|-damage|p1a: Gholdengo|217/261\n|\n|-heal|p1a: Gholdengo|233/261|[from] item: Leftovers\n|upkeep\n|turn|12\n|\n|t:|1782885690\n|switch|p2a: Dewgong|Dewgong, L94, F|174/322\n|move|p1a: Gholdengo|Nasty Plot|p1a: Gholdengo\n|-boost|p1a: Gholdengo|spa|2\n|\n|-heal|p1a: Gholdengo|249/261|[from] item: Leftovers\n|upkeep\n|turn|13\n|\n|t:|1782885697\n|switch|p1a: Snorlax|Snorlax, L82, F|301/397\n|move|p2a: Dewgong|Encore||[still]\n|-fail|p2a: Dewgong\n|\n|-heal|p1a: Snorlax|325/397|[from] item: Leftovers\n|upkeep\n|turn|14\n|\n|t:|1782885704\n|move|p2a: Dewgong|Flip Turn|p1a: Snorlax\n|-damage|p1a: Snorlax|246/397\n|\n|t:|1782885709\n|switch|p2a: Tatsugiri|Tatsugiri, L87, M|260/260|[from] Flip Turn\n|move|p1a: Snorlax|Body Slam|p2a: Tatsugiri\n|-damage|p2a: Tatsugiri|143/260\n|\n|-heal|p1a: Snorlax|270/397|[from] item: Leftovers\n|upkeep\n|turn|15\n|\n|t:|1782885720\n|move|p2a: Tatsugiri|Nasty Plot|p2a: Tatsugiri\n|-boost|p2a: Tatsugiri|spa|2\n|move|p1a: Snorlax|Body Slam|p2a: Tatsugiri\n|-damage|p2a: Tatsugiri|29/260\n|-status|p2a: Tatsugiri|par\n|\n|-heal|p1a: Snorlax|294/397|[from] item: Leftovers\n|upkeep\n|turn|16\n|\n|t:|1782885729\n|move|p1a: Snorlax|Body Slam|p2a: Tatsugiri\n|-damage|p2a: Tatsugiri|0 fnt\n|faint|p2a: Tatsugiri\n|\n|-heal|p1a: Snorlax|318/397|[from] item: Leftovers\n|upkeep\n|\n|t:|1782885741\n|switch|p2a: Cobalion|Cobalion, L80|277/277\n|turn|17\n|\n|t:|1782885745\n|switch|p1a: Giratina|Giratina, L75|349/349\n|-ability|p1a: Giratina|Pressure\n|move|p2a: Cobalion|Calm Mind|p2a: Cobalion\n|-boost|p2a: Cobalion|spa|1\n|-boost|p2a: Cobalion|spd|1\n|\n|upkeep\n|turn|18\n|\n|t:|1782885752\n|move|p2a: Cobalion|Calm Mind|p2a: Cobalion\n|-boost|p2a: Cobalion|spa|1\n|-boost|p2a: Cobalion|spd|1\n|move|p1a: Giratina|Calm Mind|p1a: Giratina\n|-boost|p1a: Giratina|spa|1\n|-boost|p1a: Giratina|spd|1\n|\n|upkeep\n|turn|19\n|\n|t:|1782885759\n|switch|p2a: Dewgong|Dewgong, L94, F|174/322\n|move|p1a: Giratina|Calm Mind|p1a: Giratina\n|-boost|p1a: Giratina|spa|1\n|-boost|p1a: Giratina|spd|1\n|\n|upkeep\n|turn|20\n|\n|t:|1782885765\n|-terastallize|p1a: Giratina|Fairy\n|move|p2a: Dewgong|Encore|p1a: Giratina\n|-start|p1a: Giratina|Encore\n|move|p1a: Giratina|Calm Mind|p1a: Giratina\n|-boost|p1a: Giratina|spa|1\n|-boost|p1a: Giratina|spd|1\n|\n|upkeep\n|turn|21\n|\n|t:|1782885776\n|move|p2a: Dewgong|Flip Turn|p1a: Giratina\n|-damage|p1a: Giratina|295/349\n|\n|t:|1782885779\n|switch|p2a: Jirachi|Jirachi, L80|291/291|[from] Flip Turn\n|move|p1a: Giratina|Calm Mind|p1a: Giratina\n|-boost|p1a: Giratina|spa|1\n|-boost|p1a: Giratina|spd|1\n|\n|-heal|p1a: Giratina|316/349|[from] item: Leftovers\n|upkeep\n|turn|22\n|\n|t:|1782885786\n|move|p2a: Jirachi|Iron Head|p1a: Giratina\n|-supereffective|p1a: Giratina\n|-damage|p1a: Giratina|184/349\n|move|p1a: Giratina|Calm Mind|p1a: Giratina\n|-boost|p1a: Giratina|spa|1\n|-boost|p1a: Giratina|spd|1\n|\n|-heal|p1a: Giratina|205/349|[from] item: Leftovers\n|-end|p1a: Giratina|Encore\n|upkeep\n|turn|23\n|\n|t:|1782885794\n|move|p2a: Jirachi|Iron Head|p1a: Giratina\n|-supereffective|p1a: Giratina\n|-damage|p1a: Giratina|71/349\n|cant|p1a: Giratina|flinch\n|\n|-heal|p1a: Giratina|92/349|[from] item: Leftovers\n|upkeep\n|turn|24\n|\n|t:|1782885801\n|move|p2a: Jirachi|Iron Head|p1a: Giratina\n|-supereffective|p1a: Giratina\n|-damage|p1a: Giratina|0 fnt\n|faint|p1a: Giratina\n|\n|upkeep\n|\n|t:|1782885802\n|switch|p1a: Gholdengo|Gholdengo, L77|249/261\n|turn|25\n|\n|t:|1782885808\n|switch|p2a: Dewgong|Dewgong, L94, F|174/322\n|move|p1a: Gholdengo|Nasty Plot|p1a: Gholdengo\n|-boost|p1a: Gholdengo|spa|2\n|\n|-heal|p1a: Gholdengo|261/261|[from] item: Leftovers\n|upkeep\n|turn|26\n|\n|t:|1782885815\n|switch|p1a: Snorlax|Snorlax, L82, F|318/397\n|move|p2a: Dewgong|Flip Turn|p1a: Snorlax\n|-damage|p1a: Snorlax|236/397\n|\n|t:|1782885828\n|switch|p2a: Cobalion|Cobalion, L80|277/277|[from] Flip Turn\n|\n|-heal|p1a: Snorlax|260/397|[from] item: Leftovers\n|upkeep\n|turn|27\n|\n|t:|1782885833\n|move|p2a: Cobalion|Calm Mind|p2a: Cobalion\n|-boost|p2a: Cobalion|spa|1\n|-boost|p2a: Cobalion|spd|1\n|move|p1a: Snorlax|Body Slam|p2a: Cobalion\n|-resisted|p2a: Cobalion\n|-damage|p2a: Cobalion|243/277\n|-status|p2a: Cobalion|par\n|\n|-heal|p2a: Cobalion|260/277 par|[from] item: Leftovers\n|-heal|p1a: Snorlax|284/397|[from] item: Leftovers\n|upkeep\n|turn|28\n|\n|t:|1782885843\n|switch|p1a: Gholdengo|Gholdengo, L77|261/261\n|move|p2a: Cobalion|Aura Sphere|p1a: Gholdengo\n|-immune|p1a: Gholdengo\n|\n|-heal|p2a: Cobalion|277/277 par|[from] item: Leftovers\n|upkeep\n|turn|29\n|\n|t:|1782885850\n|switch|p2a: Dewgong|Dewgong, L94, F|174/322\n|move|p1a: Gholdengo|Nasty Plot|p1a: Gholdengo\n|-boost|p1a: Gholdengo|spa|2\n|\n|upkeep\n|turn|30\n|\n|t:|1782885855\n|move|p2a: Dewgong|Encore|p1a: Gholdengo\n|-immune|p1a: Gholdengo|[from] ability: Good as Gold\n|move|p1a: Gholdengo|Make It Rain|p2a: Dewgong\n|-damage|p2a: Dewgong|0 fnt\n|-unboost|p1a: Gholdengo|spa|1\n|faint|p2a: Dewgong\n|\n|upkeep\n|\n|t:|1782885864\n|switch|p2a: Minior|Minior-Indigo, L79|224/224\n|-formechange|p2a: Minior|Minior-Meteor||[from] ability: Shields Down\n|turn|31\n|\n|t:|1782885868\n|switch|p2a: Jirachi|Jirachi, L80|291/291\n|move|p1a: Gholdengo|Make It Rain|p2a: Jirachi\n|-resisted|p2a: Jirachi\n|-damage|p2a: Jirachi|195/291\n|-unboost|p1a: Gholdengo|spa|1\n|\n|-heal|p2a: Jirachi|213/291|[from] item: Leftovers\n|upkeep\n|turn|32\n|\n|t:|1782885877\n|move|p2a: Jirachi|Iron Head|p1a: Gholdengo\n|-resisted|p1a: Gholdengo\n|-damage|p1a: Gholdengo|222/261\n|move|p1a: Gholdengo|Shadow Ball|p2a: Jirachi\n|-supereffective|p2a: Jirachi\n|-damage|p2a: Jirachi|31/291\n|\n|-heal|p2a: Jirachi|49/291|[from] item: Leftovers\n|-heal|p1a: Gholdengo|238/261|[from] item: Leftovers\n|upkeep\n|turn|33\n|\n|t:|1782885886\n|move|p2a: Jirachi|Iron Head|p1a: Gholdengo\n|-resisted|p1a: Gholdengo\n|-damage|p1a: Gholdengo|199/261\n|cant|p1a: Gholdengo|flinch\n|\n|-heal|p2a: Jirachi|67/291|[from] item: Leftovers\n|-heal|p1a: Gholdengo|215/261|[from] item: Leftovers\n|upkeep\n|turn|34\n|\n|t:|1782885893\n|move|p2a: Jirachi|Iron Head|p1a: Gholdengo\n|-resisted|p1a: Gholdengo\n|-damage|p1a: Gholdengo|176/261\n|move|p1a: Gholdengo|Nasty Plot|p1a: Gholdengo\n|-boost|p1a: Gholdengo|spa|2\n|\n|-heal|p2a: Jirachi|85/291|[from] item: Leftovers\n|-heal|p1a: Gholdengo|192/261|[from] item: Leftovers\n|upkeep\n|turn|35\n|\n|t:|1782885901\n|move|p2a: Jirachi|Iron Head|p1a: Gholdengo\n|-resisted|p1a: Gholdengo\n|-damage|p1a: Gholdengo|153/261\n|cant|p1a: Gholdengo|flinch\n|\n|-heal|p2a: Jirachi|103/291|[from] item: Leftovers\n|-heal|p1a: Gholdengo|169/261|[from] item: Leftovers\n|upkeep\n|turn|36\n|\n|t:|1782885908\n|move|p2a: Jirachi|Iron Head|p1a: Gholdengo\n|-resisted|p1a: Gholdengo\n|-damage|p1a: Gholdengo|131/261\n|cant|p1a: Gholdengo|flinch\n|\n|-heal|p2a: Jirachi|121/291|[from] item: Leftovers\n|-heal|p1a: Gholdengo|147/261|[from] item: Leftovers\n|upkeep\n|turn|37\n|\n|t:|1782885915\n|move|p2a: Jirachi|Iron Head|p1a: Gholdengo\n|-resisted|p1a: Gholdengo\n|-damage|p1a: Gholdengo|108/261\n|cant|p1a: Gholdengo|flinch\n|\n|-heal|p2a: Jirachi|139/291|[from] item: Leftovers\n|-heal|p1a: Gholdengo|124/261|[from] item: Leftovers\n|upkeep\n|turn|38\n|\n|t:|1782885922\n|move|p2a: Jirachi|Iron Head|p1a: Gholdengo\n|-resisted|p1a: Gholdengo\n|-damage|p1a: Gholdengo|86/261\n|move|p1a: Gholdengo|Recover|p1a: Gholdengo\n|-heal|p1a: Gholdengo|217/261\n|\n|-heal|p2a: Jirachi|157/291|[from] item: Leftovers\n|-heal|p1a: Gholdengo|233/261|[from] item: Leftovers\n|upkeep\n|turn|39\n|\n|t:|1782885929\n|move|p2a: Jirachi|Iron Head|p1a: Gholdengo\n|-resisted|p1a: Gholdengo\n|-damage|p1a: Gholdengo|192/261\n|move|p1a: Gholdengo|Shadow Ball|p2a: Jirachi\n|-supereffective|p2a: Jirachi\n|-damage|p2a: Jirachi|0 fnt\n|faint|p2a: Jirachi\n|\n|-heal|p1a: Gholdengo|208/261|[from] item: Leftovers\n|upkeep\n|-message|PLAY3R Z3R0 YT forfeited.\n|\n|win|jnpr010334\n|raw|jnpr010334's rating: 1817 &rarr; <strong>1831</strong><br />(+14 for winning)\n|raw|PLAY3R Z3R0 YT's rating: 1702 &rarr; <strong>1688</strong><br />(-14 for losing)\n", "inputlog": ">version f8ac14003a5f27e1bdc8d8c59608a773c1cb96e5\n>start {\"formatid\":\"gen9randombattle\",\"seed\":\"sodium,7fdaba0aa4209b91cb2b3a5400f888ae\",\"rated\":\"Rated battle\"}\n>player p1 {\"name\":\"jnpr010334\",\"avatar\":\"265\",\"rating\":1792,\"seed\":\"sodium,04947ec4c336eafeaf0440f17967c263\"}\n>player p2 {\"name\":\"PLAY3R Z3R0 YT\",\"avatar\":\"steven\",\"rating\":1702,\"seed\":\"sodium,ae872e68916541bed54e3d5cd1af82d2\"}\n>p1 move nastyplot\n>p2 switch 3\n>p1 move shadowball\n>p2 switch 5\n>p1 switch 4\n>p2 move surf\n>p1 move bodyslam\n>p2 move flipturn\n>p2 switch 2\n>p1 switch 6\n>p2 move swordsdance\n>p1 move gunkshot\n>p2 move highhorsepower\n>p1 switch 3\n>p1 switch 5\n>p2 move woodhammer terastallize\n>p1 move ironhead\n>p2 move swordsdance\n>p1 move ironhead\n>p2 move highhorsepower\n>p1 move bodypress\n>p2 move woodhammer\n>p1 switch 5\n>p2 switch 3\n>p1 switch 4\n>p2 move ironhead\n>p1 move nastyplot\n>p2 switch 2\n>p1 switch 6\n>p2 move encore\n>p1 move bodyslam\n>p2 move flipturn\n>p2 switch 6\n>p1 move bodyslam\n>p2 move nastyplot\n>p1 move bodyslam\n>p2 move dracometeor\n>p2 switch 5\n>p1 switch 2\n>p2 move calmmind\n>p1 move calmmind\n>p2 move calmmind\n>p1 move calmmind\n>p2 switch 6\n>p1 move dragonpulse terastallize\n>p2 move encore\n>p1 move calmmind\n>p2 move flipturn\n>p2 switch 2\n>p1 move calmmind\n>p2 move ironhead\n>p1 move rest\n>p2 move ironhead\n>p1 move rest\n>p2 move ironhead\n>p1 switch 6\n>p1 move nastyplot\n>p2 switch 2\n>p1 switch 2\n>p2 move flipturn\n>p2 switch 6\n>p1 move bodyslam\n>p2 move calmmind\n>p1 switch 2\n>p2 move aurasphere\n>p1 move nastyplot\n>p2 switch 6\n>p1 move makeitrain\n>p2 move encore\n>p2 switch 4\n>p1 move makeitrain\n>p2 switch 2\n>p1 move shadowball\n>p2 move ironhead\n>p1 move nastyplot\n>p2 move ironhead\n>p1 move nastyplot\n>p2 move ironhead\n>p1 move recover\n>p2 move ironhead\n>p1 move recover\n>p2 move ironhead\n>p1 move recover\n>p2 move ironhead\n>p1 move recover\n>p2 move ironhead\n>p1 move shadowball\n>p2 move ironhead\n>forcelose p2", "uploadtime": 1782885945, "views": 2, "formatid": "gen9randombattle", "rating": 1688, "private": 0, "password": null, "player_dets": [{"name": "jnpr010334", "avatar": "265", "rating": 1792, "seed": "sodium,04947ec4c336eafeaf0440f17967c263"}, {"name": "PLAY3R Z3R0 YT", "avatar": "steven", "rating": 1702, "seed": "sodium,ae872e68916541bed54e3d5cd1af82d2"}], "teams_full": [{"Gholdengo": {"name": "Gholdengo", "species": "Gholdengo", "speciesId": "gholdengo", "gender": "N", "shiny": false, "level": 77, "moves": ["makeitrain", "shadowball", "recover", "nastyplot"], "ability": "Good as Gold", "evs": {"hp": 85, "atk": 0, "def": 85, "spa": 85, "spd": 85, "spe": 85}, "ivs": {"hp": 31, "atk": 0, "def": 31, "spa": 31, "spd": 31, "spe": 31}, "item": "Leftovers", "teraType": "Water", "role": "Bulky Support", "bvs": {"hp": 87, "atk": 60, "def": 95, "spa": 133, "spd": 91, "spe": 84}, "stats": {"hp": 261, "atk": 97, "def": 191, "spa": 249, "spd": 185, "spe": 174}, "types": ["Steel", "Ghost"]}, "Giratina": {"name": "Giratina", "species": "Giratina", "speciesId": "giratina", "gender": "N", "shiny": false, "level": 75, "moves": ["calmmind", "sleeptalk", "rest", "dragonpulse"], "ability": "Pressure", "evs": {"hp": 85, "atk": 0, "def": 85, "spa": 85, "spd": 85, "spe": 85}, "ivs": {"hp": 31, "atk": 0, "def": 31, "spa": 31, "spd": 31, "spe": 31}, "item": "Leftovers", "teraType": "Fairy", "role": "Bulky Setup", "bvs": {"hp": 150, "atk": 100, "def": 120, "spa": 100, "spd": 120, "spe": 90}, "stats": {"hp": 349, "atk": 155, "def": 224, "spa": 194, "spd": 224, "spe": 179}, "types": ["Ghost", "Dragon"]}, "Cetitan": {"name": "Cetitan", "species": "Cetitan", "speciesId": "cetitan", "gender": "M", "shiny": false, "level": 82, "moves": ["iceshard", "bellydrum", "earthquake", "icespinner"], "ability": "Thick Fat", "evs": {"hp": 81, "atk": 85, "def": 85, "spa": 85, "spd": 85, "spe": 85}, "ivs": {"hp": 31, "atk": 31, "def": 31, "spa": 31, "spd": 31, "spe": 31}, "item": "Sitrus Berry", "teraType": "Ice", "role": "Bulky Setup", "bvs": {"hp": 170, "atk": 113, "def": 65, "spa": 45, "spd": 55, "spe": 73}, "stats": {"hp": 412, "atk": 232, "def": 154, "spa": 121, "spd": 137, "spe": 167}, "types": ["Ice"]}, "Snorlax": {"name": "Snorlax", "species": "Snorlax", "speciesId": "snorlax", "gender": "F", "shiny": false, "level": 82, "moves": ["earthquake", "bodyslam", "curse", "crunch"], "ability": "Thick Fat", "evs": {"hp": 85, "atk": 85, "def": 85, "spa": 85, "spd": 85, "spe": 85}, "ivs": {"hp": 31, "atk": 31, "def": 31, "spa": 31, "spd": 31, "spe": 31}, "item": "Leftovers", "teraType": "Poison", "role": "Bulky Setup", "bvs": {"hp": 160, "atk": 110, "def": 65, "spa": 65, "spd": 110, "spe": 30}, "stats": {"hp": 397, "atk": 228, "def": 154, "spa": 154, "spd": 228, "spe": 96}, "types": ["Normal"]}, "Forretress": {"name": "Forretress", "species": "Forretress", "speciesId": "forretress", "gender": "F", "shiny": false, "level": 84, "moves": ["bodypress", "rapidspin", "ironhead", "spikes"], "ability": "Sturdy", "evs": {"hp": 85, "atk": 85, "def": 85, "spa": 85, "spd": 85, "spe": 85}, "ivs": {"hp": 31, "atk": 31, "def": 31, "spa": 31, "spd": 31, "spe": 31}, "item": "Leftovers", "teraType": "Water", "role": "Bulky Attacker", "bvs": {"hp": 75, "atk": 90, "def": 140, "spa": 60, "spd": 60, "spe": 40}, "stats": {"hp": 263, "atk": 199, "def": 283, "spa": 149, "spd": 149, "spe": 115}, "types": ["Bug", "Steel"]}, "Okidogi": {"name": "Okidogi", "species": "Okidogi", "speciesId": "okidogi", "gender": "M", "shiny": false, "level": 77, "moves": ["drainpunch", "gunkshot", "bulkup", "knockoff"], "ability": "Toxic Chain", "evs": {"hp": 85, "atk": 85, "def": 85, "spa": 85, "spd": 85, "spe": 85}, "ivs": {"hp": 31, "atk": 31, "def": 31, "spa": 31, "spd": 31, "spe": 31}, "item": "Leftovers", "teraType": "Dark", "role": "Bulky Setup", "bvs": {"hp": 88, "atk": 128, "def": 115, "spa": 58, "spd": 86, "spe": 80}, "stats": {"hp": 262, "atk": 242, "def": 222, "spa": 134, "spd": 177, "spe": 168}, "types": ["Poison", "Fighting"]}}, {"Jirachi": {"name": "Jirachi", "species": "Jirachi", "speciesId": "jirachi", "gender": "N", "shiny": false, "level": 80, "moves": ["wish", "ironhead", "protect", "psychic"], "ability": "Serene Grace", "evs": {"hp": 85, "atk": 85, "def": 85, "spa": 85, "spd": 85, "spe": 85}, "ivs": {"hp": 31, "atk": 31, "def": 31, "spa": 31, "spd": 31, "spe": 31}, "item": "Leftovers", "teraType": "Water", "role": "Bulky Support", "bvs": {"hp": 100, "atk": 100, "def": 100, "spa": 100, "spd": 100, "spe": 100}, "stats": {"hp": 291, "atk": 206, "def": 206, "spa": 206, "spd": 206, "spe": 206}, "types": ["Steel", "Psychic"]}, "Rillaboom": {"name": "Rillaboom", "species": "Rillaboom", "speciesId": "rillaboom", "gender": "M", "shiny": false, "level": 79, "moves": ["woodhammer", "swordsdance", "highhorsepower", "grassyglide"], "ability": "Grassy Surge", "evs": {"hp": 85, "atk": 85, "def": 85, "spa": 85, "spd": 85, "spe": 85}, "ivs": {"hp": 31, "atk": 31, "def": 31, "spa": 31, "spd": 31, "spe": 31}, "item": "Life Orb", "teraType": "Grass", "role": "Fast Attacker", "bvs": {"hp": 100, "atk": 125, "def": 90, "spa": 60, "spd": 70, "spe": 85}, "stats": {"hp": 288, "atk": 243, "def": 188, "spa": 140, "spd": 156, "spe": 180}, "types": ["Grass"]}, "Cobalion": {"name": "Cobalion", "species": "Cobalion", "speciesId": "cobalion", "gender": "N", "shiny": false, "level": 80, "moves": ["aurasphere", "calmmind", "vacuumwave", "flashcannon"], "ability": "Justified", "evs": {"hp": 85, "atk": 0, "def": 85, "spa": 85, "spd": 85, "spe": 85}, "ivs": {"hp": 31, "atk": 0, "def": 31, "spa": 31, "spd": 31, "spe": 31}, "item": "Leftovers", "teraType": "Water", "role": "Bulky Setup", "bvs": {"hp": 91, "atk": 90, "def": 129, "spa": 90, "spd": 72, "spe": 108}, "stats": {"hp": 277, "atk": 149, "def": 253, "spa": 190, "spd": 161, "spe": 219}, "types": ["Steel", "Fighting"]}, "Minior": {"name": "Minior", "species": "Minior-Indigo", "speciesId": "minior", "gender": "N", "shiny": false, "level": 79, "moves": ["acrobatics", "powergem", "shellsmash", "earthquake"], "ability": "Shields Down", "evs": {"hp": 85, "atk": 85, "def": 85, "spa": 85, "spd": 85, "spe": 85}, "ivs": {"hp": 31, "atk": 31, "def": 31, "spa": 31, "spd": 31, "spe": 31}, "item": "White Herb", "teraType": "Ground", "role": "Setup Sweeper", "bvs": {"hp": 60, "atk": 100, "def": 60, "spa": 100, "spd": 60, "spe": 120}, "stats": {"hp": 224, "atk": 204, "def": 140, "spa": 204, "spd": 140, "spe": 235}, "types": ["Rock", "Flying"]}, "Dewgong": {"name": "Dewgong", "species": "Dewgong", "speciesId": "dewgong", "gender": "F", "shiny": false, "level": 94, "moves": ["flipturn", "surf", "encore", "tripleaxel"], "ability": "Thick Fat", "evs": {"hp": 85, "atk": 85, "def": 85, "spa": 85, "spd": 85, "spe": 85}, "ivs": {"hp": 31, "atk": 31, "def": 31, "spa": 31, "spd": 31, "spe": 31}, "item": "Heavy-Duty Boots", "teraType": "Grass", "role": "Bulky Attacker", "bvs": {"hp": 90, "atk": 70, "def": 80, "spa": 70, "spd": 95, "spe": 70}, "stats": {"hp": 322, "atk": 185, "def": 204, "spa": 185, "spd": 232, "spe": 185}, "types": ["Water", "Ice"]}, "Tatsugiri": {"name": "Tatsugiri", "species": "Tatsugiri", "speciesId": "tatsugiri", "gender": "M", "shiny": false, "level": 87, "moves": ["surf", "dracometeor", "nastyplot", "rapidspin"], "ability": "Storm Drain", "evs": {"hp": 85, "atk": 85, "def": 85, "spa": 85, "spd": 85, "spe": 85}, "ivs": {"hp": 31, "atk": 31, "def": 31, "spa": 31, "spd": 31, "spe": 31}, "item": "Heavy-Duty Boots", "teraType": "Steel", "role": "Fast Support", "bvs": {"hp": 68, "atk": 50, "def": 60, "spa": 120, "spd": 95, "spe": 82}, "stats": {"hp": 260, "atk": 137, "def": 154, "spa": 259, "spd": 215, "spe": 192}, "types": ["Dragon", "Water"]}}]}