{"id": "gen9randombattle-2641796089", "format": "[Gen 9] Random Battle", "players": ["Saaskin", "Elpapi18"], "log": "|j|\u2606Saaskin\n|j|\u2606Elpapi18\n|t:|1782842903\n|gametype|singles\n|player|p1|Saaskin|2|2097\n|player|p2|Elpapi18|266|2126\n|gen|9\n|tier|[Gen 9] Random Battle\n|rated|\n|rule|Species Clause: Limit one of each Pok\u00e9mon\n|rule|HP Percentage Mod: HP is shown in percentages\n|rule|Sleep Clause Mod: Limit one foe put to sleep\n|rule|Illusion Level Mod: Illusion disguises the Pok\u00e9mon's true level\n|\n|t:|1782842903\n|teamsize|p1|6\n|teamsize|p2|6\n|start\n|switch|p1a: Copperajah|Copperajah, L86, F|350/350\n|switch|p2a: Medicham|Medicham, L86, M|243/243\n|turn|1\n|inactive|Battle timer is ON: inactive players will automatically lose when time's up. (requested by Saaskin)\n|inactive|Saaskin has 120 seconds left.\n|\n|t:|1782842941\n|switch|p1a: Tornadus|Tornadus-Therian, L79, M|254/254\n|move|p2a: Medicham|Zen Headbutt|p1a: Tornadus\n|-damage|p1a: Tornadus|113/254\n|\n|upkeep\n|turn|2\n|\n|t:|1782842955\n|move|p2a: Medicham|Zen Headbutt|p1a: Tornadus\n|-damage|p1a: Tornadus|0 fnt\n|faint|p1a: Tornadus\n|\n|upkeep\n|\n|t:|1782842960\n|switch|p1a: Scrafty|Scrafty, L83, F|244/244\n|-ability|p1a: Scrafty|Intimidate|boost\n|-unboost|p2a: Medicham|atk|1\n|turn|3\n|\n|t:|1782842971\n|switch|p2a: Flareon|Flareon, L90, F|263/263\n|move|p1a: Scrafty|Dragon Dance|p1a: Scrafty\n|-boost|p1a: Scrafty|atk|1\n|-boost|p1a: Scrafty|spe|1\n|\n|-status|p2a: Flareon|tox|[from] item: Toxic Orb\n|upkeep\n|turn|4\n|\n|t:|1782842981\n|move|p1a: Scrafty|Dragon Dance|p1a: Scrafty\n|-boost|p1a: Scrafty|atk|1\n|-boost|p1a: Scrafty|spe|1\n|move|p2a: Flareon|Flare Blitz|p1a: Scrafty\n|-damage|p1a: Scrafty|9/244\n|-damage|p2a: Flareon|185/263 tox|[from] Recoil\n|\n|-heal|p1a: Scrafty|24/244|[from] item: Leftovers\n|-damage|p2a: Flareon|169/263 tox|[from] psn\n|upkeep\n|turn|5\n|\n|t:|1782842983\n|move|p2a: Flareon|Quick Attack|p1a: Scrafty\n|-damage|p1a: Scrafty|0 fnt\n|faint|p1a: Scrafty\n|\n|-damage|p2a: Flareon|137/263 tox|[from] psn\n|upkeep\n|-message|Saaskin forfeited.\n|\n|win|Elpapi18\n|raw|Saaskin's rating: 2097 &rarr; <strong>2079</strong><br />(-18 for losing)\n|raw|Elpapi18's rating: 2126 &rarr; <strong>2144</strong><br />(+18 for winning)\n", "inputlog": ">version f8ac14003a5f27e1bdc8d8c59608a773c1cb96e5\n>start {\"formatid\":\"gen9randombattle\",\"seed\":\"sodium,4446513e90859aa5529c700b0300dcbe\",\"rated\":\"Rated battle\"}\n>player p1 {\"name\":\"Saaskin\",\"avatar\":\"2\",\"rating\":2097,\"seed\":\"sodium,165bdf92db3f03e996e5e797dc5ba9a0\"}\n>player p2 {\"name\":\"Elpapi18\",\"avatar\":\"266\",\"rating\":2126,\"seed\":\"sodium,42253c08f0d2cc903dacb34ccf923d9b\"}\n>p1 switch 3\n>p2 move zenheadbutt\n>p1 move uturn\n>p2 move zenheadbutt\n>p1 switch 5\n>p1 move dragondance\n>p2 switch 6\n>p1 move dragondance\n>p2 move flareblitz\n>p1 move drainpunch\n>p2 move quickattack\n>forcelose p1", "uploadtime": 1782842986, "views": 9, "formatid": "gen9randombattle", "rating": 2079, "private": 0, "password": null, "player_dets": [{"name": "Saaskin", "avatar": "2", "rating": 2097, "seed": "sodium,165bdf92db3f03e996e5e797dc5ba9a0"}, {"name": "Elpapi18", "avatar": "266", "rating": 2126, "seed": "sodium,42253c08f0d2cc903dacb34ccf923d9b"}], "teams_full": [{"Copperajah": {"name": "Copperajah", "species": "Copperajah", "speciesId": "copperajah", "gender": "F", "shiny": false, "level": 86, "moves": ["ironhead", "rockslide", "playrough", "superpower"], "ability": "Sheer Force", "evs": {"hp": 85, "atk": 85, "def": 85, "spa": 85, "spd": 85, "spe": 85}, "ivs": {"hp": 31, "atk": 31, "def": 31, "spa": 31, "spd": 31, "spe": 31}, "item": "Life Orb", "teraType": "Fairy", "role": "Wallbreaker", "bvs": {"hp": 122, "atk": 130, "def": 69, "spa": 80, "spd": 69, "spe": 30}, "stats": {"hp": 350, "atk": 273, "def": 168, "spa": 187, "spd": 168, "spe": 101}, "types": ["Steel"]}, "Dunsparce": {"name": "Dunsparce", "species": "Dunsparce", "speciesId": "dunsparce", "gender": "M", "shiny": false, "level": 86, "moves": ["roost", "coil", "earthquake", "bodyslam"], "ability": "Serene Grace", "evs": {"hp": 85, "atk": 85, "def": 85, "spa": 85, "spd": 85, "spe": 85}, "ivs": {"hp": 31, "atk": 31, "def": 31, "spa": 31, "spd": 31, "spe": 31}, "item": "Eviolite", "teraType": "Ghost", "role": "Bulky Setup", "bvs": {"hp": 100, "atk": 70, "def": 70, "spa": 65, "spd": 65, "spe": 45}, "stats": {"hp": 312, "atk": 170, "def": 170, "spa": 161, "spd": 161, "spe": 127}, "types": ["Normal"]}, "Tornadus": {"name": "Tornadus", "species": "Tornadus-Therian", "speciesId": "tornadustherian", "gender": "M", "shiny": false, "level": 79, "moves": ["bleakwindstorm", "knockoff", "heatwave", "uturn"], "ability": "Regenerator", "evs": {"hp": 85, "atk": 85, "def": 85, "spa": 85, "spd": 85, "spe": 85}, "ivs": {"hp": 31, "atk": 31, "def": 31, "spa": 31, "spd": 31, "spe": 31}, "item": "Assault Vest", "teraType": "Steel", "role": "AV Pivot", "bvs": {"hp": 79, "atk": 100, "def": 80, "spa": 110, "spd": 90, "spe": 121}, "stats": {"hp": 254, "atk": 204, "def": 172, "spa": 219, "spd": 188, "spe": 237}, "types": ["Flying"]}, "Reuniclus": {"name": "Reuniclus", "species": "Reuniclus", "speciesId": "reuniclus", "gender": "M", "shiny": false, "level": 88, "moves": ["calmmind", "psyshock", "focusblast", "recover"], "ability": "Magic Guard", "evs": {"hp": 85, "atk": 0, "def": 85, "spa": 85, "spd": 85, "spe": 85}, "ivs": {"hp": 31, "atk": 0, "def": 31, "spa": 31, "spd": 31, "spe": 31}, "item": "Life Orb", "teraType": "Steel", "role": "Bulky Setup", "bvs": {"hp": 110, "atk": 65, "def": 75, "spa": 125, "spd": 85, "spe": 30}, "stats": {"hp": 337, "atk": 119, "def": 182, "spa": 270, "spd": 200, "spe": 103}, "types": ["Psychic"]}, "Scrafty": {"name": "Scrafty", "species": "Scrafty", "speciesId": "scrafty", "gender": "F", "shiny": false, "level": 83, "moves": ["knockoff", "dragondance", "drainpunch", "poisonjab"], "ability": "Intimidate", "evs": {"hp": 85, "atk": 85, "def": 85, "spa": 85, "spd": 85, "spe": 85}, "ivs": {"hp": 31, "atk": 31, "def": 31, "spa": 31, "spd": 31, "spe": 31}, "item": "Leftovers", "teraType": "Poison", "role": "Bulky Attacker", "bvs": {"hp": 65, "atk": 90, "def": 115, "spa": 45, "spd": 115, "spe": 58}, "stats": {"hp": 244, "atk": 197, "def": 239, "spa": 122, "spd": 239, "spe": 144}, "types": ["Dark", "Fighting"]}, "Hariyama": {"name": "Hariyama", "species": "Hariyama", "speciesId": "hariyama", "gender": "F", "shiny": false, "level": 87, "moves": ["heavyslam", "closecombat", "stoneedge", "knockoff"], "ability": "Thick Fat", "evs": {"hp": 85, "atk": 85, "def": 85, "spa": 85, "spd": 85, "spe": 85}, "ivs": {"hp": 31, "atk": 31, "def": 31, "spa": 31, "spd": 31, "spe": 31}, "item": "Assault Vest", "teraType": "Steel", "role": "AV Pivot", "bvs": {"hp": 144, "atk": 120, "def": 60, "spa": 40, "spd": 60, "spe": 50}, "stats": {"hp": 392, "atk": 259, "def": 154, "spa": 119, "spd": 154, "spe": 137}, "types": ["Fighting"]}}, {"Medicham": {"name": "Medicham", "species": "Medicham", "speciesId": "medicham", "gender": "M", "shiny": false, "level": 86, "moves": ["closecombat", "icepunch", "trick", "zenheadbutt"], "ability": "Pure Power", "evs": {"hp": 85, "atk": 85, "def": 85, "spa": 85, "spd": 85, "spe": 85}, "ivs": {"hp": 31, "atk": 31, "def": 31, "spa": 31, "spd": 31, "spe": 31}, "item": "Choice Scarf", "teraType": "Fighting", "role": "Fast Attacker", "bvs": {"hp": 60, "atk": 60, "def": 75, "spa": 60, "spd": 75, "spe": 80}, "stats": {"hp": 243, "atk": 152, "def": 178, "spa": 152, "spd": 178, "spe": 187}, "types": ["Fighting", "Psychic"]}, "Hypno": {"name": "Hypno", "species": "Hypno", "speciesId": "hypno", "gender": "F", "shiny": false, "level": 95, "moves": ["toxic", "encore", "psychicnoise", "knockoff"], "ability": "Insomnia", "evs": {"hp": 85, "atk": 85, "def": 85, "spa": 85, "spd": 85, "spe": 85}, "ivs": {"hp": 31, "atk": 31, "def": 31, "spa": 31, "spd": 31, "spe": 31}, "item": "Leftovers", "teraType": "Steel", "role": "Bulky Support", "bvs": {"hp": 85, "atk": 73, "def": 70, "spa": 73, "spd": 115, "spe": 67}, "stats": {"hp": 315, "atk": 193, "def": 187, "spa": 193, "spd": 272, "spe": 181}, "types": ["Psychic"]}, "Meowscarada": {"name": "Meowscarada", "species": "Meowscarada", "speciesId": "meowscarada", "gender": "F", "shiny": false, "level": 78, "moves": ["knockoff", "toxicspikes", "flowertrick", "tripleaxel"], "ability": "Protean", "evs": {"hp": 85, "atk": 85, "def": 85, "spa": 85, "spd": 85, "spe": 85}, "ivs": {"hp": 31, "atk": 31, "def": 31, "spa": 31, "spd": 31, "spe": 31}, "item": "Life Orb", "teraType": "Dark", "role": "Fast Support", "bvs": {"hp": 76, "atk": 110, "def": 70, "spa": 81, "spd": 70, "spe": 123}, "stats": {"hp": 247, "atk": 217, "def": 154, "spa": 171, "spd": 154, "spe": 237}, "types": ["Grass", "Dark"]}, "Glaceon": {"name": "Glaceon", "species": "Glaceon", "speciesId": "glaceon", "gender": "F", "shiny": false, "level": 94, "moves": ["wish", "freezedry", "mudshot", "protect"], "ability": "Ice Body", "evs": {"hp": 85, "atk": 0, "def": 85, "spa": 85, "spd": 85, "spe": 85}, "ivs": {"hp": 31, "atk": 0, "def": 31, "spa": 31, "spd": 31, "spe": 31}, "item": "Heavy-Duty Boots", "teraType": "Ground", "role": "Bulky Attacker", "bvs": {"hp": 65, "atk": 60, "def": 110, "spa": 130, "spd": 95, "spe": 65}, "stats": {"hp": 275, "atk": 117, "def": 260, "spa": 298, "spd": 232, "spe": 176}, "types": ["Ice"]}, "Clodsire": {"name": "Clodsire", "species": "Clodsire", "speciesId": "clodsire", "gender": "F", "shiny": false, "level": 81, "moves": ["poisonjab", "earthquake", "toxic", "recover"], "ability": "Unaware", "evs": {"hp": 85, "atk": 85, "def": 85, "spa": 85, "spd": 85, "spe": 85}, "ivs": {"hp": 31, "atk": 31, "def": 31, "spa": 31, "spd": 31, "spe": 31}, "item": "Leftovers", "teraType": "Flying", "role": "Bulky Support", "bvs": {"hp": 130, "atk": 75, "def": 60, "spa": 45, "spd": 100, "spe": 20}, "stats": {"hp": 343, "atk": 168, "def": 144, "spa": 120, "spd": 209, "spe": 79}, "types": ["Poison", "Ground"]}, "Flareon": {"name": "Flareon", "species": "Flareon", "speciesId": "flareon", "gender": "F", "shiny": false, "level": 90, "moves": ["flareblitz", "quickattack", "facade", "trailblaze"], "ability": "Guts", "evs": {"hp": 85, "atk": 85, "def": 85, "spa": 85, "spd": 85, "spe": 85}, "ivs": {"hp": 31, "atk": 31, "def": 31, "spa": 31, "spd": 31, "spe": 31}, "item": "Toxic Orb", "teraType": "Normal", "role": "Setup Sweeper", "bvs": {"hp": 65, "atk": 130, "def": 60, "spa": 95, "spd": 110, "spe": 65}, "stats": {"hp": 263, "atk": 285, "def": 159, "spa": 222, "spd": 249, "spe": 168}, "types": ["Fire"]}}]}