{"id": "gen9randombattle-2642102202", "format": "[Gen 9] Random Battle", "players": ["testbotcif", "EmpoleonNapoleon"], "log": "|j|\u2606testbotcif\n|j|\u2606EmpoleonNapoleon\n|t:|1782890374\n|gametype|singles\n|player|p1|testbotcif|1|1370\n|player|p2|EmpoleonNapoleon|lucas-gen4pt|1343\n|gen|9\n|tier|[Gen 9] Random Battle\n|rated|\n|rule|Species Clause: Limit one of each Pok\u00e9mon\n|rule|HP Percentage Mod: HP is shown in percentages\n|rule|Sleep Clause Mod: Limit one foe put to sleep\n|rule|Illusion Level Mod: Illusion disguises the Pok\u00e9mon's true level\n|\n|t:|1782890374\n|teamsize|p1|6\n|teamsize|p2|6\n|start\n|switch|p1a: Chandelure|Chandelure, L83, M|235/235\n|switch|p2a: Tornadus|Tornadus-Therian, L79, M|254/254\n|turn|1\n|inactive|Battle timer is ON: inactive players will automatically lose when time's up. (requested by testbotcif)\n|c|\u2606testbotcif|rlhf\n|\n|t:|1782890399\n|move|p2a: Tornadus|Bleakwind Storm|p1a: Chandelure\n|-damage|p1a: Chandelure|126/235\n|-unboost|p1a: Chandelure|spe|1\n|move|p1a: Chandelure|Fire Blast|p2a: Tornadus\n|-damage|p2a: Tornadus|82/254\n|-status|p2a: Tornadus|brn\n|\n|-damage|p2a: Tornadus|67/254 brn|[from] brn\n|upkeep\n|turn|2\n|\n|t:|1782890412\n|switch|p2a: Lanturn|Lanturn, L89, F|367/367\n|move|p1a: Chandelure|Fire Blast|p2a: Lanturn\n|-resisted|p2a: Lanturn\n|-damage|p2a: Lanturn|279/367\n|\n|upkeep\n|turn|3\n|\n|t:|1782890419\n|move|p2a: Lanturn|Scald|p1a: Chandelure\n|-supereffective|p1a: Chandelure\n|-crit|p1a: Chandelure\n|-damage|p1a: Chandelure|0 fnt\n|faint|p1a: Chandelure\n|\n|upkeep\n|\n|t:|1782890419\n|switch|p1a: Electivire|Electivire, L84, M|263/263\n|turn|4\n|\n|t:|1782890442\n|move|p1a: Electivire|Bulk Up|p1a: Electivire\n|-boost|p1a: Electivire|atk|1\n|-boost|p1a: Electivire|def|1\n|move|p2a: Lanturn|Scald|p1a: Electivire\n|-damage|p1a: Electivire|185/263\n|\n|upkeep\n|turn|5\n|\n|t:|1782890448\n|move|p1a: Electivire|Earthquake|p2a: Lanturn\n|-supereffective|p2a: Lanturn\n|-damage|p2a: Lanturn|0 fnt\n|faint|p2a: Lanturn\n|-damage|p1a: Electivire|159/263|[from] item: Life Orb\n|\n|upkeep\n|\n|t:|1782890466\n|switch|p2a: Tornadus|Tornadus-Therian, L79, M|151/254 brn\n|turn|6\n|\n|t:|1782890474\n|move|p2a: Tornadus|Grass Knot|p1a: Electivire\n|-damage|p1a: Electivire|86/263\n|move|p1a: Electivire|Supercell Slam|p2a: Tornadus\n|-supereffective|p2a: Tornadus\n|-crit|p2a: Tornadus\n|-damage|p2a: Tornadus|0 fnt\n|faint|p2a: Tornadus\n|-damage|p1a: Electivire|60/263|[from] item: Life Orb\n|\n|upkeep\n|inactive|EmpoleonNapoleon has 120 seconds left.\n|\n|t:|1782890489\n|switch|p2a: Banette|Banette, L93, M|270/270\n|turn|7\n|\n|t:|1782890494\n|move|p2a: Banette|Shadow Sneak|p1a: Electivire\n|-damage|p1a: Electivire|0 fnt\n|faint|p1a: Electivire\n|-damage|p2a: Banette|243/270|[from] item: Life Orb\n|\n|upkeep\n|\n|t:|1782890494\n|switch|p1a: Iron Jugulis|Iron Jugulis, L77|271/271\n|turn|8\n|\n|t:|1782890504\n|move|p1a: Iron Jugulis|Dark Pulse|p2a: Banette\n|-supereffective|p2a: Banette\n|-damage|p2a: Banette|0 fnt\n|faint|p2a: Banette\n|\n|upkeep\n|\n|t:|1782890512\n|switch|p2a: Greninja|Greninja, L80, M|246/246\n|turn|9\n|\n|t:|1782890519\n|-end|p1a: Iron Jugulis|Quark Drive|[silent]\n|switch|p1a: Kleavor|Kleavor, L78, F|237/237\n|move|p2a: Greninja|Hydro Pump|p1a: Kleavor\n|-start|p2a: Greninja|typechange|Water|[from] ability: Protean\n|-supereffective|p1a: Kleavor\n|-damage|p1a: Kleavor|0 fnt\n|faint|p1a: Kleavor\n|-damage|p2a: Greninja|222/246|[from] item: Life Orb\n|\n|upkeep\n|\n|t:|1782890519\n|switch|p1a: Blastoise|Blastoise, L80, F|258/258\n|turn|10\n|\n|t:|1782890532\n|move|p2a: Greninja|U-turn|p1a: Blastoise\n|-damage|p1a: Blastoise|206/258\n|-damage|p2a: Greninja|198/246|[from] item: Life Orb\n|\n|t:|1782890536\n|switch|p2a: Sableye|Sableye, L88, M|231/231|[from] U-turn\n|move|p1a: Blastoise|Shell Smash|p1a: Blastoise\n|-unboost|p1a: Blastoise|def|1\n|-unboost|p1a: Blastoise|spd|1\n|-boost|p1a: Blastoise|atk|2\n|-boost|p1a: Blastoise|spa|2\n|-boost|p1a: Blastoise|spe|2\n|-enditem|p1a: Blastoise|White Herb\n|-clearnegativeboost|p1a: Blastoise|[silent]\n|\n|upkeep\n|turn|11\n|\n|t:|1782890547\n|move|p2a: Sableye|Encore|p1a: Blastoise\n|-start|p1a: Blastoise|Encore\n|move|p1a: Blastoise|Shell Smash|p1a: Blastoise\n|-unboost|p1a: Blastoise|def|1\n|-unboost|p1a: Blastoise|spd|1\n|-boost|p1a: Blastoise|atk|2\n|-boost|p1a: Blastoise|spa|2\n|-boost|p1a: Blastoise|spe|2\n|\n|upkeep\n|turn|12\n|\n|t:|1782890565\n|move|p1a: Blastoise|Shell Smash|p1a: Blastoise\n|-unboost|p1a: Blastoise|def|1\n|-unboost|p1a: Blastoise|spd|1\n|-boost|p1a: Blastoise|atk|2\n|-boost|p1a: Blastoise|spa|2\n|-boost|p1a: Blastoise|spe|2\n|move|p2a: Sableye|Knock Off|p1a: Blastoise\n|-damage|p1a: Blastoise|91/258\n|\n|upkeep\n|turn|13\n|\n|t:|1782890580\n|move|p1a: Blastoise|Shell Smash|p1a: Blastoise\n|-unboost|p1a: Blastoise|def|1\n|-unboost|p1a: Blastoise|spd|1\n|-boost|p1a: Blastoise|atk|0\n|-boost|p1a: Blastoise|spa|0\n|-boost|p1a: Blastoise|spe|0\n|move|p2a: Sableye|Knock Off|p1a: Blastoise\n|-damage|p1a: Blastoise|0 fnt\n|faint|p1a: Blastoise\n|\n|upkeep\n|\n|t:|1782890581\n|switch|p1a: Iron Jugulis|Iron Jugulis, L77|271/271\n|turn|14\n|\n|t:|1782890592\n|move|p1a: Iron Jugulis|Dark Pulse|p2a: Sableye\n|-damage|p2a: Sableye|68/231\n|move|p2a: Sableye|Knock Off|p1a: Iron Jugulis\n|-resisted|p1a: Iron Jugulis\n|-damage|p1a: Iron Jugulis|222/271\n|-enditem|p1a: Iron Jugulis|Choice Specs|[from] move: Knock Off|[of] p2a: Sableye\n|\n|-heal|p2a: Sableye|82/231|[from] item: Leftovers\n|upkeep\n|turn|15\n|\n|t:|1782890603\n|switch|p2a: Greninja|Greninja, L80, M|198/246\n|move|p1a: Iron Jugulis|Dark Pulse|p2a: Greninja\n|-resisted|p2a: Greninja\n|-damage|p2a: Greninja|147/246\n|\n|upkeep\n|turn|16\n|inactive|EmpoleonNapoleon has 120 seconds left.\n|\n|t:|1782890643\n|move|p2a: Greninja|Gunk Shot|p1a: Iron Jugulis\n|-start|p2a: Greninja|typechange|Poison|[from] ability: Protean\n|-damage|p1a: Iron Jugulis|49/271\n|-status|p1a: Iron Jugulis|psn\n|-damage|p2a: Greninja|123/246|[from] item: Life Orb\n|move|p1a: Iron Jugulis|Dark Pulse|p2a: Greninja\n|-damage|p2a: Greninja|15/246\n|\n|-damage|p1a: Iron Jugulis|16/271 psn|[from] psn\n|upkeep\n|turn|17\n|\n|t:|1782890654\n|switch|p2a: Sableye|Sableye, L88, M|82/231\n|move|p1a: Iron Jugulis|Dark Pulse|p2a: Sableye\n|-damage|p2a: Sableye|0 fnt\n|faint|p2a: Sableye\n|\n|-damage|p1a: Iron Jugulis|0 fnt|[from] psn\n|faint|p1a: Iron Jugulis\n|-end|p1a: Iron Jugulis|Quark Drive|[silent]\n|upkeep\n|\n|t:|1782890670\n|switch|p1a: Empoleon|Empoleon, L84, F|278/278\n|switch|p2a: Excadrill|Excadrill, L79, M|303/303\n|-ability|p2a: Excadrill|Mold Breaker\n|turn|18\n|\n|t:|1782890678\n|-terastallize|p1a: Empoleon|Flying\n|move|p2a: Excadrill|Swords Dance|p2a: Excadrill\n|-boost|p2a: Excadrill|atk|2\n|move|p1a: Empoleon|Surf|p2a: Excadrill\n|-supereffective|p2a: Excadrill\n|-damage|p2a: Excadrill|39/303\n|\n|-heal|p2a: Excadrill|57/303|[from] item: Leftovers\n|upkeep\n|turn|19\n|inactive|EmpoleonNapoleon has 90 seconds left.\n|l|\u2606EmpoleonNapoleon\n|inactive|EmpoleonNapoleon disconnected and has a minute to reconnect!\n|player|p2|\n|j|\u2606EmpoleonNapoleon\n|inactive|EmpoleonNapoleon reconnected and has 70 seconds left.\n|player|p2|EmpoleonNapoleon|lucas-gen4pt|\n|\n|t:|1782890731\n|move|p2a: Excadrill|Iron Head|p1a: Empoleon\n|-damage|p1a: Empoleon|85/278\n|move|p1a: Empoleon|Surf|p2a: Excadrill\n|-supereffective|p2a: Excadrill\n|-damage|p2a: Excadrill|0 fnt\n|faint|p2a: Excadrill\n|\n|-heal|p1a: Empoleon|102/278|[from] item: Leftovers\n|upkeep\n|\n|t:|1782890739\n|switch|p2a: Greninja|Greninja, L80, M|15/246\n|turn|20\n|\n|t:|1782890742\n|-terastallize|p2a: Greninja|Dark\n|move|p2a: Greninja|Dark Pulse|p1a: Empoleon\n|-damage|p1a: Empoleon|0 fnt\n|faint|p1a: Empoleon\n|-damage|p2a: Greninja|0 fnt|[from] item: Life Orb\n|faint|p2a: Greninja\n|\n|win|EmpoleonNapoleon\n|raw|testbotcif's rating: 1370 &rarr; <strong>1348</strong><br />(-22 for losing)\n|raw|EmpoleonNapoleon's rating: 1343 &rarr; <strong>1365</strong><br />(+22 for winning)\n", "inputlog": ">version f8ac14003a5f27e1bdc8d8c59608a773c1cb96e5\n>start {\"formatid\":\"gen9randombattle\",\"seed\":\"sodium,36eae28e00ba8c0713a458685b023ee4\",\"rated\":\"Rated battle\"}\n>player p1 {\"name\":\"testbotcif\",\"avatar\":\"1\",\"rating\":1370,\"seed\":\"sodium,549f98e97d0a80f97a7e4c4adfd5de65\"}\n>player p2 {\"name\":\"EmpoleonNapoleon\",\"avatar\":\"lucas-gen4pt\",\"rating\":1343,\"seed\":\"sodium,2233003dbf79493a5ae532c29e7c6300\"}\n>chat \u2606testbotcif|rlhf\n>p1 move fireblast\n>p2 move bleakwindstorm\n>p1 move fireblast\n>p2 switch 6\n>p1 move calmmind\n>p2 move scald\n>p1 switch 5\n>p1 move bulkup\n>p2 move scald\n>p1 move earthquake\n>p2 move scald\n>p2 switch 6\n>p1 move supercellslam\n>p2 move grassknot\n>p2 switch 5\n>p1 move supercellslam\n>p2 move shadowsneak\n>p1 switch 3\n>p1 move darkpulse\n>p2 move gunkshot\n>p2 switch 4\n>p1 switch 2\n>p2 move hydropump\n>p1 switch 6\n>p1 move shellsmash\n>p2 move uturn\n>p2 switch 3\n>p1 move hydropump\n>p2 move encore\n>p1 move shellsmash\n>p2 move knockoff\n>p1 move shellsmash\n>p2 move knockoff\n>p1 switch 2\n>p1 move darkpulse\n>p2 move knockoff\n>p1 move darkpulse\n>p2 switch 3\n>p1 move darkpulse\n>p2 move gunkshot\n>p1 move darkpulse\n>p2 switch 3\n>p1 switch 4\n>p2 switch 2\n>p1 move surf terastallize\n>p2 move swordsdance\n>p1 move surf\n>p2 move ironhead\n>p2 switch 3\n>p1 move surf\n>p2 move darkpulse terastallize", "uploadtime": 1782890742, "views": 3, "formatid": "gen9randombattle", "rating": 1348, "private": 0, "password": null, "player_dets": [{"name": "testbotcif", "avatar": "1", "rating": 1370, "seed": "sodium,549f98e97d0a80f97a7e4c4adfd5de65"}, {"name": "EmpoleonNapoleon", "avatar": "lucas-gen4pt", "rating": 1343, "seed": "sodium,2233003dbf79493a5ae532c29e7c6300"}], "teams_full": [{"Chandelure": {"name": "Chandelure", "species": "Chandelure", "speciesId": "chandelure", "gender": "M", "shiny": false, "level": 83, "moves": ["fireblast", "shadowball", "calmmind", "energyball"], "ability": "Flash Fire", "evs": {"hp": 85, "atk": 0, "def": 85, "spa": 85, "spd": 85, "spe": 85}, "ivs": {"hp": 31, "atk": 0, "def": 31, "spa": 31, "spd": 31, "spe": 31}, "item": "Heavy-Duty Boots", "teraType": "Ghost", "role": "Fast Bulky Setup", "bvs": {"hp": 60, "atk": 55, "def": 90, "spa": 145, "spd": 90, "spe": 80}, "stats": {"hp": 235, "atk": 96, "def": 197, "spa": 288, "spd": 197, "spe": 180}, "types": ["Ghost", "Fire"]}, "Kleavor": {"name": "Kleavor", "species": "Kleavor", "speciesId": "kleavor", "gender": "F", "shiny": false, "level": 78, "moves": ["xscissor", "closecombat", "stoneaxe", "defog"], "ability": "Sharpness", "evs": {"hp": 85, "atk": 85, "def": 85, "spa": 85, "spd": 85, "spe": 85}, "ivs": {"hp": 31, "atk": 31, "def": 31, "spa": 31, "spd": 31, "spe": 31}, "item": "Heavy-Duty Boots", "teraType": "Rock", "role": "Bulky Attacker", "bvs": {"hp": 70, "atk": 135, "def": 95, "spa": 45, "spd": 70, "spe": 85}, "stats": {"hp": 237, "atk": 256, "def": 193, "spa": 115, "spd": 154, "spe": 178}, "types": ["Bug", "Rock"]}, "Iron Jugulis": {"name": "Iron Jugulis", "species": "Iron Jugulis", "speciesId": "ironjugulis", "gender": "N", "shiny": false, "level": 77, "moves": ["earthpower", "hurricane", "darkpulse", "uturn"], "ability": "Quark Drive", "evs": {"hp": 85, "atk": 85, "def": 85, "spa": 85, "spd": 85, "spe": 85}, "ivs": {"hp": 31, "atk": 31, "def": 31, "spa": 31, "spd": 31, "spe": 31}, "item": "Choice Specs", "teraType": "Ground", "role": "Wallbreaker", "bvs": {"hp": 94, "atk": 80, "def": 86, "spa": 122, "spd": 80, "spe": 108}, "stats": {"hp": 271, "atk": 168, "def": 177, "spa": 232, "spd": 168, "spe": 211}, "types": ["Dark", "Flying"]}, "Empoleon": {"name": "Empoleon", "species": "Empoleon", "speciesId": "empoleon", "gender": "F", "shiny": false, "level": 84, "moves": ["surf", "roost", "icebeam", "flipturn"], "ability": "Competitive", "evs": {"hp": 85, "atk": 85, "def": 85, "spa": 85, "spd": 85, "spe": 85}, "ivs": {"hp": 31, "atk": 31, "def": 31, "spa": 31, "spd": 31, "spe": 31}, "item": "Leftovers", "teraType": "Flying", "role": "Bulky Support", "bvs": {"hp": 84, "atk": 86, "def": 88, "spa": 111, "spd": 101, "spe": 60}, "stats": {"hp": 278, "atk": 193, "def": 196, "spa": 235, "spd": 218, "spe": 149}, "types": ["Water", "Steel"]}, "Electivire": {"name": "Electivire", "species": "Electivire", "speciesId": "electivire", "gender": "M", "shiny": false, "level": 84, "moves": ["icepunch", "supercellslam", "bulkup", "earthquake"], "ability": "Motor Drive", "evs": {"hp": 85, "atk": 85, "def": 85, "spa": 85, "spd": 85, "spe": 85}, "ivs": {"hp": 31, "atk": 31, "def": 31, "spa": 31, "spd": 31, "spe": 31}, "item": "Life Orb", "teraType": "Flying", "role": "Setup Sweeper", "bvs": {"hp": 75, "atk": 123, "def": 67, "spa": 95, "spd": 85, "spe": 95}, "stats": {"hp": 263, "atk": 255, "def": 161, "spa": 208, "spd": 191, "spe": 208}, "types": ["Electric"]}, "Blastoise": {"name": "Blastoise", "species": "Blastoise", "speciesId": "blastoise", "gender": "F", "shiny": false, "level": 80, "moves": ["hydropump", "icebeam", "shellsmash", "terablast"], "ability": "Torrent", "evs": {"hp": 85, "atk": 0, "def": 85, "spa": 85, "spd": 85, "spe": 85}, "ivs": {"hp": 31, "atk": 0, "def": 31, "spa": 31, "spd": 31, "spe": 31}, "item": "White Herb", "teraType": "Electric", "role": "Tera Blast user", "bvs": {"hp": 79, "atk": 83, "def": 100, "spa": 85, "spd": 105, "spe": 78}, "stats": {"hp": 258, "atk": 137, "def": 206, "spa": 182, "spd": 214, "spe": 171}, "types": ["Water"]}}, {"Tornadus": {"name": "Tornadus", "species": "Tornadus-Therian", "speciesId": "tornadustherian", "gender": "M", "shiny": false, "level": 79, "moves": ["bleakwindstorm", "focusblast", "nastyplot", "grassknot"], "ability": "Regenerator", "evs": {"hp": 85, "atk": 0, "def": 85, "spa": 85, "spd": 85, "spe": 85}, "ivs": {"hp": 31, "atk": 0, "def": 31, "spa": 31, "spd": 31, "spe": 31}, "item": "Heavy-Duty Boots", "teraType": "Fighting", "role": "Fast Attacker", "bvs": {"hp": 79, "atk": 100, "def": 80, "spa": 110, "spd": 90, "spe": 121}, "stats": {"hp": 254, "atk": 163, "def": 172, "spa": 219, "spd": 188, "spe": 237}, "types": ["Flying"]}, "Excadrill": {"name": "Excadrill", "species": "Excadrill", "speciesId": "excadrill", "gender": "M", "shiny": false, "level": 79, "moves": ["swordsdance", "ironhead", "earthquake", "rapidspin"], "ability": "Mold Breaker", "evs": {"hp": 85, "atk": 85, "def": 85, "spa": 85, "spd": 85, "spe": 85}, "ivs": {"hp": 31, "atk": 31, "def": 31, "spa": 31, "spd": 31, "spe": 31}, "item": "Leftovers", "teraType": "Ground", "role": "Bulky Setup", "bvs": {"hp": 110, "atk": 135, "def": 60, "spa": 50, "spd": 65, "spe": 88}, "stats": {"hp": 303, "atk": 259, "def": 140, "spa": 125, "spd": 148, "spe": 185}, "types": ["Ground", "Steel"]}, "Sableye": {"name": "Sableye", "species": "Sableye", "speciesId": "sableye", "gender": "M", "shiny": false, "level": 88, "moves": ["encore", "recover", "thunderwave", "knockoff"], "ability": "Prankster", "evs": {"hp": 85, "atk": 85, "def": 85, "spa": 85, "spd": 85, "spe": 85}, "ivs": {"hp": 31, "atk": 31, "def": 31, "spa": 31, "spd": 31, "spe": 31}, "item": "Leftovers", "teraType": "Steel", "role": "Bulky Support", "bvs": {"hp": 50, "atk": 75, "def": 75, "spa": 65, "spd": 65, "spe": 50}, "stats": {"hp": 231, "atk": 182, "def": 182, "spa": 165, "spd": 165, "spe": 138}, "types": ["Dark", "Ghost"]}, "Greninja": {"name": "Greninja", "species": "Greninja", "speciesId": "greninja", "gender": "M", "shiny": false, "level": 80, "moves": ["darkpulse", "gunkshot", "uturn", "hydropump"], "ability": "Protean", "evs": {"hp": 85, "atk": 85, "def": 85, "spa": 85, "spd": 85, "spe": 85}, "ivs": {"hp": 31, "atk": 31, "def": 31, "spa": 31, "spd": 31, "spe": 31}, "item": "Life Orb", "teraType": "Dark", "role": "Fast Attacker", "bvs": {"hp": 72, "atk": 95, "def": 67, "spa": 103, "spd": 71, "spe": 122}, "stats": {"hp": 246, "atk": 198, "def": 153, "spa": 211, "spd": 160, "spe": 241}, "types": ["Water", "Dark"]}, "Banette": {"name": "Banette", "species": "Banette", "speciesId": "banette", "gender": "M", "shiny": false, "level": 93, "moves": ["poltergeist", "shadowsneak", "gunkshot", "swordsdance"], "ability": "Insomnia", "evs": {"hp": 85, "atk": 85, "def": 85, "spa": 85, "spd": 85, "spe": 85}, "ivs": {"hp": 31, "atk": 31, "def": 31, "spa": 31, "spd": 31, "spe": 31}, "item": "Life Orb", "teraType": "Ghost", "role": "Wallbreaker", "bvs": {"hp": 64, "atk": 115, "def": 65, "spa": 83, "spd": 63, "spe": 65}, "stats": {"hp": 270, "atk": 267, "def": 174, "spa": 207, "spd": 170, "spe": 174}, "types": ["Ghost"]}, "Lanturn": {"name": "Lanturn", "species": "Lanturn", "speciesId": "lanturn", "gender": "F", "shiny": false, "level": 89, "moves": ["thunderbolt", "voltswitch", "thunderwave", "scald"], "ability": "Volt Absorb", "evs": {"hp": 85, "atk": 0, "def": 85, "spa": 85, "spd": 85, "spe": 85}, "ivs": {"hp": 31, "atk": 0, "def": 31, "spa": 31, "spd": 31, "spe": 31}, "item": "Heavy-Duty Boots", "teraType": "Flying", "role": "Fast Support", "bvs": {"hp": 125, "atk": 58, "def": 58, "spa": 76, "spd": 76, "spe": 67}, "stats": {"hp": 367, "atk": 108, "def": 154, "spa": 186, "spd": 186, "spe": 170}, "types": ["Water", "Electric"]}}]}