{"id": "gen9randombattle-2642090574", "format": "[Gen 9] Random Battle", "players": ["jnpr010334", "16NAC10"], "log": "|j|\u2606jnpr010334\n|j|\u260616NAC10\n|t:|1782887804\n|gametype|singles\n|player|p1|jnpr010334|265|1929\n|player|p2|16NAC10|265|1993\n|gen|9\n|tier|[Gen 9] Random Battle\n|rated|\n|rule|Species Clause: Limit one of each Pok\u00e9mon\n|rule|HP Percentage Mod: HP is shown in percentages\n|rule|Sleep Clause Mod: Limit one foe put to sleep\n|rule|Illusion Level Mod: Illusion disguises the Pok\u00e9mon's true level\n|\n|t:|1782887804\n|teamsize|p1|6\n|teamsize|p2|6\n|start\n|switch|p1a: Urshifu|Urshifu, L74, M|270/270\n|switch|p2a: Farigiraf|Farigiraf, L90, F|362/362\n|turn|1\n|inactive|Battle timer is ON: inactive players will automatically lose when time's up. (requested by 16NAC10)\n|inactive|jnpr010334 also wants the timer to be on.\n|\n|t:|1782887814\n|switch|p2a: Flamigo|Flamigo, L82, F|269/269\n|move|p1a: Urshifu|Wicked Blow|p2a: Flamigo\n|-resisted|p2a: Flamigo\n|-crit|p2a: Flamigo\n|-damage|p2a: Flamigo|170/269\n|\n|upkeep\n|turn|2\n|\n|t:|1782887821\n|switch|p1a: Amoonguss|Amoonguss, L82, M|321/321\n|move|p2a: Flamigo|Roost|p2a: Flamigo\n|-heal|p2a: Flamigo|269/269\n|-singleturn|p2a: Flamigo|move: Roost\n|\n|upkeep\n|turn|3\n|\n|t:|1782887825\n|move|p2a: Flamigo|Brave Bird|p1a: Amoonguss\n|-supereffective|p1a: Amoonguss\n|-damage|p1a: Amoonguss|0 fnt\n|-damage|p2a: Flamigo|225/269|[from] item: Rocky Helmet|[of] p1a: Amoonguss\n|faint|p1a: Amoonguss\n|-damage|p2a: Flamigo|119/269|[from] Recoil\n|-damage|p2a: Flamigo|93/269|[from] item: Life Orb\n|\n|upkeep\n|\n|t:|1782887826\n|switch|p1a: Espeon|Espeon, L84, F|246/246\n|turn|4\n|\n|t:|1782887838\n|switch|p2a: Farigiraf|Farigiraf, L90, F|362/362\n|move|p1a: Espeon|Psychic|p2a: Farigiraf\n|-resisted|p2a: Farigiraf\n|-damage|p2a: Farigiraf|271/362\n|-damage|p1a: Espeon|222/246|[from] item: Life Orb\n|\n|-heal|p2a: Farigiraf|293/362|[from] item: Leftovers\n|upkeep\n|turn|5\n|\n|t:|1782887847\n|switch|p1a: Urshifu|Urshifu, L74, M|270/270\n|move|p2a: Farigiraf|Body Slam|p1a: Urshifu\n|-damage|p1a: Urshifu|159/270\n|\n|-heal|p2a: Farigiraf|315/362|[from] item: Leftovers\n|upkeep\n|turn|6\n|\n|t:|1782887854\n|switch|p2a: Flamigo|Flamigo, L82, F|93/269\n|move|p1a: Urshifu|Wicked Blow|p2a: Flamigo\n|-resisted|p2a: Flamigo\n|-crit|p2a: Flamigo\n|-damage|p2a: Flamigo|0 fnt\n|faint|p2a: Flamigo\n|\n|upkeep\n|\n|t:|1782887866\n|switch|p2a: Stonjourner|Stonjourner, L91, M|330/330\n|turn|7\n|\n|t:|1782887872\n|switch|p1a: Rotom|Rotom, L88|231/231\n|move|p2a: Stonjourner|Earthquake|p1a: Rotom\n|-immune|p1a: Rotom|[from] ability: Levitate\n|\n|upkeep\n|turn|8\n|\n|t:|1782887879\n|move|p1a: Rotom|Nasty Plot|p1a: Rotom\n|-boost|p1a: Rotom|spa|2\n|move|p2a: Stonjourner|Stealth Rock|p1a: Rotom\n|-sidestart|p1: jnpr010334|move: Stealth Rock\n|\n|upkeep\n|turn|9\n|\n|t:|1782887891\n|-terastallize|p2a: Stonjourner|Ground\n|move|p1a: Rotom|Thunderbolt|p2a: Stonjourner\n|-immune|p2a: Stonjourner\n|move|p2a: Stonjourner|Stone Edge|p1a: Rotom\n|-damage|p1a: Rotom|15/231\n|-damage|p2a: Stonjourner|297/330|[from] item: Life Orb\n|\n|upkeep\n|turn|10\n|\n|t:|1782887907\n|move|p1a: Rotom|Shadow Ball|p2a: Stonjourner\n|-damage|p2a: Stonjourner|0 fnt\n|faint|p2a: Stonjourner\n|-damage|p1a: Rotom|0 fnt|[from] item: Life Orb\n|faint|p1a: Rotom\n|\n|upkeep\n|\n|t:|1782887917\n|switch|p1a: Plusle|Plusle, L95, F|268/268\n|switch|p2a: Koraidon|Koraidon, L64|235/235\n|-damage|p1a: Plusle|235/268|[from] Stealth Rock\n|-weather|SunnyDay|[from] ability: Orichalcum Pulse|[of] p2a: Koraidon\n|-activate|p2a: Koraidon|Orichalcum Pulse|[source]\n|turn|11\n|\n|t:|1782887925\n|switch|p2a: Farigiraf|Farigiraf, L90, F|315/362\n|move|p1a: Plusle|Alluring Voice|p2a: Farigiraf\n|-damage|p2a: Farigiraf|223/362\n|-damage|p1a: Plusle|209/268|[from] item: Life Orb\n|\n|-weather|SunnyDay|[upkeep]\n|-heal|p2a: Farigiraf|245/362|[from] item: Leftovers\n|upkeep\n|turn|12\n|\n|t:|1782887931\n|move|p1a: Plusle|Nasty Plot|p1a: Plusle\n|-boost|p1a: Plusle|spa|2\n|move|p2a: Farigiraf|Body Slam|p1a: Plusle\n|-damage|p1a: Plusle|71/268\n|\n|-weather|SunnyDay|[upkeep]\n|-heal|p2a: Farigiraf|267/362|[from] item: Leftovers\n|upkeep\n|turn|13\n|\n|t:|1782887934\n|move|p2a: Farigiraf|Protect|p2a: Farigiraf\n|-singleturn|p2a: Farigiraf|Protect\n|move|p1a: Plusle|Thunderbolt|p2a: Farigiraf\n|-activate|p2a: Farigiraf|move: Protect\n|\n|-weather|SunnyDay|[upkeep]\n|-heal|p2a: Farigiraf|289/362|[from] item: Leftovers\n|upkeep\n|turn|14\n|\n|t:|1782887941\n|switch|p2a: Koraidon|Koraidon, L64|235/235\n|-activate|p2a: Koraidon|ability: Orichalcum Pulse\n|move|p1a: Plusle|Thunderbolt|p2a: Koraidon\n|-resisted|p2a: Koraidon\n|-damage|p2a: Koraidon|80/235\n|-damage|p1a: Plusle|45/268|[from] item: Life Orb\n|\n|-weather|SunnyDay|[upkeep]\n|upkeep\n|turn|15\n|\n|t:|1782887954\n|move|p1a: Plusle|Thunderbolt|p2a: Koraidon\n|-resisted|p2a: Koraidon\n|-damage|p2a: Koraidon|0 fnt\n|faint|p2a: Koraidon\n|-damage|p1a: Plusle|19/268|[from] item: Life Orb\n|\n|-weather|none\n|upkeep\n|\n|t:|1782887976\n|switch|p2a: Farigiraf|Farigiraf, L90, F|289/362\n|turn|16\n|\n|t:|1782887980\n|move|p1a: Plusle|Thunderbolt|p2a: Farigiraf\n|-damage|p2a: Farigiraf|0 fnt\n|faint|p2a: Farigiraf\n|-damage|p1a: Plusle|0 fnt|[from] item: Life Orb\n|faint|p1a: Plusle\n|\n|upkeep\n|\n|t:|1782887988\n|switch|p1a: Urshifu|Urshifu, L74, M|159/270\n|switch|p2a: Minior|Minior-Green, L79|224/224\n|-damage|p1a: Urshifu|143/270|[from] Stealth Rock\n|-formechange|p2a: Minior|Minior-Meteor||[from] ability: Shields Down\n|turn|17\n|\n|t:|1782887995\n|-terastallize|p1a: Urshifu|Dark\n|move|p1a: Urshifu|Wicked Blow|p2a: Minior\n|-crit|p2a: Minior\n|-damage|p2a: Minior|14/224\n|move|p2a: Minior|Shell Smash|p2a: Minior\n|-unboost|p2a: Minior|def|1\n|-unboost|p2a: Minior|spd|1\n|-boost|p2a: Minior|atk|2\n|-boost|p2a: Minior|spa|2\n|-boost|p2a: Minior|spe|2\n|-enditem|p2a: Minior|White Herb\n|-clearnegativeboost|p2a: Minior|[silent]\n|\n|-formechange|p2a: Minior|Minior-Green||[from] ability: Shields Down\n|upkeep\n|turn|18\n|\n|t:|1782887999\n|move|p2a: Minior|Acrobatics|p1a: Urshifu\n|-damage|p1a: Urshifu|0 fnt\n|faint|p1a: Urshifu\n|\n|upkeep\n|\n|t:|1782888003\n|switch|p1a: Noctowl|Noctowl, L95, F|344/344\n|turn|19\n|\n|t:|1782888016\n|move|p2a: Minior|Earthquake|p1a: Noctowl\n|-immune|p1a: Noctowl\n|move|p1a: Noctowl|Hyper Voice|p2a: Minior\n|-resisted|p2a: Minior\n|-damage|p2a: Minior|0 fnt\n|faint|p2a: Minior\n|\n|upkeep\n|\n|t:|1782888019\n|switch|p2a: Mew|Mew, L82|298/298\n|turn|20\n|\n|t:|1782888024\n|move|p2a: Mew|Nasty Plot|p2a: Mew\n|-boost|p2a: Mew|spa|2\n|move|p1a: Noctowl|Calm Mind|p1a: Noctowl\n|-boost|p1a: Noctowl|spa|1\n|-boost|p1a: Noctowl|spd|1\n|\n|upkeep\n|turn|21\n|\n|t:|1782888029\n|move|p2a: Mew|Psyshock|p1a: Noctowl\n|-crit|p1a: Noctowl\n|-damage|p1a: Noctowl|0 fnt\n|faint|p1a: Noctowl\n|-damage|p2a: Mew|269/298|[from] item: Life Orb\n|\n|upkeep\n|\n|t:|1782888031\n|switch|p1a: Espeon|Espeon, L84, F|222/246\n|-damage|p1a: Espeon|192/246|[from] Stealth Rock\n|turn|22\n|\n|t:|1782888038\n|move|p1a: Espeon|Shadow Ball|p2a: Mew\n|-supereffective|p2a: Mew\n|-damage|p2a: Mew|103/298\n|-damage|p1a: Espeon|168/246|[from] item: Life Orb\n|move|p2a: Mew|Dark Pulse|p1a: Espeon\n|-supereffective|p1a: Espeon\n|-damage|p1a: Espeon|0 fnt\n|faint|p1a: Espeon\n|-damage|p2a: Mew|74/298|[from] item: Life Orb\n|\n|win|16NAC10\n|raw|jnpr010334's rating: 1920 &rarr; <strong>1904</strong><br />(-16 for losing)\n|raw|16NAC10's rating: 1993 &rarr; <strong>2009</strong><br />(+16 for winning)\n", "inputlog": ">version f8ac14003a5f27e1bdc8d8c59608a773c1cb96e5\n>start {\"formatid\":\"gen9randombattle\",\"seed\":\"sodium,9b6bd241b7677a7f68a780f3e9a09b9b\",\"rated\":\"Rated battle\"}\n>player p1 {\"name\":\"jnpr010334\",\"avatar\":\"265\",\"rating\":1929,\"seed\":\"sodium,0ae41bbf500b4a494746c7f52cb360b0\"}\n>player p2 {\"name\":\"16NAC10\",\"avatar\":\"265\",\"rating\":1993,\"seed\":\"sodium,74feaba8e5e838aad7bf9f7212402e4a\"}\n>p1 move wickedblow\n>p2 switch 6\n>p1 switch 5\n>p2 move roost\n>p1 move spore\n>p2 move bravebird\n>p1 switch 4\n>p1 move psychic\n>p2 switch 6\n>p1 switch 5\n>p2 move bodyslam\n>p1 move wickedblow\n>p2 switch 6\n>p2 switch 3\n>p1 switch 3\n>p2 move earthquake\n>p1 move nastyplot\n>p2 move stealthrock\n>p1 move thunderbolt\n>p2 move stoneedge terastallize\n>p1 move shadowball\n>p2 move heatcrash\n>p1 switch 6\n>p2 switch 2\n>p1 move alluringvoice\n>p2 switch 6\n>p1 move nastyplot\n>p2 move bodyslam\n>p1 move thunderbolt\n>p2 move protect\n>p1 move thunderbolt\n>p2 switch 6\n>p1 move thunderbolt\n>p2 move scaleshot\n>p2 switch 6\n>p1 move thunderbolt\n>p2 move wish\n>p1 switch 3\n>p2 switch 4\n>p1 move wickedblow terastallize\n>p2 move shellsmash\n>p1 move wickedblow\n>p2 move acrobatics\n>p1 switch 2\n>p1 move hypervoice\n>p2 move earthquake\n>p2 switch 5\n>p1 move calmmind\n>p2 move nastyplot\n>p1 move hypervoice\n>p2 move psyshock\n>p1 switch 5\n>p1 move shadowball\n>p2 move darkpulse", "uploadtime": 1782888038, "views": 5, "formatid": "gen9randombattle", "rating": 1904, "private": 0, "password": null, "player_dets": [{"name": "jnpr010334", "avatar": "265", "rating": 1929, "seed": "sodium,0ae41bbf500b4a494746c7f52cb360b0"}, {"name": "16NAC10", "avatar": "265", "rating": 1993, "seed": "sodium,74feaba8e5e838aad7bf9f7212402e4a"}], "teams_full": [{"Urshifu": {"name": "Urshifu", "species": "Urshifu", "speciesId": "urshifu", "gender": "M", "shiny": false, "level": 74, "moves": ["wickedblow", "closecombat", "suckerpunch", "poisonjab"], "ability": "Unseen Fist", "evs": {"hp": 85, "atk": 85, "def": 85, "spa": 85, "spd": 85, "spe": 85}, "ivs": {"hp": 31, "atk": 31, "def": 31, "spa": 31, "spd": 31, "spe": 31}, "item": "Choice Band", "teraType": "Dark", "role": "Fast Attacker", "bvs": {"hp": 100, "atk": 130, "def": 100, "spa": 63, "spd": 60, "spe": 97}, "stats": {"hp": 270, "atk": 235, "def": 191, "spa": 136, "spd": 132, "spe": 187}, "types": ["Fighting", "Dark"]}, "Noctowl": {"name": "Noctowl", "species": "Noctowl", "speciesId": "noctowl", "gender": "F", "shiny": false, "level": 95, "moves": ["calmmind", "hurricane", "roost", "hypervoice"], "ability": "Tinted Lens", "evs": {"hp": 85, "atk": 0, "def": 85, "spa": 85, "spd": 85, "spe": 85}, "ivs": {"hp": 31, "atk": 0, "def": 31, "spa": 31, "spd": 31, "spe": 31}, "item": "Heavy-Duty Boots", "teraType": "Normal", "role": "Bulky Attacker", "bvs": {"hp": 100, "atk": 50, "def": 50, "spa": 86, "spd": 96, "spe": 70}, "stats": {"hp": 344, "atk": 100, "def": 149, "spa": 217, "spd": 236, "spe": 187}, "types": ["Normal", "Flying"]}, "Rotom": {"name": "Rotom", "species": "Rotom", "speciesId": "rotom", "gender": "N", "shiny": false, "level": 88, "moves": ["shadowball", "thunderbolt", "nastyplot", "willowisp"], "ability": "Levitate", "evs": {"hp": 85, "atk": 0, "def": 85, "spa": 85, "spd": 85, "spe": 85}, "ivs": {"hp": 31, "atk": 0, "def": 31, "spa": 31, "spd": 31, "spe": 31}, "item": "Life Orb", "teraType": "Ghost", "role": "Fast Attacker", "bvs": {"hp": 50, "atk": 50, "def": 77, "spa": 95, "spd": 77, "spe": 91}, "stats": {"hp": 231, "atk": 93, "def": 186, "spa": 217, "spd": 186, "spe": 210}, "types": ["Electric", "Ghost"]}, "Espeon": {"name": "Espeon", "species": "Espeon", "speciesId": "espeon", "gender": "F", "shiny": false, "level": 84, "moves": ["alluringvoice", "psychic", "shadowball", "calmmind"], "ability": "Magic Bounce", "evs": {"hp": 85, "atk": 0, "def": 85, "spa": 85, "spd": 85, "spe": 85}, "ivs": {"hp": 31, "atk": 0, "def": 31, "spa": 31, "spd": 31, "spe": 31}, "item": "Life Orb", "teraType": "Fairy", "role": "Fast Attacker", "bvs": {"hp": 65, "atk": 65, "def": 60, "spa": 130, "spd": 95, "spe": 110}, "stats": {"hp": 246, "atk": 114, "def": 149, "spa": 267, "spd": 208, "spe": 233}, "types": ["Psychic"]}, "Amoonguss": {"name": "Amoonguss", "species": "Amoonguss", "speciesId": "amoonguss", "gender": "M", "shiny": false, "level": 82, "moves": ["spore", "stompingtantrum", "sludgebomb", "gigadrain"], "ability": "Regenerator", "evs": {"hp": 85, "atk": 85, "def": 85, "spa": 85, "spd": 85, "spe": 85}, "ivs": {"hp": 31, "atk": 31, "def": 31, "spa": 31, "spd": 31, "spe": 31}, "item": "Rocky Helmet", "teraType": "Water", "role": "Bulky Attacker", "bvs": {"hp": 114, "atk": 85, "def": 70, "spa": 85, "spd": 80, "spe": 30}, "stats": {"hp": 321, "atk": 187, "def": 162, "spa": 187, "spd": 178, "spe": 96}, "types": ["Grass", "Poison"]}, "Plusle": {"name": "Plusle", "species": "Plusle", "speciesId": "plusle", "gender": "F", "shiny": false, "level": 95, "moves": ["thunderbolt", "alluringvoice", "grassknot", "nastyplot"], "ability": "Lightning Rod", "evs": {"hp": 85, "atk": 0, "def": 85, "spa": 85, "spd": 85, "spe": 85}, "ivs": {"hp": 31, "atk": 0, "def": 31, "spa": 31, "spd": 31, "spe": 31}, "item": "Life Orb", "teraType": "Fairy", "role": "Setup Sweeper", "bvs": {"hp": 60, "atk": 50, "def": 40, "spa": 85, "spd": 75, "spe": 95}, "stats": {"hp": 268, "atk": 100, "def": 130, "spa": 215, "spd": 196, "spe": 234}, "types": ["Electric"]}}, {"Farigiraf": {"name": "Farigiraf", "species": "Farigiraf", "speciesId": "farigiraf", "gender": "F", "shiny": false, "level": 90, "moves": ["psychicnoise", "wish", "protect", "bodyslam"], "ability": "Sap Sipper", "evs": {"hp": 85, "atk": 85, "def": 85, "spa": 85, "spd": 85, "spe": 85}, "ivs": {"hp": 31, "atk": 31, "def": 31, "spa": 31, "spd": 31, "spe": 31}, "item": "Leftovers", "teraType": "Water", "role": "Bulky Support", "bvs": {"hp": 120, "atk": 90, "def": 70, "spa": 110, "spd": 70, "spe": 60}, "stats": {"hp": 362, "atk": 213, "def": 177, "spa": 249, "spd": 177, "spe": 159}, "types": ["Normal", "Psychic"]}, "Koraidon": {"name": "Koraidon", "species": "Koraidon", "speciesId": "koraidon", "gender": "N", "shiny": false, "level": 64, "moves": ["swordsdance", "flareblitz", "scaleshot", "collisioncourse"], "ability": "Orichalcum Pulse", "evs": {"hp": 85, "atk": 85, "def": 85, "spa": 85, "spd": 85, "spe": 85}, "ivs": {"hp": 31, "atk": 31, "def": 31, "spa": 31, "spd": 31, "spe": 31}, "item": "Loaded Dice", "teraType": "Fire", "role": "Setup Sweeper", "bvs": {"hp": 100, "atk": 135, "def": 115, "spa": 85, "spd": 100, "spe": 135}, "stats": {"hp": 235, "atk": 211, "def": 185, "spa": 147, "spd": 166, "spe": 211}, "types": ["Fighting", "Dragon"]}, "Stonjourner": {"name": "Stonjourner", "species": "Stonjourner", "speciesId": "stonjourner", "gender": "M", "shiny": false, "level": 91, "moves": ["stealthrock", "stoneedge", "earthquake", "heatcrash"], "ability": "Power Spot", "evs": {"hp": 85, "atk": 85, "def": 85, "spa": 85, "spd": 85, "spe": 85}, "ivs": {"hp": 31, "atk": 31, "def": 31, "spa": 31, "spd": 31, "spe": 31}, "item": "Life Orb", "teraType": "Ground", "role": "Fast Attacker", "bvs": {"hp": 100, "atk": 125, "def": 135, "spa": 20, "spd": 20, "spe": 70}, "stats": {"hp": 330, "atk": 279, "def": 298, "spa": 88, "spd": 88, "spe": 179}, "types": ["Rock"]}, "Minior": {"name": "Minior", "species": "Minior-Green", "speciesId": "minior", "gender": "N", "shiny": false, "level": 79, "moves": ["powergem", "shellsmash", "earthquake", "acrobatics"], "ability": "Shields Down", "evs": {"hp": 85, "atk": 85, "def": 85, "spa": 85, "spd": 85, "spe": 85}, "ivs": {"hp": 31, "atk": 31, "def": 31, "spa": 31, "spd": 31, "spe": 31}, "item": "White Herb", "teraType": "Ground", "role": "Setup Sweeper", "bvs": {"hp": 60, "atk": 100, "def": 60, "spa": 100, "spd": 60, "spe": 120}, "stats": {"hp": 224, "atk": 204, "def": 140, "spa": 204, "spd": 140, "spe": 235}, "types": ["Rock", "Flying"]}, "Mew": {"name": "Mew", "species": "Mew", "speciesId": "mew", "gender": "N", "shiny": false, "level": 82, "moves": ["earthpower", "psyshock", "darkpulse", "nastyplot"], "ability": "Synchronize", "evs": {"hp": 85, "atk": 0, "def": 85, "spa": 85, "spd": 85, "spe": 85}, "ivs": {"hp": 31, "atk": 0, "def": 31, "spa": 31, "spd": 31, "spe": 31}, "item": "Life Orb", "teraType": "Psychic", "role": "Fast Bulky Setup", "bvs": {"hp": 100, "atk": 100, "def": 100, "spa": 100, "spd": 100, "spe": 100}, "stats": {"hp": 298, "atk": 169, "def": 211, "spa": 211, "spd": 211, "spe": 211}, "types": ["Psychic"]}, "Flamigo": {"name": "Flamigo", "species": "Flamigo", "speciesId": "flamigo", "gender": "F", "shiny": false, "level": 82, "moves": ["swordsdance", "roost", "bravebird", "closecombat"], "ability": "Scrappy", "evs": {"hp": 85, "atk": 85, "def": 85, "spa": 85, "spd": 85, "spe": 85}, "ivs": {"hp": 31, "atk": 31, "def": 31, "spa": 31, "spd": 31, "spe": 31}, "item": "Life Orb", "teraType": "Fighting", "role": "Setup Sweeper", "bvs": {"hp": 82, "atk": 115, "def": 74, "spa": 75, "spd": 64, "spe": 90}, "stats": {"hp": 269, "atk": 236, "def": 169, "spa": 170, "spd": 152, "spe": 195}, "types": ["Flying", "Fighting"]}}]}