{"id": "gen9randombattle-2642184489", "format": "[Gen 9] Random Battle", "players": ["mayqueen nyannyan", "talonflamecom"], "log": "|j|\u2606mayqueen nyannyan\n|j|\u2606talonflamecom\n|t:|1782907234\n|gametype|singles\n|player|p1|mayqueen nyannyan|2|2091\n|player|p2|talonflamecom|red-gen2|2026\n|gen|9\n|tier|[Gen 9] Random Battle\n|rated|\n|rule|Species Clause: Limit one of each Pok\u00e9mon\n|rule|HP Percentage Mod: HP is shown in percentages\n|rule|Sleep Clause Mod: Limit one foe put to sleep\n|rule|Illusion Level Mod: Illusion disguises the Pok\u00e9mon's true level\n|\n|t:|1782907234\n|teamsize|p1|6\n|teamsize|p2|6\n|start\n|switch|p1a: Electivire|Electivire, L84, F|263/263\n|switch|p2a: Plusle|Plusle, L95, M|268/268\n|turn|1\n|\n|t:|1782907241\n|switch|p2a: Hippowdon|Hippowdon, L82, F|311/311\n|-weather|Sandstorm|[from] ability: Sand Stream|[of] p2a: Hippowdon\n|move|p1a: Electivire|Earthquake|p2a: Hippowdon\n|-damage|p2a: Hippowdon|212/311\n|-damage|p1a: Electivire|237/263|[from] item: Life Orb\n|\n|-weather|Sandstorm|[upkeep]\n|-damage|p1a: Electivire|221/263|[from] Sandstorm\n|-heal|p2a: Hippowdon|231/311|[from] item: Leftovers\n|upkeep\n|turn|2\n|inactive|Battle timer is ON: inactive players will automatically lose when time's up. (requested by talonflamecom)\n|\n|t:|1782907253\n|switch|p1a: Rillaboom|Rillaboom, L79, M|288/288\n|-fieldstart|move: Grassy Terrain|[from] ability: Grassy Surge|[of] p1a: Rillaboom\n|move|p2a: Hippowdon|Stone Edge|p1a: Rillaboom|[miss]\n|-miss|p2a: Hippowdon|p1a: Rillaboom\n|\n|-weather|Sandstorm|[upkeep]\n|-damage|p1a: Rillaboom|270/288|[from] Sandstorm\n|-heal|p1a: Rillaboom|288/288|[from] Grassy Terrain\n|-heal|p2a: Hippowdon|250/311|[from] Grassy Terrain\n|-heal|p2a: Hippowdon|269/311|[from] item: Leftovers\n|upkeep\n|turn|3\n|\n|t:|1782907270\n|switch|p2a: Ninetales|Ninetales-Alola, L78, F|242/242\n|-weather|Snowscape|[from] ability: Snow Warning|[of] p2a: Ninetales\n|move|p1a: Rillaboom|Swords Dance|p1a: Rillaboom\n|-boost|p1a: Rillaboom|atk|2\n|\n|-weather|Snowscape|[upkeep]\n|upkeep\n|turn|4\n|\n|t:|1782907274\n|move|p2a: Ninetales|Aurora Veil|p2a: Ninetales\n|-sidestart|p2: talonflamecom|move: Aurora Veil\n|move|p1a: Rillaboom|Wood Hammer|p2a: Ninetales\n|-damage|p2a: Ninetales|63/242\n|-damage|p1a: Rillaboom|229/288|[from] Recoil\n|-damage|p1a: Rillaboom|201/288|[from] item: Life Orb\n|\n|-weather|Snowscape|[upkeep]\n|-heal|p2a: Ninetales|78/242|[from] Grassy Terrain\n|-heal|p1a: Rillaboom|219/288|[from] Grassy Terrain\n|upkeep\n|turn|5\n|\n|t:|1782907303\n|move|p1a: Rillaboom|Grassy Glide|p2a: Ninetales\n|-damage|p2a: Ninetales|0 fnt\n|faint|p2a: Ninetales\n|-damage|p1a: Rillaboom|191/288|[from] item: Life Orb\n|\n|-weather|Snowscape|[upkeep]\n|-heal|p1a: Rillaboom|209/288|[from] Grassy Terrain\n|upkeep\n|inactive|talonflamecom has 120 seconds left.\n|\n|t:|1782907314\n|switch|p2a: Walking Wake|Walking Wake, L79|286/286\n|turn|6\n|inactive|talonflamecom has 120 seconds left.\n|\n|t:|1782907325\n|move|p1a: Rillaboom|Grassy Glide|p2a: Walking Wake\n|-damage|p2a: Walking Wake|172/286\n|-damage|p1a: Rillaboom|181/288|[from] item: Life Orb\n|move|p2a: Walking Wake|Flamethrower|p1a: Rillaboom\n|-supereffective|p1a: Rillaboom\n|-damage|p1a: Rillaboom|0 fnt\n|faint|p1a: Rillaboom\n|\n|-weather|Snowscape|[upkeep]\n|-heal|p2a: Walking Wake|189/286|[from] Grassy Terrain\n|-fieldend|move: Grassy Terrain\n|upkeep\n|\n|t:|1782907347\n|switch|p1a: Spectrier|Spectrier, L75|274/274\n|turn|7\n|inactive|talonflamecom has 120 seconds left.\n|\n|t:|1782907376\n|-end|p2a: Walking Wake|Protosynthesis|[silent]\n|switch|p2a: Lilligant|Lilligant, L86, F|261/261\n|move|p1a: Spectrier|Substitute|p1a: Spectrier\n|-start|p1a: Spectrier|Substitute\n|-damage|p1a: Spectrier|206/274\n|\n|-weather|none\n|-heal|p1a: Spectrier|223/274|[from] item: Leftovers\n|upkeep\n|turn|8\n|\n|t:|1782907384\n|move|p1a: Spectrier|Nasty Plot|p1a: Spectrier\n|-boost|p1a: Spectrier|spa|2\n|move|p2a: Lilligant|Quiver Dance|p2a: Lilligant\n|-boost|p2a: Lilligant|spa|1\n|-boost|p2a: Lilligant|spd|1\n|-boost|p2a: Lilligant|spe|1\n|\n|-heal|p1a: Spectrier|240/274|[from] item: Leftovers\n|upkeep\n|turn|9\n|inactive|talonflamecom has 120 seconds left.\n|\n|t:|1782907392\n|move|p2a: Lilligant|Petal Dance|p1a: Spectrier\n|-end|p1a: Spectrier|Substitute\n|-damage|p2a: Lilligant|235/261|[from] item: Life Orb\n|move|p1a: Spectrier|Nasty Plot|p1a: Spectrier\n|-boost|p1a: Spectrier|spa|2\n|\n|-heal|p1a: Spectrier|257/274|[from] item: Leftovers\n|upkeep\n|turn|10\n|\n|t:|1782907397\n|move|p2a: Lilligant|Petal Dance|p1a: Spectrier|[from] lockedmove\n|-damage|p1a: Spectrier|0 fnt\n|faint|p1a: Spectrier\n|-damage|p2a: Lilligant|209/261|[from] item: Life Orb\n|\n|upkeep\n|\n|t:|1782907416\n|switch|p1a: Iron Hands|Iron Hands, L79|373/373\n|turn|11\n|\n|t:|1782907430\n|move|p2a: Lilligant|Sleep Powder|p1a: Iron Hands\n|-status|p1a: Iron Hands|slp|[from] move: Sleep Powder\n|cant|p1a: Iron Hands|slp\n|\n|-sideend|p2: talonflamecom|move: Aurora Veil\n|upkeep\n|turn|12\n|\n|t:|1782907440\n|-end|p1a: Iron Hands|Quark Drive|[silent]\n|switch|p1a: Indeedee|Indeedee, L84, M|238/238\n|-fieldstart|move: Psychic Terrain|[from] ability: Psychic Surge|[of] p1a: Indeedee\n|move|p2a: Lilligant|Quiver Dance|p2a: Lilligant\n|-boost|p2a: Lilligant|spa|1\n|-boost|p2a: Lilligant|spd|1\n|-boost|p2a: Lilligant|spe|1\n|\n|upkeep\n|turn|13\n|\n|t:|1782907446\n|move|p2a: Lilligant|Petal Dance|p1a: Indeedee\n|-damage|p1a: Indeedee|0 fnt\n|faint|p1a: Indeedee\n|-damage|p2a: Lilligant|183/261|[from] item: Life Orb\n|\n|upkeep\n|\n|t:|1782907450\n|switch|p1a: Bellossom|Bellossom, L84, F|263/263\n|turn|14\n|\n|t:|1782907453\n|move|p2a: Lilligant|Petal Dance|p1a: Bellossom|[from] lockedmove\n|-resisted|p1a: Bellossom\n|-damage|p1a: Bellossom|80/263\n|-damage|p2a: Lilligant|157/261|[from] item: Life Orb\n|move|p1a: Bellossom|Quiver Dance|p1a: Bellossom\n|-boost|p1a: Bellossom|spa|1\n|-boost|p1a: Bellossom|spd|1\n|-boost|p1a: Bellossom|spe|1\n|\n|-heal|p1a: Bellossom|96/263|[from] item: Leftovers\n|upkeep\n|turn|15\n|\n|t:|1782907457\n|move|p2a: Lilligant|Petal Dance|p1a: Bellossom|[from] lockedmove\n|-resisted|p1a: Bellossom\n|-damage|p1a: Bellossom|0 fnt\n|faint|p1a: Bellossom\n|-damage|p2a: Lilligant|131/261|[from] item: Life Orb\n|\n|upkeep\n|-message|mayqueen nyannyan forfeited.\n|\n|win|talonflamecom\n|raw|mayqueen nyannyan's rating: 2091 &rarr; <strong>2067</strong><br />(-24 for losing)\n|raw|talonflamecom's rating: 2026 &rarr; <strong>2050</strong><br />(+24 for winning)\n", "inputlog": ">version f8ac14003a5f27e1bdc8d8c59608a773c1cb96e5\n>start {\"formatid\":\"gen9randombattle\",\"seed\":\"sodium,8ed40a2ab6b7f679637cb74953cc2fd7\",\"rated\":\"Rated battle\"}\n>player p1 {\"name\":\"mayqueen nyannyan\",\"avatar\":\"2\",\"rating\":2091,\"seed\":\"sodium,acc25321137775ad1ddfe9a8d79b17cb\"}\n>player p2 {\"name\":\"talonflamecom\",\"avatar\":\"red-gen2\",\"rating\":2026,\"seed\":\"sodium,812815786d2b3bcb1e5c373f77fb093d\"}\n>p1 move earthquake\n>p2 switch 5\n>p1 switch 3\n>p2 move stoneedge\n>p1 move swordsdance\n>p2 switch 6\n>p1 move woodhammer\n>p2 move auroraveil\n>p1 move grassyglide\n>p2 move blizzard\n>p2 switch 4\n>p1 move grassyglide\n>p2 move flamethrower\n>p1 switch 6\n>p1 move substitute\n>p2 switch 2\n>p1 move nastyplot\n>p2 move quiverdance\n>p1 move nastyplot\n>p2 move petaldance\n>p1 move shadowball\n>p2 move petaldance\n>p1 switch 5\n>p1 move icepunch\n>p2 move sleeppowder\n>p1 switch 4\n>p2 move quiverdance\n>p1 move expandingforce\n>p2 move petaldance\n>p1 switch 2\n>p1 move quiverdance\n>p2 move petaldance\n>p1 move quiverdance\n>p2 move petaldance\n>forcelose p1", "uploadtime": 1782907459, "views": 3, "formatid": "gen9randombattle", "rating": 2050, "private": 0, "password": null, "player_dets": [{"name": "mayqueen nyannyan", "avatar": "2", "rating": 2091, "seed": "sodium,acc25321137775ad1ddfe9a8d79b17cb"}, {"name": "talonflamecom", "avatar": "red-gen2", "rating": 2026, "seed": "sodium,812815786d2b3bcb1e5c373f77fb093d"}], "teams_full": [{"Electivire": {"name": "Electivire", "species": "Electivire", "speciesId": "electivire", "gender": "F", "shiny": false, "level": 84, "moves": ["flamethrower", "voltswitch", "earthquake", "supercellslam"], "ability": "Motor Drive", "evs": {"hp": 85, "atk": 85, "def": 85, "spa": 85, "spd": 85, "spe": 85}, "ivs": {"hp": 31, "atk": 31, "def": 31, "spa": 31, "spd": 31, "spe": 31}, "item": "Life Orb", "teraType": "Ground", "role": "Fast Attacker", "bvs": {"hp": 75, "atk": 123, "def": 67, "spa": 95, "spd": 85, "spe": 95}, "stats": {"hp": 263, "atk": 255, "def": 161, "spa": 208, "spd": 191, "spe": 208}, "types": ["Electric"]}, "Bellossom": {"name": "Bellossom", "species": "Bellossom", "speciesId": "bellossom", "gender": "F", "shiny": false, "level": 84, "moves": ["gigadrain", "terablast", "strengthsap", "quiverdance"], "ability": "Chlorophyll", "evs": {"hp": 85, "atk": 0, "def": 85, "spa": 85, "spd": 85, "spe": 85}, "ivs": {"hp": 31, "atk": 0, "def": 31, "spa": 31, "spd": 31, "spe": 31}, "item": "Leftovers", "teraType": "Rock", "role": "Tera Blast user", "bvs": {"hp": 75, "atk": 80, "def": 95, "spa": 90, "spd": 100, "spe": 50}, "stats": {"hp": 263, "atk": 139, "def": 208, "spa": 199, "spd": 216, "spe": 132}, "types": ["Grass"]}, "Rillaboom": {"name": "Rillaboom", "species": "Rillaboom", "speciesId": "rillaboom", "gender": "M", "shiny": false, "level": 79, "moves": ["swordsdance", "highhorsepower", "woodhammer", "grassyglide"], "ability": "Grassy Surge", "evs": {"hp": 85, "atk": 85, "def": 85, "spa": 85, "spd": 85, "spe": 85}, "ivs": {"hp": 31, "atk": 31, "def": 31, "spa": 31, "spd": 31, "spe": 31}, "item": "Life Orb", "teraType": "Grass", "role": "Fast Attacker", "bvs": {"hp": 100, "atk": 125, "def": 90, "spa": 60, "spd": 70, "spe": 85}, "stats": {"hp": 288, "atk": 243, "def": 188, "spa": 140, "spd": 156, "spe": 180}, "types": ["Grass"]}, "Indeedee": {"name": "Indeedee", "species": "Indeedee", "speciesId": "indeedee", "gender": "M", "shiny": false, "level": 84, "moves": ["shadowball", "expandingforce", "calmmind", "hypervoice"], "ability": "Psychic Surge", "evs": {"hp": 85, "atk": 0, "def": 85, "spa": 85, "spd": 85, "spe": 85}, "ivs": {"hp": 31, "atk": 0, "def": 31, "spa": 31, "spd": 31, "spe": 31}, "item": "Life Orb", "teraType": "Psychic", "role": "Fast Attacker", "bvs": {"hp": 60, "atk": 65, "def": 55, "spa": 105, "spd": 95, "spe": 95}, "stats": {"hp": 238, "atk": 114, "def": 141, "spa": 225, "spd": 208, "spe": 208}, "types": ["Psychic", "Normal"]}, "Iron Hands": {"name": "Iron Hands", "species": "Iron Hands", "speciesId": "ironhands", "gender": "N", "shiny": false, "level": 79, "moves": ["swordsdance", "thunderpunch", "icepunch", "drainpunch"], "ability": "Quark Drive", "evs": {"hp": 85, "atk": 85, "def": 85, "spa": 85, "spd": 85, "spe": 85}, "ivs": {"hp": 31, "atk": 31, "def": 31, "spa": 31, "spd": 31, "spe": 31}, "item": "Leftovers", "teraType": "Fighting", "role": "Bulky Attacker", "bvs": {"hp": 154, "atk": 140, "def": 108, "spa": 50, "spd": 68, "spe": 50}, "stats": {"hp": 373, "atk": 267, "def": 216, "spa": 125, "spd": 153, "spe": 125}, "types": ["Fighting", "Electric"]}, "Spectrier": {"name": "Spectrier", "species": "Spectrier", "speciesId": "spectrier", "gender": "N", "shiny": false, "level": 75, "moves": ["substitute", "nastyplot", "shadowball", "drainingkiss"], "ability": "Grim Neigh", "evs": {"hp": 85, "atk": 0, "def": 85, "spa": 85, "spd": 85, "spe": 85}, "ivs": {"hp": 31, "atk": 0, "def": 31, "spa": 31, "spd": 31, "spe": 31}, "item": "Leftovers", "teraType": "Fairy", "role": "Setup Sweeper", "bvs": {"hp": 100, "atk": 65, "def": 60, "spa": 145, "spd": 80, "spe": 130}, "stats": {"hp": 274, "atk": 102, "def": 134, "spa": 261, "spd": 164, "spe": 239}, "types": ["Ghost"]}}, {"Plusle": {"name": "Plusle", "species": "Plusle", "speciesId": "plusle", "gender": "M", "shiny": false, "level": 95, "moves": ["alluringvoice", "thunderbolt", "nastyplot", "grassknot"], "ability": "Lightning Rod", "evs": {"hp": 85, "atk": 0, "def": 85, "spa": 85, "spd": 85, "spe": 85}, "ivs": {"hp": 31, "atk": 0, "def": 31, "spa": 31, "spd": 31, "spe": 31}, "item": "Life Orb", "teraType": "Electric", "role": "Setup Sweeper", "bvs": {"hp": 60, "atk": 50, "def": 40, "spa": 85, "spd": 75, "spe": 95}, "stats": {"hp": 268, "atk": 100, "def": 130, "spa": 215, "spd": 196, "spe": 234}, "types": ["Electric"]}, "Lilligant": {"name": "Lilligant", "species": "Lilligant", "speciesId": "lilligant", "gender": "F", "shiny": false, "level": 86, "moves": ["sleeppowder", "petaldance", "alluringvoice", "quiverdance"], "ability": "Own Tempo", "evs": {"hp": 85, "atk": 0, "def": 85, "spa": 85, "spd": 85, "spe": 85}, "ivs": {"hp": 31, "atk": 0, "def": 31, "spa": 31, "spd": 31, "spe": 31}, "item": "Life Orb", "teraType": "Fairy", "role": "Setup Sweeper", "bvs": {"hp": 70, "atk": 60, "def": 75, "spa": 110, "spd": 75, "spe": 90}, "stats": {"hp": 261, "atk": 108, "def": 178, "spa": 238, "spd": 178, "spe": 204}, "types": ["Grass"]}, "Electivire": {"name": "Electivire", "species": "Electivire", "speciesId": "electivire", "gender": "M", "shiny": false, "level": 84, "moves": ["icepunch", "voltswitch", "supercellslam", "earthquake"], "ability": "Motor Drive", "evs": {"hp": 85, "atk": 85, "def": 85, "spa": 85, "spd": 85, "spe": 85}, "ivs": {"hp": 31, "atk": 31, "def": 31, "spa": 31, "spd": 31, "spe": 31}, "item": "Life Orb", "teraType": "Ice", "role": "Fast Attacker", "bvs": {"hp": 75, "atk": 123, "def": 67, "spa": 95, "spd": 85, "spe": 95}, "stats": {"hp": 263, "atk": 255, "def": 161, "spa": 208, "spd": 191, "spe": 208}, "types": ["Electric"]}, "Walking Wake": {"name": "Walking Wake", "species": "Walking Wake", "speciesId": "walkingwake", "gender": "N", "shiny": false, "level": 79, "moves": ["flipturn", "flamethrower", "hydropump", "dracometeor"], "ability": "Protosynthesis", "evs": {"hp": 85, "atk": 85, "def": 85, "spa": 85, "spd": 85, "spe": 85}, "ivs": {"hp": 31, "atk": 31, "def": 31, "spa": 31, "spd": 31, "spe": 31}, "item": "Choice Specs", "teraType": "Fire", "role": "Wallbreaker", "bvs": {"hp": 99, "atk": 83, "def": 91, "spa": 125, "spd": 83, "spe": 109}, "stats": {"hp": 286, "atk": 177, "def": 189, "spa": 243, "spd": 177, "spe": 218}, "types": ["Water", "Dragon"]}, "Hippowdon": {"name": "Hippowdon", "species": "Hippowdon", "speciesId": "hippowdon", "gender": "F", "shiny": false, "level": 82, "moves": ["slackoff", "earthquake", "stoneedge", "curse"], "ability": "Sand Stream", "evs": {"hp": 85, "atk": 85, "def": 85, "spa": 85, "spd": 85, "spe": 85}, "ivs": {"hp": 31, "atk": 31, "def": 31, "spa": 31, "spd": 31, "spe": 31}, "item": "Leftovers", "teraType": "Rock", "role": "Bulky Setup", "bvs": {"hp": 108, "atk": 112, "def": 118, "spa": 68, "spd": 72, "spe": 47}, "stats": {"hp": 311, "atk": 231, "def": 241, "spa": 159, "spd": 165, "spe": 124}, "types": ["Ground"]}, "Ninetales": {"name": "Ninetales", "species": "Ninetales-Alola", "speciesId": "ninetalesalola", "gender": "F", "shiny": false, "level": 78, "moves": ["freezedry", "auroraveil", "blizzard", "moonblast"], "ability": "Snow Warning", "evs": {"hp": 85, "atk": 0, "def": 85, "spa": 85, "spd": 85, "spe": 85}, "ivs": {"hp": 31, "atk": 0, "def": 31, "spa": 31, "spd": 31, "spe": 31}, "item": "Light Clay", "teraType": "Steel", "role": "Fast Attacker", "bvs": {"hp": 73, "atk": 67, "def": 75, "spa": 81, "spd": 100, "spe": 109}, "stats": {"hp": 242, "atk": 109, "def": 162, "spa": 171, "spd": 201, "spe": 215}, "types": ["Ice", "Fairy"]}}]}