{"id": "gen9randombattle-2641754761", "format": "[Gen 9] Random Battle", "players": ["Steamtrainj", "Thussyyyy"], "log": "|j|\u2606Steamtrainj\n|j|\u2606Thussyyyy\n|t:|1782837992\n|gametype|singles\n|player|p1|Steamtrainj|kahili|\n|player|p2|Thussyyyy|169|\n|gen|9\n|tier|[Gen 9] Random Battle\n|rule|Species Clause: Limit one of each Pok\u00e9mon\n|rule|HP Percentage Mod: HP is shown in percentages\n|rule|Sleep Clause Mod: Limit one foe put to sleep\n|rule|Illusion Level Mod: Illusion disguises the Pok\u00e9mon's true level\n|\n|t:|1782837992\n|teamsize|p1|6\n|teamsize|p2|6\n|start\n|switch|p1a: Incineroar|Incineroar, L82, F|290/290\n|switch|p2a: Lurantis|Lurantis, L87, F|264/264\n|-ability|p1a: Incineroar|Intimidate|boost\n|-boost|p2a: Lurantis|atk|1\n|turn|1\n|\n|t:|1782838012\n|-terastallize|p2a: Lurantis|Fighting\n|move|p1a: Incineroar|Knock Off|p2a: Lurantis\n|-resisted|p2a: Lurantis\n|-damage|p2a: Lurantis|208/264\n|-enditem|p2a: Lurantis|Leftovers|[from] move: Knock Off|[of] p1a: Incineroar\n|move|p2a: Lurantis|Superpower|p1a: Incineroar\n|-supereffective|p1a: Incineroar\n|-damage|p1a: Incineroar|0 fnt\n|-boost|p2a: Lurantis|atk|1\n|-boost|p2a: Lurantis|def|1\n|faint|p1a: Incineroar\n|\n|upkeep\n|\n|t:|1782838035\n|switch|p1a: Gholdengo|Gholdengo, L77|261/261\n|turn|2\n|\n|t:|1782838047\n|switch|p2a: Skuntank|Skuntank, L84, F|310/310\n|move|p1a: Gholdengo|Make It Rain|p2a: Skuntank\n|-damage|p2a: Skuntank|132/310\n|-unboost|p1a: Gholdengo|spa|1\n|\n|-heal|p2a: Skuntank|151/310|[from] item: Leftovers\n|upkeep\n|turn|3\n|\n|t:|1782838057\n|switch|p1a: Hippowdon|Hippowdon, L82, M|311/311\n|-weather|Sandstorm|[from] ability: Sand Stream|[of] p1a: Hippowdon\n|move|p2a: Skuntank|Knock Off|p1a: Hippowdon\n|-damage|p1a: Hippowdon|236/311\n|-enditem|p1a: Hippowdon|Leftovers|[from] move: Knock Off|[of] p2a: Skuntank\n|\n|-weather|Sandstorm|[upkeep]\n|-damage|p2a: Skuntank|132/310|[from] Sandstorm\n|-heal|p2a: Skuntank|151/310|[from] item: Leftovers\n|upkeep\n|turn|4\n|\n|t:|1782838065\n|move|p2a: Skuntank|Toxic Spikes|p1a: Hippowdon\n|-sidestart|p1: Steamtrainj|move: Toxic Spikes\n|move|p1a: Hippowdon|Curse|p1a: Hippowdon\n|-unboost|p1a: Hippowdon|spe|1\n|-boost|p1a: Hippowdon|atk|1\n|-boost|p1a: Hippowdon|def|1\n|\n|-weather|Sandstorm|[upkeep]\n|-damage|p2a: Skuntank|132/310|[from] Sandstorm\n|-heal|p2a: Skuntank|151/310|[from] item: Leftovers\n|upkeep\n|turn|5\n|\n|t:|1782838072\n|move|p2a: Skuntank|Toxic Spikes|p1a: Hippowdon\n|-sidestart|p1: Steamtrainj|move: Toxic Spikes\n|move|p1a: Hippowdon|Earthquake|p2a: Skuntank\n|-supereffective|p2a: Skuntank\n|-damage|p2a: Skuntank|0 fnt\n|faint|p2a: Skuntank\n|\n|-weather|Sandstorm|[upkeep]\n|upkeep\n|\n|t:|1782838078\n|switch|p2a: Lurantis|Lurantis, L87, F, tera:Fighting|208/264\n|turn|6\n|\n|t:|1782838084\n|move|p2a: Lurantis|Leaf Storm|p1a: Hippowdon\n|-supereffective|p1a: Hippowdon\n|-damage|p1a: Hippowdon|0 fnt\n|-boost|p2a: Lurantis|spa|2\n|faint|p1a: Hippowdon\n|\n|-weather|Sandstorm|[upkeep]\n|-damage|p2a: Lurantis|192/264|[from] Sandstorm\n|upkeep\n|\n|t:|1782838088\n|switch|p1a: Toxicroak|Toxicroak, L84, M|277/277\n|-sideend|p1: Steamtrainj|move: Toxic Spikes|[of] p1a: Toxicroak\n|turn|7\n|\n|t:|1782838104\n|switch|p2a: Golurk|Golurk, L87|297/297\n|move|p1a: Toxicroak|Close Combat|p2a: Golurk\n|-immune|p2a: Golurk\n|\n|-weather|none\n|upkeep\n|turn|8\n|\n|t:|1782838114\n|switch|p1a: Chesnaught|Chesnaught, L84, F|285/285\n|move|p2a: Golurk|Earthquake|p1a: Chesnaught\n|-resisted|p1a: Chesnaught\n|-damage|p1a: Chesnaught|204/285\n|\n|-heal|p1a: Chesnaught|221/285|[from] item: Leftovers\n|upkeep\n|turn|9\n|\n|t:|1782838129\n|switch|p2a: Cinderace|Cinderace, L77, M|249/249\n|move|p1a: Chesnaught|Spikes|p2a: Cinderace\n|-sidestart|p2: Thussyyyy|Spikes\n|\n|-heal|p1a: Chesnaught|238/285|[from] item: Leftovers\n|upkeep\n|turn|10\n|\n|t:|1782838146\n|switch|p1a: Komala|Komala, L88, F|258/258\n|-ability|p1a: Komala|Comatose\n|move|p2a: Cinderace|Pyro Ball|p1a: Komala\n|-damage|p1a: Komala|108/258\n|\n|upkeep\n|turn|11\n|\n|t:|1782838158\n|move|p2a: Cinderace|High Jump Kick|p1a: Komala\n|-start|p2a: Cinderace|typechange|Fighting|[from] ability: Libero\n|-supereffective|p1a: Komala\n|-damage|p1a: Komala|0 fnt\n|faint|p1a: Komala\n|\n|upkeep\n|\n|t:|1782838166\n|switch|p1a: Toxicroak|Toxicroak, L84, M|277/277\n|turn|12\n|\n|t:|1782838179\n|move|p2a: Cinderace|Court Change|p2a: Cinderace\n|-swapsideconditions\n|-activate|p2a: Cinderace|move: Court Change\n|move|p1a: Toxicroak|Gunk Shot|p2a: Cinderace\n|-damage|p2a: Cinderace|6/249\n|\n|upkeep\n|turn|13\n|\n|t:|1782838189\n|move|p2a: Cinderace|U-turn|p1a: Toxicroak\n|-resisted|p1a: Toxicroak\n|-damage|p1a: Toxicroak|263/277\n|\n|t:|1782838195\n|switch|p2a: Minior|Minior-Yellow, L79|224/224|[from] U-turn\n|-formechange|p2a: Minior|Minior-Meteor||[from] ability: Shields Down\n|move|p1a: Toxicroak|Gunk Shot|p2a: Minior\n|-resisted|p2a: Minior\n|-damage|p2a: Minior|131/224\n|\n|upkeep\n|turn|14\n|\n|t:|1782838207\n|switch|p1a: Gholdengo|Gholdengo, L77|261/261\n|-damage|p1a: Gholdengo|229/261|[from] Spikes\n|move|p2a: Minior|Shell Smash|p2a: Minior\n|-unboost|p2a: Minior|def|1\n|-unboost|p2a: Minior|spd|1\n|-boost|p2a: Minior|atk|2\n|-boost|p2a: Minior|spa|2\n|-boost|p2a: Minior|spe|2\n|-enditem|p2a: Minior|White Herb\n|-clearnegativeboost|p2a: Minior|[silent]\n|\n|-heal|p1a: Gholdengo|245/261|[from] item: Leftovers\n|upkeep\n|turn|15\n|\n|t:|1782838227\n|move|p2a: Minior|Earthquake|p1a: Gholdengo\n|-supereffective|p1a: Gholdengo\n|-damage|p1a: Gholdengo|77/261\n|move|p1a: Gholdengo|Make It Rain|p2a: Minior\n|-supereffective|p2a: Minior\n|-damage|p2a: Minior|0 fnt\n|-unboost|p1a: Gholdengo|spa|1\n|faint|p2a: Minior\n|\n|-heal|p1a: Gholdengo|93/261|[from] item: Leftovers\n|upkeep\n|\n|t:|1782838234\n|switch|p2a: Cinderace|Cinderace, L77, M|6/249\n|turn|16\n|\n|t:|1782838244\n|switch|p1a: Toxicroak|Toxicroak, L84, M|263/277\n|-damage|p1a: Toxicroak|229/277|[from] Spikes\n|move|p2a: Cinderace|Pyro Ball|p1a: Toxicroak\n|-damage|p1a: Toxicroak|46/277\n|\n|upkeep\n|turn|17\n|\n|t:|1782838261\n|move|p1a: Toxicroak|Sucker Punch|p2a: Cinderace\n|-damage|p2a: Cinderace|0 fnt\n|faint|p2a: Cinderace\n|\n|upkeep\n|\n|t:|1782838277\n|switch|p2a: Lurantis|Lurantis, L87, F, tera:Fighting|192/264\n|turn|18\n|\n|t:|1782838302\n|switch|p1a: Chesnaught|Chesnaught, L84, F|238/285\n|-damage|p1a: Chesnaught|203/285|[from] Spikes\n|move|p2a: Lurantis|Leaf Storm|p1a: Chesnaught\n|-resisted|p1a: Chesnaught\n|-damage|p1a: Chesnaught|135/285\n|-boost|p2a: Lurantis|spa|2\n|\n|-heal|p1a: Chesnaught|152/285|[from] item: Leftovers\n|upkeep\n|turn|19\n|\n|t:|1782838314\n|move|p1a: Chesnaught|Wood Hammer|p2a: Lurantis\n|-damage|p2a: Lurantis|57/264\n|-damage|p1a: Chesnaught|107/285|[from] Recoil\n|move|p2a: Lurantis|Superpower|p1a: Chesnaught\n|-damage|p1a: Chesnaught|0 fnt\n|-boost|p2a: Lurantis|atk|1\n|-boost|p2a: Lurantis|def|1\n|faint|p1a: Chesnaught\n|\n|upkeep\n|\n|t:|1782838318\n|switch|p1a: Toxicroak|Toxicroak, L84, M|46/277\n|-damage|p1a: Toxicroak|12/277|[from] Spikes\n|turn|20\n|\n|t:|1782838331\n|move|p1a: Toxicroak|Sucker Punch||[still]\n|-fail|p1a: Toxicroak\n|move|p2a: Lurantis|Synthesis|p2a: Lurantis\n|-heal|p2a: Lurantis|189/264\n|\n|upkeep\n|turn|21\n|\n|t:|1782838345\n|move|p1a: Toxicroak|Sucker Punch|p2a: Lurantis\n|-resisted|p2a: Lurantis\n|-damage|p2a: Lurantis|164/264\n|move|p2a: Lurantis|Superpower|p1a: Toxicroak\n|-resisted|p1a: Toxicroak\n|-damage|p1a: Toxicroak|0 fnt\n|-boost|p2a: Lurantis|atk|1\n|-boost|p2a: Lurantis|def|1\n|faint|p1a: Toxicroak\n|\n|upkeep\n|\n|t:|1782838352\n|switch|p1a: Gholdengo|Gholdengo, L77|93/261\n|-damage|p1a: Gholdengo|61/261|[from] Spikes\n|turn|22\n|\n|t:|1782838365\n|move|p1a: Gholdengo|Thunder Wave|p2a: Lurantis\n|-status|p2a: Lurantis|par\n|cant|p2a: Lurantis|par\n|\n|-heal|p1a: Gholdengo|77/261|[from] item: Leftovers\n|upkeep\n|turn|23\n|\n|t:|1782838374\n|-terastallize|p1a: Gholdengo|Dark\n|move|p1a: Gholdengo|Recover|p1a: Gholdengo\n|-heal|p1a: Gholdengo|208/261\n|move|p2a: Lurantis|Leaf Storm|p1a: Gholdengo\n|-crit|p1a: Gholdengo\n|-damage|p1a: Gholdengo|0 fnt\n|-boost|p2a: Lurantis|spa|2\n|faint|p1a: Gholdengo\n|\n|win|Thussyyyy\n", "inputlog": ">version f8ac14003a5f27e1bdc8d8c59608a773c1cb96e5\n>start {\"formatid\":\"gen9randombattle\",\"seed\":\"sodium,7e5a730f63d39a6886c8de62f1b1bdd0\"}\n>player p1 {\"name\":\"Steamtrainj\",\"avatar\":\"kahili\",\"rating\":0,\"seed\":\"sodium,8dc2ea67d5ee8cd3a69fe998f84f58ec\"}\n>player p2 {\"name\":\"Thussyyyy\",\"avatar\":\"169\",\"rating\":0,\"seed\":\"sodium,f30d4f37d6c6f818de59c05b76d8b388\"}\n>p1 move knockoff\n>p2 move superpower terastallize\n>p1 switch 5\n>p1 move makeitrain\n>p2 switch 5\n>p1 switch 6\n>p2 move knockoff\n>p1 move curse\n>p2 move toxicspikes\n>p1 move earthquake\n>p2 move toxicspikes\n>p2 switch 5\n>p1 move earthquake\n>p2 move leafstorm\n>p1 switch 2\n>p1 move closecombat\n>p2 switch 6\n>p1 switch 4\n>p2 move earthquake\n>p1 move spikes\n>p2 switch 2\n>p1 switch 3\n>p2 move pyroball\n>p1 move bodyslam\n>p2 move highjumpkick\n>p1 switch 4\n>p1 move gunkshot\n>p2 move courtchange\n>p1 move gunkshot\n>p2 move uturn\n>p2 switch 3\n>p1 switch 6\n>p2 move shellsmash\n>p1 move makeitrain\n>p2 move earthquake\n>p2 switch 3\n>p1 switch 6\n>p2 move pyroball\n>p1 move suckerpunch\n>p2 move pyroball\n>p2 switch 6\n>p1 switch 3\n>p2 move leafstorm\n>p1 move woodhammer\n>p2 move superpower\n>p1 switch 3\n>p1 move suckerpunch\n>p2 move synthesis\n>p1 move suckerpunch\n>p2 move superpower\n>p1 switch 6\n>p1 move thunderwave\n>p2 move leafstorm\n>p1 move recover terastallize\n>p2 move leafstorm", "uploadtime": 1782838378, "views": 5, "formatid": "gen9randombattle", "rating": null, "private": 0, "password": null, "player_dets": [{"name": "Steamtrainj", "avatar": "kahili", "rating": 0, "seed": "sodium,8dc2ea67d5ee8cd3a69fe998f84f58ec"}, {"name": "Thussyyyy", "avatar": "169", "rating": 0, "seed": "sodium,f30d4f37d6c6f818de59c05b76d8b388"}], "teams_full": [{"Incineroar": {"name": "Incineroar", "species": "Incineroar", "speciesId": "incineroar", "gender": "F", "shiny": false, "level": 82, "moves": ["closecombat", "knockoff", "uturn", "overheat"], "ability": "Intimidate", "evs": {"hp": 85, "atk": 85, "def": 85, "spa": 85, "spd": 85, "spe": 85}, "ivs": {"hp": 31, "atk": 31, "def": 31, "spa": 31, "spd": 31, "spe": 31}, "item": "Assault Vest", "teraType": "Fighting", "role": "AV Pivot", "bvs": {"hp": 95, "atk": 115, "def": 90, "spa": 80, "spd": 90, "spe": 60}, "stats": {"hp": 290, "atk": 236, "def": 195, "spa": 178, "spd": 195, "spe": 146}, "types": ["Fire", "Dark"]}, "Toxicroak": {"name": "Toxicroak", "species": "Toxicroak", "speciesId": "toxicroak", "gender": "M", "shiny": false, "level": 84, "moves": ["suckerpunch", "gunkshot", "knockoff", "closecombat"], "ability": "Dry Skin", "evs": {"hp": 85, "atk": 85, "def": 85, "spa": 85, "spd": 85, "spe": 85}, "ivs": {"hp": 31, "atk": 31, "def": 31, "spa": 31, "spd": 31, "spe": 31}, "item": "Choice Band", "teraType": "Dark", "role": "Fast Attacker", "bvs": {"hp": 83, "atk": 106, "def": 65, "spa": 86, "spd": 65, "spe": 85}, "stats": {"hp": 277, "atk": 226, "def": 157, "spa": 193, "spd": 157, "spe": 191}, "types": ["Poison", "Fighting"]}, "Komala": {"name": "Komala", "species": "Komala", "speciesId": "komala", "gender": "F", "shiny": false, "level": 88, "moves": ["uturn", "knockoff", "bodyslam", "rapidspin"], "ability": "Comatose", "evs": {"hp": 85, "atk": 85, "def": 85, "spa": 85, "spd": 85, "spe": 85}, "ivs": {"hp": 31, "atk": 31, "def": 31, "spa": 31, "spd": 31, "spe": 31}, "item": "Assault Vest", "teraType": "Ghost", "role": "Bulky Support", "bvs": {"hp": 65, "atk": 115, "def": 65, "spa": 75, "spd": 95, "spe": 65}, "stats": {"hp": 258, "atk": 253, "def": 165, "spa": 182, "spd": 217, "spe": 165}, "types": ["Normal"]}, "Chesnaught": {"name": "Chesnaught", "species": "Chesnaught", "speciesId": "chesnaught", "gender": "F", "shiny": false, "level": 84, "moves": ["bodypress", "synthesis", "spikes", "woodhammer"], "ability": "Bulletproof", "evs": {"hp": 85, "atk": 85, "def": 85, "spa": 85, "spd": 85, "spe": 85}, "ivs": {"hp": 31, "atk": 31, "def": 31, "spa": 31, "spd": 31, "spe": 31}, "item": "Leftovers", "teraType": "Water", "role": "Bulky Support", "bvs": {"hp": 88, "atk": 107, "def": 122, "spa": 74, "spd": 75, "spe": 64}, "stats": {"hp": 285, "atk": 228, "def": 253, "spa": 173, "spd": 174, "spe": 156}, "types": ["Grass", "Fighting"]}, "Gholdengo": {"name": "Gholdengo", "species": "Gholdengo", "speciesId": "gholdengo", "gender": "N", "shiny": false, "level": 77, "moves": ["thunderwave", "makeitrain", "recover", "shadowball"], "ability": "Good as Gold", "evs": {"hp": 85, "atk": 0, "def": 85, "spa": 85, "spd": 85, "spe": 85}, "ivs": {"hp": 31, "atk": 0, "def": 31, "spa": 31, "spd": 31, "spe": 31}, "item": "Leftovers", "teraType": "Dark", "role": "Bulky Support", "bvs": {"hp": 87, "atk": 60, "def": 95, "spa": 133, "spd": 91, "spe": 84}, "stats": {"hp": 261, "atk": 97, "def": 191, "spa": 249, "spd": 185, "spe": 174}, "types": ["Steel", "Ghost"]}, "Hippowdon": {"name": "Hippowdon", "species": "Hippowdon", "speciesId": "hippowdon", "gender": "M", "shiny": false, "level": 82, "moves": ["slackoff", "curse", "stoneedge", "earthquake"], "ability": "Sand Stream", "evs": {"hp": 85, "atk": 85, "def": 85, "spa": 85, "spd": 85, "spe": 85}, "ivs": {"hp": 31, "atk": 31, "def": 31, "spa": 31, "spd": 31, "spe": 31}, "item": "Leftovers", "teraType": "Steel", "role": "Bulky Setup", "bvs": {"hp": 108, "atk": 112, "def": 118, "spa": 68, "spd": 72, "spe": 47}, "stats": {"hp": 311, "atk": 231, "def": 241, "spa": 159, "spd": 165, "spe": 124}, "types": ["Ground"]}}, {"Lurantis": {"name": "Lurantis", "species": "Lurantis", "speciesId": "lurantis", "gender": "F", "shiny": false, "level": 87, "moves": ["leafstorm", "defog", "synthesis", "superpower"], "ability": "Contrary", "evs": {"hp": 85, "atk": 85, "def": 85, "spa": 85, "spd": 85, "spe": 85}, "ivs": {"hp": 31, "atk": 31, "def": 31, "spa": 31, "spd": 31, "spe": 31}, "item": "Leftovers", "teraType": "Fighting", "role": "Bulky Attacker", "bvs": {"hp": 70, "atk": 105, "def": 90, "spa": 80, "spd": 90, "spe": 45}, "stats": {"hp": 264, "atk": 232, "def": 206, "spa": 189, "spd": 206, "spe": 128}, "types": ["Grass"]}, "Cinderace": {"name": "Cinderace", "species": "Cinderace", "speciesId": "cinderace", "gender": "M", "shiny": false, "level": 77, "moves": ["highjumpkick", "courtchange", "pyroball", "uturn"], "ability": "Libero", "evs": {"hp": 81, "atk": 85, "def": 85, "spa": 85, "spd": 85, "spe": 85}, "ivs": {"hp": 31, "atk": 31, "def": 31, "spa": 31, "spd": 31, "spe": 31}, "item": "Heavy-Duty Boots", "teraType": "Fighting", "role": "Fast Attacker", "bvs": {"hp": 80, "atk": 116, "def": 75, "spa": 65, "spd": 75, "spe": 119}, "stats": {"hp": 249, "atk": 223, "def": 160, "spa": 145, "spd": 160, "spe": 228}, "types": ["Fire"]}, "Minior": {"name": "Minior", "species": "Minior-Yellow", "speciesId": "minior", "gender": "N", "shiny": false, "level": 79, "moves": ["shellsmash", "powergem", "earthquake", "acrobatics"], "ability": "Shields Down", "evs": {"hp": 85, "atk": 85, "def": 85, "spa": 85, "spd": 85, "spe": 85}, "ivs": {"hp": 31, "atk": 31, "def": 31, "spa": 31, "spd": 31, "spe": 31}, "item": "White Herb", "teraType": "Water", "role": "Setup Sweeper", "bvs": {"hp": 60, "atk": 100, "def": 60, "spa": 100, "spd": 60, "spe": 120}, "stats": {"hp": 224, "atk": 204, "def": 140, "spa": 204, "spd": 140, "spe": 235}, "types": ["Rock", "Flying"]}, "Passimian": {"name": "Passimian", "species": "Passimian", "speciesId": "passimian", "gender": "M", "shiny": false, "level": 83, "moves": ["bulkup", "drainpunch", "gunkshot", "knockoff"], "ability": "Defiant", "evs": {"hp": 85, "atk": 85, "def": 85, "spa": 85, "spd": 85, "spe": 85}, "ivs": {"hp": 31, "atk": 31, "def": 31, "spa": 31, "spd": 31, "spe": 31}, "item": "Leftovers", "teraType": "Dark", "role": "Bulky Setup", "bvs": {"hp": 100, "atk": 120, "def": 90, "spa": 40, "spd": 60, "spe": 80}, "stats": {"hp": 302, "atk": 247, "def": 197, "spa": 114, "spd": 147, "spe": 180}, "types": ["Fighting"]}, "Skuntank": {"name": "Skuntank", "species": "Skuntank", "speciesId": "skuntank", "gender": "F", "shiny": false, "level": 84, "moves": ["knockoff", "toxicspikes", "gunkshot", "taunt"], "ability": "Aftermath", "evs": {"hp": 85, "atk": 85, "def": 85, "spa": 85, "spd": 85, "spe": 85}, "ivs": {"hp": 31, "atk": 31, "def": 31, "spa": 31, "spd": 31, "spe": 31}, "item": "Leftovers", "teraType": "Dark", "role": "Fast Support", "bvs": {"hp": 103, "atk": 93, "def": 67, "spa": 71, "spd": 61, "spe": 84}, "stats": {"hp": 310, "atk": 204, "def": 161, "spa": 167, "spd": 151, "spe": 189}, "types": ["Poison", "Dark"]}, "Golurk": {"name": "Golurk", "species": "Golurk", "speciesId": "golurk", "gender": "N", "shiny": false, "level": 87, "moves": ["earthquake", "dynamicpunch", "stoneedge", "poltergeist"], "ability": "No Guard", "evs": {"hp": 85, "atk": 85, "def": 85, "spa": 85, "spd": 85, "spe": 85}, "ivs": {"hp": 31, "atk": 31, "def": 31, "spa": 31, "spd": 31, "spe": 31}, "item": "Choice Band", "teraType": "Fighting", "role": "Wallbreaker", "bvs": {"hp": 89, "atk": 124, "def": 80, "spa": 55, "spd": 80, "spe": 55}, "stats": {"hp": 297, "atk": 266, "def": 189, "spa": 145, "spd": 189, "spe": 145}, "types": ["Ground", "Ghost"]}}]}