{"id": "gen9randombattle-2642190867", "format": "[Gen 9] Random Battle", "players": ["dmbsam41", "Alienwere"], "log": "|j|\u2606dmbsam41\n|j|\u2606Alienwere\n|t:|1782908299\n|gametype|singles\n|player|p1|dmbsam41|2|1914\n|player|p2|Alienwere|1|1973\n|gen|9\n|tier|[Gen 9] Random Battle\n|rated|\n|rule|Species Clause: Limit one of each Pok\u00e9mon\n|rule|HP Percentage Mod: HP is shown in percentages\n|rule|Sleep Clause Mod: Limit one foe put to sleep\n|rule|Illusion Level Mod: Illusion disguises the Pok\u00e9mon's true level\n|\n|t:|1782908299\n|teamsize|p1|6\n|teamsize|p2|6\n|start\n|switch|p1a: Iron Treads|Iron Treads, L77|265/265\n|switch|p2a: Altaria|Altaria, L89, F|278/278\n|turn|1\n|\n|t:|1782908307\n|move|p1a: Iron Treads|Volt Switch|p2a: Altaria\n|-damage|p2a: Altaria|251/278\n|\n|t:|1782908317\n|-end|p1a: Iron Treads|Quark Drive|[silent]\n|switch|p1a: Regirock|Regirock, L83|268/268|[from] Volt Switch\n|move|p2a: Altaria|Earthquake|p1a: Regirock\n|-supereffective|p1a: Regirock\n|-damage|p1a: Regirock|198/268\n|\n|upkeep\n|turn|2\n|inactive|Battle timer is ON: inactive players will automatically lose when time's up. (requested by dmbsam41)\n|\n|t:|1782908336\n|switch|p2a: Magnezone|Magnezone, L85|258/258\n|move|p1a: Regirock|Stone Edge|p2a: Magnezone|[miss]\n|-miss|p1a: Regirock|p2a: Magnezone\n|\n|upkeep\n|turn|3\n|\n|t:|1782908344\n|switch|p1a: Wyrdeer|Wyrdeer, L87, F|321/321\n|-ability|p1a: Wyrdeer|Intimidate|boost\n|-unboost|p2a: Magnezone|atk|1\n|move|p2a: Magnezone|Volt Switch|p1a: Wyrdeer\n|-damage|p1a: Wyrdeer|221/321\n|\n|t:|1782908348\n|switch|p2a: Volcanion|Volcanion, L79|255/255|[from] Volt Switch\n|\n|upkeep\n|turn|4\n|\n|t:|1782908351\n|move|p1a: Wyrdeer|Body Slam|p2a: Volcanion\n|-damage|p2a: Volcanion|168/255\n|move|p2a: Volcanion|Steam Eruption|p1a: Wyrdeer\n|-damage|p1a: Wyrdeer|79/321\n|-status|p1a: Wyrdeer|brn\n|\n|-damage|p1a: Wyrdeer|59/321 brn|[from] brn\n|upkeep\n|turn|5\n|\n|t:|1782908358\n|switch|p2a: Altaria|Altaria, L89, F|251/278\n|move|p1a: Wyrdeer|Body Slam|p2a: Altaria\n|-damage|p2a: Altaria|202/278\n|-status|p2a: Altaria|par\n|\n|-damage|p1a: Wyrdeer|39/321 brn|[from] brn\n|upkeep\n|turn|6\n|\n|t:|1782908366\n|move|p1a: Wyrdeer|Psychic Noise|p2a: Altaria\n|-damage|p2a: Altaria|127/278 par\n|-start|p2a: Altaria|move: Heal Block\n|move|p2a: Altaria|Brave Bird|p1a: Wyrdeer\n|-damage|p1a: Wyrdeer|0 fnt\n|faint|p1a: Wyrdeer\n|-damage|p2a: Altaria|114/278 par|[from] Recoil\n|\n|upkeep\n|\n|t:|1782908379\n|switch|p1a: Girafarig|Girafarig, L89, M|269/269\n|turn|7\n|\n|t:|1782908385\n|-curestatus|p2a: Altaria|par|[from] ability: Natural Cure|[silent]\n|switch|p2a: Lycanroc|Lycanroc, L86, F|269/269\n|move|p1a: Girafarig|Nasty Plot|p1a: Girafarig\n|-boost|p1a: Girafarig|spa|2\n|\n|upkeep\n|turn|8\n|\n|t:|1782908395\n|move|p2a: Lycanroc|Stone Edge|p1a: Girafarig\n|-damage|p1a: Girafarig|110/269\n|move|p1a: Girafarig|Psyshock|p2a: Lycanroc\n|-damage|p2a: Lycanroc|56/269\n|\n|upkeep\n|turn|9\n|\n|t:|1782908402\n|switch|p1a: Iron Treads|Iron Treads, L77|265/265\n|move|p2a: Lycanroc|Stone Edge|p1a: Iron Treads\n|-resisted|p1a: Iron Treads\n|-damage|p1a: Iron Treads|228/265\n|\n|upkeep\n|turn|10\n|\n|t:|1782908406\n|switch|p2a: Altaria|Altaria, L89, F|114/278\n|move|p1a: Iron Treads|Volt Switch|p2a: Altaria\n|-damage|p2a: Altaria|88/278\n|\n|t:|1782908410\n|-end|p1a: Iron Treads|Quark Drive|[silent]\n|switch|p1a: Sneasler|Sneasler, L74, F|240/240|[from] Volt Switch\n|\n|upkeep\n|turn|11\n|\n|t:|1782908417\n|move|p1a: Sneasler|U-turn|p2a: Altaria\n|-resisted|p2a: Altaria\n|-damage|p2a: Altaria|57/278\n|-status|p2a: Altaria|psn|[from] ability: Poison Touch|[of] p1a: Sneasler\n|\n|t:|1782908420\n|switch|p1a: Regirock|Regirock, L83|198/268|[from] U-turn\n|move|p2a: Altaria|Brave Bird|p1a: Regirock\n|-resisted|p1a: Regirock\n|-damage|p1a: Regirock|169/268\n|-damage|p2a: Altaria|47/278 psn|[from] Recoil\n|\n|-damage|p2a: Altaria|13/278 psn|[from] psn\n|upkeep\n|turn|12\n|\n|t:|1782908428\n|move|p2a: Altaria|Earthquake|p1a: Regirock\n|-supereffective|p1a: Regirock\n|-damage|p1a: Regirock|99/268\n|move|p1a: Regirock|Body Press|p2a: Altaria\n|-resisted|p2a: Altaria\n|-damage|p2a: Altaria|0 fnt\n|faint|p2a: Altaria\n|\n|upkeep\n|\n|t:|1782908437\n|switch|p2a: Volcanion|Volcanion, L79|168/255\n|turn|13\n|\n|t:|1782908444\n|move|p2a: Volcanion|Earth Power|p1a: Regirock\n|-supereffective|p1a: Regirock\n|-damage|p1a: Regirock|0 fnt\n|faint|p1a: Regirock\n|\n|upkeep\n|\n|t:|1782908451\n|switch|p1a: Girafarig|Girafarig, L89, M|110/269\n|turn|14\n|\n|t:|1782908456\n|switch|p2a: Magnezone|Magnezone, L85|258/258\n|move|p1a: Girafarig|Thunderbolt|p2a: Magnezone\n|-resisted|p2a: Magnezone\n|-damage|p2a: Magnezone|227/258\n|\n|upkeep\n|turn|15\n|\n|t:|1782908461\n|switch|p1a: Iron Treads|Iron Treads, L77|228/265\n|move|p2a: Magnezone|Flash Cannon|p1a: Iron Treads\n|-resisted|p1a: Iron Treads\n|-damage|p1a: Iron Treads|163/265\n|\n|upkeep\n|turn|16\n|\n|t:|1782908469\n|switch|p2a: Volcanion|Volcanion, L79|168/255\n|move|p1a: Iron Treads|Rapid Spin|p2a: Volcanion\n|-damage|p2a: Volcanion|142/255\n|-boost|p1a: Iron Treads|spe|1\n|\n|upkeep\n|turn|17\n|\n|t:|1782908473\n|move|p1a: Iron Treads|Earthquake|p2a: Volcanion\n|-supereffective|p2a: Volcanion\n|-crit|p2a: Volcanion\n|-damage|p2a: Volcanion|0 fnt\n|faint|p2a: Volcanion\n|\n|upkeep\n|\n|t:|1782908479\n|switch|p2a: Eiscue|Eiscue, L88, F|274/274\n|turn|18\n|\n|t:|1782908487\n|move|p1a: Iron Treads|Volt Switch|p2a: Eiscue\n|-damage|p2a: Eiscue|241/274\n|\n|t:|1782908488\n|-end|p1a: Iron Treads|Quark Drive|[silent]\n|switch|p1a: Girafarig|Girafarig, L89, M|110/269|[from] Volt Switch\n|move|p2a: Eiscue|Liquidation|p1a: Girafarig\n|-damage|p1a: Girafarig|63/269\n|\n|upkeep\n|turn|19\n|\n|t:|1782908493\n|switch|p2a: Magnezone|Magnezone, L85|227/258\n|move|p1a: Girafarig|Hyper Voice|p2a: Magnezone\n|-resisted|p2a: Magnezone\n|-damage|p2a: Magnezone|176/258\n|\n|upkeep\n|turn|20\n|\n|t:|1782908499\n|switch|p1a: Scrafty|Scrafty, L83, F|244/244\n|move|p2a: Magnezone|Flash Cannon|p1a: Scrafty\n|-damage|p1a: Scrafty|118/244\n|\n|-heal|p1a: Scrafty|133/244|[from] item: Leftovers\n|upkeep\n|turn|21\n|\n|t:|1782908505\n|switch|p2a: Lycanroc|Lycanroc, L86, F|56/269\n|move|p1a: Scrafty|Knock Off|p2a: Lycanroc\n|-damage|p2a: Lycanroc|0 fnt\n|-enditem|p2a: Lycanroc|Choice Band|[from] move: Knock Off|[of] p1a: Scrafty\n|faint|p2a: Lycanroc\n|\n|-heal|p1a: Scrafty|148/244|[from] item: Leftovers\n|upkeep\n|\n|t:|1782908507\n|switch|p2a: Eiscue|Eiscue, L88, F|241/274\n|turn|22\n|\n|t:|1782908513\n|move|p1a: Scrafty|Bulk Up|p1a: Scrafty\n|-boost|p1a: Scrafty|atk|1\n|-boost|p1a: Scrafty|def|1\n|move|p2a: Eiscue|Belly Drum|p2a: Eiscue\n|-damage|p2a: Eiscue|104/274\n|-setboost|p2a: Eiscue|atk|6|[from] move: Belly Drum\n|-enditem|p2a: Eiscue|Sitrus Berry|[eat]\n|-heal|p2a: Eiscue|172/274|[from] item: Sitrus Berry\n|\n|-heal|p1a: Scrafty|163/244|[from] item: Leftovers\n|upkeep\n|turn|23\n|\n|t:|1782908518\n|move|p1a: Scrafty|Drain Punch|p2a: Eiscue\n|-activate|p2a: Eiscue|ability: Ice Face\n|-damage|p2a: Eiscue|172/274\n|detailschange|p2a: Eiscue|Eiscue-Noice, L88, F\n|move|p2a: Eiscue|Ice Spinner|p1a: Scrafty\n|-damage|p1a: Scrafty|0 fnt\n|faint|p1a: Scrafty\n|\n|upkeep\n|-message|dmbsam41 forfeited.\n|\n|win|Alienwere\n|raw|dmbsam41's rating: 1914 &rarr; <strong>1897</strong><br />(-17 for losing)\n|raw|Alienwere's rating: 1973 &rarr; <strong>1990</strong><br />(+17 for winning)\n", "inputlog": ">version f8ac14003a5f27e1bdc8d8c59608a773c1cb96e5\n>start {\"formatid\":\"gen9randombattle\",\"seed\":\"sodium,ae197be9ed609087fb7ad8be2a159064\",\"rated\":\"Rated battle\"}\n>player p1 {\"name\":\"dmbsam41\",\"avatar\":\"2\",\"rating\":1914,\"seed\":\"sodium,18b588b3740e356374821cefdfe827af\"}\n>player p2 {\"name\":\"Alienwere\",\"avatar\":\"1\",\"rating\":1973,\"seed\":\"sodium,657075bf0082a73edc2bc770c6013459\"}\n>p1 move voltswitch\n>p2 move earthquake\n>p1 switch 4\n>p1 move stoneedge\n>p2 switch 3\n>p1 switch 5\n>p2 move voltswitch\n>p2 switch 5\n>p1 move bodyslam\n>p2 move steameruption\n>p1 move bodyslam\n>p2 switch 3\n>p1 move psychicnoise\n>p2 move bravebird\n>p1 switch 3\n>p1 move nastyplot\n>p2 switch 4\n>p1 move psyshock\n>p2 move stoneedge\n>p1 switch 4\n>p2 move stoneedge\n>p1 move voltswitch\n>p2 switch 4\n>p1 switch 2\n>p1 move uturn\n>p2 move bravebird\n>p1 switch 5\n>p1 move bodypress\n>p2 move earthquake\n>p2 switch 3\n>p1 move stoneedge\n>p2 move earthpower\n>p1 switch 4\n>p1 move thunderbolt\n>p2 switch 5\n>p1 switch 2\n>p2 move flashcannon\n>p1 move rapidspin\n>p2 switch 5\n>p1 move earthquake\n>p2 move steameruption\n>p2 switch 2\n>p1 move voltswitch\n>p2 move liquidation\n>p1 switch 2\n>p1 move hypervoice\n>p2 switch 5\n>p1 switch 6\n>p2 move flashcannon\n>p1 move knockoff\n>p2 switch 4\n>p2 switch 5\n>p1 move bulkup\n>p2 move bellydrum\n>p1 move drainpunch\n>p2 move icespinner\n>forcelose p1", "uploadtime": 1782908530, "views": 7, "formatid": "gen9randombattle", "rating": 1897, "private": 0, "password": null, "player_dets": [{"name": "dmbsam41", "avatar": "2", "rating": 1914, "seed": "sodium,18b588b3740e356374821cefdfe827af"}, {"name": "Alienwere", "avatar": "1", "rating": 1973, "seed": "sodium,657075bf0082a73edc2bc770c6013459"}], "teams_full": [{"Iron Treads": {"name": "Iron Treads", "species": "Iron Treads", "speciesId": "irontreads", "gender": "N", "shiny": false, "level": 77, "moves": ["rapidspin", "earthquake", "voltswitch", "ironhead"], "ability": "Quark Drive", "evs": {"hp": 85, "atk": 85, "def": 85, "spa": 85, "spd": 85, "spe": 85}, "ivs": {"hp": 31, "atk": 31, "def": 31, "spa": 31, "spd": 31, "spe": 31}, "item": "Assault Vest", "teraType": "Water", "role": "Bulky Support", "bvs": {"hp": 90, "atk": 112, "def": 120, "spa": 72, "spd": 70, "spe": 106}, "stats": {"hp": 265, "atk": 217, "def": 229, "spa": 155, "spd": 152, "spe": 208}, "types": ["Ground", "Steel"]}, "Sneasler": {"name": "Sneasler", "species": "Sneasler", "speciesId": "sneasler", "gender": "F", "shiny": false, "level": 74, "moves": ["throatchop", "direclaw", "uturn", "closecombat"], "ability": "Poison Touch", "evs": {"hp": 85, "atk": 85, "def": 85, "spa": 85, "spd": 85, "spe": 85}, "ivs": {"hp": 31, "atk": 31, "def": 31, "spa": 31, "spd": 31, "spe": 31}, "item": "Choice Band", "teraType": "Fighting", "role": "Fast Attacker", "bvs": {"hp": 80, "atk": 130, "def": 60, "spa": 40, "spd": 80, "spe": 120}, "stats": {"hp": 240, "atk": 235, "def": 132, "spa": 102, "spd": 161, "spe": 221}, "types": ["Fighting", "Poison"]}, "Girafarig": {"name": "Girafarig", "species": "Girafarig", "speciesId": "girafarig", "gender": "M", "shiny": false, "level": 89, "moves": ["hypervoice", "nastyplot", "psyshock", "thunderbolt"], "ability": "Sap Sipper", "evs": {"hp": 85, "atk": 0, "def": 85, "spa": 85, "spd": 85, "spe": 85}, "ivs": {"hp": 31, "atk": 0, "def": 31, "spa": 31, "spd": 31, "spe": 31}, "item": "Eviolite", "teraType": "Normal", "role": "Fast Bulky Setup", "bvs": {"hp": 70, "atk": 80, "def": 65, "spa": 90, "spd": 65, "spe": 85}, "stats": {"hp": 269, "atk": 147, "def": 166, "spa": 211, "spd": 166, "spe": 202}, "types": ["Normal", "Psychic"]}, "Regirock": {"name": "Regirock", "species": "Regirock", "speciesId": "regirock", "gender": "N", "shiny": false, "level": 83, "moves": ["rest", "stoneedge", "curse", "bodypress"], "ability": "Clear Body", "evs": {"hp": 85, "atk": 85, "def": 85, "spa": 85, "spd": 85, "spe": 85}, "ivs": {"hp": 31, "atk": 31, "def": 31, "spa": 31, "spd": 31, "spe": 31}, "item": "Chesto Berry", "teraType": "Fighting", "role": "Bulky Setup", "bvs": {"hp": 80, "atk": 100, "def": 200, "spa": 50, "spd": 100, "spe": 50}, "stats": {"hp": 268, "atk": 214, "def": 380, "spa": 131, "spd": 214, "spe": 131}, "types": ["Rock"]}, "Wyrdeer": {"name": "Wyrdeer", "species": "Wyrdeer", "speciesId": "wyrdeer", "gender": "F", "shiny": false, "level": 87, "moves": ["bodyslam", "megahorn", "psychicnoise", "earthquake"], "ability": "Intimidate", "evs": {"hp": 85, "atk": 85, "def": 85, "spa": 85, "spd": 85, "spe": 85}, "ivs": {"hp": 31, "atk": 31, "def": 31, "spa": 31, "spd": 31, "spe": 31}, "item": "Assault Vest", "teraType": "Ground", "role": "Bulky Attacker", "bvs": {"hp": 103, "atk": 105, "def": 72, "spa": 105, "spd": 75, "spe": 65}, "stats": {"hp": 321, "atk": 232, "def": 175, "spa": 232, "spd": 180, "spe": 163}, "types": ["Normal", "Psychic"]}, "Scrafty": {"name": "Scrafty", "species": "Scrafty", "speciesId": "scrafty", "gender": "F", "shiny": false, "level": 83, "moves": ["bulkup", "knockoff", "rest", "drainpunch"], "ability": "Shed Skin", "evs": {"hp": 85, "atk": 85, "def": 85, "spa": 85, "spd": 85, "spe": 85}, "ivs": {"hp": 31, "atk": 31, "def": 31, "spa": 31, "spd": 31, "spe": 31}, "item": "Leftovers", "teraType": "Poison", "role": "Bulky Setup", "bvs": {"hp": 65, "atk": 90, "def": 115, "spa": 45, "spd": 115, "spe": 58}, "stats": {"hp": 244, "atk": 197, "def": 239, "spa": 122, "spd": 239, "spe": 144}, "types": ["Dark", "Fighting"]}}, {"Altaria": {"name": "Altaria", "species": "Altaria", "speciesId": "altaria", "gender": "F", "shiny": false, "level": 89, "moves": ["bravebird", "earthquake", "defog", "roost"], "ability": "Natural Cure", "evs": {"hp": 85, "atk": 85, "def": 85, "spa": 85, "spd": 85, "spe": 85}, "ivs": {"hp": 31, "atk": 31, "def": 31, "spa": 31, "spd": 31, "spe": 31}, "item": "Heavy-Duty Boots", "teraType": "Steel", "role": "Bulky Support", "bvs": {"hp": 75, "atk": 70, "def": 90, "spa": 70, "spd": 105, "spe": 80}, "stats": {"hp": 278, "atk": 175, "def": 211, "spa": 175, "spd": 238, "spe": 193}, "types": ["Dragon", "Flying"]}, "Eiscue": {"name": "Eiscue", "species": "Eiscue", "speciesId": "eiscue", "gender": "F", "shiny": false, "level": 88, "moves": ["liquidation", "terablast", "icespinner", "bellydrum"], "ability": "Ice Face", "evs": {"hp": 81, "atk": 85, "def": 85, "spa": 85, "spd": 85, "spe": 85}, "ivs": {"hp": 31, "atk": 31, "def": 31, "spa": 31, "spd": 31, "spe": 31}, "item": "Sitrus Berry", "teraType": "Electric", "role": "Tera Blast user", "bvs": {"hp": 75, "atk": 80, "def": 110, "spa": 65, "spd": 90, "spe": 50}, "stats": {"hp": 274, "atk": 191, "def": 244, "spa": 165, "spd": 209, "spe": 138}, "types": ["Ice"]}, "Magnezone": {"name": "Magnezone", "species": "Magnezone", "speciesId": "magnezone", "gender": "N", "shiny": false, "level": 85, "moves": ["thunderbolt", "bodypress", "flashcannon", "voltswitch"], "ability": "Analytic", "evs": {"hp": 85, "atk": 0, "def": 85, "spa": 85, "spd": 85, "spe": 85}, "ivs": {"hp": 31, "atk": 0, "def": 31, "spa": 31, "spd": 31, "spe": 31}, "item": "Choice Scarf", "teraType": "Flying", "role": "Fast Attacker", "bvs": {"hp": 70, "atk": 70, "def": 115, "spa": 130, "spd": 90, "spe": 60}, "stats": {"hp": 258, "atk": 124, "def": 244, "spa": 270, "spd": 202, "spe": 151}, "types": ["Electric", "Steel"]}, "Lycanroc": {"name": "Lycanroc", "species": "Lycanroc", "speciesId": "lycanroc", "gender": "F", "shiny": false, "level": 86, "moves": ["stoneedge", "psychicfangs", "closecombat", "accelerock"], "ability": "Sand Rush", "evs": {"hp": 85, "atk": 85, "def": 85, "spa": 85, "spd": 85, "spe": 85}, "ivs": {"hp": 31, "atk": 31, "def": 31, "spa": 31, "spd": 31, "spe": 31}, "item": "Choice Band", "teraType": "Fighting", "role": "Fast Attacker", "bvs": {"hp": 75, "atk": 115, "def": 65, "spa": 55, "spd": 65, "spe": 112}, "stats": {"hp": 269, "atk": 247, "def": 161, "spa": 144, "spd": 161, "spe": 242}, "types": ["Rock"]}, "Volcanion": {"name": "Volcanion", "species": "Volcanion", "speciesId": "volcanion", "gender": "N", "shiny": false, "level": 79, "moves": ["sludgebomb", "steameruption", "flamethrower", "earthpower"], "ability": "Water Absorb", "evs": {"hp": 81, "atk": 0, "def": 85, "spa": 85, "spd": 85, "spe": 85}, "ivs": {"hp": 31, "atk": 0, "def": 31, "spa": 31, "spd": 31, "spe": 31}, "item": "Choice Specs", "teraType": "Fire", "role": "Bulky Attacker", "bvs": {"hp": 80, "atk": 110, "def": 120, "spa": 130, "spd": 90, "spe": 70}, "stats": {"hp": 255, "atk": 178, "def": 235, "spa": 251, "spd": 188, "spe": 156}, "types": ["Fire", "Water"]}, "Sylveon": {"name": "Sylveon", "species": "Sylveon", "speciesId": "sylveon", "gender": "M", "shiny": false, "level": 85, "moves": ["wish", "protect", "calmmind", "hypervoice"], "ability": "Pixilate", "evs": {"hp": 85, "atk": 0, "def": 85, "spa": 85, "spd": 85, "spe": 85}, "ivs": {"hp": 31, "atk": 0, "def": 31, "spa": 31, "spd": 31, "spe": 31}, "item": "Leftovers", "teraType": "Steel", "role": "Bulky Setup", "bvs": {"hp": 95, "atk": 65, "def": 65, "spa": 110, "spd": 130, "spe": 60}, "stats": {"hp": 300, "atk": 115, "def": 159, "spa": 236, "spd": 270, "spe": 151}, "types": ["Fairy"]}}]}