{"id": "gen9randombattle-2642117559", "format": "[Gen 9] Random Battle", "players": ["Mumurk9G", "jnpr010334"], "log": "|j|\u2606Mumurk9G\n|j|\u2606jnpr010334\n|t:|1782893739\n|gametype|singles\n|player|p1|Mumurk9G|nessa|1628\n|player|p2|jnpr010334|265|1690\n|gen|9\n|tier|[Gen 9] Random Battle\n|rated|\n|rule|Species Clause: Limit one of each Pok\u00e9mon\n|rule|HP Percentage Mod: HP is shown in percentages\n|rule|Sleep Clause Mod: Limit one foe put to sleep\n|rule|Illusion Level Mod: Illusion disguises the Pok\u00e9mon's true level\n|\n|t:|1782893739\n|teamsize|p1|6\n|teamsize|p2|6\n|start\n|switch|p1a: Squawkabilly|Squawkabilly-Yellow, L89, F|291/291\n|switch|p2a: Solgaleo|Solgaleo, L74|325/325\n|turn|1\n|inactive|Battle timer is ON: inactive players will automatically lose when time's up. (requested by jnpr010334)\n|inactive|Mumurk9G has 120 seconds left.\n|\n|t:|1782893778\n|move|p1a: Squawkabilly|Foul Play|p2a: Solgaleo|[miss]\n|-miss|p1a: Squawkabilly|p2a: Solgaleo\n|move|p2a: Solgaleo|Flame Charge|p1a: Squawkabilly\n|-damage|p1a: Squawkabilly|240/291\n|-boost|p2a: Solgaleo|spe|1\n|\n|upkeep\n|turn|2\n|\n|t:|1782893782\n|move|p2a: Solgaleo|Sunsteel Strike|p1a: Squawkabilly\n|-damage|p1a: Squawkabilly|90/291\n|move|p1a: Squawkabilly|Foul Play|p2a: Solgaleo\n|-supereffective|p2a: Solgaleo\n|-damage|p2a: Solgaleo|0 fnt\n|faint|p2a: Solgaleo\n|\n|upkeep\n|\n|t:|1782893785\n|switch|p2a: Iron Bundle|Iron Bundle, L78|215/215\n|turn|3\n|\n|t:|1782893803\n|switch|p1a: Copperajah|Copperajah, L86, M|350/350\n|move|p2a: Iron Bundle|Ice Beam|p1a: Copperajah\n|-resisted|p1a: Copperajah\n|-damage|p1a: Copperajah|292/350\n|\n|upkeep\n|turn|4\n|\n|t:|1782893807\n|-end|p2a: Iron Bundle|Quark Drive|[silent]\n|switch|p2a: Garganacl|Garganacl, L80, M|291/291\n|move|p1a: Copperajah|Iron Head|p2a: Garganacl\n|-supereffective|p2a: Garganacl\n|-damage|p2a: Garganacl|0 fnt\n|faint|p2a: Garganacl\n|\n|upkeep\n|\n|t:|1782893811\n|switch|p2a: Wyrdeer|Wyrdeer, L87, M|321/321\n|-ability|p2a: Wyrdeer|Intimidate|boost\n|-unboost|p1a: Copperajah|atk|1\n|turn|5\n|\n|t:|1782893813\n|move|p2a: Wyrdeer|Thunder Wave|p1a: Copperajah\n|-status|p1a: Copperajah|par\n|move|p1a: Copperajah|Stealth Rock|p2a: Wyrdeer\n|-sidestart|p2: jnpr010334|move: Stealth Rock\n|\n|upkeep\n|turn|6\n|\n|t:|1782893816\n|switch|p1a: Squawkabilly|Squawkabilly-Yellow, L89, F|90/291\n|move|p2a: Wyrdeer|Earthquake|p1a: Squawkabilly\n|-immune|p1a: Squawkabilly\n|\n|upkeep\n|turn|7\n|\n|t:|1782893822\n|switch|p2a: Iron Bundle|Iron Bundle, L78|215/215\n|move|p1a: Squawkabilly|Foul Play|p2a: Iron Bundle\n|-crit|p2a: Iron Bundle\n|-damage|p2a: Iron Bundle|78/215\n|\n|upkeep\n|turn|8\n|\n|t:|1782893829\n|switch|p1a: Copperajah|Copperajah, L86, M|292/350 par\n|move|p2a: Iron Bundle|Ice Beam|p1a: Copperajah\n|-resisted|p1a: Copperajah\n|-crit|p1a: Copperajah\n|-damage|p1a: Copperajah|204/350 par\n|\n|upkeep\n|turn|9\n|\n|t:|1782893836\n|move|p2a: Iron Bundle|Hydro Pump|p1a: Copperajah\n|-damage|p1a: Copperajah|53/350 par\n|move|p1a: Copperajah|Superpower|p2a: Iron Bundle\n|-supereffective|p2a: Iron Bundle\n|-damage|p2a: Iron Bundle|0 fnt\n|-unboost|p1a: Copperajah|atk|1\n|-unboost|p1a: Copperajah|def|1\n|faint|p2a: Iron Bundle\n|-end|p2a: Iron Bundle|Quark Drive|[silent]\n|-damage|p1a: Copperajah|18/350 par|[from] item: Life Orb\n|\n|upkeep\n|\n|t:|1782893838\n|switch|p2a: Drednaw|Drednaw, L81, M|278/278\n|-damage|p2a: Drednaw|244/278|[from] Stealth Rock\n|turn|10\n|\n|t:|1782893854\n|-terastallize|p2a: Drednaw|Water\n|move|p2a: Drednaw|Shell Smash|p2a: Drednaw\n|-unboost|p2a: Drednaw|def|1\n|-unboost|p2a: Drednaw|spd|1\n|-boost|p2a: Drednaw|atk|2\n|-boost|p2a: Drednaw|spa|2\n|-boost|p2a: Drednaw|spe|2\n|-enditem|p2a: Drednaw|White Herb\n|-clearnegativeboost|p2a: Drednaw|[silent]\n|cant|p1a: Copperajah|par\n|\n|upkeep\n|turn|11\n|\n|t:|1782893860\n|move|p2a: Drednaw|Liquidation|p1a: Copperajah\n|-damage|p1a: Copperajah|0 fnt\n|faint|p1a: Copperajah\n|\n|upkeep\n|\n|t:|1782893863\n|switch|p1a: Squawkabilly|Squawkabilly-Yellow, L89, F|90/291\n|turn|12\n|\n|t:|1782893867\n|move|p1a: Squawkabilly|Quick Attack|p2a: Drednaw\n|-damage|p2a: Drednaw|141/278\n|move|p2a: Drednaw|Liquidation|p1a: Squawkabilly\n|-damage|p1a: Squawkabilly|0 fnt\n|faint|p1a: Squawkabilly\n|\n|upkeep\n|\n|t:|1782893875\n|switch|p1a: Shiftry|Shiftry, L89, M|305/305\n|turn|13\n|\n|t:|1782893880\n|move|p2a: Drednaw|Stone Edge|p1a: Shiftry|[miss]\n|-miss|p2a: Drednaw|p1a: Shiftry\n|move|p1a: Shiftry|Leaf Blade|p2a: Drednaw\n|-supereffective|p2a: Drednaw\n|-damage|p2a: Drednaw|0 fnt\n|faint|p2a: Drednaw\n|-damage|p1a: Shiftry|275/305|[from] item: Life Orb\n|\n|upkeep\n|\n|t:|1782893882\n|switch|p2a: Wyrdeer|Wyrdeer, L87, M|321/321\n|-damage|p2a: Wyrdeer|281/321|[from] Stealth Rock\n|-ability|p2a: Wyrdeer|Intimidate|boost\n|-unboost|p1a: Shiftry|atk|1\n|turn|14\n|\n|t:|1782893890\n|move|p1a: Shiftry|Knock Off|p2a: Wyrdeer\n|-supereffective|p2a: Wyrdeer\n|-damage|p2a: Wyrdeer|63/321\n|-enditem|p2a: Wyrdeer|Leftovers|[from] move: Knock Off|[of] p1a: Shiftry\n|-damage|p1a: Shiftry|245/305|[from] item: Life Orb\n|move|p2a: Wyrdeer|Megahorn|p1a: Shiftry\n|-supereffective|p1a: Shiftry\n|-damage|p1a: Shiftry|0 fnt\n|faint|p1a: Shiftry\n|\n|upkeep\n|\n|t:|1782893902\n|switch|p1a: Rampardos|Rampardos, L90, M|321/321\n|turn|15\n|\n|t:|1782893907\n|move|p2a: Wyrdeer|Earthquake|p1a: Rampardos\n|-supereffective|p1a: Rampardos\n|-damage|p1a: Rampardos|127/321\n|move|p1a: Rampardos|Fire Punch|p2a: Wyrdeer\n|-crit|p2a: Wyrdeer\n|-damage|p2a: Wyrdeer|0 fnt\n|faint|p2a: Wyrdeer\n|\n|upkeep\n|\n|t:|1782893910\n|switch|p2a: Bombirdier|Bombirdier, L85, M|258/258\n|-damage|p2a: Bombirdier|194/258|[from] Stealth Rock\n|turn|16\n|\n|t:|1782893913\n|move|p2a: Bombirdier|Stone Edge|p1a: Rampardos\n|-damage|p1a: Rampardos|0 fnt\n|faint|p1a: Rampardos\n|\n|upkeep\n|\n|t:|1782893917\n|switch|p1a: Comfey|Comfey, L85, F|225/225\n|turn|17\n|\n|t:|1782893927\n|-terastallize|p1a: Comfey|Steel\n|move|p1a: Comfey|Calm Mind|p1a: Comfey\n|-boost|p1a: Comfey|spa|1\n|-boost|p1a: Comfey|spd|1\n|move|p2a: Bombirdier|Stone Edge|p1a: Comfey|[miss]\n|-miss|p2a: Bombirdier|p1a: Comfey\n|\n|upkeep\n|turn|18\n|\n|t:|1782893935\n|move|p1a: Comfey|Draining Kiss|p2a: Bombirdier\n|-supereffective|p2a: Bombirdier\n|-damage|p2a: Bombirdier|50/258\n|move|p2a: Bombirdier|Stone Edge|p1a: Comfey\n|-resisted|p1a: Comfey\n|-damage|p1a: Comfey|136/225\n|\n|-heal|p1a: Comfey|150/225|[from] item: Leftovers\n|upkeep\n|turn|19\n|\n|t:|1782893937\n|move|p1a: Comfey|Draining Kiss|p2a: Bombirdier\n|-supereffective|p2a: Bombirdier\n|-damage|p2a: Bombirdier|0 fnt\n|-heal|p1a: Comfey|188/225|[from] drain|[of] p2a: Bombirdier\n|faint|p2a: Bombirdier\n|\n|win|Mumurk9G\n|raw|Mumurk9G's rating: 1628 &rarr; <strong>1651</strong><br />(+23 for winning)\n|raw|jnpr010334's rating: 1677 &rarr; <strong>1654</strong><br />(-23 for losing)\n", "inputlog": ">version f8ac14003a5f27e1bdc8d8c59608a773c1cb96e5\n>start {\"formatid\":\"gen9randombattle\",\"seed\":\"sodium,8c59ef30bad9b2beda892576b6859a84\",\"rated\":\"Rated battle\"}\n>player p1 {\"name\":\"Mumurk9G\",\"avatar\":\"nessa\",\"rating\":1628,\"seed\":\"sodium,15ea24dc53b2784cd2905ef9945470e3\"}\n>player p2 {\"name\":\"jnpr010334\",\"avatar\":\"265\",\"rating\":1690,\"seed\":\"sodium,5f9f08e23211208f96df35b464cdaea0\"}\n>p1 move foulplay\n>p2 move flamecharge\n>p1 move foulplay\n>p2 move sunsteelstrike\n>p2 switch 5\n>p1 switch 2\n>p2 move icebeam\n>p1 move ironhead\n>p2 switch 4\n>p2 switch 6\n>p1 move stealthrock\n>p2 move thunderwave\n>p1 switch 2\n>p2 move earthquake\n>p1 move foulplay\n>p2 switch 4\n>p1 switch 2\n>p2 move icebeam\n>p1 move superpower\n>p2 move hydropump\n>p2 switch 3\n>p1 move superpower\n>p2 move shellsmash terastallize\n>p1 move superpower\n>p2 move liquidation\n>p1 switch 2\n>p1 move quickattack\n>p2 move liquidation\n>p1 switch 5\n>p1 move leafblade\n>p2 move stoneedge\n>p2 switch 4\n>p1 move knockoff\n>p2 move megahorn\n>p1 switch 4\n>p1 move firepunch\n>p2 move earthquake\n>p2 switch 2\n>p1 move rockslide\n>p2 move stoneedge\n>p1 switch 6\n>p1 move calmmind terastallize\n>p2 move stoneedge\n>p1 move drainingkiss\n>p2 move stoneedge\n>p1 move drainingkiss\n>p2 move stoneedge", "uploadtime": 1782893938, "views": 2, "formatid": "gen9randombattle", "rating": 1651, "private": 0, "password": null, "player_dets": [{"name": "Mumurk9G", "avatar": "nessa", "rating": 1628, "seed": "sodium,15ea24dc53b2784cd2905ef9945470e3"}, {"name": "jnpr010334", "avatar": "265", "rating": 1690, "seed": "sodium,5f9f08e23211208f96df35b464cdaea0"}], "teams_full": [{"Squawkabilly": {"name": "Squawkabilly", "species": "Squawkabilly-Yellow", "speciesId": "squawkabillyyellow", "gender": "F", "shiny": false, "level": 89, "moves": ["bravebird", "quickattack", "foulplay", "doubleedge"], "ability": "Hustle", "evs": {"hp": 85, "atk": 85, "def": 85, "spa": 85, "spd": 85, "spe": 85}, "ivs": {"hp": 31, "atk": 31, "def": 31, "spa": 31, "spd": 31, "spe": 31}, "item": "Choice Band", "teraType": "Normal", "role": "Wallbreaker", "bvs": {"hp": 82, "atk": 96, "def": 51, "spa": 45, "spd": 51, "spe": 92}, "stats": {"hp": 291, "atk": 222, "def": 142, "spa": 131, "spd": 142, "spe": 215}, "types": ["Normal", "Flying"]}, "Copperajah": {"name": "Copperajah", "species": "Copperajah", "speciesId": "copperajah", "gender": "M", "shiny": false, "level": 86, "moves": ["ironhead", "superpower", "stealthrock", "playrough"], "ability": "Sheer Force", "evs": {"hp": 85, "atk": 85, "def": 85, "spa": 85, "spd": 85, "spe": 85}, "ivs": {"hp": 31, "atk": 31, "def": 31, "spa": 31, "spd": 31, "spe": 31}, "item": "Life Orb", "teraType": "Fairy", "role": "Wallbreaker", "bvs": {"hp": 122, "atk": 130, "def": 69, "spa": 80, "spd": 69, "spe": 30}, "stats": {"hp": 350, "atk": 273, "def": 168, "spa": 187, "spd": 168, "spe": 101}, "types": ["Steel"]}, "Dragalge": {"name": "Dragalge", "species": "Dragalge", "speciesId": "dragalge", "gender": "M", "shiny": false, "level": 88, "moves": ["sludgewave", "focusblast", "dracometeor", "toxic"], "ability": "Adaptability", "evs": {"hp": 85, "atk": 0, "def": 85, "spa": 85, "spd": 85, "spe": 85}, "ivs": {"hp": 31, "atk": 0, "def": 31, "spa": 31, "spd": 31, "spe": 31}, "item": "Leftovers", "teraType": "Fighting", "role": "Bulky Attacker", "bvs": {"hp": 65, "atk": 75, "def": 90, "spa": 97, "spd": 123, "spe": 44}, "stats": {"hp": 258, "atk": 137, "def": 209, "spa": 221, "spd": 267, "spe": 128}, "types": ["Poison", "Dragon"]}, "Rampardos": {"name": "Rampardos", "species": "Rampardos", "speciesId": "rampardos", "gender": "M", "shiny": false, "level": 90, "moves": ["zenheadbutt", "firepunch", "rockslide", "earthquake"], "ability": "Sheer Force", "evs": {"hp": 85, "atk": 85, "def": 85, "spa": 85, "spd": 85, "spe": 85}, "ivs": {"hp": 31, "atk": 31, "def": 31, "spa": 31, "spd": 31, "spe": 31}, "item": "Life Orb", "teraType": "Psychic", "role": "Wallbreaker", "bvs": {"hp": 97, "atk": 165, "def": 60, "spa": 65, "spd": 50, "spe": 58}, "stats": {"hp": 321, "atk": 348, "def": 159, "spa": 168, "spd": 141, "spe": 156}, "types": ["Rock"]}, "Shiftry": {"name": "Shiftry", "species": "Shiftry", "speciesId": "shiftry", "gender": "M", "shiny": false, "level": 89, "moves": ["knockoff", "tailwind", "lowkick", "leafblade"], "ability": "Wind Rider", "evs": {"hp": 85, "atk": 85, "def": 85, "spa": 85, "spd": 85, "spe": 85}, "ivs": {"hp": 31, "atk": 31, "def": 31, "spa": 31, "spd": 31, "spe": 31}, "item": "Life Orb", "teraType": "Fighting", "role": "Setup Sweeper", "bvs": {"hp": 90, "atk": 100, "def": 60, "spa": 90, "spd": 60, "spe": 80}, "stats": {"hp": 305, "atk": 229, "def": 158, "spa": 211, "spd": 158, "spe": 193}, "types": ["Grass", "Dark"]}, "Comfey": {"name": "Comfey", "species": "Comfey", "speciesId": "comfey", "gender": "F", "shiny": false, "level": 85, "moves": ["gigadrain", "storedpower", "calmmind", "drainingkiss"], "ability": "Triage", "evs": {"hp": 85, "atk": 0, "def": 85, "spa": 85, "spd": 85, "spe": 85}, "ivs": {"hp": 31, "atk": 0, "def": 31, "spa": 31, "spd": 31, "spe": 31}, "item": "Leftovers", "teraType": "Steel", "role": "Bulky Setup", "bvs": {"hp": 51, "atk": 52, "def": 90, "spa": 82, "spd": 110, "spe": 100}, "stats": {"hp": 225, "atk": 93, "def": 202, "spa": 188, "spd": 236, "spe": 219}, "types": ["Fairy"]}}, {"Solgaleo": {"name": "Solgaleo", "species": "Solgaleo", "speciesId": "solgaleo", "gender": "N", "shiny": false, "level": 74, "moves": ["earthquake", "sunsteelstrike", "flamecharge", "knockoff"], "ability": "Full Metal Body", "evs": {"hp": 85, "atk": 85, "def": 85, "spa": 85, "spd": 85, "spe": 85}, "ivs": {"hp": 31, "atk": 31, "def": 31, "spa": 31, "spd": 31, "spe": 31}, "item": "Weakness Policy", "teraType": "Ground", "role": "Bulky Setup", "bvs": {"hp": 137, "atk": 137, "def": 107, "spa": 113, "spd": 89, "spe": 97}, "stats": {"hp": 325, "atk": 246, "def": 201, "spa": 210, "spd": 175, "spe": 187}, "types": ["Psychic", "Steel"]}, "Bombirdier": {"name": "Bombirdier", "species": "Bombirdier", "speciesId": "bombirdier", "gender": "M", "shiny": false, "level": 85, "moves": ["knockoff", "bravebird", "stoneedge", "uturn"], "ability": "Rocky Payload", "evs": {"hp": 85, "atk": 85, "def": 85, "spa": 85, "spd": 85, "spe": 85}, "ivs": {"hp": 31, "atk": 31, "def": 31, "spa": 31, "spd": 31, "spe": 31}, "item": "Choice Band", "teraType": "Rock", "role": "Fast Attacker", "bvs": {"hp": 70, "atk": 103, "def": 85, "spa": 60, "spd": 85, "spe": 82}, "stats": {"hp": 258, "atk": 224, "def": 193, "spa": 151, "spd": 193, "spe": 188}, "types": ["Flying", "Dark"]}, "Drednaw": {"name": "Drednaw", "species": "Drednaw", "speciesId": "drednaw", "gender": "M", "shiny": false, "level": 81, "moves": ["shellsmash", "liquidation", "stoneedge", "earthquake"], "ability": "Shell Armor", "evs": {"hp": 85, "atk": 85, "def": 85, "spa": 85, "spd": 85, "spe": 85}, "ivs": {"hp": 31, "atk": 31, "def": 31, "spa": 31, "spd": 31, "spe": 31}, "item": "White Herb", "teraType": "Water", "role": "Fast Bulky Setup", "bvs": {"hp": 90, "atk": 115, "def": 90, "spa": 48, "spd": 68, "spe": 74}, "stats": {"hp": 278, "atk": 233, "def": 192, "spa": 124, "spd": 157, "spe": 167}, "types": ["Water", "Rock"]}, "Garganacl": {"name": "Garganacl", "species": "Garganacl", "speciesId": "garganacl", "gender": "M", "shiny": false, "level": 80, "moves": ["saltcure", "recover", "earthquake", "stealthrock"], "ability": "Purifying Salt", "evs": {"hp": 85, "atk": 85, "def": 85, "spa": 85, "spd": 85, "spe": 85}, "ivs": {"hp": 31, "atk": 31, "def": 31, "spa": 31, "spd": 31, "spe": 31}, "item": "Leftovers", "teraType": "Dragon", "role": "Bulky Attacker", "bvs": {"hp": 100, "atk": 100, "def": 130, "spa": 45, "spd": 90, "spe": 35}, "stats": {"hp": 291, "atk": 206, "def": 254, "spa": 118, "spd": 190, "spe": 102}, "types": ["Rock"]}, "Iron Bundle": {"name": "Iron Bundle", "species": "Iron Bundle", "speciesId": "ironbundle", "gender": "N", "shiny": false, "level": 78, "moves": ["encore", "icebeam", "hydropump", "freezedry"], "ability": "Quark Drive", "evs": {"hp": 85, "atk": 0, "def": 85, "spa": 85, "spd": 85, "spe": 85}, "ivs": {"hp": 31, "atk": 0, "def": 31, "spa": 31, "spd": 31, "spe": 31}, "item": "Heavy-Duty Boots", "teraType": "Ice", "role": "Fast Attacker", "bvs": {"hp": 56, "atk": 80, "def": 114, "spa": 124, "spd": 60, "spe": 136}, "stats": {"hp": 215, "atk": 129, "def": 223, "spa": 239, "spd": 139, "spe": 257}, "types": ["Ice", "Water"]}, "Wyrdeer": {"name": "Wyrdeer", "species": "Wyrdeer", "speciesId": "wyrdeer", "gender": "M", "shiny": false, "level": 87, "moves": ["thunderwave", "earthquake", "megahorn", "psychicnoise"], "ability": "Intimidate", "evs": {"hp": 85, "atk": 85, "def": 85, "spa": 85, "spd": 85, "spe": 85}, "ivs": {"hp": 31, "atk": 31, "def": 31, "spa": 31, "spd": 31, "spe": 31}, "item": "Leftovers", "teraType": "Ground", "role": "Bulky Attacker", "bvs": {"hp": 103, "atk": 105, "def": 72, "spa": 105, "spd": 75, "spe": 65}, "stats": {"hp": 321, "atk": 232, "def": 175, "spa": 232, "spd": 180, "spe": 163}, "types": ["Normal", "Psychic"]}}]}