{"id": "gen9randombattle-2642156854", "format": "[Gen 9] Random Battle", "players": ["pokemon theori", "forcemajor14"], "log": "|j|\u2606pokemon theori\n|j|\u2606forcemajor14\n|t:|1782902043\n|gametype|singles\n|player|p1|pokemon theori|giovanni|2105\n|player|p2|forcemajor14|266|2136\n|gen|9\n|tier|[Gen 9] Random Battle\n|rated|\n|rule|Species Clause: Limit one of each Pok\u00e9mon\n|rule|HP Percentage Mod: HP is shown in percentages\n|rule|Sleep Clause Mod: Limit one foe put to sleep\n|rule|Illusion Level Mod: Illusion disguises the Pok\u00e9mon's true level\n|\n|t:|1782902043\n|teamsize|p1|6\n|teamsize|p2|6\n|start\n|switch|p1a: Samurott|Samurott, L88, F|310/310\n|switch|p2a: Kingambit|Kingambit, L74, F|270/270\n|turn|1\n|inactive|Battle timer is ON: inactive players will automatically lose when time's up. (requested by pokemon theori)\n|inactive|forcemajor14 also wants the timer to be on.\n|\n|t:|1782902049\n|-end|p2a: Kingambit|fallenundefined|[silent]\n|switch|p2a: Hydrapple|Hydrapple, L83, M|312/312\n|move|p1a: Samurott|Swords Dance|p1a: Samurott\n|-boost|p1a: Samurott|atk|2\n|\n|upkeep\n|turn|2\n|\n|t:|1782902054\n|move|p1a: Samurott|Knock Off|p2a: Hydrapple\n|-damage|p2a: Hydrapple|147/312\n|-enditem|p2a: Hydrapple|Choice Specs|[from] move: Knock Off|[of] p1a: Samurott\n|-damage|p1a: Samurott|279/310|[from] item: Life Orb\n|move|p2a: Hydrapple|Leaf Storm|p1a: Samurott\n|-supereffective|p1a: Samurott\n|-damage|p1a: Samurott|0 fnt\n|-unboost|p2a: Hydrapple|spa|2\n|faint|p1a: Samurott\n|\n|upkeep\n|\n|t:|1782902078\n|switch|p1a: Iron Thorns|Iron Thorns, L83|302/302\n|-enditem|p1a: Iron Thorns|Booster Energy\n|-activate|p1a: Iron Thorns|ability: Quark Drive|[fromitem]\n|-start|p1a: Iron Thorns|quarkdriveatk\n|turn|3\n|\n|t:|1782902085\n|move|p1a: Iron Thorns|Dragon Dance|p1a: Iron Thorns\n|-boost|p1a: Iron Thorns|atk|1\n|-boost|p1a: Iron Thorns|spe|1\n|move|p2a: Hydrapple|Earth Power|p1a: Iron Thorns\n|-supereffective|p1a: Iron Thorns\n|-damage|p1a: Iron Thorns|138/302\n|\n|upkeep\n|turn|4\n|\n|t:|1782902094\n|switch|p2a: Whiscash|Whiscash, L88, F|337/337\n|move|p1a: Iron Thorns|Stone Edge|p2a: Whiscash|[miss]\n|-miss|p1a: Iron Thorns|p2a: Whiscash\n|\n|upkeep\n|turn|5\n|\n|t:|1782902098\n|move|p1a: Iron Thorns|Earthquake|p2a: Whiscash\n|-damage|p2a: Whiscash|132/337\n|move|p2a: Whiscash|Earthquake|p1a: Iron Thorns\n|-supereffective|p1a: Iron Thorns\n|-damage|p1a: Iron Thorns|0 fnt\n|faint|p1a: Iron Thorns\n|-end|p1a: Iron Thorns|Quark Drive|[silent]\n|\n|-heal|p2a: Whiscash|153/337|[from] item: Leftovers\n|upkeep\n|\n|t:|1782902107\n|switch|p1a: Orthworm|Orthworm, L88, F|266/266\n|turn|6\n|\n|t:|1782902110\n|move|p1a: Orthworm|Spikes|p2a: Whiscash\n|-sidestart|p2: forcemajor14|Spikes\n|move|p2a: Whiscash|Spikes|p1a: Orthworm\n|-sidestart|p1: pokemon theori|Spikes\n|\n|-heal|p2a: Whiscash|174/337|[from] item: Leftovers\n|upkeep\n|turn|7\n|\n|t:|1782902115\n|move|p1a: Orthworm|Spikes|p2a: Whiscash\n|-sidestart|p2: forcemajor14|Spikes\n|move|p2a: Whiscash|Hydro Pump|p1a: Orthworm|[miss]\n|-miss|p2a: Whiscash|p1a: Orthworm\n|\n|-heal|p2a: Whiscash|195/337|[from] item: Leftovers\n|upkeep\n|turn|8\n|\n|t:|1782902120\n|move|p1a: Orthworm|Spikes|p2a: Whiscash\n|-sidestart|p2: forcemajor14|Spikes\n|move|p2a: Whiscash|Spikes|p1a: Orthworm\n|-sidestart|p1: pokemon theori|Spikes\n|\n|-heal|p2a: Whiscash|216/337|[from] item: Leftovers\n|upkeep\n|turn|9\n|\n|t:|1782902125\n|move|p1a: Orthworm|Shed Tail|p1a: Orthworm\n|-start|p1a: Orthworm|Substitute|[from] move: Shed Tail\n|-damage|p1a: Orthworm|133/266\n|\n|t:|1782902138\n|switch|p1a: Hitmonchan|Hitmonchan, L87, M|229/229|[from] Shed Tail\n|-damage|p1a: Hitmonchan|191/229|[from] Spikes\n|move|p2a: Whiscash|Hydro Pump|p1a: Hitmonchan\n|-end|p1a: Hitmonchan|Substitute\n|\n|-heal|p1a: Hitmonchan|205/229|[from] item: Leftovers\n|-heal|p2a: Whiscash|237/337|[from] item: Leftovers\n|upkeep\n|turn|10\n|\n|t:|1782902146\n|move|p1a: Hitmonchan|Bulk Up|p1a: Hitmonchan\n|-boost|p1a: Hitmonchan|atk|1\n|-boost|p1a: Hitmonchan|def|1\n|move|p2a: Whiscash|Earthquake|p1a: Hitmonchan\n|-damage|p1a: Hitmonchan|138/229\n|\n|-heal|p1a: Hitmonchan|152/229|[from] item: Leftovers\n|-heal|p2a: Whiscash|258/337|[from] item: Leftovers\n|upkeep\n|turn|11\n|\n|t:|1782902153\n|switch|p2a: Gengar|Gengar, L81, F|230/230\n|-damage|p2a: Gengar|173/230|[from] Spikes\n|move|p1a: Hitmonchan|Knock Off|p2a: Gengar\n|-supereffective|p2a: Gengar\n|-damage|p2a: Gengar|0 fnt\n|-enditem|p2a: Gengar|Life Orb|[from] move: Knock Off|[of] p1a: Hitmonchan\n|faint|p2a: Gengar\n|\n|-heal|p1a: Hitmonchan|166/229|[from] item: Leftovers\n|upkeep\n|\n|t:|1782902154\n|switch|p2a: Glastrier|Glastrier, L86|311/311\n|-damage|p2a: Glastrier|234/311|[from] Spikes\n|turn|12\n|\n|t:|1782902158\n|-terastallize|p2a: Glastrier|Ground\n|move|p1a: Hitmonchan|Bulk Up|p1a: Hitmonchan\n|-boost|p1a: Hitmonchan|atk|1\n|-boost|p1a: Hitmonchan|def|1\n|move|p2a: Glastrier|High Horsepower|p1a: Hitmonchan\n|-damage|p1a: Hitmonchan|45/229\n|\n|-heal|p1a: Hitmonchan|59/229|[from] item: Leftovers\n|upkeep\n|turn|13\n|\n|t:|1782902166\n|move|p1a: Hitmonchan|Drain Punch|p2a: Glastrier\n|-damage|p2a: Glastrier|75/311\n|-heal|p1a: Hitmonchan|139/229|[from] drain|[of] p2a: Glastrier\n|move|p2a: Glastrier|High Horsepower|p1a: Hitmonchan\n|-damage|p1a: Hitmonchan|27/229\n|\n|-heal|p1a: Hitmonchan|41/229|[from] item: Leftovers\n|upkeep\n|turn|14\n|\n|t:|1782902173\n|move|p1a: Hitmonchan|Drain Punch|p2a: Glastrier\n|-damage|p2a: Glastrier|0 fnt\n|-heal|p1a: Hitmonchan|79/229|[from] drain|[of] p2a: Glastrier\n|faint|p2a: Glastrier\n|\n|-heal|p1a: Hitmonchan|93/229|[from] item: Leftovers\n|upkeep\n|\n|t:|1782902175\n|switch|p2a: Hydrapple|Hydrapple, L83, M|251/312\n|-damage|p2a: Hydrapple|173/312|[from] Spikes\n|turn|15\n|\n|t:|1782902182\n|move|p1a: Hitmonchan|Poison Jab|p2a: Hydrapple\n|-supereffective|p2a: Hydrapple\n|-crit|p2a: Hydrapple\n|-damage|p2a: Hydrapple|0 fnt\n|faint|p2a: Hydrapple\n|\n|-heal|p1a: Hitmonchan|107/229|[from] item: Leftovers\n|upkeep\n|\n|t:|1782902184\n|switch|p2a: Wo-Chien|Wo-Chien, L83|277/277\n|-damage|p2a: Wo-Chien|208/277|[from] Spikes\n|-ability|p2a: Wo-Chien|Tablets of Ruin\n|turn|16\n|\n|t:|1782902190\n|move|p2a: Wo-Chien|Protect|p2a: Wo-Chien\n|-singleturn|p2a: Wo-Chien|Protect\n|move|p1a: Hitmonchan|Drain Punch|p2a: Wo-Chien\n|-activate|p2a: Wo-Chien|move: Protect\n|\n|-heal|p1a: Hitmonchan|121/229|[from] item: Leftovers\n|-heal|p2a: Wo-Chien|225/277|[from] item: Leftovers\n|upkeep\n|turn|17\n|\n|t:|1782902193\n|move|p1a: Hitmonchan|Drain Punch|p2a: Wo-Chien\n|-supereffective|p2a: Wo-Chien\n|-damage|p2a: Wo-Chien|0 fnt\n|-heal|p1a: Hitmonchan|229/229|[from] drain|[of] p2a: Wo-Chien\n|faint|p2a: Wo-Chien\n|\n|upkeep\n|\n|t:|1782902196\n|switch|p2a: Whiscash|Whiscash, L88, F|258/337\n|-damage|p2a: Whiscash|174/337|[from] Spikes\n|turn|18\n|\n|t:|1782902200\n|move|p1a: Hitmonchan|Drain Punch|p2a: Whiscash\n|-damage|p2a: Whiscash|0 fnt\n|faint|p2a: Whiscash\n|\n|upkeep\n|\n|t:|1782902204\n|switch|p2a: Kingambit|Kingambit, L74, F|270/270\n|-damage|p2a: Kingambit|203/270|[from] Spikes\n|-activate|p2a: Kingambit|ability: Supreme Overlord\n|-start|p2a: Kingambit|fallen5|[silent]\n|turn|19\n|\n|t:|1782902207\n|move|p1a: Hitmonchan|Drain Punch|p2a: Kingambit\n|-supereffective|p2a: Kingambit\n|-damage|p2a: Kingambit|0 fnt\n|faint|p2a: Kingambit\n|-end|p2a: Kingambit|fallen5|[silent]\n|\n|win|pokemon theori\n|raw|pokemon theori's rating: 2105 &rarr; <strong>2126</strong><br />(+21 for winning)\n|raw|forcemajor14's rating: 2122 &rarr; <strong>2101</strong><br />(-21 for losing)\n", "inputlog": ">version f8ac14003a5f27e1bdc8d8c59608a773c1cb96e5\n>start {\"formatid\":\"gen9randombattle\",\"seed\":\"sodium,d3548db89d21803b06cb9bd066b5c0ad\",\"rated\":\"Rated battle\"}\n>player p1 {\"name\":\"pokemon theori\",\"avatar\":\"giovanni\",\"rating\":2105,\"seed\":\"sodium,30308759353a18094c8ced26e538e009\"}\n>player p2 {\"name\":\"forcemajor14\",\"avatar\":\"266\",\"rating\":2136,\"seed\":\"sodium,22c70cd9edf7ac7ff9c726bab668bb04\"}\n>p1 move swordsdance\n>p2 switch 5\n>p1 move knockoff\n>p2 move leafstorm\n>p1 switch 3\n>p1 move dragondance\n>p2 move earthpower\n>p1 move stoneedge\n>p2 switch 2\n>p1 move earthquake\n>p2 move earthquake\n>p1 switch 4\n>p1 move spikes\n>p2 move spikes\n>p1 move spikes\n>p2 move hydropump\n>p1 move spikes\n>p2 move spikes\n>p1 move shedtail\n>p2 move hydropump\n>p1 switch 5\n>p1 move bulkup\n>p2 move earthquake\n>p1 move knockoff\n>p2 switch 4\n>p2 switch 3\n>p1 move bulkup\n>p2 move highhorsepower terastallize\n>p1 move drainpunch\n>p2 move highhorsepower\n>p1 move drainpunch\n>p2 move highhorsepower\n>p2 switch 2\n>p1 move poisonjab\n>p2 move dracometeor\n>p2 switch 6\n>p1 move drainpunch\n>p2 move protect\n>p1 move drainpunch\n>p2 move leechseed\n>p2 switch 4\n>p1 move drainpunch\n>p2 move hydropump\n>p2 switch 5\n>p1 move drainpunch\n>p2 move swordsdance", "uploadtime": 1782902207, "views": 7, "formatid": "gen9randombattle", "rating": 2101, "private": 0, "password": null, "player_dets": [{"name": "pokemon theori", "avatar": "giovanni", "rating": 2105, "seed": "sodium,30308759353a18094c8ced26e538e009"}, {"name": "forcemajor14", "avatar": "266", "rating": 2136, "seed": "sodium,22c70cd9edf7ac7ff9c726bab668bb04"}], "teams_full": [{"Samurott": {"name": "Samurott", "species": "Samurott", "speciesId": "samurott", "gender": "F", "shiny": false, "level": 88, "moves": ["liquidation", "knockoff", "sacredsword", "swordsdance"], "ability": "Torrent", "evs": {"hp": 85, "atk": 85, "def": 85, "spa": 85, "spd": 85, "spe": 85}, "ivs": {"hp": 31, "atk": 31, "def": 31, "spa": 31, "spd": 31, "spe": 31}, "item": "Life Orb", "teraType": "Dark", "role": "Setup Sweeper", "bvs": {"hp": 95, "atk": 100, "def": 85, "spa": 108, "spd": 70, "spe": 70}, "stats": {"hp": 310, "atk": 226, "def": 200, "spa": 240, "spd": 173, "spe": 173}, "types": ["Water"]}, "Sunflora": {"name": "Sunflora", "species": "Sunflora", "speciesId": "sunflora", "gender": "M", "shiny": false, "level": 100, "moves": ["sunnyday", "weatherball", "solarbeam", "earthpower"], "ability": "Chlorophyll", "evs": {"hp": 85, "atk": 0, "def": 85, "spa": 85, "spd": 85, "spe": 85}, "ivs": {"hp": 31, "atk": 0, "def": 31, "spa": 31, "spd": 31, "spe": 31}, "item": "Life Orb", "teraType": "Fire", "role": "Setup Sweeper", "bvs": {"hp": 75, "atk": 75, "def": 55, "spa": 105, "spd": 85, "spe": 30}, "stats": {"hp": 312, "atk": 155, "def": 167, "spa": 267, "spd": 227, "spe": 117}, "types": ["Grass"]}, "Iron Thorns": {"name": "Iron Thorns", "species": "Iron Thorns", "speciesId": "ironthorns", "gender": "N", "shiny": false, "level": 83, "moves": ["earthquake", "wildcharge", "stoneedge", "dragondance"], "ability": "Quark Drive", "evs": {"hp": 85, "atk": 85, "def": 85, "spa": 85, "spd": 85, "spe": 85}, "ivs": {"hp": 31, "atk": 31, "def": 31, "spa": 31, "spd": 31, "spe": 31}, "item": "Booster Energy", "teraType": "Rock", "role": "Fast Bulky Setup", "bvs": {"hp": 100, "atk": 134, "def": 110, "spa": 70, "spd": 84, "spe": 72}, "stats": {"hp": 302, "atk": 270, "def": 230, "spa": 164, "spd": 187, "spe": 167}, "types": ["Rock", "Electric"]}, "Orthworm": {"name": "Orthworm", "species": "Orthworm", "speciesId": "orthworm", "gender": "F", "shiny": false, "level": 88, "moves": ["bodypress", "spikes", "heavyslam", "shedtail"], "ability": "Earth Eater", "evs": {"hp": 85, "atk": 85, "def": 85, "spa": 85, "spd": 85, "spe": 85}, "ivs": {"hp": 31, "atk": 31, "def": 31, "spa": 31, "spd": 31, "spe": 31}, "item": "Leftovers", "teraType": "Poison", "role": "Bulky Attacker", "bvs": {"hp": 70, "atk": 85, "def": 145, "spa": 60, "spd": 55, "spe": 65}, "stats": {"hp": 266, "atk": 200, "def": 305, "spa": 156, "spd": 147, "spe": 165}, "types": ["Steel"]}, "Hitmonchan": {"name": "Hitmonchan", "species": "Hitmonchan", "speciesId": "hitmonchan", "gender": "M", "shiny": false, "level": 87, "moves": ["bulkup", "drainpunch", "poisonjab", "knockoff"], "ability": "Iron Fist", "evs": {"hp": 85, "atk": 85, "def": 85, "spa": 85, "spd": 85, "spe": 85}, "ivs": {"hp": 31, "atk": 31, "def": 31, "spa": 31, "spd": 31, "spe": 31}, "item": "Leftovers", "teraType": "Dark", "role": "Bulky Setup", "bvs": {"hp": 50, "atk": 105, "def": 79, "spa": 35, "spd": 110, "spe": 76}, "stats": {"hp": 229, "atk": 232, "def": 187, "spa": 111, "spd": 241, "spe": 182}, "types": ["Fighting"]}, "Amoonguss": {"name": "Amoonguss", "species": "Amoonguss", "speciesId": "amoonguss", "gender": "F", "shiny": false, "level": 82, "moves": ["sludgebomb", "stompingtantrum", "gigadrain", "spore"], "ability": "Regenerator", "evs": {"hp": 85, "atk": 85, "def": 85, "spa": 85, "spd": 85, "spe": 85}, "ivs": {"hp": 31, "atk": 31, "def": 31, "spa": 31, "spd": 31, "spe": 31}, "item": "Leftovers", "teraType": "Steel", "role": "Bulky Attacker", "bvs": {"hp": 114, "atk": 85, "def": 70, "spa": 85, "spd": 80, "spe": 30}, "stats": {"hp": 321, "atk": 187, "def": 162, "spa": 187, "spd": 178, "spe": 96}, "types": ["Grass", "Poison"]}}, {"Kingambit": {"name": "Kingambit", "species": "Kingambit", "speciesId": "kingambit", "gender": "F", "shiny": false, "level": 74, "moves": ["swordsdance", "suckerpunch", "ironhead", "kowtowcleave"], "ability": "Supreme Overlord", "evs": {"hp": 85, "atk": 85, "def": 85, "spa": 85, "spd": 85, "spe": 85}, "ivs": {"hp": 31, "atk": 31, "def": 31, "spa": 31, "spd": 31, "spe": 31}, "item": "Leftovers", "teraType": "Dark", "role": "Bulky Attacker", "bvs": {"hp": 100, "atk": 135, "def": 120, "spa": 60, "spd": 85, "spe": 50}, "stats": {"hp": 270, "atk": 243, "def": 221, "spa": 132, "spd": 169, "spe": 117}, "types": ["Dark", "Steel"]}, "Whiscash": {"name": "Whiscash", "species": "Whiscash", "speciesId": "whiscash", "gender": "F", "shiny": false, "level": 88, "moves": ["icebeam", "earthquake", "spikes", "hydropump"], "ability": "Oblivious", "evs": {"hp": 85, "atk": 85, "def": 85, "spa": 85, "spd": 85, "spe": 85}, "ivs": {"hp": 31, "atk": 31, "def": 31, "spa": 31, "spd": 31, "spe": 31}, "item": "Leftovers", "teraType": "Ghost", "role": "Bulky Support", "bvs": {"hp": 110, "atk": 78, "def": 73, "spa": 76, "spd": 71, "spe": 60}, "stats": {"hp": 337, "atk": 188, "def": 179, "spa": 184, "spd": 175, "spe": 156}, "types": ["Water", "Ground"]}, "Glastrier": {"name": "Glastrier", "species": "Glastrier", "speciesId": "glastrier", "gender": "N", "shiny": false, "level": 86, "moves": ["highhorsepower", "iciclecrash", "closecombat", "heavyslam"], "ability": "Chilling Neigh", "evs": {"hp": 81, "atk": 85, "def": 85, "spa": 85, "spd": 85, "spe": 85}, "ivs": {"hp": 31, "atk": 31, "def": 31, "spa": 31, "spd": 31, "spe": 31}, "item": "Choice Band", "teraType": "Ground", "role": "Bulky Attacker", "bvs": {"hp": 100, "atk": 145, "def": 130, "spa": 65, "spd": 110, "spe": 30}, "stats": {"hp": 311, "atk": 299, "def": 273, "spa": 161, "spd": 238, "spe": 101}, "types": ["Ice"]}, "Gengar": {"name": "Gengar", "species": "Gengar", "speciesId": "gengar", "gender": "F", "shiny": false, "level": 81, "moves": ["nastyplot", "focusblast", "shadowball", "sludgewave"], "ability": "Cursed Body", "evs": {"hp": 85, "atk": 0, "def": 85, "spa": 85, "spd": 85, "spe": 85}, "ivs": {"hp": 31, "atk": 0, "def": 31, "spa": 31, "spd": 31, "spe": 31}, "item": "Life Orb", "teraType": "Fighting", "role": "Wallbreaker", "bvs": {"hp": 60, "atk": 65, "def": 60, "spa": 130, "spd": 75, "spe": 110}, "stats": {"hp": 230, "atk": 110, "def": 144, "spa": 257, "spd": 168, "spe": 225}, "types": ["Ghost", "Poison"]}, "Hydrapple": {"name": "Hydrapple", "species": "Hydrapple", "speciesId": "hydrapple", "gender": "M", "shiny": false, "level": 83, "moves": ["leafstorm", "earthpower", "ficklebeam", "dracometeor"], "ability": "Regenerator", "evs": {"hp": 85, "atk": 0, "def": 85, "spa": 85, "spd": 85, "spe": 85}, "ivs": {"hp": 31, "atk": 0, "def": 31, "spa": 31, "spd": 31, "spe": 31}, "item": "Choice Specs", "teraType": "Dragon", "role": "Wallbreaker", "bvs": {"hp": 106, "atk": 80, "def": 110, "spa": 120, "spd": 80, "spe": 44}, "stats": {"hp": 312, "atk": 137, "def": 230, "spa": 247, "spd": 180, "spe": 121}, "types": ["Grass", "Dragon"]}, "Wo-Chien": {"name": "Wo-Chien", "species": "Wo-Chien", "speciesId": "wochien", "gender": "N", "shiny": false, "level": 83, "moves": ["leechseed", "protect", "knockoff", "ruination"], "ability": "Tablets of Ruin", "evs": {"hp": 85, "atk": 85, "def": 85, "spa": 85, "spd": 85, "spe": 85}, "ivs": {"hp": 31, "atk": 31, "def": 31, "spa": 31, "spd": 31, "spe": 31}, "item": "Leftovers", "teraType": "Poison", "role": "Bulky Support", "bvs": {"hp": 85, "atk": 85, "def": 100, "spa": 95, "spd": 135, "spe": 70}, "stats": {"hp": 277, "atk": 189, "def": 214, "spa": 205, "spd": 272, "spe": 164}, "types": ["Dark", "Grass"]}}]}