{"id": "gen9randombattle-2641832377", "format": "[Gen 9] Random Battle", "players": ["gsf777", "moenke"], "log": "|badge|p2|bronze|gen9randombattle|100-9\n|html|<div class=\"broadcast-red\"><strong>This battle is required to be public due to one or more player having a season medal.</strong><br />During the public phase, you can discuss the state of the ladder <a href=\"/seasondiscussion\">in a special chatroom.</a></div>\n|uhtml|medal-msg|<div class=\"broadcast-blue\">Curious what those medals under the avatar are? PS now has Ladder Seasons! For more information, check out the <a href=\"https://www.smogon.com/forums/threads/3740067/\">thread on Smogon.</a></div>\n|raw|<div class=\"broadcast-blue\"><strong>This battle is required to be public due to a player having a name starting with 'medal'.</div>\n|j|\u203dgsf777\n|j|\u2606moenke\n|t:|1782847287\n|gametype|singles\n|player|p1|gsf777|cyrus|2185\n|player|p2|moenke|169|2350\n|gen|9\n|tier|[Gen 9] Random Battle\n|rated|\n|rule|Species Clause: Limit one of each Pok\u00e9mon\n|rule|HP Percentage Mod: HP is shown in percentages\n|rule|Sleep Clause Mod: Limit one foe put to sleep\n|rule|Illusion Level Mod: Illusion disguises the Pok\u00e9mon's true level\n|\n|t:|1782847287\n|teamsize|p1|6\n|teamsize|p2|6\n|start\n|switch|p1a: Raichu|Raichu, L88, M|249/249\n|switch|p2a: Electivire|Electivire, L84, F|263/263\n|turn|1\n|inactive|Battle timer is ON: inactive players will automatically lose when time's up. (requested by gsf777)\n|j| jge973\n|\n|t:|1782847313\n|switch|p1a: Wyrdeer|Wyrdeer, L87, F|321/321\n|-ability|p1a: Wyrdeer|Intimidate|boost\n|-unboost|p2a: Electivire|atk|1\n|move|p2a: Electivire|Knock Off|p1a: Wyrdeer\n|-supereffective|p1a: Wyrdeer\n|-damage|p1a: Wyrdeer|162/321\n|-enditem|p1a: Wyrdeer|Leftovers|[from] move: Knock Off|[of] p2a: Electivire\n|-damage|p2a: Electivire|237/263|[from] item: Life Orb\n|\n|upkeep\n|turn|2\n|j| GoPlayCatch\n|\n|t:|1782847323\n|move|p2a: Electivire|Volt Switch|p1a: Wyrdeer\n|-damage|p1a: Wyrdeer|55/321\n|-damage|p2a: Electivire|211/263|[from] item: Life Orb\n|\n|t:|1782847333\n|switch|p2a: Goodra|Goodra, L85, M|292/292|[from] Volt Switch\n|move|p1a: Wyrdeer|Body Slam|p2a: Goodra\n|-damage|p2a: Goodra|169/292\n|\n|upkeep\n|turn|3\n|\n|t:|1782847340\n|move|p2a: Goodra|Scald|p1a: Wyrdeer\n|-damage|p1a: Wyrdeer|0 fnt\n|faint|p1a: Wyrdeer\n|\n|upkeep\n|\n|t:|1782847350\n|switch|p1a: Iron Leaves|Iron Leaves, L80|275/275\n|turn|4\n|\n|t:|1782847363\n|switch|p2a: Zacian|Zacian-Crowned, L64|225/225\n|-ability|p2a: Zacian|Intrepid Sword|boost\n|-boost|p2a: Zacian|atk|1\n|move|p1a: Iron Leaves|Psyblade|p2a: Zacian\n|-resisted|p2a: Zacian\n|-damage|p2a: Zacian|146/225\n|\n|upkeep\n|turn|5\n|\n|t:|1782847370\n|-end|p1a: Iron Leaves|Quark Drive|[silent]\n|switch|p1a: Raichu|Raichu, L88, M|249/249\n|move|p2a: Zacian|Play Rough|p1a: Raichu\n|-damage|p1a: Raichu|80/249\n|-unboost|p1a: Raichu|atk|1\n|\n|upkeep\n|turn|6\n|\n|t:|1782847380\n|move|p1a: Raichu|Surf|p2a: Zacian\n|-damage|p2a: Zacian|49/225\n|-damage|p1a: Raichu|56/249|[from] item: Life Orb\n|move|p2a: Zacian|Play Rough|p1a: Raichu\n|-damage|p1a: Raichu|0 fnt\n|faint|p1a: Raichu\n|\n|upkeep\n|\n|t:|1782847383\n|switch|p1a: Blastoise|Blastoise, L80, M|258/258\n|turn|7\n|\n|t:|1782847386\n|move|p2a: Zacian|Play Rough|p1a: Blastoise\n|-damage|p1a: Blastoise|143/258\n|move|p1a: Blastoise|Shell Smash|p1a: Blastoise\n|-unboost|p1a: Blastoise|def|1\n|-unboost|p1a: Blastoise|spd|1\n|-boost|p1a: Blastoise|atk|2\n|-boost|p1a: Blastoise|spa|2\n|-boost|p1a: Blastoise|spe|2\n|-enditem|p1a: Blastoise|White Herb\n|-clearnegativeboost|p1a: Blastoise|[silent]\n|\n|upkeep\n|turn|8\n|\n|t:|1782847391\n|move|p1a: Blastoise|Earthquake|p2a: Zacian\n|-supereffective|p2a: Zacian\n|-crit|p2a: Zacian\n|-damage|p2a: Zacian|0 fnt\n|faint|p2a: Zacian\n|\n|upkeep\n|\n|t:|1782847413\n|switch|p2a: Goodra|Goodra, L85, M|169/292\n|turn|9\n|\n|t:|1782847419\n|-terastallize|p1a: Blastoise|Ground\n|-terastallize|p2a: Goodra|Water\n|move|p1a: Blastoise|Earthquake|p2a: Goodra\n|-damage|p2a: Goodra|0 fnt\n|faint|p2a: Goodra\n|\n|upkeep\n|\n|t:|1782847430\n|switch|p2a: Blastoise|Blastoise, L80, M|258/258\n|turn|10\n|\n|t:|1782847435\n|switch|p1a: Iron Leaves|Iron Leaves, L80|275/275\n|move|p2a: Blastoise|Hydro Pump|p1a: Iron Leaves\n|-resisted|p1a: Iron Leaves\n|-damage|p1a: Iron Leaves|231/275\n|\n|upkeep\n|turn|11\n|\n|t:|1782847440\n|move|p1a: Iron Leaves|Leaf Blade|p2a: Blastoise\n|-supereffective|p2a: Blastoise\n|-damage|p2a: Blastoise|0 fnt\n|faint|p2a: Blastoise\n|\n|upkeep\n|\n|t:|1782847445\n|switch|p2a: Typhlosion|Typhlosion, L84, M|267/267\n|turn|12\n|\n|t:|1782847451\n|-end|p1a: Iron Leaves|Quark Drive|[silent]\n|switch|p1a: Tauros|Tauros-Paldea-Aqua, L81, M|252/252\n|move|p2a: Typhlosion|Eruption|p1a: Tauros\n|-resisted|p1a: Tauros\n|-damage|p1a: Tauros|141/252\n|\n|upkeep\n|turn|13\n|\n|t:|1782847459\n|switch|p2a: Electivire|Electivire, L84, F|211/263\n|move|p1a: Tauros|Close Combat|p2a: Electivire\n|-damage|p2a: Electivire|57/263\n|-unboost|p1a: Tauros|def|1\n|-unboost|p1a: Tauros|spd|1\n|\n|upkeep\n|turn|14\n|\n|t:|1782847471\n|switch|p1a: Blastoise|Blastoise, L80, M, tera:Ground|143/258\n|move|p2a: Electivire|Volt Switch|p1a: Blastoise\n|-immune|p1a: Blastoise\n|\n|upkeep\n|turn|15\n|\n|t:|1782847476\n|move|p2a: Electivire|Earthquake|p1a: Blastoise\n|-damage|p1a: Blastoise|34/258\n|-damage|p2a: Electivire|31/263|[from] item: Life Orb\n|move|p1a: Blastoise|Shell Smash|p1a: Blastoise\n|-unboost|p1a: Blastoise|def|1\n|-unboost|p1a: Blastoise|spd|1\n|-boost|p1a: Blastoise|atk|2\n|-boost|p1a: Blastoise|spa|2\n|-boost|p1a: Blastoise|spe|2\n|\n|upkeep\n|turn|16\n|\n|t:|1782847480\n|move|p1a: Blastoise|Earthquake|p2a: Electivire\n|-supereffective|p2a: Electivire\n|-damage|p2a: Electivire|0 fnt\n|faint|p2a: Electivire\n|\n|upkeep\n|\n|t:|1782847482\n|switch|p2a: Hitmonchan|Hitmonchan, L87, M|229/229\n|turn|17\n|\n|t:|1782847485\n|move|p1a: Blastoise|Hydro Pump|p2a: Hitmonchan|[miss]\n|-miss|p1a: Blastoise|p2a: Hitmonchan\n|move|p2a: Hitmonchan|Drain Punch|p1a: Blastoise\n|-damage|p1a: Blastoise|0 fnt\n|faint|p1a: Blastoise\n|\n|upkeep\n|\n|t:|1782847487\n|switch|p1a: Iron Leaves|Iron Leaves, L80|231/275\n|turn|18\n|\n|t:|1782847493\n|move|p1a: Iron Leaves|Psyblade|p2a: Hitmonchan\n|-supereffective|p2a: Hitmonchan\n|-damage|p2a: Hitmonchan|0 fnt\n|faint|p2a: Hitmonchan\n|\n|upkeep\n|\n|t:|1782847495\n|switch|p2a: Typhlosion|Typhlosion, L84, M|267/267\n|turn|19\n|\n|t:|1782847498\n|move|p2a: Typhlosion|Eruption|p1a: Iron Leaves\n|-supereffective|p1a: Iron Leaves\n|-damage|p1a: Iron Leaves|0 fnt\n|faint|p1a: Iron Leaves\n|-end|p1a: Iron Leaves|Quark Drive|[silent]\n|\n|upkeep\n|\n|t:|1782847502\n|switch|p1a: Zekrom|Zekrom, L71|259/259\n|-ability|p1a: Zekrom|Teravolt\n|turn|20\n|\n|t:|1782847504\n|move|p2a: Typhlosion|Eruption|p1a: Zekrom\n|-resisted|p1a: Zekrom\n|-damage|p1a: Zekrom|169/259\n|move|p1a: Zekrom|Outrage|p2a: Typhlosion\n|-damage|p2a: Typhlosion|117/267\n|\n|-heal|p1a: Zekrom|185/259|[from] item: Leftovers\n|upkeep\n|turn|21\n|\n|t:|1782847506\n|move|p2a: Typhlosion|Eruption|p1a: Zekrom\n|-resisted|p1a: Zekrom\n|-damage|p1a: Zekrom|148/259\n|move|p1a: Zekrom|Outrage|p2a: Typhlosion|[from] lockedmove\n|-damage|p2a: Typhlosion|0 fnt\n|faint|p2a: Typhlosion\n|\n|win|gsf777\n|raw|gsf777's rating: 2185 &rarr; <strong>2214</strong><br />(+29 for winning)\n|raw|moenke's rating: 2350 &rarr; <strong>2321</strong><br />(-29 for losing)\n", "inputlog": ">version f8ac14003a5f27e1bdc8d8c59608a773c1cb96e5\n>start {\"formatid\":\"gen9randombattle\",\"seed\":\"sodium,14fb420d529e41425b3396696cd601ff\",\"rated\":\"Rated battle\"}\n>player p1 {\"name\":\"gsf777\",\"avatar\":\"cyrus\",\"rating\":2185,\"seed\":\"sodium,65ec8e8bd52ffa6726e4e0d547ef8f6c\"}\n>player p2 {\"name\":\"moenke\",\"avatar\":\"169\",\"rating\":2350,\"seed\":\"sodium,62641a305acede5a7fe9667c3386ce71\"}\n>p1 switch 6\n>p2 move knockoff\n>p1 move bodyslam\n>p2 move voltswitch\n>p2 switch 2\n>p1 move bodyslam\n>p2 move scald\n>p1 switch 5\n>p1 move psyblade\n>p2 switch 3\n>p1 switch 6\n>p2 move playrough\n>p1 move surf\n>p2 move playrough\n>p1 switch 2\n>p1 move shellsmash\n>p2 move playrough\n>p1 move earthquake\n>p2 move playrough\n>p2 switch 3\n>p1 move earthquake terastallize\n>p2 move dragontail terastallize\n>p2 switch 4\n>p1 switch 6\n>p2 move hydropump\n>p1 move leafblade\n>p2 move icebeam\n>p2 switch 6\n>p1 switch 4\n>p2 move eruption\n>p1 move closecombat\n>p2 switch 2\n>p1 switch 6\n>p2 move voltswitch\n>p1 move shellsmash\n>p2 move earthquake\n>p1 move earthquake\n>p2 move earthquake\n>p2 switch 5\n>p1 move hydropump\n>p2 move drainpunch\n>p1 switch 4\n>p1 move psyblade\n>p2 move knockoff\n>p2 switch 2\n>p1 move psyblade\n>p2 move eruption\n>p1 switch 3\n>p1 move outrage\n>p2 move eruption\n>p1 move outrage\n>p2 move eruption", "uploadtime": 1782847506, "views": 7, "formatid": "gen9randombattle", "rating": 2214, "private": 0, "password": null, "player_dets": [{"name": "gsf777", "avatar": "cyrus", "rating": 2185, "seed": "sodium,65ec8e8bd52ffa6726e4e0d547ef8f6c"}, {"name": "moenke", "avatar": "169", "rating": 2350, "seed": "sodium,62641a305acede5a7fe9667c3386ce71"}], "teams_full": [{"Raichu": {"name": "Raichu", "species": "Raichu", "speciesId": "raichu", "gender": "M", "shiny": false, "level": 88, "moves": ["surf", "terablast", "nastyplot", "thunderbolt"], "ability": "Lightning Rod", "evs": {"hp": 85, "atk": 0, "def": 85, "spa": 85, "spd": 85, "spe": 85}, "ivs": {"hp": 31, "atk": 0, "def": 31, "spa": 31, "spd": 31, "spe": 31}, "item": "Life Orb", "teraType": "Ice", "role": "Tera Blast user", "bvs": {"hp": 60, "atk": 90, "def": 55, "spa": 90, "spd": 80, "spe": 110}, "stats": {"hp": 249, "atk": 163, "def": 147, "spa": 209, "spd": 191, "spe": 244}, "types": ["Electric"]}, "Blastoise": {"name": "Blastoise", "species": "Blastoise", "speciesId": "blastoise", "gender": "M", "shiny": false, "level": 80, "moves": ["shellsmash", "earthquake", "hydropump", "icebeam"], "ability": "Torrent", "evs": {"hp": 85, "atk": 85, "def": 85, "spa": 85, "spd": 85, "spe": 85}, "ivs": {"hp": 31, "atk": 31, "def": 31, "spa": 31, "spd": 31, "spe": 31}, "item": "White Herb", "teraType": "Ground", "role": "Setup Sweeper", "bvs": {"hp": 79, "atk": 83, "def": 100, "spa": 85, "spd": 105, "spe": 78}, "stats": {"hp": 258, "atk": 179, "def": 206, "spa": 182, "spd": 214, "spe": 171}, "types": ["Water"]}, "Zekrom": {"name": "Zekrom", "species": "Zekrom", "speciesId": "zekrom", "gender": "N", "shiny": false, "level": 71, "moves": ["outrage", "dragondance", "substitute", "boltstrike"], "ability": "Teravolt", "evs": {"hp": 85, "atk": 85, "def": 85, "spa": 85, "spd": 85, "spe": 85}, "ivs": {"hp": 31, "atk": 31, "def": 31, "spa": 31, "spd": 31, "spe": 31}, "item": "Leftovers", "teraType": "Electric", "role": "Setup Sweeper", "bvs": {"hp": 100, "atk": 150, "def": 120, "spa": 120, "spd": 100, "spe": 90}, "stats": {"hp": 259, "atk": 254, "def": 212, "spa": 212, "spd": 183, "spe": 169}, "types": ["Dragon", "Electric"]}, "Tauros": {"name": "Tauros", "species": "Tauros-Paldea-Aqua", "speciesId": "taurospaldeaaqua", "gender": "M", "shiny": false, "level": 81, "moves": ["bulkup", "substitute", "closecombat", "liquidation"], "ability": "Cud Chew", "evs": {"hp": 73, "atk": 85, "def": 85, "spa": 85, "spd": 85, "spe": 85}, "ivs": {"hp": 31, "atk": 31, "def": 31, "spa": 31, "spd": 31, "spe": 31}, "item": "Sitrus Berry", "teraType": "Steel", "role": "Fast Bulky Setup", "bvs": {"hp": 75, "atk": 110, "def": 105, "spa": 30, "spd": 70, "spe": 100}, "stats": {"hp": 252, "atk": 225, "def": 217, "spa": 95, "spd": 160, "spe": 209}, "types": ["Fighting", "Water"]}, "Iron Leaves": {"name": "Iron Leaves", "species": "Iron Leaves", "speciesId": "ironleaves", "gender": "N", "shiny": false, "level": 80, "moves": ["leafblade", "closecombat", "megahorn", "psyblade"], "ability": "Quark Drive", "evs": {"hp": 85, "atk": 85, "def": 85, "spa": 85, "spd": 85, "spe": 85}, "ivs": {"hp": 31, "atk": 31, "def": 31, "spa": 31, "spd": 31, "spe": 31}, "item": "Choice Band", "teraType": "Fighting", "role": "Wallbreaker", "bvs": {"hp": 90, "atk": 130, "def": 88, "spa": 70, "spd": 108, "spe": 104}, "stats": {"hp": 275, "atk": 254, "def": 187, "spa": 158, "spd": 219, "spe": 213}, "types": ["Grass", "Psychic"]}, "Wyrdeer": {"name": "Wyrdeer", "species": "Wyrdeer", "speciesId": "wyrdeer", "gender": "F", "shiny": false, "level": 87, "moves": ["psychicnoise", "earthquake", "thunderwave", "bodyslam"], "ability": "Intimidate", "evs": {"hp": 85, "atk": 85, "def": 85, "spa": 85, "spd": 85, "spe": 85}, "ivs": {"hp": 31, "atk": 31, "def": 31, "spa": 31, "spd": 31, "spe": 31}, "item": "Leftovers", "teraType": "Ground", "role": "Bulky Attacker", "bvs": {"hp": 103, "atk": 105, "def": 72, "spa": 105, "spd": 75, "spe": 65}, "stats": {"hp": 321, "atk": 232, "def": 175, "spa": 232, "spd": 180, "spe": 163}, "types": ["Normal", "Psychic"]}}, {"Electivire": {"name": "Electivire", "species": "Electivire", "speciesId": "electivire", "gender": "F", "shiny": false, "level": 84, "moves": ["earthquake", "supercellslam", "knockoff", "voltswitch"], "ability": "Motor Drive", "evs": {"hp": 85, "atk": 85, "def": 85, "spa": 85, "spd": 85, "spe": 85}, "ivs": {"hp": 31, "atk": 31, "def": 31, "spa": 31, "spd": 31, "spe": 31}, "item": "Life Orb", "teraType": "Ground", "role": "Fast Attacker", "bvs": {"hp": 75, "atk": 123, "def": 67, "spa": 95, "spd": 85, "spe": 95}, "stats": {"hp": 263, "atk": 255, "def": 161, "spa": 208, "spd": 191, "spe": 208}, "types": ["Electric"]}, "Goodra": {"name": "Goodra", "species": "Goodra", "speciesId": "goodra", "gender": "M", "shiny": false, "level": 85, "moves": ["dragontail", "dracometeor", "fireblast", "scald"], "ability": "Sap Sipper", "evs": {"hp": 85, "atk": 85, "def": 85, "spa": 85, "spd": 85, "spe": 85}, "ivs": {"hp": 31, "atk": 31, "def": 31, "spa": 31, "spd": 31, "spe": 31}, "item": "Assault Vest", "teraType": "Water", "role": "AV Pivot", "bvs": {"hp": 90, "atk": 100, "def": 70, "spa": 110, "spd": 150, "spe": 80}, "stats": {"hp": 292, "atk": 219, "def": 168, "spa": 236, "spd": 304, "spe": 185}, "types": ["Dragon"]}, "Zacian": {"name": "Zacian", "species": "Zacian", "speciesId": "zaciancrowned", "gender": "N", "shiny": false, "level": 64, "moves": ["swordsdance", "playrough", "closecombat", "behemothblade"], "ability": "Intrepid Sword", "evs": {"hp": 85, "atk": 85, "def": 85, "spa": 85, "spd": 85, "spe": 85}, "ivs": {"hp": 31, "atk": 31, "def": 31, "spa": 31, "spd": 31, "spe": 31}, "item": "Rusted Sword", "teraType": "Fighting", "role": "Setup Sweeper", "bvs": {"hp": 92, "atk": 150, "def": 115, "spa": 80, "spd": 115, "spe": 148}, "stats": {"hp": 225, "atk": 230, "def": 185, "spa": 140, "spd": 185, "spe": 227}, "types": ["Fairy", "Steel"]}, "Blastoise": {"name": "Blastoise", "species": "Blastoise", "speciesId": "blastoise", "gender": "M", "shiny": false, "level": 80, "moves": ["icebeam", "hydropump", "terablast", "shellsmash"], "ability": "Torrent", "evs": {"hp": 85, "atk": 0, "def": 85, "spa": 85, "spd": 85, "spe": 85}, "ivs": {"hp": 31, "atk": 0, "def": 31, "spa": 31, "spd": 31, "spe": 31}, "item": "White Herb", "teraType": "Electric", "role": "Tera Blast user", "bvs": {"hp": 79, "atk": 83, "def": 100, "spa": 85, "spd": 105, "spe": 78}, "stats": {"hp": 258, "atk": 137, "def": 206, "spa": 182, "spd": 214, "spe": 171}, "types": ["Water"]}, "Hitmonchan": {"name": "Hitmonchan", "species": "Hitmonchan", "speciesId": "hitmonchan", "gender": "M", "shiny": false, "level": 87, "moves": ["drainpunch", "bulkup", "poisonjab", "knockoff"], "ability": "Iron Fist", "evs": {"hp": 85, "atk": 85, "def": 85, "spa": 85, "spd": 85, "spe": 85}, "ivs": {"hp": 31, "atk": 31, "def": 31, "spa": 31, "spd": 31, "spe": 31}, "item": "Leftovers", "teraType": "Poison", "role": "Bulky Setup", "bvs": {"hp": 50, "atk": 105, "def": 79, "spa": 35, "spd": 110, "spe": 76}, "stats": {"hp": 229, "atk": 232, "def": 187, "spa": 111, "spd": 241, "spe": 182}, "types": ["Fighting"]}, "Typhlosion": {"name": "Typhlosion", "species": "Typhlosion", "speciesId": "typhlosion", "gender": "M", "shiny": false, "level": 84, "moves": ["eruption", "fireblast", "scorchingsands", "focusblast"], "ability": "Flash Fire", "evs": {"hp": 81, "atk": 0, "def": 85, "spa": 85, "spd": 85, "spe": 85}, "ivs": {"hp": 31, "atk": 0, "def": 31, "spa": 31, "spd": 31, "spe": 31}, "item": "Choice Scarf", "teraType": "Fire", "role": "Fast Attacker", "bvs": {"hp": 78, "atk": 84, "def": 78, "spa": 109, "spd": 85, "spe": 100}, "stats": {"hp": 267, "atk": 146, "def": 179, "spa": 231, "spd": 191, "spe": 216}, "types": ["Fire"]}}]}