{"id": "gen9randombattle-2642158514", "format": "[Gen 9] Random Battle", "players": ["leavemynameblank", "randbatsluvr"], "log": "|j|\u2606leavemynameblank\n|j|\u2606randbatsluvr\n|t:|1782902388\n|gametype|singles\n|player|p1|leavemynameblank|102|1202\n|player|p2|randbatsluvr|169|1213\n|gen|9\n|tier|[Gen 9] Random Battle\n|rated|\n|rule|Species Clause: Limit one of each Pok\u00e9mon\n|rule|HP Percentage Mod: HP is shown in percentages\n|rule|Sleep Clause Mod: Limit one foe put to sleep\n|rule|Illusion Level Mod: Illusion disguises the Pok\u00e9mon's true level\n|\n|t:|1782902388\n|teamsize|p1|6\n|teamsize|p2|6\n|start\n|switch|p1a: Registeel|Registeel, L81|262/262\n|switch|p2a: Salazzle|Salazzle, L83, F|249/249\n|turn|1\n|inactive|Battle timer is ON: inactive players will automatically lose when time's up. (requested by randbatsluvr)\n|\n|t:|1782902401\n|move|p2a: Salazzle|Flamethrower|p1a: Registeel\n|-supereffective|p1a: Registeel\n|-damage|p1a: Registeel|112/262\n|-status|p1a: Registeel|brn\n|move|p1a: Registeel|Stealth Rock|p2a: Salazzle\n|-sidestart|p2: randbatsluvr|move: Stealth Rock\n|\n|-heal|p1a: Registeel|128/262 brn|[from] item: Leftovers\n|-damage|p1a: Registeel|112/262 brn|[from] brn\n|upkeep\n|turn|2\n|\n|t:|1782902421\n|switch|p1a: Deoxys|Deoxys-Defense, L84|221/221\n|-ability|p1a: Deoxys|Pressure\n|move|p2a: Salazzle|Flamethrower|p1a: Deoxys\n|-damage|p1a: Deoxys|151/221\n|\n|upkeep\n|turn|3\n|\n|t:|1782902433\n|move|p2a: Salazzle|Flamethrower|p1a: Deoxys\n|-damage|p1a: Deoxys|88/221\n|move|p1a: Deoxys|Psychic Noise|p2a: Salazzle\n|-supereffective|p2a: Salazzle\n|-damage|p2a: Salazzle|97/249\n|-start|p2a: Salazzle|move: Heal Block\n|\n|upkeep\n|turn|4\n|\n|t:|1782902444\n|switch|p2a: Hippowdon|Hippowdon, L82, M|311/311\n|-damage|p2a: Hippowdon|292/311|[from] Stealth Rock\n|-weather|Sandstorm|[from] ability: Sand Stream|[of] p2a: Hippowdon\n|move|p1a: Deoxys|Recover|p1a: Deoxys\n|-heal|p1a: Deoxys|199/221\n|\n|-weather|Sandstorm|[upkeep]\n|-damage|p1a: Deoxys|186/221|[from] Sandstorm\n|-heal|p2a: Hippowdon|311/311|[from] item: Leftovers\n|upkeep\n|turn|5\n|\n|t:|1782902456\n|move|p1a: Deoxys|Spikes|p2a: Hippowdon\n|-sidestart|p2: randbatsluvr|Spikes\n|move|p2a: Hippowdon|Earthquake|p1a: Deoxys\n|-damage|p1a: Deoxys|116/221\n|\n|-weather|Sandstorm|[upkeep]\n|-damage|p1a: Deoxys|103/221|[from] Sandstorm\n|upkeep\n|turn|6\n|\n|t:|1782902464\n|move|p1a: Deoxys|Spikes|p2a: Hippowdon\n|-sidestart|p2: randbatsluvr|Spikes\n|move|p2a: Hippowdon|Earthquake|p1a: Deoxys\n|-crit|p1a: Deoxys\n|-damage|p1a: Deoxys|0 fnt\n|faint|p1a: Deoxys\n|\n|-weather|Sandstorm|[upkeep]\n|upkeep\n|\n|t:|1782902480\n|switch|p1a: Appletun|Appletun, L92, F|352/352\n|turn|7\n|\n|t:|1782902486\n|move|p2a: Hippowdon|Stone Edge|p1a: Appletun\n|-damage|p1a: Appletun|274/352\n|move|p1a: Appletun|Apple Acid|p2a: Hippowdon\n|-supereffective|p2a: Hippowdon\n|-damage|p2a: Hippowdon|75/311\n|-unboost|p2a: Hippowdon|spd|1\n|\n|-weather|Sandstorm|[upkeep]\n|-damage|p1a: Appletun|252/352|[from] Sandstorm\n|-heal|p2a: Hippowdon|94/311|[from] item: Leftovers\n|-heal|p1a: Appletun|274/352|[from] item: Leftovers\n|upkeep\n|turn|8\n|\n|t:|1782902501\n|move|p2a: Hippowdon|Stone Edge|p1a: Appletun\n|-damage|p1a: Appletun|200/352\n|move|p1a: Appletun|Leech Seed|p2a: Hippowdon\n|-start|p2a: Hippowdon|move: Leech Seed\n|\n|-weather|none\n|-heal|p2a: Hippowdon|113/311|[from] item: Leftovers\n|-heal|p1a: Appletun|222/352|[from] item: Leftovers\n|-damage|p2a: Hippowdon|75/311|[from] Leech Seed|[of] p1a: Appletun\n|-heal|p1a: Appletun|260/352|[silent]\n|upkeep\n|turn|9\n|\n|t:|1782902511\n|move|p2a: Hippowdon|Stone Edge|p1a: Appletun\n|-damage|p1a: Appletun|186/352\n|move|p1a: Appletun|Apple Acid|p2a: Hippowdon\n|-supereffective|p2a: Hippowdon\n|-damage|p2a: Hippowdon|0 fnt\n|faint|p2a: Hippowdon\n|\n|-heal|p1a: Appletun|208/352|[from] item: Leftovers\n|upkeep\n|\n|t:|1782902514\n|switch|p2a: Vivillon|Vivillon-Archipelago, L83, M|268/268\n|turn|10\n|\n|t:|1782902529\n|switch|p1a: Registeel|Registeel, L81|112/262 brn\n|move|p2a: Vivillon|Hurricane|p1a: Registeel\n|-resisted|p1a: Registeel\n|-damage|p1a: Registeel|74/262 brn\n|\n|-heal|p1a: Registeel|90/262 brn|[from] item: Leftovers\n|-damage|p1a: Registeel|74/262 brn|[from] brn\n|upkeep\n|turn|11\n|\n|t:|1782902543\n|move|p2a: Vivillon|Hurricane|p1a: Registeel\n|-resisted|p1a: Registeel\n|-damage|p1a: Registeel|38/262 brn\n|move|p1a: Registeel|Iron Head|p2a: Vivillon\n|-damage|p2a: Vivillon|216/268\n|\n|-heal|p1a: Registeel|54/262 brn|[from] item: Leftovers\n|-damage|p1a: Registeel|38/262 brn|[from] brn\n|upkeep\n|turn|12\n|\n|t:|1782902554\n|move|p2a: Vivillon|Hurricane|p1a: Registeel\n|-resisted|p1a: Registeel\n|-damage|p1a: Registeel|0 fnt\n|faint|p1a: Registeel\n|\n|upkeep\n|\n|t:|1782902564\n|switch|p1a: Ariados|Ariados, L95, F|287/287\n|turn|13\n|\n|t:|1782902568\n|move|p2a: Vivillon|Quiver Dance|p2a: Vivillon\n|-boost|p2a: Vivillon|spa|1\n|-boost|p2a: Vivillon|spd|1\n|-boost|p2a: Vivillon|spe|1\n|move|p1a: Ariados|Sticky Web|p2a: Vivillon\n|-sidestart|p2: randbatsluvr|move: Sticky Web\n|\n|upkeep\n|turn|14\n|\n|t:|1782902575\n|move|p2a: Vivillon|Hurricane|p1a: Ariados\n|-supereffective|p1a: Ariados\n|-damage|p1a: Ariados|0 fnt\n|faint|p1a: Ariados\n|\n|upkeep\n|\n|t:|1782902584\n|switch|p1a: Kyurem|Kyurem-Black, L71|295/295\n|-ability|p1a: Kyurem|Teravolt\n|turn|15\n|\n|t:|1782902593\n|switch|p2a: Azumarill|Azumarill, L82, F|298/298\n|-damage|p2a: Azumarill|261/298|[from] Stealth Rock\n|-damage|p2a: Azumarill|212/298|[from] Spikes\n|-activate|p2a: Azumarill|move: Sticky Web\n|-unboost|p2a: Azumarill|spe|1\n|move|p1a: Kyurem|Icicle Spear|p2a: Azumarill\n|-resisted|p2a: Azumarill\n|-crit|p2a: Azumarill\n|-damage|p2a: Azumarill|185/298\n|-resisted|p2a: Azumarill\n|-damage|p2a: Azumarill|168/298\n|-resisted|p2a: Azumarill\n|-crit|p2a: Azumarill\n|-damage|p2a: Azumarill|141/298\n|-enditem|p2a: Azumarill|Sitrus Berry|[eat]\n|-heal|p2a: Azumarill|215/298|[from] item: Sitrus Berry\n|-resisted|p2a: Azumarill\n|-damage|p2a: Azumarill|200/298\n|-resisted|p2a: Azumarill\n|-damage|p2a: Azumarill|185/298\n|-hitcount|p2a: Azumarill|5\n|\n|upkeep\n|turn|16\n|\n|t:|1782902619\n|switch|p1a: Appletun|Appletun, L92, F|208/352\n|move|p2a: Azumarill|Play Rough|p1a: Appletun\n|-supereffective|p1a: Appletun\n|-damage|p1a: Appletun|0 fnt\n|faint|p1a: Appletun\n|\n|upkeep\n|inactive|leavemynameblank has 120 seconds left.\n|\n|t:|1782902634\n|switch|p1a: Zacian|Zacian-Crowned, L64|225/225\n|-ability|p1a: Zacian|Intrepid Sword|boost\n|-boost|p1a: Zacian|atk|1\n|turn|17\n|\n|t:|1782902639\n|move|p1a: Zacian|Behemoth Blade|p2a: Azumarill\n|-damage|p2a: Azumarill|37/298\n|move|p2a: Azumarill|Liquidation|p1a: Zacian\n|-damage|p1a: Zacian|113/225\n|-unboost|p1a: Zacian|def|1\n|\n|upkeep\n|turn|18\n|\n|t:|1782902649\n|switch|p2a: Palafin|Palafin, L77, M|281/281\n|-damage|p2a: Palafin|246/281|[from] Stealth Rock\n|-damage|p2a: Palafin|200/281|[from] Spikes\n|-activate|p2a: Palafin|move: Sticky Web\n|-unboost|p2a: Palafin|spe|1\n|move|p1a: Zacian|Behemoth Blade|p2a: Palafin\n|-resisted|p2a: Palafin\n|-damage|p2a: Palafin|119/281\n|\n|upkeep\n|turn|19\n|\n|t:|1782902661\n|switch|p1a: Kyurem|Kyurem-Black, L71|295/295\n|-ability|p1a: Kyurem|Teravolt\n|detailschange|p2a: Palafin|Palafin-Hero, L77, M\n|switch|p2a: Salazzle|Salazzle, L83, F|97/249\n|-damage|p2a: Salazzle|35/249|[from] Stealth Rock\n|-damage|p2a: Salazzle|0 fnt|[from] Spikes\n|faint|p2a: Salazzle\n|\n|upkeep\n|\n|t:|1782902661\n|switch|p2a: Palafin|Palafin-Hero, L77, M|119/281\n|-damage|p2a: Palafin|84/281|[from] Stealth Rock\n|-damage|p2a: Palafin|38/281|[from] Spikes\n|-activate|p2a: Palafin|move: Sticky Web\n|-unboost|p2a: Palafin|spe|1\n|-activate|p2a: Palafin|ability: Zero to Hero\n|turn|20\n|\n|t:|1782902679\n|move|p1a: Kyurem|Scale Shot|p2a: Palafin\n|-damage|p2a: Palafin|7/281\n|-damage|p2a: Palafin|0 fnt\n|faint|p2a: Palafin\n|-hitcount|p2: Palafin|2\n|-unboost|p1a: Kyurem|def|1\n|-boost|p1a: Kyurem|spe|1\n|\n|upkeep\n|\n|t:|1782902681\n|switch|p2a: Azumarill|Azumarill, L82, F|37/298\n|-damage|p2a: Azumarill|0 fnt|[from] Stealth Rock\n|faint|p2a: Azumarill\n|\n|t:|1782902684\n|switch|p2a: Smeargle|Smeargle, L95, M|258/258\n|-damage|p2a: Smeargle|226/258|[from] Stealth Rock\n|-damage|p2a: Smeargle|183/258|[from] Spikes\n|-activate|p2a: Smeargle|move: Sticky Web\n|-unboost|p2a: Smeargle|spe|1\n|turn|21\n|\n|t:|1782902713\n|move|p1a: Kyurem|Icicle Spear|p2a: Smeargle\n|-damage|p2a: Smeargle|131/258\n|-damage|p2a: Smeargle|85/258\n|-damage|p2a: Smeargle|33/258\n|-damage|p2a: Smeargle|0 fnt\n|faint|p2a: Smeargle\n|-hitcount|p2: Smeargle|4\n|\n|upkeep\n|\n|t:|1782902713\n|switch|p2a: Vivillon|Vivillon-Archipelago, L83, M|216/268\n|turn|22\n|\n|t:|1782902724\n|move|p1a: Kyurem|Icicle Spear|p2a: Vivillon\n|-supereffective|p2a: Vivillon\n|-damage|p2a: Vivillon|118/268\n|-supereffective|p2a: Vivillon\n|-damage|p2a: Vivillon|16/268\n|-supereffective|p2a: Vivillon\n|-damage|p2a: Vivillon|0 fnt\n|faint|p2a: Vivillon\n|-hitcount|p2: Vivillon|3\n|\n|win|leavemynameblank\n|raw|leavemynameblank's rating: 1202 &rarr; <strong>1228</strong><br />(+26 for winning)\n|raw|randbatsluvr's rating: 1211 &rarr; <strong>1185</strong><br />(-26 for losing)\n|l|\u2606randbatsluvr\n|player|p2|\n", "inputlog": ">version f8ac14003a5f27e1bdc8d8c59608a773c1cb96e5\n>start {\"formatid\":\"gen9randombattle\",\"seed\":\"sodium,5a614725c0f1088c36afe9f566d0e6b0\",\"rated\":\"Rated battle\"}\n>player p1 {\"name\":\"leavemynameblank\",\"avatar\":\"102\",\"rating\":1202,\"seed\":\"sodium,fcd72a326565dd16212d73a079a74049\"}\n>player p2 {\"name\":\"randbatsluvr\",\"avatar\":\"169\",\"rating\":1213,\"seed\":\"sodium,55442770d4b68f0c69bb3764a81fb63e\"}\n>p1 move stealthrock\n>p2 move flamethrower\n>p1 switch 6\n>p2 move flamethrower\n>p1 move psychicnoise\n>p2 move flamethrower\n>p1 move recover\n>p2 switch 5\n>p1 move spikes\n>p2 move earthquake\n>p1 move spikes\n>p2 move earthquake\n>p1 switch 5\n>p1 move appleacid\n>p2 move stoneedge\n>p1 move leechseed\n>p2 move stoneedge\n>p1 move appleacid\n>p2 move stoneedge\n>p2 switch 4\n>p1 switch 6\n>p2 move hurricane\n>p1 move ironhead\n>p2 move hurricane\n>p1 move thunderwave\n>p2 move hurricane\n>p1 switch 2\n>p1 move stickyweb\n>p2 move quiverdance\n>p1 move poisonjab\n>p2 move hurricane\n>p1 switch 4\n>p1 move iciclespear\n>p2 switch 3\n>p1 switch 6\n>p2 move playrough\n>p1 switch 3\n>p1 move behemothblade\n>p2 move liquidation\n>p1 move behemothblade\n>p2 switch 2\n>p1 switch 6\n>p2 switch 5\n>p2 switch 5\n>p1 move scaleshot\n>p2 move closecombat\n>p2 switch 2\n>p2 switch 6\n>p1 move iciclespear\n>p2 move whirlwind\n>p2 switch 3\n>p1 move iciclespear\n>p2 move hurricane", "uploadtime": 1782902734, "views": 10, "formatid": "gen9randombattle", "rating": 1185, "private": 0, "password": null, "player_dets": [{"name": "leavemynameblank", "avatar": "102", "rating": 1202, "seed": "sodium,fcd72a326565dd16212d73a079a74049"}, {"name": "randbatsluvr", "avatar": "169", "rating": 1213, "seed": "sodium,55442770d4b68f0c69bb3764a81fb63e"}], "teams_full": [{"Registeel": {"name": "Registeel", "species": "Registeel", "speciesId": "registeel", "gender": "N", "shiny": false, "level": 81, "moves": ["ironhead", "thunderwave", "stealthrock", "bodypress"], "ability": "Clear Body", "evs": {"hp": 85, "atk": 85, "def": 85, "spa": 85, "spd": 85, "spe": 85}, "ivs": {"hp": 31, "atk": 31, "def": 31, "spa": 31, "spd": 31, "spe": 31}, "item": "Leftovers", "teraType": "Fighting", "role": "Bulky Support", "bvs": {"hp": 80, "atk": 75, "def": 150, "spa": 75, "spd": 150, "spe": 50}, "stats": {"hp": 262, "atk": 168, "def": 290, "spa": 168, "spd": 290, "spe": 128}, "types": ["Steel"]}, "Ariados": {"name": "Ariados", "species": "Ariados", "speciesId": "ariados", "gender": "F", "shiny": false, "level": 95, "moves": ["knockoff", "poisonjab", "stickyweb", "megahorn"], "ability": "Swarm", "evs": {"hp": 85, "atk": 85, "def": 85, "spa": 85, "spd": 85, "spe": 85}, "ivs": {"hp": 31, "atk": 31, "def": 31, "spa": 31, "spd": 31, "spe": 31}, "item": "Heavy-Duty Boots", "teraType": "Ghost", "role": "Fast Support", "bvs": {"hp": 70, "atk": 90, "def": 70, "spa": 60, "spd": 70, "spe": 40}, "stats": {"hp": 287, "atk": 225, "def": 187, "spa": 168, "spd": 187, "spe": 130}, "types": ["Bug", "Poison"]}, "Zacian": {"name": "Zacian", "species": "Zacian", "speciesId": "zaciancrowned", "gender": "N", "shiny": false, "level": 64, "moves": ["swordsdance", "playrough", "behemothblade", "closecombat"], "ability": "Intrepid Sword", "evs": {"hp": 85, "atk": 85, "def": 85, "spa": 85, "spd": 85, "spe": 85}, "ivs": {"hp": 31, "atk": 31, "def": 31, "spa": 31, "spd": 31, "spe": 31}, "item": "Rusted Sword", "teraType": "Fighting", "role": "Setup Sweeper", "bvs": {"hp": 92, "atk": 150, "def": 115, "spa": 80, "spd": 115, "spe": 148}, "stats": {"hp": 225, "atk": 230, "def": 185, "spa": 140, "spd": 185, "spe": 227}, "types": ["Fairy", "Steel"]}, "Kyurem": {"name": "Kyurem", "species": "Kyurem-Black", "speciesId": "kyuremblack", "gender": "N", "shiny": false, "level": 71, "moves": ["terablast", "iciclespear", "dragondance", "scaleshot"], "ability": "Teravolt", "evs": {"hp": 85, "atk": 85, "def": 85, "spa": 85, "spd": 85, "spe": 85}, "ivs": {"hp": 31, "atk": 31, "def": 31, "spa": 31, "spd": 31, "spe": 31}, "item": "Loaded Dice", "teraType": "Ground", "role": "Tera Blast user", "bvs": {"hp": 125, "atk": 170, "def": 100, "spa": 120, "spd": 90, "spe": 95}, "stats": {"hp": 295, "atk": 283, "def": 183, "spa": 212, "spd": 169, "spe": 176}, "types": ["Dragon", "Ice"]}, "Appletun": {"name": "Appletun", "species": "Appletun", "speciesId": "appletun", "gender": "F", "shiny": false, "level": 92, "moves": ["recover", "dracometeor", "leechseed", "appleacid"], "ability": "Thick Fat", "evs": {"hp": 85, "atk": 0, "def": 85, "spa": 85, "spd": 85, "spe": 85}, "ivs": {"hp": 31, "atk": 0, "def": 31, "spa": 31, "spd": 31, "spe": 31}, "item": "Leftovers", "teraType": "Steel", "role": "Bulky Attacker", "bvs": {"hp": 110, "atk": 85, "def": 80, "spa": 100, "spd": 80, "spe": 30}, "stats": {"hp": 352, "atk": 161, "def": 200, "spa": 236, "spd": 200, "spe": 108}, "types": ["Grass", "Dragon"]}, "Deoxys": {"name": "Deoxys", "species": "Deoxys-Defense", "speciesId": "deoxysdefense", "gender": "N", "shiny": false, "level": 84, "moves": ["psychicnoise", "spikes", "recover", "teleport"], "ability": "Pressure", "evs": {"hp": 85, "atk": 0, "def": 85, "spa": 85, "spd": 85, "spe": 85}, "ivs": {"hp": 31, "atk": 0, "def": 31, "spa": 31, "spd": 31, "spe": 31}, "item": "Rocky Helmet", "teraType": "Dark", "role": "Bulky Support", "bvs": {"hp": 50, "atk": 70, "def": 160, "spa": 70, "spd": 160, "spe": 90}, "stats": {"hp": 221, "atk": 122, "def": 317, "spa": 166, "spd": 317, "spe": 199}, "types": ["Psychic"]}}, {"Salazzle": {"name": "Salazzle", "species": "Salazzle", "speciesId": "salazzle", "gender": "F", "shiny": false, "level": 83, "moves": ["protect", "flamethrower", "substitute", "toxic"], "ability": "Corrosion", "evs": {"hp": 85, "atk": 0, "def": 85, "spa": 85, "spd": 85, "spe": 85}, "ivs": {"hp": 31, "atk": 0, "def": 31, "spa": 31, "spd": 31, "spe": 31}, "item": "Leftovers", "teraType": "Grass", "role": "Fast Support", "bvs": {"hp": 68, "atk": 64, "def": 60, "spa": 111, "spd": 60, "spe": 117}, "stats": {"hp": 249, "atk": 111, "def": 147, "spa": 232, "spd": 147, "spe": 242}, "types": ["Poison", "Fire"]}, "Palafin": {"name": "Palafin", "species": "Palafin", "speciesId": "palafin", "gender": "M", "shiny": false, "level": 77, "moves": ["wavecrash", "closecombat", "flipturn", "jetpunch"], "ability": "Zero to Hero", "evs": {"hp": 85, "atk": 85, "def": 85, "spa": 85, "spd": 85, "spe": 85}, "ivs": {"hp": 31, "atk": 31, "def": 31, "spa": 31, "spd": 31, "spe": 31}, "item": "Choice Band", "teraType": "Fighting", "role": "Wallbreaker", "bvs": {"hp": 100, "atk": 70, "def": 72, "spa": 53, "spd": 62, "spe": 100}, "stats": {"hp": 281, "atk": 152, "def": 155, "spa": 126, "spd": 140, "spe": 199}, "types": ["Water"]}, "Azumarill": {"name": "Azumarill", "species": "Azumarill", "speciesId": "azumarill", "gender": "F", "shiny": false, "level": 82, "moves": ["bellydrum", "aquajet", "liquidation", "playrough"], "ability": "Huge Power", "evs": {"hp": 85, "atk": 85, "def": 85, "spa": 85, "spd": 85, "spe": 85}, "ivs": {"hp": 31, "atk": 31, "def": 31, "spa": 31, "spd": 31, "spe": 31}, "item": "Sitrus Berry", "teraType": "Water", "role": "Bulky Attacker", "bvs": {"hp": 100, "atk": 50, "def": 80, "spa": 60, "spd": 80, "spe": 50}, "stats": {"hp": 298, "atk": 129, "def": 178, "spa": 146, "spd": 178, "spe": 129}, "types": ["Water", "Fairy"]}, "Vivillon": {"name": "Vivillon", "species": "Vivillon-Archipelago", "speciesId": "vivillon", "gender": "M", "shiny": false, "level": 83, "moves": ["hurricane", "quiverdance", "terablast", "sleeppowder"], "ability": "Compound Eyes", "evs": {"hp": 85, "atk": 0, "def": 85, "spa": 85, "spd": 85, "spe": 85}, "ivs": {"hp": 31, "atk": 0, "def": 31, "spa": 31, "spd": 31, "spe": 31}, "item": "Heavy-Duty Boots", "teraType": "Ground", "role": "Tera Blast user", "bvs": {"hp": 80, "atk": 52, "def": 50, "spa": 90, "spd": 50, "spe": 89}, "stats": {"hp": 268, "atk": 91, "def": 131, "spa": 197, "spd": 131, "spe": 195}, "types": ["Bug", "Flying"]}, "Hippowdon": {"name": "Hippowdon", "species": "Hippowdon", "speciesId": "hippowdon", "gender": "M", "shiny": false, "level": 82, "moves": ["slackoff", "curse", "earthquake", "stoneedge"], "ability": "Sand Stream", "evs": {"hp": 85, "atk": 85, "def": 85, "spa": 85, "spd": 85, "spe": 85}, "ivs": {"hp": 31, "atk": 31, "def": 31, "spa": 31, "spd": 31, "spe": 31}, "item": "Leftovers", "teraType": "Rock", "role": "Bulky Setup", "bvs": {"hp": 108, "atk": 112, "def": 118, "spa": 68, "spd": 72, "spe": 47}, "stats": {"hp": 311, "atk": 231, "def": 241, "spa": 159, "spd": 165, "spe": 124}, "types": ["Ground"]}, "Smeargle": {"name": "Smeargle", "species": "Smeargle", "speciesId": "smeargle", "gender": "M", "shiny": false, "level": 95, "moves": ["whirlwind", "spore", "stickyweb", "ceaselessedge"], "ability": "Own Tempo", "evs": {"hp": 85, "atk": 85, "def": 85, "spa": 85, "spd": 85, "spe": 85}, "ivs": {"hp": 31, "atk": 31, "def": 31, "spa": 31, "spd": 31, "spe": 31}, "item": "Focus Sash", "teraType": "Ghost", "role": "Fast Support", "bvs": {"hp": 55, "atk": 20, "def": 35, "spa": 20, "spd": 45, "spe": 75}, "stats": {"hp": 258, "atk": 92, "def": 120, "spa": 92, "spd": 139, "spe": 196}, "types": ["Normal"]}}]}