{"id": "gen9randombattle-2642171850", "format": "[Gen 9] Random Battle", "players": ["saucyboiii", "Jefejenaro"], "log": "|j|\u2606saucyboiii\n|j|\u2606Jefejenaro\n|t:|1782904992\n|gametype|singles\n|player|p1|saucyboiii|102|1938\n|player|p2|Jefejenaro|wallace|2004\n|gen|9\n|tier|[Gen 9] Random Battle\n|rated|\n|rule|Species Clause: Limit one of each Pok\u00e9mon\n|rule|HP Percentage Mod: HP is shown in percentages\n|rule|Sleep Clause Mod: Limit one foe put to sleep\n|rule|Illusion Level Mod: Illusion disguises the Pok\u00e9mon's true level\n|\n|t:|1782904992\n|teamsize|p1|6\n|teamsize|p2|6\n|start\n|switch|p1a: Hitmonlee|Hitmonlee, L85, M|223/223\n|switch|p2a: Golurk|Golurk, L87|297/297\n|turn|1\n|\n|t:|1782905009\n|switch|p2a: Dipplin|Dipplin, L88, F|284/284\n|move|p1a: Hitmonlee|Knock Off|p2a: Dipplin\n|-damage|p2a: Dipplin|214/284\n|-activate|p2a: Dipplin|ability: Sticky Hold\n|\n|upkeep\n|turn|2\n|\n|t:|1782905016\n|switch|p1a: Vileplume|Vileplume, L85, F|266/266\n|move|p2a: Dipplin|Dragon Pulse|p1a: Vileplume\n|-damage|p1a: Vileplume|178/266\n|\n|-heal|p1a: Vileplume|194/266|[from] item: Leftovers\n|upkeep\n|turn|3\n|\n|t:|1782905032\n|move|p1a: Vileplume|Sludge Bomb|p2a: Dipplin\n|-supereffective|p2a: Dipplin\n|-damage|p2a: Dipplin|58/284\n|-status|p2a: Dipplin|psn\n|move|p2a: Dipplin|Dragon Pulse|p1a: Vileplume\n|-damage|p1a: Vileplume|95/266\n|\n|-heal|p1a: Vileplume|111/266|[from] item: Leftovers\n|-damage|p2a: Dipplin|23/284 psn|[from] psn\n|upkeep\n|turn|4\n|\n|t:|1782905042\n|-terastallize|p2a: Dipplin|Steel\n|move|p1a: Vileplume|Sludge Bomb|p2a: Dipplin\n|-immune|p2a: Dipplin\n|move|p2a: Dipplin|Recover|p2a: Dipplin\n|-heal|p2a: Dipplin|165/284 psn\n|\n|-heal|p1a: Vileplume|127/266|[from] item: Leftovers\n|-damage|p2a: Dipplin|130/284 psn|[from] psn\n|upkeep\n|turn|5\n|\n|t:|1782905047\n|move|p1a: Vileplume|Strength Sap|p2a: Dipplin\n|-unboost|p2a: Dipplin|atk|1\n|-heal|p1a: Vileplume|266/266\n|move|p2a: Dipplin|Recover|p2a: Dipplin\n|-heal|p2a: Dipplin|272/284 psn\n|\n|-damage|p2a: Dipplin|237/284 psn|[from] psn\n|upkeep\n|turn|6\n|\n|t:|1782905072\n|move|p1a: Vileplume|Giga Drain|p2a: Dipplin\n|-resisted|p2a: Dipplin\n|-damage|p2a: Dipplin|207/284 psn\n|move|p2a: Dipplin|Dragon Pulse|p1a: Vileplume\n|-damage|p1a: Vileplume|175/266\n|\n|-heal|p1a: Vileplume|191/266|[from] item: Leftovers\n|-damage|p2a: Dipplin|172/284 psn|[from] psn\n|upkeep\n|turn|7\n|\n|t:|1782905093\n|switch|p1a: Kleavor|Kleavor, L78, F|237/237\n|move|p2a: Dipplin|Recover|p2a: Dipplin\n|-heal|p2a: Dipplin|284/284 psn\n|\n|-damage|p2a: Dipplin|249/284 psn|[from] psn\n|upkeep\n|turn|8\n|\n|t:|1782905105\n|switch|p2a: Spiritomb|Spiritomb, L89, M|234/234\n|move|p1a: Kleavor|Stone Axe|p2a: Spiritomb\n|-damage|p2a: Spiritomb|138/234\n|-sidestart|p2: Jefejenaro|move: Stealth Rock\n|\n|-heal|p2a: Spiritomb|152/234|[from] item: Leftovers\n|upkeep\n|turn|9\n|inactive|Battle timer is ON: inactive players will automatically lose when time's up. (requested by Jefejenaro)\n|\n|t:|1782905119\n|move|p1a: Kleavor|X-Scissor|p2a: Spiritomb\n|-damage|p2a: Spiritomb|44/234\n|move|p2a: Spiritomb|Poltergeist|p1a: Kleavor\n|-activate|p1a: Kleavor|move: Poltergeist|Heavy-Duty Boots\n|-damage|p1a: Kleavor|104/237\n|\n|-heal|p2a: Spiritomb|58/234|[from] item: Leftovers\n|upkeep\n|turn|10\n|\n|t:|1782905124\n|move|p1a: Kleavor|X-Scissor|p2a: Spiritomb\n|-damage|p2a: Spiritomb|0 fnt\n|faint|p2a: Spiritomb\n|\n|upkeep\n|\n|t:|1782905131\n|switch|p2a: Raichu|Raichu-Alola, L87, M|246/246\n|-damage|p2a: Raichu|216/246|[from] Stealth Rock\n|turn|11\n|\n|t:|1782905144\n|move|p2a: Raichu|Thunderbolt|p1a: Kleavor\n|-damage|p1a: Kleavor|0 fnt\n|faint|p1a: Kleavor\n|-damage|p2a: Raichu|192/246|[from] item: Life Orb\n|\n|upkeep\n|\n|t:|1782905149\n|switch|p1a: Weavile|Weavile, L79, F|240/240\n|turn|12\n|\n|t:|1782905163\n|switch|p2a: Dipplin|Dipplin, L88, F, tera:Steel|249/284 psn\n|-damage|p2a: Dipplin|232/284 psn|[from] Stealth Rock\n|move|p1a: Weavile|Knock Off|p2a: Dipplin\n|-damage|p2a: Dipplin|174/284 psn\n|-activate|p2a: Dipplin|ability: Sticky Hold\n|\n|-damage|p2a: Dipplin|139/284 psn|[from] psn\n|upkeep\n|turn|13\n|\n|t:|1782905180\n|move|p1a: Weavile|Swords Dance|p1a: Weavile\n|-boost|p1a: Weavile|atk|2\n|move|p2a: Dipplin|Recover|p2a: Dipplin\n|-heal|p2a: Dipplin|281/284 psn\n|\n|-damage|p2a: Dipplin|246/284 psn|[from] psn\n|upkeep\n|turn|14\n|\n|t:|1782905182\n|move|p1a: Weavile|Knock Off|p2a: Dipplin\n|-damage|p2a: Dipplin|129/284 psn\n|-activate|p2a: Dipplin|ability: Sticky Hold\n|move|p2a: Dipplin|Dragon Pulse|p1a: Weavile\n|-damage|p1a: Weavile|135/240\n|\n|-damage|p2a: Dipplin|94/284 psn|[from] psn\n|upkeep\n|turn|15\n|\n|t:|1782905195\n|move|p2a: Dipplin|Sucker Punch|p1a: Weavile\n|-resisted|p1a: Weavile\n|-damage|p1a: Weavile|103/240\n|move|p1a: Weavile|Knock Off|p2a: Dipplin\n|-damage|p2a: Dipplin|0 fnt\n|-enditem|p2a: Dipplin|Eviolite|[from] move: Knock Off|[of] p1a: Weavile\n|faint|p2a: Dipplin\n|\n|upkeep\n|\n|t:|1782905201\n|switch|p2a: Toxicroak|Toxicroak, L84, M|277/277\n|-damage|p2a: Toxicroak|260/277|[from] Stealth Rock\n|turn|16\n|\n|t:|1782905209\n|move|p1a: Weavile|Triple Axel|p2a: Toxicroak\n|-crit|p2a: Toxicroak\n|-damage|p2a: Toxicroak|184/277\n|-damage|p2a: Toxicroak|70/277\n|-damage|p2a: Toxicroak|0 fnt\n|faint|p2a: Toxicroak\n|-hitcount|p2: Toxicroak|3\n|\n|upkeep\n|\n|t:|1782905217\n|switch|p2a: Scovillain|Scovillain, L91, F|266/266\n|turn|17\n|\n|t:|1782905234\n|move|p1a: Weavile|Triple Axel|p2a: Scovillain\n|-damage|p2a: Scovillain|211/266\n|-hitcount|p2a: Scovillain|1\n|move|p2a: Scovillain|Sunny Day|p2a: Scovillain\n|-weather|SunnyDay\n|\n|-weather|SunnyDay|[upkeep]\n|upkeep\n|turn|18\n|inactive|Jefejenaro has 120 seconds left.\n|inactive|Jefejenaro has 90 seconds left.\n|inactive|Jefejenaro has 60 seconds left.\n|inactive|Jefejenaro has 30 seconds left.\n|inactive|Jefejenaro has 20 seconds left.\n|inactive|Jefejenaro has 15 seconds left.\n|inactive|Jefejenaro has 10 seconds left.\n|inactive|Jefejenaro has 5 seconds left.\n|-message|Jefejenaro lost due to inactivity.\n|\n|win|saucyboiii\n|raw|saucyboiii's rating: 1938 &rarr; <strong>1962</strong><br />(+24 for winning)\n|raw|Jefejenaro's rating: 2004 &rarr; <strong>1980</strong><br />(-24 for losing)\n", "inputlog": ">version f8ac14003a5f27e1bdc8d8c59608a773c1cb96e5\n>start {\"formatid\":\"gen9randombattle\",\"seed\":\"sodium,02392652f48be43717e6b6751d913325\",\"rated\":\"Rated battle\"}\n>player p1 {\"name\":\"saucyboiii\",\"avatar\":\"102\",\"rating\":1938,\"seed\":\"sodium,6240ac3e01c945caaa8cc32ccd5cf154\"}\n>player p2 {\"name\":\"Jefejenaro\",\"avatar\":\"wallace\",\"rating\":2004,\"seed\":\"sodium,78cdfde67493d7bf232264ec867e0b55\"}\n>p1 move knockoff\n>p2 switch 6\n>p1 switch 4\n>p2 move dragonpulse\n>p1 move sludgebomb\n>p2 move dragonpulse\n>p1 move sludgebomb\n>p2 move recover terastallize\n>p1 move strengthsap\n>p2 move recover\n>p1 move gigadrain\n>p2 move dragonpulse\n>p1 switch 5\n>p2 move recover\n>p1 move stoneaxe\n>p2 switch 5\n>p1 move xscissor\n>p2 move poltergeist\n>p1 move xscissor\n>p2 move poltergeist\n>p2 switch 3\n>p1 move xscissor\n>p2 move thunderbolt\n>p1 switch 6\n>p1 move knockoff\n>p2 switch 5\n>p1 move swordsdance\n>p2 move recover\n>p1 move knockoff\n>p2 move dragonpulse\n>p1 move knockoff\n>p2 move suckerpunch\n>p2 switch 2\n>p1 move tripleaxel\n>p2 move closecombat\n>p2 switch 4\n>p1 move tripleaxel\n>p2 move sunnyday\n>forcelose p2", "uploadtime": 1782905384, "views": 2, "formatid": "gen9randombattle", "rating": 1962, "private": 0, "password": null, "player_dets": [{"name": "saucyboiii", "avatar": "102", "rating": 1938, "seed": "sodium,6240ac3e01c945caaa8cc32ccd5cf154"}, {"name": "Jefejenaro", "avatar": "wallace", "rating": 2004, "seed": "sodium,78cdfde67493d7bf232264ec867e0b55"}], "teams_full": [{"Hitmonlee": {"name": "Hitmonlee", "species": "Hitmonlee", "speciesId": "hitmonlee", "gender": "M", "shiny": false, "level": 85, "moves": ["knockoff", "poisonjab", "machpunch", "highjumpkick"], "ability": "Reckless", "evs": {"hp": 81, "atk": 85, "def": 85, "spa": 85, "spd": 85, "spe": 85}, "ivs": {"hp": 31, "atk": 31, "def": 31, "spa": 31, "spd": 31, "spe": 31}, "item": "Choice Band", "teraType": "Fighting", "role": "Fast Attacker", "bvs": {"hp": 50, "atk": 120, "def": 53, "spa": 35, "spd": 110, "spe": 87}, "stats": {"hp": 223, "atk": 253, "def": 139, "spa": 108, "spd": 236, "spe": 197}, "types": ["Fighting"]}, "Regidrago": {"name": "Regidrago", "species": "Regidrago", "speciesId": "regidrago", "gender": "N", "shiny": false, "level": 77, "moves": ["dragondance", "dracometeor", "earthquake", "outrage"], "ability": "Dragon's Maw", "evs": {"hp": 85, "atk": 85, "def": 85, "spa": 85, "spd": 85, "spe": 85}, "ivs": {"hp": 31, "atk": 31, "def": 31, "spa": 31, "spd": 31, "spe": 31}, "item": "Lum Berry", "teraType": "Dragon", "role": "Setup Sweeper", "bvs": {"hp": 200, "atk": 100, "def": 50, "spa": 100, "spd": 50, "spe": 80}, "stats": {"hp": 435, "atk": 199, "def": 122, "spa": 199, "spd": 122, "spe": 168}, "types": ["Dragon"]}, "Reshiram": {"name": "Reshiram", "species": "Reshiram", "speciesId": "reshiram", "gender": "N", "shiny": false, "level": 76, "moves": ["outrage", "dragondance", "flareblitz", "stoneedge"], "ability": "Turboblaze", "evs": {"hp": 85, "atk": 85, "def": 85, "spa": 85, "spd": 85, "spe": 85}, "ivs": {"hp": 31, "atk": 31, "def": 31, "spa": 31, "spd": 31, "spe": 31}, "item": "Heavy-Duty Boots", "teraType": "Dragon", "role": "Setup Sweeper", "bvs": {"hp": 100, "atk": 120, "def": 100, "spa": 150, "spd": 120, "spe": 90}, "stats": {"hp": 277, "atk": 226, "def": 196, "spa": 272, "spd": 226, "spe": 181}, "types": ["Dragon", "Fire"]}, "Vileplume": {"name": "Vileplume", "species": "Vileplume", "speciesId": "vileplume", "gender": "F", "shiny": false, "level": 85, "moves": ["strengthsap", "sleeppowder", "sludgebomb", "gigadrain"], "ability": "Effect Spore", "evs": {"hp": 85, "atk": 0, "def": 85, "spa": 85, "spd": 85, "spe": 85}, "ivs": {"hp": 31, "atk": 0, "def": 31, "spa": 31, "spd": 31, "spe": 31}, "item": "Leftovers", "teraType": "Steel", "role": "Bulky Attacker", "bvs": {"hp": 75, "atk": 80, "def": 85, "spa": 110, "spd": 90, "spe": 50}, "stats": {"hp": 266, "atk": 141, "def": 193, "spa": 236, "spd": 202, "spe": 134}, "types": ["Grass", "Poison"]}, "Kleavor": {"name": "Kleavor", "species": "Kleavor", "speciesId": "kleavor", "gender": "F", "shiny": false, "level": 78, "moves": ["swordsdance", "xscissor", "stoneaxe", "closecombat"], "ability": "Sharpness", "evs": {"hp": 85, "atk": 85, "def": 85, "spa": 85, "spd": 85, "spe": 85}, "ivs": {"hp": 31, "atk": 31, "def": 31, "spa": 31, "spd": 31, "spe": 31}, "item": "Heavy-Duty Boots", "teraType": "Fighting", "role": "Bulky Attacker", "bvs": {"hp": 70, "atk": 135, "def": 95, "spa": 45, "spd": 70, "spe": 85}, "stats": {"hp": 237, "atk": 256, "def": 193, "spa": 115, "spd": 154, "spe": 178}, "types": ["Bug", "Rock"]}, "Weavile": {"name": "Weavile", "species": "Weavile", "speciesId": "weavile", "gender": "F", "shiny": false, "level": 79, "moves": ["swordsdance", "knockoff", "iceshard", "tripleaxel"], "ability": "Pickpocket", "evs": {"hp": 85, "atk": 85, "def": 85, "spa": 85, "spd": 85, "spe": 85}, "ivs": {"hp": 31, "atk": 31, "def": 31, "spa": 31, "spd": 31, "spe": 31}, "item": "Heavy-Duty Boots", "teraType": "Dark", "role": "Fast Attacker", "bvs": {"hp": 70, "atk": 120, "def": 65, "spa": 45, "spd": 85, "spe": 125}, "stats": {"hp": 240, "atk": 235, "def": 148, "spa": 117, "spd": 180, "spe": 243}, "types": ["Dark", "Ice"]}}, {"Golurk": {"name": "Golurk", "species": "Golurk", "speciesId": "golurk", "gender": "N", "shiny": false, "level": 87, "moves": ["dynamicpunch", "poltergeist", "stoneedge", "earthquake"], "ability": "No Guard", "evs": {"hp": 85, "atk": 85, "def": 85, "spa": 85, "spd": 85, "spe": 85}, "ivs": {"hp": 31, "atk": 31, "def": 31, "spa": 31, "spd": 31, "spe": 31}, "item": "Choice Band", "teraType": "Fighting", "role": "Wallbreaker", "bvs": {"hp": 89, "atk": 124, "def": 80, "spa": 55, "spd": 80, "spe": 55}, "stats": {"hp": 297, "atk": 266, "def": 189, "spa": 145, "spd": 189, "spe": 145}, "types": ["Ground", "Ghost"]}, "Toxicroak": {"name": "Toxicroak", "species": "Toxicroak", "speciesId": "toxicroak", "gender": "M", "shiny": false, "level": 84, "moves": ["swordsdance", "earthquake", "closecombat", "gunkshot"], "ability": "Dry Skin", "evs": {"hp": 85, "atk": 85, "def": 85, "spa": 85, "spd": 85, "spe": 85}, "ivs": {"hp": 31, "atk": 31, "def": 31, "spa": 31, "spd": 31, "spe": 31}, "item": "Life Orb", "teraType": "Ground", "role": "Setup Sweeper", "bvs": {"hp": 83, "atk": 106, "def": 65, "spa": 86, "spd": 65, "spe": 85}, "stats": {"hp": 277, "atk": 226, "def": 157, "spa": 193, "spd": 157, "spe": 191}, "types": ["Poison", "Fighting"]}, "Raichu": {"name": "Raichu", "species": "Raichu-Alola", "speciesId": "raichualola", "gender": "M", "shiny": false, "level": 87, "moves": ["thunderbolt", "grassknot", "psyshock", "nastyplot"], "ability": "Surge Surfer", "evs": {"hp": 85, "atk": 0, "def": 85, "spa": 85, "spd": 85, "spe": 85}, "ivs": {"hp": 31, "atk": 0, "def": 31, "spa": 31, "spd": 31, "spe": 31}, "item": "Life Orb", "teraType": "Grass", "role": "Setup Sweeper", "bvs": {"hp": 60, "atk": 85, "def": 50, "spa": 95, "spd": 85, "spe": 110}, "stats": {"hp": 246, "atk": 152, "def": 137, "spa": 215, "spd": 198, "spe": 241}, "types": ["Electric", "Psychic"]}, "Scovillain": {"name": "Scovillain", "species": "Scovillain", "speciesId": "scovillain", "gender": "F", "shiny": false, "level": 91, "moves": ["fireblast", "sunnyday", "stompingtantrum", "energyball"], "ability": "Chlorophyll", "evs": {"hp": 85, "atk": 85, "def": 85, "spa": 85, "spd": 85, "spe": 85}, "ivs": {"hp": 31, "atk": 31, "def": 31, "spa": 31, "spd": 31, "spe": 31}, "item": "Heavy-Duty Boots", "teraType": "Ground", "role": "Wallbreaker", "bvs": {"hp": 65, "atk": 108, "def": 65, "spa": 108, "spd": 65, "spe": 75}, "stats": {"hp": 266, "atk": 248, "def": 170, "spa": 248, "spd": 170, "spe": 188}, "types": ["Grass", "Fire"]}, "Spiritomb": {"name": "Spiritomb", "species": "Spiritomb", "speciesId": "spiritomb", "gender": "M", "shiny": false, "level": 89, "moves": ["foulplay", "painsplit", "poltergeist", "toxic"], "ability": "Infiltrator", "evs": {"hp": 85, "atk": 85, "def": 85, "spa": 85, "spd": 85, "spe": 85}, "ivs": {"hp": 31, "atk": 31, "def": 31, "spa": 31, "spd": 31, "spe": 31}, "item": "Leftovers", "teraType": "Poison", "role": "Bulky Support", "bvs": {"hp": 50, "atk": 92, "def": 108, "spa": 92, "spd": 108, "spe": 35}, "stats": {"hp": 234, "atk": 215, "def": 243, "spa": 215, "spd": 243, "spe": 113}, "types": ["Ghost", "Dark"]}, "Dipplin": {"name": "Dipplin", "species": "Dipplin", "speciesId": "dipplin", "gender": "F", "shiny": false, "level": 88, "moves": ["recover", "dragonpulse", "gigadrain", "suckerpunch"], "ability": "Sticky Hold", "evs": {"hp": 85, "atk": 85, "def": 85, "spa": 85, "spd": 85, "spe": 85}, "ivs": {"hp": 31, "atk": 31, "def": 31, "spa": 31, "spd": 31, "spe": 31}, "item": "Eviolite", "teraType": "Steel", "role": "Bulky Attacker", "bvs": {"hp": 80, "atk": 80, "def": 110, "spa": 95, "spd": 80, "spe": 40}, "stats": {"hp": 284, "atk": 191, "def": 244, "spa": 217, "spd": 191, "spe": 121}, "types": ["Grass", "Dragon"]}}]}