{"id": "gen9randombattle-2642075814", "format": "[Gen 9] Random Battle", "players": ["kroolkong", "joebato"], "log": "|j|\u2606kroolkong\n|j|\u203djoebato\n|t:|1782884615\n|gametype|singles\n|player|p1|kroolkong|dawn|1880\n|player|p2|joebato|265|1966\n|gen|9\n|tier|[Gen 9] Random Battle\n|rated|\n|rule|Species Clause: Limit one of each Pok\u00e9mon\n|rule|HP Percentage Mod: HP is shown in percentages\n|rule|Sleep Clause Mod: Limit one foe put to sleep\n|rule|Illusion Level Mod: Illusion disguises the Pok\u00e9mon's true level\n|\n|t:|1782884615\n|teamsize|p1|6\n|teamsize|p2|6\n|start\n|switch|p1a: Pachirisu|Pachirisu, L96, F|271/271\n|switch|p2a: Cyclizar|Cyclizar, L83, M|252/252\n|turn|1\n|inactive|Battle timer is ON: inactive players will automatically lose when time's up. (requested by joebato)\n|inactive|kroolkong also wants the timer to be on.\n|\n|t:|1782884626\n|move|p2a: Cyclizar|Shed Tail|p2a: Cyclizar\n|-start|p2a: Cyclizar|Substitute|[from] move: Shed Tail\n|-damage|p2a: Cyclizar|126/252\n|\n|t:|1782884631\n|switch|p2a: Dunsparce|Dunsparce, L86, F|312/312|[from] Shed Tail\n|move|p1a: Pachirisu|Discharge|p2a: Dunsparce\n|-activate|p2a: Dunsparce|move: Substitute|[damage]\n|\n|upkeep\n|turn|2\n|\n|t:|1782884652\n|move|p1a: Pachirisu|Discharge|p2a: Dunsparce\n|-end|p2a: Dunsparce|Substitute\n|move|p2a: Dunsparce|Coil|p2a: Dunsparce\n|-boost|p2a: Dunsparce|atk|1\n|-boost|p2a: Dunsparce|def|1\n|-boost|p2a: Dunsparce|accuracy|1\n|\n|upkeep\n|turn|3\n|\n|t:|1782884659\n|move|p1a: Pachirisu|Encore|p2a: Dunsparce\n|-start|p2a: Dunsparce|Encore\n|move|p2a: Dunsparce|Coil|p2a: Dunsparce\n|-boost|p2a: Dunsparce|atk|1\n|-boost|p2a: Dunsparce|def|1\n|-boost|p2a: Dunsparce|accuracy|1\n|\n|upkeep\n|turn|4\n|\n|t:|1782884665\n|switch|p2a: Cyclizar|Cyclizar, L83, M|210/252\n|move|p1a: Pachirisu|Discharge|p2a: Cyclizar\n|-resisted|p2a: Cyclizar\n|-damage|p2a: Cyclizar|168/252\n|-status|p2a: Cyclizar|par\n|\n|upkeep\n|turn|5\n|\n|t:|1782884668\n|move|p1a: Pachirisu|Super Fang|p2a: Cyclizar\n|-damage|p2a: Cyclizar|84/252 par\n|move|p2a: Cyclizar|Draco Meteor|p1a: Pachirisu\n|-damage|p1a: Pachirisu|157/271\n|-unboost|p2a: Cyclizar|spa|2\n|\n|upkeep\n|turn|6\n|\n|t:|1782884679\n|move|p1a: Pachirisu|U-turn|p2a: Cyclizar\n|-damage|p2a: Cyclizar|38/252 par\n|\n|t:|1782884685\n|switch|p1a: Hitmontop|Hitmontop, L88, M|231/231|[from] U-turn\n|cant|p2a: Cyclizar|par\n|\n|upkeep\n|turn|7\n|\n|t:|1782884692\n|switch|p2a: Masquerain|Masquerain, L87, F|264/264\n|-ability|p2a: Masquerain|Intimidate|boost\n|-unboost|p1a: Hitmontop|atk|1\n|move|p1a: Hitmontop|Rapid Spin|p2a: Masquerain\n|-damage|p2a: Masquerain|217/264\n|-boost|p1a: Hitmontop|spe|1\n|\n|upkeep\n|turn|8\n|\n|t:|1782884709\n|move|p1a: Hitmontop|Triple Axel|p2a: Masquerain\n|-supereffective|p2a: Masquerain\n|-damage|p2a: Masquerain|179/264\n|-supereffective|p2a: Masquerain\n|-damage|p2a: Masquerain|97/264\n|-supereffective|p2a: Masquerain\n|-damage|p2a: Masquerain|0 fnt\n|faint|p2a: Masquerain\n|-hitcount|p2: Masquerain|3\n|\n|upkeep\n|\n|t:|1782884724\n|switch|p2a: Gengar|Gengar, L81, F|230/230\n|turn|9\n|\n|t:|1782884735\n|move|p1a: Hitmontop|Triple Axel|p2a: Gengar\n|-damage|p2a: Gengar|210/230\n|-start|p1a: Hitmontop|Disable|Triple Axel|[from] ability: Cursed Body|[of] p2a: Gengar\n|-hitcount|p2a: Gengar|1\n|move|p2a: Gengar|Trick|p1a: Hitmontop\n|-activate|p2a: Gengar|move: Trick|[of] p1a: Hitmontop\n|-item|p1a: Hitmontop|Choice Specs|[from] move: Trick\n|-item|p2a: Gengar|Leftovers|[from] move: Trick\n|\n|-heal|p2a: Gengar|224/230|[from] item: Leftovers\n|upkeep\n|turn|10\n|\n|t:|1782884749\n|switch|p1a: Dragalge|Dragalge, L88, M|258/258\n|move|p2a: Gengar|Sludge Wave|p1a: Dragalge\n|-resisted|p1a: Dragalge\n|-damage|p1a: Dragalge|213/258\n|\n|-heal|p2a: Gengar|230/230|[from] item: Leftovers\n|upkeep\n|turn|11\n|\n|t:|1782884754\n|switch|p2a: Bisharp|Bisharp, L79, F|232/232\n|move|p1a: Dragalge|Flip Turn|p2a: Bisharp\n|-damage|p2a: Bisharp|206/232\n|\n|t:|1782884777\n|switch|p1a: Quaquaval|Quaquaval, L79, M|264/264|[from] Flip Turn\n|\n|upkeep\n|turn|12\n|\n|t:|1782884797\n|switch|p2a: Gengar|Gengar, L81, F|230/230\n|move|p1a: Quaquaval|Aqua Step|p2a: Gengar\n|-damage|p2a: Gengar|115/230\n|-boost|p1a: Quaquaval|spe|1\n|-start|p1a: Quaquaval|Disable|Aqua Step|[from] ability: Cursed Body|[of] p2a: Gengar\n|\n|-heal|p2a: Gengar|129/230|[from] item: Leftovers\n|upkeep\n|turn|13\n|\n|t:|1782884811\n|switch|p1a: Dragalge|Dragalge, L88, M|213/258\n|move|p2a: Gengar|Sludge Wave|p1a: Dragalge\n|-resisted|p1a: Dragalge\n|-damage|p1a: Dragalge|171/258\n|\n|-heal|p2a: Gengar|143/230|[from] item: Leftovers\n|upkeep\n|turn|14\n|\n|t:|1782884820\n|switch|p2a: Cyclizar|Cyclizar, L83, M|122/252 par\n|move|p1a: Dragalge|Flip Turn|p2a: Cyclizar\n|-resisted|p2a: Cyclizar\n|-damage|p2a: Cyclizar|96/252 par\n|\n|t:|1782884828\n|switch|p1a: Manaphy|Manaphy, L78|284/284|[from] Flip Turn\n|\n|upkeep\n|turn|15\n|\n|t:|1782884839\n|move|p1a: Manaphy|Ice Beam|p2a: Cyclizar\n|-supereffective|p2a: Cyclizar\n|-damage|p2a: Cyclizar|0 fnt\n|faint|p2a: Cyclizar\n|\n|upkeep\n|\n|t:|1782884845\n|switch|p2a: Dunsparce|Dunsparce, L86, F|312/312\n|turn|16\n|\n|t:|1782884853\n|switch|p1a: Pachirisu|Pachirisu, L96, F|157/271\n|move|p2a: Dunsparce|Body Slam|p1a: Pachirisu\n|-damage|p1a: Pachirisu|75/271\n|\n|upkeep\n|turn|17\n|\n|t:|1782884863\n|switch|p2a: Gengar|Gengar, L81, F|143/230\n|move|p1a: Pachirisu|U-turn|p2a: Gengar\n|-resisted|p2a: Gengar\n|-damage|p2a: Gengar|130/230\n|\n|t:|1782884871\n|switch|p1a: Quaquaval|Quaquaval, L79, M|264/264|[from] U-turn\n|\n|-heal|p2a: Gengar|144/230|[from] item: Leftovers\n|upkeep\n|turn|18\n|\n|t:|1782884879\n|move|p2a: Gengar|Sludge Wave|p1a: Quaquaval\n|-damage|p1a: Quaquaval|126/264\n|move|p1a: Quaquaval|Swords Dance|p1a: Quaquaval\n|-boost|p1a: Quaquaval|atk|2\n|\n|-heal|p2a: Gengar|158/230|[from] item: Leftovers\n|-heal|p1a: Quaquaval|142/264|[from] item: Leftovers\n|upkeep\n|turn|19\n|\n|t:|1782884896\n|-terastallize|p1a: Quaquaval|Steel\n|move|p2a: Gengar|Sludge Wave|p1a: Quaquaval\n|-immune|p1a: Quaquaval\n|move|p1a: Quaquaval|Aqua Step|p2a: Gengar\n|-damage|p2a: Gengar|0 fnt\n|-boost|p1a: Quaquaval|spe|1\n|-start|p1a: Quaquaval|Disable|Aqua Step|[from] ability: Cursed Body|[of] p2a: Gengar\n|faint|p2a: Gengar\n|-ability|p1a: Quaquaval|Moxie|boost\n|-boost|p1a: Quaquaval|atk|1\n|\n|-heal|p1a: Quaquaval|158/264|[from] item: Leftovers\n|upkeep\n|\n|t:|1782884908\n|switch|p2a: Dunsparce|Dunsparce, L86, F|312/312\n|turn|20\n|\n|t:|1782884924\n|-terastallize|p2a: Dunsparce|Ghost\n|move|p1a: Quaquaval|Roost|p1a: Quaquaval\n|-heal|p1a: Quaquaval|264/264\n|move|p2a: Dunsparce|Body Slam|p1a: Quaquaval\n|-resisted|p1a: Quaquaval\n|-damage|p1a: Quaquaval|219/264\n|\n|-heal|p1a: Quaquaval|235/264|[from] item: Leftovers\n|upkeep\n|turn|21\n|\n|t:|1782884933\n|switch|p1a: Dragalge|Dragalge, L88, M|171/258\n|move|p2a: Dunsparce|Body Slam|p1a: Dragalge\n|-damage|p1a: Dragalge|99/258\n|-status|p1a: Dragalge|par\n|\n|upkeep\n|turn|22\n|\n|t:|1782884942\n|move|p2a: Dunsparce|Coil|p2a: Dunsparce\n|-boost|p2a: Dunsparce|atk|1\n|-boost|p2a: Dunsparce|def|1\n|-boost|p2a: Dunsparce|accuracy|1\n|move|p1a: Dragalge|Flip Turn|p2a: Dunsparce\n|-damage|p2a: Dunsparce|290/312\n|\n|t:|1782884952\n|switch|p1a: Pachirisu|Pachirisu, L96, F|75/271|[from] Flip Turn\n|\n|upkeep\n|turn|23\n|\n|t:|1782884957\n|switch|p2a: Bisharp|Bisharp, L79, F|206/232\n|move|p1a: Pachirisu|Encore||[still]\n|-fail|p1a: Pachirisu\n|\n|upkeep\n|turn|24\n|\n|t:|1782884975\n|switch|p1a: Hitmontop|Hitmontop, L88, M|231/231\n|move|p2a: Bisharp|Sucker Punch||[still]\n|-fail|p2a: Bisharp\n|\n|upkeep\n|turn|25\n|\n|t:|1782884988\n|switch|p2a: Dunsparce|Dunsparce, L86, F, tera:Ghost|290/312\n|move|p1a: Hitmontop|Triple Axel|p2a: Dunsparce|[miss]\n|-miss|p1a: Hitmontop|p2a: Dunsparce\n|\n|upkeep\n|turn|26\n|\n|t:|1782884992\n|move|p1a: Hitmontop|Triple Axel|p2a: Dunsparce\n|-damage|p2a: Dunsparce|271/312\n|-damage|p2a: Dunsparce|236/312\n|-damage|p2a: Dunsparce|179/312\n|-hitcount|p2a: Dunsparce|3\n|move|p2a: Dunsparce|Body Slam|p1a: Hitmontop\n|-damage|p1a: Hitmontop|167/231\n|\n|upkeep\n|turn|27\n|\n|t:|1782884996\n|move|p1a: Hitmontop|Triple Axel|p2a: Dunsparce\n|-damage|p2a: Dunsparce|161/312\n|-damage|p2a: Dunsparce|128/312\n|-damage|p2a: Dunsparce|75/312\n|-hitcount|p2a: Dunsparce|3\n|move|p2a: Dunsparce|Body Slam|p1a: Hitmontop\n|-damage|p1a: Hitmontop|101/231\n|\n|upkeep\n|turn|28\n|\n|t:|1782885001\n|switch|p2a: Palafin|Palafin, L77, F|281/281\n|move|p1a: Hitmontop|Triple Axel|p2a: Palafin\n|-resisted|p2a: Palafin\n|-damage|p2a: Palafin|265/281\n|-resisted|p2a: Palafin\n|-damage|p2a: Palafin|235/281\n|-resisted|p2a: Palafin\n|-damage|p2a: Palafin|191/281\n|-hitcount|p2a: Palafin|3\n|\n|upkeep\n|turn|29\n|\n|t:|1782885012\n|switch|p1a: Dragalge|Dragalge, L88, M|99/258 par\n|move|p2a: Palafin|Flip Turn|p1a: Dragalge\n|-resisted|p1a: Dragalge\n|-damage|p1a: Dragalge|68/258 par\n|\n|t:|1782885015\n|detailschange|p2a: Palafin|Palafin-Hero, L77, F\n|switch|p2a: Dunsparce|Dunsparce, L86, F, tera:Ghost|75/312|[from] Flip Turn\n|\n|upkeep\n|turn|30\n|\n|t:|1782885024\n|move|p2a: Dunsparce|Roost|p2a: Dunsparce\n|-heal|p2a: Dunsparce|231/312\n|cant|p1a: Dragalge|par\n|\n|upkeep\n|turn|31\n|\n|t:|1782885032\n|move|p2a: Dunsparce|Earthquake|p1a: Dragalge\n|-supereffective|p1a: Dragalge\n|-damage|p1a: Dragalge|0 fnt\n|faint|p1a: Dragalge\n|\n|upkeep\n|\n|t:|1782885047\n|switch|p1a: Manaphy|Manaphy, L78|284/284\n|turn|32\n|\n|t:|1782885050\n|move|p1a: Manaphy|Tail Glow|p1a: Manaphy\n|-boost|p1a: Manaphy|spa|3\n|move|p2a: Dunsparce|Body Slam|p1a: Manaphy\n|-damage|p1a: Manaphy|208/284\n|-status|p1a: Manaphy|par\n|\n|-heal|p1a: Manaphy|225/284 par|[from] item: Leftovers\n|upkeep\n|turn|33\n|\n|t:|1782885066\n|switch|p2a: Bisharp|Bisharp, L79, F|206/232\n|move|p1a: Manaphy|Hydro Pump|p2a: Bisharp|[miss]\n|-miss|p1a: Manaphy|p2a: Bisharp\n|\n|-heal|p1a: Manaphy|242/284 par|[from] item: Leftovers\n|upkeep\n|turn|34\n|\n|t:|1782885075\n|move|p2a: Bisharp|Throat Chop|p1a: Manaphy\n|-damage|p1a: Manaphy|158/284 par\n|-start|p1a: Manaphy|Throat Chop|[silent]\n|move|p1a: Manaphy|Hydro Pump|p2a: Bisharp\n|-damage|p2a: Bisharp|0 fnt\n|faint|p2a: Bisharp\n|\n|-heal|p1a: Manaphy|175/284 par|[from] item: Leftovers\n|upkeep\n|\n|t:|1782885083\n|switch|p2a: Palafin|Palafin-Hero, L77, F|191/281\n|-activate|p2a: Palafin|ability: Zero to Hero\n|turn|35\n|\n|t:|1782885089\n|move|p2a: Palafin|Close Combat|p1a: Manaphy\n|-damage|p1a: Manaphy|33/284 par\n|-unboost|p2a: Palafin|def|1\n|-unboost|p2a: Palafin|spd|1\n|move|p1a: Manaphy|Energy Ball|p2a: Palafin\n|-supereffective|p2a: Palafin\n|-crit|p2a: Palafin\n|-damage|p2a: Palafin|0 fnt\n|faint|p2a: Palafin\n|\n|-heal|p1a: Manaphy|50/284 par|[from] item: Leftovers\n|-end|p1a: Manaphy|Throat Chop|[silent]\n|upkeep\n|\n|t:|1782885093\n|switch|p2a: Dunsparce|Dunsparce, L86, F, tera:Ghost|231/312\n|turn|36\n|\n|t:|1782885096\n|move|p2a: Dunsparce|Body Slam|p1a: Manaphy\n|-damage|p1a: Manaphy|0 fnt\n|faint|p1a: Manaphy\n|\n|upkeep\n|\n|t:|1782885105\n|switch|p1a: Pachirisu|Pachirisu, L96, F|75/271\n|turn|37\n|\n|t:|1782885110\n|move|p1a: Pachirisu|U-turn|p2a: Dunsparce\n|-resisted|p2a: Dunsparce\n|-damage|p2a: Dunsparce|218/312\n|\n|t:|1782885113\n|switch|p1a: Hitmontop|Hitmontop, L88, M|101/231|[from] U-turn\n|move|p2a: Dunsparce|Earthquake|p1a: Hitmontop\n|-damage|p1a: Hitmontop|46/231\n|\n|upkeep\n|turn|38\n|\n|t:|1782885122\n|move|p1a: Hitmontop|Triple Axel|p2a: Dunsparce\n|-damage|p2a: Dunsparce|200/312\n|-damage|p2a: Dunsparce|161/312\n|-damage|p2a: Dunsparce|103/312\n|-hitcount|p2a: Dunsparce|3\n|move|p2a: Dunsparce|Coil|p2a: Dunsparce\n|-boost|p2a: Dunsparce|atk|1\n|-boost|p2a: Dunsparce|def|1\n|-boost|p2a: Dunsparce|accuracy|1\n|\n|upkeep\n|turn|39\n|\n|t:|1782885125\n|move|p1a: Hitmontop|Triple Axel|p2a: Dunsparce\n|-damage|p2a: Dunsparce|90/312\n|-damage|p2a: Dunsparce|66/312\n|-damage|p2a: Dunsparce|31/312\n|-hitcount|p2a: Dunsparce|3\n|move|p2a: Dunsparce|Roost|p2a: Dunsparce\n|-heal|p2a: Dunsparce|187/312\n|\n|upkeep\n|turn|40\n|\n|t:|1782885133\n|move|p1a: Hitmontop|Triple Axel|p2a: Dunsparce\n|-damage|p2a: Dunsparce|174/312\n|-damage|p2a: Dunsparce|148/312\n|-damage|p2a: Dunsparce|115/312\n|-hitcount|p2a: Dunsparce|3\n|move|p2a: Dunsparce|Body Slam|p1a: Hitmontop\n|-damage|p1a: Hitmontop|0 fnt\n|faint|p1a: Hitmontop\n|\n|upkeep\n|\n|t:|1782885145\n|switch|p1a: Dialga|Dialga, L73|266/266\n|-ability|p1a: Dialga|Pressure\n|turn|41\n|\n|t:|1782885151\n|move|p1a: Dialga|Thunder Wave|p2a: Dunsparce\n|-status|p2a: Dunsparce|par\n|move|p2a: Dunsparce|Roost|p2a: Dunsparce\n|-heal|p2a: Dunsparce|271/312 par\n|\n|upkeep\n|turn|42\n|\n|t:|1782885158\n|move|p1a: Dialga|Heavy Slam|p2a: Dunsparce\n|-damage|p2a: Dunsparce|214/312 par\n|move|p2a: Dunsparce|Earthquake|p1a: Dialga\n|-supereffective|p1a: Dialga\n|-damage|p1a: Dialga|100/266\n|\n|-heal|p1a: Dialga|116/266|[from] item: Leftovers\n|upkeep\n|turn|43\n|\n|t:|1782885165\n|move|p1a: Dialga|Draco Meteor|p2a: Dunsparce\n|-damage|p2a: Dunsparce|85/312 par\n|-unboost|p1a: Dialga|spa|2\n|move|p2a: Dunsparce|Roost|p2a: Dunsparce\n|-heal|p2a: Dunsparce|241/312 par\n|\n|-heal|p1a: Dialga|132/266|[from] item: Leftovers\n|upkeep\n|turn|44\n|\n|t:|1782885173\n|move|p1a: Dialga|Draco Meteor|p2a: Dunsparce\n|-damage|p2a: Dunsparce|177/312 par\n|-unboost|p1a: Dialga|spa|2\n|move|p2a: Dunsparce|Earthquake|p1a: Dialga\n|-supereffective|p1a: Dialga\n|-damage|p1a: Dialga|0 fnt\n|faint|p1a: Dialga\n|\n|upkeep\n|\n|t:|1782885194\n|switch|p1a: Quaquaval|Quaquaval, L79, M, tera:Steel|235/264\n|turn|45\n|\n|t:|1782885201\n|move|p1a: Quaquaval|Swords Dance|p1a: Quaquaval\n|-boost|p1a: Quaquaval|atk|2\n|move|p2a: Dunsparce|Earthquake|p1a: Quaquaval\n|-supereffective|p1a: Quaquaval\n|-damage|p1a: Quaquaval|39/264\n|\n|-heal|p1a: Quaquaval|55/264|[from] item: Leftovers\n|upkeep\n|turn|46\n|\n|t:|1782885214\n|move|p1a: Quaquaval|Aqua Step|p2a: Dunsparce\n|-damage|p2a: Dunsparce|84/312 par\n|-boost|p1a: Quaquaval|spe|1\n|move|p2a: Dunsparce|Earthquake|p1a: Quaquaval\n|-supereffective|p1a: Quaquaval\n|-damage|p1a: Quaquaval|0 fnt\n|faint|p1a: Quaquaval\n|\n|upkeep\n|\n|t:|1782885217\n|switch|p1a: Pachirisu|Pachirisu, L96, F|75/271\n|turn|47\n|\n|t:|1782885222\n|move|p1a: Pachirisu|Discharge|p2a: Dunsparce\n|-damage|p2a: Dunsparce|30/312 par\n|move|p2a: Dunsparce|Earthquake|p1a: Pachirisu\n|-supereffective|p1a: Pachirisu\n|-damage|p1a: Pachirisu|0 fnt\n|faint|p1a: Pachirisu\n|\n|win|joebato\n|raw|kroolkong's rating: 1880 &rarr; <strong>1865</strong><br />(-15 for losing)\n|raw|joebato's rating: 1966 &rarr; <strong>1981</strong><br />(+15 for winning)\n", "inputlog": ">version f8ac14003a5f27e1bdc8d8c59608a773c1cb96e5\n>start {\"formatid\":\"gen9randombattle\",\"seed\":\"sodium,d9a9f8e20dd831accd8be92da3e80970\",\"rated\":\"Rated battle\"}\n>player p1 {\"name\":\"kroolkong\",\"avatar\":\"dawn\",\"rating\":1880,\"seed\":\"sodium,c837c678d34d7621394d87f939b7addd\"}\n>player p2 {\"name\":\"joebato\",\"avatar\":\"265\",\"rating\":1966,\"seed\":\"sodium,dfb79213e4b6784fcd7ba2237db870d8\"}\n>p1 move discharge\n>p2 move shedtail\n>p2 switch 5\n>p1 move discharge\n>p2 move coil\n>p1 move encore\n>p2 move earthquake\n>p1 move discharge\n>p2 switch 5\n>p1 move superfang\n>p2 move dracometeor\n>p1 move uturn\n>p2 move rapidspin\n>p1 switch 4\n>p1 move rapidspin\n>p2 switch 6\n>p1 move tripleaxel\n>p2 move stunspore\n>p2 switch 4\n>p1 move tripleaxel\n>p2 move trick\n>p1 switch 2\n>p2 move sludgewave\n>p1 move flipturn\n>p2 switch 2\n>p1 switch 3\n>p1 move aquastep\n>p2 switch 2\n>p1 switch 3\n>p2 move sludgewave\n>p1 move flipturn\n>p2 switch 6\n>p1 switch 6\n>p1 move icebeam\n>p2 move taunt\n>p2 switch 5\n>p1 switch 4\n>p2 move bodyslam\n>p1 move uturn\n>p2 switch 6\n>p1 switch 3\n>p1 move swordsdance\n>p2 move sludgewave\n>p1 move aquastep terastallize\n>p2 move sludgewave\n>p2 switch 6\n>p1 move roost\n>p2 move bodyslam terastallize\n>p1 switch 6\n>p2 move bodyslam\n>p1 move flipturn\n>p2 move coil\n>p1 switch 3\n>p1 move encore\n>p2 switch 2\n>p1 switch 2\n>p2 move suckerpunch\n>p1 move tripleaxel\n>p2 switch 2\n>p1 move tripleaxel\n>p2 move bodyslam\n>p1 move tripleaxel\n>p2 move bodyslam\n>p1 move tripleaxel\n>p2 switch 3\n>p1 switch 3\n>p2 move flipturn\n>p2 switch 3\n>p1 move sludgewave\n>p2 move roost\n>p1 move sludgewave\n>p2 move earthquake\n>p1 switch 4\n>p1 move tailglow\n>p2 move bodyslam\n>p1 move hydropump\n>p2 switch 2\n>p1 move hydropump\n>p2 move throatchop\n>p2 switch 3\n>p1 move energyball\n>p2 move closecombat\n>p2 switch 2\n>p1 move hydropump\n>p2 move bodyslam\n>p1 switch 2\n>p1 move uturn\n>p2 move earthquake\n>p1 switch 3\n>p1 move tripleaxel\n>p2 move coil\n>p1 move tripleaxel\n>p2 move roost\n>p1 move tripleaxel\n>p2 move bodyslam\n>p1 switch 5\n>p1 move thunderwave\n>p2 move roost\n>p1 move heavyslam\n>p2 move earthquake\n>p1 move dracometeor\n>p2 move roost\n>p1 move dracometeor\n>p2 move earthquake\n>p1 switch 6\n>p1 move swordsdance\n>p2 move earthquake\n>p1 move aquastep\n>p2 move earthquake\n>p1 switch 3\n>p1 move discharge\n>p2 move earthquake", "uploadtime": 1782885222, "views": 2, "formatid": "gen9randombattle", "rating": 1865, "private": 0, "password": null, "player_dets": [{"name": "kroolkong", "avatar": "dawn", "rating": 1880, "seed": "sodium,c837c678d34d7621394d87f939b7addd"}, {"name": "joebato", "avatar": "265", "rating": 1966, "seed": "sodium,dfb79213e4b6784fcd7ba2237db870d8"}], "teams_full": [{"Pachirisu": {"name": "Pachirisu", "species": "Pachirisu", "speciesId": "pachirisu", "gender": "F", "shiny": false, "level": 96, "moves": ["superfang", "encore", "discharge", "uturn"], "ability": "Volt Absorb", "evs": {"hp": 85, "atk": 85, "def": 85, "spa": 85, "spd": 85, "spe": 85}, "ivs": {"hp": 31, "atk": 31, "def": 31, "spa": 31, "spd": 31, "spe": 31}, "item": "Heavy-Duty Boots", "teraType": "Flying", "role": "Fast Support", "bvs": {"hp": 60, "atk": 45, "def": 70, "spa": 45, "spd": 90, "spe": 95}, "stats": {"hp": 271, "atk": 141, "def": 189, "spa": 141, "spd": 227, "spe": 237}, "types": ["Electric"]}, "Dragalge": {"name": "Dragalge", "species": "Dragalge", "speciesId": "dragalge", "gender": "M", "shiny": false, "level": 88, "moves": ["dracometeor", "focusblast", "sludgewave", "flipturn"], "ability": "Adaptability", "evs": {"hp": 85, "atk": 85, "def": 85, "spa": 85, "spd": 85, "spe": 85}, "ivs": {"hp": 31, "atk": 31, "def": 31, "spa": 31, "spd": 31, "spe": 31}, "item": "Choice Specs", "teraType": "Fighting", "role": "Bulky Attacker", "bvs": {"hp": 65, "atk": 75, "def": 90, "spa": 97, "spd": 123, "spe": 44}, "stats": {"hp": 258, "atk": 182, "def": 209, "spa": 221, "spd": 267, "spe": 128}, "types": ["Poison", "Dragon"]}, "Quaquaval": {"name": "Quaquaval", "species": "Quaquaval", "speciesId": "quaquaval", "gender": "M", "shiny": false, "level": 79, "moves": ["swordsdance", "aquastep", "roost", "closecombat"], "ability": "Moxie", "evs": {"hp": 85, "atk": 85, "def": 85, "spa": 85, "spd": 85, "spe": 85}, "ivs": {"hp": 31, "atk": 31, "def": 31, "spa": 31, "spd": 31, "spe": 31}, "item": "Leftovers", "teraType": "Steel", "role": "Bulky Attacker", "bvs": {"hp": 85, "atk": 120, "def": 80, "spa": 85, "spd": 75, "spe": 85}, "stats": {"hp": 264, "atk": 235, "def": 172, "spa": 180, "spd": 164, "spe": 180}, "types": ["Water", "Fighting"]}, "Hitmontop": {"name": "Hitmontop", "species": "Hitmontop", "speciesId": "hitmontop", "gender": "M", "shiny": false, "level": 88, "moves": ["rapidspin", "closecombat", "bulkup", "tripleaxel"], "ability": "Technician", "evs": {"hp": 85, "atk": 85, "def": 85, "spa": 85, "spd": 85, "spe": 85}, "ivs": {"hp": 31, "atk": 31, "def": 31, "spa": 31, "spd": 31, "spe": 31}, "item": "Leftovers", "teraType": "Ice", "role": "Bulky Setup", "bvs": {"hp": 50, "atk": 95, "def": 95, "spa": 35, "spd": 110, "spe": 70}, "stats": {"hp": 231, "atk": 217, "def": 217, "spa": 112, "spd": 244, "spe": 173}, "types": ["Fighting"]}, "Dialga": {"name": "Dialga", "species": "Dialga", "speciesId": "dialga", "gender": "N", "shiny": false, "level": 73, "moves": ["stealthrock", "dracometeor", "heavyslam", "thunderwave"], "ability": "Pressure", "evs": {"hp": 85, "atk": 85, "def": 85, "spa": 85, "spd": 85, "spe": 85}, "ivs": {"hp": 31, "atk": 31, "def": 31, "spa": 31, "spd": 31, "spe": 31}, "item": "Leftovers", "teraType": "Steel", "role": "Bulky Attacker", "bvs": {"hp": 100, "atk": 120, "def": 120, "spa": 150, "spd": 100, "spe": 90}, "stats": {"hp": 266, "atk": 218, "def": 218, "spa": 261, "spd": 188, "spe": 174}, "types": ["Steel", "Dragon"]}, "Manaphy": {"name": "Manaphy", "species": "Manaphy", "speciesId": "manaphy", "gender": "N", "shiny": false, "level": 78, "moves": ["hydropump", "icebeam", "tailglow", "energyball"], "ability": "Hydration", "evs": {"hp": 85, "atk": 0, "def": 85, "spa": 85, "spd": 85, "spe": 85}, "ivs": {"hp": 31, "atk": 0, "def": 31, "spa": 31, "spd": 31, "spe": 31}, "item": "Leftovers", "teraType": "Water", "role": "Bulky Setup", "bvs": {"hp": 100, "atk": 100, "def": 100, "spa": 100, "spd": 100, "spe": 100}, "stats": {"hp": 284, "atk": 161, "def": 201, "spa": 201, "spd": 201, "spe": 201}, "types": ["Water"]}}, {"Cyclizar": {"name": "Cyclizar", "species": "Cyclizar", "speciesId": "cyclizar", "gender": "M", "shiny": false, "level": 83, "moves": ["dracometeor", "rapidspin", "taunt", "shedtail"], "ability": "Regenerator", "evs": {"hp": 85, "atk": 85, "def": 85, "spa": 85, "spd": 85, "spe": 85}, "ivs": {"hp": 31, "atk": 31, "def": 31, "spa": 31, "spd": 31, "spe": 31}, "item": "Heavy-Duty Boots", "teraType": "Ghost", "role": "Fast Support", "bvs": {"hp": 70, "atk": 95, "def": 65, "spa": 85, "spd": 65, "spe": 121}, "stats": {"hp": 252, "atk": 205, "def": 156, "spa": 189, "spd": 156, "spe": 249}, "types": ["Dragon", "Normal"]}, "Bisharp": {"name": "Bisharp", "species": "Bisharp", "speciesId": "bisharp", "gender": "F", "shiny": false, "level": 79, "moves": ["swordsdance", "ironhead", "suckerpunch", "throatchop"], "ability": "Defiant", "evs": {"hp": 85, "atk": 85, "def": 85, "spa": 85, "spd": 85, "spe": 85}, "ivs": {"hp": 31, "atk": 31, "def": 31, "spa": 31, "spd": 31, "spe": 31}, "item": "Eviolite", "teraType": "Flying", "role": "Bulky Attacker", "bvs": {"hp": 65, "atk": 125, "def": 100, "spa": 60, "spd": 70, "spe": 70}, "stats": {"hp": 232, "atk": 243, "def": 204, "spa": 140, "spd": 156, "spe": 156}, "types": ["Dark", "Steel"]}, "Palafin": {"name": "Palafin", "species": "Palafin", "speciesId": "palafin", "gender": "F", "shiny": false, "level": 77, "moves": ["wavecrash", "closecombat", "flipturn", "jetpunch"], "ability": "Zero to Hero", "evs": {"hp": 85, "atk": 85, "def": 85, "spa": 85, "spd": 85, "spe": 85}, "ivs": {"hp": 31, "atk": 31, "def": 31, "spa": 31, "spd": 31, "spe": 31}, "item": "Choice Band", "teraType": "Water", "role": "Wallbreaker", "bvs": {"hp": 100, "atk": 70, "def": 72, "spa": 53, "spd": 62, "spe": 100}, "stats": {"hp": 281, "atk": 152, "def": 155, "spa": 126, "spd": 140, "spe": 199}, "types": ["Water"]}, "Gengar": {"name": "Gengar", "species": "Gengar", "speciesId": "gengar", "gender": "F", "shiny": false, "level": 81, "moves": ["trick", "focusblast", "shadowball", "sludgewave"], "ability": "Cursed Body", "evs": {"hp": 85, "atk": 0, "def": 85, "spa": 85, "spd": 85, "spe": 85}, "ivs": {"hp": 31, "atk": 0, "def": 31, "spa": 31, "spd": 31, "spe": 31}, "item": "Choice Specs", "teraType": "Dark", "role": "Wallbreaker", "bvs": {"hp": 60, "atk": 65, "def": 60, "spa": 130, "spd": 75, "spe": 110}, "stats": {"hp": 230, "atk": 110, "def": 144, "spa": 257, "spd": 168, "spe": 225}, "types": ["Ghost", "Poison"]}, "Dunsparce": {"name": "Dunsparce", "species": "Dunsparce", "speciesId": "dunsparce", "gender": "F", "shiny": false, "level": 86, "moves": ["roost", "earthquake", "coil", "bodyslam"], "ability": "Serene Grace", "evs": {"hp": 85, "atk": 85, "def": 85, "spa": 85, "spd": 85, "spe": 85}, "ivs": {"hp": 31, "atk": 31, "def": 31, "spa": 31, "spd": 31, "spe": 31}, "item": "Eviolite", "teraType": "Ghost", "role": "Bulky Setup", "bvs": {"hp": 100, "atk": 70, "def": 70, "spa": 65, "spd": 65, "spe": 45}, "stats": {"hp": 312, "atk": 170, "def": 170, "spa": 161, "spd": 161, "spe": 127}, "types": ["Normal"]}, "Masquerain": {"name": "Masquerain", "species": "Masquerain", "speciesId": "masquerain", "gender": "F", "shiny": false, "level": 87, "moves": ["uturn", "stunspore", "stickyweb", "hurricane"], "ability": "Intimidate", "evs": {"hp": 85, "atk": 85, "def": 85, "spa": 85, "spd": 85, "spe": 85}, "ivs": {"hp": 31, "atk": 31, "def": 31, "spa": 31, "spd": 31, "spe": 31}, "item": "Heavy-Duty Boots", "teraType": "Steel", "role": "Fast Support", "bvs": {"hp": 70, "atk": 60, "def": 62, "spa": 100, "spd": 82, "spe": 80}, "stats": {"hp": 264, "atk": 154, "def": 158, "spa": 224, "spd": 192, "spe": 189}, "types": ["Bug", "Flying"]}}]}