{"id": "gen9randombattle-2642110575", "format": "[Gen 9] Random Battle", "players": ["Coup2shlass", "jnpr010334"], "log": "|j|\u2606Coup2shlass\n|j|\u2606jnpr010334\n|t:|1782892193\n|gametype|singles\n|player|p1|Coup2shlass|170|1688\n|player|p2|jnpr010334|265|1811\n|gen|9\n|tier|[Gen 9] Random Battle\n|rated|\n|rule|Species Clause: Limit one of each Pok\u00e9mon\n|rule|HP Percentage Mod: HP is shown in percentages\n|rule|Sleep Clause Mod: Limit one foe put to sleep\n|rule|Illusion Level Mod: Illusion disguises the Pok\u00e9mon's true level\n|\n|t:|1782892193\n|teamsize|p1|6\n|teamsize|p2|6\n|start\n|switch|p1a: Kommo-o|Kommo-o, L78, M|245/245\n|switch|p2a: Delphox|Delphox, L84, F|263/263\n|turn|1\n|inactive|Battle timer is ON: inactive players will automatically lose when time's up. (requested by jnpr010334)\n|inactive|Coup2shlass has 120 seconds left.\n|inactive|Coup2shlass has 90 seconds left.\n|\n|t:|1782892269\n|switch|p1a: Vigoroth|Vigoroth, L85, M|275/275\n|move|p2a: Delphox|Nasty Plot|p2a: Delphox\n|-boost|p2a: Delphox|spa|2\n|\n|upkeep\n|turn|2\n|\n|t:|1782892272\n|move|p2a: Delphox|Fire Blast|p1a: Vigoroth\n|-damage|p1a: Vigoroth|32/275\n|move|p1a: Vigoroth|Earthquake|p2a: Delphox\n|-supereffective|p2a: Delphox\n|-damage|p2a: Delphox|127/263\n|\n|upkeep\n|turn|3\n|\n|t:|1782892280\n|move|p2a: Delphox|Psyshock|p1a: Vigoroth\n|-damage|p1a: Vigoroth|0 fnt\n|faint|p1a: Vigoroth\n|\n|upkeep\n|\n|t:|1782892295\n|switch|p1a: Typhlosion|Typhlosion, L84, F|267/267\n|turn|4\n|\n|t:|1782892300\n|move|p1a: Typhlosion|Scorching Sands|p2a: Delphox\n|-supereffective|p2a: Delphox\n|-damage|p2a: Delphox|21/263\n|move|p2a: Delphox|Psyshock|p1a: Typhlosion\n|-damage|p1a: Typhlosion|47/267\n|\n|upkeep\n|turn|5\n|\n|t:|1782892305\n|move|p1a: Typhlosion|Scorching Sands|p2a: Delphox\n|-supereffective|p2a: Delphox\n|-damage|p2a: Delphox|0 fnt\n|faint|p2a: Delphox\n|\n|upkeep\n|\n|t:|1782892309\n|switch|p2a: Feraligatr|Feraligatr, L79, M|264/264\n|turn|6\n|\n|t:|1782892338\n|switch|p1a: Regieleki|Regieleki, L79|256/256\n|move|p2a: Feraligatr|Dragon Dance|p2a: Feraligatr\n|-boost|p2a: Feraligatr|atk|1\n|-boost|p2a: Feraligatr|spe|1\n|\n|upkeep\n|turn|7\n|\n|t:|1782892348\n|switch|p2a: Rotom|Rotom-Mow, L87|229/229\n|move|p1a: Regieleki|Thunderbolt|p2a: Rotom\n|-resisted|p2a: Rotom\n|-damage|p2a: Rotom|199/229\n|\n|upkeep\n|turn|8\n|\n|t:|1782892359\n|switch|p1a: Kommo-o|Kommo-o, L78, M|245/245\n|move|p2a: Rotom|Leaf Storm|p1a: Kommo-o\n|-resisted|p1a: Kommo-o\n|-damage|p1a: Kommo-o|178/245\n|-unboost|p2a: Rotom|spa|2\n|\n|upkeep\n|turn|9\n|\n|t:|1782892363\n|switch|p2a: Houndstone|Houndstone, L86, F|264/264\n|move|p1a: Kommo-o|Clangorous Soul|p1a: Kommo-o\n|-boost|p1a: Kommo-o|atk|1\n|-boost|p1a: Kommo-o|def|1\n|-boost|p1a: Kommo-o|spa|1\n|-boost|p1a: Kommo-o|spd|1\n|-boost|p1a: Kommo-o|spe|1\n|-damage|p1a: Kommo-o|98/245\n|-enditem|p1a: Kommo-o|Throat Spray\n|-boost|p1a: Kommo-o|spa|1|[from] item: Throat Spray\n|\n|upkeep\n|turn|10\n|\n|t:|1782892368\n|move|p1a: Kommo-o|Clanging Scales|p2a: Houndstone\n|-damage|p2a: Houndstone|69/264\n|-unboost|p1a: Kommo-o|def|1\n|move|p2a: Houndstone|Will-O-Wisp|p1a: Kommo-o\n|-status|p1a: Kommo-o|brn\n|\n|-heal|p2a: Houndstone|85/264|[from] item: Leftovers\n|-damage|p1a: Kommo-o|83/245 brn|[from] brn\n|upkeep\n|turn|11\n|\n|t:|1782892372\n|move|p2a: Houndstone|Shadow Sneak|p1a: Kommo-o\n|-damage|p1a: Kommo-o|44/245 brn\n|move|p1a: Kommo-o|Clanging Scales|p2a: Houndstone\n|-damage|p2a: Houndstone|0 fnt\n|faint|p2a: Houndstone\n|-unboost|p1a: Kommo-o|def|1\n|\n|-damage|p1a: Kommo-o|29/245 brn|[from] brn\n|upkeep\n|\n|t:|1782892375\n|switch|p2a: Dugtrio|Dugtrio-Alola, L84, F|196/196\n|turn|12\n|\n|t:|1782892384\n|move|p2a: Dugtrio|Sucker Punch|p1a: Kommo-o\n|-resisted|p1a: Kommo-o\n|-damage|p1a: Kommo-o|0 fnt\n|faint|p1a: Kommo-o\n|-damage|p2a: Dugtrio|177/196|[from] item: Life Orb\n|\n|upkeep\n|\n|t:|1782892392\n|switch|p1a: Hitmonlee|Hitmonlee, L85, M|223/223\n|turn|13\n|\n|t:|1782892400\n|-terastallize|p2a: Dugtrio|Steel\n|move|p2a: Dugtrio|Iron Head|p1a: Hitmonlee\n|-damage|p1a: Hitmonlee|28/223\n|-damage|p2a: Dugtrio|158/196|[from] item: Life Orb\n|move|p1a: Hitmonlee|High Jump Kick|p2a: Dugtrio\n|-supereffective|p2a: Dugtrio\n|-damage|p2a: Dugtrio|0 fnt\n|-ability|p2a: Dugtrio|Tangling Hair\n|-unboost|p1a: Hitmonlee|spe|1\n|faint|p2a: Dugtrio\n|\n|upkeep\n|\n|t:|1782892402\n|switch|p2a: Rotom|Rotom-Mow, L87|199/229\n|turn|14\n|\n|t:|1782892417\n|switch|p1a: Lugia|Lugia, L73|275/275\n|move|p2a: Rotom|Thunderbolt|p1a: Lugia\n|-supereffective|p1a: Lugia\n|-damage|p1a: Lugia|193/275\n|\n|upkeep\n|turn|15\n|\n|t:|1782892425\n|move|p2a: Rotom|Thunderbolt|p1a: Lugia\n|-supereffective|p1a: Lugia\n|-damage|p1a: Lugia|19/275\n|move|p1a: Lugia|Calm Mind|p1a: Lugia\n|-boost|p1a: Lugia|spa|1\n|-boost|p1a: Lugia|spd|1\n|\n|upkeep\n|turn|16\n|\n|t:|1782892430\n|move|p2a: Rotom|Thunderbolt|p1a: Lugia\n|-supereffective|p1a: Lugia\n|-damage|p1a: Lugia|0 fnt\n|faint|p1a: Lugia\n|\n|upkeep\n|\n|t:|1782892439\n|switch|p1a: Typhlosion|Typhlosion, L84, F|47/267\n|turn|17\n|\n|t:|1782892449\n|move|p1a: Typhlosion|Focus Blast|p2a: Rotom\n|-damage|p2a: Rotom|115/229\n|move|p2a: Rotom|Thunderbolt|p1a: Typhlosion\n|-damage|p1a: Typhlosion|0 fnt\n|faint|p1a: Typhlosion\n|\n|upkeep\n|\n|t:|1782892454\n|switch|p1a: Regieleki|Regieleki, L79|256/256\n|turn|18\n|\n|t:|1782892459\n|switch|p2a: Ludicolo|Ludicolo, L90, M|290/290\n|-terastallize|p1a: Regieleki|Ice\n|move|p1a: Regieleki|Tera Blast|p2a: Ludicolo|[anim] Tera Blast Ice\n|-damage|p2a: Ludicolo|224/290\n|\n|upkeep\n|turn|19\n|\n|t:|1782892468\n|move|p1a: Regieleki|Thunderbolt|p2a: Ludicolo\n|-damage|p2a: Ludicolo|100/290\n|-status|p2a: Ludicolo|par\n|move|p2a: Ludicolo|Giga Drain|p1a: Regieleki\n|-damage|p1a: Regieleki|39/256\n|-heal|p2a: Ludicolo|209/290 par|[from] drain|[of] p1a: Regieleki\n|\n|upkeep\n|turn|20\n|\n|t:|1782892474\n|move|p1a: Regieleki|Thunderbolt|p2a: Ludicolo\n|-damage|p2a: Ludicolo|103/290 par\n|cant|p2a: Ludicolo|par\n|\n|upkeep\n|turn|21\n|\n|t:|1782892477\n|move|p1a: Regieleki|Thunderbolt|p2a: Ludicolo\n|-damage|p2a: Ludicolo|0 fnt\n|faint|p2a: Ludicolo\n|\n|upkeep\n|\n|t:|1782892478\n|switch|p2a: Rotom|Rotom-Mow, L87|115/229\n|turn|22\n|\n|t:|1782892483\n|move|p1a: Regieleki|Tera Blast|p2a: Rotom|[anim] Tera Blast Ice\n|-supereffective|p2a: Rotom\n|-crit|p2a: Rotom\n|-damage|p2a: Rotom|0 fnt\n|faint|p2a: Rotom\n|\n|upkeep\n|\n|t:|1782892485\n|switch|p2a: Feraligatr|Feraligatr, L79, M|264/264\n|turn|23\n|inactive|Coup2shlass has 120 seconds left.\n|\n|t:|1782892531\n|move|p1a: Regieleki|Thunderbolt|p2a: Feraligatr\n|-supereffective|p2a: Feraligatr\n|-damage|p2a: Feraligatr|0 fnt\n|faint|p2a: Feraligatr\n|\n|win|Coup2shlass\n|raw|Coup2shlass's rating: 1688 &rarr; <strong>1718</strong><br />(+30 for winning)\n|raw|jnpr010334's rating: 1870 &rarr; <strong>1840</strong><br />(-30 for losing)\n", "inputlog": ">version f8ac14003a5f27e1bdc8d8c59608a773c1cb96e5\n>start {\"formatid\":\"gen9randombattle\",\"seed\":\"sodium,72a25e2ba3f5f5e8eefea2c690ca3ea9\",\"rated\":\"Rated battle\"}\n>player p1 {\"name\":\"Coup2shlass\",\"avatar\":\"170\",\"rating\":1688,\"seed\":\"sodium,f83cb7757b7fd6525dc351172984d422\"}\n>player p2 {\"name\":\"jnpr010334\",\"avatar\":\"265\",\"rating\":1811,\"seed\":\"sodium,1ad40ba974ac8106764d479ff8334f88\"}\n>p1 switch 3\n>p2 move nastyplot\n>p1 move earthquake\n>p2 move fireblast\n>p1 move earthquake\n>p2 move psyshock\n>p1 switch 6\n>p1 move scorchingsands\n>p2 move psyshock\n>p1 move scorchingsands\n>p2 move psyshock\n>p2 switch 5\n>p1 switch 2\n>p2 move dragondance\n>p1 move thunderbolt\n>p2 switch 4\n>p1 switch 3\n>p2 move leafstorm\n>p1 move clangoroussoul\n>p2 switch 3\n>p1 move clangingscales\n>p2 move willowisp\n>p1 move clangingscales\n>p2 move shadowsneak\n>p2 switch 2\n>p1 move drainpunch\n>p2 move suckerpunch\n>p1 switch 5\n>p1 move highjumpkick\n>p2 move ironhead terastallize\n>p2 switch 3\n>p1 switch 4\n>p2 move thunderbolt\n>p1 move calmmind\n>p2 move thunderbolt\n>p1 move aeroblast\n>p2 move thunderbolt\n>p1 switch 2\n>p1 move focusblast\n>p2 move thunderbolt\n>p1 switch 3\n>p1 move terablast terastallize\n>p2 switch 6\n>p1 move thunderbolt\n>p2 move gigadrain\n>p1 move thunderbolt\n>p2 move gigadrain\n>p1 move thunderbolt\n>p2 move gigadrain\n>p2 switch 6\n>p1 move terablast\n>p2 move thunderbolt\n>p2 switch 4\n>p1 move thunderbolt\n>p2 move dragondance", "uploadtime": 1782892532, "views": 8, "formatid": "gen9randombattle", "rating": 1718, "private": 0, "password": null, "player_dets": [{"name": "Coup2shlass", "avatar": "170", "rating": 1688, "seed": "sodium,f83cb7757b7fd6525dc351172984d422"}, {"name": "jnpr010334", "avatar": "265", "rating": 1811, "seed": "sodium,1ad40ba974ac8106764d479ff8334f88"}], "teams_full": [{"Kommo-o": {"name": "Kommo-o", "species": "Kommo-o", "speciesId": "kommoo", "gender": "M", "shiny": false, "level": 78, "moves": ["clangingscales", "drainpunch", "boomburst", "clangoroussoul"], "ability": "Soundproof", "evs": {"hp": 85, "atk": 85, "def": 85, "spa": 85, "spd": 85, "spe": 85}, "ivs": {"hp": 31, "atk": 31, "def": 31, "spa": 31, "spd": 31, "spe": 31}, "item": "Throat Spray", "teraType": "Normal", "role": "Fast Bulky Setup", "bvs": {"hp": 75, "atk": 110, "def": 125, "spa": 100, "spd": 105, "spe": 85}, "stats": {"hp": 245, "atk": 217, "def": 240, "spa": 201, "spd": 209, "spe": 178}, "types": ["Dragon", "Fighting"]}, "Regieleki": {"name": "Regieleki", "species": "Regieleki", "speciesId": "regieleki", "gender": "N", "shiny": false, "level": 79, "moves": ["voltswitch", "terablast", "thunderbolt", "rapidspin"], "ability": "Transistor", "evs": {"hp": 85, "atk": 85, "def": 85, "spa": 85, "spd": 85, "spe": 85}, "ivs": {"hp": 31, "atk": 31, "def": 31, "spa": 31, "spd": 31, "spe": 31}, "item": "Magnet", "teraType": "Ice", "role": "Tera Blast user", "bvs": {"hp": 80, "atk": 100, "def": 50, "spa": 100, "spd": 50, "spe": 200}, "stats": {"hp": 256, "atk": 204, "def": 125, "spa": 204, "spd": 125, "spe": 362}, "types": ["Electric"]}, "Vigoroth": {"name": "Vigoroth", "species": "Vigoroth", "speciesId": "vigoroth", "gender": "M", "shiny": false, "level": 85, "moves": ["slackoff", "bulkup", "earthquake", "bodyslam"], "ability": "Vital Spirit", "evs": {"hp": 85, "atk": 85, "def": 85, "spa": 85, "spd": 85, "spe": 85}, "ivs": {"hp": 31, "atk": 31, "def": 31, "spa": 31, "spd": 31, "spe": 31}, "item": "Eviolite", "teraType": "Ground", "role": "Bulky Attacker", "bvs": {"hp": 80, "atk": 80, "def": 80, "spa": 55, "spd": 55, "spe": 90}, "stats": {"hp": 275, "atk": 185, "def": 185, "spa": 142, "spd": 142, "spe": 202}, "types": ["Normal"]}, "Lugia": {"name": "Lugia", "species": "Lugia", "speciesId": "lugia", "gender": "N", "shiny": false, "level": 73, "moves": ["recover", "calmmind", "aeroblast", "earthpower"], "ability": "Multiscale", "evs": {"hp": 85, "atk": 0, "def": 85, "spa": 85, "spd": 85, "spe": 85}, "ivs": {"hp": 31, "atk": 0, "def": 31, "spa": 31, "spd": 31, "spe": 31}, "item": "Heavy-Duty Boots", "teraType": "Steel", "role": "Bulky Setup", "bvs": {"hp": 106, "atk": 90, "def": 130, "spa": 90, "spd": 154, "spe": 110}, "stats": {"hp": 275, "atk": 136, "def": 232, "spa": 174, "spd": 267, "spe": 203}, "types": ["Psychic", "Flying"]}, "Hitmonlee": {"name": "Hitmonlee", "species": "Hitmonlee", "speciesId": "hitmonlee", "gender": "M", "shiny": false, "level": 85, "moves": ["stoneedge", "highjumpkick", "poisonjab", "knockoff"], "ability": "Reckless", "evs": {"hp": 81, "atk": 85, "def": 85, "spa": 85, "spd": 85, "spe": 85}, "ivs": {"hp": 31, "atk": 31, "def": 31, "spa": 31, "spd": 31, "spe": 31}, "item": "Choice Band", "teraType": "Fighting", "role": "Fast Attacker", "bvs": {"hp": 50, "atk": 120, "def": 53, "spa": 35, "spd": 110, "spe": 87}, "stats": {"hp": 223, "atk": 253, "def": 139, "spa": 108, "spd": 236, "spe": 197}, "types": ["Fighting"]}, "Typhlosion": {"name": "Typhlosion", "species": "Typhlosion", "speciesId": "typhlosion", "gender": "F", "shiny": false, "level": 84, "moves": ["eruption", "fireblast", "focusblast", "scorchingsands"], "ability": "Flash Fire", "evs": {"hp": 81, "atk": 0, "def": 85, "spa": 85, "spd": 85, "spe": 85}, "ivs": {"hp": 31, "atk": 0, "def": 31, "spa": 31, "spd": 31, "spe": 31}, "item": "Choice Scarf", "teraType": "Fire", "role": "Fast Attacker", "bvs": {"hp": 78, "atk": 84, "def": 78, "spa": 109, "spd": 85, "spe": 100}, "stats": {"hp": 267, "atk": 146, "def": 179, "spa": 231, "spd": 191, "spe": 216}, "types": ["Fire"]}}, {"Delphox": {"name": "Delphox", "species": "Delphox", "speciesId": "delphox", "gender": "F", "shiny": false, "level": 84, "moves": ["nastyplot", "focusblast", "psyshock", "fireblast"], "ability": "Blaze", "evs": {"hp": 85, "atk": 0, "def": 85, "spa": 85, "spd": 85, "spe": 85}, "ivs": {"hp": 31, "atk": 0, "def": 31, "spa": 31, "spd": 31, "spe": 31}, "item": "Heavy-Duty Boots", "teraType": "Fighting", "role": "Fast Attacker", "bvs": {"hp": 75, "atk": 69, "def": 72, "spa": 114, "spd": 100, "spe": 104}, "stats": {"hp": 263, "atk": 120, "def": 169, "spa": 240, "spd": 216, "spe": 223}, "types": ["Fire", "Psychic"]}, "Dugtrio": {"name": "Dugtrio", "species": "Dugtrio-Alola", "speciesId": "dugtrioalola", "gender": "F", "shiny": false, "level": 84, "moves": ["suckerpunch", "earthquake", "swordsdance", "ironhead"], "ability": "Tangling Hair", "evs": {"hp": 85, "atk": 85, "def": 85, "spa": 85, "spd": 85, "spe": 85}, "ivs": {"hp": 31, "atk": 31, "def": 31, "spa": 31, "spd": 31, "spe": 31}, "item": "Life Orb", "teraType": "Steel", "role": "Fast Attacker", "bvs": {"hp": 35, "atk": 100, "def": 60, "spa": 50, "spd": 70, "spe": 110}, "stats": {"hp": 196, "atk": 216, "def": 149, "spa": 132, "spd": 166, "spe": 233}, "types": ["Ground", "Steel"]}, "Houndstone": {"name": "Houndstone", "species": "Houndstone", "speciesId": "houndstone", "gender": "F", "shiny": false, "level": 86, "moves": ["willowisp", "bodypress", "poltergeist", "shadowsneak"], "ability": "Fluffy", "evs": {"hp": 85, "atk": 85, "def": 85, "spa": 85, "spd": 85, "spe": 85}, "ivs": {"hp": 31, "atk": 31, "def": 31, "spa": 31, "spd": 31, "spe": 31}, "item": "Leftovers", "teraType": "Fighting", "role": "Bulky Attacker", "bvs": {"hp": 72, "atk": 101, "def": 100, "spa": 50, "spd": 97, "spe": 68}, "stats": {"hp": 264, "atk": 223, "def": 221, "spa": 135, "spd": 216, "spe": 166}, "types": ["Ghost"]}, "Rotom": {"name": "Rotom", "species": "Rotom-Mow", "speciesId": "rotommow", "gender": "N", "shiny": false, "level": 87, "moves": ["trick", "thunderbolt", "voltswitch", "leafstorm"], "ability": "Levitate", "evs": {"hp": 85, "atk": 0, "def": 85, "spa": 85, "spd": 85, "spe": 85}, "ivs": {"hp": 31, "atk": 0, "def": 31, "spa": 31, "spd": 31, "spe": 31}, "item": "Choice Scarf", "teraType": "Grass", "role": "Bulky Attacker", "bvs": {"hp": 50, "atk": 65, "def": 107, "spa": 105, "spd": 107, "spe": 86}, "stats": {"hp": 229, "atk": 118, "def": 236, "spa": 232, "spd": 236, "spe": 199}, "types": ["Electric", "Grass"]}, "Feraligatr": {"name": "Feraligatr", "species": "Feraligatr", "speciesId": "feraligatr", "gender": "M", "shiny": false, "level": 79, "moves": ["liquidation", "dragondance", "crunch", "icepunch"], "ability": "Sheer Force", "evs": {"hp": 85, "atk": 85, "def": 85, "spa": 85, "spd": 85, "spe": 85}, "ivs": {"hp": 31, "atk": 31, "def": 31, "spa": 31, "spd": 31, "spe": 31}, "item": "Life Orb", "teraType": "Dragon", "role": "Fast Bulky Setup", "bvs": {"hp": 85, "atk": 105, "def": 100, "spa": 79, "spd": 83, "spe": 78}, "stats": {"hp": 264, "atk": 211, "def": 204, "spa": 170, "spd": 177, "spe": 169}, "types": ["Water"]}, "Ludicolo": {"name": "Ludicolo", "species": "Ludicolo", "speciesId": "ludicolo", "gender": "M", "shiny": false, "level": 90, "moves": ["hydropump", "gigadrain", "leafstorm", "icebeam"], "ability": "Swift Swim", "evs": {"hp": 85, "atk": 0, "def": 85, "spa": 85, "spd": 85, "spe": 85}, "ivs": {"hp": 31, "atk": 0, "def": 31, "spa": 31, "spd": 31, "spe": 31}, "item": "Choice Specs", "teraType": "Water", "role": "Fast Attacker", "bvs": {"hp": 80, "atk": 70, "def": 70, "spa": 90, "spd": 100, "spe": 70}, "stats": {"hp": 290, "atk": 131, "def": 177, "spa": 213, "spd": 231, "spe": 177}, "types": ["Water", "Grass"]}}]}