{"id": "gen9randombattle-2641809736", "format": "[Gen 9] Random Battle", "players": ["whisperwyrm", "Elite 4 Anubis"], "log": "|j|\u2606whisperwyrm\n|j|\u2606Elite 4 Anubis\n|t:|1782844530\n|gametype|singles\n|player|p1|whisperwyrm|1|2165\n|player|p2|Elite 4 Anubis|265|2232\n|gen|9\n|tier|[Gen 9] Random Battle\n|rated|\n|rule|Species Clause: Limit one of each Pok\u00e9mon\n|rule|HP Percentage Mod: HP is shown in percentages\n|rule|Sleep Clause Mod: Limit one foe put to sleep\n|rule|Illusion Level Mod: Illusion disguises the Pok\u00e9mon's true level\n|\n|t:|1782844530\n|teamsize|p1|6\n|teamsize|p2|6\n|start\n|switch|p1a: Hitmontop|Hitmontop, L88, M|231/231\n|switch|p2a: Azumarill|Azumarill, L82, M|298/298\n|-ability|p1a: Hitmontop|Intimidate|boost\n|-unboost|p2a: Azumarill|atk|1\n|turn|1\n|inactive|Battle timer is ON: inactive players will automatically lose when time's up. (requested by whisperwyrm)\n|inactive|Elite 4 Anubis has 120 seconds left.\n|\n|t:|1782844574\n|switch|p1a: Vikavolt|Vikavolt, L83, F|263/263\n|switch|p2a: Greedent|Greedent, L86, F|347/347\n|\n|upkeep\n|turn|2\n|\n|t:|1782844582\n|move|p1a: Vikavolt|Sticky Web|p2a: Greedent\n|-sidestart|p2: Elite 4 Anubis|move: Sticky Web\n|move|p2a: Greedent|Swords Dance|p2a: Greedent\n|-boost|p2a: Greedent|atk|2\n|\n|upkeep\n|turn|3\n|\n|t:|1782844585\n|move|p1a: Vikavolt|Volt Switch|p2a: Greedent\n|-damage|p2a: Greedent|227/347\n|\n|t:|1782844589\n|switch|p1a: Hitmontop|Hitmontop, L88, M|231/231|[from] Volt Switch\n|-ability|p1a: Hitmontop|Intimidate|boost\n|-unboost|p2a: Greedent|atk|1\n|move|p2a: Greedent|Body Slam|p1a: Hitmontop\n|-damage|p1a: Hitmontop|99/231\n|\n|upkeep\n|turn|4\n|\n|t:|1782844602\n|-terastallize|p2a: Greedent|Ground\n|move|p1a: Hitmontop|Close Combat|p2a: Greedent\n|-damage|p2a: Greedent|97/347\n|-unboost|p1a: Hitmontop|def|1\n|-unboost|p1a: Hitmontop|spd|1\n|-enditem|p2a: Greedent|Sitrus Berry|[eat]\n|-heal|p2a: Greedent|183/347|[from] item: Sitrus Berry\n|-heal|p2a: Greedent|298/347|[from] ability: Cheek Pouch\n|move|p2a: Greedent|Body Slam|p1a: Hitmontop\n|-damage|p1a: Hitmontop|0 fnt\n|faint|p1a: Hitmontop\n|\n|upkeep\n|\n|t:|1782844611\n|switch|p1a: Slowking|Slowking, L88, F|310/310\n|turn|5\n|\n|t:|1782844615\n|move|p1a: Slowking|Scald|p2a: Greedent\n|-supereffective|p2a: Greedent\n|-damage|p2a: Greedent|74/347\n|-status|p2a: Greedent|brn\n|move|p2a: Greedent|Knock Off|p1a: Slowking\n|-supereffective|p1a: Slowking\n|-damage|p1a: Slowking|201/310\n|-enditem|p1a: Slowking|Heavy-Duty Boots|[from] move: Knock Off|[of] p2a: Greedent\n|\n|-damage|p2a: Greedent|53/347 brn|[from] brn\n|upkeep\n|turn|6\n|\n|t:|1782844624\n|move|p1a: Slowking|Scald|p2a: Greedent\n|-supereffective|p2a: Greedent\n|-damage|p2a: Greedent|0 fnt\n|faint|p2a: Greedent\n|\n|upkeep\n|\n|t:|1782844630\n|switch|p2a: Umbreon|Umbreon, L84, F|297/297\n|-activate|p2a: Umbreon|move: Sticky Web\n|-unboost|p2a: Umbreon|spe|1\n|turn|7\n|\n|t:|1782844643\n|move|p2a: Umbreon|Toxic|p1a: Slowking|[miss]\n|-miss|p2a: Umbreon|p1a: Slowking\n|move|p1a: Slowking|Scald|p2a: Umbreon\n|-damage|p2a: Umbreon|221/297\n|\n|-heal|p2a: Umbreon|239/297|[from] item: Leftovers\n|upkeep\n|turn|8\n|\n|t:|1782844646\n|move|p2a: Umbreon|Toxic|p1a: Slowking\n|-status|p1a: Slowking|tox\n|move|p1a: Slowking|Scald|p2a: Umbreon\n|-damage|p2a: Umbreon|167/297\n|\n|-heal|p2a: Umbreon|185/297|[from] item: Leftovers\n|-damage|p1a: Slowking|182/310 tox|[from] psn\n|upkeep\n|turn|9\n|\n|t:|1782844651\n|switch|p1a: Vikavolt|Vikavolt, L83, F|263/263\n|move|p2a: Umbreon|Protect||[still]\n|-fail|p2a: Umbreon\n|\n|-heal|p2a: Umbreon|203/297|[from] item: Leftovers\n|upkeep\n|turn|10\n|\n|t:|1782844655\n|move|p2a: Umbreon|Protect|p2a: Umbreon\n|-singleturn|p2a: Umbreon|Protect\n|move|p1a: Vikavolt|Bug Buzz|p2a: Umbreon\n|-activate|p2a: Umbreon|move: Protect\n|\n|-heal|p2a: Umbreon|221/297|[from] item: Leftovers\n|upkeep\n|turn|11\n|\n|t:|1782844660\n|switch|p2a: Klefki|Klefki, L84, M|233/233\n|-activate|p2a: Klefki|move: Sticky Web\n|-unboost|p2a: Klefki|spe|1\n|move|p1a: Vikavolt|Bug Buzz|p2a: Klefki\n|-resisted|p2a: Klefki\n|-damage|p2a: Klefki|201/233\n|\n|-heal|p2a: Klefki|215/233|[from] item: Leftovers\n|upkeep\n|turn|12\n|\n|t:|1782844669\n|move|p2a: Klefki|Spikes|p1a: Vikavolt\n|-sidestart|p1: whisperwyrm|Spikes\n|move|p1a: Vikavolt|Volt Switch|p2a: Klefki\n|-damage|p2a: Klefki|110/233\n|\n|t:|1782844676\n|switch|p1a: Rhydon|Rhydon, L85, F|317/317|[from] Volt Switch\n|-damage|p1a: Rhydon|278/317|[from] Spikes\n|\n|-heal|p2a: Klefki|124/233|[from] item: Leftovers\n|upkeep\n|turn|13\n|\n|t:|1782844680\n|move|p2a: Klefki|Magnet Rise|p2a: Klefki\n|-start|p2a: Klefki|Magnet Rise\n|move|p1a: Rhydon|Stealth Rock|p2a: Klefki\n|-sidestart|p2: Elite 4 Anubis|move: Stealth Rock\n|\n|-heal|p2a: Klefki|138/233|[from] item: Leftovers\n|upkeep\n|turn|14\n|\n|t:|1782844686\n|switch|p1a: Vikavolt|Vikavolt, L83, F|263/263\n|move|p2a: Klefki|Spikes|p1a: Vikavolt\n|-sidestart|p1: whisperwyrm|Spikes\n|\n|-heal|p2a: Klefki|152/233|[from] item: Leftovers\n|upkeep\n|turn|15\n|\n|t:|1782844693\n|move|p2a: Klefki|Spikes|p1a: Vikavolt\n|-sidestart|p1: whisperwyrm|Spikes\n|move|p1a: Vikavolt|Discharge|p2a: Klefki\n|-damage|p2a: Klefki|29/233\n|-status|p2a: Klefki|par\n|\n|-heal|p2a: Klefki|43/233 par|[from] item: Leftovers\n|upkeep\n|turn|16\n|\n|t:|1782844697\n|move|p1a: Vikavolt|Discharge|p2a: Klefki\n|-damage|p2a: Klefki|0 fnt\n|faint|p2a: Klefki\n|\n|upkeep\n|\n|t:|1782844700\n|switch|p2a: Emboar|Emboar, L84, F|322/322\n|-activate|p2a: Emboar|move: Sticky Web\n|-unboost|p2a: Emboar|spe|1\n|-damage|p2a: Emboar|282/322|[from] Stealth Rock\n|turn|17\n|\n|t:|1782844708\n|move|p1a: Vikavolt|Volt Switch|p2a: Emboar\n|-damage|p2a: Emboar|203/322\n|\n|t:|1782844713\n|switch|p1a: Slowking|Slowking, L88, F|285/310 tox|[from] Volt Switch\n|-damage|p1a: Slowking|208/310 tox|[from] Spikes\n|move|p2a: Emboar|Flare Blitz|p1a: Slowking\n|-resisted|p1a: Slowking\n|-damage|p1a: Slowking|110/310 tox\n|-damage|p2a: Emboar|171/322|[from] Recoil\n|\n|-damage|p1a: Slowking|91/310 tox|[from] psn\n|upkeep\n|turn|18\n|\n|t:|1782844721\n|move|p2a: Emboar|Sucker Punch|p1a: Slowking\n|-supereffective|p1a: Slowking\n|-damage|p1a: Slowking|0 fnt\n|faint|p1a: Slowking\n|\n|upkeep\n|\n|t:|1782844725\n|switch|p1a: Rhydon|Rhydon, L85, F|278/317\n|-damage|p1a: Rhydon|199/317|[from] Spikes\n|turn|19\n|\n|t:|1782844745\n|move|p2a: Emboar|Sucker Punch|p1a: Rhydon\n|-damage|p1a: Rhydon|167/317\n|move|p1a: Rhydon|Earthquake|p2a: Emboar\n|-supereffective|p2a: Emboar\n|-damage|p2a: Emboar|0 fnt\n|faint|p2a: Emboar\n|\n|upkeep\n|\n|t:|1782844753\n|switch|p2a: Azumarill|Azumarill, L82, M|298/298\n|-activate|p2a: Azumarill|move: Sticky Web\n|-unboost|p2a: Azumarill|spe|1\n|-damage|p2a: Azumarill|261/298|[from] Stealth Rock\n|turn|20\n|\n|t:|1782844760\n|move|p1a: Rhydon|Earthquake|p2a: Azumarill\n|-damage|p2a: Azumarill|107/298\n|move|p2a: Azumarill|Liquidation|p1a: Rhydon\n|-supereffective|p1a: Rhydon\n|-damage|p1a: Rhydon|0 fnt\n|faint|p1a: Rhydon\n|\n|upkeep\n|j| xMagic_7\n|\n|t:|1782844765\n|switch|p1a: Vikavolt|Vikavolt, L83, F|263/263\n|turn|21\n|\n|t:|1782844768\n|move|p1a: Vikavolt|Discharge|p2a: Azumarill\n|-supereffective|p2a: Azumarill\n|-damage|p2a: Azumarill|0 fnt\n|faint|p2a: Azumarill\n|\n|upkeep\n|\n|t:|1782844771\n|switch|p2a: Metagross|Metagross, L79|256/256\n|-activate|p2a: Metagross|move: Sticky Web\n|-fail|p2a: Metagross|unboost|[from] ability: Clear Body|[of] p2a: Metagross\n|-damage|p2a: Metagross|240/256|[from] Stealth Rock\n|turn|22\n|\n|t:|1782844779\n|switch|p1a: Hypno|Hypno, L95, M|315/315\n|-damage|p1a: Hypno|237/315|[from] Spikes\n|move|p2a: Metagross|Psychic Fangs|p1a: Hypno\n|-resisted|p1a: Hypno\n|-damage|p1a: Hypno|186/315\n|\n|-heal|p1a: Hypno|205/315|[from] item: Leftovers\n|upkeep\n|turn|23\n|\n|t:|1782844792\n|move|p1a: Hypno|Knock Off|p2a: Metagross\n|-supereffective|p2a: Metagross\n|-damage|p2a: Metagross|120/256\n|-enditem|p2a: Metagross|Weakness Policy\n|-boost|p2a: Metagross|atk|2|[from] item: Weakness Policy\n|-boost|p2a: Metagross|spa|2|[from] item: Weakness Policy\n|move|p2a: Metagross|Heavy Slam|p1a: Hypno\n|-damage|p1a: Hypno|0 fnt\n|faint|p1a: Hypno\n|\n|upkeep\n|\n|t:|1782844799\n|switch|p1a: Lanturn|Lanturn, L89, M|367/367\n|turn|24\n|\n|t:|1782844809\n|move|p1a: Lanturn|Thunder Wave|p2a: Metagross\n|-status|p2a: Metagross|par\n|move|p2a: Metagross|Agility|p2a: Metagross\n|-boost|p2a: Metagross|spe|2\n|\n|upkeep\n|turn|25\n|\n|t:|1782844819\n|-terastallize|p1a: Lanturn|Flying\n|move|p1a: Lanturn|Thunderbolt|p2a: Metagross\n|-damage|p2a: Metagross|30/256 par\n|cant|p2a: Metagross|par\n|\n|upkeep\n|turn|26\n|\n|t:|1782844824\n|move|p1a: Lanturn|Thunderbolt|p2a: Metagross\n|-damage|p2a: Metagross|0 fnt\n|faint|p2a: Metagross\n|\n|upkeep\n|\n|t:|1782844826\n|switch|p2a: Umbreon|Umbreon, L84, F|221/297\n|-activate|p2a: Umbreon|move: Sticky Web\n|-unboost|p2a: Umbreon|spe|1\n|-damage|p2a: Umbreon|184/297|[from] Stealth Rock\n|turn|27\n|\n|t:|1782844832\n|move|p1a: Lanturn|Scald|p2a: Umbreon\n|-damage|p2a: Umbreon|120/297\n|move|p2a: Umbreon|Toxic|p1a: Lanturn\n|-status|p1a: Lanturn|tox\n|\n|-heal|p2a: Umbreon|138/297|[from] item: Leftovers\n|-damage|p1a: Lanturn|345/367 tox|[from] psn\n|upkeep\n|turn|28\n|\n|t:|1782844839\n|move|p1a: Lanturn|Volt Switch|p2a: Umbreon\n|-damage|p2a: Umbreon|89/297\n|\n|t:|1782844841\n|switch|p1a: Vikavolt|Vikavolt, L83, F|263/263|[from] Volt Switch\n|move|p2a: Umbreon|Wish|p2a: Umbreon\n|\n|-heal|p2a: Umbreon|107/297|[from] item: Leftovers\n|upkeep\n|turn|29\n|\n|t:|1782844847\n|move|p2a: Umbreon|Protect|p2a: Umbreon\n|-singleturn|p2a: Umbreon|Protect\n|move|p1a: Vikavolt|Bug Buzz|p2a: Umbreon\n|-activate|p2a: Umbreon|move: Protect\n|\n|-heal|p2a: Umbreon|255/297|[from] move: Wish|[wisher] Umbreon\n|-heal|p2a: Umbreon|273/297|[from] item: Leftovers\n|upkeep\n|turn|30\n|\n|t:|1782844857\n|move|p1a: Vikavolt|Bug Buzz|p2a: Umbreon\n|-supereffective|p2a: Umbreon\n|-damage|p2a: Umbreon|87/297\n|move|p2a: Umbreon|Toxic|p1a: Vikavolt\n|-status|p1a: Vikavolt|tox\n|\n|-heal|p2a: Umbreon|105/297|[from] item: Leftovers\n|-damage|p1a: Vikavolt|247/263 tox|[from] psn\n|upkeep\n|turn|31\n|\n|t:|1782844863\n|move|p2a: Umbreon|Protect|p2a: Umbreon\n|-singleturn|p2a: Umbreon|Protect\n|move|p1a: Vikavolt|Bug Buzz|p2a: Umbreon\n|-activate|p2a: Umbreon|move: Protect\n|\n|-heal|p2a: Umbreon|123/297|[from] item: Leftovers\n|-damage|p1a: Vikavolt|215/263 tox|[from] psn\n|upkeep\n|turn|32\n|\n|t:|1782844866\n|move|p2a: Umbreon|Protect|p2a: Umbreon\n|-singleturn|p2a: Umbreon|Protect\n|move|p1a: Vikavolt|Bug Buzz|p2a: Umbreon\n|-activate|p2a: Umbreon|move: Protect\n|\n|-heal|p2a: Umbreon|141/297|[from] item: Leftovers\n|-damage|p1a: Vikavolt|167/263 tox|[from] psn\n|upkeep\n|turn|33\n|\n|t:|1782844875\n|move|p2a: Umbreon|Protect||[still]\n|-fail|p2a: Umbreon\n|move|p1a: Vikavolt|Bug Buzz|p2a: Umbreon\n|-supereffective|p2a: Umbreon\n|-damage|p2a: Umbreon|0 fnt\n|faint|p2a: Umbreon\n|\n|win|whisperwyrm\n|raw|whisperwyrm's rating: 2165 &rarr; <strong>2189</strong><br />(+24 for winning)\n|raw|Elite 4 Anubis's rating: 2232 &rarr; <strong>2208</strong><br />(-24 for losing)\n", "inputlog": ">version f8ac14003a5f27e1bdc8d8c59608a773c1cb96e5\n>start {\"formatid\":\"gen9randombattle\",\"seed\":\"sodium,93c04b887cfffce171fc7bcf56b299c9\",\"rated\":\"Rated battle\"}\n>player p1 {\"name\":\"whisperwyrm\",\"avatar\":\"1\",\"rating\":2165,\"seed\":\"sodium,0528838bbee375d5cbd7397e1a5773c6\"}\n>player p2 {\"name\":\"Elite 4 Anubis\",\"avatar\":\"265\",\"rating\":2232,\"seed\":\"sodium,b07723efbb85b4920a53772fe4ef1a7e\"}\n>p1 switch 5\n>p2 switch 4\n>p1 move stickyweb\n>p2 move swordsdance\n>p1 move voltswitch\n>p2 move bodyslam\n>p1 switch 5\n>p1 move closecombat\n>p2 move bodyslam terastallize\n>p1 switch 6\n>p1 move scald\n>p2 move knockoff\n>p1 move scald\n>p2 move bodyslam\n>p2 switch 3\n>p1 move scald\n>p2 move toxic\n>p1 move scald\n>p2 move toxic\n>p1 switch 5\n>p2 move protect\n>p1 move bugbuzz\n>p2 move protect\n>p1 move bugbuzz\n>p2 switch 2\n>p1 move voltswitch\n>p2 move spikes\n>p1 switch 2\n>p1 move stealthrock\n>p2 move magnetrise\n>p1 switch 2\n>p2 move spikes\n>p1 move discharge\n>p2 move spikes\n>p1 move discharge\n>p2 move playrough\n>p2 switch 5\n>p1 move voltswitch\n>p2 move flareblitz\n>p1 switch 5\n>p1 move scald\n>p2 move suckerpunch\n>p1 switch 2\n>p1 move earthquake\n>p2 move suckerpunch\n>p2 switch 4\n>p1 move earthquake\n>p2 move liquidation\n>p1 switch 5\n>p1 move discharge\n>p2 move liquidation\n>p2 switch 6\n>p1 switch 4\n>p2 move psychicfangs\n>p1 move knockoff\n>p2 move heavyslam\n>p1 switch 3\n>p1 move thunderwave\n>p2 move agility\n>p1 move thunderbolt terastallize\n>p2 move earthquake\n>p1 move thunderbolt\n>p2 move psychicfangs\n>p2 switch 2\n>p1 move scald\n>p2 move toxic\n>p1 move voltswitch\n>p2 move wish\n>p1 switch 4\n>p1 move bugbuzz\n>p2 move protect\n>p1 move bugbuzz\n>p2 move toxic\n>p1 move bugbuzz\n>p2 move protect\n>p1 move bugbuzz\n>p2 move protect\n>p1 move bugbuzz\n>p2 move protect", "uploadtime": 1782844875, "views": 6, "formatid": "gen9randombattle", "rating": 2189, "private": 0, "password": null, "player_dets": [{"name": "whisperwyrm", "avatar": "1", "rating": 2165, "seed": "sodium,0528838bbee375d5cbd7397e1a5773c6"}, {"name": "Elite 4 Anubis", "avatar": "265", "rating": 2232, "seed": "sodium,b07723efbb85b4920a53772fe4ef1a7e"}], "teams_full": [{"Hitmontop": {"name": "Hitmontop", "species": "Hitmontop", "speciesId": "hitmontop", "gender": "M", "shiny": false, "level": 88, "moves": ["stoneedge", "closecombat", "rapidspin", "suckerpunch"], "ability": "Intimidate", "evs": {"hp": 85, "atk": 85, "def": 85, "spa": 85, "spd": 85, "spe": 85}, "ivs": {"hp": 31, "atk": 31, "def": 31, "spa": 31, "spd": 31, "spe": 31}, "item": "Assault Vest", "teraType": "Steel", "role": "Bulky Support", "bvs": {"hp": 50, "atk": 95, "def": 95, "spa": 35, "spd": 110, "spe": 70}, "stats": {"hp": 231, "atk": 217, "def": 217, "spa": 112, "spd": 244, "spe": 173}, "types": ["Fighting"]}, "Rhydon": {"name": "Rhydon", "species": "Rhydon", "speciesId": "rhydon", "gender": "F", "shiny": false, "level": 85, "moves": ["stoneedge", "megahorn", "earthquake", "stealthrock"], "ability": "Lightning Rod", "evs": {"hp": 85, "atk": 85, "def": 85, "spa": 85, "spd": 85, "spe": 85}, "ivs": {"hp": 31, "atk": 31, "def": 31, "spa": 31, "spd": 31, "spe": 31}, "item": "Eviolite", "teraType": "Water", "role": "Bulky Attacker", "bvs": {"hp": 105, "atk": 130, "def": 120, "spa": 45, "spd": 45, "spe": 40}, "stats": {"hp": 317, "atk": 270, "def": 253, "spa": 125, "spd": 125, "spe": 117}, "types": ["Ground", "Rock"]}, "Lanturn": {"name": "Lanturn", "species": "Lanturn", "speciesId": "lanturn", "gender": "M", "shiny": false, "level": 89, "moves": ["voltswitch", "thunderbolt", "scald", "thunderwave"], "ability": "Volt Absorb", "evs": {"hp": 85, "atk": 0, "def": 85, "spa": 85, "spd": 85, "spe": 85}, "ivs": {"hp": 31, "atk": 0, "def": 31, "spa": 31, "spd": 31, "spe": 31}, "item": "Heavy-Duty Boots", "teraType": "Flying", "role": "Fast Support", "bvs": {"hp": 125, "atk": 58, "def": 58, "spa": 76, "spd": 76, "spe": 67}, "stats": {"hp": 367, "atk": 108, "def": 154, "spa": 186, "spd": 186, "spe": 170}, "types": ["Water", "Electric"]}, "Hypno": {"name": "Hypno", "species": "Hypno", "speciesId": "hypno", "gender": "M", "shiny": false, "level": 95, "moves": ["knockoff", "thunderwave", "encore", "psychicnoise"], "ability": "Insomnia", "evs": {"hp": 85, "atk": 85, "def": 85, "spa": 85, "spd": 85, "spe": 85}, "ivs": {"hp": 31, "atk": 31, "def": 31, "spa": 31, "spd": 31, "spe": 31}, "item": "Leftovers", "teraType": "Fairy", "role": "Bulky Support", "bvs": {"hp": 85, "atk": 73, "def": 70, "spa": 73, "spd": 115, "spe": 67}, "stats": {"hp": 315, "atk": 193, "def": 187, "spa": 193, "spd": 272, "spe": 181}, "types": ["Psychic"]}, "Vikavolt": {"name": "Vikavolt", "species": "Vikavolt", "speciesId": "vikavolt", "gender": "F", "shiny": false, "level": 83, "moves": ["stickyweb", "voltswitch", "bugbuzz", "discharge"], "ability": "Levitate", "evs": {"hp": 85, "atk": 0, "def": 85, "spa": 85, "spd": 85, "spe": 85}, "ivs": {"hp": 31, "atk": 0, "def": 31, "spa": 31, "spd": 31, "spe": 31}, "item": "Heavy-Duty Boots", "teraType": "Electric", "role": "Bulky Support", "bvs": {"hp": 77, "atk": 70, "def": 90, "spa": 145, "spd": 75, "spe": 43}, "stats": {"hp": 263, "atk": 121, "def": 197, "spa": 288, "spd": 172, "spe": 119}, "types": ["Bug", "Electric"]}, "Slowking": {"name": "Slowking", "species": "Slowking", "speciesId": "slowking", "gender": "F", "shiny": false, "level": 88, "moves": ["scald", "psyshock", "slackoff", "chillyreception"], "ability": "Regenerator", "evs": {"hp": 85, "atk": 0, "def": 85, "spa": 85, "spd": 85, "spe": 85}, "ivs": {"hp": 31, "atk": 0, "def": 31, "spa": 31, "spd": 31, "spe": 31}, "item": "Heavy-Duty Boots", "teraType": "Fairy", "role": "Bulky Attacker", "bvs": {"hp": 95, "atk": 75, "def": 80, "spa": 100, "spd": 110, "spe": 30}, "stats": {"hp": 310, "atk": 137, "def": 191, "spa": 226, "spd": 244, "spe": 103}, "types": ["Water", "Psychic"]}}, {"Azumarill": {"name": "Azumarill", "species": "Azumarill", "speciesId": "azumarill", "gender": "M", "shiny": false, "level": 82, "moves": ["playrough", "liquidation", "superpower", "aquajet"], "ability": "Huge Power", "evs": {"hp": 85, "atk": 85, "def": 85, "spa": 85, "spd": 85, "spe": 85}, "ivs": {"hp": 31, "atk": 31, "def": 31, "spa": 31, "spd": 31, "spe": 31}, "item": "Choice Band", "teraType": "Water", "role": "Bulky Attacker", "bvs": {"hp": 100, "atk": 50, "def": 80, "spa": 60, "spd": 80, "spe": 50}, "stats": {"hp": 298, "atk": 129, "def": 178, "spa": 146, "spd": 178, "spe": 129}, "types": ["Water", "Fairy"]}, "Klefki": {"name": "Klefki", "species": "Klefki", "speciesId": "klefki", "gender": "M", "shiny": false, "level": 84, "moves": ["playrough", "thunderwave", "spikes", "magnetrise"], "ability": "Prankster", "evs": {"hp": 85, "atk": 85, "def": 85, "spa": 85, "spd": 85, "spe": 85}, "ivs": {"hp": 31, "atk": 31, "def": 31, "spa": 31, "spd": 31, "spe": 31}, "item": "Leftovers", "teraType": "Water", "role": "Bulky Support", "bvs": {"hp": 57, "atk": 80, "def": 91, "spa": 80, "spd": 87, "spe": 75}, "stats": {"hp": 233, "atk": 183, "def": 201, "spa": 183, "spd": 194, "spe": 174}, "types": ["Steel", "Fairy"]}, "Umbreon": {"name": "Umbreon", "species": "Umbreon", "speciesId": "umbreon", "gender": "F", "shiny": false, "level": 84, "moves": ["protect", "wish", "foulplay", "toxic"], "ability": "Synchronize", "evs": {"hp": 85, "atk": 0, "def": 85, "spa": 85, "spd": 85, "spe": 85}, "ivs": {"hp": 31, "atk": 0, "def": 31, "spa": 31, "spd": 31, "spe": 31}, "item": "Leftovers", "teraType": "Poison", "role": "Bulky Support", "bvs": {"hp": 95, "atk": 65, "def": 110, "spa": 60, "spd": 130, "spe": 65}, "stats": {"hp": 297, "atk": 114, "def": 233, "spa": 149, "spd": 267, "spe": 157}, "types": ["Dark"]}, "Greedent": {"name": "Greedent", "species": "Greedent", "speciesId": "greedent", "gender": "F", "shiny": false, "level": 86, "moves": ["earthquake", "swordsdance", "bodyslam", "knockoff"], "ability": "Cheek Pouch", "evs": {"hp": 85, "atk": 85, "def": 85, "spa": 85, "spd": 85, "spe": 85}, "ivs": {"hp": 31, "atk": 31, "def": 31, "spa": 31, "spd": 31, "spe": 31}, "item": "Sitrus Berry", "teraType": "Ground", "role": "Bulky Setup", "bvs": {"hp": 120, "atk": 95, "def": 95, "spa": 55, "spd": 75, "spe": 20}, "stats": {"hp": 347, "atk": 213, "def": 213, "spa": 144, "spd": 178, "spe": 84}, "types": ["Normal"]}, "Emboar": {"name": "Emboar", "species": "Emboar", "speciesId": "emboar", "gender": "F", "shiny": false, "level": 84, "moves": ["closecombat", "flareblitz", "suckerpunch", "scald"], "ability": "Reckless", "evs": {"hp": 85, "atk": 85, "def": 85, "spa": 85, "spd": 85, "spe": 85}, "ivs": {"hp": 31, "atk": 31, "def": 31, "spa": 31, "spd": 31, "spe": 31}, "item": "Assault Vest", "teraType": "Water", "role": "AV Pivot", "bvs": {"hp": 110, "atk": 123, "def": 65, "spa": 100, "spd": 65, "spe": 65}, "stats": {"hp": 322, "atk": 255, "def": 157, "spa": 216, "spd": 157, "spe": 157}, "types": ["Fire", "Fighting"]}, "Metagross": {"name": "Metagross", "species": "Metagross", "speciesId": "metagross", "gender": "N", "shiny": false, "level": 79, "moves": ["heavyslam", "earthquake", "psychicfangs", "agility"], "ability": "Clear Body", "evs": {"hp": 85, "atk": 85, "def": 85, "spa": 85, "spd": 85, "spe": 85}, "ivs": {"hp": 31, "atk": 31, "def": 31, "spa": 31, "spd": 31, "spe": 31}, "item": "Weakness Policy", "teraType": "Ground", "role": "Bulky Setup", "bvs": {"hp": 80, "atk": 135, "def": 130, "spa": 95, "spd": 90, "spe": 70}, "stats": {"hp": 256, "atk": 259, "def": 251, "spa": 196, "spd": 188, "spe": 156}, "types": ["Steel", "Psychic"]}}]}