{"id": "gen9randombattle-2642066136", "format": "[Gen 9] Random Battle", "players": ["CuriousNeon", "Jeremiahthegoat23"], "log": "|j|\u2606CuriousNeon\n|j|\u2606Jeremiahthegoat23\n|t:|1782882613\n|gametype|singles\n|player|p1|CuriousNeon|miku-ghost|1269\n|player|p2|Jeremiahthegoat23|266|1207\n|gen|9\n|tier|[Gen 9] Random Battle\n|rated|\n|rule|Species Clause: Limit one of each Pok\u00e9mon\n|rule|HP Percentage Mod: HP is shown in percentages\n|rule|Sleep Clause Mod: Limit one foe put to sleep\n|rule|Illusion Level Mod: Illusion disguises the Pok\u00e9mon's true level\n|\n|t:|1782882613\n|teamsize|p1|6\n|teamsize|p2|6\n|start\n|switch|p1a: Drifblim|Drifblim, L86, M|396/396\n|switch|p2a: Eternatus|Eternatus, L69|308/308\n|-ability|p2a: Eternatus|Pressure\n|turn|1\n|inactive|Battle timer is ON: inactive players will automatically lose when time's up. (requested by CuriousNeon)\n|\n|t:|1782882639\n|move|p2a: Eternatus|Dynamax Cannon|p1a: Drifblim\n|-damage|p1a: Drifblim|254/396\n|move|p1a: Drifblim|Calm Mind|p1a: Drifblim\n|-boost|p1a: Drifblim|spa|1\n|-boost|p1a: Drifblim|spd|1\n|\n|upkeep\n|turn|2\n|\n|t:|1782882649\n|move|p2a: Eternatus|Meteor Beam||[still]\n|-prepare|p2a: Eternatus|Meteor Beam\n|-boost|p2a: Eternatus|spa|1\n|-enditem|p2a: Eternatus|Power Herb\n|-anim|p2a: Eternatus|Meteor Beam|p1a: Drifblim\n|-supereffective|p1a: Drifblim\n|-damage|p1a: Drifblim|44/396\n|-enditem|p1a: Drifblim|Sitrus Berry|[eat]\n|-heal|p1a: Drifblim|143/396|[from] item: Sitrus Berry\n|move|p1a: Drifblim|Calm Mind|p1a: Drifblim\n|-boost|p1a: Drifblim|spa|1\n|-boost|p1a: Drifblim|spd|1\n|\n|upkeep\n|turn|3\n|\n|t:|1782882661\n|move|p1a: Drifblim|Strength Sap|p2a: Eternatus\n|-unboost|p2a: Eternatus|atk|1\n|-heal|p1a: Drifblim|265/396\n|move|p2a: Eternatus|Meteor Beam||[still]\n|-prepare|p2a: Eternatus|Meteor Beam\n|-boost|p2a: Eternatus|spa|1\n|\n|upkeep\n|turn|4\n|\n|t:|1782882669\n|move|p1a: Drifblim|Calm Mind|p1a: Drifblim\n|-boost|p1a: Drifblim|spa|1\n|-boost|p1a: Drifblim|spd|1\n|move|p2a: Eternatus|Meteor Beam|p1a: Drifblim|[from] lockedmove\n|-supereffective|p1a: Drifblim\n|-damage|p1a: Drifblim|81/396\n|\n|upkeep\n|turn|5\n|\n|t:|1782882684\n|move|p1a: Drifblim|Strength Sap|p2a: Eternatus\n|-unboost|p2a: Eternatus|atk|1\n|-heal|p1a: Drifblim|162/396\n|move|p2a: Eternatus|Meteor Beam||[still]\n|-prepare|p2a: Eternatus|Meteor Beam\n|-boost|p2a: Eternatus|spa|1\n|\n|upkeep\n|turn|6\n|\n|t:|1782882710\n|-terastallize|p1a: Drifblim|Dark\n|move|p1a: Drifblim|Calm Mind|p1a: Drifblim\n|-boost|p1a: Drifblim|spa|1\n|-boost|p1a: Drifblim|spd|1\n|move|p2a: Eternatus|Meteor Beam|p1a: Drifblim|[from] lockedmove\n|-damage|p1a: Drifblim|77/396\n|\n|upkeep\n|turn|7\n|\n|t:|1782882727\n|move|p1a: Drifblim|Air Slash|p2a: Eternatus\n|-damage|p2a: Eternatus|31/308\n|cant|p2a: Eternatus|flinch\n|\n|upkeep\n|turn|8\n|\n|t:|1782882738\n|move|p1a: Drifblim|Air Slash|p2a: Eternatus\n|-damage|p2a: Eternatus|0 fnt\n|faint|p2a: Eternatus\n|\n|upkeep\n|\n|t:|1782882744\n|switch|p2a: Luxray|Luxray, L88, F|283/283\n|turn|9\n|\n|t:|1782882754\n|move|p1a: Drifblim|Strength Sap|p2a: Luxray\n|-unboost|p2a: Luxray|atk|1\n|-heal|p1a: Drifblim|338/396\n|move|p2a: Luxray|Play Rough|p1a: Drifblim\n|-supereffective|p1a: Drifblim\n|-damage|p1a: Drifblim|150/396\n|-unboost|p1a: Drifblim|atk|1\n|\n|-status|p2a: Luxray|brn|[from] item: Flame Orb\n|upkeep\n|turn|10\n|\n|t:|1782882771\n|move|p1a: Drifblim|Strength Sap|p2a: Luxray\n|-unboost|p2a: Luxray|atk|1\n|-heal|p1a: Drifblim|324/396\n|move|p2a: Luxray|Play Rough|p1a: Drifblim\n|-supereffective|p1a: Drifblim\n|-damage|p1a: Drifblim|138/396\n|\n|-damage|p2a: Luxray|266/283 brn|[from] brn\n|upkeep\n|turn|11\n|\n|t:|1782882784\n|move|p1a: Drifblim|Strength Sap|p2a: Luxray\n|-unboost|p2a: Luxray|atk|1\n|-heal|p1a: Drifblim|268/396\n|move|p2a: Luxray|Play Rough|p1a: Drifblim\n|-supereffective|p1a: Drifblim\n|-damage|p1a: Drifblim|100/396\n|-unboost|p1a: Drifblim|atk|1\n|\n|-damage|p2a: Luxray|249/283 brn|[from] brn\n|upkeep\n|turn|12\n|\n|t:|1782882796\n|move|p1a: Drifblim|Strength Sap|p2a: Luxray\n|-unboost|p2a: Luxray|atk|1\n|-heal|p1a: Drifblim|204/396\n|move|p2a: Luxray|Play Rough|p1a: Drifblim\n|-supereffective|p1a: Drifblim\n|-damage|p1a: Drifblim|80/396\n|\n|-damage|p2a: Luxray|232/283 brn|[from] brn\n|upkeep\n|turn|13\n|\n|t:|1782882812\n|switch|p2a: Meowscarada|Meowscarada, L78, M|247/247\n|move|p1a: Drifblim|Strength Sap|p2a: Meowscarada\n|-unboost|p2a: Meowscarada|atk|1\n|-heal|p1a: Drifblim|297/396\n|\n|upkeep\n|turn|14\n|\n|t:|1782882827\n|move|p1a: Drifblim|Strength Sap|p2a: Meowscarada\n|-unboost|p2a: Meowscarada|atk|1\n|-heal|p1a: Drifblim|396/396\n|move|p2a: Meowscarada|U-turn|p1a: Drifblim\n|-start|p2a: Meowscarada|typechange|Bug|[from] ability: Protean\n|-supereffective|p1a: Drifblim\n|-damage|p1a: Drifblim|228/396\n|\n|t:|1782882849\n|switch|p2a: Lumineon|Lumineon, L93, F|279/279|[from] U-turn\n|\n|upkeep\n|turn|15\n|inactive|Jeremiahthegoat23 has 120 seconds left.\n|inactive|CuriousNeon has 120 seconds left.\n|inactive|CuriousNeon has 90 seconds left.\n|inactive|CuriousNeon has 60 seconds left.\n|\n|t:|1782882948\n|move|p1a: Drifblim|Air Slash|p2a: Lumineon\n|-damage|p2a: Lumineon|50/279\n|move|p2a: Lumineon|Encore|p1a: Drifblim\n|-start|p1a: Drifblim|Encore\n|\n|upkeep\n|turn|16\n|inactive|CuriousNeon has 60 seconds left.\n|\n|t:|1782882958\n|move|p1a: Drifblim|Air Slash|p2a: Lumineon\n|-damage|p2a: Lumineon|0 fnt\n|faint|p2a: Lumineon\n|\n|upkeep\n|\n|t:|1782882965\n|switch|p2a: Tentacruel|Tentacruel, L84, M|272/272\n|turn|17\n|\n|t:|1782882972\n|move|p1a: Drifblim|Air Slash|p2a: Tentacruel\n|-damage|p2a: Tentacruel|100/272\n|move|p2a: Tentacruel|Toxic|p1a: Drifblim\n|-status|p1a: Drifblim|tox\n|\n|-heal|p2a: Tentacruel|117/272|[from] item: Leftovers\n|-damage|p1a: Drifblim|204/396 tox|[from] psn\n|upkeep\n|turn|18\n|\n|t:|1782882983\n|move|p1a: Drifblim|Air Slash|p2a: Tentacruel\n|-damage|p2a: Tentacruel|0 fnt\n|faint|p2a: Tentacruel\n|\n|-damage|p1a: Drifblim|156/396 tox|[from] psn\n|-end|p1a: Drifblim|Encore\n|upkeep\n|\n|t:|1782882991\n|switch|p2a: Luxray|Luxray, L88, F|232/283 brn\n|turn|19\n|\n|t:|1782883000\n|move|p1a: Drifblim|Strength Sap|p2a: Luxray\n|-unboost|p2a: Luxray|atk|1\n|-heal|p1a: Drifblim|396/396 tox\n|move|p2a: Luxray|Play Rough|p1a: Drifblim|[miss]\n|-miss|p2a: Luxray|p1a: Drifblim\n|\n|-damage|p1a: Drifblim|324/396 tox|[from] psn\n|-damage|p2a: Luxray|215/283 brn|[from] brn\n|upkeep\n|turn|20\n|\n|t:|1782883012\n|move|p1a: Drifblim|Air Slash|p2a: Luxray\n|-resisted|p2a: Luxray\n|-damage|p2a: Luxray|101/283 brn\n|move|p2a: Luxray|Play Rough|p1a: Drifblim\n|-supereffective|p1a: Drifblim\n|-damage|p1a: Drifblim|42/396 tox\n|\n|-damage|p1a: Drifblim|0 fnt|[from] psn\n|faint|p1a: Drifblim\n|-damage|p2a: Luxray|84/283 brn|[from] brn\n|upkeep\n|inactive|CuriousNeon has 90 seconds left.\n|\n|t:|1782883038\n|switch|p1a: Iron Thorns|Iron Thorns, L83|302/302\n|turn|21\n|\n|t:|1782883053\n|move|p2a: Luxray|Trailblaze|p1a: Iron Thorns\n|-supereffective|p1a: Iron Thorns\n|-crit|p1a: Iron Thorns\n|-damage|p1a: Iron Thorns|130/302\n|-boost|p2a: Luxray|spe|1\n|move|p1a: Iron Thorns|Spikes|p2a: Luxray\n|-sidestart|p2: Jeremiahthegoat23|Spikes\n|\n|-damage|p2a: Luxray|67/283 brn|[from] brn\n|upkeep\n|turn|22\n|\n|t:|1782883064\n|move|p2a: Luxray|Trailblaze|p1a: Iron Thorns\n|-supereffective|p1a: Iron Thorns\n|-damage|p1a: Iron Thorns|44/302\n|-boost|p2a: Luxray|spe|1\n|move|p1a: Iron Thorns|Spikes|p2a: Luxray\n|-sidestart|p2: Jeremiahthegoat23|Spikes\n|\n|-damage|p2a: Luxray|50/283 brn|[from] brn\n|upkeep\n|turn|23\n|\n|t:|1782883074\n|move|p2a: Luxray|Trailblaze|p1a: Iron Thorns\n|-supereffective|p1a: Iron Thorns\n|-damage|p1a: Iron Thorns|0 fnt\n|-boost|p2a: Luxray|spe|1\n|faint|p1a: Iron Thorns\n|-end|p1a: Iron Thorns|Quark Drive|[silent]\n|\n|-damage|p2a: Luxray|33/283 brn|[from] brn\n|upkeep\n|inactive|CuriousNeon has 90 seconds left.\n|\n|t:|1782883083\n|switch|p1a: Kingambit|Kingambit, L74, M|270/270\n|-activate|p1a: Kingambit|ability: Supreme Overlord\n|-start|p1a: Kingambit|fallen2|[silent]\n|turn|24\n|\n|t:|1782883095\n|move|p1a: Kingambit|Sucker Punch|p2a: Luxray\n|-damage|p2a: Luxray|0 fnt\n|faint|p2a: Luxray\n|\n|upkeep\n|\n|t:|1782883101\n|switch|p2a: Houndstone|Houndstone, L86, F|264/264\n|-damage|p2a: Houndstone|220/264|[from] Spikes\n|turn|25\n|inactive|CuriousNeon has 90 seconds left.\n|\n|t:|1782883144\n|-end|p1a: Kingambit|fallen2|[silent]\n|switch|p1a: Leafeon|Leafeon, L88, F|258/258\n|-terastallize|p2a: Houndstone|Fighting\n|move|p2a: Houndstone|Body Press|p1a: Leafeon\n|-damage|p1a: Leafeon|161/258\n|\n|upkeep\n|turn|26\n|\n|t:|1782883159\n|move|p1a: Leafeon|Swords Dance|p1a: Leafeon\n|-boost|p1a: Leafeon|atk|2\n|move|p2a: Houndstone|Body Press|p1a: Leafeon\n|-damage|p1a: Leafeon|65/258\n|\n|upkeep\n|turn|27\n|\n|t:|1782883166\n|move|p1a: Leafeon|Leaf Blade|p2a: Houndstone\n|-damage|p2a: Houndstone|97/264\n|-damage|p1a: Leafeon|40/258|[from] item: Life Orb\n|move|p2a: Houndstone|Body Press|p1a: Leafeon\n|-damage|p1a: Leafeon|0 fnt\n|faint|p1a: Leafeon\n|\n|upkeep\n|\n|t:|1782883179\n|switch|p1a: Suicune|Suicune, L82|298/298\n|-ability|p1a: Suicune|Pressure\n|turn|28\n|\n|t:|1782883184\n|move|p1a: Suicune|Scald|p2a: Houndstone\n|-damage|p2a: Houndstone|27/264\n|move|p2a: Houndstone|Body Press|p1a: Suicune\n|-damage|p1a: Suicune|180/298\n|\n|-heal|p1a: Suicune|198/298|[from] item: Leftovers\n|upkeep\n|turn|29\n|\n|t:|1782883193\n|move|p1a: Suicune|Rest|p1a: Suicune\n|-status|p1a: Suicune|slp|[from] move: Rest\n|-heal|p1a: Suicune|298/298 slp|[silent]\n|move|p2a: Houndstone|Body Press|p1a: Suicune\n|-damage|p1a: Suicune|184/298 slp\n|\n|-heal|p1a: Suicune|202/298 slp|[from] item: Leftovers\n|upkeep\n|turn|30\n|\n|t:|1782883202\n|cant|p1a: Suicune|slp\n|move|p1a: Suicune|Sleep Talk|p1a: Suicune\n|move|p1a: Suicune|Rest||[from] move: Sleep Talk|[still]\n|-fail|p1a: Suicune\n|move|p2a: Houndstone|Body Press|p1a: Suicune\n|-damage|p1a: Suicune|84/298 slp\n|\n|-heal|p1a: Suicune|102/298 slp|[from] item: Leftovers\n|upkeep\n|turn|31\n|inactive|CuriousNeon has 90 seconds left.\n|\n|t:|1782883217\n|cant|p1a: Suicune|slp\n|move|p1a: Suicune|Sleep Talk|p1a: Suicune\n|move|p1a: Suicune|Scald|p2a: Houndstone|[from] move: Sleep Talk\n|-damage|p2a: Houndstone|0 fnt\n|faint|p2a: Houndstone\n|\n|-heal|p1a: Suicune|120/298 slp|[from] item: Leftovers\n|upkeep\n|\n|t:|1782883227\n|switch|p2a: Meowscarada|Meowscarada, L78, M|247/247\n|-damage|p2a: Meowscarada|206/247|[from] Spikes\n|turn|32\n|\n|t:|1782883239\n|move|p2a: Meowscarada|Flower Trick|p1a: Suicune\n|-start|p2a: Meowscarada|typechange|Grass|[from] ability: Protean\n|-supereffective|p1a: Suicune\n|-crit|p1a: Suicune\n|-damage|p1a: Suicune|0 fnt\n|faint|p1a: Suicune\n|\n|upkeep\n|\n|t:|1782883244\n|switch|p1a: Kilowattrel|Kilowattrel, L83, F|252/252\n|turn|33\n|\n|t:|1782883250\n|move|p1a: Kilowattrel|Hurricane|p2a: Meowscarada\n|-supereffective|p2a: Meowscarada\n|-damage|p2a: Meowscarada|0 fnt\n|faint|p2a: Meowscarada\n|\n|win|CuriousNeon\n|raw|CuriousNeon's rating: 1269 &rarr; <strong>1290</strong><br />(+21 for winning)\n|raw|Jeremiahthegoat23's rating: 1207 &rarr; <strong>1186</strong><br />(-21 for losing)\n|l|\u2606Jeremiahthegoat23\n|player|p2|\n", "inputlog": ">version f8ac14003a5f27e1bdc8d8c59608a773c1cb96e5\n>start {\"formatid\":\"gen9randombattle\",\"seed\":\"sodium,30aef54b372f843fb04e9c0340f2973b\",\"rated\":\"Rated battle\"}\n>player p1 {\"name\":\"CuriousNeon\",\"avatar\":\"miku-ghost\",\"rating\":1269,\"seed\":\"sodium,3ce70d42f5596a0e7b7ea686eeb7094d\"}\n>player p2 {\"name\":\"Jeremiahthegoat23\",\"avatar\":\"266\",\"rating\":1207,\"seed\":\"sodium,4e52ef5a2330ee056ebb811ce45b977d\"}\n>p1 move calmmind\n>p2 move dynamaxcannon\n>p1 move calmmind\n>p2 move meteorbeam\n>p1 move strengthsap\n>p2 move meteorbeam\n>p1 move calmmind\n>p2 move meteorbeam\n>p1 move strengthsap\n>p2 move meteorbeam\n>p1 move calmmind terastallize\n>p2 move meteorbeam\n>p1 move airslash\n>p2 move dynamaxcannon\n>p1 move airslash\n>p2 move dynamaxcannon\n>p2 switch 3\n>p1 move strengthsap\n>p2 move playrough\n>p1 move strengthsap\n>p2 move playrough\n>p1 move strengthsap\n>p2 move playrough\n>p1 move strengthsap\n>p2 move playrough\n>p1 move strengthsap\n>p2 switch 5\n>p1 move strengthsap\n>p2 move uturn\n>p2 switch 2\n>p1 move airslash\n>p2 move encore\n>p1 move airslash\n>p2 move uturn\n>p2 switch 6\n>p1 move airslash\n>p2 move toxic\n>p1 move airslash\n>p2 move surf\n>p2 switch 5\n>p1 move strengthsap\n>p2 move playrough\n>p1 move airslash\n>p2 move playrough\n>p1 switch 5\n>p1 move spikes\n>p2 move trailblaze\n>p1 move spikes\n>p2 move trailblaze\n>p1 move spikes\n>p2 move trailblaze\n>p1 switch 2\n>p1 move suckerpunch\n>p2 move playrough\n>p2 switch 4\n>p1 switch 4\n>p2 move bodypress terastallize\n>p1 move swordsdance\n>p2 move bodypress\n>p1 move leafblade\n>p2 move bodypress\n>p1 switch 6\n>p1 move scald\n>p2 move bodypress\n>p1 move rest\n>p2 move bodypress\n>p1 move sleeptalk\n>p2 move bodypress\n>p1 move sleeptalk\n>p2 move bodypress\n>p2 switch 2\n>p1 move rest\n>p2 move flowertrick\n>p1 switch 3\n>p1 move hurricane\n>p2 move flowertrick", "uploadtime": 1782883259, "views": 2, "formatid": "gen9randombattle", "rating": 1186, "private": 0, "password": null, "player_dets": [{"name": "CuriousNeon", "avatar": "miku-ghost", "rating": 1269, "seed": "sodium,3ce70d42f5596a0e7b7ea686eeb7094d"}, {"name": "Jeremiahthegoat23", "avatar": "266", "rating": 1207, "seed": "sodium,4e52ef5a2330ee056ebb811ce45b977d"}], "teams_full": [{"Drifblim": {"name": "Drifblim", "species": "Drifblim", "speciesId": "drifblim", "gender": "M", "shiny": false, "level": 86, "moves": ["strengthsap", "calmmind", "airslash", "shadowball"], "ability": "Unburden", "evs": {"hp": 73, "atk": 0, "def": 85, "spa": 85, "spd": 85, "spe": 85}, "ivs": {"hp": 31, "atk": 0, "def": 31, "spa": 31, "spd": 31, "spe": 31}, "item": "Sitrus Berry", "teraType": "Dark", "role": "Bulky Attacker", "bvs": {"hp": 150, "atk": 80, "def": 44, "spa": 90, "spd": 54, "spe": 80}, "stats": {"hp": 396, "atk": 142, "def": 125, "spa": 204, "spd": 142, "spe": 187}, "types": ["Ghost", "Flying"]}, "Kingambit": {"name": "Kingambit", "species": "Kingambit", "speciesId": "kingambit", "gender": "M", "shiny": false, "level": 74, "moves": ["ironhead", "suckerpunch", "kowtowcleave", "swordsdance"], "ability": "Supreme Overlord", "evs": {"hp": 85, "atk": 85, "def": 85, "spa": 85, "spd": 85, "spe": 85}, "ivs": {"hp": 31, "atk": 31, "def": 31, "spa": 31, "spd": 31, "spe": 31}, "item": "Leftovers", "teraType": "Flying", "role": "Bulky Attacker", "bvs": {"hp": 100, "atk": 135, "def": 120, "spa": 60, "spd": 85, "spe": 50}, "stats": {"hp": 270, "atk": 243, "def": 221, "spa": 132, "spd": 169, "spe": 117}, "types": ["Dark", "Steel"]}, "Kilowattrel": {"name": "Kilowattrel", "species": "Kilowattrel", "speciesId": "kilowattrel", "gender": "F", "shiny": false, "level": 83, "moves": ["uturn", "roost", "hurricane", "discharge"], "ability": "Volt Absorb", "evs": {"hp": 85, "atk": 85, "def": 85, "spa": 85, "spd": 85, "spe": 85}, "ivs": {"hp": 31, "atk": 31, "def": 31, "spa": 31, "spd": 31, "spe": 31}, "item": "Heavy-Duty Boots", "teraType": "Water", "role": "Bulky Attacker", "bvs": {"hp": 70, "atk": 70, "def": 60, "spa": 105, "spd": 60, "spe": 125}, "stats": {"hp": 252, "atk": 164, "def": 147, "spa": 222, "spd": 147, "spe": 255}, "types": ["Electric", "Flying"]}, "Leafeon": {"name": "Leafeon", "species": "Leafeon", "speciesId": "leafeon", "gender": "F", "shiny": false, "level": 88, "moves": ["doubleedge", "synthesis", "leafblade", "swordsdance"], "ability": "Chlorophyll", "evs": {"hp": 85, "atk": 85, "def": 85, "spa": 85, "spd": 85, "spe": 85}, "ivs": {"hp": 31, "atk": 31, "def": 31, "spa": 31, "spd": 31, "spe": 31}, "item": "Life Orb", "teraType": "Normal", "role": "Setup Sweeper", "bvs": {"hp": 65, "atk": 110, "def": 130, "spa": 60, "spd": 65, "spe": 95}, "stats": {"hp": 258, "atk": 244, "def": 279, "spa": 156, "spd": 165, "spe": 217}, "types": ["Grass"]}, "Iron Thorns": {"name": "Iron Thorns", "species": "Iron Thorns", "speciesId": "ironthorns", "gender": "N", "shiny": false, "level": 83, "moves": ["voltswitch", "wildcharge", "spikes", "stoneedge"], "ability": "Quark Drive", "evs": {"hp": 85, "atk": 85, "def": 85, "spa": 85, "spd": 85, "spe": 85}, "ivs": {"hp": 31, "atk": 31, "def": 31, "spa": 31, "spd": 31, "spe": 31}, "item": "Heavy-Duty Boots", "teraType": "Water", "role": "Fast Support", "bvs": {"hp": 100, "atk": 134, "def": 110, "spa": 70, "spd": 84, "spe": 72}, "stats": {"hp": 302, "atk": 270, "def": 230, "spa": 164, "spd": 187, "spe": 167}, "types": ["Rock", "Electric"]}, "Suicune": {"name": "Suicune", "species": "Suicune", "speciesId": "suicune", "gender": "N", "shiny": false, "level": 82, "moves": ["sleeptalk", "scald", "rest", "calmmind"], "ability": "Pressure", "evs": {"hp": 85, "atk": 0, "def": 85, "spa": 85, "spd": 85, "spe": 85}, "ivs": {"hp": 31, "atk": 0, "def": 31, "spa": 31, "spd": 31, "spe": 31}, "item": "Leftovers", "teraType": "Dragon", "role": "Bulky Attacker", "bvs": {"hp": 100, "atk": 75, "def": 115, "spa": 90, "spd": 115, "spe": 85}, "stats": {"hp": 298, "atk": 127, "def": 236, "spa": 195, "spd": 236, "spe": 187}, "types": ["Water"]}}, {"Eternatus": {"name": "Eternatus", "species": "Eternatus", "speciesId": "eternatus", "gender": "N", "shiny": false, "level": 69, "moves": ["sludgebomb", "dynamaxcannon", "meteorbeam", "fireblast"], "ability": "Pressure", "evs": {"hp": 85, "atk": 0, "def": 85, "spa": 85, "spd": 85, "spe": 85}, "ivs": {"hp": 31, "atk": 0, "def": 31, "spa": 31, "spd": 31, "spe": 31}, "item": "Power Herb", "teraType": "Fire", "role": "Setup Sweeper", "bvs": {"hp": 140, "atk": 85, "def": 95, "spa": 145, "spd": 95, "spe": 130}, "stats": {"hp": 308, "atk": 122, "def": 171, "spa": 240, "spd": 171, "spe": 220}, "types": ["Poison", "Dragon"]}, "Lumineon": {"name": "Lumineon", "species": "Lumineon", "speciesId": "lumineon", "gender": "F", "shiny": false, "level": 93, "moves": ["icebeam", "uturn", "encore", "hydropump"], "ability": "Storm Drain", "evs": {"hp": 85, "atk": 85, "def": 85, "spa": 85, "spd": 85, "spe": 85}, "ivs": {"hp": 31, "atk": 31, "def": 31, "spa": 31, "spd": 31, "spe": 31}, "item": "Heavy-Duty Boots", "teraType": "Dragon", "role": "Fast Support", "bvs": {"hp": 69, "atk": 69, "def": 76, "spa": 69, "spd": 86, "spe": 91}, "stats": {"hp": 279, "atk": 181, "def": 194, "spa": 181, "spd": 213, "spe": 222}, "types": ["Water"]}, "Luxray": {"name": "Luxray", "species": "Luxray", "speciesId": "luxray", "gender": "F", "shiny": false, "level": 88, "moves": ["facade", "trailblaze", "playrough", "supercellslam"], "ability": "Guts", "evs": {"hp": 81, "atk": 85, "def": 85, "spa": 85, "spd": 85, "spe": 85}, "ivs": {"hp": 31, "atk": 31, "def": 31, "spa": 31, "spd": 31, "spe": 31}, "item": "Flame Orb", "teraType": "Normal", "role": "Setup Sweeper", "bvs": {"hp": 80, "atk": 120, "def": 79, "spa": 95, "spd": 79, "spe": 70}, "stats": {"hp": 283, "atk": 261, "def": 189, "spa": 217, "spd": 189, "spe": 173}, "types": ["Electric"]}, "Houndstone": {"name": "Houndstone", "species": "Houndstone", "speciesId": "houndstone", "gender": "F", "shiny": false, "level": 86, "moves": ["trick", "shadowsneak", "bodypress", "poltergeist"], "ability": "Fluffy", "evs": {"hp": 85, "atk": 85, "def": 85, "spa": 85, "spd": 85, "spe": 85}, "ivs": {"hp": 31, "atk": 31, "def": 31, "spa": 31, "spd": 31, "spe": 31}, "item": "Choice Band", "teraType": "Fighting", "role": "Bulky Attacker", "bvs": {"hp": 72, "atk": 101, "def": 100, "spa": 50, "spd": 97, "spe": 68}, "stats": {"hp": 264, "atk": 223, "def": 221, "spa": 135, "spd": 216, "spe": 166}, "types": ["Ghost"]}, "Meowscarada": {"name": "Meowscarada", "species": "Meowscarada", "speciesId": "meowscarada", "gender": "M", "shiny": false, "level": 78, "moves": ["knockoff", "tripleaxel", "uturn", "flowertrick"], "ability": "Protean", "evs": {"hp": 85, "atk": 85, "def": 85, "spa": 85, "spd": 85, "spe": 85}, "ivs": {"hp": 31, "atk": 31, "def": 31, "spa": 31, "spd": 31, "spe": 31}, "item": "Choice Band", "teraType": "Grass", "role": "Fast Support", "bvs": {"hp": 76, "atk": 110, "def": 70, "spa": 81, "spd": 70, "spe": 123}, "stats": {"hp": 247, "atk": 217, "def": 154, "spa": 171, "spd": 154, "spe": 237}, "types": ["Grass", "Dark"]}, "Tentacruel": {"name": "Tentacruel", "species": "Tentacruel", "speciesId": "tentacruel", "gender": "M", "shiny": false, "level": 84, "moves": ["rapidspin", "sludgebomb", "surf", "toxic"], "ability": "Liquid Ooze", "evs": {"hp": 85, "atk": 85, "def": 85, "spa": 85, "spd": 85, "spe": 85}, "ivs": {"hp": 31, "atk": 31, "def": 31, "spa": 31, "spd": 31, "spe": 31}, "item": "Leftovers", "teraType": "Flying", "role": "Bulky Support", "bvs": {"hp": 80, "atk": 70, "def": 65, "spa": 80, "spd": 120, "spe": 100}, "stats": {"hp": 272, "atk": 166, "def": 157, "spa": 183, "spd": 250, "spe": 216}, "types": ["Water", "Poison"]}}]}