{"id": "gen9randombattle-2641743717", "format": "[Gen 9] Random Battle", "players": ["Woodymane", "SukaFree"], "log": "|j|\u2606Woodymane\n|j|\u2606SukaFree\n|t:|1782836694\n|gametype|singles\n|player|p1|Woodymane|102|1281\n|player|p2|SukaFree|whitney|1243\n|gen|9\n|tier|[Gen 9] Random Battle\n|rated|\n|rule|Species Clause: Limit one of each Pok\u00e9mon\n|rule|HP Percentage Mod: HP is shown in percentages\n|rule|Sleep Clause Mod: Limit one foe put to sleep\n|rule|Illusion Level Mod: Illusion disguises the Pok\u00e9mon's true level\n|\n|t:|1782836694\n|teamsize|p1|6\n|teamsize|p2|6\n|start\n|switch|p1a: Breloom|Breloom, L83, F|235/235\n|switch|p2a: Porygon-Z|Porygon-Z, L83|277/277\n|turn|1\n|\n|t:|1782836709\n|switch|p2a: Venusaur|Venusaur, L84, F|272/272\n|move|p1a: Breloom|Spore|p2a: Venusaur\n|-immune|p2a: Venusaur\n|\n|upkeep\n|turn|2\n|inactive|Battle timer is ON: inactive players will automatically lose when time's up. (requested by SukaFree)\n|\n|t:|1782836747\n|switch|p1a: Sableye|Sableye, L88, F|231/231\n|move|p2a: Venusaur|Sludge Bomb|p1a: Sableye\n|-resisted|p1a: Sableye\n|-damage|p1a: Sableye|172/231\n|\n|-heal|p1a: Sableye|186/231|[from] item: Leftovers\n|upkeep\n|turn|3\n|\n|t:|1782836760\n|move|p2a: Venusaur|Sleep Powder|p1a: Sableye\n|-status|p1a: Sableye|slp|[from] move: Sleep Powder\n|cant|p1a: Sableye|slp\n|\n|-heal|p1a: Sableye|200/231 slp|[from] item: Leftovers\n|upkeep\n|turn|4\n|\n|t:|1782836770\n|move|p2a: Venusaur|Knock Off|p1a: Sableye\n|-damage|p1a: Sableye|140/231 slp\n|-enditem|p1a: Sableye|Leftovers|[from] move: Knock Off|[of] p2a: Venusaur\n|cant|p1a: Sableye|slp\n|\n|upkeep\n|turn|5\n|\n|t:|1782836780\n|move|p2a: Venusaur|Knock Off|p1a: Sableye\n|-damage|p1a: Sableye|95/231 slp\n|-curestatus|p1a: Sableye|slp|[msg]\n|move|p1a: Sableye|Knock Off|p2a: Venusaur\n|-damage|p2a: Venusaur|182/272\n|-enditem|p2a: Venusaur|Leftovers|[from] move: Knock Off|[of] p1a: Sableye\n|\n|upkeep\n|turn|6\n|\n|t:|1782836792\n|move|p1a: Sableye|Encore|p2a: Venusaur\n|-start|p2a: Venusaur|Encore\n|move|p2a: Venusaur|Knock Off|p1a: Sableye\n|-damage|p1a: Sableye|50/231\n|\n|upkeep\n|turn|7\n|\n|t:|1782836798\n|move|p1a: Sableye|Recover|p1a: Sableye\n|-heal|p1a: Sableye|166/231\n|move|p2a: Venusaur|Knock Off|p1a: Sableye\n|-damage|p1a: Sableye|121/231\n|\n|upkeep\n|turn|8\n|\n|t:|1782836806\n|move|p1a: Sableye|Will-O-Wisp|p2a: Venusaur\n|-status|p2a: Venusaur|brn\n|move|p2a: Venusaur|Knock Off|p1a: Sableye\n|-damage|p1a: Sableye|98/231\n|\n|-damage|p2a: Venusaur|165/272 brn|[from] brn\n|-end|p2a: Venusaur|Encore\n|upkeep\n|turn|9\n|\n|t:|1782836816\n|move|p1a: Sableye|Recover|p1a: Sableye\n|-heal|p1a: Sableye|214/231\n|move|p2a: Venusaur|Sleep Powder|p1a: Sableye|[miss]\n|-miss|p2a: Venusaur|p1a: Sableye\n|\n|-damage|p2a: Venusaur|148/272 brn|[from] brn\n|upkeep\n|turn|10\n|\n|t:|1782836835\n|switch|p1a: Breloom|Breloom, L83, F|235/235\n|move|p2a: Venusaur|Synthesis|p2a: Venusaur\n|-heal|p2a: Venusaur|272/272 brn\n|\n|-damage|p2a: Venusaur|255/272 brn|[from] brn\n|upkeep\n|turn|11\n|\n|t:|1782836856\n|move|p2a: Venusaur|Sludge Bomb|p1a: Breloom\n|-supereffective|p1a: Breloom\n|-damage|p1a: Breloom|0 fnt\n|faint|p1a: Breloom\n|\n|-damage|p2a: Venusaur|238/272 brn|[from] brn\n|upkeep\n|\n|t:|1782836867\n|switch|p1a: Iron Boulder|Iron Boulder, L77|265/265\n|turn|12\n|\n|t:|1782836881\n|move|p1a: Iron Boulder|Zen Headbutt|p2a: Venusaur\n|-supereffective|p2a: Venusaur\n|-damage|p2a: Venusaur|0 fnt\n|faint|p2a: Venusaur\n|-damage|p1a: Iron Boulder|239/265|[from] item: Life Orb\n|\n|upkeep\n|\n|t:|1782836895\n|switch|p2a: Jirachi|Jirachi, L80|291/291\n|turn|13\n|inactive|SukaFree has 120 seconds left.\n|inactive|SukaFree has 90 seconds left.\n|\n|t:|1782836951\n|move|p1a: Iron Boulder|Close Combat|p2a: Jirachi\n|-damage|p2a: Jirachi|182/291\n|-unboost|p1a: Iron Boulder|def|1\n|-unboost|p1a: Iron Boulder|spd|1\n|-damage|p1a: Iron Boulder|213/265|[from] item: Life Orb\n|move|p2a: Jirachi|Iron Head|p1a: Iron Boulder\n|-supereffective|p1a: Iron Boulder\n|-damage|p1a: Iron Boulder|0 fnt\n|faint|p1a: Iron Boulder\n|-end|p1a: Iron Boulder|Quark Drive|[silent]\n|\n|-heal|p2a: Jirachi|200/291|[from] item: Leftovers\n|upkeep\n|\n|t:|1782836966\n|switch|p1a: Sableye|Sableye, L88, F|214/231\n|turn|14\n|inactive|SukaFree has 90 seconds left.\n|\n|t:|1782836985\n|move|p2a: Jirachi|Stealth Rock|p1a: Sableye\n|-sidestart|p1: Woodymane|move: Stealth Rock\n|move|p1a: Sableye|Knock Off|p2a: Jirachi\n|-supereffective|p2a: Jirachi\n|-damage|p2a: Jirachi|12/291\n|-enditem|p2a: Jirachi|Leftovers|[from] move: Knock Off|[of] p1a: Sableye\n|\n|upkeep\n|turn|15\n|inactive|SukaFree has 90 seconds left.\n|\n|t:|1782837013\n|switch|p2a: Squawkabilly|Squawkabilly-Yellow, L89, F|291/291\n|move|p1a: Sableye|Encore||[still]\n|-fail|p1a: Sableye\n|\n|upkeep\n|turn|16\n|\n|t:|1782837030\n|move|p1a: Sableye|Will-O-Wisp|p2a: Squawkabilly\n|-status|p2a: Squawkabilly|brn\n|move|p2a: Squawkabilly|Parting Shot|p1a: Sableye\n|-unboost|p1a: Sableye|atk|1\n|-unboost|p1a: Sableye|spa|1\n|inactive|SukaFree has 60 seconds left.\n|\n|t:|1782837043\n|switch|p2a: Porygon-Z|Porygon-Z, L83|277/277|[from] Parting Shot\n|\n|upkeep\n|turn|17\n|\n|t:|1782837052\n|move|p1a: Sableye|Will-O-Wisp|p2a: Porygon-Z\n|-status|p2a: Porygon-Z|brn\n|move|p2a: Porygon-Z|Nasty Plot|p2a: Porygon-Z\n|-boost|p2a: Porygon-Z|spa|2\n|\n|-damage|p2a: Porygon-Z|260/277 brn|[from] brn\n|upkeep\n|turn|18\n|\n|t:|1782837060\n|move|p1a: Sableye|Encore|p2a: Porygon-Z\n|-start|p2a: Porygon-Z|Encore\n|move|p2a: Porygon-Z|Nasty Plot|p2a: Porygon-Z\n|-boost|p2a: Porygon-Z|spa|2\n|\n|-damage|p2a: Porygon-Z|243/277 brn|[from] brn\n|upkeep\n|turn|19\n|\n|t:|1782837073\n|switch|p1a: Basculegion|Basculegion, L80, M|323/323\n|-damage|p1a: Basculegion|283/323|[from] Stealth Rock\n|move|p2a: Porygon-Z|Nasty Plot|p2a: Porygon-Z\n|-boost|p2a: Porygon-Z|spa|2\n|\n|-damage|p2a: Porygon-Z|226/277 brn|[from] brn\n|upkeep\n|turn|20\n|\n|t:|1782837097\n|move|p2a: Porygon-Z|Nasty Plot|p2a: Porygon-Z\n|-boost|p2a: Porygon-Z|spa|0\n|move|p1a: Basculegion|Wave Crash|p2a: Porygon-Z\n|-crit|p2a: Porygon-Z\n|-damage|p2a: Porygon-Z|0 fnt\n|faint|p2a: Porygon-Z\n|-damage|p1a: Basculegion|208/323|[from] Recoil\n|\n|upkeep\n|\n|t:|1782837104\n|switch|p2a: Squawkabilly|Squawkabilly-Yellow, L89, F|291/291 brn\n|turn|21\n|\n|t:|1782837119\n|move|p2a: Squawkabilly|Parting Shot|p1a: Basculegion\n|-unboost|p1a: Basculegion|atk|1\n|-unboost|p1a: Basculegion|spa|1\n|\n|t:|1782837126\n|switch|p2a: Registeel|Registeel, L81|262/262|[from] Parting Shot\n|move|p1a: Basculegion|Wave Crash|p2a: Registeel\n|-damage|p2a: Registeel|178/262\n|-damage|p1a: Basculegion|180/323|[from] Recoil\n|\n|upkeep\n|turn|22\n|\n|t:|1782837139\n|move|p1a: Basculegion|Flip Turn|p2a: Registeel\n|-damage|p2a: Registeel|134/262\n|\n|t:|1782837142\n|switch|p1a: Araquanid|Araquanid, L82, M|246/246|[from] Flip Turn\n|move|p2a: Registeel|Iron Defense|p2a: Registeel\n|-boost|p2a: Registeel|def|2\n|\n|upkeep\n|turn|23\n|\n|t:|1782837152\n|move|p2a: Registeel|Iron Defense|p2a: Registeel\n|-boost|p2a: Registeel|def|2\n|move|p1a: Araquanid|Hydro Pump|p2a: Registeel|[miss]\n|-miss|p1a: Araquanid|p2a: Registeel\n|\n|upkeep\n|turn|24\n|\n|t:|1782837160\n|move|p2a: Registeel|Iron Head|p1a: Araquanid\n|-resisted|p1a: Araquanid\n|-damage|p1a: Araquanid|213/246\n|move|p1a: Araquanid|Hydro Pump|p2a: Registeel|[miss]\n|-miss|p1a: Araquanid|p2a: Registeel\n|\n|upkeep\n|turn|25\n|\n|t:|1782837167\n|move|p2a: Registeel|Rest|p2a: Registeel\n|-status|p2a: Registeel|slp|[from] move: Rest\n|-heal|p2a: Registeel|262/262 slp|[silent]\n|-enditem|p2a: Registeel|Chesto Berry|[eat]\n|-curestatus|p2a: Registeel|slp|[msg]\n|move|p1a: Araquanid|Hydro Pump|p2a: Registeel\n|-damage|p2a: Registeel|165/262\n|\n|upkeep\n|turn|26\n|inactive|SukaFree has 90 seconds left.\n|\n|t:|1782837177\n|move|p2a: Registeel|Body Press|p1a: Araquanid\n|-resisted|p1a: Araquanid\n|-damage|p1a: Araquanid|105/246\n|move|p1a: Araquanid|Sticky Web|p2a: Registeel\n|-sidestart|p2: SukaFree|move: Sticky Web\n|\n|upkeep\n|turn|27\n|\n|t:|1782837184\n|move|p2a: Registeel|Body Press|p1a: Araquanid\n|-resisted|p1a: Araquanid\n|-damage|p1a: Araquanid|0 fnt\n|faint|p1a: Araquanid\n|\n|upkeep\n|\n|t:|1782837190\n|switch|p1a: Magnezone|Magnezone, L85|258/258\n|-damage|p1a: Magnezone|242/258|[from] Stealth Rock\n|turn|28\n|\n|t:|1782837203\n|-terastallize|p1a: Magnezone|Fighting\n|-terastallize|p2a: Registeel|Fighting\n|move|p1a: Magnezone|Iron Defense|p1a: Magnezone\n|-boost|p1a: Magnezone|def|2\n|move|p2a: Registeel|Body Press|p1a: Magnezone\n|-damage|p1a: Magnezone|118/258\n|\n|-heal|p1a: Magnezone|134/258|[from] item: Leftovers\n|upkeep\n|turn|29\n|\n|t:|1782837215\n|move|p1a: Magnezone|Body Press|p2a: Registeel\n|-damage|p2a: Registeel|122/262\n|move|p2a: Registeel|Iron Defense|p2a: Registeel\n|-boost|p2a: Registeel|def|2\n|\n|-heal|p1a: Magnezone|150/258|[from] item: Leftovers\n|upkeep\n|turn|30\n|\n|t:|1782837221\n|move|p1a: Magnezone|Iron Defense|p1a: Magnezone\n|-boost|p1a: Magnezone|def|2\n|move|p2a: Registeel|Body Press|p1a: Magnezone\n|-damage|p1a: Magnezone|24/258\n|\n|-heal|p1a: Magnezone|40/258|[from] item: Leftovers\n|upkeep\n|turn|31\n|\n|t:|1782837224\n|move|p1a: Magnezone|Body Press|p2a: Registeel\n|-damage|p2a: Registeel|67/262\n|move|p2a: Registeel|Body Press|p1a: Magnezone\n|-damage|p1a: Magnezone|0 fnt\n|faint|p1a: Magnezone\n|\n|upkeep\n|\n|t:|1782837228\n|switch|p1a: Basculegion|Basculegion, L80, M|180/323\n|-damage|p1a: Basculegion|140/323|[from] Stealth Rock\n|turn|32\n|\n|t:|1782837241\n|move|p1a: Basculegion|Shadow Ball|p2a: Registeel\n|-damage|p2a: Registeel|5/262\n|move|p2a: Registeel|Rest|p2a: Registeel\n|-status|p2a: Registeel|slp|[from] move: Rest\n|-heal|p2a: Registeel|262/262 slp|[silent]\n|\n|upkeep\n|turn|33\n|\n|t:|1782837249\n|move|p1a: Basculegion|Shadow Ball|p2a: Registeel\n|-damage|p2a: Registeel|194/262 slp\n|cant|p2a: Registeel|slp\n|\n|upkeep\n|turn|34\n|\n|t:|1782837252\n|move|p1a: Basculegion|Shadow Ball|p2a: Registeel\n|-damage|p2a: Registeel|136/262 slp\n|cant|p2a: Registeel|slp\n|\n|upkeep\n|turn|35\n|\n|t:|1782837257\n|move|p1a: Basculegion|Shadow Ball|p2a: Registeel\n|-damage|p2a: Registeel|72/262 slp\n|-curestatus|p2a: Registeel|slp|[msg]\n|move|p2a: Registeel|Iron Head|p1a: Basculegion\n|-resisted|p1a: Basculegion\n|-damage|p1a: Basculegion|95/323\n|\n|upkeep\n|turn|36\n|\n|t:|1782837263\n|move|p1a: Basculegion|Shadow Ball|p2a: Registeel\n|-damage|p2a: Registeel|8/262\n|move|p2a: Registeel|Rest|p2a: Registeel\n|-status|p2a: Registeel|slp|[from] move: Rest\n|-heal|p2a: Registeel|262/262 slp|[silent]\n|\n|upkeep\n|turn|37\n|\n|t:|1782837267\n|move|p1a: Basculegion|Shadow Ball|p2a: Registeel\n|-damage|p2a: Registeel|200/262 slp\n|cant|p2a: Registeel|slp\n|\n|upkeep\n|turn|38\n|\n|t:|1782837271\n|move|p1a: Basculegion|Shadow Ball|p2a: Registeel\n|-damage|p2a: Registeel|138/262 slp\n|cant|p2a: Registeel|slp\n|\n|upkeep\n|turn|39\n|\n|t:|1782837277\n|move|p1a: Basculegion|Flip Turn|p2a: Registeel\n|-damage|p2a: Registeel|122/262 slp\n|\n|t:|1782837280\n|switch|p1a: Sableye|Sableye, L88, F|214/231|[from] Flip Turn\n|-damage|p1a: Sableye|186/231|[from] Stealth Rock\n|-curestatus|p2a: Registeel|slp|[msg]\n|move|p2a: Registeel|Iron Head|p1a: Sableye\n|-damage|p1a: Sableye|119/231\n|\n|upkeep\n|turn|40\n|\n|t:|1782837291\n|move|p1a: Sableye|Will-O-Wisp|p2a: Registeel\n|-status|p2a: Registeel|brn\n|move|p2a: Registeel|Iron Head|p1a: Sableye\n|-damage|p1a: Sableye|84/231\n|\n|-damage|p2a: Registeel|106/262 brn|[from] brn\n|upkeep\n|turn|41\n|\n|t:|1782837300\n|move|p1a: Sableye|Recover|p1a: Sableye\n|-heal|p1a: Sableye|200/231\n|move|p2a: Registeel|Rest|p2a: Registeel\n|-status|p2a: Registeel|slp|[from] move: Rest\n|-heal|p2a: Registeel|262/262 slp|[silent]\n|\n|upkeep\n|turn|42\n|\n|t:|1782837317\n|move|p1a: Sableye|Encore|p2a: Registeel\n|-start|p2a: Registeel|Encore\n|cant|p2a: Registeel|slp\n|\n|upkeep\n|turn|43\n|\n|t:|1782837322\n|move|p1a: Sableye|Will-O-Wisp||[still]\n|-fail|p1a: Sableye\n|cant|p2a: Registeel|slp\n|\n|upkeep\n|turn|44\n|\n|t:|1782837329\n|move|p1a: Sableye|Knock Off|p2a: Registeel\n|-resisted|p2a: Registeel\n|-damage|p2a: Registeel|256/262 slp\n|-curestatus|p2a: Registeel|slp|[msg]\n|move|p2a: Registeel|Rest|p2a: Registeel\n|-status|p2a: Registeel|slp|[from] move: Rest\n|-heal|p2a: Registeel|262/262 slp|[silent]\n|\n|-end|p2a: Registeel|Encore\n|upkeep\n|turn|45\n|\n|t:|1782837340\n|switch|p1a: Basculegion|Basculegion, L80, M|95/323\n|-damage|p1a: Basculegion|55/323|[from] Stealth Rock\n|cant|p2a: Registeel|slp\n|\n|upkeep\n|turn|46\n|\n|t:|1782837357\n|move|p1a: Basculegion|Shadow Ball|p2a: Registeel\n|-damage|p2a: Registeel|202/262 slp\n|cant|p2a: Registeel|slp\n|\n|upkeep\n|turn|47\n|\n|t:|1782837365\n|move|p1a: Basculegion|Shadow Ball|p2a: Registeel\n|-damage|p2a: Registeel|142/262 slp\n|-curestatus|p2a: Registeel|slp|[msg]\n|move|p2a: Registeel|Iron Head|p1a: Basculegion\n|-resisted|p1a: Basculegion\n|-damage|p1a: Basculegion|11/323\n|\n|upkeep\n|turn|48\n|\n|t:|1782837376\n|move|p1a: Basculegion|Shadow Ball|p2a: Registeel\n|-damage|p2a: Registeel|78/262\n|move|p2a: Registeel|Iron Head|p1a: Basculegion\n|-resisted|p1a: Basculegion\n|-damage|p1a: Basculegion|0 fnt\n|faint|p1a: Basculegion\n|\n|upkeep\n|\n|t:|1782837380\n|switch|p1a: Sableye|Sableye, L88, F|200/231\n|-damage|p1a: Sableye|172/231|[from] Stealth Rock\n|turn|49\n|\n|t:|1782837383\n|move|p1a: Sableye|Encore|p2a: Registeel\n|-start|p2a: Registeel|Encore\n|move|p2a: Registeel|Iron Head|p1a: Sableye\n|-damage|p1a: Sableye|97/231\n|\n|upkeep\n|turn|50\n|\n|t:|1782837387\n|move|p1a: Sableye|Will-O-Wisp|p2a: Registeel\n|-status|p2a: Registeel|brn\n|move|p2a: Registeel|Iron Head|p1a: Sableye\n|-damage|p1a: Sableye|58/231\n|\n|-damage|p2a: Registeel|62/262 brn|[from] brn\n|upkeep\n|turn|51\n|\n|t:|1782837390\n|move|p1a: Sableye|Recover|p1a: Sableye\n|-heal|p1a: Sableye|174/231\n|move|p2a: Registeel|Iron Head|p1a: Sableye\n|-damage|p1a: Sableye|138/231\n|\n|-damage|p2a: Registeel|46/262 brn|[from] brn\n|-end|p2a: Registeel|Encore\n|upkeep\n|turn|52\n|\n|t:|1782837394\n|move|p1a: Sableye|Knock Off|p2a: Registeel\n|-resisted|p2a: Registeel\n|-damage|p2a: Registeel|41/262 brn\n|move|p2a: Registeel|Rest|p2a: Registeel\n|-status|p2a: Registeel|slp|[from] move: Rest\n|-heal|p2a: Registeel|262/262 slp|[silent]\n|\n|upkeep\n|turn|53\n|\n|t:|1782837398\n|move|p1a: Sableye|Encore|p2a: Registeel\n|-start|p2a: Registeel|Encore\n|cant|p2a: Registeel|slp\n|\n|upkeep\n|turn|54\n|\n|t:|1782837400\n|move|p1a: Sableye|Recover|p1a: Sableye\n|-heal|p1a: Sableye|231/231\n|cant|p2a: Registeel|slp\n|\n|upkeep\n|turn|55\n|\n|t:|1782837402\n|move|p1a: Sableye|Knock Off|p2a: Registeel\n|-resisted|p2a: Registeel\n|-damage|p2a: Registeel|257/262 slp\n|-curestatus|p2a: Registeel|slp|[msg]\n|move|p2a: Registeel|Rest|p2a: Registeel\n|-status|p2a: Registeel|slp|[from] move: Rest\n|-heal|p2a: Registeel|262/262 slp|[silent]\n|\n|-end|p2a: Registeel|Encore\n|upkeep\n|turn|56\n|\n|t:|1782837410\n|move|p1a: Sableye|Knock Off|p2a: Registeel\n|-resisted|p2a: Registeel\n|-damage|p2a: Registeel|256/262 slp\n|cant|p2a: Registeel|slp\n|\n|upkeep\n|turn|57\n|c|\u2606Woodymane|Don\u2019t worry after you taking ten years, I\u2019m gonna make this last ten more\n|inactive|Woodymane has 120 seconds left.\n|\n|t:|1782837447\n|move|p1a: Sableye|Knock Off|p2a: Registeel\n|-resisted|p2a: Registeel\n|-damage|p2a: Registeel|250/262 slp\n|cant|p2a: Registeel|slp\n|\n|upkeep\n|turn|58\n|inactive|Woodymane has 120 seconds left.\n|inactive|Woodymane has 90 seconds left.\n|\n|t:|1782837489\n|move|p1a: Sableye|Knock Off|p2a: Registeel\n|-resisted|p2a: Registeel\n|-damage|p2a: Registeel|244/262 slp\n|-curestatus|p2a: Registeel|slp|[msg]\n|move|p2a: Registeel|Iron Head|p1a: Sableye\n|-damage|p1a: Sableye|165/231\n|\n|upkeep\n|turn|59\n|\n|t:|1782837500\n|move|p1a: Sableye|Will-O-Wisp|p2a: Registeel\n|-status|p2a: Registeel|brn\n|move|p2a: Registeel|Iron Head|p1a: Sableye\n|-damage|p1a: Sableye|132/231\n|\n|-damage|p2a: Registeel|228/262 brn|[from] brn\n|upkeep\n|turn|60\n|\n|t:|1782837511\n|move|p1a: Sableye|Knock Off|p2a: Registeel\n|-resisted|p2a: Registeel\n|-damage|p2a: Registeel|222/262 brn\n|move|p2a: Registeel|Iron Head|p1a: Sableye\n|-damage|p1a: Sableye|97/231\n|\n|-damage|p2a: Registeel|206/262 brn|[from] brn\n|upkeep\n|turn|61\n|\n|t:|1782837515\n|move|p1a: Sableye|Recover|p1a: Sableye\n|-heal|p1a: Sableye|213/231\n|move|p2a: Registeel|Iron Head|p1a: Sableye\n|-damage|p1a: Sableye|180/231\n|\n|-damage|p2a: Registeel|190/262 brn|[from] brn\n|upkeep\n|turn|62\n|\n|t:|1782837523\n|move|p1a: Sableye|Will-O-Wisp|p2a: Registeel\n|-fail|p2a: Registeel|brn\n|move|p2a: Registeel|Iron Head|p1a: Sableye\n|-damage|p1a: Sableye|147/231\n|\n|-damage|p2a: Registeel|174/262 brn|[from] brn\n|upkeep\n|turn|63\n|\n|t:|1782837528\n|move|p1a: Sableye|Will-O-Wisp|p2a: Registeel\n|-fail|p2a: Registeel|brn\n|move|p2a: Registeel|Iron Head|p1a: Sableye\n|-damage|p1a: Sableye|114/231\n|\n|-damage|p2a: Registeel|158/262 brn|[from] brn\n|upkeep\n|turn|64\n|inactive|Woodymane has 120 seconds left.\n|c|\u2606Woodymane|What\u2019s wrong? Are you paying attention now and not taking 2 minutes in between each turn?\n|inactive|Woodymane has 90 seconds left.\n|\n|t:|1782837582\n|move|p1a: Sableye|Knock Off|p2a: Registeel\n|-resisted|p2a: Registeel\n|-damage|p2a: Registeel|153/262 brn\n|move|p2a: Registeel|Iron Head|p1a: Sableye\n|-damage|p1a: Sableye|80/231\n|\n|-damage|p2a: Registeel|137/262 brn|[from] brn\n|upkeep\n|turn|65\n|c|\u2606SukaFree|U mad?\n|inactive|SukaFree has 120 seconds left.\n|c|\u2606Woodymane|lol, original little man\n|inactive|SukaFree has 90 seconds left.\n|c|\u2606Woodymane|annoyed is clearly the answer\n|c|\u2606SukaFree|;)\n|c|\u2606Woodymane|annoying as hell when little kids take forever\n|inactive|SukaFree has 60 seconds left.\n|inactive|SukaFree has 30 seconds left.\n|inactive|Woodymane has 60 seconds left.\n|inactive|SukaFree has 20 seconds left.\n|inactive|SukaFree has 15 seconds left.\n|inactive|Woodymane has 30 seconds left.\n|inactive|Woodymane has 20 seconds left.\n|inactive|Woodymane has 15 seconds left.\n|inactive|Woodymane has 10 seconds left.\n|inactive|Woodymane has 5 seconds left.\n|-message|Woodymane lost due to inactivity.\n|\n|win|SukaFree\n|raw|Woodymane's rating: 1281 &rarr; <strong>1253</strong><br />(-28 for losing)\n|raw|SukaFree's rating: 1243 &rarr; <strong>1271</strong><br />(+28 for winning)\n|c|\u2606SukaFree|Lmao\n", "inputlog": ">version f8ac14003a5f27e1bdc8d8c59608a773c1cb96e5\n>start {\"formatid\":\"gen9randombattle\",\"seed\":\"sodium,50ffc85be984abdeb1ce800b897103de\",\"rated\":\"Rated battle\"}\n>player p1 {\"name\":\"Woodymane\",\"avatar\":\"102\",\"rating\":1281,\"seed\":\"sodium,83c08d125eb75af1e7ebd2142424768a\"}\n>player p2 {\"name\":\"SukaFree\",\"avatar\":\"whitney\",\"rating\":1243,\"seed\":\"sodium,b62ae335fb6ce4c5161550a13f78a94a\"}\n>p1 move spore\n>p2 switch 6\n>p1 switch 5\n>p2 move sludgebomb\n>p1 move knockoff\n>p2 move sleeppowder\n>p1 move knockoff\n>p2 move knockoff\n>p1 move knockoff\n>p2 move knockoff\n>p1 move encore\n>p2 move sleeppowder\n>p1 move recover\n>p2 move knockoff\n>p1 move willowisp\n>p2 move knockoff\n>p1 move recover\n>p2 move sleeppowder\n>p1 switch 5\n>p2 move synthesis\n>p1 move rocktomb\n>p2 move sludgebomb\n>p1 switch 4\n>p1 move zenheadbutt\n>p2 move sleeppowder\n>p2 switch 4\n>p1 move closecombat\n>p2 move ironhead\n>p1 switch 5\n>p1 move knockoff\n>p2 move stealthrock\n>p1 move encore\n>p2 switch 2\n>p1 move willowisp\n>p2 move partingshot\n>p2 switch 6\n>p1 move willowisp\n>p2 move nastyplot\n>p1 move encore\n>p2 move thunderbolt\n>p1 switch 3\n>p2 move nastyplot\n>p1 move wavecrash\n>p2 move nastyplot\n>p2 switch 6\n>p1 move wavecrash\n>p2 move partingshot\n>p2 switch 3\n>p1 move flipturn\n>p2 move irondefense\n>p1 switch 2\n>p1 move hydropump\n>p2 move irondefense\n>p1 move hydropump\n>p2 move ironhead\n>p1 move hydropump\n>p2 move rest\n>p1 move stickyweb\n>p2 move bodypress\n>p1 move hydropump\n>p2 move bodypress\n>p1 switch 6\n>p1 move irondefense terastallize\n>p2 move bodypress terastallize\n>p1 move bodypress\n>p2 move irondefense\n>p1 move irondefense\n>p2 move bodypress\n>p1 move bodypress\n>p2 move bodypress\n>p1 switch 2\n>p1 move shadowball\n>p2 move rest\n>p1 move shadowball\n>p2 move ironhead\n>p1 move shadowball\n>p2 move ironhead\n>p1 move shadowball\n>p2 move ironhead\n>p1 move shadowball\n>p2 move rest\n>p1 move shadowball\n>p2 move ironhead\n>p1 move shadowball\n>p2 move ironhead\n>p1 move flipturn\n>p2 move ironhead\n>p1 switch 3\n>p1 move willowisp\n>p2 move ironhead\n>p1 move recover\n>p2 move rest\n>p1 move encore\n>p2 move ironhead\n>p1 move willowisp\n>p2 move rest\n>p1 move knockoff\n>p2 move rest\n>p1 switch 3\n>p2 move ironhead\n>p1 move shadowball\n>p2 move ironhead\n>p1 move shadowball\n>p2 move ironhead\n>p1 move shadowball\n>p2 move ironhead\n>p1 switch 3\n>p1 move encore\n>p2 move rest\n>p1 move willowisp\n>p2 move ironhead\n>p1 move recover\n>p2 move ironhead\n>p1 move knockoff\n>p2 move rest\n>p1 move encore\n>p2 move ironhead\n>p1 move recover\n>p2 move rest\n>p1 move knockoff\n>p2 move rest\n>p1 move knockoff\n>p2 move ironhead\n>chat \u2606Woodymane|Don\u2019t worry after you taking ten years, I\u2019m gonna make this last ten more\n>p1 move knockoff\n>p2 move ironhead\n>p1 move knockoff\n>p2 move ironhead\n>p1 move willowisp\n>p2 move ironhead\n>p1 move knockoff\n>p2 move ironhead\n>p1 move recover\n>p2 move ironhead\n>p1 move willowisp\n>p2 move ironhead\n>p1 move willowisp\n>p2 move ironhead\n>chat \u2606Woodymane|What\u2019s wrong? Are you paying attention now and not taking 2 minutes in between each turn?\n>p1 move knockoff\n>p2 move ironhead\n>chat \u2606SukaFree|U mad?\n>chat \u2606Woodymane|lol, original little man\n>chat \u2606Woodymane|annoyed is clearly the answer\n>chat \u2606SukaFree|;)\n>chat \u2606Woodymane|annoying as hell when little kids take forever\n>forcelose p1", "uploadtime": 1782837841, "views": 13, "formatid": "gen9randombattle", "rating": 1253, "private": 0, "password": null, "player_dets": [{"name": "Woodymane", "avatar": "102", "rating": 1281, "seed": "sodium,83c08d125eb75af1e7ebd2142424768a"}, {"name": "SukaFree", "avatar": "whitney", "rating": 1243, "seed": "sodium,b62ae335fb6ce4c5161550a13f78a94a"}], "teams_full": [{"Breloom": {"name": "Breloom", "species": "Breloom", "speciesId": "breloom", "gender": "F", "shiny": false, "level": 83, "moves": ["rocktomb", "bulletseed", "machpunch", "spore"], "ability": "Technician", "evs": {"hp": 85, "atk": 85, "def": 85, "spa": 85, "spd": 85, "spe": 85}, "ivs": {"hp": 31, "atk": 31, "def": 31, "spa": 31, "spd": 31, "spe": 31}, "item": "Life Orb", "teraType": "Fighting", "role": "Fast Attacker", "bvs": {"hp": 60, "atk": 130, "def": 80, "spa": 60, "spd": 60, "spe": 70}, "stats": {"hp": 235, "atk": 263, "def": 180, "spa": 147, "spd": 147, "spe": 164}, "types": ["Grass", "Fighting"]}, "Araquanid": {"name": "Araquanid", "species": "Araquanid", "speciesId": "araquanid", "gender": "M", "shiny": false, "level": 82, "moves": ["hydropump", "liquidation", "stickyweb", "leechlife"], "ability": "Water Bubble", "evs": {"hp": 85, "atk": 85, "def": 85, "spa": 85, "spd": 85, "spe": 85}, "ivs": {"hp": 31, "atk": 31, "def": 31, "spa": 31, "spd": 31, "spe": 31}, "item": "Heavy-Duty Boots", "teraType": "Ground", "role": "Bulky Attacker", "bvs": {"hp": 68, "atk": 70, "def": 92, "spa": 50, "spd": 132, "spe": 42}, "stats": {"hp": 246, "atk": 162, "def": 198, "spa": 129, "spd": 264, "spe": 116}, "types": ["Water", "Bug"]}, "Basculegion": {"name": "Basculegion", "species": "Basculegion", "speciesId": "basculegion", "gender": "M", "shiny": false, "level": 80, "moves": ["shadowball", "wavecrash", "flipturn", "aquajet"], "ability": "Adaptability", "evs": {"hp": 85, "atk": 85, "def": 85, "spa": 85, "spd": 85, "spe": 85}, "ivs": {"hp": 31, "atk": 31, "def": 31, "spa": 31, "spd": 31, "spe": 31}, "item": "Assault Vest", "teraType": "Water", "role": "AV Pivot", "bvs": {"hp": 120, "atk": 112, "def": 65, "spa": 80, "spd": 75, "spe": 78}, "stats": {"hp": 323, "atk": 225, "def": 150, "spa": 174, "spd": 166, "spe": 171}, "types": ["Water", "Ghost"]}, "Iron Boulder": {"name": "Iron Boulder", "species": "Iron Boulder", "speciesId": "ironboulder", "gender": "N", "shiny": false, "level": 77, "moves": ["swordsdance", "zenheadbutt", "closecombat", "mightycleave"], "ability": "Quark Drive", "evs": {"hp": 85, "atk": 85, "def": 85, "spa": 85, "spd": 85, "spe": 85}, "ivs": {"hp": 31, "atk": 31, "def": 31, "spa": 31, "spd": 31, "spe": 31}, "item": "Life Orb", "teraType": "Fighting", "role": "Setup Sweeper", "bvs": {"hp": 90, "atk": 120, "def": 80, "spa": 68, "spd": 108, "spe": 124}, "stats": {"hp": 265, "atk": 229, "def": 168, "spa": 149, "spd": 211, "spe": 236}, "types": ["Rock", "Psychic"]}, "Sableye": {"name": "Sableye", "species": "Sableye", "speciesId": "sableye", "gender": "F", "shiny": false, "level": 88, "moves": ["knockoff", "recover", "encore", "willowisp"], "ability": "Prankster", "evs": {"hp": 85, "atk": 85, "def": 85, "spa": 85, "spd": 85, "spe": 85}, "ivs": {"hp": 31, "atk": 31, "def": 31, "spa": 31, "spd": 31, "spe": 31}, "item": "Leftovers", "teraType": "Poison", "role": "Bulky Support", "bvs": {"hp": 50, "atk": 75, "def": 75, "spa": 65, "spd": 65, "spe": 50}, "stats": {"hp": 231, "atk": 182, "def": 182, "spa": 165, "spd": 165, "spe": 138}, "types": ["Dark", "Ghost"]}, "Magnezone": {"name": "Magnezone", "species": "Magnezone", "speciesId": "magnezone", "gender": "N", "shiny": false, "level": 85, "moves": ["thunderbolt", "bodypress", "flashcannon", "irondefense"], "ability": "Magnet Pull", "evs": {"hp": 85, "atk": 0, "def": 85, "spa": 85, "spd": 85, "spe": 85}, "ivs": {"hp": 31, "atk": 0, "def": 31, "spa": 31, "spd": 31, "spe": 31}, "item": "Leftovers", "teraType": "Fighting", "role": "Bulky Setup", "bvs": {"hp": 70, "atk": 70, "def": 115, "spa": 130, "spd": 90, "spe": 60}, "stats": {"hp": 258, "atk": 124, "def": 244, "spa": 270, "spd": 202, "spe": 151}, "types": ["Electric", "Steel"]}}, {"Porygon-Z": {"name": "Porygon-Z", "species": "Porygon-Z", "speciesId": "porygonz", "gender": "N", "shiny": false, "level": 83, "moves": ["thunderbolt", "shadowball", "nastyplot", "triattack"], "ability": "Adaptability", "evs": {"hp": 85, "atk": 0, "def": 85, "spa": 85, "spd": 85, "spe": 85}, "ivs": {"hp": 31, "atk": 0, "def": 31, "spa": 31, "spd": 31, "spe": 31}, "item": "Life Orb", "teraType": "Ghost", "role": "Fast Attacker", "bvs": {"hp": 85, "atk": 80, "def": 70, "spa": 135, "spd": 75, "spe": 90}, "stats": {"hp": 277, "atk": 137, "def": 164, "spa": 272, "spd": 172, "spe": 197}, "types": ["Normal"]}, "Squawkabilly": {"name": "Squawkabilly", "species": "Squawkabilly-Yellow", "speciesId": "squawkabillyyellow", "gender": "F", "shiny": false, "level": 89, "moves": ["doubleedge", "bravebird", "quickattack", "partingshot"], "ability": "Hustle", "evs": {"hp": 85, "atk": 85, "def": 85, "spa": 85, "spd": 85, "spe": 85}, "ivs": {"hp": 31, "atk": 31, "def": 31, "spa": 31, "spd": 31, "spe": 31}, "item": "Heavy-Duty Boots", "teraType": "Normal", "role": "Wallbreaker", "bvs": {"hp": 82, "atk": 96, "def": 51, "spa": 45, "spd": 51, "spe": 92}, "stats": {"hp": 291, "atk": 222, "def": 142, "spa": 131, "spd": 142, "spe": 215}, "types": ["Normal", "Flying"]}, "Registeel": {"name": "Registeel", "species": "Registeel", "speciesId": "registeel", "gender": "N", "shiny": false, "level": 81, "moves": ["irondefense", "ironhead", "bodypress", "rest"], "ability": "Clear Body", "evs": {"hp": 85, "atk": 85, "def": 85, "spa": 85, "spd": 85, "spe": 85}, "ivs": {"hp": 31, "atk": 31, "def": 31, "spa": 31, "spd": 31, "spe": 31}, "item": "Chesto Berry", "teraType": "Fighting", "role": "Bulky Setup", "bvs": {"hp": 80, "atk": 75, "def": 150, "spa": 75, "spd": 150, "spe": 50}, "stats": {"hp": 262, "atk": 168, "def": 290, "spa": 168, "spd": 290, "spe": 128}, "types": ["Steel"]}, "Jirachi": {"name": "Jirachi", "species": "Jirachi", "speciesId": "jirachi", "gender": "N", "shiny": false, "level": 80, "moves": ["uturn", "ironhead", "stealthrock", "drainpunch"], "ability": "Serene Grace", "evs": {"hp": 85, "atk": 85, "def": 85, "spa": 85, "spd": 85, "spe": 85}, "ivs": {"hp": 31, "atk": 31, "def": 31, "spa": 31, "spd": 31, "spe": 31}, "item": "Leftovers", "teraType": "Fighting", "role": "Bulky Attacker", "bvs": {"hp": 100, "atk": 100, "def": 100, "spa": 100, "spd": 100, "spe": 100}, "stats": {"hp": 291, "atk": 206, "def": 206, "spa": 206, "spd": 206, "spe": 206}, "types": ["Steel", "Psychic"]}, "Drifblim": {"name": "Drifblim", "species": "Drifblim", "speciesId": "drifblim", "gender": "M", "shiny": false, "level": 86, "moves": ["airslash", "calmmind", "strengthsap", "shadowball"], "ability": "Unburden", "evs": {"hp": 73, "atk": 0, "def": 85, "spa": 85, "spd": 85, "spe": 85}, "ivs": {"hp": 31, "atk": 0, "def": 31, "spa": 31, "spd": 31, "spe": 31}, "item": "Sitrus Berry", "teraType": "Steel", "role": "Bulky Attacker", "bvs": {"hp": 150, "atk": 80, "def": 44, "spa": 90, "spd": 54, "spe": 80}, "stats": {"hp": 396, "atk": 142, "def": 125, "spa": 204, "spd": 142, "spe": 187}, "types": ["Ghost", "Flying"]}, "Venusaur": {"name": "Venusaur", "species": "Venusaur", "speciesId": "venusaur", "gender": "F", "shiny": false, "level": 84, "moves": ["knockoff", "sludgebomb", "synthesis", "sleeppowder"], "ability": "Chlorophyll", "evs": {"hp": 85, "atk": 85, "def": 85, "spa": 85, "spd": 85, "spe": 85}, "ivs": {"hp": 31, "atk": 31, "def": 31, "spa": 31, "spd": 31, "spe": 31}, "item": "Leftovers", "teraType": "Steel", "role": "Bulky Attacker", "bvs": {"hp": 80, "atk": 82, "def": 83, "spa": 100, "spd": 100, "spe": 80}, "stats": {"hp": 272, "atk": 186, "def": 188, "spa": 216, "spd": 216, "spe": 183}, "types": ["Grass", "Poison"]}}]}