{"id": "gen9randombattle-2642111644", "format": "[Gen 9] Random Battle", "players": ["jnpr010334", "madbattlechamp"], "log": "|j|\u2606jnpr010334\n|j|\u2606madbattlechamp\n|t:|1782892422\n|gametype|singles\n|player|p1|jnpr010334|265|1879\n|player|p2|madbattlechamp|265|1867\n|gen|9\n|tier|[Gen 9] Random Battle\n|rated|\n|rule|Species Clause: Limit one of each Pok\u00e9mon\n|rule|HP Percentage Mod: HP is shown in percentages\n|rule|Sleep Clause Mod: Limit one foe put to sleep\n|rule|Illusion Level Mod: Illusion disguises the Pok\u00e9mon's true level\n|\n|t:|1782892422\n|teamsize|p1|6\n|teamsize|p2|6\n|start\n|switch|p1a: Maushold|Maushold-Four, L76|238/238\n|switch|p2a: Rampardos|Rampardos, L90, F|321/321\n|turn|1\n|inactive|Battle timer is ON: inactive players will automatically lose when time's up. (requested by jnpr010334)\n|\n|t:|1782892435\n|switch|p1a: Sableye|Sableye, L88, M|231/231\n|move|p2a: Rampardos|Rock Slide|p1a: Sableye\n|-damage|p1a: Sableye|0 fnt\n|faint|p1a: Sableye\n|\n|upkeep\n|\n|t:|1782892437\n|switch|p1a: Metagross|Metagross, L79|256/256\n|turn|2\n|\n|t:|1782892447\n|move|p2a: Rampardos|Earthquake|p1a: Metagross\n|-supereffective|p1a: Metagross\n|-damage|p1a: Metagross|1/256\n|-enditem|p1a: Metagross|Weakness Policy\n|-boost|p1a: Metagross|atk|2|[from] item: Weakness Policy\n|-boost|p1a: Metagross|spa|2|[from] item: Weakness Policy\n|-damage|p2a: Rampardos|289/321|[from] item: Life Orb\n|move|p1a: Metagross|Agility|p1a: Metagross\n|-boost|p1a: Metagross|spe|2\n|\n|upkeep\n|turn|3\n|\n|t:|1782892456\n|switch|p2a: Sandaconda|Sandaconda, L84, M|258/258\n|move|p1a: Metagross|Heavy Slam|p2a: Sandaconda\n|-damage|p2a: Sandaconda|42/258\n|\n|-heal|p2a: Sandaconda|58/258|[from] item: Leftovers\n|upkeep\n|turn|4\n|\n|t:|1782892459\n|move|p1a: Metagross|Psychic Fangs|p2a: Sandaconda\n|-crit|p2a: Sandaconda\n|-damage|p2a: Sandaconda|0 fnt\n|faint|p2a: Sandaconda\n|\n|upkeep\n|\n|t:|1782892465\n|switch|p2a: Drifblim|Drifblim, L86, F|398/398\n|turn|5\n|\n|t:|1782892467\n|move|p1a: Metagross|Heavy Slam|p2a: Drifblim\n|-damage|p2a: Drifblim|0 fnt\n|-damage|p1a: Metagross|0 fnt|[from] ability: Aftermath|[of] p2a: Drifblim\n|faint|p2a: Drifblim\n|faint|p1a: Metagross\n|\n|upkeep\n|\n|t:|1782892474\n|switch|p2a: Rampardos|Rampardos, L90, F|289/321\n|switch|p1a: Maushold|Maushold-Four, L76|238/238\n|turn|6\n|\n|t:|1782892478\n|move|p1a: Maushold|Population Bomb|p2a: Rampardos\n|-resisted|p2a: Rampardos\n|-damage|p2a: Rampardos|274/321\n|-resisted|p2a: Rampardos\n|-damage|p2a: Rampardos|260/321\n|-resisted|p2a: Rampardos\n|-damage|p2a: Rampardos|247/321\n|-resisted|p2a: Rampardos\n|-crit|p2a: Rampardos\n|-damage|p2a: Rampardos|227/321\n|-resisted|p2a: Rampardos\n|-damage|p2a: Rampardos|212/321\n|-resisted|p2a: Rampardos\n|-damage|p2a: Rampardos|197/321\n|-resisted|p2a: Rampardos\n|-damage|p2a: Rampardos|183/321\n|-resisted|p2a: Rampardos\n|-damage|p2a: Rampardos|168/321\n|-resisted|p2a: Rampardos\n|-damage|p2a: Rampardos|156/321\n|-hitcount|p2a: Rampardos|9\n|move|p2a: Rampardos|Rock Slide|p1a: Maushold\n|-damage|p1a: Maushold|0 fnt\n|faint|p1a: Maushold\n|\n|upkeep\n|\n|t:|1782892480\n|switch|p1a: Cramorant|Cramorant, L86, F|261/261\n|turn|7\n|\n|t:|1782892484\n|switch|p2a: Dialga|Dialga-Origin, L73|266/266\n|-ability|p2a: Dialga|Pressure\n|move|p1a: Cramorant|Surf|p2a: Dialga\n|-formechange|p1a: Cramorant|Cramorant-Gulping|\n|-resisted|p2a: Dialga\n|-damage|p2a: Dialga|229/266\n|\n|upkeep\n|turn|8\n|\n|t:|1782892489\n|move|p1a: Cramorant|Surf|p2a: Dialga\n|-resisted|p2a: Dialga\n|-damage|p2a: Dialga|187/266\n|move|p2a: Dialga|Stealth Rock|p1a: Cramorant\n|-sidestart|p1: jnpr010334|move: Stealth Rock\n|\n|upkeep\n|turn|9\n|\n|t:|1782892501\n|move|p1a: Cramorant|Surf|p2a: Dialga\n|-resisted|p2a: Dialga\n|-damage|p2a: Dialga|150/266\n|move|p2a: Dialga|Draco Meteor|p1a: Cramorant\n|-damage|p1a: Cramorant|105/261\n|-unboost|p2a: Dialga|spa|2\n|-damage|p2a: Dialga|84/266|[from] ability: Gulp Missile|[of] p1a: Cramorant\n|-unboost|p2a: Dialga|def|1\n|-formechange|p1a: Cramorant|Cramorant|\n|\n|upkeep\n|turn|10\n|\n|t:|1782892508\n|switch|p2a: Oricorio|Oricorio-Pa'u, L87, F|272/272\n|move|p1a: Cramorant|Roost|p1a: Cramorant\n|-heal|p1a: Cramorant|236/261\n|-singleturn|p1a: Cramorant|move: Roost\n|\n|upkeep\n|turn|11\n|\n|t:|1782892518\n|move|p2a: Oricorio|Quiver Dance|p2a: Oricorio\n|-boost|p2a: Oricorio|spa|1\n|-boost|p2a: Oricorio|spd|1\n|-boost|p2a: Oricorio|spe|1\n|move|p1a: Cramorant|Surf|p2a: Oricorio\n|-formechange|p1a: Cramorant|Cramorant-Gulping|\n|-damage|p2a: Oricorio|206/272\n|\n|upkeep\n|turn|12\n|\n|t:|1782892521\n|move|p2a: Oricorio|Quiver Dance|p2a: Oricorio\n|-boost|p2a: Oricorio|spa|1\n|-boost|p2a: Oricorio|spd|1\n|-boost|p2a: Oricorio|spe|1\n|move|p1a: Cramorant|Surf|p2a: Oricorio\n|-damage|p2a: Oricorio|152/272\n|\n|upkeep\n|turn|13\n|\n|t:|1782892526\n|move|p2a: Oricorio|Roost|p2a: Oricorio\n|-heal|p2a: Oricorio|272/272\n|-singleturn|p2a: Oricorio|move: Roost\n|move|p1a: Cramorant|Surf|p2a: Oricorio\n|-damage|p2a: Oricorio|220/272\n|\n|upkeep\n|turn|14\n|\n|t:|1782892528\n|move|p2a: Oricorio|Quiver Dance|p2a: Oricorio\n|-boost|p2a: Oricorio|spa|1\n|-boost|p2a: Oricorio|spd|1\n|-boost|p2a: Oricorio|spe|1\n|move|p1a: Cramorant|Surf|p2a: Oricorio\n|-damage|p2a: Oricorio|180/272\n|\n|upkeep\n|turn|15\n|\n|t:|1782892536\n|move|p2a: Oricorio|Roost|p2a: Oricorio\n|-heal|p2a: Oricorio|272/272\n|-singleturn|p2a: Oricorio|move: Roost\n|move|p1a: Cramorant|Brave Bird|p2a: Oricorio\n|-damage|p2a: Oricorio|142/272\n|-damage|p1a: Cramorant|193/261|[from] Recoil\n|\n|upkeep\n|turn|16\n|\n|t:|1782892540\n|move|p2a: Oricorio|Revelation Dance|p1a: Cramorant\n|-damage|p1a: Cramorant|0 fnt\n|-damage|p2a: Oricorio|74/272|[from] ability: Gulp Missile|[of] p1a: Cramorant\n|-unboost|p2a: Oricorio|def|1\n|-formechange|p1a: Cramorant|Cramorant|\n|faint|p1a: Cramorant\n|\n|upkeep\n|\n|t:|1782892543\n|switch|p1a: Spiritomb|Spiritomb, L89, F|234/234\n|-damage|p1a: Spiritomb|205/234|[from] Stealth Rock\n|turn|17\n|\n|t:|1782892549\n|move|p2a: Oricorio|Hurricane|p1a: Spiritomb|[miss]\n|-miss|p2a: Oricorio|p1a: Spiritomb\n|move|p1a: Spiritomb|Poltergeist|p2a: Oricorio\n|-activate|p2a: Oricorio|move: Poltergeist|Heavy-Duty Boots\n|-supereffective|p2a: Oricorio\n|-damage|p2a: Oricorio|0 fnt\n|faint|p2a: Oricorio\n|\n|-heal|p1a: Spiritomb|219/234|[from] item: Leftovers\n|upkeep\n|\n|t:|1782892553\n|switch|p2a: Rampardos|Rampardos, L90, F|156/321\n|turn|18\n|\n|t:|1782892557\n|-terastallize|p1a: Spiritomb|Steel\n|move|p2a: Rampardos|Rock Slide|p1a: Spiritomb\n|-resisted|p1a: Spiritomb\n|-damage|p1a: Spiritomb|124/234\n|move|p1a: Spiritomb|Foul Play|p2a: Rampardos\n|-crit|p2a: Rampardos\n|-damage|p2a: Rampardos|0 fnt\n|faint|p2a: Rampardos\n|\n|-heal|p1a: Spiritomb|138/234|[from] item: Leftovers\n|upkeep\n|\n|t:|1782892560\n|switch|p2a: Scovillain|Scovillain, L91, F|266/266\n|turn|19\n|\n|t:|1782892563\n|move|p2a: Scovillain|Flamethrower|p1a: Spiritomb\n|-supereffective|p1a: Spiritomb\n|-damage|p1a: Spiritomb|0 fnt\n|faint|p1a: Spiritomb\n|\n|upkeep\n|\n|t:|1782892565\n|switch|p1a: Gothitelle|Gothitelle, L90, F|272/272\n|-damage|p1a: Gothitelle|238/272|[from] Stealth Rock\n|turn|20\n|\n|t:|1782892569\n|move|p2a: Scovillain|Flamethrower|p1a: Gothitelle\n|-damage|p1a: Gothitelle|103/272\n|move|p1a: Gothitelle|Calm Mind|p1a: Gothitelle\n|-boost|p1a: Gothitelle|spa|1\n|-boost|p1a: Gothitelle|spd|1\n|\n|-heal|p1a: Gothitelle|120/272|[from] item: Leftovers\n|upkeep\n|turn|21\n|\n|t:|1782892573\n|move|p2a: Scovillain|Flamethrower|p1a: Gothitelle\n|-damage|p1a: Gothitelle|18/272\n|move|p1a: Gothitelle|Calm Mind|p1a: Gothitelle\n|-boost|p1a: Gothitelle|spa|1\n|-boost|p1a: Gothitelle|spd|1\n|\n|-heal|p1a: Gothitelle|35/272|[from] item: Leftovers\n|upkeep\n|turn|22\n|\n|t:|1782892577\n|move|p2a: Scovillain|Flamethrower|p1a: Gothitelle\n|-damage|p1a: Gothitelle|0 fnt\n|faint|p1a: Gothitelle\n|\n|win|madbattlechamp\n|raw|jnpr010334's rating: 1840 &rarr; <strong>1822</strong><br />(-18 for losing)\n|raw|madbattlechamp's rating: 1867 &rarr; <strong>1885</strong><br />(+18 for winning)\n", "inputlog": ">version f8ac14003a5f27e1bdc8d8c59608a773c1cb96e5\n>start {\"formatid\":\"gen9randombattle\",\"seed\":\"sodium,5ef36735486640b185ca60d46503faaf\",\"rated\":\"Rated battle\"}\n>player p1 {\"name\":\"jnpr010334\",\"avatar\":\"265\",\"rating\":1879,\"seed\":\"sodium,0ed6cab127398bc2823c613cdad532c1\"}\n>player p2 {\"name\":\"madbattlechamp\",\"avatar\":\"265\",\"rating\":1867,\"seed\":\"sodium,aecb692db4c86717f0653dce7cb526b8\"}\n>p1 switch 3\n>p2 move rockslide\n>p1 switch 2\n>p1 move agility\n>p2 move earthquake\n>p1 move heavyslam\n>p2 switch 4\n>p1 move psychicfangs\n>p2 move earthquake\n>p2 switch 6\n>p1 move heavyslam\n>p2 move shadowball\n>p1 switch 3\n>p2 switch 4\n>p1 move populationbomb\n>p2 move rockslide\n>p1 switch 6\n>p1 move surf\n>p2 switch 2\n>p1 move surf\n>p2 move stealthrock\n>p1 move surf\n>p2 move dracometeor\n>p1 move roost\n>p2 switch 5\n>p1 move surf\n>p2 move quiverdance\n>p1 move surf\n>p2 move quiverdance\n>p1 move surf\n>p2 move roost\n>p1 move surf\n>p2 move quiverdance\n>p1 move bravebird\n>p2 move roost\n>p1 move bravebird\n>p2 move revelationdance\n>p1 switch 5\n>p1 move poltergeist\n>p2 move hurricane\n>p2 switch 2\n>p1 move foulplay terastallize\n>p2 move rockslide\n>p2 switch 3\n>p1 move toxic\n>p2 move flamethrower\n>p1 switch 4\n>p1 move calmmind\n>p2 move flamethrower\n>p1 move calmmind\n>p2 move flamethrower\n>p1 move psychicnoise\n>p2 move flamethrower", "uploadtime": 1782892577, "views": 5, "formatid": "gen9randombattle", "rating": 1822, "private": 0, "password": null, "player_dets": [{"name": "jnpr010334", "avatar": "265", "rating": 1879, "seed": "sodium,0ed6cab127398bc2823c613cdad532c1"}, {"name": "madbattlechamp", "avatar": "265", "rating": 1867, "seed": "sodium,aecb692db4c86717f0653dce7cb526b8"}], "teams_full": [{"Maushold": {"name": "Maushold", "species": "Maushold-Four", "speciesId": "maushold", "gender": "N", "shiny": false, "level": 76, "moves": ["tidyup", "populationbomb", "encore", "bite"], "ability": "Technician", "evs": {"hp": 85, "atk": 85, "def": 85, "spa": 85, "spd": 85, "spe": 85}, "ivs": {"hp": 31, "atk": 31, "def": 31, "spa": 31, "spd": 31, "spe": 31}, "item": "Wide Lens", "teraType": "Ghost", "role": "Setup Sweeper", "bvs": {"hp": 74, "atk": 75, "def": 70, "spa": 65, "spd": 75, "spe": 111}, "stats": {"hp": 238, "atk": 158, "def": 150, "spa": 143, "spd": 158, "spe": 213}, "types": ["Normal"]}, "Metagross": {"name": "Metagross", "species": "Metagross", "speciesId": "metagross", "gender": "N", "shiny": false, "level": 79, "moves": ["psychicfangs", "earthquake", "heavyslam", "agility"], "ability": "Clear Body", "evs": {"hp": 85, "atk": 85, "def": 85, "spa": 85, "spd": 85, "spe": 85}, "ivs": {"hp": 31, "atk": 31, "def": 31, "spa": 31, "spd": 31, "spe": 31}, "item": "Weakness Policy", "teraType": "Ground", "role": "Bulky Setup", "bvs": {"hp": 80, "atk": 135, "def": 130, "spa": 95, "spd": 90, "spe": 70}, "stats": {"hp": 256, "atk": 259, "def": 251, "spa": 196, "spd": 188, "spe": 156}, "types": ["Steel", "Psychic"]}, "Sableye": {"name": "Sableye", "species": "Sableye", "speciesId": "sableye", "gender": "M", "shiny": false, "level": 88, "moves": ["recover", "thunderwave", "encore", "knockoff"], "ability": "Prankster", "evs": {"hp": 85, "atk": 85, "def": 85, "spa": 85, "spd": 85, "spe": 85}, "ivs": {"hp": 31, "atk": 31, "def": 31, "spa": 31, "spd": 31, "spe": 31}, "item": "Leftovers", "teraType": "Steel", "role": "Bulky Support", "bvs": {"hp": 50, "atk": 75, "def": 75, "spa": 65, "spd": 65, "spe": 50}, "stats": {"hp": 231, "atk": 182, "def": 182, "spa": 165, "spd": 165, "spe": 138}, "types": ["Dark", "Ghost"]}, "Gothitelle": {"name": "Gothitelle", "species": "Gothitelle", "speciesId": "gothitelle", "gender": "F", "shiny": false, "level": 90, "moves": ["psychicnoise", "thunderbolt", "calmmind", "darkpulse"], "ability": "Shadow Tag", "evs": {"hp": 85, "atk": 0, "def": 85, "spa": 85, "spd": 85, "spe": 85}, "ivs": {"hp": 31, "atk": 0, "def": 31, "spa": 31, "spd": 31, "spe": 31}, "item": "Leftovers", "teraType": "Dark", "role": "Bulky Setup", "bvs": {"hp": 70, "atk": 55, "def": 95, "spa": 95, "spd": 110, "spe": 65}, "stats": {"hp": 272, "atk": 104, "def": 222, "spa": 222, "spd": 249, "spe": 168}, "types": ["Psychic"]}, "Spiritomb": {"name": "Spiritomb", "species": "Spiritomb", "speciesId": "spiritomb", "gender": "F", "shiny": false, "level": 89, "moves": ["poltergeist", "painsplit", "toxic", "foulplay"], "ability": "Infiltrator", "evs": {"hp": 85, "atk": 85, "def": 85, "spa": 85, "spd": 85, "spe": 85}, "ivs": {"hp": 31, "atk": 31, "def": 31, "spa": 31, "spd": 31, "spe": 31}, "item": "Leftovers", "teraType": "Steel", "role": "Bulky Support", "bvs": {"hp": 50, "atk": 92, "def": 108, "spa": 92, "spd": 108, "spe": 35}, "stats": {"hp": 234, "atk": 215, "def": 243, "spa": 215, "spd": 243, "spe": 113}, "types": ["Ghost", "Dark"]}, "Cramorant": {"name": "Cramorant", "species": "Cramorant", "speciesId": "cramorant", "gender": "F", "shiny": false, "level": 86, "moves": ["roost", "surf", "bravebird", "defog"], "ability": "Gulp Missile", "evs": {"hp": 85, "atk": 85, "def": 85, "spa": 85, "spd": 85, "spe": 85}, "ivs": {"hp": 31, "atk": 31, "def": 31, "spa": 31, "spd": 31, "spe": 31}, "item": "Heavy-Duty Boots", "teraType": "Ground", "role": "Bulky Support", "bvs": {"hp": 70, "atk": 85, "def": 55, "spa": 85, "spd": 95, "spe": 85}, "stats": {"hp": 261, "atk": 195, "def": 144, "spa": 195, "spd": 213, "spe": 195}, "types": ["Flying", "Water"]}}, {"Rampardos": {"name": "Rampardos", "species": "Rampardos", "speciesId": "rampardos", "gender": "F", "shiny": false, "level": 90, "moves": ["rockslide", "zenheadbutt", "firepunch", "earthquake"], "ability": "Sheer Force", "evs": {"hp": 85, "atk": 85, "def": 85, "spa": 85, "spd": 85, "spe": 85}, "ivs": {"hp": 31, "atk": 31, "def": 31, "spa": 31, "spd": 31, "spe": 31}, "item": "Life Orb", "teraType": "Rock", "role": "Wallbreaker", "bvs": {"hp": 97, "atk": 165, "def": 60, "spa": 65, "spd": 50, "spe": 58}, "stats": {"hp": 321, "atk": 348, "def": 159, "spa": 168, "spd": 141, "spe": 156}, "types": ["Rock"]}, "Dialga": {"name": "Dialga", "species": "Dialga-Origin", "speciesId": "dialgaorigin", "gender": "N", "shiny": false, "level": 73, "moves": ["fireblast", "dracometeor", "stealthrock", "flashcannon"], "ability": "Pressure", "evs": {"hp": 85, "atk": 0, "def": 85, "spa": 85, "spd": 85, "spe": 85}, "ivs": {"hp": 31, "atk": 0, "def": 31, "spa": 31, "spd": 31, "spe": 31}, "item": "Adamant Crystal", "teraType": "Dragon", "role": "Fast Attacker", "bvs": {"hp": 100, "atk": 100, "def": 120, "spa": 150, "spd": 120, "spe": 90}, "stats": {"hp": 266, "atk": 151, "def": 218, "spa": 261, "spd": 218, "spe": 174}, "types": ["Steel", "Dragon"]}, "Scovillain": {"name": "Scovillain", "species": "Scovillain", "speciesId": "scovillain", "gender": "F", "shiny": false, "level": 91, "moves": ["leafstorm", "overheat", "energyball", "flamethrower"], "ability": "Chlorophyll", "evs": {"hp": 85, "atk": 0, "def": 85, "spa": 85, "spd": 85, "spe": 85}, "ivs": {"hp": 31, "atk": 0, "def": 31, "spa": 31, "spd": 31, "spe": 31}, "item": "Choice Specs", "teraType": "Grass", "role": "Fast Attacker", "bvs": {"hp": 65, "atk": 108, "def": 65, "spa": 108, "spd": 65, "spe": 75}, "stats": {"hp": 266, "atk": 201, "def": 170, "spa": 248, "spd": 170, "spe": 188}, "types": ["Grass", "Fire"]}, "Sandaconda": {"name": "Sandaconda", "species": "Sandaconda", "speciesId": "sandaconda", "gender": "M", "shiny": false, "level": 84, "moves": ["rest", "stoneedge", "glare", "earthquake"], "ability": "Shed Skin", "evs": {"hp": 85, "atk": 85, "def": 85, "spa": 85, "spd": 85, "spe": 85}, "ivs": {"hp": 31, "atk": 31, "def": 31, "spa": 31, "spd": 31, "spe": 31}, "item": "Leftovers", "teraType": "Dragon", "role": "Bulky Attacker", "bvs": {"hp": 72, "atk": 107, "def": 125, "spa": 65, "spd": 70, "spe": 71}, "stats": {"hp": 258, "atk": 228, "def": 258, "spa": 157, "spd": 166, "spe": 167}, "types": ["Ground"]}, "Oricorio": {"name": "Oricorio", "species": "Oricorio-Pa'u", "speciesId": "oricoriopau", "gender": "F", "shiny": false, "level": 87, "moves": ["roost", "revelationdance", "quiverdance", "hurricane"], "ability": "Dancer", "evs": {"hp": 85, "atk": 0, "def": 85, "spa": 85, "spd": 85, "spe": 85}, "ivs": {"hp": 31, "atk": 0, "def": 31, "spa": 31, "spd": 31, "spe": 31}, "item": "Heavy-Duty Boots", "teraType": "Fighting", "role": "Setup Sweeper", "bvs": {"hp": 75, "atk": 70, "def": 70, "spa": 98, "spd": 70, "spe": 93}, "stats": {"hp": 272, "atk": 126, "def": 172, "spa": 220, "spd": 172, "spe": 212}, "types": ["Psychic", "Flying"]}, "Drifblim": {"name": "Drifblim", "species": "Drifblim", "speciesId": "drifblim", "gender": "F", "shiny": false, "level": 86, "moves": ["defog", "strengthsap", "airslash", "shadowball"], "ability": "Aftermath", "evs": {"hp": 85, "atk": 0, "def": 85, "spa": 85, "spd": 85, "spe": 85}, "ivs": {"hp": 31, "atk": 0, "def": 31, "spa": 31, "spd": 31, "spe": 31}, "item": "Heavy-Duty Boots", "teraType": "Steel", "role": "Bulky Attacker", "bvs": {"hp": 150, "atk": 80, "def": 44, "spa": 90, "spd": 54, "spe": 80}, "stats": {"hp": 398, "atk": 142, "def": 125, "spa": 204, "spd": 142, "spe": 187}, "types": ["Ghost", "Flying"]}}]}