{"id": "gen9randombattle-2641660678", "format": "[Gen 9] Random Battle", "players": ["bonbonbo", "Alexspitzcharles"], "log": "|j|\u2606bonbonbo\n|j|\u2606Alexspitzcharles\n|t:|1782826381\n|gametype|singles\n|player|p1|bonbonbo|266|1921\n|player|p2|Alexspitzcharles|169|1938\n|gen|9\n|tier|[Gen 9] Random Battle\n|rated|\n|rule|Species Clause: Limit one of each Pok\u00e9mon\n|rule|HP Percentage Mod: HP is shown in percentages\n|rule|Sleep Clause Mod: Limit one foe put to sleep\n|rule|Illusion Level Mod: Illusion disguises the Pok\u00e9mon's true level\n|\n|t:|1782826381\n|teamsize|p1|6\n|teamsize|p2|6\n|start\n|switch|p1a: Sandy Shocks|Sandy Shocks, L80|267/267\n|switch|p2a: Groudon|Groudon, L72|263/263\n|-weather|SunnyDay|[from] ability: Drought|[of] p2a: Groudon\n|-activate|p1a: Sandy Shocks|ability: Protosynthesis\n|-start|p1a: Sandy Shocks|protosynthesisspa\n|turn|1\n|\n|t:|1782826395\n|-end|p1a: Sandy Shocks|Protosynthesis|[silent]\n|switch|p1a: Jumpluff|Jumpluff, L87, F|271/271\n|move|p2a: Groudon|Spikes|p1a: Jumpluff\n|-sidestart|p1: bonbonbo|Spikes\n|\n|-weather|SunnyDay|[upkeep]\n|upkeep\n|turn|2\n|\n|t:|1782826406\n|move|p1a: Jumpluff|Sleep Powder|p2a: Groudon\n|-status|p2a: Groudon|slp|[from] move: Sleep Powder\n|cant|p2a: Groudon|slp\n|\n|-weather|SunnyDay|[upkeep]\n|upkeep\n|turn|3\n|l|\u2606bonbonbo\n|player|p1|\n|inactive|Battle timer is ON: inactive players will automatically lose when time's up. (requested by Alexspitzcharles)\n|inactive|bonbonbo has 30 seconds to reconnect!\n|inactive|bonbonbo has 20 seconds to reconnect!\n|inactive|bonbonbo has 15 seconds to reconnect!\n|inactive|bonbonbo has 10 seconds to reconnect!\n|j|\u2606bonbonbo\n|inactive|bonbonbo reconnected and has 100 seconds left.\n|player|p1|bonbonbo|266|\n|\n|t:|1782826494\n|switch|p1a: Crabominable|Crabominable, L90, M|321/321\n|-damage|p1a: Crabominable|281/321|[from] Spikes\n|cant|p2a: Groudon|slp\n|\n|-weather|SunnyDay|[upkeep]\n|upkeep\n|turn|4\n|\n|t:|1782826502\n|switch|p2a: Corviknight|Corviknight, L80, M|288/288\n|move|p1a: Crabominable|Ice Hammer|p2a: Corviknight\n|-damage|p2a: Corviknight|41/288\n|-unboost|p1a: Crabominable|spe|1\n|\n|-weather|SunnyDay|[upkeep]\n|-heal|p2a: Corviknight|59/288|[from] item: Leftovers\n|upkeep\n|turn|5\n|\n|t:|1782826513\n|move|p2a: Corviknight|Brave Bird|p1a: Crabominable\n|-supereffective|p1a: Crabominable\n|-crit|p1a: Crabominable\n|-damage|p1a: Crabominable|0 fnt\n|faint|p1a: Crabominable\n|-damage|p2a: Corviknight|0 fnt|[from] Recoil\n|faint|p2a: Corviknight\n|\n|-weather|none\n|upkeep\n|\n|t:|1782826523\n|switch|p2a: Groudon|Groudon, L72|263/263 slp\n|switch|p1a: Zangoose|Zangoose, L85, M|263/263\n|-damage|p1a: Zangoose|231/263|[from] Spikes\n|-weather|SunnyDay|[from] ability: Drought|[of] p2a: Groudon\n|turn|6\n|\n|t:|1782826528\n|move|p1a: Zangoose|Knock Off|p2a: Groudon\n|-crit|p2a: Groudon\n|-damage|p2a: Groudon|166/263 slp\n|-enditem|p2a: Groudon|Leftovers|[from] move: Knock Off|[of] p1a: Zangoose\n|cant|p2a: Groudon|slp\n|\n|-weather|SunnyDay|[upkeep]\n|-status|p1a: Zangoose|tox|[from] item: Toxic Orb\n|upkeep\n|turn|7\n|\n|t:|1782826542\n|move|p1a: Zangoose|Facade|p2a: Groudon\n|-damage|p2a: Groudon|0 fnt\n|faint|p2a: Groudon\n|\n|-weather|SunnyDay|[upkeep]\n|-damage|p1a: Zangoose|215/263 tox|[from] psn\n|upkeep\n|\n|t:|1782826549\n|switch|p2a: Crabominable|Crabominable, L90, F|321/321\n|turn|8\n|\n|t:|1782826556\n|move|p1a: Zangoose|Facade|p2a: Crabominable\n|-damage|p2a: Crabominable|66/321\n|move|p2a: Crabominable|Drain Punch|p1a: Zangoose\n|-supereffective|p1a: Zangoose\n|-damage|p1a: Zangoose|0 fnt\n|-heal|p2a: Crabominable|174/321|[from] drain|[of] p1a: Zangoose\n|faint|p1a: Zangoose\n|\n|-weather|SunnyDay|[upkeep]\n|upkeep\n|\n|t:|1782826565\n|switch|p1a: Jumpluff|Jumpluff, L87, F|271/271\n|turn|9\n|\n|t:|1782826571\n|move|p1a: Jumpluff|Encore|p2a: Crabominable\n|-start|p2a: Crabominable|Encore\n|move|p2a: Crabominable|Drain Punch|p1a: Jumpluff\n|-resisted|p1a: Jumpluff\n|-damage|p1a: Jumpluff|193/271\n|-heal|p2a: Crabominable|213/321|[from] drain|[of] p1a: Jumpluff\n|\n|-weather|SunnyDay|[upkeep]\n|upkeep\n|turn|10\n|\n|t:|1782826582\n|switch|p2a: Raging Bolt|Raging Bolt, L78|323/323\n|-activate|p2a: Raging Bolt|ability: Protosynthesis\n|-start|p2a: Raging Bolt|protosynthesisspa\n|move|p1a: Jumpluff|Sleep Powder|p2a: Raging Bolt|[miss]\n|-miss|p1a: Jumpluff|p2a: Raging Bolt\n|\n|-weather|none\n|-end|p2a: Raging Bolt|Protosynthesis\n|upkeep\n|turn|11\n|\n|t:|1782826587\n|move|p1a: Jumpluff|Sleep Powder|p2a: Raging Bolt\n|-status|p2a: Raging Bolt|slp|[from] move: Sleep Powder\n|cant|p2a: Raging Bolt|slp\n|\n|upkeep\n|turn|12\n|\n|t:|1782826601\n|switch|p1a: Sandy Shocks|Sandy Shocks, L80|267/267\n|-damage|p1a: Sandy Shocks|234/267|[from] Spikes\n|-end|p2a: Raging Bolt|Protosynthesis|[silent]\n|switch|p2a: Latios|Latios, L78, M|253/253\n|\n|-heal|p1a: Sandy Shocks|250/267|[from] item: Leftovers\n|upkeep\n|turn|13\n|\n|t:|1782826615\n|-end|p1a: Sandy Shocks|Protosynthesis|[silent]\n|switch|p1a: Jumpluff|Jumpluff, L87, F|193/271\n|move|p2a: Latios|Luster Purge|p1a: Jumpluff\n|-damage|p1a: Jumpluff|28/271\n|-unboost|p1a: Jumpluff|spd|1\n|\n|upkeep\n|turn|14\n|\n|t:|1782826619\n|move|p1a: Jumpluff|Encore|p2a: Latios\n|-start|p2a: Latios|Encore\n|move|p2a: Latios|Luster Purge|p1a: Jumpluff\n|-damage|p1a: Jumpluff|0 fnt\n|faint|p1a: Jumpluff\n|\n|upkeep\n|\n|t:|1782826625\n|switch|p1a: Orthworm|Orthworm, L88, M|266/266\n|-damage|p1a: Orthworm|233/266|[from] Spikes\n|turn|15\n|inactive|Alexspitzcharles has 120 seconds left.\n|\n|t:|1782826671\n|switch|p2a: Ninetales|Ninetales, L85, M|263/263\n|-weather|SunnyDay|[from] ability: Drought|[of] p2a: Ninetales\n|move|p1a: Orthworm|Coil|p1a: Orthworm\n|-boost|p1a: Orthworm|atk|1\n|-boost|p1a: Orthworm|def|1\n|-boost|p1a: Orthworm|accuracy|1\n|\n|-weather|SunnyDay|[upkeep]\n|upkeep\n|turn|16\n|l|\u2606Alexspitzcharles\n|inactive|Alexspitzcharles disconnected and has a minute to reconnect!\n|player|p2|\n|j|\u2606Alexspitzcharles\n|inactive|Alexspitzcharles reconnected and has 110 seconds left.\n|player|p2|Alexspitzcharles|169|\n|\n|t:|1782826681\n|move|p2a: Ninetales|Fire Blast|p1a: Orthworm\n|-supereffective|p1a: Orthworm\n|-damage|p1a: Orthworm|0 fnt\n|faint|p1a: Orthworm\n|\n|-weather|SunnyDay|[upkeep]\n|upkeep\n|\n|t:|1782826683\n|switch|p1a: Sandy Shocks|Sandy Shocks, L80|250/267\n|-damage|p1a: Sandy Shocks|217/267|[from] Spikes\n|-activate|p1a: Sandy Shocks|ability: Protosynthesis\n|-start|p1a: Sandy Shocks|protosynthesisspa\n|turn|17\n|\n|t:|1782826690\n|-end|p1a: Sandy Shocks|Protosynthesis|[silent]\n|switch|p1a: Carbink|Carbink, L90|236/236\n|-damage|p1a: Carbink|207/236|[from] Spikes\n|-terastallize|p2a: Ninetales|Grass\n|move|p2a: Ninetales|Solar Beam||[still]\n|-prepare|p2a: Ninetales|Solar Beam\n|-anim|p2a: Ninetales|Solar Beam|p1a: Carbink\n|-supereffective|p1a: Carbink\n|-damage|p1a: Carbink|75/236\n|\n|-weather|SunnyDay|[upkeep]\n|-heal|p1a: Carbink|89/236|[from] item: Leftovers\n|upkeep\n|turn|18\n|l|\u2606bonbonbo\n|inactive|bonbonbo disconnected and has a minute to reconnect!\n|player|p1|\n|inactive|bonbonbo has 30 seconds to reconnect!\n|inactive|bonbonbo has 20 seconds to reconnect!\n|inactive|bonbonbo has 15 seconds to reconnect!\n|inactive|bonbonbo has 10 seconds to reconnect!\n|inactive|bonbonbo has 5 seconds to reconnect!\n|-message|bonbonbo lost due to inactivity.\n|\n|win|Alexspitzcharles\n", "inputlog": ">version f8ac14003a5f27e1bdc8d8c59608a773c1cb96e5\n>start {\"formatid\":\"gen9randombattle\",\"seed\":\"sodium,6203dc57c703ddf7beb568bfad228efb\",\"rated\":\"Rated battle\"}\n>player p1 {\"name\":\"bonbonbo\",\"avatar\":\"266\",\"rating\":1921,\"seed\":\"sodium,63bd9c6b0969b6fd13aa1f1a72b13016\"}\n>player p2 {\"name\":\"Alexspitzcharles\",\"avatar\":\"169\",\"rating\":1938,\"seed\":\"sodium,052d1fd19842c89e9f75d5be077d2a37\"}\n>p1 switch 3\n>p2 move spikes\n>p1 move sleeppowder\n>p2 move heatcrash\n>p1 switch 5\n>p2 move heatcrash\n>p1 move icehammer\n>p2 switch 6\n>p1 move icehammer\n>p2 move bravebird\n>p1 switch 6\n>p2 switch 6\n>p1 move knockoff\n>p2 move roar\n>p1 move facade\n>p2 move heatcrash\n>p2 switch 3\n>p1 move facade\n>p2 move drainpunch\n>p1 switch 5\n>p1 move encore\n>p2 move icehammer\n>p1 move sleeppowder\n>p2 switch 4\n>p1 move sleeppowder\n>p2 move dracometeor\n>p1 switch 3\n>p2 switch 2\n>p1 switch 3\n>p2 move lusterpurge\n>p1 move encore\n>p2 move lusterpurge\n>p1 switch 4\n>p1 move coil\n>p2 switch 5\n>p1 move bodypress\n>p2 move fireblast\n>p1 switch 3\n>p1 switch 2\n>p2 move solarbeam terastallize\n>forcelose p1", "uploadtime": 1782826383, "views": 10, "formatid": "gen9randombattle", "rating": null, "private": 0, "password": null, "player_dets": [{"name": "bonbonbo", "avatar": "266", "rating": 1921, "seed": "sodium,63bd9c6b0969b6fd13aa1f1a72b13016"}, {"name": "Alexspitzcharles", "avatar": "169", "rating": 1938, "seed": "sodium,052d1fd19842c89e9f75d5be077d2a37"}], "teams_full": [{"Sandy Shocks": {"name": "Sandy Shocks", "species": "Sandy Shocks", "speciesId": "sandyshocks", "gender": "N", "shiny": false, "level": 80, "moves": ["thunderbolt", "earthpower", "stealthrock", "spikes"], "ability": "Protosynthesis", "evs": {"hp": 85, "atk": 0, "def": 85, "spa": 85, "spd": 85, "spe": 85}, "ivs": {"hp": 31, "atk": 0, "def": 31, "spa": 31, "spd": 31, "spe": 31}, "item": "Leftovers", "teraType": "Electric", "role": "Fast Support", "bvs": {"hp": 85, "atk": 81, "def": 97, "spa": 121, "spd": 85, "spe": 101}, "stats": {"hp": 267, "atk": 134, "def": 201, "spa": 240, "spd": 182, "spe": 208}, "types": ["Electric", "Ground"]}, "Carbink": {"name": "Carbink", "species": "Carbink", "speciesId": "carbink", "gender": "N", "shiny": false, "level": 90, "moves": ["irondefense", "moonblast", "bodypress", "rockpolish"], "ability": "Clear Body", "evs": {"hp": 85, "atk": 0, "def": 85, "spa": 85, "spd": 85, "spe": 85}, "ivs": {"hp": 31, "atk": 0, "def": 31, "spa": 31, "spd": 31, "spe": 31}, "item": "Leftovers", "teraType": "Fighting", "role": "Fast Bulky Setup", "bvs": {"hp": 50, "atk": 50, "def": 150, "spa": 50, "spd": 150, "spe": 50}, "stats": {"hp": 236, "atk": 95, "def": 321, "spa": 141, "spd": 321, "spe": 141}, "types": ["Rock", "Fairy"]}, "Jumpluff": {"name": "Jumpluff", "species": "Jumpluff", "speciesId": "jumpluff", "gender": "F", "shiny": false, "level": 87, "moves": ["sleeppowder", "encore", "acrobatics", "strengthsap"], "ability": "Infiltrator", "evs": {"hp": 81, "atk": 85, "def": 85, "spa": 85, "spd": 85, "spe": 85}, "ivs": {"hp": 31, "atk": 31, "def": 31, "spa": 31, "spd": 31, "spe": 31}, "item": "", "teraType": "Steel", "role": "Bulky Attacker", "bvs": {"hp": 75, "atk": 55, "def": 70, "spa": 55, "spd": 95, "spe": 110}, "stats": {"hp": 271, "atk": 145, "def": 172, "spa": 145, "spd": 215, "spe": 241}, "types": ["Grass", "Flying"]}, "Orthworm": {"name": "Orthworm", "species": "Orthworm", "speciesId": "orthworm", "gender": "M", "shiny": false, "level": 88, "moves": ["irontail", "coil", "bodypress", "rest"], "ability": "Earth Eater", "evs": {"hp": 85, "atk": 85, "def": 85, "spa": 85, "spd": 85, "spe": 85}, "ivs": {"hp": 31, "atk": 31, "def": 31, "spa": 31, "spd": 31, "spe": 31}, "item": "Chesto Berry", "teraType": "Fighting", "role": "Bulky Setup", "bvs": {"hp": 70, "atk": 85, "def": 145, "spa": 60, "spd": 55, "spe": 65}, "stats": {"hp": 266, "atk": 200, "def": 305, "spa": 156, "spd": 147, "spe": 165}, "types": ["Steel"]}, "Crabominable": {"name": "Crabominable", "species": "Crabominable", "speciesId": "crabominable", "gender": "M", "shiny": false, "level": 90, "moves": ["icehammer", "knockoff", "earthquake", "closecombat"], "ability": "Iron Fist", "evs": {"hp": 85, "atk": 85, "def": 85, "spa": 85, "spd": 85, "spe": 85}, "ivs": {"hp": 31, "atk": 31, "def": 31, "spa": 31, "spd": 31, "spe": 31}, "item": "Choice Band", "teraType": "Fighting", "role": "Wallbreaker", "bvs": {"hp": 97, "atk": 132, "def": 77, "spa": 62, "spd": 67, "spe": 43}, "stats": {"hp": 321, "atk": 289, "def": 190, "spa": 163, "spd": 172, "spe": 129}, "types": ["Fighting", "Ice"]}, "Zangoose": {"name": "Zangoose", "species": "Zangoose", "speciesId": "zangoose", "gender": "M", "shiny": false, "level": 85, "moves": ["knockoff", "closecombat", "facade", "quickattack"], "ability": "Toxic Boost", "evs": {"hp": 85, "atk": 85, "def": 85, "spa": 85, "spd": 85, "spe": 85}, "ivs": {"hp": 31, "atk": 31, "def": 31, "spa": 31, "spd": 31, "spe": 31}, "item": "Toxic Orb", "teraType": "Normal", "role": "Fast Attacker", "bvs": {"hp": 73, "atk": 115, "def": 60, "spa": 60, "spd": 60, "spe": 90}, "stats": {"hp": 263, "atk": 244, "def": 151, "spa": 151, "spd": 151, "spe": 202}, "types": ["Normal"]}}, {"Groudon": {"name": "Groudon", "species": "Groudon", "speciesId": "groudon", "gender": "N", "shiny": false, "level": 72, "moves": ["spikes", "precipiceblades", "heatcrash", "roar"], "ability": "Drought", "evs": {"hp": 85, "atk": 85, "def": 85, "spa": 85, "spd": 85, "spe": 85}, "ivs": {"hp": 31, "atk": 31, "def": 31, "spa": 31, "spd": 31, "spe": 31}, "item": "Leftovers", "teraType": "Fire", "role": "Bulky Attacker", "bvs": {"hp": 100, "atk": 150, "def": 140, "spa": 100, "spd": 90, "spe": 90}, "stats": {"hp": 263, "atk": 258, "def": 244, "spa": 186, "spd": 172, "spe": 172}, "types": ["Ground"]}, "Latios": {"name": "Latios", "species": "Latios", "speciesId": "latios", "gender": "M", "shiny": false, "level": 78, "moves": ["aurasphere", "lusterpurge", "dracometeor", "flipturn"], "ability": "Levitate", "evs": {"hp": 85, "atk": 85, "def": 85, "spa": 85, "spd": 85, "spe": 85}, "ivs": {"hp": 31, "atk": 31, "def": 31, "spa": 31, "spd": 31, "spe": 31}, "item": "Choice Specs", "teraType": "Psychic", "role": "Fast Attacker", "bvs": {"hp": 80, "atk": 90, "def": 80, "spa": 130, "spd": 110, "spe": 110}, "stats": {"hp": 253, "atk": 185, "def": 170, "spa": 248, "spd": 217, "spe": 217}, "types": ["Dragon", "Psychic"]}, "Crabominable": {"name": "Crabominable", "species": "Crabominable", "speciesId": "crabominable", "gender": "F", "shiny": false, "level": 90, "moves": ["drainpunch", "knockoff", "earthquake", "icehammer"], "ability": "Iron Fist", "evs": {"hp": 85, "atk": 85, "def": 85, "spa": 85, "spd": 85, "spe": 85}, "ivs": {"hp": 31, "atk": 31, "def": 31, "spa": 31, "spd": 31, "spe": 31}, "item": "Assault Vest", "teraType": "Water", "role": "AV Pivot", "bvs": {"hp": 97, "atk": 132, "def": 77, "spa": 62, "spd": 67, "spe": 43}, "stats": {"hp": 321, "atk": 289, "def": 190, "spa": 163, "spd": 172, "spe": 129}, "types": ["Fighting", "Ice"]}, "Raging Bolt": {"name": "Raging Bolt", "species": "Raging Bolt", "speciesId": "ragingbolt", "gender": "N", "shiny": false, "level": 78, "moves": ["discharge", "voltswitch", "thunderclap", "dracometeor"], "ability": "Protosynthesis", "evs": {"hp": 85, "atk": 0, "def": 85, "spa": 85, "spd": 85, "spe": 85}, "ivs": {"hp": 31, "atk": 0, "def": 31, "spa": 31, "spd": 31, "spe": 31}, "item": "Assault Vest", "teraType": "Electric", "role": "AV Pivot", "bvs": {"hp": 125, "atk": 73, "def": 91, "spa": 137, "spd": 89, "spe": 75}, "stats": {"hp": 323, "atk": 118, "def": 187, "spa": 259, "spd": 184, "spe": 162}, "types": ["Electric", "Dragon"]}, "Ninetales": {"name": "Ninetales", "species": "Ninetales", "speciesId": "ninetales", "gender": "M", "shiny": false, "level": 85, "moves": ["nastyplot", "solarbeam", "fireblast", "scorchingsands"], "ability": "Drought", "evs": {"hp": 85, "atk": 0, "def": 85, "spa": 85, "spd": 85, "spe": 85}, "ivs": {"hp": 31, "atk": 0, "def": 31, "spa": 31, "spd": 31, "spe": 31}, "item": "Heavy-Duty Boots", "teraType": "Grass", "role": "Setup Sweeper", "bvs": {"hp": 73, "atk": 76, "def": 75, "spa": 81, "spd": 100, "spe": 100}, "stats": {"hp": 263, "atk": 134, "def": 176, "spa": 186, "spd": 219, "spe": 219}, "types": ["Fire"]}, "Corviknight": {"name": "Corviknight", "species": "Corviknight", "speciesId": "corviknight", "gender": "M", "shiny": false, "level": 80, "moves": ["defog", "roost", "bravebird", "uturn"], "ability": "Mirror Armor", "evs": {"hp": 85, "atk": 85, "def": 85, "spa": 85, "spd": 85, "spe": 85}, "ivs": {"hp": 31, "atk": 31, "def": 31, "spa": 31, "spd": 31, "spe": 31}, "item": "Leftovers", "teraType": "Dragon", "role": "Bulky Support", "bvs": {"hp": 98, "atk": 87, "def": 105, "spa": 53, "spd": 85, "spe": 67}, "stats": {"hp": 288, "atk": 185, "def": 214, "spa": 131, "spd": 182, "spe": 153}, "types": ["Flying", "Steel"]}}]}