{"id": "gen9randombattle-2642121250", "format": "[Gen 9] Random Battle", "players": ["Spgdd", "alex1w"], "log": "|j|\u2606Spgdd\n|j|\u2606alex1w\n|t:|1782894535\n|gametype|singles\n|player|p1|Spgdd|miku-grass|1435\n|player|p2|alex1w|sage|1458\n|gen|9\n|tier|[Gen 9] Random Battle\n|rated|\n|rule|Species Clause: Limit one of each Pok\u00e9mon\n|rule|HP Percentage Mod: HP is shown in percentages\n|rule|Sleep Clause Mod: Limit one foe put to sleep\n|rule|Illusion Level Mod: Illusion disguises the Pok\u00e9mon's true level\n|\n|t:|1782894535\n|teamsize|p1|6\n|teamsize|p2|6\n|start\n|switch|p1a: Flamigo|Flamigo, L82, F|269/269\n|switch|p2a: Slither Wing|Slither Wing, L81|270/270\n|turn|1\n|inactive|Battle timer is ON: inactive players will automatically lose when time's up. (requested by alex1w)\n|\n|t:|1782894548\n|-end|p2a: Slither Wing|Protosynthesis|[silent]\n|switch|p2a: Klawf|Klawf, L90, M|272/272\n|move|p1a: Flamigo|Brave Bird|p2a: Klawf\n|-resisted|p2a: Klawf\n|-damage|p2a: Klawf|215/272\n|-damage|p1a: Flamigo|250/269|[from] Recoil\n|\n|upkeep\n|turn|2\n|\n|t:|1782894558\n|switch|p1a: Palossand|Palossand, L89, M|296/296\n|move|p2a: Klawf|Stone Edge|p1a: Palossand\n|-resisted|p1a: Palossand\n|-damage|p1a: Palossand|242/296\n|\n|-heal|p1a: Palossand|260/296|[from] item: Leftovers\n|upkeep\n|turn|3\n|\n|t:|1782894569\n|move|p2a: Klawf|Knock Off|p1a: Palossand\n|-supereffective|p1a: Palossand\n|-damage|p1a: Palossand|134/296\n|-enditem|p1a: Palossand|Leftovers|[from] move: Knock Off|[of] p2a: Klawf\n|move|p1a: Palossand|Stealth Rock|p2a: Klawf\n|-sidestart|p2: alex1w|move: Stealth Rock\n|\n|upkeep\n|turn|4\n|\n|t:|1782894581\n|switch|p2a: Ambipom|Ambipom, L84, M|263/263\n|-damage|p2a: Ambipom|231/263|[from] Stealth Rock\n|move|p1a: Palossand|Shore Up|p1a: Palossand\n|-heal|p1a: Palossand|282/296\n|\n|upkeep\n|turn|5\n|\n|t:|1782894600\n|switch|p1a: Flamigo|Flamigo, L82, F|250/269\n|move|p2a: Ambipom|Triple Axel|p1a: Flamigo\n|-supereffective|p1a: Flamigo\n|-damage|p1a: Flamigo|170/269\n|-supereffective|p1a: Flamigo\n|-damage|p1a: Flamigo|12/269\n|-hitcount|p1a: Flamigo|2\n|\n|upkeep\n|turn|6\n|\n|t:|1782894610\n|move|p1a: Flamigo|Close Combat|p2a: Ambipom\n|-supereffective|p2a: Ambipom\n|-damage|p2a: Ambipom|0 fnt\n|-unboost|p1a: Flamigo|def|1\n|-unboost|p1a: Flamigo|spd|1\n|faint|p2a: Ambipom\n|\n|upkeep\n|\n|t:|1782894625\n|switch|p2a: Rabsca|Rabsca, L91, M|284/284\n|turn|7\n|\n|t:|1782894646\n|switch|p1a: Typhlosion|Typhlosion, L84, M|267/267\n|move|p2a: Rabsca|Psychic|p1a: Typhlosion\n|-damage|p1a: Typhlosion|134/267\n|\n|upkeep\n|turn|8\n|\n|t:|1782894669\n|switch|p2a: Glimmora|Glimmora, L75, F|248/248\n|move|p1a: Typhlosion|Eruption|p2a: Glimmora\n|-resisted|p2a: Glimmora\n|-damage|p2a: Glimmora|173/248\n|\n|upkeep\n|turn|9\n|\n|t:|1782894677\n|switch|p1a: Weezing|Weezing-Galar, L86, F|252/252\n|move|p2a: Glimmora|Mortal Spin|p1a: Weezing\n|-damage|p1a: Weezing|239/252\n|-sideend|p2: alex1w|Stealth Rock|[from] move: Mortal Spin|[of] p2a: Glimmora\n|\n|-heal|p1a: Weezing|252/252|[from] item: Leftovers\n|upkeep\n|turn|10\n|\n|t:|1782894690\n|move|p2a: Glimmora|Sludge Wave|p1a: Weezing\n|-damage|p1a: Weezing|134/252\n|move|p1a: Weezing|Will-O-Wisp|p2a: Glimmora\n|-status|p2a: Glimmora|brn\n|\n|-heal|p1a: Weezing|149/252|[from] item: Leftovers\n|-damage|p2a: Glimmora|158/248 brn|[from] brn\n|upkeep\n|turn|11\n|\n|t:|1782894699\n|move|p2a: Glimmora|Sludge Wave|p1a: Weezing\n|-damage|p1a: Weezing|20/252\n|move|p1a: Weezing|Pain Split|p2a: Glimmora\n|-sethp|p2a: Glimmora|89/248 brn|[from] move: Pain Split|[silent]\n|-sethp|p1a: Weezing|89/252|[from] move: Pain Split\n|\n|-heal|p1a: Weezing|104/252|[from] item: Leftovers\n|-damage|p2a: Glimmora|74/248 brn|[from] brn\n|upkeep\n|turn|12\n|\n|t:|1782894708\n|switch|p1a: Lucario|Lucario, L84, M|255/255\n|move|p2a: Glimmora|Sludge Wave|p1a: Lucario\n|-immune|p1a: Lucario\n|\n|-damage|p2a: Glimmora|59/248 brn|[from] brn\n|upkeep\n|turn|13\n|\n|t:|1782894718\n|move|p1a: Lucario|Meteor Mash|p2a: Glimmora\n|-supereffective|p2a: Glimmora\n|-damage|p2a: Glimmora|0 fnt\n|-boost|p1a: Lucario|atk|1\n|-activate|p2a: Glimmora|ability: Toxic Debris\n|-sidestart|p1: Spgdd|move: Toxic Spikes\n|faint|p2a: Glimmora\n|-damage|p1a: Lucario|230/255|[from] item: Life Orb\n|\n|upkeep\n|\n|t:|1782894723\n|switch|p2a: Slither Wing|Slither Wing, L81|270/270\n|turn|14\n|\n|t:|1782894734\n|move|p1a: Lucario|Meteor Mash|p2a: Slither Wing\n|-damage|p2a: Slither Wing|40/270\n|-damage|p1a: Lucario|205/255|[from] item: Life Orb\n|move|p2a: Slither Wing|Close Combat|p1a: Lucario\n|-supereffective|p1a: Lucario\n|-damage|p1a: Lucario|0 fnt\n|-unboost|p2a: Slither Wing|def|1\n|-unboost|p2a: Slither Wing|spd|1\n|faint|p1a: Lucario\n|\n|upkeep\n|\n|t:|1782894743\n|switch|p1a: Weezing|Weezing-Galar, L86, F|104/252\n|turn|15\n|\n|t:|1782894762\n|-end|p2a: Slither Wing|Protosynthesis|[silent]\n|switch|p2a: Duraludon|Duraludon, L82, F|249/249\n|move|p1a: Weezing|Strange Steam|p2a: Duraludon\n|-damage|p2a: Duraludon|159/249\n|\n|-heal|p1a: Weezing|119/252|[from] item: Leftovers\n|upkeep\n|turn|16\n|\n|t:|1782894772\n|move|p2a: Duraludon|Flash Cannon|p1a: Weezing\n|-supereffective|p1a: Weezing\n|-damage|p1a: Weezing|0 fnt\n|faint|p1a: Weezing\n|\n|upkeep\n|\n|t:|1782894778\n|switch|p1a: Typhlosion|Typhlosion, L84, M|134/267\n|-status|p1a: Typhlosion|psn\n|turn|17\n|\n|t:|1782894789\n|switch|p2a: Klawf|Klawf, L90, M|215/272\n|move|p1a: Typhlosion|Scorching Sands|p2a: Klawf\n|-supereffective|p2a: Klawf\n|-damage|p2a: Klawf|0 fnt\n|faint|p2a: Klawf\n|\n|-damage|p1a: Typhlosion|101/267 psn|[from] psn\n|upkeep\n|inactive|alex1w has 120 seconds left.\n|\n|t:|1782894817\n|switch|p2a: Slither Wing|Slither Wing, L81|40/270\n|turn|18\n|\n|t:|1782894821\n|move|p1a: Typhlosion|Scorching Sands|p2a: Slither Wing\n|-resisted|p2a: Slither Wing\n|-damage|p2a: Slither Wing|2/270\n|-status|p2a: Slither Wing|brn\n|move|p2a: Slither Wing|Earthquake|p1a: Typhlosion\n|-supereffective|p1a: Typhlosion\n|-damage|p1a: Typhlosion|0 fnt\n|faint|p1a: Typhlosion\n|\n|-damage|p2a: Slither Wing|0 fnt|[from] brn\n|faint|p2a: Slither Wing\n|-end|p2a: Slither Wing|Protosynthesis|[silent]\n|upkeep\n|\n|t:|1782894834\n|switch|p1a: Flamigo|Flamigo, L82, F|12/269\n|switch|p2a: Rabsca|Rabsca, L91, M|284/284\n|turn|19\n|\n|t:|1782894854\n|-terastallize|p2a: Rabsca|Steel\n|move|p1a: Flamigo|Throat Chop|p2a: Rabsca\n|-damage|p2a: Rabsca|228/284\n|-start|p2a: Rabsca|Throat Chop|[silent]\n|move|p2a: Rabsca|Revival Blessing|p2a: Rabsca\n|inactive|alex1w has 120 seconds left.\n|\n|t:|1782894881\n|-heal|p2: Ambipom|131/263|[from] move: Revival Blessing\n|\n|upkeep\n|turn|20\n|\n|t:|1782894892\n|switch|p1a: Palossand|Palossand, L89, M|282/296\n|-status|p1a: Palossand|psn\n|move|p2a: Rabsca|Psychic|p1a: Palossand\n|-damage|p1a: Palossand|143/296 psn\n|\n|-damage|p1a: Palossand|106/296 psn|[from] psn\n|-end|p2a: Rabsca|Throat Chop|[silent]\n|upkeep\n|turn|21\n|inactive|alex1w has 120 seconds left.\n|\n|t:|1782894911\n|move|p2a: Rabsca|Psychic|p1a: Palossand\n|-damage|p1a: Palossand|0 fnt\n|faint|p1a: Palossand\n|\n|upkeep\n|\n|t:|1782894917\n|switch|p1a: Sandslash|Sandslash, L89, F, shiny|278/278\n|-status|p1a: Sandslash|psn\n|turn|22\n|\n|t:|1782894927\n|-terastallize|p1a: Sandslash|Water\n|move|p1a: Sandslash|Earthquake|p2a: Rabsca\n|-supereffective|p2a: Rabsca\n|-damage|p2a: Rabsca|0 fnt\n|faint|p2a: Rabsca\n|\n|-damage|p1a: Sandslash|244/278 psn|[from] psn\n|upkeep\n|\n|t:|1782894934\n|switch|p2a: Ambipom|Ambipom, L84, M|131/263\n|turn|23\n|\n|t:|1782894942\n|move|p2a: Ambipom|Double-Edge|p1a: Sandslash\n|-damage|p1a: Sandslash|76/278 psn\n|-damage|p2a: Ambipom|76/263|[from] Recoil\n|move|p1a: Sandslash|Earthquake|p2a: Ambipom\n|-damage|p2a: Ambipom|0 fnt\n|faint|p2a: Ambipom\n|\n|-heal|p1a: Sandslash|93/278 psn|[from] item: Leftovers\n|-damage|p1a: Sandslash|59/278 psn|[from] psn\n|upkeep\n|\n|t:|1782894945\n|switch|p2a: Duraludon|Duraludon, L82, F|159/249\n|turn|24\n|\n|t:|1782894966\n|move|p2a: Duraludon|Stealth Rock|p1a: Sandslash\n|-sidestart|p1: Spgdd|move: Stealth Rock\n|move|p1a: Sandslash|Earthquake|p2a: Duraludon\n|-supereffective|p2a: Duraludon\n|-damage|p2a: Duraludon|27/249\n|\n|-heal|p1a: Sandslash|76/278 psn|[from] item: Leftovers\n|-damage|p1a: Sandslash|42/278 psn|[from] psn\n|upkeep\n|turn|25\n|\n|t:|1782894976\n|move|p2a: Duraludon|Body Press|p1a: Sandslash\n|-damage|p1a: Sandslash|0 fnt\n|faint|p1a: Sandslash\n|\n|upkeep\n|\n|t:|1782894980\n|switch|p1a: Flamigo|Flamigo, L82, F|12/269\n|-damage|p1a: Flamigo|0 fnt|[from] Stealth Rock\n|faint|p1a: Flamigo\n|\n|win|alex1w\n|raw|Spgdd's rating: 1435 &rarr; <strong>1416</strong><br />(-19 for losing)\n|raw|alex1w's rating: 1458 &rarr; <strong>1477</strong><br />(+19 for winning)\n", "inputlog": ">version f8ac14003a5f27e1bdc8d8c59608a773c1cb96e5\n>start {\"formatid\":\"gen9randombattle\",\"seed\":\"sodium,fb8f0cdbfc12a75b98433d84cbc0866c\",\"rated\":\"Rated battle\"}\n>player p1 {\"name\":\"Spgdd\",\"avatar\":\"miku-grass\",\"rating\":1435,\"seed\":\"sodium,64b4727c68fdf7a473118e9b57afd1fe\"}\n>player p2 {\"name\":\"alex1w\",\"avatar\":\"sage\",\"rating\":1458,\"seed\":\"sodium,7bc0f1886fd97c364193fcd011b64247\"}\n>p1 move bravebird\n>p2 switch 5\n>p1 switch 3\n>p2 move stoneedge\n>p1 move stealthrock\n>p2 move knockoff\n>p1 move shoreup\n>p2 switch 6\n>p1 switch 3\n>p2 move tripleaxel\n>p1 move closecombat\n>p2 move tripleaxel\n>p2 switch 3\n>p1 switch 2\n>p2 move psychic\n>p1 move eruption\n>p2 switch 4\n>p1 switch 5\n>p2 move mortalspin\n>p1 move willowisp\n>p2 move sludgewave\n>p1 move painsplit\n>p2 move sludgewave\n>p1 switch 6\n>p2 move sludgewave\n>p1 move meteormash\n>p2 move earthpower\n>p2 switch 5\n>p1 move meteormash\n>p2 move closecombat\n>p1 switch 6\n>p1 move strangesteam\n>p2 switch 2\n>p1 move painsplit\n>p2 move flashcannon\n>p1 switch 5\n>p1 move scorchingsands\n>p2 switch 6\n>p2 switch 2\n>p1 move scorchingsands\n>p2 move earthquake\n>p1 switch 2\n>p2 switch 4\n>p1 move throatchop\n>p2 move revivalblessing terastallize\n>p2 switch 3\n>p1 switch 3\n>p2 move psychic\n>p1 move earthpower\n>p2 move psychic\n>p1 switch 4\n>p1 move earthquake terastallize\n>p2 move psychic\n>p2 switch 3\n>p1 move earthquake\n>p2 move doubleedge\n>p2 switch 6\n>p1 move earthquake\n>p2 move stealthrock\n>p1 move earthquake\n>p2 move bodypress\n>p1 switch 3", "uploadtime": 1782894984, "views": 7, "formatid": "gen9randombattle", "rating": 1416, "private": 0, "password": null, "player_dets": [{"name": "Spgdd", "avatar": "miku-grass", "rating": 1435, "seed": "sodium,64b4727c68fdf7a473118e9b57afd1fe"}, {"name": "alex1w", "avatar": "sage", "rating": 1458, "seed": "sodium,7bc0f1886fd97c364193fcd011b64247"}], "teams_full": [{"Flamigo": {"name": "Flamigo", "species": "Flamigo", "speciesId": "flamigo", "gender": "F", "shiny": false, "level": 82, "moves": ["uturn", "bravebird", "closecombat", "throatchop"], "ability": "Scrappy", "evs": {"hp": 85, "atk": 85, "def": 85, "spa": 85, "spd": 85, "spe": 85}, "ivs": {"hp": 31, "atk": 31, "def": 31, "spa": 31, "spd": 31, "spe": 31}, "item": "Choice Scarf", "teraType": "Fighting", "role": "Fast Attacker", "bvs": {"hp": 82, "atk": 115, "def": 74, "spa": 75, "spd": 64, "spe": 90}, "stats": {"hp": 269, "atk": 236, "def": 169, "spa": 170, "spd": 152, "spe": 195}, "types": ["Flying", "Fighting"]}, "Typhlosion": {"name": "Typhlosion", "species": "Typhlosion", "speciesId": "typhlosion", "gender": "M", "shiny": false, "level": 84, "moves": ["focusblast", "fireblast", "scorchingsands", "eruption"], "ability": "Flash Fire", "evs": {"hp": 81, "atk": 0, "def": 85, "spa": 85, "spd": 85, "spe": 85}, "ivs": {"hp": 31, "atk": 0, "def": 31, "spa": 31, "spd": 31, "spe": 31}, "item": "Choice Specs", "teraType": "Fire", "role": "Fast Attacker", "bvs": {"hp": 78, "atk": 84, "def": 78, "spa": 109, "spd": 85, "spe": 100}, "stats": {"hp": 267, "atk": 146, "def": 179, "spa": 231, "spd": 191, "spe": 216}, "types": ["Fire"]}, "Palossand": {"name": "Palossand", "species": "Palossand", "speciesId": "palossand", "gender": "M", "shiny": false, "level": 89, "moves": ["shadowball", "earthpower", "shoreup", "stealthrock"], "ability": "Water Compaction", "evs": {"hp": 85, "atk": 0, "def": 85, "spa": 85, "spd": 85, "spe": 85}, "ivs": {"hp": 31, "atk": 0, "def": 31, "spa": 31, "spd": 31, "spe": 31}, "item": "Leftovers", "teraType": "Water", "role": "Bulky Support", "bvs": {"hp": 85, "atk": 75, "def": 110, "spa": 100, "spd": 75, "spe": 35}, "stats": {"hp": 296, "atk": 138, "def": 247, "spa": 229, "spd": 184, "spe": 113}, "types": ["Ghost", "Ground"]}, "Sandslash": {"name": "Sandslash", "species": "Sandslash", "speciesId": "sandslash", "gender": "F", "shiny": true, "level": 89, "moves": ["stoneedge", "rapidspin", "spikes", "earthquake"], "ability": "Sand Rush", "evs": {"hp": 85, "atk": 85, "def": 85, "spa": 85, "spd": 85, "spe": 85}, "ivs": {"hp": 31, "atk": 31, "def": 31, "spa": 31, "spd": 31, "spe": 31}, "item": "Leftovers", "teraType": "Water", "role": "Bulky Support", "bvs": {"hp": 75, "atk": 100, "def": 110, "spa": 45, "spd": 55, "spe": 65}, "stats": {"hp": 278, "atk": 229, "def": 247, "spa": 131, "spd": 149, "spe": 166}, "types": ["Ground"]}, "Weezing": {"name": "Weezing", "species": "Weezing-Galar", "speciesId": "weezinggalar", "gender": "F", "shiny": false, "level": 86, "moves": ["painsplit", "gunkshot", "willowisp", "strangesteam"], "ability": "Levitate", "evs": {"hp": 85, "atk": 85, "def": 85, "spa": 85, "spd": 85, "spe": 85}, "ivs": {"hp": 31, "atk": 31, "def": 31, "spa": 31, "spd": 31, "spe": 31}, "item": "Leftovers", "teraType": "Steel", "role": "Bulky Support", "bvs": {"hp": 65, "atk": 90, "def": 120, "spa": 85, "spd": 70, "spe": 60}, "stats": {"hp": 252, "atk": 204, "def": 256, "spa": 195, "spd": 170, "spe": 152}, "types": ["Poison", "Fairy"]}, "Lucario": {"name": "Lucario", "species": "Lucario", "speciesId": "lucario", "gender": "M", "shiny": false, "level": 84, "moves": ["swordsdance", "extremespeed", "meteormash", "closecombat"], "ability": "Justified", "evs": {"hp": 85, "atk": 85, "def": 85, "spa": 85, "spd": 85, "spe": 85}, "ivs": {"hp": 31, "atk": 31, "def": 31, "spa": 31, "spd": 31, "spe": 31}, "item": "Life Orb", "teraType": "Normal", "role": "Fast Attacker", "bvs": {"hp": 70, "atk": 110, "def": 70, "spa": 115, "spd": 70, "spe": 90}, "stats": {"hp": 255, "atk": 233, "def": 166, "spa": 241, "spd": 166, "spe": 199}, "types": ["Fighting", "Steel"]}}, {"Slither Wing": {"name": "Slither Wing", "species": "Slither Wing", "speciesId": "slitherwing", "gender": "N", "shiny": false, "level": 81, "moves": ["wildcharge", "flareblitz", "closecombat", "earthquake"], "ability": "Protosynthesis", "evs": {"hp": 85, "atk": 85, "def": 85, "spa": 85, "spd": 85, "spe": 85}, "ivs": {"hp": 31, "atk": 31, "def": 31, "spa": 31, "spd": 31, "spe": 31}, "item": "Choice Band", "teraType": "Electric", "role": "Fast Attacker", "bvs": {"hp": 85, "atk": 135, "def": 79, "spa": 85, "spd": 105, "spe": 81}, "stats": {"hp": 270, "atk": 265, "def": 175, "spa": 184, "spd": 217, "spe": 178}, "types": ["Bug", "Fighting"]}, "Duraludon": {"name": "Duraludon", "species": "Duraludon", "speciesId": "duraludon", "gender": "F", "shiny": false, "level": 82, "moves": ["bodypress", "stealthrock", "flashcannon", "dracometeor"], "ability": "Light Metal", "evs": {"hp": 85, "atk": 0, "def": 85, "spa": 85, "spd": 85, "spe": 85}, "ivs": {"hp": 31, "atk": 0, "def": 31, "spa": 31, "spd": 31, "spe": 31}, "item": "Eviolite", "teraType": "Fighting", "role": "Bulky Attacker", "bvs": {"hp": 70, "atk": 95, "def": 115, "spa": 120, "spd": 50, "spe": 85}, "stats": {"hp": 249, "atk": 160, "def": 236, "spa": 244, "spd": 129, "spe": 187}, "types": ["Steel", "Dragon"]}, "Rabsca": {"name": "Rabsca", "species": "Rabsca", "speciesId": "rabsca", "gender": "M", "shiny": false, "level": 91, "moves": ["psychic", "bugbuzz", "recover", "revivalblessing"], "ability": "Synchronize", "evs": {"hp": 85, "atk": 0, "def": 85, "spa": 85, "spd": 85, "spe": 85}, "ivs": {"hp": 31, "atk": 0, "def": 31, "spa": 31, "spd": 31, "spe": 31}, "item": "Heavy-Duty Boots", "teraType": "Steel", "role": "Wallbreaker", "bvs": {"hp": 75, "atk": 50, "def": 85, "spa": 115, "spd": 100, "spe": 45}, "stats": {"hp": 284, "atk": 96, "def": 207, "spa": 261, "spd": 234, "spe": 134}, "types": ["Bug", "Psychic"]}, "Glimmora": {"name": "Glimmora", "species": "Glimmora", "speciesId": "glimmora", "gender": "F", "shiny": false, "level": 75, "moves": ["sludgewave", "mortalspin", "earthpower", "spikes"], "ability": "Toxic Debris", "evs": {"hp": 85, "atk": 85, "def": 85, "spa": 85, "spd": 85, "spe": 85}, "ivs": {"hp": 31, "atk": 31, "def": 31, "spa": 31, "spd": 31, "spe": 31}, "item": "Heavy-Duty Boots", "teraType": "Ground", "role": "Fast Support", "bvs": {"hp": 83, "atk": 55, "def": 90, "spa": 130, "spd": 81, "spe": 86}, "stats": {"hp": 248, "atk": 126, "def": 179, "spa": 239, "spd": 165, "spe": 173}, "types": ["Rock", "Poison"]}, "Klawf": {"name": "Klawf", "species": "Klawf", "speciesId": "klawf", "gender": "M", "shiny": false, "level": 90, "moves": ["stoneedge", "knockoff", "swordsdance", "highhorsepower"], "ability": "Anger Shell", "evs": {"hp": 85, "atk": 85, "def": 85, "spa": 85, "spd": 85, "spe": 85}, "ivs": {"hp": 31, "atk": 31, "def": 31, "spa": 31, "spd": 31, "spe": 31}, "item": "Lum Berry", "teraType": "Dark", "role": "Setup Sweeper", "bvs": {"hp": 70, "atk": 100, "def": 115, "spa": 35, "spd": 55, "spe": 75}, "stats": {"hp": 272, "atk": 231, "def": 258, "spa": 114, "spd": 150, "spe": 186}, "types": ["Rock"]}, "Ambipom": {"name": "Ambipom", "species": "Ambipom", "speciesId": "ambipom", "gender": "M", "shiny": false, "level": 84, "moves": ["uturn", "knockoff", "doubleedge", "tripleaxel"], "ability": "Technician", "evs": {"hp": 85, "atk": 85, "def": 85, "spa": 85, "spd": 85, "spe": 85}, "ivs": {"hp": 31, "atk": 31, "def": 31, "spa": 31, "spd": 31, "spe": 31}, "item": "Choice Band", "teraType": "Ice", "role": "Fast Attacker", "bvs": {"hp": 75, "atk": 100, "def": 66, "spa": 60, "spd": 66, "spe": 115}, "stats": {"hp": 263, "atk": 216, "def": 159, "spa": 149, "spd": 159, "spe": 241}, "types": ["Normal"]}}]}