{"id": "gen9randombattle-2642018254", "format": "[Gen 9] Random Battle", "players": ["johngalt149", "aofoxygen"], "log": "|j|\u2606johngalt149\n|j|\u203daofoxygen\n|t:|1782874082\n|gametype|singles\n|player|p1|johngalt149|fisherman-gen4|1980\n|player|p2|aofoxygen|169|2034\n|gen|9\n|tier|[Gen 9] Random Battle\n|rated|\n|rule|Species Clause: Limit one of each Pok\u00e9mon\n|rule|HP Percentage Mod: HP is shown in percentages\n|rule|Sleep Clause Mod: Limit one foe put to sleep\n|rule|Illusion Level Mod: Illusion disguises the Pok\u00e9mon's true level\n|\n|t:|1782874082\n|teamsize|p1|6\n|teamsize|p2|6\n|start\n|switch|p1a: Chandelure|Chandelure, L83, F|235/235\n|switch|p2a: Brambleghast|Brambleghast, L88, F|240/240\n|turn|1\n|\n|t:|1782874096\n|move|p1a: Chandelure|Shadow Ball|p2a: Brambleghast\n|-supereffective|p2a: Brambleghast\n|-damage|p2a: Brambleghast|0 fnt\n|faint|p2a: Brambleghast\n|\n|upkeep\n|\n|t:|1782874104\n|switch|p2a: Gallade|Gallade, L80, M|240/240\n|turn|2\n|\n|t:|1782874111\n|move|p1a: Chandelure|Shadow Ball|p2a: Gallade\n|-supereffective|p2a: Gallade\n|-damage|p2a: Gallade|30/240\n|-unboost|p2a: Gallade|spd|1\n|move|p2a: Gallade|Agility|p2a: Gallade\n|-boost|p2a: Gallade|spe|2\n|\n|upkeep\n|turn|3\n|\n|t:|1782874127\n|move|p2a: Gallade|Night Slash|p1a: Chandelure\n|-supereffective|p1a: Chandelure\n|-damage|p1a: Chandelure|1/235\n|-damage|p2a: Gallade|6/240|[from] item: Life Orb\n|move|p1a: Chandelure|Shadow Ball|p2a: Gallade\n|-supereffective|p2a: Gallade\n|-damage|p2a: Gallade|0 fnt\n|faint|p2a: Gallade\n|\n|upkeep\n|\n|t:|1782874137\n|switch|p2a: Magmortar|Magmortar, L88, M|275/275\n|turn|4\n|\n|t:|1782874143\n|move|p1a: Chandelure|Shadow Ball|p2a: Magmortar\n|-damage|p2a: Magmortar|166/275\n|-unboost|p2a: Magmortar|spd|1\n|move|p2a: Magmortar|Thunderbolt|p1a: Chandelure\n|-damage|p1a: Chandelure|0 fnt\n|faint|p1a: Chandelure\n|\n|upkeep\n|\n|t:|1782874151\n|switch|p1a: Cramorant|Cramorant, L86, F|261/261\n|turn|5\n|\n|t:|1782874167\n|switch|p1a: Wigglytuff|Wigglytuff, L96, F|424/424\n|move|p2a: Magmortar|Thunderbolt|p1a: Wigglytuff\n|-damage|p1a: Wigglytuff|320/424\n|\n|-heal|p1a: Wigglytuff|346/424|[from] item: Leftovers\n|upkeep\n|turn|6\n|\n|t:|1782874171\n|move|p2a: Magmortar|Taunt|p1a: Wigglytuff\n|-start|p1a: Wigglytuff|move: Taunt\n|cant|p1a: Wigglytuff|move: Taunt|Wish\n|\n|-heal|p1a: Wigglytuff|372/424|[from] item: Leftovers\n|upkeep\n|turn|7\n|\n|t:|1782874177\n|move|p2a: Magmortar|Fire Blast|p1a: Wigglytuff|[miss]\n|-miss|p2a: Magmortar|p1a: Wigglytuff\n|move|p1a: Wigglytuff|Fire Blast|p2a: Magmortar\n|-resisted|p2a: Magmortar\n|-damage|p2a: Magmortar|108/275\n|\n|-heal|p1a: Wigglytuff|398/424|[from] item: Leftovers\n|upkeep\n|turn|8\n|\n|t:|1782874180\n|move|p2a: Magmortar|Fire Blast|p1a: Wigglytuff\n|-damage|p1a: Wigglytuff|203/424\n|move|p1a: Wigglytuff|Alluring Voice|p2a: Magmortar\n|-resisted|p2a: Magmortar\n|-damage|p2a: Magmortar|42/275\n|\n|-heal|p1a: Wigglytuff|229/424|[from] item: Leftovers\n|-end|p1a: Wigglytuff|move: Taunt\n|upkeep\n|turn|9\n|\n|t:|1782874186\n|move|p1a: Wigglytuff|Protect|p1a: Wigglytuff\n|-singleturn|p1a: Wigglytuff|Protect\n|move|p2a: Magmortar|Fire Blast|p1a: Wigglytuff\n|-activate|p1a: Wigglytuff|move: Protect\n|\n|-heal|p1a: Wigglytuff|255/424|[from] item: Leftovers\n|upkeep\n|turn|10\n|\n|t:|1782874193\n|move|p2a: Magmortar|Taunt|p1a: Wigglytuff\n|-start|p1a: Wigglytuff|move: Taunt\n|move|p1a: Wigglytuff|Alluring Voice|p2a: Magmortar\n|-resisted|p2a: Magmortar\n|-damage|p2a: Magmortar|0 fnt\n|faint|p2a: Magmortar\n|\n|-heal|p1a: Wigglytuff|281/424|[from] item: Leftovers\n|upkeep\n|\n|t:|1782874199\n|switch|p2a: Stonjourner|Stonjourner, L91, F|330/330\n|turn|11\n|\n|t:|1782874205\n|move|p2a: Stonjourner|Stone Edge|p1a: Wigglytuff|[miss]\n|-miss|p2a: Stonjourner|p1a: Wigglytuff\n|move|p1a: Wigglytuff|Alluring Voice|p2a: Stonjourner\n|-damage|p2a: Stonjourner|105/330\n|\n|-heal|p1a: Wigglytuff|307/424|[from] item: Leftovers\n|upkeep\n|turn|12\n|\n|t:|1782874209\n|move|p2a: Stonjourner|Stone Edge|p1a: Wigglytuff\n|-damage|p1a: Wigglytuff|48/424\n|-damage|p2a: Stonjourner|72/330|[from] item: Life Orb\n|move|p1a: Wigglytuff|Alluring Voice|p2a: Stonjourner\n|-damage|p2a: Stonjourner|0 fnt\n|faint|p2a: Stonjourner\n|\n|-heal|p1a: Wigglytuff|74/424|[from] item: Leftovers\n|-end|p1a: Wigglytuff|move: Taunt\n|upkeep\n|\n|t:|1782874223\n|switch|p2a: Lunala|Lunala, L70|308/308\n|turn|13\n|\n|t:|1782874228\n|move|p2a: Lunala|Moonblast|p1a: Wigglytuff\n|-damage|p1a: Wigglytuff|0 fnt\n|faint|p1a: Wigglytuff\n|\n|upkeep\n|\n|t:|1782874232\n|switch|p1a: Tinkaton|Tinkaton, L82, F|274/274\n|-ability|p1a: Tinkaton|Mold Breaker\n|turn|14\n|\n|t:|1782874238\n|switch|p2a: Reshiram|Reshiram, L76|277/277\n|-ability|p2a: Reshiram|Turboblaze\n|move|p1a: Tinkaton|Encore||[still]\n|-fail|p1a: Tinkaton\n|\n|upkeep\n|turn|15\n|\n|t:|1782874245\n|switch|p1a: Cramorant|Cramorant, L86, F|261/261\n|move|p2a: Reshiram|Dragon Dance|p2a: Reshiram\n|-boost|p2a: Reshiram|atk|1\n|-boost|p2a: Reshiram|spe|1\n|\n|upkeep\n|turn|16\n|\n|t:|1782874250\n|move|p2a: Reshiram|Dragon Dance|p2a: Reshiram\n|-boost|p2a: Reshiram|atk|1\n|-boost|p2a: Reshiram|spe|1\n|move|p1a: Cramorant|Surf|p2a: Reshiram\n|-formechange|p1a: Cramorant|Cramorant-Gulping|\n|-damage|p2a: Reshiram|205/277\n|\n|upkeep\n|turn|17\n|\n|t:|1782874260\n|move|p2a: Reshiram|Stone Edge|p1a: Cramorant\n|-supereffective|p1a: Cramorant\n|-damage|p1a: Cramorant|0 fnt\n|-damage|p2a: Reshiram|136/277|[from] ability: Gulp Missile|[of] p1a: Cramorant\n|-unboost|p2a: Reshiram|def|1\n|-formechange|p1a: Cramorant|Cramorant|\n|faint|p1a: Cramorant\n|\n|upkeep\n|\n|t:|1782874267\n|switch|p1a: Koraidon|Koraidon, L64|235/235\n|-weather|SunnyDay|[from] ability: Orichalcum Pulse|[of] p1a: Koraidon\n|-activate|p1a: Koraidon|Orichalcum Pulse|[source]\n|turn|18\n|\n|t:|1782874275\n|move|p2a: Reshiram|Outrage|p1a: Koraidon\n|-supereffective|p1a: Koraidon\n|-damage|p1a: Koraidon|0 fnt\n|faint|p1a: Koraidon\n|\n|-weather|SunnyDay|[upkeep]\n|upkeep\n|\n|t:|1782874277\n|switch|p1a: Tinkaton|Tinkaton, L82, F|274/274\n|-ability|p1a: Tinkaton|Mold Breaker\n|turn|19\n|\n|t:|1782874284\n|move|p2a: Reshiram|Outrage|p1a: Tinkaton|[from] lockedmove\n|-immune|p1a: Tinkaton\n|move|p1a: Tinkaton|Play Rough|p2a: Reshiram|[miss]\n|-miss|p1a: Tinkaton|p2a: Reshiram\n|\n|-weather|SunnyDay|[upkeep]\n|upkeep\n|turn|20\n|\n|t:|1782874295\n|-terastallize|p1a: Tinkaton|Water\n|move|p2a: Reshiram|Flare Blitz|p1a: Tinkaton\n|-resisted|p1a: Tinkaton\n|-damage|p1a: Tinkaton|68/274\n|-damage|p2a: Reshiram|68/277|[from] Recoil\n|move|p1a: Tinkaton|Encore|p2a: Reshiram\n|-start|p2a: Reshiram|Encore\n|\n|-weather|SunnyDay|[upkeep]\n|-heal|p1a: Tinkaton|85/274|[from] item: Leftovers\n|upkeep\n|turn|21\n|\n|t:|1782874300\n|move|p2a: Reshiram|Flare Blitz|p1a: Tinkaton\n|-resisted|p1a: Tinkaton\n|-damage|p1a: Tinkaton|0 fnt\n|faint|p1a: Tinkaton\n|-damage|p2a: Reshiram|40/277|[from] Recoil\n|\n|-weather|SunnyDay|[upkeep]\n|upkeep\n|\n|t:|1782874305\n|switch|p1a: Spidops|Spidops, L96, F|271/271\n|turn|22\n|\n|t:|1782874310\n|move|p2a: Reshiram|Flare Blitz|p1a: Spidops\n|-supereffective|p1a: Spidops\n|-damage|p1a: Spidops|0 fnt\n|faint|p1a: Spidops\n|-damage|p2a: Reshiram|0 fnt|[from] Recoil\n|faint|p2a: Reshiram\n|\n|win|aofoxygen\n|raw|johngalt149's rating: 1980 &rarr; <strong>1963</strong><br />(-17 for losing)\n|raw|aofoxygen's rating: 2034 &rarr; <strong>2051</strong><br />(+17 for winning)\n", "inputlog": ">version f8ac14003a5f27e1bdc8d8c59608a773c1cb96e5\n>start {\"formatid\":\"gen9randombattle\",\"seed\":\"sodium,8d09e8bb026c37f46425196c84a73419\",\"rated\":\"Rated battle\"}\n>player p1 {\"name\":\"johngalt149\",\"avatar\":\"fisherman-gen4\",\"rating\":1980,\"seed\":\"sodium,14eddb752ea389d5c57813ed842b0203\"}\n>player p2 {\"name\":\"aofoxygen\",\"avatar\":\"169\",\"rating\":2034,\"seed\":\"sodium,99c90957e7d7c8b84d222e107a84f44a\"}\n>p1 move shadowball\n>p2 move poltergeist\n>p2 switch 2\n>p1 move shadowball\n>p2 move agility\n>p1 move shadowball\n>p2 move nightslash\n>p2 switch 5\n>p1 move shadowball\n>p2 move thunderbolt\n>p1 switch 6\n>p1 switch 2\n>p2 move thunderbolt\n>p1 move wish\n>p2 move taunt\n>p1 move fireblast\n>p2 move fireblast\n>p1 move alluringvoice\n>p2 move fireblast\n>p1 move protect\n>p2 move fireblast\n>p1 move alluringvoice\n>p2 move taunt\n>p2 switch 6\n>p1 move alluringvoice\n>p2 move stoneedge\n>p1 move alluringvoice\n>p2 move stoneedge\n>p2 switch 3\n>p1 move alluringvoice\n>p2 move moonblast\n>p1 switch 4\n>p1 move encore\n>p2 switch 4\n>p1 switch 2\n>p2 move dragondance\n>p1 move surf\n>p2 move dragondance\n>p1 move surf\n>p2 move stoneedge\n>p1 switch 3\n>p1 move closecombat\n>p2 move outrage\n>p1 switch 2\n>p1 move playrough\n>p2 move outrage\n>p1 move encore terastallize\n>p2 move flareblitz\n>p1 move playrough\n>p2 move flareblitz\n>p1 switch 5\n>p1 move knockoff\n>p2 move flareblitz", "uploadtime": 1782874311, "views": 3, "formatid": "gen9randombattle", "rating": 1963, "private": 0, "password": null, "player_dets": [{"name": "johngalt149", "avatar": "fisherman-gen4", "rating": 1980, "seed": "sodium,14eddb752ea389d5c57813ed842b0203"}, {"name": "aofoxygen", "avatar": "169", "rating": 2034, "seed": "sodium,99c90957e7d7c8b84d222e107a84f44a"}], "teams_full": [{"Chandelure": {"name": "Chandelure", "species": "Chandelure", "speciesId": "chandelure", "gender": "F", "shiny": false, "level": 83, "moves": ["shadowball", "energyball", "fireblast", "trick"], "ability": "Flash Fire", "evs": {"hp": 85, "atk": 0, "def": 85, "spa": 85, "spd": 85, "spe": 85}, "ivs": {"hp": 31, "atk": 0, "def": 31, "spa": 31, "spd": 31, "spe": 31}, "item": "Choice Scarf", "teraType": "Grass", "role": "Fast Attacker", "bvs": {"hp": 60, "atk": 55, "def": 90, "spa": 145, "spd": 90, "spe": 80}, "stats": {"hp": 235, "atk": 96, "def": 197, "spa": 288, "spd": 197, "spe": 180}, "types": ["Ghost", "Fire"]}, "Wigglytuff": {"name": "Wigglytuff", "species": "Wigglytuff", "speciesId": "wigglytuff", "gender": "F", "shiny": false, "level": 96, "moves": ["protect", "fireblast", "wish", "alluringvoice"], "ability": "Competitive", "evs": {"hp": 85, "atk": 0, "def": 85, "spa": 85, "spd": 85, "spe": 85}, "ivs": {"hp": 31, "atk": 0, "def": 31, "spa": 31, "spd": 31, "spe": 31}, "item": "Leftovers", "teraType": "Steel", "role": "Bulky Support", "bvs": {"hp": 140, "atk": 70, "def": 45, "spa": 85, "spd": 50, "spe": 45}, "stats": {"hp": 424, "atk": 139, "def": 141, "spa": 218, "spd": 150, "spe": 141}, "types": ["Normal", "Fairy"]}, "Koraidon": {"name": "Koraidon", "species": "Koraidon", "speciesId": "koraidon", "gender": "N", "shiny": false, "level": 64, "moves": ["outrage", "uturn", "flareblitz", "closecombat"], "ability": "Orichalcum Pulse", "evs": {"hp": 85, "atk": 85, "def": 85, "spa": 85, "spd": 85, "spe": 85}, "ivs": {"hp": 31, "atk": 31, "def": 31, "spa": 31, "spd": 31, "spe": 31}, "item": "Choice Band", "teraType": "Fire", "role": "Fast Attacker", "bvs": {"hp": 100, "atk": 135, "def": 115, "spa": 85, "spd": 100, "spe": 135}, "stats": {"hp": 235, "atk": 211, "def": 185, "spa": 147, "spd": 166, "spe": 211}, "types": ["Fighting", "Dragon"]}, "Tinkaton": {"name": "Tinkaton", "species": "Tinkaton", "speciesId": "tinkaton", "gender": "F", "shiny": false, "level": 82, "moves": ["playrough", "knockoff", "encore", "gigatonhammer"], "ability": "Mold Breaker", "evs": {"hp": 85, "atk": 85, "def": 85, "spa": 85, "spd": 85, "spe": 85}, "ivs": {"hp": 31, "atk": 31, "def": 31, "spa": 31, "spd": 31, "spe": 31}, "item": "Leftovers", "teraType": "Water", "role": "Bulky Attacker", "bvs": {"hp": 85, "atk": 75, "def": 77, "spa": 70, "spd": 105, "spe": 94}, "stats": {"hp": 274, "atk": 170, "def": 173, "spa": 162, "spd": 219, "spe": 201}, "types": ["Fairy", "Steel"]}, "Spidops": {"name": "Spidops", "species": "Spidops", "speciesId": "spidops", "gender": "F", "shiny": false, "level": 96, "moves": ["knockoff", "spikes", "stickyweb", "circlethrow"], "ability": "Stakeout", "evs": {"hp": 85, "atk": 85, "def": 85, "spa": 85, "spd": 85, "spe": 85}, "ivs": {"hp": 31, "atk": 31, "def": 31, "spa": 31, "spd": 31, "spe": 31}, "item": "Heavy-Duty Boots", "teraType": "Ghost", "role": "Bulky Support", "bvs": {"hp": 60, "atk": 79, "def": 92, "spa": 52, "spd": 86, "spe": 35}, "stats": {"hp": 271, "atk": 206, "def": 231, "spa": 154, "spd": 220, "spe": 122}, "types": ["Bug"]}, "Cramorant": {"name": "Cramorant", "species": "Cramorant", "speciesId": "cramorant", "gender": "F", "shiny": false, "level": 86, "moves": ["bravebird", "roost", "defog", "surf"], "ability": "Gulp Missile", "evs": {"hp": 85, "atk": 85, "def": 85, "spa": 85, "spd": 85, "spe": 85}, "ivs": {"hp": 31, "atk": 31, "def": 31, "spa": 31, "spd": 31, "spe": 31}, "item": "Heavy-Duty Boots", "teraType": "Ground", "role": "Bulky Support", "bvs": {"hp": 70, "atk": 85, "def": 55, "spa": 85, "spd": 95, "spe": 85}, "stats": {"hp": 261, "atk": 195, "def": 144, "spa": 195, "spd": 213, "spe": 195}, "types": ["Flying", "Water"]}}, {"Brambleghast": {"name": "Brambleghast", "species": "Brambleghast", "speciesId": "brambleghast", "gender": "F", "shiny": false, "level": 88, "moves": ["powerwhip", "strengthsap", "spikes", "poltergeist"], "ability": "Wind Rider", "evs": {"hp": 85, "atk": 85, "def": 85, "spa": 85, "spd": 85, "spe": 85}, "ivs": {"hp": 31, "atk": 31, "def": 31, "spa": 31, "spd": 31, "spe": 31}, "item": "Leftovers", "teraType": "Steel", "role": "Fast Support", "bvs": {"hp": 55, "atk": 115, "def": 70, "spa": 80, "spd": 70, "spe": 90}, "stats": {"hp": 240, "atk": 253, "def": 173, "spa": 191, "spd": 173, "spe": 209}, "types": ["Grass", "Ghost"]}, "Gallade": {"name": "Gallade", "species": "Gallade", "speciesId": "gallade", "gender": "M", "shiny": false, "level": 80, "moves": ["nightslash", "psychocut", "sacredsword", "agility"], "ability": "Sharpness", "evs": {"hp": 85, "atk": 85, "def": 85, "spa": 85, "spd": 85, "spe": 85}, "ivs": {"hp": 31, "atk": 31, "def": 31, "spa": 31, "spd": 31, "spe": 31}, "item": "Life Orb", "teraType": "Dark", "role": "Setup Sweeper", "bvs": {"hp": 68, "atk": 125, "def": 65, "spa": 65, "spd": 115, "spe": 80}, "stats": {"hp": 240, "atk": 246, "def": 150, "spa": 150, "spd": 230, "spe": 174}, "types": ["Psychic", "Fighting"]}, "Lunala": {"name": "Lunala", "species": "Lunala", "speciesId": "lunala", "gender": "N", "shiny": false, "level": 70, "moves": ["calmmind", "moongeistbeam", "moonblast", "moonlight"], "ability": "Shadow Shield", "evs": {"hp": 85, "atk": 0, "def": 85, "spa": 85, "spd": 85, "spe": 85}, "ivs": {"hp": 31, "atk": 0, "def": 31, "spa": 31, "spd": 31, "spe": 31}, "item": "Leftovers", "teraType": "Fairy", "role": "Bulky Setup", "bvs": {"hp": 137, "atk": 113, "def": 89, "spa": 137, "spd": 107, "spe": 97}, "stats": {"hp": 308, "atk": 163, "def": 166, "spa": 233, "spd": 191, "spe": 177}, "types": ["Psychic", "Ghost"]}, "Reshiram": {"name": "Reshiram", "species": "Reshiram", "speciesId": "reshiram", "gender": "N", "shiny": false, "level": 76, "moves": ["dragondance", "flareblitz", "stoneedge", "outrage"], "ability": "Turboblaze", "evs": {"hp": 85, "atk": 85, "def": 85, "spa": 85, "spd": 85, "spe": 85}, "ivs": {"hp": 31, "atk": 31, "def": 31, "spa": 31, "spd": 31, "spe": 31}, "item": "Heavy-Duty Boots", "teraType": "Dragon", "role": "Setup Sweeper", "bvs": {"hp": 100, "atk": 120, "def": 100, "spa": 150, "spd": 120, "spe": 90}, "stats": {"hp": 277, "atk": 226, "def": 196, "spa": 272, "spd": 226, "spe": 181}, "types": ["Dragon", "Fire"]}, "Magmortar": {"name": "Magmortar", "species": "Magmortar", "speciesId": "magmortar", "gender": "M", "shiny": false, "level": 88, "moves": ["focusblast", "taunt", "fireblast", "thunderbolt"], "ability": "Flame Body", "evs": {"hp": 85, "atk": 0, "def": 85, "spa": 85, "spd": 85, "spe": 85}, "ivs": {"hp": 31, "atk": 0, "def": 31, "spa": 31, "spd": 31, "spe": 31}, "item": "Heavy-Duty Boots", "teraType": "Electric", "role": "Wallbreaker", "bvs": {"hp": 75, "atk": 95, "def": 67, "spa": 125, "spd": 95, "spe": 83}, "stats": {"hp": 275, "atk": 172, "def": 168, "spa": 270, "spd": 217, "spe": 196}, "types": ["Fire"]}, "Stonjourner": {"name": "Stonjourner", "species": "Stonjourner", "speciesId": "stonjourner", "gender": "F", "shiny": false, "level": 91, "moves": ["stoneedge", "heatcrash", "rockpolish", "earthquake"], "ability": "Power Spot", "evs": {"hp": 85, "atk": 85, "def": 85, "spa": 85, "spd": 85, "spe": 85}, "ivs": {"hp": 31, "atk": 31, "def": 31, "spa": 31, "spd": 31, "spe": 31}, "item": "Life Orb", "teraType": "Ground", "role": "Fast Attacker", "bvs": {"hp": 100, "atk": 125, "def": 135, "spa": 20, "spd": 20, "spe": 70}, "stats": {"hp": 330, "atk": 279, "def": 298, "spa": 88, "spd": 88, "spe": 179}, "types": ["Rock"]}}]}