{"id": "gen9randombattle-2641937863", "format": "[Gen 9] Random Battle", "players": ["testbotcif", "twackos"], "log": "|j|\u2606testbotcif\n|j|\u2606twackos\n|t:|1782861705\n|gametype|singles\n|player|p1|testbotcif|1|1242\n|player|p2|twackos|101|1266\n|gen|9\n|tier|[Gen 9] Random Battle\n|rated|\n|rule|Species Clause: Limit one of each Pok\u00e9mon\n|rule|HP Percentage Mod: HP is shown in percentages\n|rule|Sleep Clause Mod: Limit one foe put to sleep\n|rule|Illusion Level Mod: Illusion disguises the Pok\u00e9mon's true level\n|\n|t:|1782861705\n|teamsize|p1|6\n|teamsize|p2|6\n|start\n|switch|p1a: Houndstone|Houndstone, L86, F|264/264\n|switch|p2a: Wo-Chien|Wo-Chien, L83|277/277\n|-ability|p2a: Wo-Chien|Tablets of Ruin\n|turn|1\n|inactive|Battle timer is ON: inactive players will automatically lose when time's up. (requested by testbotcif)\n|c|\u2606testbotcif|rlhf\n|\n|t:|1782861716\n|move|p1a: Houndstone|Play Rough|p2a: Wo-Chien\n|-supereffective|p2a: Wo-Chien\n|-damage|p2a: Wo-Chien|189/277\n|-unboost|p2a: Wo-Chien|atk|1\n|move|p2a: Wo-Chien|Knock Off|p1a: Houndstone\n|-supereffective|p1a: Houndstone\n|-damage|p1a: Houndstone|210/264\n|-enditem|p1a: Houndstone|Assault Vest|[from] move: Knock Off|[of] p2a: Wo-Chien\n|\n|-heal|p2a: Wo-Chien|206/277|[from] item: Leftovers\n|upkeep\n|turn|2\n|\n|t:|1782861728\n|move|p1a: Houndstone|Play Rough|p2a: Wo-Chien\n|-supereffective|p2a: Wo-Chien\n|-damage|p2a: Wo-Chien|102/277\n|move|p2a: Wo-Chien|Leech Seed|p1a: Houndstone\n|-start|p1a: Houndstone|move: Leech Seed\n|\n|-heal|p2a: Wo-Chien|119/277|[from] item: Leftovers\n|-damage|p1a: Houndstone|177/264|[from] Leech Seed|[of] p2a: Wo-Chien\n|-heal|p2a: Wo-Chien|152/277|[silent]\n|upkeep\n|turn|3\n|\n|t:|1782861738\n|move|p2a: Wo-Chien|Protect|p2a: Wo-Chien\n|-singleturn|p2a: Wo-Chien|Protect\n|move|p1a: Houndstone|Play Rough|p2a: Wo-Chien\n|-activate|p2a: Wo-Chien|move: Protect\n|\n|-heal|p2a: Wo-Chien|169/277|[from] item: Leftovers\n|-damage|p1a: Houndstone|144/264|[from] Leech Seed|[of] p2a: Wo-Chien\n|-heal|p2a: Wo-Chien|202/277|[silent]\n|upkeep\n|turn|4\n|\n|t:|1782861748\n|move|p1a: Houndstone|Play Rough|p2a: Wo-Chien\n|-supereffective|p2a: Wo-Chien\n|-damage|p2a: Wo-Chien|104/277\n|move|p2a: Wo-Chien|Giga Drain|p1a: Houndstone\n|-damage|p1a: Houndstone|75/264\n|-heal|p2a: Wo-Chien|139/277|[from] drain|[of] p1a: Houndstone\n|\n|-heal|p2a: Wo-Chien|156/277|[from] item: Leftovers\n|-damage|p1a: Houndstone|42/264|[from] Leech Seed|[of] p2a: Wo-Chien\n|-heal|p2a: Wo-Chien|189/277|[silent]\n|upkeep\n|turn|5\n|\n|t:|1782861761\n|move|p2a: Wo-Chien|Protect|p2a: Wo-Chien\n|-singleturn|p2a: Wo-Chien|Protect\n|move|p1a: Houndstone|Play Rough|p2a: Wo-Chien\n|-activate|p2a: Wo-Chien|move: Protect\n|\n|-heal|p2a: Wo-Chien|206/277|[from] item: Leftovers\n|-damage|p1a: Houndstone|9/264|[from] Leech Seed|[of] p2a: Wo-Chien\n|-heal|p2a: Wo-Chien|239/277|[silent]\n|upkeep\n|turn|6\n|\n|t:|1782861776\n|move|p1a: Houndstone|Play Rough|p2a: Wo-Chien\n|-supereffective|p2a: Wo-Chien\n|-damage|p2a: Wo-Chien|147/277\n|move|p2a: Wo-Chien|Giga Drain|p1a: Houndstone\n|-damage|p1a: Houndstone|0 fnt\n|-heal|p2a: Wo-Chien|152/277|[from] drain|[of] p1a: Houndstone\n|faint|p1a: Houndstone\n|\n|-heal|p2a: Wo-Chien|169/277|[from] item: Leftovers\n|upkeep\n|\n|t:|1782861776\n|switch|p1a: Flamigo|Flamigo, L82, M|269/269\n|turn|7\n|\n|t:|1782861804\n|switch|p2a: Espeon|Espeon, L84, F|246/246\n|move|p1a: Flamigo|Swords Dance|p1a: Flamigo\n|-boost|p1a: Flamigo|atk|2\n|\n|upkeep\n|turn|8\n|\n|t:|1782861811\n|-terastallize|p1a: Flamigo|Fighting\n|move|p2a: Espeon|Psychic|p1a: Flamigo\n|-supereffective|p1a: Flamigo\n|-damage|p1a: Flamigo|0 fnt\n|faint|p1a: Flamigo\n|-damage|p2a: Espeon|222/246|[from] item: Life Orb\n|\n|upkeep\n|\n|t:|1782861812\n|switch|p1a: Cetitan|Cetitan, L82, F|413/413\n|turn|9\n|\n|t:|1782861828\n|switch|p2a: Bisharp|Bisharp, L79, F|232/232\n|move|p1a: Cetitan|Icicle Crash|p2a: Bisharp\n|-resisted|p2a: Bisharp\n|-damage|p2a: Bisharp|183/232\n|\n|upkeep\n|turn|10\n|\n|t:|1782861836\n|move|p1a: Cetitan|Earthquake|p2a: Bisharp\n|-supereffective|p2a: Bisharp\n|-damage|p2a: Bisharp|66/232\n|-damage|p1a: Cetitan|372/413|[from] item: Life Orb\n|move|p2a: Bisharp|Stealth Rock|p1a: Cetitan\n|-sidestart|p1: testbotcif|move: Stealth Rock\n|\n|upkeep\n|turn|11\n|\n|t:|1782861855\n|move|p1a: Cetitan|Earthquake|p2a: Bisharp\n|-supereffective|p2a: Bisharp\n|-damage|p2a: Bisharp|0 fnt\n|faint|p2a: Bisharp\n|-damage|p1a: Cetitan|331/413|[from] item: Life Orb\n|\n|upkeep\n|inactive|twackos has 120 seconds left.\n|\n|t:|1782861870\n|switch|p2a: Zacian|Zacian-Crowned, L64|225/225\n|-ability|p2a: Zacian|Intrepid Sword|boost\n|-boost|p2a: Zacian|atk|1\n|turn|12\n|\n|t:|1782861879\n|move|p2a: Zacian|Behemoth Blade|p1a: Cetitan\n|-supereffective|p1a: Cetitan\n|-damage|p1a: Cetitan|0 fnt\n|faint|p1a: Cetitan\n|\n|upkeep\n|\n|t:|1782861879\n|switch|p1a: Pecharunt|Pecharunt, L77|262/262\n|-damage|p1a: Pecharunt|230/262|[from] Stealth Rock\n|turn|13\n|\n|t:|1782861892\n|-terastallize|p2a: Zacian|Fighting\n|move|p2a: Zacian|Swords Dance|p2a: Zacian\n|-boost|p2a: Zacian|atk|2\n|move|p1a: Pecharunt|Nasty Plot|p1a: Pecharunt\n|-boost|p1a: Pecharunt|spa|2\n|\n|-heal|p1a: Pecharunt|246/262|[from] item: Leftovers\n|upkeep\n|turn|14\n|\n|t:|1782861903\n|move|p2a: Zacian|Behemoth Blade|p1a: Pecharunt\n|-damage|p1a: Pecharunt|107/262\n|move|p1a: Pecharunt|Malignant Chain|p2a: Zacian\n|-damage|p2a: Zacian|48/225\n|-status|p2a: Zacian|tox\n|-start|p2a: Zacian|confusion|[from] ability: Poison Puppeteer|[of] p1a: Pecharunt\n|\n|-heal|p1a: Pecharunt|123/262|[from] item: Leftovers\n|-damage|p2a: Zacian|34/225 tox|[from] psn\n|upkeep\n|turn|15\n|\n|t:|1782861915\n|-activate|p2a: Zacian|confusion\n|-damage|p2a: Zacian|0 fnt|[from] confusion\n|faint|p2a: Zacian\n|move|p1a: Pecharunt|Recover|p1a: Pecharunt\n|-heal|p1a: Pecharunt|254/262\n|\n|-heal|p1a: Pecharunt|262/262|[from] item: Leftovers\n|upkeep\n|\n|t:|1782861925\n|switch|p2a: Thundurus|Thundurus, L80, M|258/258\n|turn|16\n|\n|t:|1782861929\n|move|p2a: Thundurus|Thunder Wave|p1a: Pecharunt\n|-status|p1a: Pecharunt|par\n|move|p1a: Pecharunt|Malignant Chain|p2a: Thundurus\n|-damage|p2a: Thundurus|71/258\n|\n|upkeep\n|turn|17\n|\n|t:|1782861948\n|move|p2a: Thundurus|Thunderbolt|p1a: Pecharunt\n|-damage|p1a: Pecharunt|139/262 par\n|move|p1a: Pecharunt|Malignant Chain|p2a: Thundurus\n|-damage|p2a: Thundurus|0 fnt\n|faint|p2a: Thundurus\n|\n|-heal|p1a: Pecharunt|155/262 par|[from] item: Leftovers\n|upkeep\n|\n|t:|1782861961\n|switch|p2a: Espeon|Espeon, L84, F|222/246\n|turn|18\n|\n|t:|1782861966\n|move|p2a: Espeon|Psychic|p1a: Pecharunt\n|-supereffective|p1a: Pecharunt\n|-damage|p1a: Pecharunt|0 fnt\n|faint|p1a: Pecharunt\n|-damage|p2a: Espeon|198/246|[from] item: Life Orb\n|\n|upkeep\n|\n|t:|1782861967\n|switch|p1a: Calyrex|Calyrex, L93|337/337\n|-ability|p1a: Calyrex|Unnerve\n|-damage|p1a: Calyrex|295/337|[from] Stealth Rock\n|turn|19\n|\n|t:|1782861979\n|move|p2a: Espeon|Shadow Ball|p1a: Calyrex\n|-supereffective|p1a: Calyrex\n|-damage|p1a: Calyrex|108/337\n|-damage|p2a: Espeon|174/246|[from] item: Life Orb\n|move|p1a: Calyrex|Calm Mind|p1a: Calyrex\n|-boost|p1a: Calyrex|spa|1\n|-boost|p1a: Calyrex|spd|1\n|\n|-heal|p1a: Calyrex|129/337|[from] item: Leftovers\n|upkeep\n|turn|20\n|\n|t:|1782861990\n|move|p2a: Espeon|Shadow Ball|p1a: Calyrex\n|-supereffective|p1a: Calyrex\n|-damage|p1a: Calyrex|15/337\n|-damage|p2a: Espeon|150/246|[from] item: Life Orb\n|move|p1a: Calyrex|Giga Drain|p2a: Espeon\n|-damage|p2a: Espeon|35/246\n|-heal|p1a: Calyrex|73/337|[from] drain|[of] p2a: Espeon\n|\n|-heal|p1a: Calyrex|94/337|[from] item: Leftovers\n|upkeep\n|turn|21\n|\n|t:|1782862001\n|move|p2a: Espeon|Shadow Ball|p1a: Calyrex\n|-supereffective|p1a: Calyrex\n|-damage|p1a: Calyrex|0 fnt\n|faint|p1a: Calyrex\n|-damage|p2a: Espeon|11/246|[from] item: Life Orb\n|\n|upkeep\n|\n|t:|1782862001\n|switch|p1a: Keldeo|Keldeo-Resolute, L79|273/273\n|-damage|p1a: Keldeo|256/273|[from] Stealth Rock\n|turn|22\n|\n|t:|1782862019\n|move|p2a: Espeon|Psychic|p1a: Keldeo\n|-supereffective|p1a: Keldeo\n|-damage|p1a: Keldeo|0 fnt\n|faint|p1a: Keldeo\n|-damage|p2a: Espeon|0 fnt|[from] item: Life Orb\n|faint|p2a: Espeon\n|\n|win|twackos\n|raw|testbotcif's rating: 1242 &rarr; <strong>1219</strong><br />(-23 for losing)\n|raw|twackos's rating: 1266 &rarr; <strong>1289</strong><br />(+23 for winning)\n", "inputlog": ">version f8ac14003a5f27e1bdc8d8c59608a773c1cb96e5\n>start {\"formatid\":\"gen9randombattle\",\"seed\":\"sodium,7092d6d295f681553d8717b7390d372d\",\"rated\":\"Rated battle\"}\n>player p1 {\"name\":\"testbotcif\",\"avatar\":\"1\",\"rating\":1242,\"seed\":\"sodium,a1c8feca2953d2d608a349e292cbe7e7\"}\n>player p2 {\"name\":\"twackos\",\"avatar\":\"101\",\"rating\":1266,\"seed\":\"sodium,9e2be3caddf9a0462e0e87d87b2c7571\"}\n>chat \u2606testbotcif|rlhf\n>p1 move playrough\n>p2 move knockoff\n>p1 move playrough\n>p2 move leechseed\n>p1 move playrough\n>p2 move protect\n>p1 move playrough\n>p2 move gigadrain\n>p1 move playrough\n>p2 move protect\n>p1 move playrough\n>p2 move gigadrain\n>p1 switch 2\n>p1 move swordsdance\n>p2 switch 4\n>p1 move bravebird terastallize\n>p2 move psychic\n>p1 switch 4\n>p1 move iciclecrash\n>p2 switch 3\n>p1 move earthquake\n>p2 move stealthrock\n>p1 move earthquake\n>p2 move ironhead\n>p2 switch 2\n>p1 move earthquake\n>p2 move behemothblade\n>p1 switch 5\n>p1 move nastyplot\n>p2 move swordsdance terastallize\n>p1 move malignantchain\n>p2 move behemothblade\n>p1 move recover\n>p2 move behemothblade\n>p2 switch 6\n>p1 move malignantchain\n>p2 move thunderwave\n>p1 move malignantchain\n>p2 move thunderbolt\n>p2 switch 3\n>p1 move shadowball\n>p2 move psychic\n>p1 switch 3\n>p1 move calmmind\n>p2 move shadowball\n>p1 move gigadrain\n>p2 move shadowball\n>p1 move gigadrain\n>p2 move shadowball\n>p1 switch 6\n>p1 move flipturn\n>p2 move psychic", "uploadtime": 1782862019, "views": 10, "formatid": "gen9randombattle", "rating": 1219, "private": 0, "password": null, "player_dets": [{"name": "testbotcif", "avatar": "1", "rating": 1242, "seed": "sodium,a1c8feca2953d2d608a349e292cbe7e7"}, {"name": "twackos", "avatar": "101", "rating": 1266, "seed": "sodium,9e2be3caddf9a0462e0e87d87b2c7571"}], "teams_full": [{"Houndstone": {"name": "Houndstone", "species": "Houndstone", "speciesId": "houndstone", "gender": "F", "shiny": false, "level": 86, "moves": ["playrough", "shadowsneak", "bodypress", "poltergeist"], "ability": "Fluffy", "evs": {"hp": 85, "atk": 85, "def": 85, "spa": 85, "spd": 85, "spe": 85}, "ivs": {"hp": 31, "atk": 31, "def": 31, "spa": 31, "spd": 31, "spe": 31}, "item": "Assault Vest", "teraType": "Fairy", "role": "AV Pivot", "bvs": {"hp": 72, "atk": 101, "def": 100, "spa": 50, "spd": 97, "spe": 68}, "stats": {"hp": 264, "atk": 223, "def": 221, "spa": 135, "spd": 216, "spe": 166}, "types": ["Ghost"]}, "Flamigo": {"name": "Flamigo", "species": "Flamigo", "speciesId": "flamigo", "gender": "M", "shiny": false, "level": 82, "moves": ["bravebird", "throatchop", "closecombat", "swordsdance"], "ability": "Scrappy", "evs": {"hp": 85, "atk": 85, "def": 85, "spa": 85, "spd": 85, "spe": 85}, "ivs": {"hp": 31, "atk": 31, "def": 31, "spa": 31, "spd": 31, "spe": 31}, "item": "Life Orb", "teraType": "Fighting", "role": "Setup Sweeper", "bvs": {"hp": 82, "atk": 115, "def": 74, "spa": 75, "spd": 64, "spe": 90}, "stats": {"hp": 269, "atk": 236, "def": 169, "spa": 170, "spd": 152, "spe": 195}, "types": ["Flying", "Fighting"]}, "Calyrex": {"name": "Calyrex", "species": "Calyrex", "speciesId": "calyrex", "gender": "N", "shiny": false, "level": 93, "moves": ["psyshock", "encore", "calmmind", "gigadrain"], "ability": "Unnerve", "evs": {"hp": 85, "atk": 0, "def": 85, "spa": 85, "spd": 85, "spe": 85}, "ivs": {"hp": 31, "atk": 0, "def": 31, "spa": 31, "spd": 31, "spe": 31}, "item": "Leftovers", "teraType": "Steel", "role": "Bulky Setup", "bvs": {"hp": 100, "atk": 80, "def": 80, "spa": 80, "spd": 80, "spe": 80}, "stats": {"hp": 337, "atk": 153, "def": 202, "spa": 202, "spd": 202, "spe": 202}, "types": ["Psychic", "Grass"]}, "Cetitan": {"name": "Cetitan", "species": "Cetitan", "speciesId": "cetitan", "gender": "F", "shiny": false, "level": 82, "moves": ["liquidation", "earthquake", "iciclecrash", "iceshard"], "ability": "Sheer Force", "evs": {"hp": 85, "atk": 85, "def": 85, "spa": 85, "spd": 85, "spe": 85}, "ivs": {"hp": 31, "atk": 31, "def": 31, "spa": 31, "spd": 31, "spe": 31}, "item": "Life Orb", "teraType": "Water", "role": "Wallbreaker", "bvs": {"hp": 170, "atk": 113, "def": 65, "spa": 45, "spd": 55, "spe": 73}, "stats": {"hp": 413, "atk": 232, "def": 154, "spa": 121, "spd": 137, "spe": 167}, "types": ["Ice"]}, "Pecharunt": {"name": "Pecharunt", "species": "Pecharunt", "speciesId": "pecharunt", "gender": "N", "shiny": false, "level": 77, "moves": ["nastyplot", "recover", "malignantchain", "shadowball"], "ability": "Poison Puppeteer", "evs": {"hp": 85, "atk": 0, "def": 85, "spa": 85, "spd": 85, "spe": 85}, "ivs": {"hp": 31, "atk": 0, "def": 31, "spa": 31, "spd": 31, "spe": 31}, "item": "Leftovers", "teraType": "Dark", "role": "Bulky Attacker", "bvs": {"hp": 88, "atk": 88, "def": 160, "spa": 88, "spd": 88, "spe": 88}, "stats": {"hp": 262, "atk": 140, "def": 291, "spa": 180, "spd": 180, "spe": 180}, "types": ["Poison", "Ghost"]}, "Keldeo": {"name": "Keldeo", "species": "Keldeo-Resolute", "speciesId": "keldeoresolute", "gender": "N", "shiny": false, "level": 79, "moves": ["flipturn", "airslash", "secretsword", "hydropump"], "ability": "Justified", "evs": {"hp": 85, "atk": 85, "def": 85, "spa": 85, "spd": 85, "spe": 85}, "ivs": {"hp": 31, "atk": 31, "def": 31, "spa": 31, "spd": 31, "spe": 31}, "item": "Choice Specs", "teraType": "Fighting", "role": "Fast Attacker", "bvs": {"hp": 91, "atk": 72, "def": 90, "spa": 129, "spd": 90, "spe": 108}, "stats": {"hp": 273, "atk": 159, "def": 188, "spa": 249, "spd": 188, "spe": 216}, "types": ["Water", "Fighting"]}}, {"Wo-Chien": {"name": "Wo-Chien", "species": "Wo-Chien", "speciesId": "wochien", "gender": "N", "shiny": false, "level": 83, "moves": ["knockoff", "gigadrain", "leechseed", "protect"], "ability": "Tablets of Ruin", "evs": {"hp": 85, "atk": 85, "def": 85, "spa": 85, "spd": 85, "spe": 85}, "ivs": {"hp": 31, "atk": 31, "def": 31, "spa": 31, "spd": 31, "spe": 31}, "item": "Leftovers", "teraType": "Poison", "role": "Bulky Support", "bvs": {"hp": 85, "atk": 85, "def": 100, "spa": 95, "spd": 135, "spe": 70}, "stats": {"hp": 277, "atk": 189, "def": 214, "spa": 205, "spd": 272, "spe": 164}, "types": ["Dark", "Grass"]}, "Zacian": {"name": "Zacian", "species": "Zacian", "speciesId": "zaciancrowned", "gender": "N", "shiny": false, "level": 64, "moves": ["playrough", "behemothblade", "swordsdance", "closecombat"], "ability": "Intrepid Sword", "evs": {"hp": 85, "atk": 85, "def": 85, "spa": 85, "spd": 85, "spe": 85}, "ivs": {"hp": 31, "atk": 31, "def": 31, "spa": 31, "spd": 31, "spe": 31}, "item": "Rusted Sword", "teraType": "Fighting", "role": "Setup Sweeper", "bvs": {"hp": 92, "atk": 150, "def": 115, "spa": 80, "spd": 115, "spe": 148}, "stats": {"hp": 225, "atk": 230, "def": 185, "spa": 140, "spd": 185, "spe": 227}, "types": ["Fairy", "Steel"]}, "Bisharp": {"name": "Bisharp", "species": "Bisharp", "speciesId": "bisharp", "gender": "F", "shiny": false, "level": 79, "moves": ["suckerpunch", "stealthrock", "throatchop", "ironhead"], "ability": "Defiant", "evs": {"hp": 85, "atk": 85, "def": 85, "spa": 85, "spd": 85, "spe": 85}, "ivs": {"hp": 31, "atk": 31, "def": 31, "spa": 31, "spd": 31, "spe": 31}, "item": "Eviolite", "teraType": "Ghost", "role": "Bulky Attacker", "bvs": {"hp": 65, "atk": 125, "def": 100, "spa": 60, "spd": 70, "spe": 70}, "stats": {"hp": 232, "atk": 243, "def": 204, "spa": 140, "spd": 156, "spe": 156}, "types": ["Dark", "Steel"]}, "Espeon": {"name": "Espeon", "species": "Espeon", "speciesId": "espeon", "gender": "F", "shiny": false, "level": 84, "moves": ["alluringvoice", "psychic", "calmmind", "shadowball"], "ability": "Magic Bounce", "evs": {"hp": 85, "atk": 0, "def": 85, "spa": 85, "spd": 85, "spe": 85}, "ivs": {"hp": 31, "atk": 0, "def": 31, "spa": 31, "spd": 31, "spe": 31}, "item": "Life Orb", "teraType": "Fairy", "role": "Fast Attacker", "bvs": {"hp": 65, "atk": 65, "def": 60, "spa": 130, "spd": 95, "spe": 110}, "stats": {"hp": 246, "atk": 114, "def": 149, "spa": 267, "spd": 208, "spe": 233}, "types": ["Psychic"]}, "Floatzel": {"name": "Floatzel", "species": "Floatzel", "speciesId": "floatzel", "gender": "F", "shiny": false, "level": 86, "moves": ["icespinner", "wavecrash", "crunch", "flipturn"], "ability": "Water Veil", "evs": {"hp": 85, "atk": 85, "def": 85, "spa": 85, "spd": 85, "spe": 85}, "ivs": {"hp": 31, "atk": 31, "def": 31, "spa": 31, "spd": 31, "spe": 31}, "item": "Choice Band", "teraType": "Water", "role": "Wallbreaker", "bvs": {"hp": 85, "atk": 105, "def": 55, "spa": 85, "spd": 50, "spe": 115}, "stats": {"hp": 286, "atk": 230, "def": 144, "spa": 195, "spd": 135, "spe": 247}, "types": ["Water"]}, "Thundurus": {"name": "Thundurus", "species": "Thundurus", "speciesId": "thundurus", "gender": "M", "shiny": false, "level": 80, "moves": ["focusblast", "thunderbolt", "acrobatics", "thunderwave"], "ability": "Prankster", "evs": {"hp": 85, "atk": 85, "def": 85, "spa": 85, "spd": 85, "spe": 85}, "ivs": {"hp": 31, "atk": 31, "def": 31, "spa": 31, "spd": 31, "spe": 31}, "item": "", "teraType": "Steel", "role": "Wallbreaker", "bvs": {"hp": 79, "atk": 115, "def": 70, "spa": 125, "spd": 80, "spe": 111}, "stats": {"hp": 258, "atk": 230, "def": 158, "spa": 246, "spd": 174, "spe": 224}, "types": ["Electric", "Flying"]}}]}