{"id": "gen9randombattle-2641868020", "format": "[Gen 9] Random Battle", "players": ["shutuphahak", "Bilomeu4"], "log": "|j|\u2606shutuphahak\n|j|\u2606Bilomeu4\n|t:|1782851528\n|gametype|singles\n|player|p1|shutuphahak|1|1393\n|player|p2|Bilomeu4|bruno|1378\n|gen|9\n|tier|[Gen 9] Random Battle\n|rated|\n|rule|Species Clause: Limit one of each Pok\u00e9mon\n|rule|HP Percentage Mod: HP is shown in percentages\n|rule|Sleep Clause Mod: Limit one foe put to sleep\n|rule|Illusion Level Mod: Illusion disguises the Pok\u00e9mon's true level\n|\n|t:|1782851528\n|teamsize|p1|6\n|teamsize|p2|6\n|start\n|switch|p1a: Infernape|Infernape, L82, M|259/259\n|switch|p2a: Chimecho|Chimecho, L93, F|290/290\n|turn|1\n|\n|t:|1782851556\n|move|p1a: Infernape|Knock Off|p2a: Chimecho\n|-supereffective|p2a: Chimecho\n|-damage|p2a: Chimecho|100/290\n|-enditem|p2a: Chimecho|Leftovers|[from] move: Knock Off|[of] p1a: Infernape\n|-damage|p1a: Infernape|234/259|[from] item: Life Orb\n|move|p2a: Chimecho|Psychic Noise|p1a: Infernape\n|-supereffective|p1a: Infernape\n|-damage|p1a: Infernape|4/259\n|-start|p1a: Infernape|move: Heal Block\n|\n|upkeep\n|turn|2\n|\n|t:|1782851567\n|move|p1a: Infernape|Knock Off|p2a: Chimecho\n|-supereffective|p2a: Chimecho\n|-damage|p2a: Chimecho|0 fnt\n|faint|p2a: Chimecho\n|-damage|p1a: Infernape|0 fnt|[from] item: Life Orb\n|faint|p1a: Infernape\n|\n|upkeep\n|inactive|Battle timer is ON: inactive players will automatically lose when time's up. (requested by Bilomeu4)\n|\n|t:|1782851605\n|switch|p1a: Coalossal|Coalossal, L89, M|341/341\n|switch|p2a: Amoonguss|Amoonguss, L82, M|321/321\n|turn|3\n|\n|t:|1782851616\n|move|p1a: Coalossal|Flamethrower|p2a: Amoonguss\n|-supereffective|p2a: Amoonguss\n|-damage|p2a: Amoonguss|127/321\n|move|p2a: Amoonguss|Toxic|p1a: Coalossal\n|-status|p1a: Coalossal|tox\n|\n|-damage|p1a: Coalossal|320/341 tox|[from] psn\n|upkeep\n|turn|4\n|\n|t:|1782851627\n|switch|p2a: Golem|Golem, L87, F|281/281\n|move|p1a: Coalossal|Will-O-Wisp|p2a: Golem\n|-status|p2a: Golem|brn\n|\n|-damage|p1a: Coalossal|278/341 tox|[from] psn\n|-damage|p2a: Golem|264/281 brn|[from] brn\n|upkeep\n|turn|5\n|\n|t:|1782851632\n|move|p2a: Golem|Stealth Rock|p1a: Coalossal\n|-sidestart|p1: shutuphahak|move: Stealth Rock\n|move|p1a: Coalossal|Spikes|p2a: Golem\n|-sidestart|p2: Bilomeu4|Spikes\n|\n|-damage|p1a: Coalossal|215/341 tox|[from] psn\n|-damage|p2a: Golem|247/281 brn|[from] brn\n|upkeep\n|turn|6\n|\n|t:|1782851637\n|move|p2a: Golem|Earthquake|p1a: Coalossal\n|-supereffective|p1a: Coalossal\n|-damage|p1a: Coalossal|17/341 tox\n|move|p1a: Coalossal|Spikes|p2a: Golem\n|-sidestart|p2: Bilomeu4|Spikes\n|\n|-damage|p1a: Coalossal|0 fnt|[from] psn\n|faint|p1a: Coalossal\n|-damage|p2a: Golem|230/281 brn|[from] brn\n|upkeep\n|\n|t:|1782851653\n|switch|p1a: Calyrex|Calyrex-Ice, L72|263/263\n|-ability|p1a: Calyrex|As One\n|-ability|p1a: Calyrex|Unnerve\n|turn|7\n|\n|t:|1782851661\n|move|p2a: Golem|Stone Edge|p1a: Calyrex\n|-supereffective|p1a: Calyrex\n|-damage|p1a: Calyrex|169/263\n|move|p1a: Calyrex|Trick Room|p1a: Calyrex\n|-fieldstart|move: Trick Room|[of] p1a: Calyrex\n|\n|-damage|p2a: Golem|213/281 brn|[from] brn\n|upkeep\n|turn|8\n|\n|t:|1782851667\n|move|p1a: Calyrex|Glacial Lance|p2a: Golem\n|-supereffective|p2a: Golem\n|-damage|p2a: Golem|15/281 brn\n|move|p2a: Golem|Explosion|p1a: Calyrex\n|-damage|p1a: Calyrex|89/263\n|faint|p2a: Golem\n|\n|upkeep\n|\n|t:|1782851678\n|switch|p2a: Amoonguss|Amoonguss, L82, M|234/321\n|-damage|p2a: Amoonguss|181/321|[from] Spikes\n|turn|9\n|\n|t:|1782851683\n|move|p1a: Calyrex|Glacial Lance|p2a: Amoonguss\n|-supereffective|p2a: Amoonguss\n|-crit|p2a: Amoonguss\n|-damage|p2a: Amoonguss|0 fnt\n|faint|p2a: Amoonguss\n|-ability|p1a: Calyrex|Chilling Neigh|boost\n|-boost|p1a: Calyrex|atk|1\n|\n|upkeep\n|\n|t:|1782851696\n|switch|p2a: Electivire|Electivire, L84, M|263/263\n|-damage|p2a: Electivire|220/263|[from] Spikes\n|turn|10\n|\n|t:|1782851702\n|move|p1a: Calyrex|High Horsepower|p2a: Electivire\n|-supereffective|p2a: Electivire\n|-damage|p2a: Electivire|0 fnt\n|faint|p2a: Electivire\n|-ability|p1a: Calyrex|Chilling Neigh|boost\n|-boost|p1a: Calyrex|atk|1\n|\n|upkeep\n|\n|t:|1782851710\n|switch|p2a: Krookodile|Krookodile, L79, M|280/280\n|-damage|p2a: Krookodile|234/280|[from] Spikes\n|-ability|p2a: Krookodile|Intimidate|boost\n|-unboost|p1a: Calyrex|atk|1\n|turn|11\n|\n|t:|1782851713\n|move|p1a: Calyrex|Glacial Lance|p2a: Krookodile\n|-supereffective|p2a: Krookodile\n|-crit|p2a: Krookodile\n|-damage|p2a: Krookodile|0 fnt\n|faint|p2a: Krookodile\n|-ability|p1a: Calyrex|Chilling Neigh|boost\n|-boost|p1a: Calyrex|atk|1\n|\n|-fieldend|move: Trick Room\n|upkeep\n|\n|t:|1782851716\n|switch|p2a: Espathra|Espathra, L80, F|283/283\n|-damage|p2a: Espathra|236/283|[from] Spikes\n|turn|12\n|\n|t:|1782851724\n|move|p2a: Espathra|Calm Mind|p2a: Espathra\n|-boost|p2a: Espathra|spa|1\n|-boost|p2a: Espathra|spd|1\n|move|p1a: Calyrex|Glacial Lance|p2a: Espathra\n|-damage|p2a: Espathra|0 fnt\n|faint|p2a: Espathra\n|\n|win|shutuphahak\n|raw|shutuphahak's rating: 1393 &rarr; <strong>1412</strong><br />(+19 for winning)\n|raw|Bilomeu4's rating: 1378 &rarr; <strong>1359</strong><br />(-19 for losing)\n|l|\u2606Bilomeu4\n|player|p2|\n", "inputlog": ">version f8ac14003a5f27e1bdc8d8c59608a773c1cb96e5\n>start {\"formatid\":\"gen9randombattle\",\"seed\":\"sodium,8ff239f3458b6ab88fbee824d8d81778\",\"rated\":\"Rated battle\"}\n>player p1 {\"name\":\"shutuphahak\",\"avatar\":\"1\",\"rating\":1393,\"seed\":\"sodium,96f9f481545ebfc646fedd37d1079abc\"}\n>player p2 {\"name\":\"Bilomeu4\",\"avatar\":\"bruno\",\"rating\":1378,\"seed\":\"sodium,178a702832858c8c6329828373493b07\"}\n>p1 move knockoff\n>p2 move psychicnoise\n>p1 move knockoff\n>p2 move recover\n>p1 switch 4\n>p2 switch 5\n>p1 move flamethrower\n>p2 move toxic\n>p1 move willowisp\n>p2 switch 2\n>p1 move spikes\n>p2 move stealthrock\n>p1 move spikes\n>p2 move earthquake\n>p1 switch 5\n>p1 move trickroom\n>p2 move stoneedge\n>p1 move glaciallance\n>p2 move explosion\n>p2 switch 2\n>p1 move glaciallance\n>p2 move spore\n>p2 switch 3\n>p1 move highhorsepower\n>p2 move knockoff\n>p2 switch 6\n>p1 move glaciallance\n>p2 move knockoff\n>p2 switch 4\n>p1 move glaciallance\n>p2 move calmmind", "uploadtime": 1782851737, "views": 5, "formatid": "gen9randombattle", "rating": 1359, "private": 0, "password": null, "player_dets": [{"name": "shutuphahak", "avatar": "1", "rating": 1393, "seed": "sodium,96f9f481545ebfc646fedd37d1079abc"}, {"name": "Bilomeu4", "avatar": "bruno", "rating": 1378, "seed": "sodium,178a702832858c8c6329828373493b07"}], "teams_full": [{"Infernape": {"name": "Infernape", "species": "Infernape", "speciesId": "infernape", "gender": "M", "shiny": false, "level": 82, "moves": ["machpunch", "overheat", "closecombat", "knockoff"], "ability": "Iron Fist", "evs": {"hp": 85, "atk": 85, "def": 85, "spa": 85, "spd": 85, "spe": 85}, "ivs": {"hp": 31, "atk": 31, "def": 31, "spa": 31, "spd": 31, "spe": 31}, "item": "Life Orb", "teraType": "Dark", "role": "Fast Attacker", "bvs": {"hp": 76, "atk": 104, "def": 71, "spa": 104, "spd": 71, "spe": 108}, "stats": {"hp": 259, "atk": 218, "def": 164, "spa": 218, "spd": 164, "spe": 224}, "types": ["Fire", "Fighting"]}, "Mandibuzz": {"name": "Mandibuzz", "species": "Mandibuzz", "speciesId": "mandibuzz", "gender": "F", "shiny": false, "level": 85, "moves": ["toxic", "roost", "foulplay", "defog"], "ability": "Overcoat", "evs": {"hp": 85, "atk": 0, "def": 85, "spa": 85, "spd": 85, "spe": 85}, "ivs": {"hp": 31, "atk": 0, "def": 31, "spa": 31, "spd": 31, "spe": 31}, "item": "Heavy-Duty Boots", "teraType": "Steel", "role": "Bulky Support", "bvs": {"hp": 110, "atk": 65, "def": 105, "spa": 55, "spd": 95, "spe": 80}, "stats": {"hp": 326, "atk": 115, "def": 227, "spa": 142, "spd": 210, "spe": 185}, "types": ["Dark", "Flying"]}, "Cyclizar": {"name": "Cyclizar", "species": "Cyclizar", "speciesId": "cyclizar", "gender": "M", "shiny": false, "level": 83, "moves": ["dracometeor", "taunt", "shedtail", "knockoff"], "ability": "Regenerator", "evs": {"hp": 85, "atk": 85, "def": 85, "spa": 85, "spd": 85, "spe": 85}, "ivs": {"hp": 31, "atk": 31, "def": 31, "spa": 31, "spd": 31, "spe": 31}, "item": "Heavy-Duty Boots", "teraType": "Ghost", "role": "Fast Support", "bvs": {"hp": 70, "atk": 95, "def": 65, "spa": 85, "spd": 65, "spe": 121}, "stats": {"hp": 252, "atk": 205, "def": 156, "spa": 189, "spd": 156, "spe": 249}, "types": ["Dragon", "Normal"]}, "Coalossal": {"name": "Coalossal", "species": "Coalossal", "speciesId": "coalossal", "gender": "M", "shiny": false, "level": 89, "moves": ["spikes", "stoneedge", "flamethrower", "willowisp"], "ability": "Flame Body", "evs": {"hp": 85, "atk": 85, "def": 85, "spa": 85, "spd": 85, "spe": 85}, "ivs": {"hp": 31, "atk": 31, "def": 31, "spa": 31, "spd": 31, "spe": 31}, "item": "Heavy-Duty Boots", "teraType": "Ghost", "role": "Bulky Support", "bvs": {"hp": 110, "atk": 80, "def": 120, "spa": 80, "spd": 90, "spe": 30}, "stats": {"hp": 341, "atk": 193, "def": 264, "spa": 193, "spd": 211, "spe": 104}, "types": ["Rock", "Fire"]}, "Calyrex": {"name": "Calyrex", "species": "Calyrex-Ice", "speciesId": "calyrexice", "gender": "N", "shiny": false, "level": 72, "moves": ["closecombat", "trickroom", "glaciallance", "highhorsepower"], "ability": "As One (Glastrier)", "evs": {"hp": 85, "atk": 85, "def": 85, "spa": 85, "spd": 85, "spe": 0}, "ivs": {"hp": 31, "atk": 31, "def": 31, "spa": 31, "spd": 31, "spe": 0}, "item": "Heavy-Duty Boots", "teraType": "Fighting", "role": "Wallbreaker", "bvs": {"hp": 100, "atk": 165, "def": 150, "spa": 85, "spd": 130, "spe": 50}, "stats": {"hp": 263, "atk": 280, "def": 258, "spa": 164, "spd": 229, "spe": 77}, "types": ["Psychic", "Ice"]}, "Girafarig": {"name": "Girafarig", "species": "Girafarig", "speciesId": "girafarig", "gender": "F", "shiny": false, "level": 89, "moves": ["nastyplot", "hypervoice", "thunderbolt", "psyshock"], "ability": "Sap Sipper", "evs": {"hp": 85, "atk": 0, "def": 85, "spa": 85, "spd": 85, "spe": 85}, "ivs": {"hp": 31, "atk": 0, "def": 31, "spa": 31, "spd": 31, "spe": 31}, "item": "Eviolite", "teraType": "Electric", "role": "Fast Bulky Setup", "bvs": {"hp": 70, "atk": 80, "def": 65, "spa": 90, "spd": 65, "spe": 85}, "stats": {"hp": 269, "atk": 147, "def": 166, "spa": 211, "spd": 166, "spe": 202}, "types": ["Normal", "Psychic"]}}, {"Chimecho": {"name": "Chimecho", "species": "Chimecho", "speciesId": "chimecho", "gender": "F", "shiny": false, "level": 93, "moves": ["calmmind", "dazzlinggleam", "recover", "psychicnoise"], "ability": "Levitate", "evs": {"hp": 85, "atk": 0, "def": 85, "spa": 85, "spd": 85, "spe": 85}, "ivs": {"hp": 31, "atk": 0, "def": 31, "spa": 31, "spd": 31, "spe": 31}, "item": "Leftovers", "teraType": "Poison", "role": "Bulky Setup", "bvs": {"hp": 75, "atk": 50, "def": 80, "spa": 95, "spd": 90, "spe": 65}, "stats": {"hp": 290, "atk": 98, "def": 202, "spa": 230, "spd": 220, "spe": 174}, "types": ["Psychic"]}, "Golem": {"name": "Golem", "species": "Golem", "speciesId": "golem", "gender": "F", "shiny": false, "level": 87, "moves": ["earthquake", "stealthrock", "explosion", "stoneedge"], "ability": "Sturdy", "evs": {"hp": 85, "atk": 85, "def": 85, "spa": 85, "spd": 85, "spe": 85}, "ivs": {"hp": 31, "atk": 31, "def": 31, "spa": 31, "spd": 31, "spe": 31}, "item": "Custap Berry", "teraType": "Ground", "role": "Bulky Attacker", "bvs": {"hp": 80, "atk": 120, "def": 130, "spa": 55, "spd": 65, "spe": 45}, "stats": {"hp": 281, "atk": 259, "def": 276, "spa": 145, "spd": 163, "spe": 128}, "types": ["Rock", "Ground"]}, "Electivire": {"name": "Electivire", "species": "Electivire", "speciesId": "electivire", "gender": "M", "shiny": false, "level": 84, "moves": ["voltswitch", "icepunch", "supercellslam", "knockoff"], "ability": "Motor Drive", "evs": {"hp": 85, "atk": 85, "def": 85, "spa": 85, "spd": 85, "spe": 85}, "ivs": {"hp": 31, "atk": 31, "def": 31, "spa": 31, "spd": 31, "spe": 31}, "item": "Life Orb", "teraType": "Flying", "role": "Fast Attacker", "bvs": {"hp": 75, "atk": 123, "def": 67, "spa": 95, "spd": 85, "spe": 95}, "stats": {"hp": 263, "atk": 255, "def": 161, "spa": 208, "spd": 191, "spe": 208}, "types": ["Electric"]}, "Espathra": {"name": "Espathra", "species": "Espathra", "speciesId": "espathra", "gender": "F", "shiny": false, "level": 80, "moves": ["storedpower", "dazzlinggleam", "calmmind", "substitute"], "ability": "Speed Boost", "evs": {"hp": 85, "atk": 0, "def": 85, "spa": 85, "spd": 85, "spe": 85}, "ivs": {"hp": 31, "atk": 0, "def": 31, "spa": 31, "spd": 31, "spe": 31}, "item": "Leftovers", "teraType": "Fairy", "role": "Fast Bulky Setup", "bvs": {"hp": 95, "atk": 60, "def": 60, "spa": 101, "spd": 60, "spe": 105}, "stats": {"hp": 283, "atk": 101, "def": 142, "spa": 208, "spd": 142, "spe": 214}, "types": ["Psychic"]}, "Amoonguss": {"name": "Amoonguss", "species": "Amoonguss", "speciesId": "amoonguss", "gender": "M", "shiny": false, "level": 82, "moves": ["sludgebomb", "spore", "toxic", "gigadrain"], "ability": "Regenerator", "evs": {"hp": 85, "atk": 0, "def": 85, "spa": 85, "spd": 85, "spe": 85}, "ivs": {"hp": 31, "atk": 0, "def": 31, "spa": 31, "spd": 31, "spe": 31}, "item": "Rocky Helmet", "teraType": "Steel", "role": "Bulky Support", "bvs": {"hp": 114, "atk": 85, "def": 70, "spa": 85, "spd": 80, "spe": 30}, "stats": {"hp": 321, "atk": 144, "def": 162, "spa": 187, "spd": 178, "spe": 96}, "types": ["Grass", "Poison"]}, "Krookodile": {"name": "Krookodile", "species": "Krookodile", "speciesId": "krookodile", "gender": "M", "shiny": false, "level": 79, "moves": ["knockoff", "earthquake", "stoneedge", "gunkshot"], "ability": "Intimidate", "evs": {"hp": 85, "atk": 85, "def": 85, "spa": 85, "spd": 85, "spe": 85}, "ivs": {"hp": 31, "atk": 31, "def": 31, "spa": 31, "spd": 31, "spe": 31}, "item": "Choice Band", "teraType": "Ground", "role": "Fast Attacker", "bvs": {"hp": 95, "atk": 117, "def": 80, "spa": 65, "spd": 70, "spe": 92}, "stats": {"hp": 280, "atk": 230, "def": 172, "spa": 148, "spd": 156, "spe": 191}, "types": ["Ground", "Dark"]}}]}