{"id": "gen9randombattle-2641886304", "format": "[Gen 9] Random Battle", "players": ["aci2nn", "yyyjjjj"], "log": "|j|\u2606aci2nn\n|j|\u2606yyyjjjj\n|t:|1782853846\n|gametype|singles\n|player|p1|aci2nn|265|1826\n|player|p2|yyyjjjj|102|1789\n|gen|9\n|tier|[Gen 9] Random Battle\n|rated|\n|rule|Species Clause: Limit one of each Pok\u00e9mon\n|rule|HP Percentage Mod: HP is shown in percentages\n|rule|Sleep Clause Mod: Limit one foe put to sleep\n|rule|Illusion Level Mod: Illusion disguises the Pok\u00e9mon's true level\n|\n|t:|1782853846\n|teamsize|p1|6\n|teamsize|p2|6\n|start\n|switch|p1a: Spidops|Spidops, L96, M|271/271\n|switch|p2a: Quaquaval|Quaquaval, L79, F|264/264\n|turn|1\n|inactive|Battle timer is ON: inactive players will automatically lose when time's up. (requested by aci2nn)\n|\n|t:|1782853859\n|move|p2a: Quaquaval|U-turn|p1a: Spidops\n|-damage|p1a: Spidops|206/271\n|\n|t:|1782853865\n|switch|p2a: Mudsdale|Mudsdale, L83, F|302/302|[from] U-turn\n|move|p1a: Spidops|Sticky Web|p2a: Mudsdale\n|-sidestart|p2: yyyjjjj|move: Sticky Web\n|\n|upkeep\n|turn|2\n|\n|t:|1782853876\n|move|p1a: Spidops|U-turn|p2a: Mudsdale\n|-damage|p2a: Mudsdale|232/302\n|-ability|p2a: Mudsdale|Stamina|boost\n|-boost|p2a: Mudsdale|def|1\n|\n|t:|1782853888\n|switch|p1a: Ditto|Ditto, L87|225/225|[from] U-turn\n|-transform|p1a: Ditto|p2a: Mudsdale|[from] ability: Imposter\n|move|p2a: Mudsdale|Stealth Rock|p1a: Ditto\n|-sidestart|p1: aci2nn|move: Stealth Rock\n|\n|-heal|p2a: Mudsdale|250/302|[from] item: Leftovers\n|upkeep\n|turn|3\n|\n|t:|1782853902\n|move|p1a: Ditto|Stealth Rock|p2a: Mudsdale\n|-sidestart|p2: yyyjjjj|move: Stealth Rock\n|move|p2a: Mudsdale|Earthquake|p1a: Ditto\n|-damage|p1a: Ditto|143/225\n|-ability|p1a: Ditto|Stamina|boost\n|-boost|p1a: Ditto|def|1\n|\n|-heal|p2a: Mudsdale|268/302|[from] item: Leftovers\n|upkeep\n|turn|4\n|\n|t:|1782853910\n|switch|p1a: Latios|Latios, L78, M|253/253\n|-damage|p1a: Latios|222/253|[from] Stealth Rock\n|move|p2a: Mudsdale|Stone Edge|p1a: Latios|[miss]\n|-miss|p2a: Mudsdale|p1a: Latios\n|\n|-heal|p2a: Mudsdale|286/302|[from] item: Leftovers\n|upkeep\n|turn|5\n|\n|t:|1782853918\n|move|p1a: Latios|Luster Purge|p2a: Mudsdale\n|-damage|p2a: Mudsdale|153/302\n|-ability|p2a: Mudsdale|Stamina|boost\n|-boost|p2a: Mudsdale|def|1\n|move|p2a: Mudsdale|Heavy Slam|p1a: Latios\n|-damage|p1a: Latios|101/253\n|\n|-heal|p2a: Mudsdale|171/302|[from] item: Leftovers\n|upkeep\n|turn|6\n|\n|t:|1782853926\n|move|p1a: Latios|Draco Meteor|p2a: Mudsdale\n|-damage|p2a: Mudsdale|0 fnt\n|-unboost|p1a: Latios|spa|2\n|faint|p2a: Mudsdale\n|\n|upkeep\n|\n|t:|1782853939\n|switch|p2a: Uxie|Uxie, L83|260/260\n|-damage|p2a: Uxie|228/260|[from] Stealth Rock\n|turn|7\n|\n|t:|1782853944\n|switch|p1a: Ampharos|Ampharos, L88, F|302/302\n|-damage|p1a: Ampharos|265/302|[from] Stealth Rock\n|move|p2a: Uxie|Knock Off|p1a: Ampharos\n|-damage|p1a: Ampharos|210/302\n|-enditem|p1a: Ampharos|Assault Vest|[from] move: Knock Off|[of] p2a: Uxie\n|\n|-heal|p2a: Uxie|244/260|[from] item: Leftovers\n|upkeep\n|turn|8\n|\n|t:|1782853955\n|move|p2a: Uxie|Yawn|p1a: Ampharos\n|-start|p1a: Ampharos|move: Yawn|[of] p2a: Uxie\n|move|p1a: Ampharos|Discharge|p2a: Uxie\n|-damage|p2a: Uxie|159/260\n|\n|-heal|p2a: Uxie|175/260|[from] item: Leftovers\n|upkeep\n|turn|9\n|\n|t:|1782853962\n|move|p2a: Uxie|Psychic Noise|p1a: Ampharos\n|-damage|p1a: Ampharos|153/302\n|-start|p1a: Ampharos|move: Heal Block\n|move|p1a: Ampharos|Discharge|p2a: Uxie\n|-damage|p2a: Uxie|102/260\n|\n|-heal|p2a: Uxie|118/260|[from] item: Leftovers\n|-end|p1a: Ampharos|move: Yawn|[silent]\n|-status|p1a: Ampharos|slp\n|upkeep\n|turn|10\n|\n|t:|1782853973\n|move|p2a: Uxie|Knock Off|p1a: Ampharos\n|-damage|p1a: Ampharos|117/302 slp\n|-status|p2a: Uxie|par|[from] ability: Static|[of] p1a: Ampharos\n|cant|p1a: Ampharos|slp\n|\n|-heal|p2a: Uxie|134/260 par|[from] item: Leftovers\n|-end|p1a: Ampharos|move: Heal Block\n|upkeep\n|turn|11\n|\n|t:|1782853986\n|cant|p1a: Ampharos|slp\n|cant|p2a: Uxie|par\n|\n|-heal|p2a: Uxie|150/260 par|[from] item: Leftovers\n|upkeep\n|turn|12\n|\n|t:|1782853991\n|-curestatus|p1a: Ampharos|slp|[msg]\n|move|p1a: Ampharos|Discharge|p2a: Uxie\n|-damage|p2a: Uxie|68/260 par\n|cant|p2a: Uxie|par\n|\n|-heal|p2a: Uxie|84/260 par|[from] item: Leftovers\n|upkeep\n|turn|13\n|\n|t:|1782854000\n|move|p1a: Ampharos|Discharge|p2a: Uxie\n|-damage|p2a: Uxie|3/260 par\n|move|p2a: Uxie|Psychic Noise|p1a: Ampharos\n|-crit|p1a: Ampharos\n|-damage|p1a: Ampharos|24/302\n|-start|p1a: Ampharos|move: Heal Block\n|\n|-heal|p2a: Uxie|19/260 par|[from] item: Leftovers\n|upkeep\n|turn|14\n|\n|t:|1782854009\n|move|p1a: Ampharos|Discharge|p2a: Uxie\n|-damage|p2a: Uxie|0 fnt\n|faint|p2a: Uxie\n|\n|-end|p1a: Ampharos|move: Heal Block\n|upkeep\n|\n|t:|1782854021\n|switch|p2a: Illumise|Illumise, L91, F|266/266\n|turn|15\n|\n|t:|1782854025\n|move|p2a: Illumise|Bug Buzz|p1a: Ampharos\n|-damage|p1a: Ampharos|0 fnt\n|faint|p1a: Ampharos\n|\n|upkeep\n|\n|t:|1782854037\n|switch|p1a: Spidops|Spidops, L96, M|206/271\n|turn|16\n|\n|t:|1782854049\n|move|p2a: Illumise|Thunder Wave|p1a: Spidops\n|-status|p1a: Spidops|par\n|move|p1a: Spidops|Knock Off|p2a: Illumise\n|-damage|p2a: Illumise|190/266\n|-enditem|p2a: Illumise|Heavy-Duty Boots|[from] move: Knock Off|[of] p1a: Spidops\n|\n|upkeep\n|turn|17\n|\n|t:|1782854056\n|move|p2a: Illumise|Bug Buzz|p1a: Spidops\n|-damage|p1a: Spidops|128/271 par\n|move|p1a: Spidops|Spikes|p2a: Illumise\n|-sidestart|p2: yyyjjjj|Spikes\n|\n|upkeep\n|turn|18\n|\n|t:|1782854061\n|move|p2a: Illumise|Bug Buzz|p1a: Spidops\n|-damage|p1a: Spidops|40/271 par\n|move|p1a: Spidops|Spikes|p2a: Illumise\n|-sidestart|p2: yyyjjjj|Spikes\n|\n|upkeep\n|turn|19\n|\n|t:|1782854066\n|move|p2a: Illumise|Bug Buzz|p1a: Spidops\n|-damage|p1a: Spidops|0 fnt\n|faint|p1a: Spidops\n|\n|upkeep\n|\n|t:|1782854082\n|switch|p1a: Spectrier|Spectrier, L75|274/274\n|-damage|p1a: Spectrier|240/274|[from] Stealth Rock\n|turn|20\n|\n|t:|1782854086\n|move|p1a: Spectrier|Shadow Ball|p2a: Illumise\n|-damage|p2a: Illumise|81/266\n|-damage|p1a: Spectrier|213/274|[from] item: Life Orb\n|move|p2a: Illumise|Bug Buzz|p1a: Spectrier\n|-resisted|p1a: Spectrier\n|-damage|p1a: Spectrier|160/274\n|-unboost|p1a: Spectrier|spd|1\n|\n|upkeep\n|turn|21\n|\n|t:|1782854094\n|move|p2a: Illumise|Roost|p2a: Illumise\n|-heal|p2a: Illumise|214/266\n|-singleturn|p2a: Illumise|move: Roost\n|move|p1a: Spectrier|Shadow Ball|p2a: Illumise\n|-damage|p2a: Illumise|105/266\n|-unboost|p2a: Illumise|spd|1\n|-damage|p1a: Spectrier|133/274|[from] item: Life Orb\n|\n|upkeep\n|turn|22\n|\n|t:|1782854106\n|move|p2a: Illumise|Thunder Wave|p1a: Spectrier\n|-status|p1a: Spectrier|par\n|move|p1a: Spectrier|Shadow Ball|p2a: Illumise\n|-damage|p2a: Illumise|0 fnt\n|faint|p2a: Illumise\n|-ability|p1a: Spectrier|Grim Neigh|boost\n|-boost|p1a: Spectrier|spa|1\n|-damage|p1a: Spectrier|106/274 par|[from] item: Life Orb\n|\n|upkeep\n|\n|t:|1782854121\n|switch|p2a: Quaquaval|Quaquaval, L79, F|264/264\n|-activate|p2a: Quaquaval|move: Sticky Web\n|-unboost|p2a: Quaquaval|spe|1\n|-damage|p2a: Quaquaval|248/264|[from] Stealth Rock\n|-damage|p2a: Quaquaval|204/264|[from] Spikes\n|turn|23\n|\n|t:|1782854129\n|move|p2a: Quaquaval|Aqua Step|p1a: Spectrier\n|-damage|p1a: Spectrier|0 fnt\n|-boost|p2a: Quaquaval|spe|1\n|faint|p1a: Spectrier\n|-ability|p2a: Quaquaval|Moxie|boost\n|-boost|p2a: Quaquaval|atk|1\n|\n|upkeep\n|\n|t:|1782854135\n|switch|p1a: Ditto|Ditto, L87|143/225\n|-damage|p1a: Ditto|115/225|[from] Stealth Rock\n|-transform|p1a: Ditto|p2a: Quaquaval|[from] ability: Imposter\n|turn|24\n|\n|t:|1782854140\n|move|p1a: Ditto|Close Combat|p2a: Quaquaval\n|-damage|p2a: Quaquaval|0 fnt\n|-unboost|p1a: Ditto|def|1\n|-unboost|p1a: Ditto|spd|1\n|faint|p2a: Quaquaval\n|-ability|p1a: Ditto|Moxie|boost\n|-boost|p1a: Ditto|atk|1\n|\n|upkeep\n|\n|t:|1782854147\n|switch|p2a: Masquerain|Masquerain, L87, F|264/264\n|-ability|p2a: Masquerain|Intimidate|boost\n|-unboost|p1a: Ditto|atk|1\n|turn|25\n|\n|t:|1782854155\n|switch|p1a: Noivern|Noivern, L82, F|274/274\n|-damage|p1a: Noivern|206/274|[from] Stealth Rock\n|move|p2a: Masquerain|Bug Buzz|p1a: Noivern\n|-resisted|p1a: Noivern\n|-damage|p1a: Noivern|146/274\n|\n|upkeep\n|turn|26\n|\n|t:|1782854172\n|move|p1a: Noivern|Boomburst|p2a: Masquerain\n|-damage|p2a: Masquerain|125/264\n|move|p2a: Masquerain|Quiver Dance|p2a: Masquerain\n|-boost|p2a: Masquerain|spa|1\n|-boost|p2a: Masquerain|spd|1\n|-boost|p2a: Masquerain|spe|1\n|\n|upkeep\n|turn|27\n|\n|t:|1782854183\n|move|p2a: Masquerain|Hurricane|p1a: Noivern\n|-damage|p1a: Noivern|0 fnt\n|faint|p1a: Noivern\n|\n|upkeep\n|\n|t:|1782854185\n|switch|p1a: Ditto|Ditto, L87|115/225\n|-damage|p1a: Ditto|87/225|[from] Stealth Rock\n|-transform|p1a: Ditto|p2a: Masquerain|[from] ability: Imposter\n|-ability|p1a: Ditto|Intimidate|boost\n|-unboost|p2a: Masquerain|atk|1\n|turn|28\n|\n|t:|1782854199\n|-terastallize|p1a: Ditto|Steel\n|move|p1a: Ditto|Hurricane|p2a: Masquerain\n|-supereffective|p2a: Masquerain\n|-damage|p2a: Masquerain|0 fnt\n|faint|p2a: Masquerain\n|\n|upkeep\n|\n|t:|1782854204\n|switch|p2a: Chien-Pao|Chien-Pao, L72|234/234\n|-activate|p2a: Chien-Pao|move: Sticky Web\n|-unboost|p2a: Chien-Pao|spe|1\n|-damage|p2a: Chien-Pao|176/234|[from] Stealth Rock\n|-damage|p2a: Chien-Pao|137/234|[from] Spikes\n|-ability|p2a: Chien-Pao|Sword of Ruin\n|turn|29\n|\n|t:|1782854218\n|-terastallize|p2a: Chien-Pao|Ice\n|move|p2a: Chien-Pao|Ice Shard|p1a: Ditto\n|-resisted|p1a: Ditto\n|-damage|p1a: Ditto|27/225\n|move|p1a: Ditto|Hurricane|p2a: Chien-Pao\n|-damage|p2a: Chien-Pao|0 fnt\n|faint|p2a: Chien-Pao\n|\n|win|aci2nn\n|raw|aci2nn's rating: 1826 &rarr; <strong>1844</strong><br />(+18 for winning)\n|raw|yyyjjjj's rating: 1789 &rarr; <strong>1771</strong><br />(-18 for losing)\n|l|\u2606yyyjjjj\n|player|p2|\n|c|\u2606aci2nn|wp\n", "inputlog": ">version f8ac14003a5f27e1bdc8d8c59608a773c1cb96e5\n>start {\"formatid\":\"gen9randombattle\",\"seed\":\"sodium,1e200b5dbabf0b1a00d8a889cd9f33f7\",\"rated\":\"Rated battle\"}\n>player p1 {\"name\":\"aci2nn\",\"avatar\":\"265\",\"rating\":1826,\"seed\":\"sodium,60e1b2f0ce1ef1adab9443cdf7a7efb8\"}\n>player p2 {\"name\":\"yyyjjjj\",\"avatar\":\"102\",\"rating\":1789,\"seed\":\"sodium,09664530e70fd32ec49443afb4053145\"}\n>p1 move stickyweb\n>p2 move uturn\n>p2 switch 4\n>p1 move uturn\n>p2 move stealthrock\n>p1 switch 6\n>p1 move stealthrock\n>p2 move earthquake\n>p1 switch 5\n>p2 move stoneedge\n>p1 move lusterpurge\n>p2 move heavyslam\n>p1 move dracometeor\n>p2 move heavyslam\n>p2 switch 6\n>p1 switch 2\n>p2 move knockoff\n>p1 move discharge\n>p2 move yawn\n>p1 move discharge\n>p2 move psychicnoise\n>p1 move discharge\n>p2 move knockoff\n>p1 move discharge\n>p2 move uturn\n>p1 move discharge\n>p2 move psychicnoise\n>p1 move discharge\n>p2 move psychicnoise\n>p1 move discharge\n>p2 move psychicnoise\n>p2 switch 5\n>p1 move discharge\n>p2 move bugbuzz\n>p1 switch 6\n>p1 move knockoff\n>p2 move thunderwave\n>p1 move spikes\n>p2 move bugbuzz\n>p1 move spikes\n>p2 move bugbuzz\n>p1 move spikes\n>p2 move bugbuzz\n>p1 switch 4\n>p1 move shadowball\n>p2 move bugbuzz\n>p1 move shadowball\n>p2 move roost\n>p1 move shadowball\n>p2 move thunderwave\n>p2 switch 4\n>p1 move shadowball\n>p2 move aquastep\n>p1 switch 5\n>p1 move closecombat\n>p2 move aquastep\n>p2 switch 3\n>p1 switch 3\n>p2 move bugbuzz\n>p1 move boomburst\n>p2 move quiverdance\n>p1 move boomburst\n>p2 move hurricane\n>p1 switch 3\n>p1 move hurricane terastallize\n>p2 move hurricane\n>p2 switch 2\n>p1 move hurricane\n>p2 move iceshard terastallize", "uploadtime": 1782854226, "views": 6, "formatid": "gen9randombattle", "rating": 1771, "private": 0, "password": null, "player_dets": [{"name": "aci2nn", "avatar": "265", "rating": 1826, "seed": "sodium,60e1b2f0ce1ef1adab9443cdf7a7efb8"}, {"name": "yyyjjjj", "avatar": "102", "rating": 1789, "seed": "sodium,09664530e70fd32ec49443afb4053145"}], "teams_full": [{"Spidops": {"name": "Spidops", "species": "Spidops", "speciesId": "spidops", "gender": "M", "shiny": false, "level": 96, "moves": ["stickyweb", "knockoff", "uturn", "spikes"], "ability": "Stakeout", "evs": {"hp": 85, "atk": 85, "def": 85, "spa": 85, "spd": 85, "spe": 85}, "ivs": {"hp": 31, "atk": 31, "def": 31, "spa": 31, "spd": 31, "spe": 31}, "item": "Heavy-Duty Boots", "teraType": "Ghost", "role": "Bulky Support", "bvs": {"hp": 60, "atk": 79, "def": 92, "spa": 52, "spd": 86, "spe": 35}, "stats": {"hp": 271, "atk": 206, "def": 231, "spa": 154, "spd": 220, "spe": 122}, "types": ["Bug"]}, "Ampharos": {"name": "Ampharos", "species": "Ampharos", "speciesId": "ampharos", "gender": "F", "shiny": false, "level": 88, "moves": ["dazzlinggleam", "discharge", "focusblast", "voltswitch"], "ability": "Static", "evs": {"hp": 85, "atk": 0, "def": 85, "spa": 85, "spd": 85, "spe": 85}, "ivs": {"hp": 31, "atk": 0, "def": 31, "spa": 31, "spd": 31, "spe": 31}, "item": "Assault Vest", "teraType": "Fairy", "role": "AV Pivot", "bvs": {"hp": 90, "atk": 75, "def": 85, "spa": 115, "spd": 90, "spe": 55}, "stats": {"hp": 302, "atk": 137, "def": 200, "spa": 253, "spd": 209, "spe": 147}, "types": ["Electric"]}, "Noivern": {"name": "Noivern", "species": "Noivern", "speciesId": "noivern", "gender": "F", "shiny": false, "level": 82, "moves": ["dracometeor", "hurricane", "uturn", "boomburst"], "ability": "Infiltrator", "evs": {"hp": 85, "atk": 85, "def": 85, "spa": 85, "spd": 85, "spe": 85}, "ivs": {"hp": 31, "atk": 31, "def": 31, "spa": 31, "spd": 31, "spe": 31}, "item": "Choice Specs", "teraType": "Normal", "role": "Fast Attacker", "bvs": {"hp": 85, "atk": 70, "def": 80, "spa": 97, "spd": 80, "spe": 123}, "stats": {"hp": 274, "atk": 162, "def": 178, "spa": 206, "spd": 178, "spe": 249}, "types": ["Flying", "Dragon"]}, "Spectrier": {"name": "Spectrier", "species": "Spectrier", "speciesId": "spectrier", "gender": "N", "shiny": false, "level": 75, "moves": ["darkpulse", "willowisp", "nastyplot", "shadowball"], "ability": "Grim Neigh", "evs": {"hp": 85, "atk": 0, "def": 85, "spa": 85, "spd": 85, "spe": 85}, "ivs": {"hp": 31, "atk": 0, "def": 31, "spa": 31, "spd": 31, "spe": 31}, "item": "Life Orb", "teraType": "Dark", "role": "Setup Sweeper", "bvs": {"hp": 100, "atk": 65, "def": 60, "spa": 145, "spd": 80, "spe": 130}, "stats": {"hp": 274, "atk": 102, "def": 134, "spa": 261, "spd": 164, "spe": 239}, "types": ["Ghost"]}, "Latios": {"name": "Latios", "species": "Latios", "speciesId": "latios", "gender": "M", "shiny": false, "level": 78, "moves": ["recover", "dracometeor", "aurasphere", "lusterpurge"], "ability": "Levitate", "evs": {"hp": 85, "atk": 0, "def": 85, "spa": 85, "spd": 85, "spe": 85}, "ivs": {"hp": 31, "atk": 0, "def": 31, "spa": 31, "spd": 31, "spe": 31}, "item": "Soul Dew", "teraType": "Steel", "role": "Bulky Attacker", "bvs": {"hp": 80, "atk": 90, "def": 80, "spa": 130, "spd": 110, "spe": 110}, "stats": {"hp": 253, "atk": 145, "def": 170, "spa": 248, "spd": 217, "spe": 217}, "types": ["Dragon", "Psychic"]}, "Ditto": {"name": "Ditto", "species": "Ditto", "speciesId": "ditto", "gender": "N", "shiny": false, "level": 87, "moves": ["transform"], "ability": "Imposter", "evs": {"hp": 85, "atk": 85, "def": 85, "spa": 85, "spd": 85, "spe": 85}, "ivs": {"hp": 31, "atk": 31, "def": 31, "spa": 31, "spd": 31, "spe": 31}, "item": "Choice Scarf", "teraType": "Steel", "role": "Fast Support", "bvs": {"hp": 48, "atk": 48, "def": 48, "spa": 48, "spd": 48, "spe": 48}, "stats": {"hp": 225, "atk": 133, "def": 133, "spa": 133, "spd": 133, "spe": 133}, "types": ["Normal"]}}, {"Quaquaval": {"name": "Quaquaval", "species": "Quaquaval", "speciesId": "quaquaval", "gender": "F", "shiny": false, "level": 79, "moves": ["aquastep", "uturn", "closecombat", "tripleaxel"], "ability": "Moxie", "evs": {"hp": 85, "atk": 85, "def": 85, "spa": 85, "spd": 85, "spe": 85}, "ivs": {"hp": 31, "atk": 31, "def": 31, "spa": 31, "spd": 31, "spe": 31}, "item": "Choice Band", "teraType": "Fighting", "role": "Wallbreaker", "bvs": {"hp": 85, "atk": 120, "def": 80, "spa": 85, "spd": 75, "spe": 85}, "stats": {"hp": 264, "atk": 235, "def": 172, "spa": 180, "spd": 164, "spe": 180}, "types": ["Water", "Fighting"]}, "Chien-Pao": {"name": "Chien-Pao", "species": "Chien-Pao", "speciesId": "chienpao", "gender": "N", "shiny": false, "level": 72, "moves": ["iceshard", "crunch", "sacredsword", "iciclecrash"], "ability": "Sword of Ruin", "evs": {"hp": 85, "atk": 85, "def": 85, "spa": 85, "spd": 85, "spe": 85}, "ivs": {"hp": 31, "atk": 31, "def": 31, "spa": 31, "spd": 31, "spe": 31}, "item": "Choice Band", "teraType": "Ice", "role": "Wallbreaker", "bvs": {"hp": 80, "atk": 120, "def": 80, "spa": 90, "spd": 65, "spe": 135}, "stats": {"hp": 234, "atk": 215, "def": 157, "spa": 172, "spd": 136, "spe": 236}, "types": ["Dark", "Ice"]}, "Masquerain": {"name": "Masquerain", "species": "Masquerain", "speciesId": "masquerain", "gender": "F", "shiny": false, "level": 87, "moves": ["hydropump", "bugbuzz", "quiverdance", "hurricane"], "ability": "Intimidate", "evs": {"hp": 85, "atk": 0, "def": 85, "spa": 85, "spd": 85, "spe": 85}, "ivs": {"hp": 31, "atk": 0, "def": 31, "spa": 31, "spd": 31, "spe": 31}, "item": "Heavy-Duty Boots", "teraType": "Water", "role": "Setup Sweeper", "bvs": {"hp": 70, "atk": 60, "def": 62, "spa": 100, "spd": 82, "spe": 80}, "stats": {"hp": 264, "atk": 109, "def": 158, "spa": 224, "spd": 192, "spe": 189}, "types": ["Bug", "Flying"]}, "Mudsdale": {"name": "Mudsdale", "species": "Mudsdale", "speciesId": "mudsdale", "gender": "F", "shiny": false, "level": 83, "moves": ["stealthrock", "stoneedge", "earthquake", "heavyslam"], "ability": "Stamina", "evs": {"hp": 85, "atk": 85, "def": 85, "spa": 85, "spd": 85, "spe": 85}, "ivs": {"hp": 31, "atk": 31, "def": 31, "spa": 31, "spd": 31, "spe": 31}, "item": "Leftovers", "teraType": "Steel", "role": "Bulky Attacker", "bvs": {"hp": 100, "atk": 125, "def": 100, "spa": 55, "spd": 85, "spe": 35}, "stats": {"hp": 302, "atk": 255, "def": 214, "spa": 139, "spd": 189, "spe": 106}, "types": ["Ground"]}, "Illumise": {"name": "Illumise", "species": "Illumise", "speciesId": "illumise", "gender": "F", "shiny": false, "level": 91, "moves": ["bugbuzz", "roost", "encore", "thunderwave"], "ability": "Prankster", "evs": {"hp": 85, "atk": 0, "def": 85, "spa": 85, "spd": 85, "spe": 85}, "ivs": {"hp": 31, "atk": 0, "def": 31, "spa": 31, "spd": 31, "spe": 31}, "item": "Heavy-Duty Boots", "teraType": "Water", "role": "Bulky Support", "bvs": {"hp": 65, "atk": 47, "def": 75, "spa": 73, "spd": 85, "spe": 85}, "stats": {"hp": 266, "atk": 90, "def": 188, "spa": 185, "spd": 207, "spe": 207}, "types": ["Bug"]}, "Uxie": {"name": "Uxie", "species": "Uxie", "speciesId": "uxie", "gender": "N", "shiny": false, "level": 83, "moves": ["psychicnoise", "knockoff", "yawn", "uturn"], "ability": "Levitate", "evs": {"hp": 85, "atk": 85, "def": 85, "spa": 85, "spd": 85, "spe": 85}, "ivs": {"hp": 31, "atk": 31, "def": 31, "spa": 31, "spd": 31, "spe": 31}, "item": "Leftovers", "teraType": "Electric", "role": "Bulky Support", "bvs": {"hp": 75, "atk": 75, "def": 130, "spa": 75, "spd": 130, "spe": 95}, "stats": {"hp": 260, "atk": 172, "def": 263, "spa": 172, "spd": 263, "spe": 205}, "types": ["Psychic"]}}]}