{"id": "gen9randombattle-2642102595", "format": "[Gen 9] Random Battle", "players": ["notmetbh102", "ftaochaphet"], "log": "|j|\u2606notmetbh102\n|j|\u2606ftaochaphet\n|t:|1782890460\n|gametype|singles\n|player|p1|notmetbh102|265|2195\n|player|p2|ftaochaphet|169|2237\n|gen|9\n|tier|[Gen 9] Random Battle\n|rated|\n|rule|Species Clause: Limit one of each Pok\u00e9mon\n|rule|HP Percentage Mod: HP is shown in percentages\n|rule|Sleep Clause Mod: Limit one foe put to sleep\n|rule|Illusion Level Mod: Illusion disguises the Pok\u00e9mon's true level\n|\n|t:|1782890460\n|teamsize|p1|6\n|teamsize|p2|6\n|start\n|switch|p1a: Qwilfish|Qwilfish-Hisui, L83, F|244/244\n|switch|p2a: Toxapex|Toxapex, L82, F|216/216\n|-ability|p1a: Qwilfish|Intimidate|boost\n|-unboost|p2a: Toxapex|atk|1\n|turn|1\n|inactive|Battle timer is ON: inactive players will automatically lose when time's up. (requested by notmetbh102)\n|c|\u2606notmetbh102|hf\n|\n|t:|1782890469\n|switch|p2a: Arbok|Arbok, L87, F|246/246\n|-ability|p2a: Arbok|Intimidate|boost\n|-unboost|p1a: Qwilfish|atk|1\n|move|p1a: Qwilfish|Toxic Spikes|p2a: Arbok\n|-sidestart|p2: ftaochaphet|move: Toxic Spikes\n|\n|upkeep\n|turn|2\n|\n|t:|1782890471\n|switch|p1a: Venomoth|Venomoth, L84, F|255/255\n|move|p2a: Arbok|Coil|p2a: Arbok\n|-boost|p2a: Arbok|atk|1\n|-boost|p2a: Arbok|def|1\n|-boost|p2a: Arbok|accuracy|1\n|\n|upkeep\n|turn|3\n|\n|t:|1782890474\n|move|p1a: Venomoth|Quiver Dance|p1a: Venomoth\n|-boost|p1a: Venomoth|spa|1\n|-boost|p1a: Venomoth|spd|1\n|-boost|p1a: Venomoth|spe|1\n|move|p2a: Arbok|Earthquake|p1a: Venomoth\n|-damage|p1a: Venomoth|108/255\n|\n|upkeep\n|turn|4\n|\n|t:|1782890476\n|move|p1a: Venomoth|Sludge Wave|p2a: Arbok\n|-resisted|p2a: Arbok\n|-damage|p2a: Arbok|112/246\n|move|p2a: Arbok|Earthquake|p1a: Venomoth\n|-damage|p1a: Venomoth|0 fnt\n|faint|p1a: Venomoth\n|\n|-heal|p2a: Arbok|127/246|[from] item: Leftovers\n|upkeep\n|\n|t:|1782890477\n|switch|p1a: Eiscue|Eiscue, L88, F|274/274\n|turn|5\n|j| 1433223uid\n|\n|t:|1782890488\n|switch|p2a: Toxapex|Toxapex, L82, F|216/216\n|-sideend|p2: ftaochaphet|move: Toxic Spikes|[of] p2a: Toxapex\n|move|p1a: Eiscue|Belly Drum|p1a: Eiscue\n|-damage|p1a: Eiscue|137/274\n|-setboost|p1a: Eiscue|atk|6|[from] move: Belly Drum\n|-enditem|p1a: Eiscue|Sitrus Berry|[eat]\n|-heal|p1a: Eiscue|205/274|[from] item: Sitrus Berry\n|\n|upkeep\n|turn|6\n|\n|t:|1782890491\n|move|p1a: Eiscue|Zen Headbutt|p2a: Toxapex\n|-supereffective|p2a: Toxapex\n|-damage|p2a: Toxapex|0 fnt\n|-damage|p1a: Eiscue|160/274|[from] item: Rocky Helmet|[of] p2a: Toxapex\n|faint|p2a: Toxapex\n|\n|upkeep\n|\n|t:|1782890500\n|switch|p2a: Lapras|Lapras, L87, M|367/367\n|turn|7\n|\n|t:|1782890503\n|move|p2a: Lapras|Sparkling Aria|p1a: Eiscue\n|-damage|p1a: Eiscue|39/274\n|move|p1a: Eiscue|Zen Headbutt|p2a: Lapras\n|-damage|p2a: Lapras|136/367\n|\n|upkeep\n|turn|8\n|\n|t:|1782890505\n|switch|p1a: Tyranitar|Tyranitar, L78, F|284/284\n|-weather|Sandstorm|[from] ability: Sand Stream|[of] p1a: Tyranitar\n|move|p2a: Lapras|Sparkling Aria|p1a: Tyranitar\n|-supereffective|p1a: Tyranitar\n|-damage|p1a: Tyranitar|164/284\n|\n|-weather|Sandstorm|[upkeep]\n|-damage|p2a: Lapras|114/367|[from] Sandstorm\n|upkeep\n|turn|9\n|\n|t:|1782890511\n|switch|p2a: Annihilape|Annihilape, L76, M|292/292\n|move|p1a: Tyranitar|Knock Off|p2a: Annihilape\n|-damage|p2a: Annihilape|156/292\n|-enditem|p2a: Annihilape|Leftovers|[from] move: Knock Off|[of] p1a: Tyranitar\n|\n|-weather|Sandstorm|[upkeep]\n|-damage|p2a: Annihilape|138/292|[from] Sandstorm\n|upkeep\n|turn|10\n|\n|t:|1782890514\n|move|p2a: Annihilape|Drain Punch|p1a: Tyranitar\n|-supereffective|p1a: Tyranitar\n|-damage|p1a: Tyranitar|0 fnt\n|-heal|p2a: Annihilape|220/292|[from] drain|[of] p1a: Tyranitar\n|faint|p1a: Tyranitar\n|\n|-weather|Sandstorm|[upkeep]\n|-damage|p2a: Annihilape|202/292|[from] Sandstorm\n|upkeep\n|\n|t:|1782890515\n|switch|p1a: Zebstrika|Zebstrika, L87, F|272/272\n|turn|11\n|\n|t:|1782890519\n|switch|p2a: Oinkologne|Oinkologne, L92, M|352/352\n|move|p1a: Zebstrika|High Horsepower|p2a: Oinkologne\n|-damage|p2a: Oinkologne|262/352\n|-damage|p1a: Zebstrika|245/272|[from] item: Life Orb\n|\n|-weather|Sandstorm|[upkeep]\n|-damage|p1a: Zebstrika|228/272|[from] Sandstorm\n|-damage|p2a: Oinkologne|240/352|[from] Sandstorm\n|-heal|p2a: Oinkologne|262/352|[from] item: Leftovers\n|upkeep\n|turn|12\n|\n|t:|1782890523\n|move|p1a: Zebstrika|Volt Switch|p2a: Oinkologne\n|-damage|p2a: Oinkologne|175/352\n|-damage|p1a: Zebstrika|201/272|[from] item: Life Orb\n|\n|t:|1782890523\n|switch|p1a: Qwilfish|Qwilfish-Hisui, L83, F|244/244|[from] Volt Switch\n|-ability|p1a: Qwilfish|Intimidate|boost\n|-unboost|p2a: Oinkologne|atk|1\n|move|p2a: Oinkologne|High Horsepower|p1a: Qwilfish\n|-supereffective|p1a: Qwilfish\n|-damage|p1a: Qwilfish|174/244\n|\n|-weather|none\n|-heal|p2a: Oinkologne|197/352|[from] item: Leftovers\n|upkeep\n|turn|13\n|\n|t:|1782890528\n|switch|p2a: Annihilape|Annihilape, L76, M|202/292\n|move|p1a: Qwilfish|Toxic Spikes|p2a: Annihilape\n|-sidestart|p2: ftaochaphet|move: Toxic Spikes\n|\n|upkeep\n|turn|14\n|\n|t:|1782890534\n|move|p1a: Qwilfish|Toxic Spikes|p2a: Annihilape\n|-sidestart|p2: ftaochaphet|move: Toxic Spikes\n|move|p2a: Annihilape|Bulk Up|p2a: Annihilape\n|-boost|p2a: Annihilape|atk|1\n|-boost|p2a: Annihilape|def|1\n|\n|upkeep\n|turn|15\n|\n|t:|1782890536\n|switch|p1a: Zebstrika|Zebstrika, L87, F|201/272\n|move|p2a: Annihilape|Drain Punch|p1a: Zebstrika\n|-damage|p1a: Zebstrika|69/272\n|-heal|p2a: Annihilape|268/292|[from] drain|[of] p1a: Zebstrika\n|\n|upkeep\n|turn|16\n|\n|t:|1782890539\n|move|p1a: Zebstrika|Volt Switch|p2a: Annihilape\n|-damage|p2a: Annihilape|174/292\n|-damage|p1a: Zebstrika|42/272|[from] item: Life Orb\n|\n|t:|1782890539\n|switch|p1a: Eiscue|Eiscue, L88, F|39/274|[from] Volt Switch\n|move|p2a: Annihilape|Drain Punch|p1a: Eiscue\n|-activate|p1a: Eiscue|ability: Ice Face\n|-damage|p1a: Eiscue|39/274\n|detailschange|p1a: Eiscue|Eiscue-Noice, L88, F\n|\n|upkeep\n|turn|17\n|\n|t:|1782890542\n|move|p1a: Eiscue|Zen Headbutt|p2a: Annihilape\n|-supereffective|p2a: Annihilape\n|-damage|p2a: Annihilape|96/292\n|move|p2a: Annihilape|Drain Punch|p1a: Eiscue\n|-supereffective|p1a: Eiscue\n|-damage|p1a: Eiscue|0 fnt\n|-heal|p2a: Annihilape|116/292|[from] drain|[of] p1a: Eiscue\n|faint|p1a: Eiscue\n|\n|upkeep\n|\n|t:|1782890543\n|switch|p1a: Zebstrika|Zebstrika, L87, F|42/272\n|turn|18\n|\n|t:|1782890545\n|move|p1a: Zebstrika|Supercell Slam|p2a: Annihilape\n|-damage|p2a: Annihilape|0 fnt\n|faint|p2a: Annihilape\n|-damage|p1a: Zebstrika|15/272|[from] item: Life Orb\n|\n|upkeep\n|\n|t:|1782890553\n|switch|p2a: Grumpig|Grumpig, L92, M|297/297\n|-status|p2a: Grumpig|tox\n|turn|19\n|\n|t:|1782890554\n|switch|p1a: Swanna|Swanna, L89, M|278/278\n|move|p2a: Grumpig|Earth Power|p1a: Swanna\n|-immune|p1a: Swanna\n|\n|-damage|p2a: Grumpig|279/297 tox|[from] psn\n|upkeep\n|turn|20\n|\n|t:|1782890558\n|switch|p2a: Arbok|Arbok, L87, F|127/246\n|-sideend|p2: ftaochaphet|move: Toxic Spikes|[of] p2a: Arbok\n|-ability|p2a: Arbok|Intimidate|boost\n|-unboost|p1a: Swanna|atk|1\n|move|p1a: Swanna|Hydro Pump|p2a: Arbok|[miss]\n|-miss|p1a: Swanna|p2a: Arbok\n|\n|-heal|p2a: Arbok|142/246|[from] item: Leftovers\n|upkeep\n|turn|21\n|\n|t:|1782890563\n|move|p1a: Swanna|Brave Bird|p2a: Arbok\n|-crit|p2a: Arbok\n|-damage|p2a: Arbok|0 fnt\n|faint|p2a: Arbok\n|-damage|p1a: Swanna|231/278|[from] Recoil\n|\n|upkeep\n|\n|t:|1782890570\n|switch|p2a: Grumpig|Grumpig, L92, M|279/297 tox\n|turn|22\n|\n|t:|1782890572\n|-terastallize|p2a: Grumpig|Psychic\n|move|p2a: Grumpig|Psychic|p1a: Swanna\n|-damage|p1a: Swanna|55/278\n|move|p1a: Swanna|Brave Bird|p2a: Grumpig\n|-damage|p2a: Grumpig|173/297 tox\n|-damage|p1a: Swanna|20/278|[from] Recoil\n|\n|-damage|p2a: Grumpig|155/297 tox|[from] psn\n|upkeep\n|turn|23\n|\n|t:|1782890583\n|switch|p2a: Oinkologne|Oinkologne, L92, M|197/352\n|switch|p1a: Qwilfish|Qwilfish-Hisui, L83, F|174/244\n|-ability|p1a: Qwilfish|Intimidate|boost\n|-unboost|p2a: Oinkologne|atk|1\n|\n|-heal|p2a: Oinkologne|219/352|[from] item: Leftovers\n|upkeep\n|turn|24\n|\n|t:|1782890586\n|move|p1a: Qwilfish|Gunk Shot|p2a: Oinkologne|[miss]\n|-miss|p1a: Qwilfish|p2a: Oinkologne\n|move|p2a: Oinkologne|Body Slam|p1a: Qwilfish\n|-damage|p1a: Qwilfish|126/244\n|-status|p1a: Qwilfish|par\n|\n|-heal|p2a: Oinkologne|241/352|[from] item: Leftovers\n|upkeep\n|turn|25\n|\n|t:|1782890588\n|move|p2a: Oinkologne|High Horsepower|p1a: Qwilfish\n|-supereffective|p1a: Qwilfish\n|-damage|p1a: Qwilfish|46/244 par\n|move|p1a: Qwilfish|Gunk Shot|p2a: Oinkologne\n|-damage|p2a: Oinkologne|106/352\n|\n|-heal|p2a: Oinkologne|128/352|[from] item: Leftovers\n|upkeep\n|turn|26\n|\n|t:|1782890592\n|switch|p1a: Zebstrika|Zebstrika, L87, F|15/272\n|move|p2a: Oinkologne|Body Slam|p1a: Zebstrika\n|-damage|p1a: Zebstrika|0 fnt\n|faint|p1a: Zebstrika\n|\n|-heal|p2a: Oinkologne|150/352|[from] item: Leftovers\n|upkeep\n|\n|t:|1782890593\n|switch|p1a: Swanna|Swanna, L89, M|20/278\n|turn|27\n|\n|t:|1782890596\n|move|p1a: Swanna|Roost|p1a: Swanna\n|-heal|p1a: Swanna|159/278\n|-singleturn|p1a: Swanna|move: Roost\n|move|p2a: Oinkologne|Body Slam|p1a: Swanna\n|-damage|p1a: Swanna|72/278\n|-status|p1a: Swanna|par\n|\n|-heal|p2a: Oinkologne|172/352|[from] item: Leftovers\n|upkeep\n|turn|28\n|\n|t:|1782890598\n|switch|p1a: Qwilfish|Qwilfish-Hisui, L83, F|46/244 par\n|-ability|p1a: Qwilfish|Intimidate|boost\n|-unboost|p2a: Oinkologne|atk|1\n|move|p2a: Oinkologne|Body Slam|p1a: Qwilfish\n|-damage|p1a: Qwilfish|12/244 par\n|\n|-heal|p2a: Oinkologne|194/352|[from] item: Leftovers\n|upkeep\n|turn|29\n|\n|t:|1782890600\n|-terastallize|p1a: Qwilfish|Poison\n|move|p2a: Oinkologne|Body Slam|p1a: Qwilfish\n|-damage|p1a: Qwilfish|0 fnt\n|faint|p1a: Qwilfish\n|\n|-heal|p2a: Oinkologne|216/352|[from] item: Leftovers\n|upkeep\n|\n|t:|1782890600\n|switch|p1a: Swanna|Swanna, L89, M|72/278 par\n|turn|30\n|\n|t:|1782890602\n|move|p2a: Oinkologne|Body Slam|p1a: Swanna\n|-damage|p1a: Swanna|6/278 par\n|move|p1a: Swanna|Brave Bird|p2a: Oinkologne\n|-damage|p2a: Oinkologne|75/352\n|-damage|p1a: Swanna|0 fnt|[from] Recoil\n|faint|p1a: Swanna\n|\n|win|ftaochaphet\n|raw|notmetbh102's rating: 2195 &rarr; <strong>2177</strong><br />(-18 for losing)\n|raw|ftaochaphet's rating: 2237 &rarr; <strong>2255</strong><br />(+18 for winning)\n|c|\u2606notmetbh102|gg\n", "inputlog": ">version f8ac14003a5f27e1bdc8d8c59608a773c1cb96e5\n>start {\"formatid\":\"gen9randombattle\",\"seed\":\"sodium,5ccdb4cb1a40e3bba9da53ddfa83d78e\",\"rated\":\"Rated battle\"}\n>player p1 {\"name\":\"notmetbh102\",\"avatar\":\"265\",\"rating\":2195,\"seed\":\"sodium,cf0c007ddbf43686bb4663a99ad7e71e\"}\n>player p2 {\"name\":\"ftaochaphet\",\"avatar\":\"169\",\"rating\":2237,\"seed\":\"sodium,02b58ab090fa6efe52017df9fcc761a4\"}\n>chat \u2606notmetbh102|hf\n>p1 move toxicspikes\n>p2 switch 5\n>p1 switch 4\n>p2 move coil\n>p1 move quiverdance\n>p2 move earthquake\n>p1 move sludgewave\n>p2 move earthquake\n>p1 switch 2\n>p1 move bellydrum\n>p2 switch 5\n>p1 move zenheadbutt\n>p2 move haze\n>p2 switch 4\n>p1 move zenheadbutt\n>p2 move sparklingaria\n>p1 switch 3\n>p2 move sparklingaria\n>p1 move knockoff\n>p2 switch 3\n>p1 move icebeam\n>p2 move drainpunch\n>p1 switch 5\n>p1 move highhorsepower\n>p2 switch 6\n>p1 move voltswitch\n>p2 move highhorsepower\n>p1 switch 4\n>p1 move toxicspikes\n>p2 switch 6\n>p1 move toxicspikes\n>p2 move bulkup\n>p1 switch 4\n>p2 move drainpunch\n>p1 move voltswitch\n>p2 move drainpunch\n>p1 switch 3\n>p1 move zenheadbutt\n>p2 move drainpunch\n>p1 switch 3\n>p1 move supercellslam\n>p2 move drainpunch\n>p2 switch 2\n>p1 switch 6\n>p2 move earthpower\n>p1 move hydropump\n>p2 switch 5\n>p1 move bravebird\n>p2 move trailblaze\n>p2 switch 5\n>p1 move bravebird\n>p2 move psychic terastallize\n>p1 switch 4\n>p2 switch 6\n>p1 move gunkshot\n>p2 move bodyslam\n>p1 move gunkshot\n>p2 move highhorsepower\n>p1 switch 6\n>p2 move bodyslam\n>p1 switch 4\n>p1 move roost\n>p2 move bodyslam\n>p1 switch 6\n>p2 move bodyslam\n>p1 move gunkshot terastallize\n>p2 move bodyslam\n>p1 switch 6\n>p1 move bravebird\n>p2 move bodyslam", "uploadtime": 1782890603, "views": 3, "formatid": "gen9randombattle", "rating": 2177, "private": 0, "password": null, "player_dets": [{"name": "notmetbh102", "avatar": "265", "rating": 2195, "seed": "sodium,cf0c007ddbf43686bb4663a99ad7e71e"}, {"name": "ftaochaphet", "avatar": "169", "rating": 2237, "seed": "sodium,02b58ab090fa6efe52017df9fcc761a4"}], "teams_full": [{"Qwilfish": {"name": "Qwilfish", "species": "Qwilfish-Hisui", "speciesId": "qwilfishhisui", "gender": "F", "shiny": false, "level": 83, "moves": ["taunt", "crunch", "gunkshot", "toxicspikes"], "ability": "Intimidate", "evs": {"hp": 85, "atk": 85, "def": 85, "spa": 85, "spd": 85, "spe": 85}, "ivs": {"hp": 31, "atk": 31, "def": 31, "spa": 31, "spd": 31, "spe": 31}, "item": "Eviolite", "teraType": "Poison", "role": "Bulky Support", "bvs": {"hp": 65, "atk": 95, "def": 85, "spa": 55, "spd": 55, "spe": 85}, "stats": {"hp": 244, "atk": 205, "def": 189, "spa": 139, "spd": 139, "spe": 189}, "types": ["Dark", "Poison"]}, "Eiscue": {"name": "Eiscue", "species": "Eiscue", "speciesId": "eiscue", "gender": "F", "shiny": false, "level": 88, "moves": ["zenheadbutt", "bellydrum", "icespinner", "liquidation"], "ability": "Ice Face", "evs": {"hp": 81, "atk": 85, "def": 85, "spa": 85, "spd": 85, "spe": 85}, "ivs": {"hp": 31, "atk": 31, "def": 31, "spa": 31, "spd": 31, "spe": 31}, "item": "Sitrus Berry", "teraType": "Water", "role": "Setup Sweeper", "bvs": {"hp": 75, "atk": 80, "def": 110, "spa": 65, "spd": 90, "spe": 50}, "stats": {"hp": 274, "atk": 191, "def": 244, "spa": 165, "spd": 209, "spe": 138}, "types": ["Ice"]}, "Tyranitar": {"name": "Tyranitar", "species": "Tyranitar", "speciesId": "tyranitar", "gender": "F", "shiny": false, "level": 78, "moves": ["stoneedge", "knockoff", "dragontail", "icebeam"], "ability": "Sand Stream", "evs": {"hp": 85, "atk": 85, "def": 85, "spa": 85, "spd": 85, "spe": 85}, "ivs": {"hp": 31, "atk": 31, "def": 31, "spa": 31, "spd": 31, "spe": 31}, "item": "Assault Vest", "teraType": "Rock", "role": "Bulky Support", "bvs": {"hp": 100, "atk": 134, "def": 110, "spa": 95, "spd": 100, "spe": 61}, "stats": {"hp": 284, "atk": 254, "def": 217, "spa": 193, "spd": 201, "spe": 140}, "types": ["Rock", "Dark"]}, "Venomoth": {"name": "Venomoth", "species": "Venomoth", "speciesId": "venomoth", "gender": "F", "shiny": false, "level": 84, "moves": ["sludgewave", "quiverdance", "sleeppowder", "bugbuzz"], "ability": "Tinted Lens", "evs": {"hp": 85, "atk": 0, "def": 85, "spa": 85, "spd": 85, "spe": 85}, "ivs": {"hp": 31, "atk": 0, "def": 31, "spa": 31, "spd": 31, "spe": 31}, "item": "Heavy-Duty Boots", "teraType": "Bug", "role": "Setup Sweeper", "bvs": {"hp": 70, "atk": 65, "def": 60, "spa": 90, "spd": 75, "spe": 90}, "stats": {"hp": 255, "atk": 114, "def": 149, "spa": 199, "spd": 174, "spe": 199}, "types": ["Bug", "Poison"]}, "Zebstrika": {"name": "Zebstrika", "species": "Zebstrika", "speciesId": "zebstrika", "gender": "F", "shiny": false, "level": 87, "moves": ["supercellslam", "voltswitch", "overheat", "highhorsepower"], "ability": "Sap Sipper", "evs": {"hp": 85, "atk": 85, "def": 85, "spa": 85, "spd": 85, "spe": 85}, "ivs": {"hp": 31, "atk": 31, "def": 31, "spa": 31, "spd": 31, "spe": 31}, "item": "Life Orb", "teraType": "Ground", "role": "Fast Attacker", "bvs": {"hp": 75, "atk": 100, "def": 63, "spa": 80, "spd": 63, "spe": 116}, "stats": {"hp": 272, "atk": 224, "def": 159, "spa": 189, "spd": 159, "spe": 252}, "types": ["Electric"]}, "Swanna": {"name": "Swanna", "species": "Swanna", "speciesId": "swanna", "gender": "M", "shiny": false, "level": 89, "moves": ["hydropump", "bravebird", "defog", "roost"], "ability": "Hydration", "evs": {"hp": 85, "atk": 85, "def": 85, "spa": 85, "spd": 85, "spe": 85}, "ivs": {"hp": 31, "atk": 31, "def": 31, "spa": 31, "spd": 31, "spe": 31}, "item": "Heavy-Duty Boots", "teraType": "Ground", "role": "Bulky Support", "bvs": {"hp": 75, "atk": 87, "def": 63, "spa": 87, "spd": 63, "spe": 98}, "stats": {"hp": 278, "atk": 206, "def": 163, "spa": 206, "spd": 163, "spe": 225}, "types": ["Water", "Flying"]}}, {"Toxapex": {"name": "Toxapex", "species": "Toxapex", "speciesId": "toxapex", "gender": "F", "shiny": false, "level": 82, "moves": ["liquidation", "toxic", "haze", "recover"], "ability": "Regenerator", "evs": {"hp": 85, "atk": 85, "def": 85, "spa": 85, "spd": 85, "spe": 85}, "ivs": {"hp": 31, "atk": 31, "def": 31, "spa": 31, "spd": 31, "spe": 31}, "item": "Rocky Helmet", "teraType": "Grass", "role": "Bulky Support", "bvs": {"hp": 50, "atk": 63, "def": 152, "spa": 53, "spd": 142, "spe": 35}, "stats": {"hp": 216, "atk": 150, "def": 296, "spa": 134, "spd": 280, "spe": 105}, "types": ["Poison", "Water"]}, "Grumpig": {"name": "Grumpig", "species": "Grumpig", "speciesId": "grumpig", "gender": "M", "shiny": false, "level": 92, "moves": ["earthpower", "psychic", "trick", "shadowball"], "ability": "Thick Fat", "evs": {"hp": 85, "atk": 0, "def": 85, "spa": 85, "spd": 85, "spe": 85}, "ivs": {"hp": 31, "atk": 0, "def": 31, "spa": 31, "spd": 31, "spe": 31}, "item": "Choice Scarf", "teraType": "Psychic", "role": "Bulky Attacker", "bvs": {"hp": 80, "atk": 45, "def": 65, "spa": 90, "spd": 110, "spe": 80}, "stats": {"hp": 297, "atk": 87, "def": 172, "spa": 218, "spd": 255, "spe": 200}, "types": ["Psychic"]}, "Annihilape": {"name": "Annihilape", "species": "Annihilape", "speciesId": "annihilape", "gender": "M", "shiny": false, "level": 76, "moves": ["bulkup", "gunkshot", "ragefist", "drainpunch"], "ability": "Defiant", "evs": {"hp": 85, "atk": 85, "def": 85, "spa": 85, "spd": 85, "spe": 85}, "ivs": {"hp": 31, "atk": 31, "def": 31, "spa": 31, "spd": 31, "spe": 31}, "item": "Leftovers", "teraType": "Ghost", "role": "Bulky Setup", "bvs": {"hp": 110, "atk": 115, "def": 80, "spa": 50, "spd": 90, "spe": 90}, "stats": {"hp": 292, "atk": 219, "def": 166, "spa": 120, "spd": 181, "spe": 181}, "types": ["Fighting", "Ghost"]}, "Lapras": {"name": "Lapras", "species": "Lapras", "speciesId": "lapras", "gender": "M", "shiny": false, "level": 87, "moves": ["hydropump", "sparklingaria", "freezedry", "icebeam"], "ability": "Water Absorb", "evs": {"hp": 81, "atk": 0, "def": 85, "spa": 85, "spd": 85, "spe": 85}, "ivs": {"hp": 31, "atk": 0, "def": 31, "spa": 31, "spd": 31, "spe": 31}, "item": "Choice Specs", "teraType": "Water", "role": "Wallbreaker", "bvs": {"hp": 130, "atk": 85, "def": 80, "spa": 85, "spd": 95, "spe": 60}, "stats": {"hp": 367, "atk": 152, "def": 189, "spa": 198, "spd": 215, "spe": 154}, "types": ["Water", "Ice"]}, "Arbok": {"name": "Arbok", "species": "Arbok", "speciesId": "arbok", "gender": "F", "shiny": false, "level": 87, "moves": ["trailblaze", "earthquake", "coil", "gunkshot"], "ability": "Intimidate", "evs": {"hp": 85, "atk": 85, "def": 85, "spa": 85, "spd": 85, "spe": 85}, "ivs": {"hp": 31, "atk": 31, "def": 31, "spa": 31, "spd": 31, "spe": 31}, "item": "Leftovers", "teraType": "Grass", "role": "Bulky Setup", "bvs": {"hp": 60, "atk": 95, "def": 69, "spa": 65, "spd": 79, "spe": 80}, "stats": {"hp": 246, "atk": 215, "def": 170, "spa": 163, "spd": 187, "spe": 189}, "types": ["Poison"]}, "Oinkologne": {"name": "Oinkologne", "species": "Oinkologne", "speciesId": "oinkologne", "gender": "M", "shiny": false, "level": 92, "moves": ["highhorsepower", "lashout", "curse", "bodyslam"], "ability": "Thick Fat", "evs": {"hp": 85, "atk": 85, "def": 85, "spa": 85, "spd": 85, "spe": 85}, "ivs": {"hp": 31, "atk": 31, "def": 31, "spa": 31, "spd": 31, "spe": 31}, "item": "Leftovers", "teraType": "Ground", "role": "Bulky Setup", "bvs": {"hp": 110, "atk": 100, "def": 75, "spa": 59, "spd": 80, "spe": 65}, "stats": {"hp": 352, "atk": 236, "def": 190, "spa": 161, "spd": 200, "spe": 172}, "types": ["Normal"]}}]}