{"id": "gen9randombattle-2641585971", "format": "[Gen 9] Random Battle", "players": ["ryonabot", "Monkapotamus"], "log": "|j|\u2606ryonabot\n|j|\u2606Monkapotamus\n|t:|1782813491\n|gametype|singles\n|player|p1|ryonabot|lucian|1812\n|player|p2|Monkapotamus|crasherwake|1909\n|gen|9\n|tier|[Gen 9] Random Battle\n|rated|\n|rule|Species Clause: Limit one of each Pok\u00e9mon\n|rule|HP Percentage Mod: HP is shown in percentages\n|rule|Sleep Clause Mod: Limit one foe put to sleep\n|rule|Illusion Level Mod: Illusion disguises the Pok\u00e9mon's true level\n|\n|t:|1782813491\n|teamsize|p1|6\n|teamsize|p2|6\n|start\n|switch|p1a: Eternatus|Eternatus, L69|308/308\n|switch|p2a: Torkoal|Torkoal, L88, M|266/266\n|-ability|p1a: Eternatus|Pressure\n|-weather|SunnyDay|[from] ability: Drought|[of] p2a: Torkoal\n|turn|1\n|inactive|Battle timer is ON: inactive players will automatically lose when time's up. (requested by Monkapotamus)\n|\n|t:|1782813510\n|switch|p1a: Lugia|Lugia, L73|275/275\n|move|p2a: Torkoal|Earthquake|p1a: Lugia\n|-immune|p1a: Lugia\n|\n|-weather|SunnyDay|[upkeep]\n|upkeep\n|turn|2\n|\n|t:|1782813519\n|move|p1a: Lugia|Calm Mind|p1a: Lugia\n|-boost|p1a: Lugia|spa|1\n|-boost|p1a: Lugia|spd|1\n|move|p2a: Torkoal|Yawn|p1a: Lugia\n|-start|p1a: Lugia|move: Yawn|[of] p2a: Torkoal\n|\n|-weather|SunnyDay|[upkeep]\n|upkeep\n|turn|3\n|\n|t:|1782813527\n|move|p1a: Lugia|Earth Power|p2a: Torkoal\n|-supereffective|p2a: Torkoal\n|-damage|p2a: Torkoal|120/266\n|move|p2a: Torkoal|Fire Blast|p1a: Lugia\n|-damage|p1a: Lugia|231/275\n|\n|-weather|SunnyDay|[upkeep]\n|-end|p1a: Lugia|move: Yawn|[silent]\n|-status|p1a: Lugia|slp\n|upkeep\n|turn|4\n|\n|t:|1782813537\n|cant|p1a: Lugia|slp\n|move|p2a: Torkoal|Fire Blast|p1a: Lugia\n|-damage|p1a: Lugia|146/275 slp\n|\n|-weather|SunnyDay|[upkeep]\n|upkeep\n|turn|5\n|\n|t:|1782813563\n|cant|p1a: Lugia|slp\n|move|p2a: Torkoal|Fire Blast|p1a: Lugia\n|-damage|p1a: Lugia|61/275 slp\n|\n|-weather|none\n|upkeep\n|turn|6\n|\n|t:|1782813571\n|switch|p2a: Greedent|Greedent, L86, F|347/347\n|cant|p1a: Lugia|slp\n|\n|upkeep\n|turn|7\n|\n|t:|1782813586\n|switch|p1a: Pawmot|Pawmot, L80, F|243/243\n|move|p2a: Greedent|Swords Dance|p2a: Greedent\n|-boost|p2a: Greedent|atk|2\n|\n|upkeep\n|turn|8\n|\n|t:|1782813594\n|-terastallize|p2a: Greedent|Ghost\n|move|p1a: Pawmot|Close Combat|p2a: Greedent\n|-immune|p2a: Greedent\n|move|p2a: Greedent|Earthquake|p1a: Pawmot\n|-supereffective|p1a: Pawmot\n|-damage|p1a: Pawmot|0 fnt\n|faint|p1a: Pawmot\n|\n|upkeep\n|\n|t:|1782813600\n|switch|p1a: Meowscarada|Meowscarada, L78, M|247/247\n|turn|9\n|\n|t:|1782813608\n|move|p1a: Meowscarada|Knock Off|p2a: Greedent\n|-start|p1a: Meowscarada|typechange|Dark|[from] ability: Protean\n|-supereffective|p2a: Greedent\n|-damage|p2a: Greedent|63/347\n|-enditem|p2a: Greedent|Sitrus Berry|[from] move: Knock Off|[of] p1a: Meowscarada\n|move|p2a: Greedent|Double-Edge|p1a: Meowscarada\n|-damage|p1a: Meowscarada|0 fnt\n|faint|p1a: Meowscarada\n|-damage|p2a: Greedent|0 fnt|[from] Recoil\n|faint|p2a: Greedent\n|\n|upkeep\n|\n|t:|1782813629\n|switch|p1a: Lugia|Lugia, L73|61/275 slp\n|switch|p2a: Dipplin|Dipplin, L88, F|284/284\n|turn|10\n|\n|t:|1782813637\n|-curestatus|p1a: Lugia|slp|[msg]\n|move|p1a: Lugia|Recover|p1a: Lugia\n|-heal|p1a: Lugia|199/275\n|move|p2a: Dipplin|Dragon Pulse|p1a: Lugia\n|-damage|p1a: Lugia|124/275\n|\n|upkeep\n|turn|11\n|\n|t:|1782813646\n|switch|p2a: Shiftry|Shiftry, L89, M|305/305\n|move|p1a: Lugia|Calm Mind|p1a: Lugia\n|-boost|p1a: Lugia|spa|1\n|-boost|p1a: Lugia|spd|1\n|\n|upkeep\n|turn|12\n|\n|t:|1782813654\n|switch|p1a: Eternatus|Eternatus, L69|308/308\n|-ability|p1a: Eternatus|Pressure\n|move|p2a: Shiftry|Knock Off|p1a: Eternatus\n|-damage|p1a: Eternatus|144/308\n|-enditem|p1a: Eternatus|Leftovers|[from] move: Knock Off|[of] p2a: Shiftry\n|-damage|p2a: Shiftry|275/305|[from] item: Life Orb\n|\n|upkeep\n|turn|13\n|\n|t:|1782813675\n|switch|p2a: Torkoal|Torkoal, L88, M|120/266\n|-weather|SunnyDay|[from] ability: Drought|[of] p2a: Torkoal\n|move|p1a: Eternatus|Recover|p1a: Eternatus\n|-heal|p1a: Eternatus|298/308\n|\n|-weather|SunnyDay|[upkeep]\n|upkeep\n|turn|14\n|\n|t:|1782813683\n|move|p1a: Eternatus|Dynamax Cannon|p2a: Torkoal\n|-damage|p2a: Torkoal|0 fnt\n|faint|p2a: Torkoal\n|\n|-weather|SunnyDay|[upkeep]\n|upkeep\n|\n|t:|1782813693\n|switch|p2a: Dipplin|Dipplin, L88, F|284/284\n|turn|15\n|\n|t:|1782813696\n|move|p1a: Eternatus|Toxic Spikes|p2a: Dipplin\n|-sidestart|p2: Monkapotamus|move: Toxic Spikes\n|move|p2a: Dipplin|Dragon Pulse|p1a: Eternatus\n|-supereffective|p1a: Eternatus\n|-damage|p1a: Eternatus|68/308\n|\n|-weather|SunnyDay|[upkeep]\n|upkeep\n|turn|16\n|\n|t:|1782813706\n|switch|p1a: Goodra|Goodra-Hisui, L82, F|265/265\n|switch|p2a: Banette|Banette, L93, M|270/270\n|-status|p2a: Banette|psn\n|\n|-weather|SunnyDay|[upkeep]\n|-damage|p2a: Banette|237/270 psn|[from] psn\n|upkeep\n|turn|17\n|\n|t:|1782813725\n|move|p2a: Banette|Swords Dance|p2a: Banette\n|-boost|p2a: Banette|atk|2\n|move|p1a: Goodra|Draco Meteor|p2a: Banette|[miss]\n|-miss|p1a: Goodra|p2a: Banette\n|\n|-weather|none\n|-damage|p2a: Banette|204/270 psn|[from] psn\n|upkeep\n|turn|18\n|\n|t:|1782813734\n|move|p2a: Banette|Poltergeist|p1a: Goodra\n|-activate|p1a: Goodra|move: Poltergeist|Assault Vest\n|-damage|p1a: Goodra|0 fnt\n|faint|p1a: Goodra\n|-damage|p2a: Banette|177/270 psn|[from] item: Life Orb\n|\n|-damage|p2a: Banette|144/270 psn|[from] psn\n|upkeep\n|\n|t:|1782813739\n|switch|p1a: Scovillain|Scovillain, L91, F|266/266\n|turn|19\n|\n|t:|1782813751\n|move|p2a: Banette|Shadow Sneak|p1a: Scovillain\n|-damage|p1a: Scovillain|87/266\n|-damage|p2a: Banette|117/270 psn|[from] item: Life Orb\n|move|p1a: Scovillain|Fire Blast|p2a: Banette\n|-damage|p2a: Banette|0 fnt\n|faint|p2a: Banette\n|\n|upkeep\n|\n|t:|1782813762\n|switch|p2a: Reuniclus|Reuniclus, L88, M|337/337\n|-status|p2a: Reuniclus|psn\n|turn|20\n|\n|t:|1782813767\n|switch|p1a: Lugia|Lugia, L73|124/275\n|move|p2a: Reuniclus|Calm Mind|p2a: Reuniclus\n|-boost|p2a: Reuniclus|spa|1\n|-boost|p2a: Reuniclus|spd|1\n|\n|upkeep\n|turn|21\n|\n|t:|1782813773\n|switch|p1a: Eternatus|Eternatus, L69|68/308\n|-ability|p1a: Eternatus|Pressure\n|move|p2a: Reuniclus|Calm Mind|p2a: Reuniclus\n|-boost|p2a: Reuniclus|spa|1\n|-boost|p2a: Reuniclus|spd|1\n|\n|upkeep\n|turn|22\n|\n|t:|1782813782\n|switch|p1a: Scovillain|Scovillain, L91, F|87/266\n|move|p2a: Reuniclus|Psyshock|p1a: Scovillain\n|-damage|p1a: Scovillain|0 fnt\n|faint|p1a: Scovillain\n|\n|upkeep\n|\n|t:|1782813784\n|switch|p1a: Lugia|Lugia, L73|124/275\n|turn|23\n|\n|t:|1782813792\n|move|p1a: Lugia|Recover|p1a: Lugia\n|-heal|p1a: Lugia|262/275\n|move|p2a: Reuniclus|Calm Mind|p2a: Reuniclus\n|-boost|p2a: Reuniclus|spa|1\n|-boost|p2a: Reuniclus|spd|1\n|\n|upkeep\n|turn|24\n|\n|t:|1782813798\n|move|p1a: Lugia|Calm Mind|p1a: Lugia\n|-boost|p1a: Lugia|spa|1\n|-boost|p1a: Lugia|spd|1\n|move|p2a: Reuniclus|Calm Mind|p2a: Reuniclus\n|-boost|p2a: Reuniclus|spa|1\n|-boost|p2a: Reuniclus|spd|1\n|\n|upkeep\n|turn|25\n|\n|t:|1782813805\n|move|p1a: Lugia|Calm Mind|p1a: Lugia\n|-boost|p1a: Lugia|spa|1\n|-boost|p1a: Lugia|spd|1\n|move|p2a: Reuniclus|Calm Mind|p2a: Reuniclus\n|-boost|p2a: Reuniclus|spa|1\n|-boost|p2a: Reuniclus|spd|1\n|\n|upkeep\n|turn|26\n|\n|t:|1782813812\n|move|p1a: Lugia|Calm Mind|p1a: Lugia\n|-boost|p1a: Lugia|spa|1\n|-boost|p1a: Lugia|spd|1\n|move|p2a: Reuniclus|Calm Mind|p2a: Reuniclus\n|-boost|p2a: Reuniclus|spa|1\n|-boost|p2a: Reuniclus|spd|1\n|\n|upkeep\n|turn|27\n|\n|t:|1782813818\n|move|p1a: Lugia|Calm Mind|p1a: Lugia\n|-boost|p1a: Lugia|spa|1\n|-boost|p1a: Lugia|spd|1\n|move|p2a: Reuniclus|Psyshock|p1a: Lugia\n|-resisted|p1a: Lugia\n|-damage|p1a: Lugia|15/275\n|\n|upkeep\n|turn|28\n|\n|t:|1782813825\n|move|p1a: Lugia|Aeroblast|p2a: Reuniclus\n|-damage|p2a: Reuniclus|277/337 psn\n|move|p2a: Reuniclus|Psyshock|p1a: Lugia\n|-resisted|p1a: Lugia\n|-damage|p1a: Lugia|0 fnt\n|faint|p1a: Lugia\n|\n|upkeep\n|-message|ryonabot forfeited.\n|\n|win|Monkapotamus\n|raw|ryonabot's rating: 1812 &rarr; <strong>1797</strong><br />(-15 for losing)\n|raw|Monkapotamus's rating: 1909 &rarr; <strong>1924</strong><br />(+15 for winning)\n", "inputlog": ">version f8ac14003a5f27e1bdc8d8c59608a773c1cb96e5\n>start {\"formatid\":\"gen9randombattle\",\"seed\":\"sodium,201db27adf454ba9a49efcd0ce33ce87\",\"rated\":\"Rated battle\"}\n>player p1 {\"name\":\"ryonabot\",\"avatar\":\"lucian\",\"rating\":1812,\"seed\":\"sodium,b7b49471b83d83e6735c5ce5ee9fe87d\"}\n>player p2 {\"name\":\"Monkapotamus\",\"avatar\":\"crasherwake\",\"rating\":1909,\"seed\":\"sodium,ef30a26bb77e951001c1a160275d497d\"}\n>p1 switch 4\n>p2 move earthquake\n>p1 move calmmind\n>p2 move yawn\n>p1 move earthpower\n>p2 move fireblast\n>p1 move aeroblast\n>p2 move fireblast\n>p1 move recover\n>p2 move fireblast\n>p1 move recover\n>p2 switch 5\n>p1 switch 6\n>p2 move swordsdance\n>p1 move closecombat\n>p2 move earthquake terastallize\n>p1 switch 5\n>p1 move knockoff\n>p2 move doubleedge\n>p1 switch 6\n>p2 switch 6\n>p1 move recover\n>p2 move dragonpulse\n>p1 move calmmind\n>p2 switch 3\n>p1 switch 4\n>p2 move knockoff\n>p1 move recover\n>p2 switch 5\n>p1 move dynamaxcannon\n>p2 move earthquake\n>p2 switch 3\n>p1 move toxicspikes\n>p2 move dragonpulse\n>p1 switch 3\n>p2 switch 2\n>p1 move dracometeor\n>p2 move swordsdance\n>p1 move heavyslam\n>p2 move poltergeist\n>p1 switch 2\n>p1 move fireblast\n>p2 move shadowsneak\n>p2 switch 4\n>p1 switch 4\n>p2 move calmmind\n>p1 switch 3\n>p2 move calmmind\n>p1 switch 4\n>p2 move psyshock\n>p1 switch 3\n>p1 move recover\n>p2 move calmmind\n>p1 move calmmind\n>p2 move calmmind\n>p1 move calmmind\n>p2 move calmmind\n>p1 move calmmind\n>p2 move calmmind\n>p1 move calmmind\n>p2 move psyshock\n>p1 move aeroblast\n>p2 move psyshock\n>forcelose p1", "uploadtime": 1782813830, "views": 8, "formatid": "gen9randombattle", "rating": 1797, "private": 0, "password": null, "player_dets": [{"name": "ryonabot", "avatar": "lucian", "rating": 1812, "seed": "sodium,b7b49471b83d83e6735c5ce5ee9fe87d"}, {"name": "Monkapotamus", "avatar": "crasherwake", "rating": 1909, "seed": "sodium,ef30a26bb77e951001c1a160275d497d"}], "teams_full": [{"Eternatus": {"name": "Eternatus", "species": "Eternatus", "speciesId": "eternatus", "gender": "N", "shiny": false, "level": 69, "moves": ["flamethrower", "recover", "toxicspikes", "dynamaxcannon"], "ability": "Pressure", "evs": {"hp": 85, "atk": 0, "def": 85, "spa": 85, "spd": 85, "spe": 85}, "ivs": {"hp": 31, "atk": 0, "def": 31, "spa": 31, "spd": 31, "spe": 31}, "item": "Leftovers", "teraType": "Dragon", "role": "Bulky Support", "bvs": {"hp": 140, "atk": 85, "def": 95, "spa": 145, "spd": 95, "spe": 130}, "stats": {"hp": 308, "atk": 122, "def": 171, "spa": 240, "spd": 171, "spe": 220}, "types": ["Poison", "Dragon"]}, "Scovillain": {"name": "Scovillain", "species": "Scovillain", "speciesId": "scovillain", "gender": "F", "shiny": false, "level": 91, "moves": ["energyball", "fireblast", "sunnyday", "stompingtantrum"], "ability": "Chlorophyll", "evs": {"hp": 85, "atk": 85, "def": 85, "spa": 85, "spd": 85, "spe": 85}, "ivs": {"hp": 31, "atk": 31, "def": 31, "spa": 31, "spd": 31, "spe": 31}, "item": "Heavy-Duty Boots", "teraType": "Fire", "role": "Wallbreaker", "bvs": {"hp": 65, "atk": 108, "def": 65, "spa": 108, "spd": 65, "spe": 75}, "stats": {"hp": 266, "atk": 248, "def": 170, "spa": 248, "spd": 170, "spe": 188}, "types": ["Grass", "Fire"]}, "Goodra": {"name": "Goodra", "species": "Goodra-Hisui", "speciesId": "goodrahisui", "gender": "F", "shiny": false, "level": 82, "moves": ["earthquake", "heavyslam", "dracometeor", "hydropump"], "ability": "Sap Sipper", "evs": {"hp": 85, "atk": 85, "def": 85, "spa": 85, "spd": 85, "spe": 85}, "ivs": {"hp": 31, "atk": 31, "def": 31, "spa": 31, "spd": 31, "spe": 31}, "item": "Assault Vest", "teraType": "Water", "role": "AV Pivot", "bvs": {"hp": 80, "atk": 100, "def": 100, "spa": 110, "spd": 150, "spe": 60}, "stats": {"hp": 265, "atk": 211, "def": 211, "spa": 228, "spd": 293, "spe": 146}, "types": ["Steel", "Dragon"]}, "Lugia": {"name": "Lugia", "species": "Lugia", "speciesId": "lugia", "gender": "N", "shiny": false, "level": 73, "moves": ["earthpower", "recover", "calmmind", "aeroblast"], "ability": "Multiscale", "evs": {"hp": 85, "atk": 0, "def": 85, "spa": 85, "spd": 85, "spe": 85}, "ivs": {"hp": 31, "atk": 0, "def": 31, "spa": 31, "spd": 31, "spe": 31}, "item": "Heavy-Duty Boots", "teraType": "Ground", "role": "Bulky Setup", "bvs": {"hp": 106, "atk": 90, "def": 130, "spa": 90, "spd": 154, "spe": 110}, "stats": {"hp": 275, "atk": 136, "def": 232, "spa": 174, "spd": 267, "spe": 203}, "types": ["Psychic", "Flying"]}, "Meowscarada": {"name": "Meowscarada", "species": "Meowscarada", "speciesId": "meowscarada", "gender": "M", "shiny": false, "level": 78, "moves": ["knockoff", "flowertrick", "tripleaxel", "uturn"], "ability": "Protean", "evs": {"hp": 85, "atk": 85, "def": 85, "spa": 85, "spd": 85, "spe": 85}, "ivs": {"hp": 31, "atk": 31, "def": 31, "spa": 31, "spd": 31, "spe": 31}, "item": "Choice Band", "teraType": "Grass", "role": "Fast Support", "bvs": {"hp": 76, "atk": 110, "def": 70, "spa": 81, "spd": 70, "spe": 123}, "stats": {"hp": 247, "atk": 217, "def": 154, "spa": 171, "spd": 154, "spe": 237}, "types": ["Grass", "Dark"]}, "Pawmot": {"name": "Pawmot", "species": "Pawmot", "speciesId": "pawmot", "gender": "F", "shiny": false, "level": 80, "moves": ["icepunch", "revivalblessing", "doubleshock", "closecombat"], "ability": "Iron Fist", "evs": {"hp": 85, "atk": 85, "def": 85, "spa": 85, "spd": 85, "spe": 85}, "ivs": {"hp": 31, "atk": 31, "def": 31, "spa": 31, "spd": 31, "spe": 31}, "item": "Life Orb", "teraType": "Electric", "role": "Wallbreaker", "bvs": {"hp": 70, "atk": 115, "def": 70, "spa": 70, "spd": 60, "spe": 105}, "stats": {"hp": 243, "atk": 230, "def": 158, "spa": 158, "spd": 142, "spe": 214}, "types": ["Electric", "Fighting"]}}, {"Torkoal": {"name": "Torkoal", "species": "Torkoal", "speciesId": "torkoal", "gender": "M", "shiny": false, "level": 88, "moves": ["yawn", "fireblast", "earthquake", "solarbeam"], "ability": "Drought", "evs": {"hp": 85, "atk": 85, "def": 85, "spa": 85, "spd": 85, "spe": 85}, "ivs": {"hp": 31, "atk": 31, "def": 31, "spa": 31, "spd": 31, "spe": 31}, "item": "Heavy-Duty Boots", "teraType": "Grass", "role": "Wallbreaker", "bvs": {"hp": 70, "atk": 85, "def": 140, "spa": 85, "spd": 70, "spe": 20}, "stats": {"hp": 266, "atk": 200, "def": 297, "spa": 200, "spd": 173, "spe": 85}, "types": ["Fire"]}, "Banette": {"name": "Banette", "species": "Banette", "speciesId": "banette", "gender": "M", "shiny": false, "level": 93, "moves": ["shadowsneak", "poltergeist", "swordsdance", "gunkshot"], "ability": "Insomnia", "evs": {"hp": 85, "atk": 85, "def": 85, "spa": 85, "spd": 85, "spe": 85}, "ivs": {"hp": 31, "atk": 31, "def": 31, "spa": 31, "spd": 31, "spe": 31}, "item": "Life Orb", "teraType": "Ghost", "role": "Wallbreaker", "bvs": {"hp": 64, "atk": 115, "def": 65, "spa": 83, "spd": 63, "spe": 65}, "stats": {"hp": 270, "atk": 267, "def": 174, "spa": 207, "spd": 170, "spe": 174}, "types": ["Ghost"]}, "Shiftry": {"name": "Shiftry", "species": "Shiftry", "speciesId": "shiftry", "gender": "M", "shiny": false, "level": 89, "moves": ["willowisp", "leafstorm", "knockoff", "suckerpunch"], "ability": "Wind Rider", "evs": {"hp": 85, "atk": 85, "def": 85, "spa": 85, "spd": 85, "spe": 85}, "ivs": {"hp": 31, "atk": 31, "def": 31, "spa": 31, "spd": 31, "spe": 31}, "item": "Life Orb", "teraType": "Poison", "role": "Fast Support", "bvs": {"hp": 90, "atk": 100, "def": 60, "spa": 90, "spd": 60, "spe": 80}, "stats": {"hp": 305, "atk": 229, "def": 158, "spa": 211, "spd": 158, "spe": 193}, "types": ["Grass", "Dark"]}, "Reuniclus": {"name": "Reuniclus", "species": "Reuniclus", "speciesId": "reuniclus", "gender": "M", "shiny": false, "level": 88, "moves": ["focusblast", "recover", "calmmind", "psyshock"], "ability": "Magic Guard", "evs": {"hp": 85, "atk": 0, "def": 85, "spa": 85, "spd": 85, "spe": 85}, "ivs": {"hp": 31, "atk": 0, "def": 31, "spa": 31, "spd": 31, "spe": 31}, "item": "Life Orb", "teraType": "Fighting", "role": "Bulky Setup", "bvs": {"hp": 110, "atk": 65, "def": 75, "spa": 125, "spd": 85, "spe": 30}, "stats": {"hp": 337, "atk": 119, "def": 182, "spa": 270, "spd": 200, "spe": 103}, "types": ["Psychic"]}, "Greedent": {"name": "Greedent", "species": "Greedent", "speciesId": "greedent", "gender": "F", "shiny": false, "level": 86, "moves": ["knockoff", "earthquake", "swordsdance", "doubleedge"], "ability": "Cheek Pouch", "evs": {"hp": 85, "atk": 85, "def": 85, "spa": 85, "spd": 85, "spe": 85}, "ivs": {"hp": 31, "atk": 31, "def": 31, "spa": 31, "spd": 31, "spe": 31}, "item": "Sitrus Berry", "teraType": "Ghost", "role": "Bulky Setup", "bvs": {"hp": 120, "atk": 95, "def": 95, "spa": 55, "spd": 75, "spe": 20}, "stats": {"hp": 347, "atk": 213, "def": 213, "spa": 144, "spd": 178, "spe": 84}, "types": ["Normal"]}, "Dipplin": {"name": "Dipplin", "species": "Dipplin", "speciesId": "dipplin", "gender": "F", "shiny": false, "level": 88, "moves": ["dragonpulse", "gigadrain", "suckerpunch", "recover"], "ability": "Sticky Hold", "evs": {"hp": 85, "atk": 85, "def": 85, "spa": 85, "spd": 85, "spe": 85}, "ivs": {"hp": 31, "atk": 31, "def": 31, "spa": 31, "spd": 31, "spe": 31}, "item": "Eviolite", "teraType": "Steel", "role": "Bulky Attacker", "bvs": {"hp": 80, "atk": 80, "def": 110, "spa": 95, "spd": 80, "spe": 40}, "stats": {"hp": 284, "atk": 191, "def": 244, "spa": 217, "spd": 191, "spe": 121}, "types": ["Grass", "Dragon"]}}]}