{"id": "gen9randombattle-2642083295", "format": "[Gen 9] Random Battle", "players": ["Nananana6aba", "syahir sucks balls"], "log": "|j|\u2606Nananana6aba\n|j|\u2606syahir sucks balls\n|t:|1782886216\n|gametype|singles\n|player|p1|Nananana6aba|red|1027\n|player|p2|syahir sucks balls|101|1044\n|gen|9\n|tier|[Gen 9] Random Battle\n|rated|\n|rule|Species Clause: Limit one of each Pok\u00e9mon\n|rule|HP Percentage Mod: HP is shown in percentages\n|rule|Sleep Clause Mod: Limit one foe put to sleep\n|rule|Illusion Level Mod: Illusion disguises the Pok\u00e9mon's true level\n|\n|t:|1782886216\n|teamsize|p1|6\n|teamsize|p2|6\n|start\n|switch|p1a: Oricorio|Oricorio-Pa'u, L87, F|272/272\n|switch|p2a: Lucario|Lucario, L84, F|255/255\n|turn|1\n|\n|t:|1782886235\n|-terastallize|p1a: Oricorio|Fighting\n|-terastallize|p2a: Lucario|Normal\n|move|p1a: Oricorio|Hurricane|p2a: Lucario\n|-damage|p2a: Lucario|119/255\n|-start|p2a: Lucario|confusion\n|-activate|p2a: Lucario|confusion\n|-damage|p2a: Lucario|83/255|[from] confusion\n|\n|upkeep\n|turn|2\n|\n|t:|1782886249\n|move|p1a: Oricorio|Hurricane|p2a: Lucario|[miss]\n|-miss|p1a: Oricorio|p2a: Lucario\n|-activate|p2a: Lucario|confusion\n|move|p2a: Lucario|Close Combat|p1a: Oricorio\n|-damage|p1a: Oricorio|49/272\n|-unboost|p2a: Lucario|def|1\n|-unboost|p2a: Lucario|spd|1\n|\n|upkeep\n|turn|3\n|\n|t:|1782886261\n|move|p1a: Oricorio|Quiver Dance|p1a: Oricorio\n|-boost|p1a: Oricorio|spa|1\n|-boost|p1a: Oricorio|spd|1\n|-boost|p1a: Oricorio|spe|1\n|-activate|p2a: Lucario|confusion\n|move|p2a: Lucario|Close Combat|p1a: Oricorio\n|-damage|p1a: Oricorio|0 fnt\n|-unboost|p2a: Lucario|def|1\n|-unboost|p2a: Lucario|spd|1\n|faint|p1a: Oricorio\n|\n|upkeep\n|\n|t:|1782886274\n|switch|p1a: Arceus|Arceus-Ground, L70|284/284\n|turn|4\n|\n|t:|1782886282\n|move|p1a: Arceus|Stone Edge|p2a: Lucario\n|-damage|p2a: Lucario|0 fnt\n|faint|p2a: Lucario\n|\n|upkeep\n|\n|t:|1782886287\n|switch|p2a: Emboar|Emboar, L84, M|322/322\n|turn|5\n|\n|t:|1782886294\n|move|p1a: Arceus|Dragon Dance|p1a: Arceus\n|-boost|p1a: Arceus|atk|1\n|-boost|p1a: Arceus|spe|1\n|move|p2a: Emboar|Close Combat|p1a: Arceus\n|-crit|p1a: Arceus\n|-damage|p1a: Arceus|53/284\n|-unboost|p2a: Emboar|def|1\n|-unboost|p2a: Emboar|spd|1\n|\n|upkeep\n|turn|6\n|\n|t:|1782886303\n|move|p1a: Arceus|Recover|p1a: Arceus\n|-heal|p1a: Arceus|195/284\n|move|p2a: Emboar|Close Combat|p1a: Arceus\n|-crit|p1a: Arceus\n|-damage|p1a: Arceus|0 fnt\n|-unboost|p2a: Emboar|def|1\n|-unboost|p2a: Emboar|spd|1\n|faint|p1a: Arceus\n|\n|upkeep\n|\n|t:|1782886315\n|switch|p1a: Toxapex|Toxapex, L82, M|216/216\n|turn|7\n|\n|t:|1782886320\n|move|p2a: Emboar|Close Combat|p1a: Toxapex\n|-resisted|p1a: Toxapex\n|-damage|p1a: Toxapex|170/216\n|-unboost|p2a: Emboar|def|1\n|-unboost|p2a: Emboar|spd|1\n|-damage|p2a: Emboar|269/322|[from] item: Rocky Helmet|[of] p1a: Toxapex\n|move|p1a: Toxapex|Liquidation|p2a: Emboar\n|-supereffective|p2a: Emboar\n|-damage|p2a: Emboar|0 fnt\n|faint|p2a: Emboar\n|\n|upkeep\n|\n|t:|1782886330\n|switch|p2a: Granbull|Granbull, L88, F|302/302\n|-ability|p2a: Granbull|Intimidate|boost\n|-unboost|p1a: Toxapex|atk|1\n|turn|8\n|\n|t:|1782886343\n|move|p2a: Granbull|Play Rough|p1a: Toxapex\n|-resisted|p1a: Toxapex\n|-damage|p1a: Toxapex|128/216\n|-unboost|p1a: Toxapex|atk|1\n|-damage|p2a: Granbull|252/302|[from] item: Rocky Helmet|[of] p1a: Toxapex\n|move|p1a: Toxapex|Toxic|p2a: Granbull\n|-status|p2a: Granbull|tox\n|\n|-heal|p2a: Granbull|270/302 tox|[from] item: Leftovers\n|-damage|p2a: Granbull|252/302 tox|[from] psn\n|upkeep\n|turn|9\n|\n|t:|1782886357\n|move|p2a: Granbull|Play Rough|p1a: Toxapex\n|-resisted|p1a: Toxapex\n|-damage|p1a: Toxapex|85/216\n|-damage|p2a: Granbull|202/302 tox|[from] item: Rocky Helmet|[of] p1a: Toxapex\n|move|p1a: Toxapex|Toxic|p2a: Granbull\n|-fail|p2a: Granbull|tox\n|\n|-heal|p2a: Granbull|220/302 tox|[from] item: Leftovers\n|-damage|p2a: Granbull|184/302 tox|[from] psn\n|upkeep\n|turn|10\n|\n|t:|1782886373\n|switch|p1a: Diancie|Diancie, L82|216/216\n|move|p2a: Granbull|Play Rough|p1a: Diancie\n|-crit|p1a: Diancie\n|-damage|p1a: Diancie|89/216\n|\n|-heal|p2a: Granbull|202/302 tox|[from] item: Leftovers\n|-damage|p2a: Granbull|148/302 tox|[from] psn\n|upkeep\n|turn|11\n|\n|t:|1782886382\n|move|p1a: Diancie|Moonblast|p2a: Granbull\n|-damage|p2a: Granbull|28/302 tox\n|move|p2a: Granbull|Play Rough|p1a: Diancie\n|-damage|p1a: Diancie|11/216\n|\n|-heal|p2a: Granbull|46/302 tox|[from] item: Leftovers\n|-damage|p2a: Granbull|0 fnt|[from] psn\n|faint|p2a: Granbull\n|upkeep\n|\n|t:|1782886391\n|switch|p2a: Azumarill|Azumarill, L82, M|298/298\n|turn|12\n|\n|t:|1782886395\n|switch|p1a: Gogoat|Gogoat, L88, F|360/360\n|move|p2a: Azumarill|Play Rough|p1a: Gogoat\n|-damage|p1a: Gogoat|161/360\n|-unboost|p1a: Gogoat|atk|1\n|\n|-heal|p1a: Gogoat|183/360|[from] item: Leftovers\n|upkeep\n|turn|13\n|\n|t:|1782886405\n|move|p1a: Gogoat|Horn Leech|p2a: Azumarill\n|-supereffective|p2a: Azumarill\n|-damage|p2a: Azumarill|158/298\n|-heal|p1a: Gogoat|253/360|[from] drain|[of] p2a: Azumarill\n|move|p2a: Azumarill|Play Rough|p1a: Gogoat\n|-damage|p1a: Gogoat|58/360\n|\n|-heal|p1a: Gogoat|80/360|[from] item: Leftovers\n|upkeep\n|turn|14\n|\n|t:|1782886415\n|move|p1a: Gogoat|Horn Leech|p2a: Azumarill\n|-supereffective|p2a: Azumarill\n|-damage|p2a: Azumarill|14/298\n|-heal|p1a: Gogoat|152/360|[from] drain|[of] p2a: Azumarill\n|move|p2a: Azumarill|Play Rough|p1a: Gogoat\n|-damage|p1a: Gogoat|0 fnt\n|faint|p1a: Gogoat\n|\n|upkeep\n|\n|t:|1782886423\n|switch|p1a: Diancie|Diancie, L82|11/216\n|turn|15\n|\n|t:|1782886427\n|move|p2a: Azumarill|Play Rough|p1a: Diancie|[miss]\n|-miss|p2a: Azumarill|p1a: Diancie\n|move|p1a: Diancie|Moonblast|p2a: Azumarill\n|-damage|p2a: Azumarill|0 fnt\n|faint|p2a: Azumarill\n|\n|upkeep\n|\n|t:|1782886434\n|switch|p2a: Sandaconda|Sandaconda, L84, M|258/258\n|turn|16\n|\n|t:|1782886443\n|switch|p1a: Toxapex|Toxapex, L82, M|157/216\n|move|p2a: Sandaconda|Scale Shot|p1a: Toxapex\n|-damage|p1a: Toxapex|144/216\n|-damage|p1a: Toxapex|130/216\n|-damage|p1a: Toxapex|118/216\n|-damage|p1a: Toxapex|105/216\n|-damage|p1a: Toxapex|90/216\n|-hitcount|p1a: Toxapex|5\n|-unboost|p2a: Sandaconda|def|1\n|-boost|p2a: Sandaconda|spe|1\n|\n|upkeep\n|turn|17\n|\n|t:|1782886458\n|move|p2a: Sandaconda|Coil|p2a: Sandaconda\n|-boost|p2a: Sandaconda|atk|1\n|-boost|p2a: Sandaconda|def|1\n|-boost|p2a: Sandaconda|accuracy|1\n|move|p1a: Toxapex|Toxic|p2a: Sandaconda\n|-status|p2a: Sandaconda|tox\n|\n|-activate|p2a: Sandaconda|ability: Shed Skin\n|-curestatus|p2a: Sandaconda|tox|[msg]\n|upkeep\n|turn|18\n|\n|t:|1782886468\n|move|p2a: Sandaconda|Earthquake|p1a: Toxapex\n|-supereffective|p1a: Toxapex\n|-damage|p1a: Toxapex|0 fnt\n|faint|p1a: Toxapex\n|\n|upkeep\n|\n|t:|1782886473\n|switch|p1a: Coalossal|Coalossal, L89, M|341/341\n|turn|19\n|\n|t:|1782886477\n|move|p2a: Sandaconda|Earthquake|p1a: Coalossal\n|-supereffective|p1a: Coalossal\n|-damage|p1a: Coalossal|0 fnt\n|faint|p1a: Coalossal\n|\n|upkeep\n|\n|t:|1782886481\n|switch|p1a: Diancie|Diancie, L82|11/216\n|turn|20\n|\n|t:|1782886485\n|move|p2a: Sandaconda|Earthquake|p1a: Diancie\n|-supereffective|p1a: Diancie\n|-damage|p1a: Diancie|0 fnt\n|faint|p1a: Diancie\n|\n|win|syahir sucks balls\n|raw|Nananana6aba's rating: 1027 &rarr; <strong>1014</strong><br />(-13 for losing)\n|raw|syahir sucks balls's rating: 1044 &rarr; <strong>1076</strong><br />(+32 for winning)\n", "inputlog": ">version f8ac14003a5f27e1bdc8d8c59608a773c1cb96e5\n>start {\"formatid\":\"gen9randombattle\",\"seed\":\"sodium,1a680921a75b0d19eceadefb5c4dfef3\",\"rated\":\"Rated battle\"}\n>player p1 {\"name\":\"Nananana6aba\",\"avatar\":\"red\",\"rating\":1027,\"seed\":\"sodium,3b365fc09be9fc4f1a14c2a70c83ab70\"}\n>player p2 {\"name\":\"syahir sucks balls\",\"avatar\":\"101\",\"rating\":1044,\"seed\":\"sodium,7ebbb818cb336cb1034f01cc61c7df0b\"}\n>p1 move hurricane terastallize\n>p2 move closecombat terastallize\n>p1 move hurricane\n>p2 move closecombat\n>p1 move quiverdance\n>p2 move closecombat\n>p1 switch 6\n>p1 move stoneedge\n>p2 move closecombat\n>p2 switch 2\n>p1 move dragondance\n>p2 move closecombat\n>p1 move recover\n>p2 move closecombat\n>p1 switch 3\n>p1 move liquidation\n>p2 move closecombat\n>p2 switch 3\n>p1 move toxic\n>p2 move playrough\n>p1 move toxic\n>p2 move playrough\n>p1 switch 5\n>p2 move playrough\n>p1 move moonblast\n>p2 move playrough\n>p2 switch 4\n>p1 switch 4\n>p2 move playrough\n>p1 move hornleech\n>p2 move playrough\n>p1 move hornleech\n>p2 move playrough\n>p1 switch 4\n>p1 move moonblast\n>p2 move playrough\n>p2 switch 5\n>p1 switch 5\n>p2 move scaleshot\n>p1 move toxic\n>p2 move coil\n>p1 move haze\n>p2 move earthquake\n>p1 switch 2\n>p1 move stoneedge\n>p2 move earthquake\n>p1 switch 5\n>p1 move bodypress\n>p2 move earthquake", "uploadtime": 1782886493, "views": 4, "formatid": "gen9randombattle", "rating": 1014, "private": 0, "password": null, "player_dets": [{"name": "Nananana6aba", "avatar": "red", "rating": 1027, "seed": "sodium,3b365fc09be9fc4f1a14c2a70c83ab70"}, {"name": "syahir sucks balls", "avatar": "101", "rating": 1044, "seed": "sodium,7ebbb818cb336cb1034f01cc61c7df0b"}], "teams_full": [{"Oricorio": {"name": "Oricorio", "species": "Oricorio-Pa'u", "speciesId": "oricoriopau", "gender": "F", "shiny": false, "level": 87, "moves": ["quiverdance", "roost", "revelationdance", "hurricane"], "ability": "Dancer", "evs": {"hp": 85, "atk": 0, "def": 85, "spa": 85, "spd": 85, "spe": 85}, "ivs": {"hp": 31, "atk": 0, "def": 31, "spa": 31, "spd": 31, "spe": 31}, "item": "Heavy-Duty Boots", "teraType": "Fighting", "role": "Setup Sweeper", "bvs": {"hp": 75, "atk": 70, "def": 70, "spa": 98, "spd": 70, "spe": 93}, "stats": {"hp": 272, "atk": 126, "def": 172, "spa": 220, "spd": 172, "spe": 212}, "types": ["Psychic", "Flying"]}, "Coalossal": {"name": "Coalossal", "species": "Coalossal", "speciesId": "coalossal", "gender": "M", "shiny": false, "level": 89, "moves": ["stealthrock", "stoneedge", "flamethrower", "rapidspin"], "ability": "Flame Body", "evs": {"hp": 85, "atk": 85, "def": 85, "spa": 85, "spd": 85, "spe": 85}, "ivs": {"hp": 31, "atk": 31, "def": 31, "spa": 31, "spd": 31, "spe": 31}, "item": "Heavy-Duty Boots", "teraType": "Ghost", "role": "Bulky Support", "bvs": {"hp": 110, "atk": 80, "def": 120, "spa": 80, "spd": 90, "spe": 30}, "stats": {"hp": 341, "atk": 193, "def": 264, "spa": 193, "spd": 211, "spe": 104}, "types": ["Rock", "Fire"]}, "Toxapex": {"name": "Toxapex", "species": "Toxapex", "speciesId": "toxapex", "gender": "M", "shiny": false, "level": 82, "moves": ["toxic", "recover", "haze", "liquidation"], "ability": "Regenerator", "evs": {"hp": 85, "atk": 85, "def": 85, "spa": 85, "spd": 85, "spe": 85}, "ivs": {"hp": 31, "atk": 31, "def": 31, "spa": 31, "spd": 31, "spe": 31}, "item": "Rocky Helmet", "teraType": "Fairy", "role": "Bulky Support", "bvs": {"hp": 50, "atk": 63, "def": 152, "spa": 53, "spd": 142, "spe": 35}, "stats": {"hp": 216, "atk": 150, "def": 296, "spa": 134, "spd": 280, "spe": 105}, "types": ["Poison", "Water"]}, "Gogoat": {"name": "Gogoat", "species": "Gogoat", "speciesId": "gogoat", "gender": "F", "shiny": false, "level": 88, "moves": ["milkdrink", "bulkup", "hornleech", "earthquake"], "ability": "Sap Sipper", "evs": {"hp": 85, "atk": 85, "def": 85, "spa": 85, "spd": 85, "spe": 85}, "ivs": {"hp": 31, "atk": 31, "def": 31, "spa": 31, "spd": 31, "spe": 31}, "item": "Leftovers", "teraType": "Water", "role": "Bulky Setup", "bvs": {"hp": 123, "atk": 100, "def": 62, "spa": 97, "spd": 81, "spe": 68}, "stats": {"hp": 360, "atk": 226, "def": 159, "spa": 221, "spd": 193, "spe": 170}, "types": ["Grass"]}, "Diancie": {"name": "Diancie", "species": "Diancie", "speciesId": "diancie", "gender": "N", "shiny": false, "level": 82, "moves": ["earthpower", "moonblast", "bodypress", "diamondstorm"], "ability": "Clear Body", "evs": {"hp": 85, "atk": 85, "def": 85, "spa": 85, "spd": 85, "spe": 85}, "ivs": {"hp": 31, "atk": 31, "def": 31, "spa": 31, "spd": 31, "spe": 31}, "item": "Assault Vest", "teraType": "Fighting", "role": "Bulky Attacker", "bvs": {"hp": 50, "atk": 100, "def": 150, "spa": 100, "spd": 150, "spe": 50}, "stats": {"hp": 216, "atk": 211, "def": 293, "spa": 211, "spd": 293, "spe": 129}, "types": ["Rock", "Fairy"]}, "Arceus": {"name": "Arceus", "species": "Arceus-Ground", "speciesId": "arceusground", "gender": "N", "shiny": false, "level": 70, "moves": ["stoneedge", "dragondance", "earthquake", "recover"], "ability": "Multitype", "evs": {"hp": 85, "atk": 85, "def": 85, "spa": 85, "spd": 85, "spe": 85}, "ivs": {"hp": 31, "atk": 31, "def": 31, "spa": 31, "spd": 31, "spe": 31}, "item": "Earth Plate", "teraType": "Steel", "role": "Fast Bulky Setup", "bvs": {"hp": 120, "atk": 120, "def": 120, "spa": 120, "spd": 120, "spe": 120}, "stats": {"hp": 284, "atk": 209, "def": 209, "spa": 209, "spd": 209, "spe": 209}, "types": ["Ground"]}}, {"Lucario": {"name": "Lucario", "species": "Lucario", "speciesId": "lucario", "gender": "F", "shiny": false, "level": 84, "moves": ["stoneedge", "extremespeed", "meteormash", "closecombat"], "ability": "Justified", "evs": {"hp": 85, "atk": 85, "def": 85, "spa": 85, "spd": 85, "spe": 85}, "ivs": {"hp": 31, "atk": 31, "def": 31, "spa": 31, "spd": 31, "spe": 31}, "item": "Choice Band", "teraType": "Normal", "role": "Fast Attacker", "bvs": {"hp": 70, "atk": 110, "def": 70, "spa": 115, "spd": 70, "spe": 90}, "stats": {"hp": 255, "atk": 233, "def": 166, "spa": 241, "spd": 166, "spe": 199}, "types": ["Fighting", "Steel"]}, "Emboar": {"name": "Emboar", "species": "Emboar", "speciesId": "emboar", "gender": "M", "shiny": false, "level": 84, "moves": ["knockoff", "closecombat", "wildcharge", "flareblitz"], "ability": "Reckless", "evs": {"hp": 85, "atk": 85, "def": 85, "spa": 85, "spd": 85, "spe": 85}, "ivs": {"hp": 31, "atk": 31, "def": 31, "spa": 31, "spd": 31, "spe": 31}, "item": "Assault Vest", "teraType": "Electric", "role": "AV Pivot", "bvs": {"hp": 110, "atk": 123, "def": 65, "spa": 100, "spd": 65, "spe": 65}, "stats": {"hp": 322, "atk": 255, "def": 157, "spa": 216, "spd": 157, "spe": 157}, "types": ["Fire", "Fighting"]}, "Granbull": {"name": "Granbull", "species": "Granbull", "speciesId": "granbull", "gender": "F", "shiny": false, "level": 88, "moves": ["earthquake", "encore", "thunderwave", "playrough"], "ability": "Intimidate", "evs": {"hp": 85, "atk": 85, "def": 85, "spa": 85, "spd": 85, "spe": 85}, "ivs": {"hp": 31, "atk": 31, "def": 31, "spa": 31, "spd": 31, "spe": 31}, "item": "Leftovers", "teraType": "Ground", "role": "Bulky Attacker", "bvs": {"hp": 90, "atk": 120, "def": 75, "spa": 60, "spd": 60, "spe": 45}, "stats": {"hp": 302, "atk": 261, "def": 182, "spa": 156, "spd": 156, "spe": 129}, "types": ["Fairy"]}, "Azumarill": {"name": "Azumarill", "species": "Azumarill", "speciesId": "azumarill", "gender": "M", "shiny": false, "level": 82, "moves": ["aquajet", "playrough", "liquidation", "icespinner"], "ability": "Huge Power", "evs": {"hp": 85, "atk": 85, "def": 85, "spa": 85, "spd": 85, "spe": 85}, "ivs": {"hp": 31, "atk": 31, "def": 31, "spa": 31, "spd": 31, "spe": 31}, "item": "Choice Band", "teraType": "Water", "role": "Bulky Attacker", "bvs": {"hp": 100, "atk": 50, "def": 80, "spa": 60, "spd": 80, "spe": 50}, "stats": {"hp": 298, "atk": 129, "def": 178, "spa": 146, "spd": 178, "spe": 129}, "types": ["Water", "Fairy"]}, "Sandaconda": {"name": "Sandaconda", "species": "Sandaconda", "speciesId": "sandaconda", "gender": "M", "shiny": false, "level": 84, "moves": ["earthquake", "coil", "scaleshot", "rockblast"], "ability": "Shed Skin", "evs": {"hp": 85, "atk": 85, "def": 85, "spa": 85, "spd": 85, "spe": 85}, "ivs": {"hp": 31, "atk": 31, "def": 31, "spa": 31, "spd": 31, "spe": 31}, "item": "Loaded Dice", "teraType": "Dragon", "role": "Fast Bulky Setup", "bvs": {"hp": 72, "atk": 107, "def": 125, "spa": 65, "spd": 70, "spe": 71}, "stats": {"hp": 258, "atk": 228, "def": 258, "spa": 157, "spd": 166, "spe": 167}, "types": ["Ground"]}, "Squawkabilly": {"name": "Squawkabilly", "species": "Squawkabilly-White", "speciesId": "squawkabillywhite", "gender": "M", "shiny": false, "level": 89, "moves": ["quickattack", "doubleedge", "bravebird", "foulplay"], "ability": "Hustle", "evs": {"hp": 85, "atk": 85, "def": 85, "spa": 85, "spd": 85, "spe": 85}, "ivs": {"hp": 31, "atk": 31, "def": 31, "spa": 31, "spd": 31, "spe": 31}, "item": "Choice Band", "teraType": "Normal", "role": "Wallbreaker", "bvs": {"hp": 82, "atk": 96, "def": 51, "spa": 45, "spd": 51, "spe": 92}, "stats": {"hp": 291, "atk": 222, "def": 142, "spa": 131, "spd": 142, "spe": 215}, "types": ["Normal", "Flying"]}}]}