{"id": "gen9randombattle-2642067037", "format": "[Gen 9] Random Battle", "players": ["demasque34", "jnpr010334"], "log": "|j|\u203ddemasque34\n|j|\u2606jnpr010334\n|t:|1782882794\n|gametype|singles\n|player|p1|demasque34|169|1748\n|player|p2|jnpr010334|265|1702\n|gen|9\n|tier|[Gen 9] Random Battle\n|rated|\n|rule|Species Clause: Limit one of each Pok\u00e9mon\n|rule|HP Percentage Mod: HP is shown in percentages\n|rule|Sleep Clause Mod: Limit one foe put to sleep\n|rule|Illusion Level Mod: Illusion disguises the Pok\u00e9mon's true level\n|\n|t:|1782882794\n|teamsize|p1|6\n|teamsize|p2|6\n|start\n|switch|p1a: Pincurchin|Pincurchin, M|258/258\n|switch|p2a: Blaziken|Blaziken, L76, M|247/247\n|-fieldstart|move: Electric Terrain|[from] ability: Electric Surge|[of] p1a: Pincurchin\n|turn|1\n|inactive|Battle timer is ON: inactive players will automatically lose when time's up. (requested by jnpr010334)\n|\n|t:|1782882802\n|switch|p2a: Rotom|Rotom-Mow, L87|229/229\n|move|p1a: Pincurchin|Scald|p2a: Rotom\n|-resisted|p2a: Rotom\n|-damage|p2a: Rotom|198/229\n|\n|-heal|p2a: Rotom|212/229|[from] item: Leftovers\n|upkeep\n|turn|2\n|\n|t:|1782882810\n|switch|p1a: Houndstone|Houndstone, L86, F|264/264\n|move|p2a: Rotom|Nasty Plot|p2a: Rotom\n|-boost|p2a: Rotom|spa|2\n|\n|-heal|p2a: Rotom|226/229|[from] item: Leftovers\n|upkeep\n|turn|3\n|\n|t:|1782882814\n|move|p2a: Rotom|Thunderbolt|p1a: Houndstone\n|-damage|p1a: Houndstone|71/264\n|move|p1a: Houndstone|Poltergeist|p2a: Rotom\n|-activate|p2a: Rotom|move: Poltergeist|Leftovers\n|-damage|p2a: Rotom|123/229\n|\n|-heal|p2a: Rotom|137/229|[from] item: Leftovers\n|-heal|p1a: Houndstone|87/264|[from] item: Leftovers\n|upkeep\n|turn|4\n|\n|t:|1782882823\n|switch|p1a: Donphan|Donphan, L84, M|288/288\n|move|p2a: Rotom|Thunderbolt|p1a: Donphan\n|-immune|p1a: Donphan\n|\n|-heal|p2a: Rotom|151/229|[from] item: Leftovers\n|upkeep\n|turn|5\n|\n|t:|1782882828\n|move|p2a: Rotom|Leaf Storm|p1a: Donphan\n|-supereffective|p1a: Donphan\n|-ability|p1a: Donphan|Sturdy\n|-damage|p1a: Donphan|1/288\n|-unboost|p2a: Rotom|spa|2\n|move|p1a: Donphan|Ice Spinner|p2a: Rotom\n|-supereffective|p2a: Rotom\n|-damage|p2a: Rotom|45/229\n|-fieldend|move: Electric Terrain\n|\n|-heal|p2a: Rotom|59/229|[from] item: Leftovers\n|upkeep\n|turn|6\n|\n|t:|1782882836\n|move|p1a: Donphan|Ice Shard|p2a: Rotom\n|-supereffective|p2a: Rotom\n|-damage|p2a: Rotom|0 fnt\n|faint|p2a: Rotom\n|\n|upkeep\n|\n|t:|1782882841\n|switch|p2a: Sawsbuck|Sawsbuck, L88, F|284/284\n|turn|7\n|\n|t:|1782882845\n|move|p1a: Donphan|Ice Shard|p2a: Sawsbuck\n|-supereffective|p2a: Sawsbuck\n|-damage|p2a: Sawsbuck|200/284\n|move|p2a: Sawsbuck|Swords Dance|p2a: Sawsbuck\n|-boost|p2a: Sawsbuck|atk|2\n|\n|upkeep\n|turn|8\n|\n|t:|1782882847\n|move|p1a: Donphan|Ice Shard|p2a: Sawsbuck\n|-supereffective|p2a: Sawsbuck\n|-damage|p2a: Sawsbuck|116/284\n|move|p2a: Sawsbuck|Horn Leech|p1a: Donphan\n|-supereffective|p1a: Donphan\n|-damage|p1a: Donphan|0 fnt\n|-heal|p2a: Sawsbuck|117/284|[from] drain|[of] p1a: Donphan\n|faint|p1a: Donphan\n|-damage|p2a: Sawsbuck|89/284|[from] item: Life Orb\n|\n|upkeep\n|\n|t:|1782882850\n|switch|p1a: Grafaiai|Grafaiai, L86, M|249/249\n|turn|9\n|\n|t:|1782882853\n|switch|p2a: Gholdengo|Gholdengo, L77|261/261\n|move|p1a: Grafaiai|U-turn|p2a: Gholdengo\n|-resisted|p2a: Gholdengo\n|-damage|p2a: Gholdengo|249/261\n|\n|t:|1782882858\n|switch|p1a: Krookodile|Krookodile, L79, M|280/280|[from] U-turn\n|-ability|p1a: Krookodile|Intimidate|boost\n|-unboost|p2a: Gholdengo|atk|1\n|\n|-heal|p2a: Gholdengo|261/261|[from] item: Leftovers\n|upkeep\n|turn|10\n|\n|t:|1782882862\n|switch|p2a: Luvdisc|Luvdisc, M|247/247\n|move|p1a: Krookodile|Knock Off|p2a: Luvdisc\n|-damage|p2a: Luvdisc|83/247\n|-enditem|p2a: Luvdisc|Heavy-Duty Boots|[from] move: Knock Off|[of] p1a: Krookodile\n|-damage|p1a: Krookodile|252/280|[from] item: Life Orb\n|\n|upkeep\n|turn|11\n|\n|t:|1782882874\n|switch|p1a: Houndstone|Houndstone, L86, F|87/264\n|move|p2a: Luvdisc|Endeavor|p1a: Houndstone\n|-immune|p1a: Houndstone\n|\n|-heal|p1a: Houndstone|103/264|[from] item: Leftovers\n|upkeep\n|turn|12\n|\n|t:|1782882877\n|move|p2a: Luvdisc|Surf|p1a: Houndstone\n|-crit|p1a: Houndstone\n|-damage|p1a: Houndstone|10/264\n|move|p1a: Houndstone|Rest|p1a: Houndstone\n|-status|p1a: Houndstone|slp|[from] move: Rest\n|-heal|p1a: Houndstone|264/264 slp|[silent]\n|\n|upkeep\n|turn|13\n|\n|t:|1782882880\n|move|p2a: Luvdisc|Flip Turn|p1a: Houndstone\n|-damage|p1a: Houndstone|244/264 slp\n|\n|t:|1782882883\n|switch|p2a: Blaziken|Blaziken, L76, M|247/247|[from] Flip Turn\n|cant|p1a: Houndstone|slp\n|move|p1a: Houndstone|Sleep Talk|p1a: Houndstone\n|move|p1a: Houndstone|Body Press|p2a: Blaziken|[from] move: Sleep Talk\n|-damage|p2a: Blaziken|169/247\n|\n|-heal|p1a: Houndstone|260/264 slp|[from] item: Leftovers\n|upkeep\n|turn|14\n|\n|t:|1782882887\n|move|p2a: Blaziken|Swords Dance|p2a: Blaziken\n|-boost|p2a: Blaziken|atk|2\n|cant|p1a: Houndstone|slp\n|move|p1a: Houndstone|Sleep Talk|p1a: Houndstone\n|move|p1a: Houndstone|Body Press|p2a: Blaziken|[from] move: Sleep Talk\n|-damage|p2a: Blaziken|96/247\n|\n|-heal|p1a: Houndstone|264/264 slp|[from] item: Leftovers\n|-ability|p2a: Blaziken|Speed Boost|boost\n|-boost|p2a: Blaziken|spe|1\n|upkeep\n|turn|15\n|\n|t:|1782882892\n|-terastallize|p1a: Houndstone|Fighting\n|move|p2a: Blaziken|Knock Off|p1a: Houndstone\n|-resisted|p1a: Houndstone\n|-damage|p1a: Houndstone|226/264 slp\n|-enditem|p1a: Houndstone|Leftovers|[from] move: Knock Off|[of] p2a: Blaziken\n|-damage|p2a: Blaziken|72/247|[from] item: Life Orb\n|-curestatus|p1a: Houndstone|slp|[msg]\n|move|p1a: Houndstone|Body Press|p2a: Blaziken\n|-damage|p2a: Blaziken|0 fnt\n|faint|p2a: Blaziken\n|\n|upkeep\n|\n|t:|1782882893\n|switch|p2a: Camerupt|Camerupt, L91, F|275/275\n|turn|16\n|\n|t:|1782882897\n|move|p1a: Houndstone|Poltergeist|p2a: Camerupt\n|-activate|p2a: Camerupt|move: Poltergeist|Leftovers\n|-damage|p2a: Camerupt|145/275\n|move|p2a: Camerupt|Overheat|p1a: Houndstone\n|-damage|p1a: Houndstone|0 fnt\n|-unboost|p2a: Camerupt|spa|2\n|faint|p1a: Houndstone\n|\n|-heal|p2a: Camerupt|162/275|[from] item: Leftovers\n|upkeep\n|\n|t:|1782882900\n|switch|p1a: Crawdaunt|Crawdaunt, L84, M|243/243\n|turn|17\n|\n|t:|1782882909\n|switch|p2a: Luvdisc|Luvdisc, M|83/247\n|move|p1a: Crawdaunt|Close Combat|p2a: Luvdisc\n|-damage|p2a: Luvdisc|0 fnt\n|-unboost|p1a: Crawdaunt|def|1\n|-unboost|p1a: Crawdaunt|spd|1\n|faint|p2a: Luvdisc\n|\n|upkeep\n|\n|t:|1782882911\n|switch|p2a: Sawsbuck|Sawsbuck, L88, F|89/284\n|turn|18\n|\n|t:|1782882916\n|switch|p1a: Grafaiai|Grafaiai, L86, M|249/249\n|move|p2a: Sawsbuck|Horn Leech|p1a: Grafaiai\n|-resisted|p1a: Grafaiai\n|-damage|p1a: Grafaiai|183/249\n|-heal|p2a: Sawsbuck|122/284|[from] drain|[of] p1a: Grafaiai\n|-damage|p2a: Sawsbuck|94/284|[from] item: Life Orb\n|\n|upkeep\n|turn|19\n|\n|t:|1782882920\n|switch|p2a: Gholdengo|Gholdengo, L77|261/261\n|move|p1a: Grafaiai|Knock Off|p2a: Gholdengo\n|-supereffective|p2a: Gholdengo\n|-damage|p2a: Gholdengo|119/261\n|-enditem|p2a: Gholdengo|Leftovers|[from] move: Knock Off|[of] p1a: Grafaiai\n|\n|upkeep\n|turn|20\n|\n|t:|1782882924\n|move|p1a: Grafaiai|Knock Off|p2a: Gholdengo\n|-supereffective|p2a: Gholdengo\n|-damage|p2a: Gholdengo|23/261\n|move|p2a: Gholdengo|Recover|p2a: Gholdengo\n|-heal|p2a: Gholdengo|154/261\n|\n|upkeep\n|turn|21\n|\n|t:|1782882928\n|move|p1a: Grafaiai|U-turn|p2a: Gholdengo\n|-resisted|p2a: Gholdengo\n|-damage|p2a: Gholdengo|141/261\n|\n|t:|1782882933\n|switch|p1a: Krookodile|Krookodile, L79, M|252/280|[from] U-turn\n|-ability|p1a: Krookodile|Intimidate|boost\n|-unboost|p2a: Gholdengo|atk|1\n|move|p2a: Gholdengo|Recover|p2a: Gholdengo\n|-heal|p2a: Gholdengo|261/261\n|\n|upkeep\n|turn|22\n|\n|t:|1782882936\n|switch|p2a: Sawsbuck|Sawsbuck, L88, F|94/284\n|move|p1a: Krookodile|Earthquake|p2a: Sawsbuck\n|-resisted|p2a: Sawsbuck\n|-damage|p2a: Sawsbuck|11/284\n|-damage|p1a: Krookodile|224/280|[from] item: Life Orb\n|\n|upkeep\n|turn|23\n|\n|t:|1782882942\n|switch|p1a: Grafaiai|Grafaiai, L86, M|183/249\n|move|p2a: Sawsbuck|Horn Leech|p1a: Grafaiai\n|-resisted|p1a: Grafaiai\n|-damage|p1a: Grafaiai|114/249\n|-heal|p2a: Sawsbuck|46/284|[from] drain|[of] p1a: Grafaiai\n|-damage|p2a: Sawsbuck|18/284|[from] item: Life Orb\n|\n|upkeep\n|turn|24\n|\n|t:|1782882946\n|switch|p2a: Gholdengo|Gholdengo, L77|261/261\n|move|p1a: Grafaiai|Knock Off|p2a: Gholdengo\n|-supereffective|p2a: Gholdengo\n|-damage|p2a: Gholdengo|157/261\n|\n|upkeep\n|turn|25\n|\n|t:|1782882949\n|move|p1a: Grafaiai|U-turn|p2a: Gholdengo\n|-resisted|p2a: Gholdengo\n|-damage|p2a: Gholdengo|144/261\n|\n|t:|1782882951\n|switch|p1a: Pincurchin|Pincurchin, M|258/258|[from] U-turn\n|-fieldstart|move: Electric Terrain|[from] ability: Electric Surge|[of] p1a: Pincurchin\n|move|p2a: Gholdengo|Recover|p2a: Gholdengo\n|-heal|p2a: Gholdengo|261/261\n|\n|upkeep\n|turn|26\n|\n|t:|1782882956\n|switch|p2a: Camerupt|Camerupt, L91, F|162/275\n|move|p1a: Pincurchin|Scald|p2a: Camerupt\n|-supereffective|p2a: Camerupt\n|-damage|p2a: Camerupt|0 fnt\n|faint|p2a: Camerupt\n|\n|upkeep\n|\n|t:|1782882958\n|switch|p2a: Sawsbuck|Sawsbuck, L88, F|18/284\n|turn|27\n|\n|t:|1782882963\n|move|p2a: Sawsbuck|Horn Leech|p1a: Pincurchin\n|-damage|p1a: Pincurchin|167/258\n|-heal|p2a: Sawsbuck|64/284|[from] drain|[of] p1a: Pincurchin\n|-damage|p2a: Sawsbuck|36/284|[from] item: Life Orb\n|move|p1a: Pincurchin|Scald|p2a: Sawsbuck\n|-resisted|p2a: Sawsbuck\n|-damage|p2a: Sawsbuck|0 fnt\n|faint|p2a: Sawsbuck\n|\n|-heal|p1a: Pincurchin|183/258|[from] item: Leftovers\n|upkeep\n|\n|t:|1782882967\n|switch|p2a: Gholdengo|Gholdengo, L77|261/261\n|turn|28\n|\n|t:|1782882970\n|move|p2a: Gholdengo|Nasty Plot|p2a: Gholdengo\n|-boost|p2a: Gholdengo|spa|2\n|move|p1a: Pincurchin|Thunderbolt|p2a: Gholdengo\n|-damage|p2a: Gholdengo|95/261\n|\n|-heal|p1a: Pincurchin|199/258|[from] item: Leftovers\n|upkeep\n|turn|29\n|\n|t:|1782882973\n|move|p2a: Gholdengo|Shadow Ball|p1a: Pincurchin\n|-damage|p1a: Pincurchin|37/258\n|move|p1a: Pincurchin|Thunderbolt|p2a: Gholdengo\n|-damage|p2a: Gholdengo|0 fnt\n|faint|p2a: Gholdengo\n|\n|win|demasque34\n|raw|demasque34's rating: 1748 &rarr; <strong>1765</strong><br />(+17 for winning)\n|raw|jnpr010334's rating: 1697 &rarr; <strong>1680</strong><br />(-17 for losing)\n", "inputlog": ">version f8ac14003a5f27e1bdc8d8c59608a773c1cb96e5\n>start {\"formatid\":\"gen9randombattle\",\"seed\":\"sodium,f72d13b046ab943b02c66d53c6c5466f\",\"rated\":\"Rated battle\"}\n>player p1 {\"name\":\"demasque34\",\"avatar\":\"169\",\"rating\":1748,\"seed\":\"sodium,0733b423f54f2886e80f4cca1ddcc8de\"}\n>player p2 {\"name\":\"jnpr010334\",\"avatar\":\"265\",\"rating\":1702,\"seed\":\"sodium,2c973dff25aa7c8b2cf0b5c87abcdbfe\"}\n>p1 move scald\n>p2 switch 6\n>p1 switch 4\n>p2 move nastyplot\n>p1 move poltergeist\n>p2 move thunderbolt\n>p1 switch 5\n>p2 move thunderbolt\n>p1 move icespinner\n>p2 move leafstorm\n>p1 move iceshard\n>p2 move leafstorm\n>p2 switch 4\n>p1 move iceshard\n>p2 move swordsdance\n>p1 move iceshard\n>p2 move hornleech\n>p1 switch 2\n>p1 move uturn\n>p2 switch 5\n>p1 switch 6\n>p1 move knockoff\n>p2 switch 3\n>p1 switch 5\n>p2 move endeavor\n>p1 move rest\n>p2 move surf\n>p1 move sleeptalk\n>p2 move flipturn\n>p2 switch 6\n>p1 move sleeptalk\n>p2 move swordsdance\n>p1 move bodypress terastallize\n>p2 move knockoff\n>p2 switch 2\n>p1 move poltergeist\n>p2 move overheat\n>p1 switch 3\n>p1 move closecombat\n>p2 switch 6\n>p2 switch 5\n>p1 switch 6\n>p2 move hornleech\n>p1 move knockoff\n>p2 switch 3\n>p1 move knockoff\n>p2 move recover\n>p1 move uturn\n>p2 move recover\n>p1 switch 5\n>p1 move earthquake\n>p2 switch 3\n>p1 switch 5\n>p2 move hornleech\n>p1 move knockoff\n>p2 switch 3\n>p1 move uturn\n>p2 move recover\n>p1 switch 4\n>p1 move scald\n>p2 switch 6\n>p2 switch 3\n>p1 move scald\n>p2 move hornleech\n>p2 switch 6\n>p1 move thunderbolt\n>p2 move nastyplot\n>p1 move thunderbolt\n>p2 move shadowball", "uploadtime": 1782882975, "views": 3, "formatid": "gen9randombattle", "rating": 1680, "private": 0, "password": null, "player_dets": [{"name": "demasque34", "avatar": "169", "rating": 1748, "seed": "sodium,0733b423f54f2886e80f4cca1ddcc8de"}, {"name": "jnpr010334", "avatar": "265", "rating": 1702, "seed": "sodium,2c973dff25aa7c8b2cf0b5c87abcdbfe"}], "teams_full": [{"Pincurchin": {"name": "Pincurchin", "species": "Pincurchin", "speciesId": "pincurchin", "gender": "M", "shiny": false, "level": 100, "moves": ["toxicspikes", "recover", "scald", "thunderbolt"], "ability": "Electric Surge", "evs": {"hp": 85, "atk": 0, "def": 85, "spa": 85, "spd": 85, "spe": 85}, "ivs": {"hp": 31, "atk": 0, "def": 31, "spa": 31, "spd": 31, "spe": 31}, "item": "Leftovers", "teraType": "Water", "role": "Bulky Attacker", "bvs": {"hp": 48, "atk": 101, "def": 95, "spa": 91, "spd": 85, "spe": 15}, "stats": {"hp": 258, "atk": 207, "def": 247, "spa": 239, "spd": 227, "spe": 87}, "types": ["Electric"]}, "Grafaiai": {"name": "Grafaiai", "species": "Grafaiai", "speciesId": "grafaiai", "gender": "M", "shiny": false, "level": 86, "moves": ["superfang", "uturn", "knockoff", "gunkshot"], "ability": "Poison Touch", "evs": {"hp": 85, "atk": 85, "def": 85, "spa": 85, "spd": 85, "spe": 85}, "ivs": {"hp": 31, "atk": 31, "def": 31, "spa": 31, "spd": 31, "spe": 31}, "item": "Assault Vest", "teraType": "Dark", "role": "AV Pivot", "bvs": {"hp": 63, "atk": 95, "def": 65, "spa": 80, "spd": 72, "spe": 110}, "stats": {"hp": 249, "atk": 213, "def": 161, "spa": 187, "spd": 173, "spe": 238}, "types": ["Poison", "Normal"]}, "Crawdaunt": {"name": "Crawdaunt", "species": "Crawdaunt", "speciesId": "crawdaunt", "gender": "M", "shiny": false, "level": 84, "moves": ["aquajet", "closecombat", "knockoff", "crabhammer"], "ability": "Adaptability", "evs": {"hp": 85, "atk": 85, "def": 85, "spa": 85, "spd": 85, "spe": 85}, "ivs": {"hp": 31, "atk": 31, "def": 31, "spa": 31, "spd": 31, "spe": 31}, "item": "Choice Band", "teraType": "Fighting", "role": "Fast Attacker", "bvs": {"hp": 63, "atk": 120, "def": 85, "spa": 90, "spd": 55, "spe": 55}, "stats": {"hp": 243, "atk": 250, "def": 191, "spa": 199, "spd": 141, "spe": 141}, "types": ["Water", "Dark"]}, "Houndstone": {"name": "Houndstone", "species": "Houndstone", "speciesId": "houndstone", "gender": "F", "shiny": false, "level": 86, "moves": ["bodypress", "poltergeist", "sleeptalk", "rest"], "ability": "Fluffy", "evs": {"hp": 85, "atk": 85, "def": 85, "spa": 85, "spd": 85, "spe": 85}, "ivs": {"hp": 31, "atk": 31, "def": 31, "spa": 31, "spd": 31, "spe": 31}, "item": "Leftovers", "teraType": "Fighting", "role": "Bulky Support", "bvs": {"hp": 72, "atk": 101, "def": 100, "spa": 50, "spd": 97, "spe": 68}, "stats": {"hp": 264, "atk": 223, "def": 221, "spa": 135, "spd": 216, "spe": 166}, "types": ["Ghost"]}, "Donphan": {"name": "Donphan", "species": "Donphan", "speciesId": "donphan", "gender": "M", "shiny": false, "level": 84, "moves": ["rapidspin", "iceshard", "icespinner", "earthquake"], "ability": "Sturdy", "evs": {"hp": 85, "atk": 85, "def": 85, "spa": 85, "spd": 85, "spe": 85}, "ivs": {"hp": 31, "atk": 31, "def": 31, "spa": 31, "spd": 31, "spe": 31}, "item": "Assault Vest", "teraType": "Water", "role": "Bulky Support", "bvs": {"hp": 90, "atk": 120, "def": 120, "spa": 60, "spd": 60, "spe": 50}, "stats": {"hp": 288, "atk": 250, "def": 250, "spa": 149, "spd": 149, "spe": 132}, "types": ["Ground"]}, "Krookodile": {"name": "Krookodile", "species": "Krookodile", "speciesId": "krookodile", "gender": "M", "shiny": false, "level": 79, "moves": ["earthquake", "stealthrock", "gunkshot", "knockoff"], "ability": "Intimidate", "evs": {"hp": 85, "atk": 85, "def": 85, "spa": 85, "spd": 85, "spe": 85}, "ivs": {"hp": 31, "atk": 31, "def": 31, "spa": 31, "spd": 31, "spe": 31}, "item": "Life Orb", "teraType": "Ground", "role": "Fast Attacker", "bvs": {"hp": 95, "atk": 117, "def": 80, "spa": 65, "spd": 70, "spe": 92}, "stats": {"hp": 280, "atk": 230, "def": 172, "spa": 148, "spd": 156, "spe": 191}, "types": ["Ground", "Dark"]}}, {"Blaziken": {"name": "Blaziken", "species": "Blaziken", "speciesId": "blaziken", "gender": "M", "shiny": false, "level": 76, "moves": ["flareblitz", "closecombat", "knockoff", "swordsdance"], "ability": "Speed Boost", "evs": {"hp": 85, "atk": 85, "def": 85, "spa": 85, "spd": 85, "spe": 85}, "ivs": {"hp": 31, "atk": 31, "def": 31, "spa": 31, "spd": 31, "spe": 31}, "item": "Life Orb", "teraType": "Dark", "role": "Setup Sweeper", "bvs": {"hp": 80, "atk": 120, "def": 70, "spa": 110, "spd": 70, "spe": 80}, "stats": {"hp": 247, "atk": 226, "def": 150, "spa": 211, "spd": 150, "spe": 166}, "types": ["Fire", "Fighting"]}, "Camerupt": {"name": "Camerupt", "species": "Camerupt", "speciesId": "camerupt", "gender": "F", "shiny": false, "level": 91, "moves": ["stealthrock", "overheat", "earthquake", "roar"], "ability": "Solid Rock", "evs": {"hp": 85, "atk": 85, "def": 85, "spa": 85, "spd": 85, "spe": 85}, "ivs": {"hp": 31, "atk": 31, "def": 31, "spa": 31, "spd": 31, "spe": 31}, "item": "Leftovers", "teraType": "Water", "role": "Bulky Support", "bvs": {"hp": 70, "atk": 100, "def": 70, "spa": 105, "spd": 75, "spe": 40}, "stats": {"hp": 275, "atk": 234, "def": 179, "spa": 243, "spd": 188, "spe": 125}, "types": ["Fire", "Ground"]}, "Luvdisc": {"name": "Luvdisc", "species": "Luvdisc", "speciesId": "luvdisc", "gender": "M", "shiny": false, "level": 100, "moves": ["endeavor", "flipturn", "surf", "substitute"], "ability": "Swift Swim", "evs": {"hp": 81, "atk": 85, "def": 85, "spa": 85, "spd": 85, "spe": 85}, "ivs": {"hp": 31, "atk": 31, "def": 31, "spa": 31, "spd": 31, "spe": 31}, "item": "Heavy-Duty Boots", "teraType": "Ground", "role": "Fast Support", "bvs": {"hp": 43, "atk": 30, "def": 55, "spa": 40, "spd": 65, "spe": 97}, "stats": {"hp": 247, "atk": 117, "def": 167, "spa": 137, "spd": 187, "spe": 251}, "types": ["Water"]}, "Sawsbuck": {"name": "Sawsbuck", "species": "Sawsbuck", "speciesId": "sawsbuck", "gender": "F", "shiny": false, "level": 88, "moves": ["swordsdance", "headbutt", "highhorsepower", "hornleech"], "ability": "Serene Grace", "evs": {"hp": 85, "atk": 85, "def": 85, "spa": 85, "spd": 85, "spe": 85}, "ivs": {"hp": 31, "atk": 31, "def": 31, "spa": 31, "spd": 31, "spe": 31}, "item": "Life Orb", "teraType": "Normal", "role": "Fast Attacker", "bvs": {"hp": 80, "atk": 100, "def": 70, "spa": 60, "spd": 70, "spe": 95}, "stats": {"hp": 284, "atk": 226, "def": 173, "spa": 156, "spd": 173, "spe": 217}, "types": ["Normal", "Grass"]}, "Gholdengo": {"name": "Gholdengo", "species": "Gholdengo", "speciesId": "gholdengo", "gender": "N", "shiny": false, "level": 77, "moves": ["shadowball", "recover", "makeitrain", "nastyplot"], "ability": "Good as Gold", "evs": {"hp": 85, "atk": 0, "def": 85, "spa": 85, "spd": 85, "spe": 85}, "ivs": {"hp": 31, "atk": 0, "def": 31, "spa": 31, "spd": 31, "spe": 31}, "item": "Leftovers", "teraType": "Water", "role": "Bulky Support", "bvs": {"hp": 87, "atk": 60, "def": 95, "spa": 133, "spd": 91, "spe": 84}, "stats": {"hp": 261, "atk": 97, "def": 191, "spa": 249, "spd": 185, "spe": 174}, "types": ["Steel", "Ghost"]}, "Rotom": {"name": "Rotom", "species": "Rotom-Mow", "speciesId": "rotommow", "gender": "N", "shiny": false, "level": 87, "moves": ["leafstorm", "thunderbolt", "nastyplot", "willowisp"], "ability": "Levitate", "evs": {"hp": 85, "atk": 0, "def": 85, "spa": 85, "spd": 85, "spe": 85}, "ivs": {"hp": 31, "atk": 0, "def": 31, "spa": 31, "spd": 31, "spe": 31}, "item": "Leftovers", "teraType": "Electric", "role": "Bulky Attacker", "bvs": {"hp": 50, "atk": 65, "def": 107, "spa": 105, "spd": 107, "spe": 86}, "stats": {"hp": 229, "atk": 118, "def": 236, "spa": 232, "spd": 236, "spe": 199}, "types": ["Electric", "Grass"]}}]}