{"id": "gen9randombattle-2642222931", "format": "[Gen 9] Random Battle", "players": ["sobrenome09", "caiovida"], "log": "|j|\u2606sobrenome09\n|j|\u2606caiovida\n|t:|1782913148\n|gametype|singles\n|player|p1|sobrenome09|1|\n|player|p2|caiovida|1|\n|gen|9\n|tier|[Gen 9] Random Battle\n|rule|Species Clause: Limit one of each Pok\u00e9mon\n|rule|HP Percentage Mod: HP is shown in percentages\n|rule|Sleep Clause Mod: Limit one foe put to sleep\n|rule|Illusion Level Mod: Illusion disguises the Pok\u00e9mon's true level\n|\n|t:|1782913148\n|teamsize|p1|6\n|teamsize|p2|6\n|start\n|switch|p1a: Rampardos|Rampardos, L90, M|321/321\n|switch|p2a: Klefki|Klefki, L84, F|233/233\n|turn|1\n|\n|t:|1782913160\n|move|p2a: Klefki|Spikes|p1a: Rampardos\n|-sidestart|p1: sobrenome09|Spikes\n|move|p1a: Rampardos|Fire Punch|p2a: Klefki\n|-supereffective|p2a: Klefki\n|-damage|p2a: Klefki|0 fnt\n|faint|p2a: Klefki\n|\n|upkeep\n|\n|t:|1782913179\n|switch|p2a: Ariados|Ariados, L95, M|287/287\n|turn|2\n|\n|t:|1782913185\n|move|p1a: Rampardos|Rock Slide|p2a: Ariados|[miss]\n|-miss|p1a: Rampardos|p2a: Ariados\n|move|p2a: Ariados|Toxic Spikes|p1a: Rampardos\n|-sidestart|p1: sobrenome09|move: Toxic Spikes\n|\n|upkeep\n|turn|3\n|\n|t:|1782913200\n|move|p1a: Rampardos|Zen Headbutt|p2a: Ariados|[miss]\n|-miss|p1a: Rampardos|p2a: Ariados\n|move|p2a: Ariados|Poison Jab|p1a: Rampardos\n|-resisted|p1a: Rampardos\n|-damage|p1a: Rampardos|259/321\n|\n|upkeep\n|turn|4\n|\n|t:|1782913227\n|move|p1a: Rampardos|Zen Headbutt|p2a: Ariados\n|-supereffective|p2a: Ariados\n|-damage|p2a: Ariados|0 fnt\n|faint|p2a: Ariados\n|\n|upkeep\n|\n|t:|1782913234\n|switch|p2a: Ting-Lu|Ting-Lu, L78|370/370\n|-ability|p2a: Ting-Lu|Vessel of Ruin\n|turn|5\n|\n|t:|1782913244\n|move|p1a: Rampardos|Fire Punch|p2a: Ting-Lu\n|-damage|p2a: Ting-Lu|237/370\n|move|p2a: Ting-Lu|Stealth Rock|p1a: Rampardos\n|-sidestart|p1: sobrenome09|move: Stealth Rock\n|\n|-heal|p2a: Ting-Lu|260/370|[from] item: Leftovers\n|upkeep\n|turn|6\n|\n|t:|1782913252\n|move|p1a: Rampardos|Earthquake|p2a: Ting-Lu\n|-damage|p2a: Ting-Lu|114/370\n|-damage|p1a: Rampardos|227/321|[from] item: Life Orb\n|move|p2a: Ting-Lu|Earthquake|p1a: Rampardos\n|-supereffective|p1a: Rampardos\n|-damage|p1a: Rampardos|0 fnt\n|faint|p1a: Rampardos\n|\n|-heal|p2a: Ting-Lu|137/370|[from] item: Leftovers\n|upkeep\n|\n|t:|1782913259\n|switch|p1a: Hydreigon|Hydreigon, L79, F|275/275\n|-damage|p1a: Hydreigon|241/275|[from] Stealth Rock\n|turn|7\n|\n|t:|1782913272\n|move|p1a: Hydreigon|Flash Cannon|p2a: Ting-Lu\n|-damage|p2a: Ting-Lu|63/370\n|move|p2a: Ting-Lu|Payback|p1a: Hydreigon\n|-resisted|p1a: Hydreigon\n|-damage|p1a: Hydreigon|188/275\n|\n|-heal|p2a: Ting-Lu|86/370|[from] item: Leftovers\n|upkeep\n|turn|8\n|\n|t:|1782913289\n|move|p1a: Hydreigon|Flash Cannon|p2a: Ting-Lu\n|-damage|p2a: Ting-Lu|6/370\n|-unboost|p2a: Ting-Lu|spd|1\n|move|p2a: Ting-Lu|Payback|p1a: Hydreigon\n|-resisted|p1a: Hydreigon\n|-damage|p1a: Hydreigon|133/275\n|\n|-heal|p2a: Ting-Lu|29/370|[from] item: Leftovers\n|upkeep\n|turn|9\n|\n|t:|1782913303\n|move|p1a: Hydreigon|Flash Cannon|p2a: Ting-Lu\n|-damage|p2a: Ting-Lu|0 fnt\n|faint|p2a: Ting-Lu\n|\n|upkeep\n|\n|t:|1782913308\n|switch|p2a: Whimsicott|Whimsicott, L84, F|238/238\n|turn|10\n|\n|t:|1782913318\n|move|p2a: Whimsicott|Substitute|p2a: Whimsicott\n|-start|p2a: Whimsicott|Substitute\n|-damage|p2a: Whimsicott|179/238\n|move|p1a: Hydreigon|Flash Cannon|p2a: Whimsicott\n|-supereffective|p2a: Whimsicott\n|-crit|p2a: Whimsicott\n|-end|p2a: Whimsicott|Substitute\n|\n|-heal|p2a: Whimsicott|193/238|[from] item: Leftovers\n|upkeep\n|turn|11\n|\n|t:|1782913327\n|move|p2a: Whimsicott|Encore|p1a: Hydreigon\n|-hint|Since gen 7, Dark is immune to Prankster moves.\n|-immune|p1a: Hydreigon\n|move|p1a: Hydreigon|Flash Cannon|p2a: Whimsicott\n|-supereffective|p2a: Whimsicott\n|-damage|p2a: Whimsicott|3/238\n|-unboost|p2a: Whimsicott|spd|1\n|\n|-heal|p2a: Whimsicott|17/238|[from] item: Leftovers\n|upkeep\n|turn|12\n|\n|t:|1782913339\n|move|p2a: Whimsicott|Leech Seed|p1a: Hydreigon\n|-hint|Since gen 7, Dark is immune to Prankster moves.\n|-immune|p1a: Hydreigon\n|move|p1a: Hydreigon|Flash Cannon|p2a: Whimsicott\n|-supereffective|p2a: Whimsicott\n|-crit|p2a: Whimsicott\n|-damage|p2a: Whimsicott|0 fnt\n|faint|p2a: Whimsicott\n|\n|upkeep\n|\n|t:|1782913347\n|switch|p2a: Mandibuzz|Mandibuzz, L85, F|326/326\n|turn|13\n|\n|t:|1782913357\n|move|p1a: Hydreigon|Flash Cannon|p2a: Mandibuzz\n|-damage|p2a: Mandibuzz|243/326\n|move|p2a: Mandibuzz|U-turn|p1a: Hydreigon\n|-supereffective|p1a: Hydreigon\n|-damage|p1a: Hydreigon|55/275\n|\n|t:|1782913371\n|switch|p2a: Qwilfish|Qwilfish, L86, F|252/252|[from] U-turn\n|-ability|p2a: Qwilfish|Intimidate|boost\n|-unboost|p1a: Hydreigon|atk|1\n|\n|upkeep\n|turn|14\n|\n|t:|1782913377\n|move|p1a: Hydreigon|Flash Cannon|p2a: Qwilfish\n|-resisted|p2a: Qwilfish\n|-damage|p2a: Qwilfish|186/252\n|move|p2a: Qwilfish|Gunk Shot|p1a: Hydreigon\n|-damage|p1a: Hydreigon|0 fnt\n|faint|p1a: Hydreigon\n|\n|upkeep\n|\n|t:|1782913402\n|switch|p1a: Raikou|Raikou, L81|278/278\n|-damage|p1a: Raikou|244/278|[from] Spikes\n|-status|p1a: Raikou|psn\n|-damage|p1a: Raikou|210/278 psn|[from] Stealth Rock\n|-ability|p1a: Raikou|Pressure\n|turn|15\n|\n|t:|1782913412\n|move|p1a: Raikou|Thunderbolt|p2a: Qwilfish\n|-supereffective|p2a: Qwilfish\n|-damage|p2a: Qwilfish|0 fnt\n|faint|p2a: Qwilfish\n|\n|-damage|p1a: Raikou|176/278 psn|[from] psn\n|upkeep\n|\n|t:|1782913427\n|switch|p2a: Mandibuzz|Mandibuzz, L85, F|243/326\n|turn|16\n|\n|t:|1782913445\n|move|p1a: Raikou|Thunderbolt|p2a: Mandibuzz\n|-supereffective|p2a: Mandibuzz\n|-damage|p2a: Mandibuzz|0 fnt\n|faint|p2a: Mandibuzz\n|\n|win|sobrenome09\n", "inputlog": ">version f8ac14003a5f27e1bdc8d8c59608a773c1cb96e5\n>start {\"formatid\":\"gen9randombattle\",\"seed\":\"sodium,a730f8a5a7288e01a701e742e9144e00\"}\n>player p1 {\"name\":\"sobrenome09\",\"avatar\":\"1\",\"rating\":0,\"seed\":\"sodium,82c82dec01a1a0eac0e2ec3d3345233e\"}\n>player p2 {\"name\":\"caiovida\",\"avatar\":\"1\",\"rating\":0,\"seed\":\"sodium,c50d1f36aeafaa23d15ca1837ab2390f\"}\n>p1 move firepunch\n>p2 move spikes\n>p2 switch 5\n>p1 move rockslide\n>p2 move toxicspikes\n>p1 move zenheadbutt\n>p2 move poisonjab\n>p1 move zenheadbutt\n>p2 move megahorn\n>p2 switch 4\n>p1 move firepunch\n>p2 move stealthrock\n>p1 move earthquake\n>p2 move earthquake\n>p1 switch 4\n>p1 move flashcannon\n>p2 move payback\n>p1 move flashcannon\n>p2 move payback\n>p1 move flashcannon\n>p2 move payback\n>p2 switch 6\n>p1 move flashcannon\n>p2 move substitute\n>p1 move flashcannon\n>p2 move encore\n>p1 move flashcannon\n>p2 move leechseed\n>p2 switch 2\n>p1 move flashcannon\n>p2 move uturn\n>p2 switch 3\n>p1 move flashcannon\n>p2 move gunkshot\n>p1 switch 3\n>p1 move thunderbolt\n>p2 move gunkshot\n>p2 switch 3\n>p1 move thunderbolt\n>p2 move roost", "uploadtime": 1782913455, "views": 3, "formatid": "gen9randombattle", "rating": null, "private": 0, "password": null, "player_dets": [{"name": "sobrenome09", "avatar": "1", "rating": 0, "seed": "sodium,82c82dec01a1a0eac0e2ec3d3345233e"}, {"name": "caiovida", "avatar": "1", "rating": 0, "seed": "sodium,c50d1f36aeafaa23d15ca1837ab2390f"}], "teams_full": [{"Rampardos": {"name": "Rampardos", "species": "Rampardos", "speciesId": "rampardos", "gender": "M", "shiny": false, "level": 90, "moves": ["earthquake", "rockslide", "firepunch", "zenheadbutt"], "ability": "Sheer Force", "evs": {"hp": 85, "atk": 85, "def": 85, "spa": 85, "spd": 85, "spe": 85}, "ivs": {"hp": 31, "atk": 31, "def": 31, "spa": 31, "spd": 31, "spe": 31}, "item": "Life Orb", "teraType": "Rock", "role": "Wallbreaker", "bvs": {"hp": 97, "atk": 165, "def": 60, "spa": 65, "spd": 50, "spe": 58}, "stats": {"hp": 321, "atk": 348, "def": 159, "spa": 168, "spd": 141, "spe": 156}, "types": ["Rock"]}, "Tinkaton": {"name": "Tinkaton", "species": "Tinkaton", "speciesId": "tinkaton", "gender": "F", "shiny": false, "level": 82, "moves": ["gigatonhammer", "protect", "playrough", "swordsdance"], "ability": "Mold Breaker", "evs": {"hp": 85, "atk": 85, "def": 85, "spa": 85, "spd": 85, "spe": 85}, "ivs": {"hp": 31, "atk": 31, "def": 31, "spa": 31, "spd": 31, "spe": 31}, "item": "Leftovers", "teraType": "Steel", "role": "Bulky Setup", "bvs": {"hp": 85, "atk": 75, "def": 77, "spa": 70, "spd": 105, "spe": 94}, "stats": {"hp": 274, "atk": 170, "def": 173, "spa": 162, "spd": 219, "spe": 201}, "types": ["Fairy", "Steel"]}, "Raikou": {"name": "Raikou", "species": "Raikou", "speciesId": "raikou", "gender": "N", "shiny": false, "level": 81, "moves": ["shadowball", "scald", "thunderbolt", "voltswitch"], "ability": "Pressure", "evs": {"hp": 85, "atk": 0, "def": 85, "spa": 85, "spd": 85, "spe": 85}, "ivs": {"hp": 31, "atk": 0, "def": 31, "spa": 31, "spd": 31, "spe": 31}, "item": "Choice Specs", "teraType": "Water", "role": "Bulky Attacker", "bvs": {"hp": 90, "atk": 85, "def": 75, "spa": 115, "spd": 100, "spe": 115}, "stats": {"hp": 278, "atk": 142, "def": 168, "spa": 233, "spd": 209, "spe": 233}, "types": ["Electric"]}, "Hydreigon": {"name": "Hydreigon", "species": "Hydreigon", "speciesId": "hydreigon", "gender": "F", "shiny": false, "level": 79, "moves": ["dracometeor", "flashcannon", "uturn", "darkpulse"], "ability": "Levitate", "evs": {"hp": 85, "atk": 85, "def": 85, "spa": 85, "spd": 85, "spe": 85}, "ivs": {"hp": 31, "atk": 31, "def": 31, "spa": 31, "spd": 31, "spe": 31}, "item": "Choice Specs", "teraType": "Dragon", "role": "Fast Attacker", "bvs": {"hp": 92, "atk": 105, "def": 90, "spa": 125, "spd": 90, "spe": 98}, "stats": {"hp": 275, "atk": 211, "def": 188, "spa": 243, "spd": 188, "spe": 200}, "types": ["Dark", "Dragon"]}, "Arboliva": {"name": "Arboliva", "species": "Arboliva", "speciesId": "arboliva", "gender": "F", "shiny": false, "level": 91, "moves": ["protect", "hypervoice", "leechseed", "substitute"], "ability": "Harvest", "evs": {"hp": 77, "atk": 0, "def": 85, "spa": 85, "spd": 85, "spe": 85}, "ivs": {"hp": 31, "atk": 0, "def": 31, "spa": 31, "spd": 31, "spe": 31}, "item": "Sitrus Berry", "teraType": "Water", "role": "Bulky Support", "bvs": {"hp": 78, "atk": 69, "def": 90, "spa": 125, "spd": 109, "spe": 39}, "stats": {"hp": 288, "atk": 130, "def": 216, "spa": 279, "spd": 250, "spe": 123}, "types": ["Grass", "Normal"]}, "Sceptile": {"name": "Sceptile", "species": "Sceptile", "speciesId": "sceptile", "gender": "M", "shiny": false, "level": 87, "moves": ["focusblast", "leafstorm", "shedtail", "rockslide"], "ability": "Overgrow", "evs": {"hp": 85, "atk": 85, "def": 85, "spa": 85, "spd": 85, "spe": 85}, "ivs": {"hp": 31, "atk": 31, "def": 31, "spa": 31, "spd": 31, "spe": 31}, "item": "Life Orb", "teraType": "Grass", "role": "Fast Attacker", "bvs": {"hp": 70, "atk": 85, "def": 65, "spa": 105, "spd": 85, "spe": 120}, "stats": {"hp": 264, "atk": 198, "def": 163, "spa": 232, "spd": 198, "spe": 259}, "types": ["Grass"]}}, {"Klefki": {"name": "Klefki", "species": "Klefki", "speciesId": "klefki", "gender": "F", "shiny": false, "level": 84, "moves": ["dazzlinggleam", "thunderwave", "spikes", "foulplay"], "ability": "Prankster", "evs": {"hp": 85, "atk": 0, "def": 85, "spa": 85, "spd": 85, "spe": 85}, "ivs": {"hp": 31, "atk": 0, "def": 31, "spa": 31, "spd": 31, "spe": 31}, "item": "Leftovers", "teraType": "Water", "role": "Bulky Attacker", "bvs": {"hp": 57, "atk": 80, "def": 91, "spa": 80, "spd": 87, "spe": 75}, "stats": {"hp": 233, "atk": 139, "def": 201, "spa": 183, "spd": 194, "spe": 174}, "types": ["Steel", "Fairy"]}, "Mandibuzz": {"name": "Mandibuzz", "species": "Mandibuzz", "speciesId": "mandibuzz", "gender": "F", "shiny": false, "level": 85, "moves": ["defog", "roost", "foulplay", "uturn"], "ability": "Overcoat", "evs": {"hp": 85, "atk": 85, "def": 85, "spa": 85, "spd": 85, "spe": 85}, "ivs": {"hp": 31, "atk": 31, "def": 31, "spa": 31, "spd": 31, "spe": 31}, "item": "Heavy-Duty Boots", "teraType": "Steel", "role": "Bulky Support", "bvs": {"hp": 110, "atk": 65, "def": 105, "spa": 55, "spd": 95, "spe": 80}, "stats": {"hp": 326, "atk": 159, "def": 227, "spa": 142, "spd": 210, "spe": 185}, "types": ["Dark", "Flying"]}, "Qwilfish": {"name": "Qwilfish", "species": "Qwilfish", "speciesId": "qwilfish", "gender": "F", "shiny": false, "level": 86, "moves": ["thunderwave", "gunkshot", "painsplit", "flipturn"], "ability": "Intimidate", "evs": {"hp": 85, "atk": 85, "def": 85, "spa": 85, "spd": 85, "spe": 85}, "ivs": {"hp": 31, "atk": 31, "def": 31, "spa": 31, "spd": 31, "spe": 31}, "item": "Heavy-Duty Boots", "teraType": "Grass", "role": "Fast Support", "bvs": {"hp": 65, "atk": 95, "def": 85, "spa": 55, "spd": 55, "spe": 85}, "stats": {"hp": 252, "atk": 213, "def": 195, "spa": 144, "spd": 144, "spe": 195}, "types": ["Water", "Poison"]}, "Ting-Lu": {"name": "Ting-Lu", "species": "Ting-Lu", "speciesId": "tinglu", "gender": "N", "shiny": false, "level": 78, "moves": ["earthquake", "payback", "ruination", "stealthrock"], "ability": "Vessel of Ruin", "evs": {"hp": 85, "atk": 85, "def": 85, "spa": 85, "spd": 85, "spe": 85}, "ivs": {"hp": 31, "atk": 31, "def": 31, "spa": 31, "spd": 31, "spe": 31}, "item": "Leftovers", "teraType": "Poison", "role": "Bulky Attacker", "bvs": {"hp": 155, "atk": 110, "def": 125, "spa": 55, "spd": 80, "spe": 45}, "stats": {"hp": 370, "atk": 217, "def": 240, "spa": 131, "spd": 170, "spe": 115}, "types": ["Dark", "Ground"]}, "Ariados": {"name": "Ariados", "species": "Ariados", "speciesId": "ariados", "gender": "M", "shiny": false, "level": 95, "moves": ["poisonjab", "toxicspikes", "megahorn", "stickyweb"], "ability": "Swarm", "evs": {"hp": 85, "atk": 85, "def": 85, "spa": 85, "spd": 85, "spe": 85}, "ivs": {"hp": 31, "atk": 31, "def": 31, "spa": 31, "spd": 31, "spe": 31}, "item": "Heavy-Duty Boots", "teraType": "Ghost", "role": "Fast Support", "bvs": {"hp": 70, "atk": 90, "def": 70, "spa": 60, "spd": 70, "spe": 40}, "stats": {"hp": 287, "atk": 225, "def": 187, "spa": 168, "spd": 187, "spe": 130}, "types": ["Bug", "Poison"]}, "Whimsicott": {"name": "Whimsicott", "species": "Whimsicott", "speciesId": "whimsicott", "gender": "F", "shiny": false, "level": 84, "moves": ["leechseed", "encore", "moonblast", "substitute"], "ability": "Prankster", "evs": {"hp": 85, "atk": 0, "def": 85, "spa": 85, "spd": 85, "spe": 85}, "ivs": {"hp": 31, "atk": 0, "def": 31, "spa": 31, "spd": 31, "spe": 31}, "item": "Leftovers", "teraType": "Poison", "role": "Bulky Support", "bvs": {"hp": 60, "atk": 67, "def": 85, "spa": 77, "spd": 75, "spe": 116}, "stats": {"hp": 238, "atk": 117, "def": 191, "spa": 178, "spd": 174, "spe": 243}, "types": ["Grass", "Fairy"]}}]}