{"id": "gen9randombattle-2641588261", "format": "[Gen 9] Random Battle", "players": ["AGILE419", "SquadLeCuisto"], "log": "|j|\u2606AGILE419\n|j|\u2606SquadLeCuisto\n|t:|1782813945\n|gametype|singles\n|player|p1|AGILE419|170|2145\n|player|p2|SquadLeCuisto|102|2095\n|gen|9\n|tier|[Gen 9] Random Battle\n|rated|\n|rule|Species Clause: Limit one of each Pok\u00e9mon\n|rule|HP Percentage Mod: HP is shown in percentages\n|rule|Sleep Clause Mod: Limit one foe put to sleep\n|rule|Illusion Level Mod: Illusion disguises the Pok\u00e9mon's true level\n|\n|t:|1782813945\n|teamsize|p1|6\n|teamsize|p2|6\n|start\n|switch|p1a: Hydreigon|Hydreigon, L79, M|275/275\n|switch|p2a: Cinderace|Cinderace, L77, F|249/249\n|turn|1\n|\n|t:|1782813957\n|move|p2a: Cinderace|U-turn|p1a: Hydreigon\n|-start|p2a: Cinderace|typechange|Bug|[from] ability: Libero\n|-supereffective|p1a: Hydreigon\n|-damage|p1a: Hydreigon|125/275\n|\n|t:|1782813986\n|switch|p2a: Iron Thorns|Iron Thorns, L83|302/302|[from] U-turn\n|move|p1a: Hydreigon|Dark Pulse|p2a: Iron Thorns\n|-damage|p2a: Iron Thorns|154/302\n|\n|upkeep\n|turn|2\n|\n|t:|1782813996\n|move|p2a: Iron Thorns|Ice Punch|p1a: Hydreigon\n|-supereffective|p1a: Hydreigon\n|-damage|p1a: Hydreigon|0 fnt\n|faint|p1a: Hydreigon\n|\n|upkeep\n|\n|t:|1782813999\n|switch|p1a: Beartic|Beartic, L91, F|321/321\n|turn|3\n|\n|t:|1782814006\n|-end|p2a: Iron Thorns|Quark Drive|[silent]\n|switch|p2a: Archaludon|Archaludon, L78, F|268/268\n|move|p1a: Beartic|Icicle Crash|p2a: Archaludon\n|-damage|p2a: Archaludon|160/268\n|-ability|p2a: Archaludon|Stamina|boost\n|-boost|p2a: Archaludon|def|1\n|\n|upkeep\n|turn|4\n|\n|t:|1782814013\n|switch|p1a: Cobalion|Cobalion, L80|277/277\n|move|p2a: Archaludon|Swords Dance|p2a: Archaludon\n|-boost|p2a: Archaludon|atk|2\n|\n|upkeep\n|turn|5\n|\n|t:|1782814017\n|move|p1a: Cobalion|Aura Sphere|p2a: Archaludon\n|-supereffective|p2a: Archaludon\n|-damage|p2a: Archaludon|0 fnt\n|faint|p2a: Archaludon\n|\n|upkeep\n|\n|t:|1782814021\n|switch|p2a: Cinderace|Cinderace, L77, F|249/249\n|turn|6\n|\n|t:|1782814024\n|switch|p1a: Inteleon|Inteleon, L81, F|246/246\n|move|p2a: Cinderace|Pyro Ball|p1a: Inteleon\n|-resisted|p1a: Inteleon\n|-damage|p1a: Inteleon|161/246\n|\n|upkeep\n|turn|7\n|\n|t:|1782814033\n|switch|p2a: Dondozo|Dondozo, L78, M|362/362\n|move|p1a: Inteleon|Scald|p2a: Dondozo\n|-resisted|p2a: Dondozo\n|-damage|p2a: Dondozo|272/362\n|\n|-heal|p2a: Dondozo|294/362|[from] item: Leftovers\n|upkeep\n|turn|8\n|\n|t:|1782814046\n|switch|p1a: Cobalion|Cobalion, L80|277/277\n|switch|p2a: Cinderace|Cinderace, L77, F|249/249\n|\n|upkeep\n|turn|9\n|\n|t:|1782814052\n|move|p2a: Cinderace|Pyro Ball|p1a: Cobalion\n|-supereffective|p1a: Cobalion\n|-damage|p1a: Cobalion|85/277\n|move|p1a: Cobalion|Aura Sphere|p2a: Cinderace\n|-damage|p2a: Cinderace|155/249\n|\n|-heal|p1a: Cobalion|102/277|[from] item: Leftovers\n|upkeep\n|turn|10\n|\n|t:|1782814057\n|switch|p1a: Inteleon|Inteleon, L81, F|161/246\n|move|p2a: Cinderace|Pyro Ball|p1a: Inteleon\n|-resisted|p1a: Inteleon\n|-damage|p1a: Inteleon|83/246\n|-status|p1a: Inteleon|brn\n|\n|-damage|p1a: Inteleon|68/246 brn|[from] brn\n|upkeep\n|turn|11\n|\n|t:|1782814060\n|switch|p2a: Dondozo|Dondozo, L78, M|294/362\n|move|p1a: Inteleon|Hydro Pump|p2a: Dondozo\n|-resisted|p2a: Dondozo\n|-damage|p2a: Dondozo|102/362\n|\n|-heal|p2a: Dondozo|124/362|[from] item: Leftovers\n|-damage|p1a: Inteleon|53/246 brn|[from] brn\n|upkeep\n|turn|12\n|\n|t:|1782814063\n|move|p1a: Inteleon|Hydro Pump|p2a: Dondozo\n|-resisted|p2a: Dondozo\n|-damage|p2a: Dondozo|0 fnt\n|faint|p2a: Dondozo\n|\n|-damage|p1a: Inteleon|38/246 brn|[from] brn\n|upkeep\n|\n|t:|1782814067\n|switch|p2a: Iron Thorns|Iron Thorns, L83|154/302\n|turn|13\n|\n|t:|1782814070\n|switch|p1a: Cobalion|Cobalion, L80|102/277\n|move|p2a: Iron Thorns|Wild Charge|p1a: Cobalion\n|-damage|p1a: Cobalion|5/277\n|-damage|p2a: Iron Thorns|130/302|[from] Recoil\n|\n|-heal|p1a: Cobalion|22/277|[from] item: Leftovers\n|upkeep\n|turn|14\n|\n|t:|1782814073\n|move|p1a: Cobalion|Vacuum Wave|p2a: Iron Thorns\n|-supereffective|p2a: Iron Thorns\n|-damage|p2a: Iron Thorns|46/302\n|move|p2a: Iron Thorns|Wild Charge|p1a: Cobalion\n|-damage|p1a: Cobalion|0 fnt\n|faint|p1a: Cobalion\n|-damage|p2a: Iron Thorns|40/302|[from] Recoil\n|\n|upkeep\n|\n|t:|1782814087\n|switch|p1a: Moltres|Moltres-Galar, L79|271/271\n|turn|15\n|\n|t:|1782814093\n|move|p2a: Iron Thorns|Wild Charge|p1a: Moltres\n|-supereffective|p1a: Moltres\n|-damage|p1a: Moltres|7/271\n|-damage|p2a: Iron Thorns|0 fnt|[from] Recoil\n|-ability|p1a: Moltres|Berserk|boost\n|-boost|p1a: Moltres|spa|1\n|faint|p2a: Iron Thorns\n|-end|p2a: Iron Thorns|Quark Drive|[silent]\n|move|p1a: Moltres|Rest|p1a: Moltres\n|-status|p1a: Moltres|slp|[from] move: Rest\n|-heal|p1a: Moltres|271/271 slp|[silent]\n|-enditem|p1a: Moltres|Chesto Berry|[eat]\n|-curestatus|p1a: Moltres|slp|[msg]\n|\n|upkeep\n|\n|t:|1782814107\n|switch|p2a: Crawdaunt|Crawdaunt, L84, M|243/243\n|turn|16\n|\n|t:|1782814110\n|move|p1a: Moltres|Hurricane|p2a: Crawdaunt|[miss]\n|-miss|p1a: Moltres|p2a: Crawdaunt\n|move|p2a: Crawdaunt|Dragon Dance|p2a: Crawdaunt\n|-boost|p2a: Crawdaunt|atk|1\n|-boost|p2a: Crawdaunt|spe|1\n|\n|upkeep\n|turn|17\n|\n|t:|1782814114\n|move|p2a: Crawdaunt|Crabhammer|p1a: Moltres\n|-crit|p1a: Moltres\n|-damage|p1a: Moltres|0 fnt\n|faint|p1a: Moltres\n|-damage|p2a: Crawdaunt|219/243|[from] item: Life Orb\n|\n|upkeep\n|\n|t:|1782814117\n|switch|p1a: Skarmory|Skarmory, L80, M|235/235\n|turn|18\n|\n|t:|1782814126\n|-terastallize|p1a: Skarmory|Fighting\n|move|p2a: Crawdaunt|Knock Off|p1a: Skarmory\n|-resisted|p1a: Skarmory\n|-damage|p1a: Skarmory|110/235\n|-enditem|p1a: Skarmory|Leftovers|[from] move: Knock Off|[of] p2a: Crawdaunt\n|-damage|p2a: Crawdaunt|195/243|[from] item: Life Orb\n|move|p1a: Skarmory|Body Press|p2a: Crawdaunt\n|-supereffective|p2a: Crawdaunt\n|-damage|p2a: Crawdaunt|0 fnt\n|faint|p2a: Crawdaunt\n|\n|upkeep\n|\n|t:|1782814135\n|switch|p2a: Cinderace|Cinderace, L77, F|155/249\n|turn|19\n|\n|t:|1782814143\n|move|p2a: Cinderace|High Jump Kick|p1a: Skarmory\n|-start|p2a: Cinderace|typechange|Fighting|[from] ability: Libero\n|-crit|p1a: Skarmory\n|-damage|p1a: Skarmory|0 fnt\n|faint|p1a: Skarmory\n|\n|upkeep\n|\n|t:|1782814146\n|switch|p1a: Inteleon|Inteleon, L81, F|38/246 brn\n|turn|20\n|\n|t:|1782814150\n|move|p1a: Inteleon|Scald|p2a: Cinderace\n|-damage|p2a: Cinderace|0 fnt\n|faint|p2a: Cinderace\n|\n|-damage|p1a: Inteleon|23/246 brn|[from] brn\n|upkeep\n|\n|t:|1782814154\n|switch|p2a: Torterra|Torterra, L78, M|276/276\n|turn|21\n|\n|t:|1782814157\n|-terastallize|p2a: Torterra|Water\n|move|p1a: Inteleon|Scald|p2a: Torterra\n|-resisted|p2a: Torterra\n|-damage|p2a: Torterra|155/276\n|-status|p2a: Torterra|brn\n|move|p2a: Torterra|Shell Smash|p2a: Torterra\n|-unboost|p2a: Torterra|def|1\n|-unboost|p2a: Torterra|spd|1\n|-boost|p2a: Torterra|atk|2\n|-boost|p2a: Torterra|spa|2\n|-boost|p2a: Torterra|spe|2\n|\n|-damage|p2a: Torterra|138/276 brn|[from] brn\n|-damage|p1a: Inteleon|8/246 brn|[from] brn\n|upkeep\n|turn|22\n|\n|t:|1782814163\n|move|p2a: Torterra|Bullet Seed|p1a: Inteleon\n|-supereffective|p1a: Inteleon\n|-damage|p1a: Inteleon|0 fnt\n|faint|p1a: Inteleon\n|-hitcount|p1: Inteleon|1\n|\n|-damage|p2a: Torterra|121/276 brn|[from] brn\n|upkeep\n|\n|t:|1782814164\n|switch|p1a: Beartic|Beartic, L91, F|321/321\n|turn|23\n|\n|t:|1782814171\n|move|p2a: Torterra|Rock Blast|p1a: Beartic|[miss]\n|-miss|p2a: Torterra|p1a: Beartic\n|move|p1a: Beartic|Close Combat|p2a: Torterra\n|-damage|p2a: Torterra|0 fnt\n|-unboost|p1a: Beartic|def|1\n|-unboost|p1a: Beartic|spd|1\n|faint|p2a: Torterra\n|\n|win|AGILE419\n|raw|AGILE419's rating: 2145 &rarr; <strong>2162</strong><br />(+17 for winning)\n|raw|SquadLeCuisto's rating: 2095 &rarr; <strong>2078</strong><br />(-17 for losing)\n", "inputlog": ">version f8ac14003a5f27e1bdc8d8c59608a773c1cb96e5\n>start {\"formatid\":\"gen9randombattle\",\"seed\":\"sodium,63a123bb2c7df34ca4a99e8c6dbc3854\",\"rated\":\"Rated battle\"}\n>player p1 {\"name\":\"AGILE419\",\"avatar\":\"170\",\"rating\":2145,\"seed\":\"sodium,6a38873d45c3102ca12fb88816f474ae\"}\n>player p2 {\"name\":\"SquadLeCuisto\",\"avatar\":\"102\",\"rating\":2095,\"seed\":\"sodium,c48d5da962b00628345bec52242fdb53\"}\n>p1 move darkpulse\n>p2 move uturn\n>p2 switch 5\n>p1 move darkpulse\n>p2 move icepunch\n>p1 switch 2\n>p1 move iciclecrash\n>p2 switch 3\n>p1 switch 4\n>p2 move swordsdance\n>p1 move aurasphere\n>p2 move earthquake\n>p2 switch 5\n>p1 switch 6\n>p2 move pyroball\n>p1 move scald\n>p2 switch 2\n>p1 switch 6\n>p2 switch 2\n>p1 move aurasphere\n>p2 move pyroball\n>p1 switch 6\n>p2 move pyroball\n>p1 move hydropump\n>p2 switch 2\n>p1 move hydropump\n>p2 move rest\n>p2 switch 3\n>p1 switch 6\n>p2 move wildcharge\n>p1 move vacuumwave\n>p2 move wildcharge\n>p1 switch 3\n>p1 move rest\n>p2 move wildcharge\n>p2 switch 6\n>p1 move hurricane\n>p2 move dragondance\n>p1 move hurricane\n>p2 move crabhammer\n>p1 switch 5\n>p1 move bodypress terastallize\n>p2 move knockoff\n>p2 switch 2\n>p1 move roost\n>p2 move highjumpkick\n>p1 switch 6\n>p1 move scald\n>p2 move highjumpkick\n>p2 switch 4\n>p1 move scald\n>p2 move shellsmash terastallize\n>p1 move scald\n>p2 move bulletseed\n>p1 switch 4\n>p1 move closecombat\n>p2 move rockblast", "uploadtime": 1782813949, "views": 9, "formatid": "gen9randombattle", "rating": 2078, "private": 0, "password": null, "player_dets": [{"name": "AGILE419", "avatar": "170", "rating": 2145, "seed": "sodium,6a38873d45c3102ca12fb88816f474ae"}, {"name": "SquadLeCuisto", "avatar": "102", "rating": 2095, "seed": "sodium,c48d5da962b00628345bec52242fdb53"}], "teams_full": [{"Hydreigon": {"name": "Hydreigon", "species": "Hydreigon", "speciesId": "hydreigon", "gender": "M", "shiny": false, "level": 79, "moves": ["flashcannon", "dracometeor", "uturn", "darkpulse"], "ability": "Levitate", "evs": {"hp": 85, "atk": 85, "def": 85, "spa": 85, "spd": 85, "spe": 85}, "ivs": {"hp": 31, "atk": 31, "def": 31, "spa": 31, "spd": 31, "spe": 31}, "item": "Choice Specs", "teraType": "Dark", "role": "Fast Attacker", "bvs": {"hp": 92, "atk": 105, "def": 90, "spa": 125, "spd": 90, "spe": 98}, "stats": {"hp": 275, "atk": 211, "def": 188, "spa": 243, "spd": 188, "spe": 200}, "types": ["Dark", "Dragon"]}, "Beartic": {"name": "Beartic", "species": "Beartic", "speciesId": "beartic", "gender": "F", "shiny": false, "level": 91, "moves": ["iciclecrash", "swordsdance", "closecombat", "earthquake"], "ability": "Swift Swim", "evs": {"hp": 85, "atk": 85, "def": 85, "spa": 85, "spd": 85, "spe": 85}, "ivs": {"hp": 31, "atk": 31, "def": 31, "spa": 31, "spd": 31, "spe": 31}, "item": "Heavy-Duty Boots", "teraType": "Ground", "role": "Wallbreaker", "bvs": {"hp": 95, "atk": 130, "def": 80, "spa": 70, "spd": 80, "spe": 50}, "stats": {"hp": 321, "atk": 288, "def": 197, "spa": 179, "spd": 197, "spe": 143}, "types": ["Ice"]}, "Moltres": {"name": "Moltres", "species": "Moltres-Galar", "speciesId": "moltresgalar", "gender": "N", "shiny": false, "level": 79, "moves": ["fierywrath", "nastyplot", "hurricane", "rest"], "ability": "Berserk", "evs": {"hp": 81, "atk": 0, "def": 85, "spa": 85, "spd": 85, "spe": 85}, "ivs": {"hp": 31, "atk": 0, "def": 31, "spa": 31, "spd": 31, "spe": 31}, "item": "Chesto Berry", "teraType": "Steel", "role": "Bulky Setup", "bvs": {"hp": 90, "atk": 85, "def": 90, "spa": 100, "spd": 125, "spe": 90}, "stats": {"hp": 271, "atk": 139, "def": 188, "spa": 204, "spd": 243, "spe": 188}, "types": ["Dark", "Flying"]}, "Cobalion": {"name": "Cobalion", "species": "Cobalion", "speciesId": "cobalion", "gender": "N", "shiny": false, "level": 80, "moves": ["flashcannon", "vacuumwave", "calmmind", "aurasphere"], "ability": "Justified", "evs": {"hp": 85, "atk": 0, "def": 85, "spa": 85, "spd": 85, "spe": 85}, "ivs": {"hp": 31, "atk": 0, "def": 31, "spa": 31, "spd": 31, "spe": 31}, "item": "Leftovers", "teraType": "Ghost", "role": "Bulky Setup", "bvs": {"hp": 91, "atk": 90, "def": 129, "spa": 90, "spd": 72, "spe": 108}, "stats": {"hp": 277, "atk": 149, "def": 253, "spa": 190, "spd": 161, "spe": 219}, "types": ["Steel", "Fighting"]}, "Skarmory": {"name": "Skarmory", "species": "Skarmory", "speciesId": "skarmory", "gender": "M", "shiny": false, "level": 80, "moves": ["bodypress", "irondefense", "bravebird", "roost"], "ability": "Sturdy", "evs": {"hp": 85, "atk": 85, "def": 85, "spa": 85, "spd": 85, "spe": 85}, "ivs": {"hp": 31, "atk": 31, "def": 31, "spa": 31, "spd": 31, "spe": 31}, "item": "Leftovers", "teraType": "Fighting", "role": "Bulky Setup", "bvs": {"hp": 65, "atk": 80, "def": 140, "spa": 40, "spd": 70, "spe": 70}, "stats": {"hp": 235, "atk": 174, "def": 270, "spa": 110, "spd": 158, "spe": 158}, "types": ["Steel", "Flying"]}, "Inteleon": {"name": "Inteleon", "species": "Inteleon", "speciesId": "inteleon", "gender": "F", "shiny": false, "level": 81, "moves": ["uturn", "hydropump", "scald", "icebeam"], "ability": "Torrent", "evs": {"hp": 85, "atk": 85, "def": 85, "spa": 85, "spd": 85, "spe": 85}, "ivs": {"hp": 31, "atk": 31, "def": 31, "spa": 31, "spd": 31, "spe": 31}, "item": "Choice Specs", "teraType": "Water", "role": "Wallbreaker", "bvs": {"hp": 70, "atk": 85, "def": 65, "spa": 125, "spd": 65, "spe": 120}, "stats": {"hp": 246, "atk": 184, "def": 152, "spa": 249, "spd": 152, "spe": 241}, "types": ["Water"]}}, {"Cinderace": {"name": "Cinderace", "species": "Cinderace", "speciesId": "cinderace", "gender": "F", "shiny": false, "level": 77, "moves": ["uturn", "courtchange", "highjumpkick", "pyroball"], "ability": "Libero", "evs": {"hp": 81, "atk": 85, "def": 85, "spa": 85, "spd": 85, "spe": 85}, "ivs": {"hp": 31, "atk": 31, "def": 31, "spa": 31, "spd": 31, "spe": 31}, "item": "Heavy-Duty Boots", "teraType": "Fighting", "role": "Fast Attacker", "bvs": {"hp": 80, "atk": 116, "def": 75, "spa": 65, "spd": 75, "spe": 119}, "stats": {"hp": 249, "atk": 223, "def": 160, "spa": 145, "spd": 160, "spe": 228}, "types": ["Fire"]}, "Dondozo": {"name": "Dondozo", "species": "Dondozo", "speciesId": "dondozo", "gender": "M", "shiny": false, "level": 78, "moves": ["sleeptalk", "wavecrash", "curse", "rest"], "ability": "Unaware", "evs": {"hp": 85, "atk": 85, "def": 85, "spa": 85, "spd": 85, "spe": 85}, "ivs": {"hp": 31, "atk": 31, "def": 31, "spa": 31, "spd": 31, "spe": 31}, "item": "Leftovers", "teraType": "Dragon", "role": "Bulky Setup", "bvs": {"hp": 150, "atk": 100, "def": 115, "spa": 65, "spd": 65, "spe": 35}, "stats": {"hp": 362, "atk": 201, "def": 224, "spa": 146, "spd": 146, "spe": 100}, "types": ["Water"]}, "Archaludon": {"name": "Archaludon", "species": "Archaludon", "speciesId": "archaludon", "gender": "F", "shiny": false, "level": 78, "moves": ["earthquake", "swordsdance", "ironhead", "outrage"], "ability": "Stamina", "evs": {"hp": 85, "atk": 85, "def": 85, "spa": 85, "spd": 85, "spe": 85}, "ivs": {"hp": 31, "atk": 31, "def": 31, "spa": 31, "spd": 31, "spe": 31}, "item": "Lum Berry", "teraType": "Ground", "role": "Bulky Setup", "bvs": {"hp": 90, "atk": 105, "def": 130, "spa": 125, "spd": 65, "spe": 85}, "stats": {"hp": 268, "atk": 209, "def": 248, "spa": 240, "spd": 146, "spe": 178}, "types": ["Steel", "Dragon"]}, "Torterra": {"name": "Torterra", "species": "Torterra", "speciesId": "torterra", "gender": "M", "shiny": false, "level": 78, "moves": ["shellsmash", "headlongrush", "bulletseed", "rockblast"], "ability": "Overgrow", "evs": {"hp": 85, "atk": 85, "def": 85, "spa": 85, "spd": 85, "spe": 85}, "ivs": {"hp": 31, "atk": 31, "def": 31, "spa": 31, "spd": 31, "spe": 31}, "item": "Loaded Dice", "teraType": "Water", "role": "Setup Sweeper", "bvs": {"hp": 95, "atk": 109, "def": 105, "spa": 75, "spd": 85, "spe": 56}, "stats": {"hp": 276, "atk": 215, "def": 209, "spa": 162, "spd": 178, "spe": 132}, "types": ["Grass", "Ground"]}, "Iron Thorns": {"name": "Iron Thorns", "species": "Iron Thorns", "speciesId": "ironthorns", "gender": "N", "shiny": false, "level": 83, "moves": ["icepunch", "stoneedge", "earthquake", "wildcharge"], "ability": "Quark Drive", "evs": {"hp": 85, "atk": 85, "def": 85, "spa": 85, "spd": 85, "spe": 85}, "ivs": {"hp": 31, "atk": 31, "def": 31, "spa": 31, "spd": 31, "spe": 31}, "item": "Choice Scarf", "teraType": "Grass", "role": "Fast Support", "bvs": {"hp": 100, "atk": 134, "def": 110, "spa": 70, "spd": 84, "spe": 72}, "stats": {"hp": 302, "atk": 270, "def": 230, "spa": 164, "spd": 187, "spe": 167}, "types": ["Rock", "Electric"]}, "Crawdaunt": {"name": "Crawdaunt", "species": "Crawdaunt", "speciesId": "crawdaunt", "gender": "M", "shiny": false, "level": 84, "moves": ["closecombat", "knockoff", "crabhammer", "dragondance"], "ability": "Adaptability", "evs": {"hp": 85, "atk": 85, "def": 85, "spa": 85, "spd": 85, "spe": 85}, "ivs": {"hp": 31, "atk": 31, "def": 31, "spa": 31, "spd": 31, "spe": 31}, "item": "Life Orb", "teraType": "Fighting", "role": "Fast Attacker", "bvs": {"hp": 63, "atk": 120, "def": 85, "spa": 90, "spd": 55, "spe": 55}, "stats": {"hp": 243, "atk": 250, "def": 191, "spa": 199, "spd": 141, "spe": 141}, "types": ["Water", "Dark"]}}]}