{"id": "gen9randombattle-2641796266", "format": "[Gen 9] Random Battle", "players": ["Wanawa8724", "masbahlilganteng"], "log": "|badge|p1|silver|gen9ou|30-9\n|uhtml|medal-msg|<div class=\"broadcast-blue\">Curious what those medals under the avatar are? PS now has Ladder Seasons! For more information, check out the <a href=\"https://www.smogon.com/forums/threads/3740067/\">thread on Smogon.</a></div>\n|j|\u2606Wanawa8724\n|j|\u2606masbahlilganteng\n|t:|1782842925\n|gametype|singles\n|player|p1|Wanawa8724|wattson|2075\n|player|p2|masbahlilganteng|hoopster|2034\n|gen|9\n|tier|[Gen 9] Random Battle\n|rated|\n|rule|Species Clause: Limit one of each Pok\u00e9mon\n|rule|HP Percentage Mod: HP is shown in percentages\n|rule|Sleep Clause Mod: Limit one foe put to sleep\n|rule|Illusion Level Mod: Illusion disguises the Pok\u00e9mon's true level\n|\n|t:|1782842925\n|teamsize|p1|6\n|teamsize|p2|6\n|start\n|switch|p1a: Goodra|Goodra-Hisui, L82, F|265/265\n|switch|p2a: Electrode|Electrode, L92|260/260\n|turn|1\n|inactive|Battle timer is ON: inactive players will automatically lose when time's up. (requested by masbahlilganteng)\n|\n|t:|1782842941\n|move|p2a: Electrode|Volt Switch|p1a: Goodra\n|-resisted|p1a: Goodra\n|-damage|p1a: Goodra|248/265\n|\n|t:|1782842951\n|switch|p2a: Weezing|Weezing-Galar, L86, M|252/252|[from] Volt Switch\n|move|p1a: Goodra|Draco Meteor|p2a: Weezing\n|-immune|p2a: Weezing\n|\n|upkeep\n|turn|2\n|inactive|Wanawa8724 has 120 seconds left.\n|\n|t:|1782842995\n|switch|p1a: Conkeldurr|Conkeldurr, L80, F|299/299\n|move|p2a: Weezing|Will-O-Wisp|p1a: Conkeldurr\n|-status|p1a: Conkeldurr|brn\n|\n|-damage|p1a: Conkeldurr|281/299 brn|[from] brn\n|upkeep\n|turn|3\n|\n|t:|1782843004\n|move|p2a: Weezing|Strange Steam|p1a: Conkeldurr\n|-supereffective|p1a: Conkeldurr\n|-damage|p1a: Conkeldurr|23/299 brn\n|-start|p1a: Conkeldurr|confusion\n|-activate|p1a: Conkeldurr|confusion\n|move|p1a: Conkeldurr|Facade|p2a: Weezing\n|-damage|p2a: Weezing|102/252\n|\n|-heal|p2a: Weezing|117/252|[from] item: Leftovers\n|-damage|p1a: Conkeldurr|5/299 brn|[from] brn\n|upkeep\n|turn|4\n|inactive|Wanawa8724 has 120 seconds left.\n|\n|t:|1782843014\n|switch|p1a: Oricorio|Oricorio-Sensu, L85, F|266/266\n|move|p2a: Weezing|Strange Steam|p1a: Oricorio\n|-damage|p1a: Oricorio|164/266\n|\n|-heal|p2a: Weezing|132/252|[from] item: Leftovers\n|upkeep\n|turn|5\n|\n|t:|1782843020\n|move|p1a: Oricorio|Hurricane|p2a: Weezing|[miss]\n|-miss|p1a: Oricorio|p2a: Weezing\n|move|p2a: Weezing|Gunk Shot|p1a: Oricorio\n|-resisted|p1a: Oricorio\n|-damage|p1a: Oricorio|88/266\n|-status|p1a: Oricorio|psn\n|\n|-heal|p2a: Weezing|147/252|[from] item: Leftovers\n|-damage|p1a: Oricorio|55/266 psn|[from] psn\n|upkeep\n|turn|6\n|\n|t:|1782843033\n|switch|p2a: Electrode|Electrode, L92|260/260\n|move|p1a: Oricorio|Hurricane|p2a: Electrode|[miss]\n|-miss|p1a: Oricorio|p2a: Electrode\n|\n|-damage|p1a: Oricorio|22/266 psn|[from] psn\n|upkeep\n|turn|7\n|\n|t:|1782843045\n|switch|p1a: Ting-Lu|Ting-Lu, L78|370/370\n|-ability|p1a: Ting-Lu|Vessel of Ruin\n|move|p2a: Electrode|Volt Switch|p1a: Ting-Lu\n|-immune|p1a: Ting-Lu\n|\n|upkeep\n|turn|8\n|\n|t:|1782843057\n|move|p2a: Electrode|Taunt|p1a: Ting-Lu\n|-start|p1a: Ting-Lu|move: Taunt\n|cant|p1a: Ting-Lu|move: Taunt|Spikes\n|\n|upkeep\n|turn|9\n|\n|t:|1782843065\n|switch|p2a: Weezing|Weezing-Galar, L86, M|147/252\n|move|p1a: Ting-Lu|Ruination|p2a: Weezing\n|-damage|p2a: Weezing|74/252\n|\n|-heal|p2a: Weezing|89/252|[from] item: Leftovers\n|upkeep\n|turn|10\n|\n|t:|1782843076\n|switch|p1a: Oricorio|Oricorio-Sensu, L85, F|22/266 psn\n|move|p2a: Weezing|Will-O-Wisp|p1a: Oricorio|[miss]\n|-miss|p2a: Weezing|p1a: Oricorio\n|\n|-heal|p2a: Weezing|104/252|[from] item: Leftovers\n|-damage|p1a: Oricorio|0 fnt|[from] psn\n|faint|p1a: Oricorio\n|upkeep\n|\n|t:|1782843078\n|switch|p1a: Revavroom|Revavroom, L79, F|256/256\n|turn|11\n|\n|t:|1782843090\n|switch|p2a: Solgaleo|Solgaleo, L74|325/325\n|move|p1a: Revavroom|Shift Gear|p1a: Revavroom\n|-boost|p1a: Revavroom|spe|2\n|-boost|p1a: Revavroom|atk|1\n|\n|upkeep\n|turn|12\n|\n|t:|1782843119\n|-terastallize|p1a: Revavroom|Ground\n|move|p1a: Revavroom|Shift Gear|p1a: Revavroom\n|-boost|p1a: Revavroom|spe|2\n|-boost|p1a: Revavroom|atk|1\n|move|p2a: Solgaleo|Psychic|p1a: Revavroom\n|-damage|p1a: Revavroom|150/256\n|\n|upkeep\n|turn|13\n|inactive|masbahlilganteng has 120 seconds left.\n|\n|t:|1782843145\n|switch|p2a: Weezing|Weezing-Galar, L86, M|104/252\n|move|p1a: Revavroom|High Horsepower|p2a: Weezing\n|-immune|p2a: Weezing|[from] ability: Levitate\n|\n|-heal|p2a: Weezing|119/252|[from] item: Leftovers\n|upkeep\n|turn|14\n|inactive|Wanawa8724 has 120 seconds left.\n|\n|t:|1782843175\n|switch|p2a: Solgaleo|Solgaleo, L74|325/325\n|move|p1a: Revavroom|Iron Head|p2a: Solgaleo\n|-resisted|p2a: Solgaleo\n|-damage|p2a: Solgaleo|208/325\n|-damage|p1a: Revavroom|125/256|[from] item: Life Orb\n|\n|upkeep\n|turn|15\n|\n|t:|1782843189\n|move|p1a: Revavroom|High Horsepower|p2a: Solgaleo\n|-supereffective|p2a: Solgaleo\n|-damage|p2a: Solgaleo|0 fnt\n|faint|p2a: Solgaleo\n|-damage|p1a: Revavroom|100/256|[from] item: Life Orb\n|\n|upkeep\n|\n|t:|1782843193\n|switch|p2a: Banette|Banette, L93, F|270/270\n|turn|16\n|\n|t:|1782843201\n|switch|p1a: Ting-Lu|Ting-Lu, L78|370/370\n|-ability|p1a: Ting-Lu|Vessel of Ruin\n|move|p2a: Banette|Shadow Sneak|p1a: Ting-Lu\n|-resisted|p1a: Ting-Lu\n|-damage|p1a: Ting-Lu|339/370\n|-damage|p2a: Banette|243/270|[from] item: Life Orb\n|\n|-heal|p1a: Ting-Lu|362/370|[from] item: Leftovers\n|upkeep\n|turn|17\n|inactive|masbahlilganteng has 120 seconds left.\n|\n|t:|1782843224\n|switch|p2a: Mabosstiff|Mabosstiff, L86, F|278/278\n|switch|p1a: Revavroom|Revavroom, L79, F, tera:Ground|100/256\n|\n|upkeep\n|turn|18\n|\n|t:|1782843235\n|move|p2a: Mabosstiff|Play Rough|p1a: Revavroom\n|-damage|p1a: Revavroom|21/256\n|move|p1a: Revavroom|Gunk Shot|p2a: Mabosstiff\n|-damage|p2a: Mabosstiff|109/278\n|-damage|p1a: Revavroom|0 fnt|[from] item: Life Orb\n|faint|p1a: Revavroom\n|\n|upkeep\n|\n|t:|1782843244\n|switch|p1a: Goodra|Goodra-Hisui, L82, F|248/265\n|turn|19\n|inactive|masbahlilganteng has 120 seconds left.\n|\n|t:|1782843254\n|move|p2a: Mabosstiff|Play Rough|p1a: Goodra\n|-damage|p1a: Goodra|175/265\n|move|p1a: Goodra|Heavy Slam|p2a: Mabosstiff\n|-damage|p2a: Mabosstiff|0 fnt\n|faint|p2a: Mabosstiff\n|\n|upkeep\n|\n|t:|1782843262\n|switch|p2a: Banette|Banette, L93, F|243/270\n|turn|20\n|inactive|masbahlilganteng has 120 seconds left.\n|\n|t:|1782843269\n|switch|p1a: Ting-Lu|Ting-Lu, L78|362/370\n|-ability|p1a: Ting-Lu|Vessel of Ruin\n|move|p2a: Banette|Poltergeist|p1a: Ting-Lu\n|-activate|p1a: Ting-Lu|move: Poltergeist|Leftovers\n|-resisted|p1a: Ting-Lu\n|-damage|p1a: Ting-Lu|278/370\n|-damage|p2a: Banette|216/270|[from] item: Life Orb\n|\n|-heal|p1a: Ting-Lu|301/370|[from] item: Leftovers\n|upkeep\n|turn|21\n|\n|t:|1782843278\n|switch|p2a: Weezing|Weezing-Galar, L86, M|119/252\n|switch|p1a: Goodra|Goodra-Hisui, L82, F|175/265\n|\n|-heal|p2a: Weezing|134/252|[from] item: Leftovers\n|upkeep\n|turn|22\n|\n|t:|1782843282\n|move|p2a: Weezing|Will-O-Wisp|p1a: Goodra\n|-status|p1a: Goodra|brn\n|move|p1a: Goodra|Heavy Slam|p2a: Weezing\n|-supereffective|p2a: Weezing\n|-damage|p2a: Weezing|43/252\n|\n|-heal|p2a: Weezing|58/252|[from] item: Leftovers\n|-damage|p1a: Goodra|159/265 brn|[from] brn\n|upkeep\n|turn|23\n|\n|t:|1782843294\n|switch|p2a: Electrode|Electrode, L92|260/260\n|move|p1a: Goodra|Heavy Slam|p2a: Electrode\n|-resisted|p2a: Electrode\n|-damage|p2a: Electrode|229/260\n|\n|-damage|p1a: Goodra|143/265 brn|[from] brn\n|upkeep\n|turn|24\n|\n|t:|1782843308\n|move|p2a: Electrode|Foul Play|p1a: Goodra\n|-damage|p1a: Goodra|74/265 brn\n|move|p1a: Goodra|Heavy Slam|p2a: Electrode\n|-resisted|p2a: Electrode\n|-damage|p2a: Electrode|195/260\n|\n|-damage|p1a: Goodra|58/265 brn|[from] brn\n|upkeep\n|turn|25\n|\n|t:|1782843314\n|switch|p1a: Ting-Lu|Ting-Lu, L78|301/370\n|-ability|p1a: Ting-Lu|Vessel of Ruin\n|move|p2a: Electrode|Foul Play|p1a: Ting-Lu\n|-resisted|p1a: Ting-Lu\n|-damage|p1a: Ting-Lu|273/370\n|\n|-heal|p1a: Ting-Lu|296/370|[from] item: Leftovers\n|upkeep\n|turn|26\n|\n|t:|1782843329\n|move|p2a: Electrode|Taunt|p1a: Ting-Lu\n|-start|p1a: Ting-Lu|move: Taunt\n|move|p1a: Ting-Lu|Payback|p2a: Electrode\n|-damage|p2a: Electrode|86/260\n|\n|-heal|p1a: Ting-Lu|319/370|[from] item: Leftovers\n|upkeep\n|turn|27\n|\n|t:|1782843336\n|switch|p2a: Weezing|Weezing-Galar, L86, M|58/252\n|move|p1a: Ting-Lu|Payback|p2a: Weezing\n|-resisted|p2a: Weezing\n|-damage|p2a: Weezing|40/252\n|\n|-heal|p2a: Weezing|55/252|[from] item: Leftovers\n|-heal|p1a: Ting-Lu|342/370|[from] item: Leftovers\n|upkeep\n|turn|28\n|\n|t:|1782843347\n|switch|p1a: Giratina|Giratina, L75|349/349\n|-ability|p1a: Giratina|Pressure\n|move|p2a: Weezing|Strange Steam|p1a: Giratina\n|-supereffective|p1a: Giratina\n|-damage|p1a: Giratina|185/349\n|\n|-heal|p1a: Giratina|206/349|[from] item: Leftovers\n|-heal|p2a: Weezing|70/252|[from] item: Leftovers\n|upkeep\n|turn|29\n|\n|t:|1782843354\n|move|p1a: Giratina|Shadow Ball|p2a: Weezing\n|-damage|p2a: Weezing|0 fnt\n|faint|p2a: Weezing\n|\n|-heal|p1a: Giratina|227/349|[from] item: Leftovers\n|upkeep\n|\n|t:|1782843361\n|switch|p2a: Meloetta|Meloetta, L82|298/298\n|turn|30\n|\n|t:|1782843368\n|switch|p1a: Goodra|Goodra-Hisui, L82, F|58/265 brn\n|move|p2a: Meloetta|U-turn|p1a: Goodra\n|-resisted|p1a: Goodra\n|-damage|p1a: Goodra|41/265 brn\n|\n|t:|1782843374\n|switch|p2a: Electrode|Electrode, L92|86/260|[from] U-turn\n|\n|-damage|p1a: Goodra|25/265 brn|[from] brn\n|upkeep\n|turn|31\n|\n|t:|1782843378\n|switch|p1a: Ting-Lu|Ting-Lu, L78|342/370\n|-ability|p1a: Ting-Lu|Vessel of Ruin\n|move|p2a: Electrode|Volt Switch|p1a: Ting-Lu\n|-immune|p1a: Ting-Lu\n|\n|-heal|p1a: Ting-Lu|365/370|[from] item: Leftovers\n|upkeep\n|turn|32\n|\n|t:|1782843400\n|move|p2a: Electrode|Foul Play|p1a: Ting-Lu\n|-resisted|p1a: Ting-Lu\n|-damage|p1a: Ting-Lu|332/370\n|move|p1a: Ting-Lu|Spikes|p2a: Electrode\n|-sidestart|p2: masbahlilganteng|Spikes\n|\n|-heal|p1a: Ting-Lu|355/370|[from] item: Leftovers\n|upkeep\n|turn|33\n|\n|t:|1782843404\n|move|p2a: Electrode|Taunt|p1a: Ting-Lu\n|-start|p1a: Ting-Lu|move: Taunt\n|move|p1a: Ting-Lu|Earthquake|p2a: Electrode\n|-supereffective|p2a: Electrode\n|-damage|p2a: Electrode|0 fnt\n|faint|p2a: Electrode\n|\n|-heal|p1a: Ting-Lu|370/370|[from] item: Leftovers\n|upkeep\n|\n|t:|1782843407\n|switch|p2a: Meloetta|Meloetta, L82|298/298\n|-damage|p2a: Meloetta|261/298|[from] Spikes\n|turn|34\n|\n|t:|1782843414\n|switch|p1a: Goodra|Goodra-Hisui, L82, F|25/265 brn\n|move|p2a: Meloetta|Hyper Voice|p1a: Goodra\n|-resisted|p1a: Goodra\n|-damage|p1a: Goodra|0 fnt\n|faint|p1a: Goodra\n|\n|upkeep\n|\n|t:|1782843418\n|switch|p1a: Giratina|Giratina, L75|227/349\n|-ability|p1a: Giratina|Pressure\n|turn|35\n|-message|masbahlilganteng forfeited.\n|\n|win|Wanawa8724\n|raw|Wanawa8724's rating: 2075 &rarr; <strong>2093</strong><br />(+18 for winning)\n|raw|masbahlilganteng's rating: 2034 &rarr; <strong>2016</strong><br />(-18 for losing)\n", "inputlog": ">version f8ac14003a5f27e1bdc8d8c59608a773c1cb96e5\n>start {\"formatid\":\"gen9randombattle\",\"seed\":\"sodium,ff6c167ed6284cb019373144b49d568d\",\"rated\":\"Rated battle\"}\n>player p1 {\"name\":\"Wanawa8724\",\"avatar\":\"wattson\",\"rating\":2075,\"seed\":\"sodium,8eea91cd69de0fc3c9e4607d0add1d9e\"}\n>player p2 {\"name\":\"masbahlilganteng\",\"avatar\":\"hoopster\",\"rating\":2034,\"seed\":\"sodium,bf2e3b6dad967dc7d9b401ad688db9b5\"}\n>p1 move dracometeor\n>p2 move voltswitch\n>p2 switch 2\n>p1 switch 6\n>p2 move willowisp\n>p1 move facade\n>p2 move strangesteam\n>p1 switch 5\n>p2 move strangesteam\n>p1 move hurricane\n>p2 move gunkshot\n>p1 move hurricane\n>p2 switch 2\n>p1 switch 2\n>p2 move voltswitch\n>p1 move spikes\n>p2 move taunt\n>p1 move ruination\n>p2 switch 2\n>p1 switch 2\n>p2 move willowisp\n>p1 switch 4\n>p1 move shiftgear\n>p2 switch 3\n>p1 move shiftgear terastallize\n>p2 move psychic\n>p1 move highhorsepower\n>p2 switch 3\n>p1 move ironhead\n>p2 switch 3\n>p1 move highhorsepower\n>p2 move psychic\n>p2 switch 5\n>p1 switch 2\n>p2 move shadowsneak\n>p1 switch 2\n>p2 switch 6\n>p1 move gunkshot\n>p2 move playrough\n>p1 switch 6\n>p1 move heavyslam\n>p2 move playrough\n>p2 switch 6\n>p1 switch 2\n>p2 move poltergeist\n>p1 switch 2\n>p2 switch 3\n>p1 move heavyslam\n>p2 move willowisp\n>p1 move heavyslam\n>p2 switch 2\n>p1 move heavyslam\n>p2 move foulplay\n>p1 switch 2\n>p2 move foulplay\n>p1 move payback\n>p2 move taunt\n>p1 move payback\n>p2 switch 2\n>p1 switch 3\n>p2 move strangesteam\n>p1 move shadowball\n>p2 move strangesteam\n>p2 switch 4\n>p1 switch 2\n>p2 move uturn\n>p2 switch 2\n>p1 switch 3\n>p2 move voltswitch\n>p1 move spikes\n>p2 move foulplay\n>p1 move earthquake\n>p2 move taunt\n>p2 switch 2\n>p1 switch 3\n>p2 move hypervoice\n>p1 switch 2\n>forcelose p2", "uploadtime": 1782843424, "views": 6, "formatid": "gen9randombattle", "rating": 2016, "private": 0, "password": null, "player_dets": [{"name": "Wanawa8724", "avatar": "wattson", "rating": 2075, "seed": "sodium,8eea91cd69de0fc3c9e4607d0add1d9e"}, {"name": "masbahlilganteng", "avatar": "hoopster", "rating": 2034, "seed": "sodium,bf2e3b6dad967dc7d9b401ad688db9b5"}], "teams_full": [{"Goodra": {"name": "Goodra", "species": "Goodra-Hisui", "speciesId": "goodrahisui", "gender": "F", "shiny": false, "level": 82, "moves": ["heavyslam", "dracometeor", "thunderbolt", "earthquake"], "ability": "Sap Sipper", "evs": {"hp": 85, "atk": 85, "def": 85, "spa": 85, "spd": 85, "spe": 85}, "ivs": {"hp": 31, "atk": 31, "def": 31, "spa": 31, "spd": 31, "spe": 31}, "item": "Assault Vest", "teraType": "Ground", "role": "AV Pivot", "bvs": {"hp": 80, "atk": 100, "def": 100, "spa": 110, "spd": 150, "spe": 60}, "stats": {"hp": 265, "atk": 211, "def": 211, "spa": 228, "spd": 293, "spe": 146}, "types": ["Steel", "Dragon"]}, "Ting-Lu": {"name": "Ting-Lu", "species": "Ting-Lu", "speciesId": "tinglu", "gender": "N", "shiny": false, "level": 78, "moves": ["earthquake", "spikes", "payback", "ruination"], "ability": "Vessel of Ruin", "evs": {"hp": 85, "atk": 85, "def": 85, "spa": 85, "spd": 85, "spe": 85}, "ivs": {"hp": 31, "atk": 31, "def": 31, "spa": 31, "spd": 31, "spe": 31}, "item": "Leftovers", "teraType": "Poison", "role": "Bulky Attacker", "bvs": {"hp": 155, "atk": 110, "def": 125, "spa": 55, "spd": 80, "spe": 45}, "stats": {"hp": 370, "atk": 217, "def": 240, "spa": 131, "spd": 170, "spe": 115}, "types": ["Dark", "Ground"]}, "Giratina": {"name": "Giratina", "species": "Giratina", "speciesId": "giratina", "gender": "N", "shiny": false, "level": 75, "moves": ["dragontail", "rest", "shadowball", "defog"], "ability": "Pressure", "evs": {"hp": 85, "atk": 85, "def": 85, "spa": 85, "spd": 85, "spe": 85}, "ivs": {"hp": 31, "atk": 31, "def": 31, "spa": 31, "spd": 31, "spe": 31}, "item": "Leftovers", "teraType": "Fairy", "role": "Bulky Support", "bvs": {"hp": 150, "atk": 100, "def": 120, "spa": 100, "spd": 120, "spe": 90}, "stats": {"hp": 349, "atk": 194, "def": 224, "spa": 194, "spd": 224, "spe": 179}, "types": ["Ghost", "Dragon"]}, "Revavroom": {"name": "Revavroom", "species": "Revavroom", "speciesId": "revavroom", "gender": "F", "shiny": false, "level": 79, "moves": ["shiftgear", "ironhead", "highhorsepower", "gunkshot"], "ability": "Filter", "evs": {"hp": 85, "atk": 85, "def": 85, "spa": 85, "spd": 85, "spe": 85}, "ivs": {"hp": 31, "atk": 31, "def": 31, "spa": 31, "spd": 31, "spe": 31}, "item": "Life Orb", "teraType": "Ground", "role": "Fast Attacker", "bvs": {"hp": 80, "atk": 119, "def": 90, "spa": 54, "spd": 67, "spe": 90}, "stats": {"hp": 256, "atk": 234, "def": 188, "spa": 131, "spd": 151, "spe": 188}, "types": ["Steel", "Poison"]}, "Oricorio": {"name": "Oricorio", "species": "Oricorio-Sensu", "speciesId": "oricoriosensu", "gender": "F", "shiny": false, "level": 85, "moves": ["quiverdance", "revelationdance", "roost", "hurricane"], "ability": "Dancer", "evs": {"hp": 85, "atk": 0, "def": 85, "spa": 85, "spd": 85, "spe": 85}, "ivs": {"hp": 31, "atk": 0, "def": 31, "spa": 31, "spd": 31, "spe": 31}, "item": "Heavy-Duty Boots", "teraType": "Fighting", "role": "Setup Sweeper", "bvs": {"hp": 75, "atk": 70, "def": 70, "spa": 98, "spd": 70, "spe": 93}, "stats": {"hp": 266, "atk": 124, "def": 168, "spa": 215, "spd": 168, "spe": 207}, "types": ["Ghost", "Flying"]}, "Conkeldurr": {"name": "Conkeldurr", "species": "Conkeldurr", "speciesId": "conkeldurr", "gender": "F", "shiny": false, "level": 80, "moves": ["closecombat", "facade", "machpunch", "knockoff"], "ability": "Guts", "evs": {"hp": 85, "atk": 85, "def": 85, "spa": 85, "spd": 85, "spe": 85}, "ivs": {"hp": 31, "atk": 31, "def": 31, "spa": 31, "spd": 31, "spe": 31}, "item": "Flame Orb", "teraType": "Normal", "role": "Wallbreaker", "bvs": {"hp": 105, "atk": 140, "def": 95, "spa": 55, "spd": 65, "spe": 45}, "stats": {"hp": 299, "atk": 270, "def": 198, "spa": 134, "spd": 150, "spe": 118}, "types": ["Fighting"]}}, {"Electrode": {"name": "Electrode", "species": "Electrode", "speciesId": "electrode", "gender": "N", "shiny": false, "level": 92, "moves": ["foulplay", "taunt", "voltswitch", "thunderbolt"], "ability": "Soundproof", "evs": {"hp": 85, "atk": 0, "def": 85, "spa": 85, "spd": 85, "spe": 85}, "ivs": {"hp": 31, "atk": 0, "def": 31, "spa": 31, "spd": 31, "spe": 31}, "item": "Heavy-Duty Boots", "teraType": "Electric", "role": "Fast Support", "bvs": {"hp": 60, "atk": 50, "def": 70, "spa": 80, "spd": 80, "spe": 150}, "stats": {"hp": 260, "atk": 97, "def": 181, "spa": 200, "spd": 200, "spe": 328}, "types": ["Electric"]}, "Weezing": {"name": "Weezing", "species": "Weezing-Galar", "speciesId": "weezinggalar", "gender": "M", "shiny": false, "level": 86, "moves": ["gunkshot", "willowisp", "defog", "strangesteam"], "ability": "Levitate", "evs": {"hp": 85, "atk": 85, "def": 85, "spa": 85, "spd": 85, "spe": 85}, "ivs": {"hp": 31, "atk": 31, "def": 31, "spa": 31, "spd": 31, "spe": 31}, "item": "Leftovers", "teraType": "Steel", "role": "Bulky Support", "bvs": {"hp": 65, "atk": 90, "def": 120, "spa": 85, "spd": 70, "spe": 60}, "stats": {"hp": 252, "atk": 204, "def": 256, "spa": 195, "spd": 170, "spe": 152}, "types": ["Poison", "Fairy"]}, "Solgaleo": {"name": "Solgaleo", "species": "Solgaleo", "speciesId": "solgaleo", "gender": "N", "shiny": false, "level": 74, "moves": ["flamecharge", "closecombat", "sunsteelstrike", "psychic"], "ability": "Full Metal Body", "evs": {"hp": 85, "atk": 85, "def": 85, "spa": 85, "spd": 85, "spe": 85}, "ivs": {"hp": 31, "atk": 31, "def": 31, "spa": 31, "spd": 31, "spe": 31}, "item": "Weakness Policy", "teraType": "Fighting", "role": "Bulky Setup", "bvs": {"hp": 137, "atk": 137, "def": 107, "spa": 113, "spd": 89, "spe": 97}, "stats": {"hp": 325, "atk": 246, "def": 201, "spa": 210, "spd": 175, "spe": 187}, "types": ["Psychic", "Steel"]}, "Meloetta": {"name": "Meloetta", "species": "Meloetta", "speciesId": "meloetta", "gender": "N", "shiny": false, "level": 82, "moves": ["uturn", "hypervoice", "psyshock", "focusblast"], "ability": "Serene Grace", "evs": {"hp": 85, "atk": 85, "def": 85, "spa": 85, "spd": 85, "spe": 85}, "ivs": {"hp": 31, "atk": 31, "def": 31, "spa": 31, "spd": 31, "spe": 31}, "item": "Choice Specs", "teraType": "Normal", "role": "Bulky Attacker", "bvs": {"hp": 100, "atk": 77, "def": 77, "spa": 128, "spd": 128, "spe": 90}, "stats": {"hp": 298, "atk": 173, "def": 173, "spa": 257, "spd": 257, "spe": 195}, "types": ["Normal", "Psychic"]}, "Banette": {"name": "Banette", "species": "Banette", "speciesId": "banette", "gender": "F", "shiny": false, "level": 93, "moves": ["gunkshot", "poltergeist", "shadowsneak", "thunderwave"], "ability": "Insomnia", "evs": {"hp": 85, "atk": 85, "def": 85, "spa": 85, "spd": 85, "spe": 85}, "ivs": {"hp": 31, "atk": 31, "def": 31, "spa": 31, "spd": 31, "spe": 31}, "item": "Life Orb", "teraType": "Poison", "role": "Wallbreaker", "bvs": {"hp": 64, "atk": 115, "def": 65, "spa": 83, "spd": 63, "spe": 65}, "stats": {"hp": 270, "atk": 267, "def": 174, "spa": 207, "spd": 170, "spe": 174}, "types": ["Ghost"]}, "Mabosstiff": {"name": "Mabosstiff", "species": "Mabosstiff", "speciesId": "mabosstiff", "gender": "F", "shiny": false, "level": 86, "moves": ["psychicfangs", "wildcharge", "crunch", "playrough"], "ability": "Stakeout", "evs": {"hp": 85, "atk": 85, "def": 85, "spa": 85, "spd": 85, "spe": 85}, "ivs": {"hp": 31, "atk": 31, "def": 31, "spa": 31, "spd": 31, "spe": 31}, "item": "Choice Scarf", "teraType": "Fairy", "role": "Bulky Attacker", "bvs": {"hp": 80, "atk": 120, "def": 90, "spa": 60, "spd": 70, "spe": 85}, "stats": {"hp": 278, "atk": 256, "def": 204, "spa": 152, "spd": 170, "spe": 195}, "types": ["Dark"]}}]}