{"id": "gen9randombattle-2642184930", "format": "[Gen 9] Random Battle", "players": ["fsfdsfsd", "jnpr010334"], "log": "|j|\u2606fsfdsfsd\n|j|\u2606jnpr010334\n|t:|1782907312\n|gametype|singles\n|player|p1|fsfdsfsd|colress|1796\n|player|p2|jnpr010334|265|1790\n|gen|9\n|tier|[Gen 9] Random Battle\n|rated|\n|rule|Species Clause: Limit one of each Pok\u00e9mon\n|rule|HP Percentage Mod: HP is shown in percentages\n|rule|Sleep Clause Mod: Limit one foe put to sleep\n|rule|Illusion Level Mod: Illusion disguises the Pok\u00e9mon's true level\n|\n|t:|1782907312\n|teamsize|p1|6\n|teamsize|p2|6\n|start\n|switch|p1a: Entei|Entei, L78|307/307\n|switch|p2a: Hawlucha|Hawlucha, L80, M|256/256\n|turn|1\n|inactive|Battle timer is ON: inactive players will automatically lose when time's up. (requested by jnpr010334)\n|\n|t:|1782907321\n|move|p2a: Hawlucha|Swords Dance|p2a: Hawlucha\n|-boost|p2a: Hawlucha|atk|2\n|move|p1a: Entei|Sacred Fire|p2a: Hawlucha\n|-damage|p2a: Hawlucha|69/256\n|-status|p2a: Hawlucha|brn\n|\n|-damage|p2a: Hawlucha|53/256 brn|[from] brn\n|upkeep\n|turn|2\n|\n|t:|1782907335\n|switch|p1a: Diancie|Diancie, L82|216/216\n|move|p2a: Hawlucha|Close Combat|p1a: Diancie\n|-damage|p1a: Diancie|143/216\n|-unboost|p2a: Hawlucha|def|1\n|-unboost|p2a: Hawlucha|spd|1\n|-enditem|p2a: Hawlucha|White Herb\n|-clearnegativeboost|p2a: Hawlucha|[silent]\n|\n|-heal|p1a: Diancie|156/216|[from] item: Leftovers\n|-damage|p2a: Hawlucha|37/256 brn|[from] brn\n|upkeep\n|turn|3\n|\n|t:|1782907339\n|move|p2a: Hawlucha|Close Combat|p1a: Diancie\n|-damage|p1a: Diancie|80/216\n|-unboost|p2a: Hawlucha|def|1\n|-unboost|p2a: Hawlucha|spd|1\n|move|p1a: Diancie|Rock Polish|p1a: Diancie\n|-boost|p1a: Diancie|spe|2\n|\n|-heal|p1a: Diancie|93/216|[from] item: Leftovers\n|-damage|p2a: Hawlucha|21/256 brn|[from] brn\n|upkeep\n|turn|4\n|\n|t:|1782907351\n|move|p2a: Hawlucha|Close Combat|p1a: Diancie\n|-damage|p1a: Diancie|15/216\n|-unboost|p2a: Hawlucha|def|1\n|-unboost|p2a: Hawlucha|spd|1\n|move|p1a: Diancie|Moonblast|p2a: Hawlucha\n|-supereffective|p2a: Hawlucha\n|-damage|p2a: Hawlucha|0 fnt\n|faint|p2a: Hawlucha\n|\n|-heal|p1a: Diancie|28/216|[from] item: Leftovers\n|upkeep\n|\n|t:|1782907353\n|switch|p2a: Meganium|Meganium, L90, M|290/290\n|turn|5\n|\n|t:|1782907366\n|switch|p1a: Magnezone|Magnezone, L85|258/258\n|move|p2a: Meganium|Swords Dance|p2a: Meganium\n|-boost|p2a: Meganium|atk|2\n|\n|upkeep\n|turn|6\n|\n|t:|1782907369\n|move|p1a: Magnezone|Volt Switch|p2a: Meganium\n|-resisted|p2a: Meganium\n|-damage|p2a: Meganium|248/290\n|\n|t:|1782907374\n|switch|p1a: Lurantis|Lurantis, L87, M|264/264|[from] Volt Switch\n|move|p2a: Meganium|Earthquake|p1a: Lurantis\n|-resisted|p1a: Lurantis\n|-damage|p1a: Lurantis|191/264\n|\n|-heal|p2a: Meganium|266/290|[from] item: Leftovers\n|-heal|p1a: Lurantis|207/264|[from] item: Leftovers\n|upkeep\n|turn|7\n|\n|t:|1782907378\n|move|p2a: Meganium|Knock Off|p1a: Lurantis\n|-damage|p1a: Lurantis|68/264\n|-enditem|p1a: Lurantis|Leftovers|[from] move: Knock Off|[of] p2a: Meganium\n|move|p1a: Lurantis|Synthesis|p1a: Lurantis\n|-heal|p1a: Lurantis|200/264\n|\n|-heal|p2a: Meganium|284/290|[from] item: Leftovers\n|upkeep\n|turn|8\n|\n|t:|1782907382\n|move|p2a: Meganium|Swords Dance|p2a: Meganium\n|-boost|p2a: Meganium|atk|2\n|move|p1a: Lurantis|Synthesis|p1a: Lurantis\n|-heal|p1a: Lurantis|264/264\n|\n|-heal|p2a: Meganium|290/290|[from] item: Leftovers\n|upkeep\n|turn|9\n|\n|t:|1782907384\n|move|p2a: Meganium|Knock Off|p1a: Lurantis\n|-damage|p1a: Lurantis|119/264\n|move|p1a: Lurantis|Superpower|p2a: Meganium\n|-damage|p2a: Meganium|205/290\n|-boost|p1a: Lurantis|atk|1\n|-boost|p1a: Lurantis|def|1\n|\n|-heal|p2a: Meganium|223/290|[from] item: Leftovers\n|upkeep\n|turn|10\n|\n|t:|1782907387\n|move|p2a: Meganium|Petal Blizzard|p1a: Lurantis\n|-resisted|p1a: Lurantis\n|-damage|p1a: Lurantis|29/264\n|move|p1a: Lurantis|Synthesis|p1a: Lurantis\n|-heal|p1a: Lurantis|161/264\n|\n|-heal|p2a: Meganium|241/290|[from] item: Leftovers\n|upkeep\n|turn|11\n|\n|t:|1782907393\n|move|p2a: Meganium|Petal Blizzard|p1a: Lurantis\n|-resisted|p1a: Lurantis\n|-damage|p1a: Lurantis|69/264\n|move|p1a: Lurantis|Synthesis|p1a: Lurantis\n|-heal|p1a: Lurantis|201/264\n|\n|-heal|p2a: Meganium|259/290|[from] item: Leftovers\n|upkeep\n|turn|12\n|\n|t:|1782907398\n|move|p2a: Meganium|Petal Blizzard|p1a: Lurantis\n|-resisted|p1a: Lurantis\n|-damage|p1a: Lurantis|111/264\n|move|p1a: Lurantis|Superpower|p2a: Meganium\n|-damage|p2a: Meganium|141/290\n|-boost|p1a: Lurantis|atk|1\n|-boost|p1a: Lurantis|def|1\n|\n|-heal|p2a: Meganium|159/290|[from] item: Leftovers\n|upkeep\n|turn|13\n|\n|t:|1782907402\n|move|p2a: Meganium|Petal Blizzard|p1a: Lurantis\n|-resisted|p1a: Lurantis\n|-damage|p1a: Lurantis|44/264\n|move|p1a: Lurantis|Synthesis|p1a: Lurantis\n|-heal|p1a: Lurantis|176/264\n|\n|-heal|p2a: Meganium|177/290|[from] item: Leftovers\n|upkeep\n|turn|14\n|\n|t:|1782907405\n|move|p2a: Meganium|Petal Blizzard|p1a: Lurantis\n|-resisted|p1a: Lurantis\n|-damage|p1a: Lurantis|110/264\n|move|p1a: Lurantis|Synthesis|p1a: Lurantis\n|-heal|p1a: Lurantis|242/264\n|\n|-heal|p2a: Meganium|195/290|[from] item: Leftovers\n|upkeep\n|turn|15\n|\n|t:|1782907409\n|move|p2a: Meganium|Petal Blizzard|p1a: Lurantis\n|-resisted|p1a: Lurantis\n|-crit|p1a: Lurantis\n|-damage|p1a: Lurantis|29/264\n|move|p1a: Lurantis|Superpower|p2a: Meganium\n|-damage|p2a: Meganium|43/290\n|-boost|p1a: Lurantis|atk|1\n|-boost|p1a: Lurantis|def|1\n|\n|-heal|p2a: Meganium|61/290|[from] item: Leftovers\n|upkeep\n|turn|16\n|\n|t:|1782907413\n|move|p2a: Meganium|Petal Blizzard|p1a: Lurantis\n|-resisted|p1a: Lurantis\n|-damage|p1a: Lurantis|0 fnt\n|faint|p1a: Lurantis\n|\n|-heal|p2a: Meganium|79/290|[from] item: Leftovers\n|upkeep\n|\n|t:|1782907416\n|switch|p1a: Entei|Entei, L78|307/307\n|turn|17\n|\n|t:|1782907419\n|move|p1a: Entei|Sacred Fire|p2a: Meganium\n|-supereffective|p2a: Meganium\n|-damage|p2a: Meganium|0 fnt\n|faint|p2a: Meganium\n|\n|upkeep\n|\n|t:|1782907420\n|switch|p2a: Tauros|Tauros-Paldea-Blaze, L81, M|252/252\n|turn|18\n|\n|t:|1782907424\n|switch|p1a: Diancie|Diancie, L82|28/216\n|move|p2a: Tauros|Bulk Up|p2a: Tauros\n|-boost|p2a: Tauros|atk|1\n|-boost|p2a: Tauros|def|1\n|\n|-heal|p1a: Diancie|41/216|[from] item: Leftovers\n|upkeep\n|turn|19\n|\n|t:|1782907429\n|move|p2a: Tauros|Close Combat|p1a: Diancie\n|-damage|p1a: Diancie|0 fnt\n|-unboost|p2a: Tauros|def|1\n|-unboost|p2a: Tauros|spd|1\n|faint|p1a: Diancie\n|\n|upkeep\n|\n|t:|1782907434\n|switch|p1a: Wugtrio|Wugtrio, L91, F|212/212\n|turn|20\n|\n|t:|1782907437\n|switch|p2a: Chimecho|Chimecho, L93, F|290/290\n|move|p1a: Wugtrio|Liquidation|p2a: Chimecho\n|-crit|p2a: Chimecho\n|-damage|p2a: Chimecho|43/290\n|\n|-heal|p2a: Chimecho|61/290|[from] item: Leftovers\n|upkeep\n|turn|21\n|\n|t:|1782907442\n|move|p1a: Wugtrio|Liquidation|p2a: Chimecho\n|-damage|p2a: Chimecho|0 fnt\n|faint|p2a: Chimecho\n|\n|upkeep\n|\n|t:|1782907446\n|switch|p2a: Jolteon|Jolteon, L84, F|246/246\n|turn|22\n|\n|t:|1782907453\n|switch|p1a: Magnezone|Magnezone, L85|258/258\n|move|p2a: Jolteon|Thunderbolt|p1a: Magnezone\n|-resisted|p1a: Magnezone\n|-damage|p1a: Magnezone|194/258\n|-damage|p2a: Jolteon|222/246|[from] item: Life Orb\n|\n|upkeep\n|turn|23\n|\n|t:|1782907455\n|move|p2a: Jolteon|Calm Mind|p2a: Jolteon\n|-boost|p2a: Jolteon|spa|1\n|-boost|p2a: Jolteon|spd|1\n|move|p1a: Magnezone|Body Press|p2a: Jolteon\n|-damage|p2a: Jolteon|139/246\n|\n|upkeep\n|turn|24\n|\n|t:|1782907458\n|move|p2a: Jolteon|Calm Mind|p2a: Jolteon\n|-boost|p2a: Jolteon|spa|1\n|-boost|p2a: Jolteon|spd|1\n|move|p1a: Magnezone|Body Press|p2a: Jolteon\n|-damage|p2a: Jolteon|51/246\n|\n|upkeep\n|turn|25\n|\n|t:|1782907460\n|move|p2a: Jolteon|Shadow Ball|p1a: Magnezone\n|-damage|p1a: Magnezone|43/258\n|-damage|p2a: Jolteon|27/246|[from] item: Life Orb\n|move|p1a: Magnezone|Body Press|p2a: Jolteon\n|-damage|p2a: Jolteon|0 fnt\n|faint|p2a: Jolteon\n|\n|upkeep\n|\n|t:|1782907462\n|switch|p2a: Azelf|Azelf, L82|257/257\n|turn|26\n|\n|t:|1782907465\n|switch|p1a: Chimecho|Chimecho, L93, F|290/290\n|move|p2a: Azelf|Nasty Plot|p2a: Azelf\n|-boost|p2a: Azelf|spa|2\n|\n|upkeep\n|turn|27\n|\n|t:|1782907471\n|move|p2a: Azelf|Nasty Plot|p2a: Azelf\n|-boost|p2a: Azelf|spa|2\n|move|p1a: Chimecho|Thunder Wave|p2a: Azelf|[miss]\n|-miss|p1a: Chimecho|p2a: Azelf\n|\n|upkeep\n|turn|28\n|\n|t:|1782907477\n|-terastallize|p2a: Azelf|Fire\n|move|p2a: Azelf|Fire Blast|p1a: Chimecho\n|-damage|p1a: Chimecho|0 fnt\n|faint|p1a: Chimecho\n|-damage|p2a: Azelf|232/257|[from] item: Life Orb\n|\n|upkeep\n|\n|t:|1782907481\n|switch|p1a: Wugtrio|Wugtrio, L91, F|212/212\n|turn|29\n|\n|t:|1782907484\n|move|p1a: Wugtrio|Liquidation|p2a: Azelf\n|-supereffective|p2a: Azelf\n|-damage|p2a: Azelf|0 fnt\n|faint|p2a: Azelf\n|\n|upkeep\n|\n|t:|1782907487\n|switch|p2a: Tauros|Tauros-Paldea-Blaze, L81, M|252/252\n|turn|30\n|\n|t:|1782907492\n|move|p1a: Wugtrio|Liquidation|p2a: Tauros\n|-supereffective|p2a: Tauros\n|-damage|p2a: Tauros|0 fnt\n|faint|p2a: Tauros\n|\n|win|fsfdsfsd\n|raw|fsfdsfsd's rating: 1796 &rarr; <strong>1811</strong><br />(+15 for winning)\n|raw|jnpr010334's rating: 1708 &rarr; <strong>1693</strong><br />(-15 for losing)\n", "inputlog": ">version f8ac14003a5f27e1bdc8d8c59608a773c1cb96e5\n>start {\"formatid\":\"gen9randombattle\",\"seed\":\"sodium,1155d38a68fdedd73f4c0ab9b38aa36d\",\"rated\":\"Rated battle\"}\n>player p1 {\"name\":\"fsfdsfsd\",\"avatar\":\"colress\",\"rating\":1796,\"seed\":\"sodium,e78a169e80e892f914457d673f242cc6\"}\n>player p2 {\"name\":\"jnpr010334\",\"avatar\":\"265\",\"rating\":1790,\"seed\":\"sodium,249334026c24f842b08a84c8c698a162\"}\n>p1 move sacredfire\n>p2 move swordsdance\n>p1 switch 2\n>p2 move closecombat\n>p1 move rockpolish\n>p2 move closecombat\n>p1 move moonblast\n>p2 move closecombat\n>p2 switch 2\n>p1 switch 3\n>p2 move swordsdance\n>p1 move voltswitch\n>p2 move earthquake\n>p1 switch 4\n>p1 move synthesis\n>p2 move knockoff\n>p1 move synthesis\n>p2 move swordsdance\n>p1 move superpower\n>p2 move knockoff\n>p1 move synthesis\n>p2 move petalblizzard\n>p1 move synthesis\n>p2 move petalblizzard\n>p1 move superpower\n>p2 move petalblizzard\n>p1 move synthesis\n>p2 move petalblizzard\n>p1 move synthesis\n>p2 move petalblizzard\n>p1 move superpower\n>p2 move petalblizzard\n>p1 move superpower\n>p2 move petalblizzard\n>p1 switch 2\n>p1 move sacredfire\n>p2 move earthquake\n>p2 switch 4\n>p1 switch 3\n>p2 move bulkup\n>p1 move moonblast\n>p2 move closecombat\n>p1 switch 6\n>p1 move liquidation\n>p2 switch 5\n>p1 move liquidation\n>p2 move psychicnoise\n>p2 switch 3\n>p1 switch 4\n>p2 move thunderbolt\n>p1 move bodypress\n>p2 move calmmind\n>p1 move bodypress\n>p2 move calmmind\n>p1 move bodypress\n>p2 move shadowball\n>p2 switch 6\n>p1 switch 5\n>p2 move nastyplot\n>p1 move thunderwave\n>p2 move nastyplot\n>p1 move knockoff\n>p2 move fireblast terastallize\n>p1 switch 4\n>p1 move liquidation\n>p2 move psychic\n>p2 switch 5\n>p1 move liquidation\n>p2 move bulkup", "uploadtime": 1782907492, "views": 3, "formatid": "gen9randombattle", "rating": 1693, "private": 0, "password": null, "player_dets": [{"name": "fsfdsfsd", "avatar": "colress", "rating": 1796, "seed": "sodium,e78a169e80e892f914457d673f242cc6"}, {"name": "jnpr010334", "avatar": "265", "rating": 1790, "seed": "sodium,249334026c24f842b08a84c8c698a162"}], "teams_full": [{"Entei": {"name": "Entei", "species": "Entei", "speciesId": "entei", "gender": "N", "shiny": false, "level": 78, "moves": ["stompingtantrum", "flareblitz", "sacredfire", "extremespeed"], "ability": "Inner Focus", "evs": {"hp": 85, "atk": 85, "def": 85, "spa": 85, "spd": 85, "spe": 85}, "ivs": {"hp": 31, "atk": 31, "def": 31, "spa": 31, "spd": 31, "spe": 31}, "item": "Choice Band", "teraType": "Fire", "role": "Wallbreaker", "bvs": {"hp": 115, "atk": 115, "def": 85, "spa": 90, "spd": 75, "spe": 100}, "stats": {"hp": 307, "atk": 224, "def": 178, "spa": 185, "spd": 162, "spe": 201}, "types": ["Fire"]}, "Diancie": {"name": "Diancie", "species": "Diancie", "speciesId": "diancie", "gender": "N", "shiny": false, "level": 82, "moves": ["rockpolish", "diamondstorm", "moonblast", "bodypress"], "ability": "Clear Body", "evs": {"hp": 85, "atk": 85, "def": 85, "spa": 85, "spd": 85, "spe": 85}, "ivs": {"hp": 31, "atk": 31, "def": 31, "spa": 31, "spd": 31, "spe": 31}, "item": "Leftovers", "teraType": "Fighting", "role": "Bulky Attacker", "bvs": {"hp": 50, "atk": 100, "def": 150, "spa": 100, "spd": 150, "spe": 50}, "stats": {"hp": 216, "atk": 211, "def": 293, "spa": 211, "spd": 293, "spe": 129}, "types": ["Rock", "Fairy"]}, "Magnezone": {"name": "Magnezone", "species": "Magnezone", "speciesId": "magnezone", "gender": "N", "shiny": false, "level": 85, "moves": ["bodypress", "voltswitch", "flashcannon", "thunderbolt"], "ability": "Magnet Pull", "evs": {"hp": 85, "atk": 0, "def": 85, "spa": 85, "spd": 85, "spe": 85}, "ivs": {"hp": 31, "atk": 0, "def": 31, "spa": 31, "spd": 31, "spe": 31}, "item": "Choice Scarf", "teraType": "Flying", "role": "Fast Attacker", "bvs": {"hp": 70, "atk": 70, "def": 115, "spa": 130, "spd": 90, "spe": 60}, "stats": {"hp": 258, "atk": 124, "def": 244, "spa": 270, "spd": 202, "spe": 151}, "types": ["Electric", "Steel"]}, "Lurantis": {"name": "Lurantis", "species": "Lurantis", "speciesId": "lurantis", "gender": "M", "shiny": false, "level": 87, "moves": ["superpower", "synthesis", "defog", "leafstorm"], "ability": "Contrary", "evs": {"hp": 85, "atk": 85, "def": 85, "spa": 85, "spd": 85, "spe": 85}, "ivs": {"hp": 31, "atk": 31, "def": 31, "spa": 31, "spd": 31, "spe": 31}, "item": "Leftovers", "teraType": "Fighting", "role": "Bulky Attacker", "bvs": {"hp": 70, "atk": 105, "def": 90, "spa": 80, "spd": 90, "spe": 45}, "stats": {"hp": 264, "atk": 232, "def": 206, "spa": 189, "spd": 206, "spe": 128}, "types": ["Grass"]}, "Chimecho": {"name": "Chimecho", "species": "Chimecho", "speciesId": "chimecho", "gender": "F", "shiny": false, "level": 93, "moves": ["recover", "thunderwave", "psychicnoise", "knockoff"], "ability": "Levitate", "evs": {"hp": 85, "atk": 85, "def": 85, "spa": 85, "spd": 85, "spe": 85}, "ivs": {"hp": 31, "atk": 31, "def": 31, "spa": 31, "spd": 31, "spe": 31}, "item": "Leftovers", "teraType": "Dark", "role": "Bulky Support", "bvs": {"hp": 75, "atk": 50, "def": 80, "spa": 95, "spd": 90, "spe": 65}, "stats": {"hp": 290, "atk": 146, "def": 202, "spa": 230, "spd": 220, "spe": 174}, "types": ["Psychic"]}, "Wugtrio": {"name": "Wugtrio", "species": "Wugtrio", "speciesId": "wugtrio", "gender": "F", "shiny": false, "level": 91, "moves": ["stompingtantrum", "aquajet", "liquidation", "throatchop"], "ability": "Gooey", "evs": {"hp": 85, "atk": 85, "def": 85, "spa": 85, "spd": 85, "spe": 85}, "ivs": {"hp": 31, "atk": 31, "def": 31, "spa": 31, "spd": 31, "spe": 31}, "item": "Choice Band", "teraType": "Ground", "role": "Fast Attacker", "bvs": {"hp": 35, "atk": 100, "def": 50, "spa": 50, "spd": 70, "spe": 120}, "stats": {"hp": 212, "atk": 234, "def": 143, "spa": 143, "spd": 179, "spe": 270}, "types": ["Water"]}}, {"Hawlucha": {"name": "Hawlucha", "species": "Hawlucha", "speciesId": "hawlucha", "gender": "M", "shiny": false, "level": 80, "moves": ["swordsdance", "throatchop", "acrobatics", "closecombat"], "ability": "Unburden", "evs": {"hp": 85, "atk": 85, "def": 85, "spa": 85, "spd": 85, "spe": 85}, "ivs": {"hp": 31, "atk": 31, "def": 31, "spa": 31, "spd": 31, "spe": 31}, "item": "White Herb", "teraType": "Flying", "role": "Setup Sweeper", "bvs": {"hp": 78, "atk": 92, "def": 75, "spa": 74, "spd": 63, "spe": 118}, "stats": {"hp": 256, "atk": 193, "def": 166, "spa": 165, "spd": 147, "spe": 235}, "types": ["Fighting", "Flying"]}, "Meganium": {"name": "Meganium", "species": "Meganium", "speciesId": "meganium", "gender": "M", "shiny": false, "level": 90, "moves": ["swordsdance", "petalblizzard", "earthquake", "knockoff"], "ability": "Overgrow", "evs": {"hp": 85, "atk": 85, "def": 85, "spa": 85, "spd": 85, "spe": 85}, "ivs": {"hp": 31, "atk": 31, "def": 31, "spa": 31, "spd": 31, "spe": 31}, "item": "Leftovers", "teraType": "Steel", "role": "Bulky Setup", "bvs": {"hp": 80, "atk": 82, "def": 100, "spa": 83, "spd": 100, "spe": 80}, "stats": {"hp": 290, "atk": 199, "def": 231, "spa": 201, "spd": 231, "spe": 195}, "types": ["Grass"]}, "Jolteon": {"name": "Jolteon", "species": "Jolteon", "speciesId": "jolteon", "gender": "F", "shiny": false, "level": 84, "moves": ["thunderbolt", "calmmind", "alluringvoice", "shadowball"], "ability": "Volt Absorb", "evs": {"hp": 85, "atk": 0, "def": 85, "spa": 85, "spd": 85, "spe": 85}, "ivs": {"hp": 31, "atk": 0, "def": 31, "spa": 31, "spd": 31, "spe": 31}, "item": "Life Orb", "teraType": "Electric", "role": "Fast Attacker", "bvs": {"hp": 65, "atk": 65, "def": 60, "spa": 110, "spd": 95, "spe": 130}, "stats": {"hp": 246, "atk": 114, "def": 149, "spa": 233, "spd": 208, "spe": 267}, "types": ["Electric"]}, "Tauros": {"name": "Tauros", "species": "Tauros-Paldea-Blaze", "speciesId": "taurospaldeablaze", "gender": "M", "shiny": false, "level": 81, "moves": ["closecombat", "substitute", "bulkup", "ragingbull"], "ability": "Cud Chew", "evs": {"hp": 73, "atk": 85, "def": 85, "spa": 85, "spd": 85, "spe": 85}, "ivs": {"hp": 31, "atk": 31, "def": 31, "spa": 31, "spd": 31, "spe": 31}, "item": "Sitrus Berry", "teraType": "Water", "role": "Fast Bulky Setup", "bvs": {"hp": 75, "atk": 110, "def": 105, "spa": 30, "spd": 70, "spe": 100}, "stats": {"hp": 252, "atk": 225, "def": 217, "spa": 95, "spd": 160, "spe": 209}, "types": ["Fighting", "Fire"]}, "Chimecho": {"name": "Chimecho", "species": "Chimecho", "speciesId": "chimecho", "gender": "F", "shiny": false, "level": 93, "moves": ["recover", "healbell", "encore", "psychicnoise"], "ability": "Levitate", "evs": {"hp": 85, "atk": 0, "def": 85, "spa": 85, "spd": 85, "spe": 85}, "ivs": {"hp": 31, "atk": 0, "def": 31, "spa": 31, "spd": 31, "spe": 31}, "item": "Leftovers", "teraType": "Electric", "role": "Bulky Support", "bvs": {"hp": 75, "atk": 50, "def": 80, "spa": 95, "spd": 90, "spe": 65}, "stats": {"hp": 290, "atk": 98, "def": 202, "spa": 230, "spd": 220, "spe": 174}, "types": ["Psychic"]}, "Azelf": {"name": "Azelf", "species": "Azelf", "speciesId": "azelf", "gender": "N", "shiny": false, "level": 82, "moves": ["dazzlinggleam", "psychic", "fireblast", "nastyplot"], "ability": "Levitate", "evs": {"hp": 85, "atk": 0, "def": 85, "spa": 85, "spd": 85, "spe": 85}, "ivs": {"hp": 31, "atk": 0, "def": 31, "spa": 31, "spd": 31, "spe": 31}, "item": "Life Orb", "teraType": "Fire", "role": "Fast Attacker", "bvs": {"hp": 75, "atk": 125, "def": 70, "spa": 125, "spd": 70, "spe": 115}, "stats": {"hp": 257, "atk": 210, "def": 162, "spa": 252, "spd": 162, "spe": 236}, "types": ["Psychic"]}}]}