{"id": "gen9randombattle-2641949428", "format": "[Gen 9] Random Battle", "players": ["t777877", "mattyplays10"], "log": "|j|\u2606t777877\n|j|\u2606mattyplays10\n|t:|1782863457\n|gametype|singles\n|player|p1|t777877|169|\n|player|p2|mattyplays10|larry|\n|gen|9\n|tier|[Gen 9] Random Battle\n|rule|Species Clause: Limit one of each Pok\u00e9mon\n|rule|HP Percentage Mod: HP is shown in percentages\n|rule|Sleep Clause Mod: Limit one foe put to sleep\n|rule|Illusion Level Mod: Illusion disguises the Pok\u00e9mon's true level\n|\n|t:|1782863457\n|teamsize|p1|6\n|teamsize|p2|6\n|start\n|switch|p1a: Conkeldurr|Conkeldurr, L80, M|299/299\n|switch|p2a: Palkia|Palkia-Origin, L72|249/249\n|-ability|p2a: Palkia|Pressure\n|turn|1\n|\n|t:|1782863468\n|move|p2a: Palkia|Thunder Wave|p1a: Conkeldurr\n|-status|p1a: Conkeldurr|par\n|move|p1a: Conkeldurr|Close Combat|p2a: Palkia\n|-damage|p2a: Palkia|0 fnt\n|-unboost|p1a: Conkeldurr|def|1\n|-unboost|p1a: Conkeldurr|spd|1\n|faint|p2a: Palkia\n|\n|upkeep\n|\n|t:|1782863484\n|switch|p2a: Muk|Muk, L86, F|321/321\n|turn|2\n|\n|t:|1782863500\n|switch|p1a: Bronzong|Bronzong, L88|261/261\n|move|p2a: Muk|Knock Off|p1a: Bronzong\n|-supereffective|p1a: Bronzong\n|-damage|p1a: Bronzong|139/261\n|-enditem|p1a: Bronzong|Chesto Berry|[from] move: Knock Off|[of] p2a: Muk\n|\n|upkeep\n|turn|3\n|\n|t:|1782863506\n|move|p2a: Muk|Knock Off|p1a: Bronzong\n|-supereffective|p1a: Bronzong\n|-damage|p1a: Bronzong|55/261\n|move|p1a: Bronzong|Psychic Noise|p2a: Muk\n|-supereffective|p2a: Muk\n|-damage|p2a: Muk|235/321\n|-start|p2a: Muk|move: Heal Block\n|\n|upkeep\n|turn|4\n|\n|t:|1782863510\n|move|p2a: Muk|Knock Off|p1a: Bronzong\n|-supereffective|p1a: Bronzong\n|-damage|p1a: Bronzong|0 fnt\n|faint|p1a: Bronzong\n|\n|-end|p2a: Muk|move: Heal Block\n|upkeep\n|\n|t:|1782863516\n|switch|p1a: Donphan|Donphan, L84, F|288/288\n|turn|5\n|\n|t:|1782863520\n|move|p2a: Muk|Ice Punch|p1a: Donphan\n|-supereffective|p1a: Donphan\n|-damage|p1a: Donphan|202/288\n|move|p1a: Donphan|Earthquake|p2a: Muk\n|-supereffective|p2a: Muk\n|-damage|p2a: Muk|0 fnt\n|faint|p2a: Muk\n|\n|-heal|p1a: Donphan|220/288|[from] item: Leftovers\n|upkeep\n|\n|t:|1782863524\n|switch|p2a: Mienshao|Mienshao, L83, F|244/244\n|turn|6\n|\n|t:|1782863541\n|move|p2a: Mienshao|Fake Out|p1a: Donphan\n|-damage|p1a: Donphan|194/288\n|cant|p1a: Donphan|flinch\n|\n|-heal|p1a: Donphan|212/288|[from] item: Leftovers\n|upkeep\n|turn|7\n|\n|t:|1782863544\n|move|p2a: Mienshao|Close Combat|p1a: Donphan\n|-damage|p1a: Donphan|103/288\n|-unboost|p2a: Mienshao|def|1\n|-unboost|p2a: Mienshao|spd|1\n|move|p1a: Donphan|Rapid Spin|p2a: Mienshao\n|-damage|p2a: Mienshao|162/244\n|-boost|p1a: Donphan|spe|1\n|\n|-heal|p1a: Donphan|121/288|[from] item: Leftovers\n|upkeep\n|turn|8\n|\n|t:|1782863550\n|move|p2a: Mienshao|Close Combat|p1a: Donphan\n|-damage|p1a: Donphan|0 fnt\n|-unboost|p2a: Mienshao|def|1\n|-unboost|p2a: Mienshao|spd|1\n|faint|p1a: Donphan\n|\n|upkeep\n|\n|t:|1782863557\n|switch|p1a: Hariyama|Hariyama, L87, F|392/392\n|turn|9\n|\n|t:|1782863564\n|switch|p2a: Rotom|Rotom, L88|231/231\n|move|p1a: Hariyama|Close Combat|p2a: Rotom\n|-immune|p2a: Rotom\n|\n|-status|p1a: Hariyama|brn|[from] item: Flame Orb\n|upkeep\n|turn|10\n|\n|t:|1782863571\n|move|p2a: Rotom|Shadow Ball|p1a: Hariyama\n|-damage|p1a: Hariyama|239/392 brn\n|-unboost|p1a: Hariyama|spd|1\n|-damage|p2a: Rotom|208/231|[from] item: Life Orb\n|move|p1a: Hariyama|Knock Off|p2a: Rotom\n|-supereffective|p2a: Rotom\n|-damage|p2a: Rotom|0 fnt\n|-enditem|p2a: Rotom|Life Orb|[from] move: Knock Off|[of] p1a: Hariyama\n|faint|p2a: Rotom\n|\n|-damage|p1a: Hariyama|215/392 brn|[from] brn\n|upkeep\n|\n|t:|1782863578\n|switch|p2a: Dewgong|Dewgong, L94, F|322/322\n|turn|11\n|\n|t:|1782863584\n|move|p2a: Dewgong|Surf|p1a: Hariyama\n|-crit|p1a: Hariyama\n|-damage|p1a: Hariyama|0 fnt\n|faint|p1a: Hariyama\n|\n|upkeep\n|\n|t:|1782863589\n|switch|p1a: Hatterene|Hatterene, L85, F|236/236\n|turn|12\n|\n|t:|1782863594\n|move|p2a: Dewgong|Knock Off|p1a: Hatterene\n|-damage|p1a: Hatterene|172/236\n|-enditem|p1a: Hatterene|Leftovers|[from] move: Knock Off|[of] p2a: Dewgong\n|move|p1a: Hatterene|Mystical Fire|p2a: Dewgong\n|-damage|p2a: Dewgong|293/322\n|-unboost|p2a: Dewgong|spa|1\n|\n|upkeep\n|turn|13\n|\n|t:|1782863598\n|move|p2a: Dewgong|Encore|p1a: Hatterene\n|move|p1a: Hatterene|Encore||[from] ability: Magic Bounce|[still]\n|-fail|p1a: Hatterene\n|move|p1a: Hatterene|Draining Kiss|p2a: Dewgong\n|-damage|p2a: Dewgong|226/322\n|-heal|p1a: Hatterene|222/236|[from] drain|[of] p2a: Dewgong\n|\n|upkeep\n|turn|14\n|\n|t:|1782863608\n|move|p2a: Dewgong|Triple Axel|p1a: Hatterene\n|-damage|p1a: Hatterene|203/236\n|-damage|p1a: Hatterene|166/236\n|-damage|p1a: Hatterene|108/236\n|-hitcount|p1a: Hatterene|3\n|move|p1a: Hatterene|Draining Kiss|p2a: Dewgong\n|-damage|p2a: Dewgong|160/322\n|-heal|p1a: Hatterene|158/236|[from] drain|[of] p2a: Dewgong\n|\n|upkeep\n|turn|15\n|\n|t:|1782863613\n|move|p2a: Dewgong|Surf|p1a: Hatterene\n|-damage|p1a: Hatterene|100/236\n|move|p1a: Hatterene|Psychic|p2a: Dewgong\n|-damage|p2a: Dewgong|49/322\n|\n|upkeep\n|turn|16\n|\n|t:|1782863616\n|move|p2a: Dewgong|Knock Off|p1a: Hatterene\n|-damage|p1a: Hatterene|56/236\n|move|p1a: Hatterene|Psychic|p2a: Dewgong\n|-damage|p2a: Dewgong|0 fnt\n|faint|p2a: Dewgong\n|\n|upkeep\n|\n|t:|1782863621\n|switch|p2a: Eelektross|Eelektross, L87, M|290/290\n|turn|17\n|\n|t:|1782863626\n|move|p2a: Eelektross|Fire Punch|p1a: Hatterene\n|-damage|p1a: Hatterene|0 fnt\n|faint|p1a: Hatterene\n|\n|upkeep\n|\n|t:|1782863628\n|switch|p1a: Rhydon|Rhydon, L85, M|317/317\n|turn|18\n|\n|t:|1782863633\n|-terastallize|p2a: Eelektross|Fighting\n|move|p2a: Eelektross|Drain Punch|p1a: Rhydon\n|-supereffective|p1a: Rhydon\n|-damage|p1a: Rhydon|215/317\n|move|p1a: Rhydon|Earthquake|p2a: Eelektross\n|-immune|p2a: Eelektross|[from] ability: Levitate\n|\n|upkeep\n|turn|19\n|\n|t:|1782863640\n|move|p2a: Eelektross|Drain Punch|p1a: Rhydon\n|-supereffective|p1a: Rhydon\n|-damage|p1a: Rhydon|123/317\n|move|p1a: Rhydon|Megahorn|p2a: Eelektross\n|-resisted|p2a: Eelektross\n|-damage|p2a: Eelektross|230/290\n|\n|-heal|p2a: Eelektross|248/290|[from] item: Leftovers\n|upkeep\n|turn|20\n|\n|t:|1782863645\n|move|p2a: Eelektross|Drain Punch|p1a: Rhydon\n|-supereffective|p1a: Rhydon\n|-damage|p1a: Rhydon|25/317\n|-heal|p2a: Eelektross|290/290|[from] drain|[of] p1a: Rhydon\n|move|p1a: Rhydon|Megahorn|p2a: Eelektross|[miss]\n|-miss|p1a: Rhydon|p2a: Eelektross\n|\n|upkeep\n|turn|21\n|\n|t:|1782863648\n|move|p2a: Eelektross|Drain Punch|p1a: Rhydon\n|-supereffective|p1a: Rhydon\n|-damage|p1a: Rhydon|0 fnt\n|faint|p1a: Rhydon\n|\n|upkeep\n|\n|t:|1782863650\n|switch|p1a: Conkeldurr|Conkeldurr, L80, M|299/299 par\n|turn|22\n|\n|t:|1782863656\n|-terastallize|p1a: Conkeldurr|Normal\n|move|p2a: Eelektross|Fire Punch|p1a: Conkeldurr\n|-crit|p1a: Conkeldurr\n|-damage|p1a: Conkeldurr|201/299 par\n|move|p1a: Conkeldurr|Close Combat|p2a: Eelektross\n|-damage|p2a: Eelektross|49/290\n|-unboost|p1a: Conkeldurr|def|1\n|-unboost|p1a: Conkeldurr|spd|1\n|\n|-heal|p2a: Eelektross|67/290|[from] item: Leftovers\n|upkeep\n|turn|23\n|\n|t:|1782863661\n|move|p2a: Eelektross|Drain Punch|p1a: Conkeldurr\n|-supereffective|p1a: Conkeldurr\n|-damage|p1a: Conkeldurr|0 fnt\n|-heal|p2a: Eelektross|168/290|[from] drain|[of] p1a: Conkeldurr\n|faint|p1a: Conkeldurr\n|\n|win|mattyplays10\n|l|\u2606t777877\n|player|p1|\n|c|\u2606mattyplays10|ggs\n|l|\u2606mattyplays10\n|player|p2|\n|j|\u2606mattyplays10\n|player|p2|mattyplays10|larry|\n", "inputlog": ">version f8ac14003a5f27e1bdc8d8c59608a773c1cb96e5\n>start {\"formatid\":\"gen9randombattle\",\"seed\":\"sodium,713fadb35c63629c43975111ef7bc9f1\"}\n>player p1 {\"name\":\"t777877\",\"avatar\":\"169\",\"rating\":0,\"seed\":\"sodium,055144faed8b89261e22b1228e92a6eb\"}\n>player p2 {\"name\":\"mattyplays10\",\"avatar\":\"larry\",\"rating\":0,\"seed\":\"sodium,434830784e3a23c94bc3eb0b7c5aeb3e\"}\n>p1 move closecombat\n>p2 move thunderwave\n>p2 switch 3\n>p1 switch 4\n>p2 move knockoff\n>p1 move psychicnoise\n>p2 move knockoff\n>p1 move rest\n>p2 move knockoff\n>p1 switch 3\n>p1 move earthquake\n>p2 move icepunch\n>p2 switch 5\n>p1 move earthquake\n>p2 move fakeout\n>p1 move rapidspin\n>p2 move closecombat\n>p1 move stealthrock\n>p2 move closecombat\n>p1 switch 6\n>p1 move closecombat\n>p2 switch 4\n>p1 move knockoff\n>p2 move shadowball\n>p2 switch 2\n>p1 move closecombat\n>p2 move surf\n>p1 switch 2\n>p1 move mysticalfire\n>p2 move knockoff\n>p1 move drainingkiss\n>p2 move encore\n>p1 move drainingkiss\n>p2 move tripleaxel\n>p1 move psychic\n>p2 move surf\n>p1 move psychic\n>p2 move knockoff\n>p2 switch 6\n>p1 move drainingkiss\n>p2 move firepunch\n>p1 switch 5\n>p1 move earthquake\n>p2 move drainpunch terastallize\n>p1 move megahorn\n>p2 move drainpunch\n>p1 move megahorn\n>p2 move drainpunch\n>p1 move megahorn\n>p2 move drainpunch\n>p1 switch 4\n>p1 move closecombat terastallize\n>p2 move firepunch\n>p1 move closecombat\n>p2 move drainpunch", "uploadtime": 1782863876, "views": 6, "formatid": "gen9randombattle", "rating": null, "private": 0, "password": null, "player_dets": [{"name": "t777877", "avatar": "169", "rating": 0, "seed": "sodium,055144faed8b89261e22b1228e92a6eb"}, {"name": "mattyplays10", "avatar": "larry", "rating": 0, "seed": "sodium,434830784e3a23c94bc3eb0b7c5aeb3e"}], "teams_full": [{"Conkeldurr": {"name": "Conkeldurr", "species": "Conkeldurr", "speciesId": "conkeldurr", "gender": "M", "shiny": false, "level": 80, "moves": ["knockoff", "machpunch", "closecombat", "facade"], "ability": "Guts", "evs": {"hp": 85, "atk": 85, "def": 85, "spa": 85, "spd": 85, "spe": 85}, "ivs": {"hp": 31, "atk": 31, "def": 31, "spa": 31, "spd": 31, "spe": 31}, "item": "Flame Orb", "teraType": "Normal", "role": "Wallbreaker", "bvs": {"hp": 105, "atk": 140, "def": 95, "spa": 55, "spd": 65, "spe": 45}, "stats": {"hp": 299, "atk": 270, "def": 198, "spa": 134, "spd": 150, "spe": 118}, "types": ["Fighting"]}, "Hatterene": {"name": "Hatterene", "species": "Hatterene", "speciesId": "hatterene", "gender": "F", "shiny": false, "level": 85, "moves": ["drainingkiss", "psychic", "mysticalfire", "calmmind"], "ability": "Magic Bounce", "evs": {"hp": 85, "atk": 0, "def": 85, "spa": 85, "spd": 85, "spe": 85}, "ivs": {"hp": 31, "atk": 0, "def": 31, "spa": 31, "spd": 31, "spe": 31}, "item": "Leftovers", "teraType": "Fairy", "role": "Bulky Setup", "bvs": {"hp": 57, "atk": 90, "def": 95, "spa": 136, "spd": 103, "spe": 29}, "stats": {"hp": 236, "atk": 158, "def": 210, "spa": 280, "spd": 224, "spe": 98}, "types": ["Psychic", "Fairy"]}, "Donphan": {"name": "Donphan", "species": "Donphan", "speciesId": "donphan", "gender": "F", "shiny": false, "level": 84, "moves": ["knockoff", "earthquake", "stealthrock", "rapidspin"], "ability": "Sturdy", "evs": {"hp": 85, "atk": 85, "def": 85, "spa": 85, "spd": 85, "spe": 85}, "ivs": {"hp": 31, "atk": 31, "def": 31, "spa": 31, "spd": 31, "spe": 31}, "item": "Leftovers", "teraType": "Steel", "role": "Bulky Support", "bvs": {"hp": 90, "atk": 120, "def": 120, "spa": 60, "spd": 60, "spe": 50}, "stats": {"hp": 288, "atk": 250, "def": 250, "spa": 149, "spd": 149, "spe": 132}, "types": ["Ground"]}, "Bronzong": {"name": "Bronzong", "species": "Bronzong", "speciesId": "bronzong", "gender": "N", "shiny": false, "level": 88, "moves": ["rest", "psychicnoise", "bodypress", "irondefense"], "ability": "Levitate", "evs": {"hp": 85, "atk": 0, "def": 85, "spa": 85, "spd": 85, "spe": 85}, "ivs": {"hp": 31, "atk": 0, "def": 31, "spa": 31, "spd": 31, "spe": 31}, "item": "Chesto Berry", "teraType": "Fighting", "role": "Bulky Setup", "bvs": {"hp": 67, "atk": 89, "def": 116, "spa": 79, "spd": 116, "spe": 33}, "stats": {"hp": 261, "atk": 161, "def": 254, "spa": 189, "spd": 254, "spe": 108}, "types": ["Steel", "Psychic"]}, "Rhydon": {"name": "Rhydon", "species": "Rhydon", "speciesId": "rhydon", "gender": "M", "shiny": false, "level": 85, "moves": ["swordsdance", "megahorn", "stoneedge", "earthquake"], "ability": "Lightning Rod", "evs": {"hp": 85, "atk": 85, "def": 85, "spa": 85, "spd": 85, "spe": 85}, "ivs": {"hp": 31, "atk": 31, "def": 31, "spa": 31, "spd": 31, "spe": 31}, "item": "Eviolite", "teraType": "Flying", "role": "Bulky Attacker", "bvs": {"hp": 105, "atk": 130, "def": 120, "spa": 45, "spd": 45, "spe": 40}, "stats": {"hp": 317, "atk": 270, "def": 253, "spa": 125, "spd": 125, "spe": 117}, "types": ["Ground", "Rock"]}, "Hariyama": {"name": "Hariyama", "species": "Hariyama", "speciesId": "hariyama", "gender": "F", "shiny": false, "level": 87, "moves": ["closecombat", "bulletpunch", "knockoff", "facade"], "ability": "Guts", "evs": {"hp": 85, "atk": 85, "def": 85, "spa": 85, "spd": 85, "spe": 85}, "ivs": {"hp": 31, "atk": 31, "def": 31, "spa": 31, "spd": 31, "spe": 31}, "item": "Flame Orb", "teraType": "Normal", "role": "Wallbreaker", "bvs": {"hp": 144, "atk": 120, "def": 60, "spa": 40, "spd": 60, "spe": 50}, "stats": {"hp": 392, "atk": 259, "def": 154, "spa": 119, "spd": 154, "spe": 137}, "types": ["Fighting"]}}, {"Palkia": {"name": "Palkia", "species": "Palkia-Origin", "speciesId": "palkiaorigin", "gender": "N", "shiny": false, "level": 72, "moves": ["hydropump", "fireblast", "dracometeor", "thunderwave"], "ability": "Pressure", "evs": {"hp": 85, "atk": 0, "def": 85, "spa": 85, "spd": 85, "spe": 85}, "ivs": {"hp": 31, "atk": 0, "def": 31, "spa": 31, "spd": 31, "spe": 31}, "item": "Lustrous Globe", "teraType": "Dragon", "role": "Bulky Attacker", "bvs": {"hp": 90, "atk": 100, "def": 100, "spa": 150, "spd": 120, "spe": 120}, "stats": {"hp": 249, "atk": 149, "def": 186, "spa": 258, "spd": 215, "spe": 215}, "types": ["Water", "Dragon"]}, "Dewgong": {"name": "Dewgong", "species": "Dewgong", "speciesId": "dewgong", "gender": "F", "shiny": false, "level": 94, "moves": ["encore", "tripleaxel", "surf", "knockoff"], "ability": "Thick Fat", "evs": {"hp": 85, "atk": 85, "def": 85, "spa": 85, "spd": 85, "spe": 85}, "ivs": {"hp": 31, "atk": 31, "def": 31, "spa": 31, "spd": 31, "spe": 31}, "item": "Heavy-Duty Boots", "teraType": "Ground", "role": "Bulky Attacker", "bvs": {"hp": 90, "atk": 70, "def": 80, "spa": 70, "spd": 95, "spe": 70}, "stats": {"hp": 322, "atk": 185, "def": 204, "spa": 185, "spd": 232, "spe": 185}, "types": ["Water", "Ice"]}, "Muk": {"name": "Muk", "species": "Muk", "speciesId": "muk", "gender": "F", "shiny": false, "level": 86, "moves": ["drainpunch", "poisonjab", "icepunch", "knockoff"], "ability": "Poison Touch", "evs": {"hp": 85, "atk": 85, "def": 85, "spa": 85, "spd": 85, "spe": 85}, "ivs": {"hp": 31, "atk": 31, "def": 31, "spa": 31, "spd": 31, "spe": 31}, "item": "Assault Vest", "teraType": "Dark", "role": "AV Pivot", "bvs": {"hp": 105, "atk": 105, "def": 75, "spa": 65, "spd": 100, "spe": 50}, "stats": {"hp": 321, "atk": 230, "def": 178, "spa": 161, "spd": 221, "spe": 135}, "types": ["Poison"]}, "Rotom": {"name": "Rotom", "species": "Rotom", "speciesId": "rotom", "gender": "N", "shiny": false, "level": 88, "moves": ["voltswitch", "willowisp", "thunderbolt", "shadowball"], "ability": "Levitate", "evs": {"hp": 85, "atk": 0, "def": 85, "spa": 85, "spd": 85, "spe": 85}, "ivs": {"hp": 31, "atk": 0, "def": 31, "spa": 31, "spd": 31, "spe": 31}, "item": "Life Orb", "teraType": "Electric", "role": "Fast Attacker", "bvs": {"hp": 50, "atk": 50, "def": 77, "spa": 95, "spd": 77, "spe": 91}, "stats": {"hp": 231, "atk": 93, "def": 186, "spa": 217, "spd": 186, "spe": 210}, "types": ["Electric", "Ghost"]}, "Mienshao": {"name": "Mienshao", "species": "Mienshao", "speciesId": "mienshao", "gender": "F", "shiny": false, "level": 83, "moves": ["knockoff", "fakeout", "uturn", "closecombat"], "ability": "Regenerator", "evs": {"hp": 85, "atk": 85, "def": 85, "spa": 85, "spd": 85, "spe": 85}, "ivs": {"hp": 31, "atk": 31, "def": 31, "spa": 31, "spd": 31, "spe": 31}, "item": "Assault Vest", "teraType": "Steel", "role": "AV Pivot", "bvs": {"hp": 65, "atk": 125, "def": 60, "spa": 95, "spd": 60, "spe": 105}, "stats": {"hp": 244, "atk": 255, "def": 147, "spa": 205, "spd": 147, "spe": 222}, "types": ["Fighting"]}, "Eelektross": {"name": "Eelektross", "species": "Eelektross", "speciesId": "eelektross", "gender": "M", "shiny": false, "level": 87, "moves": ["coil", "supercellslam", "firepunch", "drainpunch"], "ability": "Levitate", "evs": {"hp": 85, "atk": 85, "def": 85, "spa": 85, "spd": 85, "spe": 85}, "ivs": {"hp": 31, "atk": 31, "def": 31, "spa": 31, "spd": 31, "spe": 31}, "item": "Leftovers", "teraType": "Fighting", "role": "Bulky Setup", "bvs": {"hp": 85, "atk": 115, "def": 80, "spa": 105, "spd": 80, "spe": 50}, "stats": {"hp": 290, "atk": 250, "def": 189, "spa": 232, "spd": 189, "spe": 137}, "types": ["Electric"]}}]}