{"id": "gen9randombattle-2642142637", "format": "[Gen 9] Random Battle", "players": ["sdad", "Vitelo Tonato"], "log": "|j|\u203dsdad\n|j|\u2606Vitelo Tonato\n|t:|1782899094\n|gametype|singles\n|player|p1|sdad|brawly|1349\n|player|p2|Vitelo Tonato|266|1305\n|gen|9\n|tier|[Gen 9] Random Battle\n|rated|\n|rule|Species Clause: Limit one of each Pok\u00e9mon\n|rule|HP Percentage Mod: HP is shown in percentages\n|rule|Sleep Clause Mod: Limit one foe put to sleep\n|rule|Illusion Level Mod: Illusion disguises the Pok\u00e9mon's true level\n|\n|t:|1782899094\n|teamsize|p1|6\n|teamsize|p2|6\n|start\n|switch|p1a: Palafin|Palafin, L77, M|281/281\n|switch|p2a: Milotic|Milotic, L83, F|293/293\n|turn|1\n|inactive|Battle timer is ON: inactive players will automatically lose when time's up. (requested by sdad)\n|\n|t:|1782899113\n|move|p1a: Palafin|Flip Turn|p2a: Milotic\n|-resisted|p2a: Milotic\n|-damage|p2a: Milotic|260/293\n|\n|t:|1782899120\n|detailschange|p1a: Palafin|Palafin-Hero, L77, M\n|switch|p1a: Iron Hands|Iron Hands, L79|373/373|[from] Flip Turn\n|move|p2a: Milotic|Scald|p1a: Iron Hands\n|-damage|p1a: Iron Hands|298/373\n|\n|-heal|p2a: Milotic|278/293|[from] item: Leftovers\n|upkeep\n|turn|2\n|\n|t:|1782899137\n|-terastallize|p2a: Milotic|Dragon\n|move|p2a: Milotic|Scald|p1a: Iron Hands\n|-damage|p1a: Iron Hands|220/373\n|move|p1a: Iron Hands|Thunder Punch|p2a: Milotic\n|-resisted|p2a: Milotic\n|-damage|p2a: Milotic|227/293\n|\n|-heal|p2a: Milotic|245/293|[from] item: Leftovers\n|upkeep\n|turn|3\n|\n|t:|1782899146\n|move|p2a: Milotic|Scald|p1a: Iron Hands\n|-damage|p1a: Iron Hands|151/373\n|move|p1a: Iron Hands|Ice Punch|p2a: Milotic\n|-supereffective|p2a: Milotic\n|-damage|p2a: Milotic|113/293\n|\n|-heal|p2a: Milotic|131/293|[from] item: Leftovers\n|upkeep\n|turn|4\n|\n|t:|1782899152\n|move|p2a: Milotic|Recover|p2a: Milotic\n|-heal|p2a: Milotic|278/293\n|move|p1a: Iron Hands|Ice Punch|p2a: Milotic\n|-supereffective|p2a: Milotic\n|-damage|p2a: Milotic|134/293\n|\n|-heal|p2a: Milotic|152/293|[from] item: Leftovers\n|upkeep\n|turn|5\n|\n|t:|1782899157\n|move|p2a: Milotic|Scald|p1a: Iron Hands\n|-damage|p1a: Iron Hands|73/373\n|-status|p1a: Iron Hands|brn\n|move|p1a: Iron Hands|Ice Punch|p2a: Milotic\n|-supereffective|p2a: Milotic\n|-damage|p2a: Milotic|84/293\n|\n|-heal|p2a: Milotic|102/293|[from] item: Leftovers\n|-damage|p1a: Iron Hands|50/373 brn|[from] brn\n|upkeep\n|turn|6\n|\n|t:|1782899162\n|move|p2a: Milotic|Recover|p2a: Milotic\n|-heal|p2a: Milotic|249/293\n|move|p1a: Iron Hands|Ice Punch|p2a: Milotic\n|-supereffective|p2a: Milotic\n|-damage|p2a: Milotic|175/293\n|\n|-heal|p2a: Milotic|193/293|[from] item: Leftovers\n|-damage|p1a: Iron Hands|27/373 brn|[from] brn\n|upkeep\n|turn|7\n|\n|t:|1782899166\n|move|p2a: Milotic|Scald|p1a: Iron Hands\n|-damage|p1a: Iron Hands|0 fnt\n|faint|p1a: Iron Hands\n|-end|p1a: Iron Hands|Quark Drive|[silent]\n|\n|-heal|p2a: Milotic|211/293|[from] item: Leftovers\n|upkeep\n|\n|t:|1782899172\n|switch|p1a: Frosmoth|Frosmoth, L82, F|249/249\n|turn|8\n|\n|t:|1782899184\n|move|p2a: Milotic|Scald|p1a: Frosmoth\n|-damage|p1a: Frosmoth|209/249\n|move|p1a: Frosmoth|Quiver Dance|p1a: Frosmoth\n|-boost|p1a: Frosmoth|spa|1\n|-boost|p1a: Frosmoth|spd|1\n|-boost|p1a: Frosmoth|spe|1\n|\n|-heal|p2a: Milotic|229/293|[from] item: Leftovers\n|upkeep\n|turn|9\n|\n|t:|1782899191\n|move|p1a: Frosmoth|Ice Beam|p2a: Milotic\n|-supereffective|p2a: Milotic\n|-damage|p2a: Milotic|0 fnt\n|faint|p2a: Milotic\n|\n|upkeep\n|\n|t:|1782899196\n|switch|p2a: Reshiram|Reshiram, L76|277/277\n|-ability|p2a: Reshiram|Turboblaze\n|turn|10\n|\n|t:|1782899209\n|switch|p1a: Conkeldurr|Conkeldurr, L80, M|299/299\n|move|p2a: Reshiram|Flare Blitz|p1a: Conkeldurr\n|-damage|p1a: Conkeldurr|185/299\n|-damage|p2a: Reshiram|239/277|[from] Recoil\n|\n|-status|p1a: Conkeldurr|brn|[from] item: Flame Orb\n|upkeep\n|turn|11\n|\n|t:|1782899220\n|switch|p2a: Mismagius|Mismagius, L86, F|243/243\n|move|p1a: Conkeldurr|Facade|p2a: Mismagius\n|-immune|p2a: Mismagius\n|\n|-damage|p1a: Conkeldurr|167/299 brn|[from] brn\n|upkeep\n|turn|12\n|\n|t:|1782899235\n|move|p2a: Mismagius|Substitute|p2a: Mismagius\n|-start|p2a: Mismagius|Substitute\n|-damage|p2a: Mismagius|183/243\n|move|p1a: Conkeldurr|Knock Off|p2a: Mismagius\n|-supereffective|p2a: Mismagius\n|-end|p2a: Mismagius|Substitute\n|\n|-heal|p2a: Mismagius|198/243|[from] item: Leftovers\n|-damage|p1a: Conkeldurr|149/299 brn|[from] brn\n|upkeep\n|turn|13\n|\n|t:|1782899240\n|move|p2a: Mismagius|Shadow Ball|p1a: Conkeldurr\n|-damage|p1a: Conkeldurr|17/299 brn\n|move|p1a: Conkeldurr|Knock Off|p2a: Mismagius\n|-supereffective|p2a: Mismagius\n|-damage|p2a: Mismagius|0 fnt\n|-enditem|p2a: Mismagius|Leftovers|[from] move: Knock Off|[of] p1a: Conkeldurr\n|faint|p2a: Mismagius\n|\n|-damage|p1a: Conkeldurr|0 fnt|[from] brn\n|faint|p1a: Conkeldurr\n|upkeep\n|\n|t:|1782899252\n|switch|p2a: Oinkologne|Oinkologne, L92, M|352/352\n|switch|p1a: Palafin|Palafin-Hero, L77, M|281/281\n|-activate|p1a: Palafin|ability: Zero to Hero\n|turn|14\n|\n|t:|1782899260\n|-terastallize|p1a: Palafin|Fighting\n|move|p1a: Palafin|Close Combat|p2a: Oinkologne\n|-supereffective|p2a: Oinkologne\n|-damage|p2a: Oinkologne|0 fnt\n|-unboost|p1a: Palafin|def|1\n|-unboost|p1a: Palafin|spd|1\n|faint|p2a: Oinkologne\n|\n|upkeep\n|\n|t:|1782899265\n|switch|p2a: Volcanion|Volcanion, L79|255/255\n|turn|15\n|\n|t:|1782899288\n|switch|p1a: Umbreon|Umbreon, L84, F|297/297\n|move|p2a: Volcanion|Steam Eruption|p1a: Umbreon\n|-damage|p1a: Umbreon|201/297\n|-status|p1a: Umbreon|brn\n|-activate|p1a: Umbreon|ability: Synchronize\n|-immune|p2a: Volcanion\n|\n|-heal|p1a: Umbreon|219/297 brn|[from] item: Leftovers\n|-damage|p1a: Umbreon|201/297 brn|[from] brn\n|upkeep\n|turn|16\n|inactive|Vitelo Tonato has 120 seconds left.\n|\n|t:|1782899328\n|switch|p2a: Cyclizar|Cyclizar, L83, M|252/252\n|move|p1a: Umbreon|Wish|p1a: Umbreon\n|\n|-heal|p1a: Umbreon|219/297 brn|[from] item: Leftovers\n|-damage|p1a: Umbreon|201/297 brn|[from] brn\n|upkeep\n|turn|17\n|inactive|Vitelo Tonato has 120 seconds left.\n|\n|t:|1782899334\n|move|p2a: Cyclizar|Shed Tail|p2a: Cyclizar\n|-start|p2a: Cyclizar|Substitute|[from] move: Shed Tail\n|-damage|p2a: Cyclizar|126/252\n|\n|t:|1782899338\n|switch|p2a: Reshiram|Reshiram, L76|239/277|[from] Shed Tail\n|-ability|p2a: Reshiram|Turboblaze\n|move|p1a: Umbreon|Toxic||[still]\n|-fail|p1a: Umbreon\n|\n|-heal|p1a: Umbreon|297/297 brn|[from] move: Wish|[wisher] Umbreon\n|-damage|p1a: Umbreon|279/297 brn|[from] brn\n|upkeep\n|turn|18\n|\n|t:|1782899344\n|move|p2a: Reshiram|Dragon Dance|p2a: Reshiram\n|-boost|p2a: Reshiram|atk|1\n|-boost|p2a: Reshiram|spe|1\n|move|p1a: Umbreon|Foul Play|p2a: Reshiram\n|-end|p2a: Reshiram|Substitute\n|\n|-heal|p1a: Umbreon|297/297 brn|[from] item: Leftovers\n|-damage|p1a: Umbreon|279/297 brn|[from] brn\n|upkeep\n|turn|19\n|\n|t:|1782899357\n|move|p2a: Reshiram|Dragon Dance|p2a: Reshiram\n|-boost|p2a: Reshiram|atk|1\n|-boost|p2a: Reshiram|spe|1\n|move|p1a: Umbreon|Foul Play|p2a: Reshiram\n|-damage|p2a: Reshiram|135/277\n|\n|-heal|p1a: Umbreon|297/297 brn|[from] item: Leftovers\n|-damage|p1a: Umbreon|279/297 brn|[from] brn\n|upkeep\n|turn|20\n|\n|t:|1782899365\n|move|p2a: Reshiram|Outrage|p1a: Umbreon\n|-damage|p1a: Umbreon|66/297 brn\n|move|p1a: Umbreon|Foul Play|p2a: Reshiram\n|-damage|p2a: Reshiram|33/277\n|\n|-heal|p1a: Umbreon|84/297 brn|[from] item: Leftovers\n|-damage|p1a: Umbreon|66/297 brn|[from] brn\n|upkeep\n|turn|21\n|\n|t:|1782899376\n|move|p1a: Umbreon|Protect|p1a: Umbreon\n|-singleturn|p1a: Umbreon|Protect\n|move|p2a: Reshiram|Outrage|p1a: Umbreon|[from] lockedmove\n|-activate|p1a: Umbreon|move: Protect\n|\n|-heal|p1a: Umbreon|84/297 brn|[from] item: Leftovers\n|-damage|p1a: Umbreon|66/297 brn|[from] brn\n|upkeep\n|turn|22\n|\n|t:|1782899396\n|move|p2a: Reshiram|Outrage|p1a: Umbreon\n|-damage|p1a: Umbreon|0 fnt\n|faint|p1a: Umbreon\n|\n|upkeep\n|\n|t:|1782899404\n|switch|p1a: Palafin|Palafin-Hero, L77, M, tera:Fighting|281/281\n|turn|23\n|inactive|Vitelo Tonato has 120 seconds left.\n|\n|t:|1782899438\n|move|p1a: Palafin|Jet Punch|p2a: Reshiram\n|-damage|p2a: Reshiram|0 fnt\n|faint|p2a: Reshiram\n|\n|upkeep\n|inactive|Vitelo Tonato has 120 seconds left.\n|inactive|Vitelo Tonato has 90 seconds left.\n|\n|t:|1782899482\n|switch|p2a: Volcanion|Volcanion, L79|255/255\n|turn|24\n|\n|t:|1782899491\n|switch|p1a: Serperior|Serperior, L79, F|248/248\n|move|p2a: Volcanion|Steam Eruption|p1a: Serperior\n|-resisted|p1a: Serperior\n|-damage|p1a: Serperior|184/248\n|\n|-heal|p1a: Serperior|199/248|[from] item: Leftovers\n|upkeep\n|turn|25\n|\n|t:|1782899499\n|move|p2a: Volcanion|Steam Eruption|p1a: Serperior\n|-resisted|p1a: Serperior\n|-damage|p1a: Serperior|129/248\n|move|p1a: Serperior|Leaf Storm|p2a: Volcanion\n|-damage|p2a: Volcanion|144/255\n|-boost|p1a: Serperior|spa|2\n|\n|-heal|p1a: Serperior|144/248|[from] item: Leftovers\n|upkeep\n|turn|26\n|\n|t:|1782899513\n|move|p2a: Volcanion|Steam Eruption|p1a: Serperior\n|-resisted|p1a: Serperior\n|-damage|p1a: Serperior|84/248\n|move|p1a: Serperior|Leaf Storm|p2a: Volcanion|[miss]\n|-miss|p1a: Serperior|p2a: Volcanion\n|\n|-heal|p1a: Serperior|99/248|[from] item: Leftovers\n|upkeep\n|turn|27\n|\n|t:|1782899524\n|move|p2a: Volcanion|Steam Eruption|p1a: Serperior\n|-resisted|p1a: Serperior\n|-damage|p1a: Serperior|36/248\n|-status|p1a: Serperior|brn\n|move|p1a: Serperior|Leaf Storm|p2a: Volcanion\n|-damage|p2a: Volcanion|0 fnt\n|-boost|p1a: Serperior|spa|2\n|faint|p2a: Volcanion\n|\n|-heal|p1a: Serperior|51/248 brn|[from] item: Leftovers\n|-damage|p1a: Serperior|36/248 brn|[from] brn\n|upkeep\n|\n|t:|1782899532\n|switch|p2a: Cyclizar|Cyclizar, L83, M|210/252\n|turn|28\n|\n|t:|1782899537\n|move|p2a: Cyclizar|Knock Off|p1a: Serperior\n|-damage|p1a: Serperior|0 fnt\n|-enditem|p1a: Serperior|Leftovers|[from] move: Knock Off|[of] p2a: Cyclizar\n|faint|p1a: Serperior\n|\n|upkeep\n|\n|t:|1782899540\n|switch|p1a: Palafin|Palafin-Hero, L77, M, tera:Fighting|281/281\n|turn|29\n|\n|t:|1782899552\n|move|p2a: Cyclizar|Draco Meteor|p1a: Palafin\n|-damage|p1a: Palafin|151/281\n|-unboost|p2a: Cyclizar|spa|2\n|move|p1a: Palafin|Close Combat|p2a: Cyclizar\n|-supereffective|p2a: Cyclizar\n|-damage|p2a: Cyclizar|0 fnt\n|-unboost|p1a: Palafin|def|1\n|-unboost|p1a: Palafin|spd|1\n|faint|p2a: Cyclizar\n|\n|win|sdad\n|raw|sdad's rating: 1349 &rarr; <strong>1366</strong><br />(+17 for winning)\n|raw|Vitelo Tonato's rating: 1305 &rarr; <strong>1288</strong><br />(-17 for losing)\n|l|\u2606Vitelo Tonato\n|player|p2|\n", "inputlog": ">version f8ac14003a5f27e1bdc8d8c59608a773c1cb96e5\n>start {\"formatid\":\"gen9randombattle\",\"seed\":\"sodium,536f36e390a1c654618f7f6d88c65842\",\"rated\":\"Rated battle\"}\n>player p1 {\"name\":\"sdad\",\"avatar\":\"brawly\",\"rating\":1349,\"seed\":\"sodium,c0c042f64e718d5825f7363488bb0613\"}\n>player p2 {\"name\":\"Vitelo Tonato\",\"avatar\":\"266\",\"rating\":1305,\"seed\":\"sodium,76be10a3f032a8c61fd31b226be17cc7\"}\n>p1 move flipturn\n>p2 move scald\n>p1 switch 2\n>p1 move thunderpunch\n>p2 move scald terastallize\n>p1 move icepunch\n>p2 move scald\n>p1 move icepunch\n>p2 move recover\n>p1 move icepunch\n>p2 move scald\n>p1 move icepunch\n>p2 move recover\n>p1 move icepunch\n>p2 move scald\n>p1 switch 3\n>p1 move quiverdance\n>p2 move scald\n>p1 move icebeam\n>p2 move haze\n>p2 switch 4\n>p1 switch 4\n>p2 move flareblitz\n>p1 move facade\n>p2 switch 6\n>p1 move knockoff\n>p2 move substitute\n>p1 move knockoff\n>p2 move shadowball\n>p1 switch 2\n>p2 switch 3\n>p1 move closecombat terastallize\n>p2 move curse\n>p2 switch 5\n>p1 switch 5\n>p2 move steameruption\n>p1 move wish\n>p2 switch 2\n>p1 move toxic\n>p2 move shedtail\n>p2 switch 6\n>p1 move foulplay\n>p2 move dragondance\n>p1 move foulplay\n>p2 move dragondance\n>p1 move foulplay\n>p2 move outrage\n>p1 move protect\n>p2 move outrage\n>p1 move foulplay\n>p2 move outrage\n>p1 switch 5\n>p1 move jetpunch\n>p2 move outrage\n>p2 switch 2\n>p1 switch 6\n>p2 move steameruption\n>p1 move leafstorm\n>p2 move steameruption\n>p1 move leafstorm\n>p2 move steameruption\n>p1 move leafstorm\n>p2 move steameruption\n>p2 switch 6\n>p1 move leechseed\n>p2 move knockoff\n>p1 switch 6\n>p1 move closecombat\n>p2 move dracometeor", "uploadtime": 1782899660, "views": 2, "formatid": "gen9randombattle", "rating": 1288, "private": 0, "password": null, "player_dets": [{"name": "sdad", "avatar": "brawly", "rating": 1349, "seed": "sodium,c0c042f64e718d5825f7363488bb0613"}, {"name": "Vitelo Tonato", "avatar": "266", "rating": 1305, "seed": "sodium,76be10a3f032a8c61fd31b226be17cc7"}], "teams_full": [{"Palafin": {"name": "Palafin", "species": "Palafin", "speciesId": "palafin", "gender": "M", "shiny": false, "level": 77, "moves": ["wavecrash", "closecombat", "flipturn", "jetpunch"], "ability": "Zero to Hero", "evs": {"hp": 85, "atk": 85, "def": 85, "spa": 85, "spd": 85, "spe": 85}, "ivs": {"hp": 31, "atk": 31, "def": 31, "spa": 31, "spd": 31, "spe": 31}, "item": "Choice Band", "teraType": "Fighting", "role": "Wallbreaker", "bvs": {"hp": 100, "atk": 70, "def": 72, "spa": 53, "spd": 62, "spe": 100}, "stats": {"hp": 281, "atk": 152, "def": 155, "spa": 126, "spd": 140, "spe": 199}, "types": ["Water"]}, "Iron Hands": {"name": "Iron Hands", "species": "Iron Hands", "speciesId": "ironhands", "gender": "N", "shiny": false, "level": 79, "moves": ["voltswitch", "thunderpunch", "closecombat", "icepunch"], "ability": "Quark Drive", "evs": {"hp": 85, "atk": 85, "def": 85, "spa": 85, "spd": 85, "spe": 85}, "ivs": {"hp": 31, "atk": 31, "def": 31, "spa": 31, "spd": 31, "spe": 31}, "item": "Assault Vest", "teraType": "Fighting", "role": "AV Pivot", "bvs": {"hp": 154, "atk": 140, "def": 108, "spa": 50, "spd": 68, "spe": 50}, "stats": {"hp": 373, "atk": 267, "def": 216, "spa": 125, "spd": 153, "spe": 125}, "types": ["Fighting", "Electric"]}, "Frosmoth": {"name": "Frosmoth", "species": "Frosmoth", "speciesId": "frosmoth", "gender": "F", "shiny": false, "level": 82, "moves": ["bugbuzz", "gigadrain", "icebeam", "quiverdance"], "ability": "Ice Scales", "evs": {"hp": 85, "atk": 0, "def": 85, "spa": 85, "spd": 85, "spe": 85}, "ivs": {"hp": 31, "atk": 0, "def": 31, "spa": 31, "spd": 31, "spe": 31}, "item": "Heavy-Duty Boots", "teraType": "Water", "role": "Setup Sweeper", "bvs": {"hp": 70, "atk": 65, "def": 60, "spa": 125, "spd": 90, "spe": 65}, "stats": {"hp": 249, "atk": 111, "def": 146, "spa": 252, "spd": 195, "spe": 154}, "types": ["Ice", "Bug"]}, "Conkeldurr": {"name": "Conkeldurr", "species": "Conkeldurr", "speciesId": "conkeldurr", "gender": "M", "shiny": false, "level": 80, "moves": ["closecombat", "facade", "knockoff", "machpunch"], "ability": "Guts", "evs": {"hp": 85, "atk": 85, "def": 85, "spa": 85, "spd": 85, "spe": 85}, "ivs": {"hp": 31, "atk": 31, "def": 31, "spa": 31, "spd": 31, "spe": 31}, "item": "Flame Orb", "teraType": "Normal", "role": "Wallbreaker", "bvs": {"hp": 105, "atk": 140, "def": 95, "spa": 55, "spd": 65, "spe": 45}, "stats": {"hp": 299, "atk": 270, "def": 198, "spa": 134, "spd": 150, "spe": 118}, "types": ["Fighting"]}, "Umbreon": {"name": "Umbreon", "species": "Umbreon", "speciesId": "umbreon", "gender": "F", "shiny": false, "level": 84, "moves": ["wish", "foulplay", "toxic", "protect"], "ability": "Synchronize", "evs": {"hp": 85, "atk": 0, "def": 85, "spa": 85, "spd": 85, "spe": 85}, "ivs": {"hp": 31, "atk": 0, "def": 31, "spa": 31, "spd": 31, "spe": 31}, "item": "Leftovers", "teraType": "Poison", "role": "Bulky Support", "bvs": {"hp": 95, "atk": 65, "def": 110, "spa": 60, "spd": 130, "spe": 65}, "stats": {"hp": 297, "atk": 114, "def": 233, "spa": 149, "spd": 267, "spe": 157}, "types": ["Dark"]}, "Serperior": {"name": "Serperior", "species": "Serperior", "speciesId": "serperior", "gender": "F", "shiny": false, "level": 79, "moves": ["leechseed", "substitute", "leafstorm", "dragonpulse"], "ability": "Contrary", "evs": {"hp": 85, "atk": 0, "def": 85, "spa": 85, "spd": 85, "spe": 85}, "ivs": {"hp": 31, "atk": 0, "def": 31, "spa": 31, "spd": 31, "spe": 31}, "item": "Leftovers", "teraType": "Dragon", "role": "Fast Attacker", "bvs": {"hp": 75, "atk": 75, "def": 95, "spa": 75, "spd": 95, "spe": 113}, "stats": {"hp": 248, "atk": 123, "def": 196, "spa": 164, "spd": 196, "spe": 224}, "types": ["Grass"]}}, {"Milotic": {"name": "Milotic", "species": "Milotic", "speciesId": "milotic", "gender": "F", "shiny": false, "level": 83, "moves": ["icebeam", "recover", "scald", "haze"], "ability": "Competitive", "evs": {"hp": 85, "atk": 0, "def": 85, "spa": 85, "spd": 85, "spe": 85}, "ivs": {"hp": 31, "atk": 0, "def": 31, "spa": 31, "spd": 31, "spe": 31}, "item": "Leftovers", "teraType": "Dragon", "role": "Bulky Attacker", "bvs": {"hp": 95, "atk": 60, "def": 79, "spa": 100, "spd": 125, "spe": 81}, "stats": {"hp": 293, "atk": 104, "def": 179, "spa": 214, "spd": 255, "spe": 182}, "types": ["Water"]}, "Cyclizar": {"name": "Cyclizar", "species": "Cyclizar", "speciesId": "cyclizar", "gender": "M", "shiny": false, "level": 83, "moves": ["shedtail", "knockoff", "rapidspin", "dracometeor"], "ability": "Regenerator", "evs": {"hp": 85, "atk": 85, "def": 85, "spa": 85, "spd": 85, "spe": 85}, "ivs": {"hp": 31, "atk": 31, "def": 31, "spa": 31, "spd": 31, "spe": 31}, "item": "Heavy-Duty Boots", "teraType": "Steel", "role": "Fast Support", "bvs": {"hp": 70, "atk": 95, "def": 65, "spa": 85, "spd": 65, "spe": 121}, "stats": {"hp": 252, "atk": 205, "def": 156, "spa": 189, "spd": 156, "spe": 249}, "types": ["Dragon", "Normal"]}, "Oinkologne": {"name": "Oinkologne", "species": "Oinkologne", "speciesId": "oinkologne", "gender": "M", "shiny": false, "level": 92, "moves": ["lashout", "curse", "doubleedge", "highhorsepower"], "ability": "Thick Fat", "evs": {"hp": 85, "atk": 85, "def": 85, "spa": 85, "spd": 85, "spe": 85}, "ivs": {"hp": 31, "atk": 31, "def": 31, "spa": 31, "spd": 31, "spe": 31}, "item": "Leftovers", "teraType": "Ground", "role": "Bulky Setup", "bvs": {"hp": 110, "atk": 100, "def": 75, "spa": 59, "spd": 80, "spe": 65}, "stats": {"hp": 352, "atk": 236, "def": 190, "spa": 161, "spd": 200, "spe": 172}, "types": ["Normal"]}, "Reshiram": {"name": "Reshiram", "species": "Reshiram", "speciesId": "reshiram", "gender": "N", "shiny": false, "level": 76, "moves": ["stoneedge", "dragondance", "flareblitz", "outrage"], "ability": "Turboblaze", "evs": {"hp": 85, "atk": 85, "def": 85, "spa": 85, "spd": 85, "spe": 85}, "ivs": {"hp": 31, "atk": 31, "def": 31, "spa": 31, "spd": 31, "spe": 31}, "item": "Heavy-Duty Boots", "teraType": "Fire", "role": "Setup Sweeper", "bvs": {"hp": 100, "atk": 120, "def": 100, "spa": 150, "spd": 120, "spe": 90}, "stats": {"hp": 277, "atk": 226, "def": 196, "spa": 272, "spd": 226, "spe": 181}, "types": ["Dragon", "Fire"]}, "Volcanion": {"name": "Volcanion", "species": "Volcanion", "speciesId": "volcanion", "gender": "N", "shiny": false, "level": 79, "moves": ["flamethrower", "earthpower", "steameruption", "sludgebomb"], "ability": "Water Absorb", "evs": {"hp": 81, "atk": 0, "def": 85, "spa": 85, "spd": 85, "spe": 85}, "ivs": {"hp": 31, "atk": 0, "def": 31, "spa": 31, "spd": 31, "spe": 31}, "item": "Choice Scarf", "teraType": "Water", "role": "Bulky Attacker", "bvs": {"hp": 80, "atk": 110, "def": 120, "spa": 130, "spd": 90, "spe": 70}, "stats": {"hp": 255, "atk": 178, "def": 235, "spa": 251, "spd": 188, "spe": 156}, "types": ["Fire", "Water"]}, "Mismagius": {"name": "Mismagius", "species": "Mismagius", "speciesId": "mismagius", "gender": "F", "shiny": false, "level": 86, "moves": ["nastyplot", "shadowball", "terablast", "substitute"], "ability": "Levitate", "evs": {"hp": 85, "atk": 0, "def": 85, "spa": 85, "spd": 85, "spe": 85}, "ivs": {"hp": 31, "atk": 0, "def": 31, "spa": 31, "spd": 31, "spe": 31}, "item": "Leftovers", "teraType": "Fighting", "role": "Tera Blast user", "bvs": {"hp": 60, "atk": 60, "def": 60, "spa": 105, "spd": 105, "spe": 105}, "stats": {"hp": 243, "atk": 108, "def": 152, "spa": 230, "spd": 230, "spe": 230}, "types": ["Ghost"]}}]}