{"id": "gen9randombattle-2642111739", "format": "[Gen 9] Random Battle", "players": ["jnpr010334", "Blyzy"], "log": "|j|\u2606jnpr010334\n|j|\u2606Blyzy\n|t:|1782892444\n|gametype|singles\n|player|p1|jnpr010334|265|1894\n|player|p2|Blyzy|cyclistf-gen4|1908\n|gen|9\n|tier|[Gen 9] Random Battle\n|rated|\n|rule|Species Clause: Limit one of each Pok\u00e9mon\n|rule|HP Percentage Mod: HP is shown in percentages\n|rule|Sleep Clause Mod: Limit one foe put to sleep\n|rule|Illusion Level Mod: Illusion disguises the Pok\u00e9mon's true level\n|\n|t:|1782892444\n|teamsize|p1|6\n|teamsize|p2|6\n|start\n|switch|p1a: Entei|Entei, L78|307/307\n|switch|p2a: Tatsugiri|Tatsugiri, L87, F|260/260\n|turn|1\n|inactive|Battle timer is ON: inactive players will automatically lose when time's up. (requested by jnpr010334)\n|\n|t:|1782892455\n|switch|p1a: Volbeat|Volbeat, L90, M|263/263\n|move|p2a: Tatsugiri|Nasty Plot|p2a: Tatsugiri\n|-boost|p2a: Tatsugiri|spa|2\n|\n|upkeep\n|turn|2\n|\n|t:|1782892463\n|switch|p2a: Perrserker|Perrserker, L89, M|269/269\n|move|p1a: Volbeat|Encore||[still]\n|-fail|p1a: Volbeat\n|\n|upkeep\n|turn|3\n|\n|t:|1782892469\n|move|p1a: Volbeat|Thunder Wave|p2a: Perrserker\n|-status|p2a: Perrserker|par\n|move|p2a: Perrserker|Knock Off|p1a: Volbeat\n|-damage|p1a: Volbeat|81/263\n|-enditem|p1a: Volbeat|Heavy-Duty Boots|[from] move: Knock Off|[of] p2a: Perrserker\n|\n|upkeep\n|turn|4\n|\n|t:|1782892476\n|move|p1a: Volbeat|Roost|p1a: Volbeat\n|-heal|p1a: Volbeat|213/263\n|-singleturn|p1a: Volbeat|move: Roost\n|move|p2a: Perrserker|Knock Off|p1a: Volbeat\n|-damage|p1a: Volbeat|92/263\n|\n|upkeep\n|turn|5\n|\n|t:|1782892482\n|move|p1a: Volbeat|Roost|p1a: Volbeat\n|-heal|p1a: Volbeat|224/263\n|-singleturn|p1a: Volbeat|move: Roost\n|move|p2a: Perrserker|Knock Off|p1a: Volbeat\n|-damage|p1a: Volbeat|115/263\n|\n|upkeep\n|turn|6\n|\n|t:|1782892489\n|switch|p2a: Meowscarada|Meowscarada, L78, F|247/247\n|move|p1a: Volbeat|Roost|p1a: Volbeat\n|-heal|p1a: Volbeat|247/263\n|-singleturn|p1a: Volbeat|move: Roost\n|\n|upkeep\n|turn|7\n|\n|t:|1782892495\n|move|p2a: Meowscarada|U-turn|p1a: Volbeat\n|-start|p2a: Meowscarada|typechange|Bug|[from] ability: Protean\n|-damage|p1a: Volbeat|169/263\n|\n|t:|1782892501\n|switch|p2a: Perrserker|Perrserker, L89, M|269/269 par|[from] U-turn\n|move|p1a: Volbeat|Lunge|p2a: Perrserker\n|-resisted|p2a: Perrserker\n|-damage|p2a: Perrserker|234/269 par\n|-unboost|p2a: Perrserker|atk|1\n|\n|upkeep\n|turn|8\n|\n|t:|1782892507\n|switch|p1a: Tornadus|Tornadus-Therian, L79, M|254/254\n|move|p2a: Perrserker|U-turn|p1a: Tornadus\n|-resisted|p1a: Tornadus\n|-crit|p1a: Tornadus\n|-damage|p1a: Tornadus|150/254\n|\n|t:|1782892526\n|switch|p2a: Hydreigon|Hydreigon, L79, F|275/275|[from] U-turn\n|\n|upkeep\n|turn|9\n|\n|t:|1782892530\n|switch|p1a: Volbeat|Volbeat, L90, M|169/263\n|move|p2a: Hydreigon|Draco Meteor|p1a: Volbeat\n|-damage|p1a: Volbeat|0 fnt\n|-unboost|p2a: Hydreigon|spa|2\n|faint|p1a: Volbeat\n|\n|upkeep\n|\n|t:|1782892535\n|switch|p1a: Minun|Minun, L95, M|268/268\n|turn|10\n|\n|t:|1782892557\n|switch|p2a: Meowscarada|Meowscarada, L78, F|247/247\n|move|p1a: Minun|Nasty Plot|p1a: Minun\n|-boost|p1a: Minun|spa|2\n|\n|upkeep\n|turn|11\n|\n|t:|1782892571\n|move|p2a: Meowscarada|U-turn|p1a: Minun\n|-start|p2a: Meowscarada|typechange|Bug|[from] ability: Protean\n|-damage|p1a: Minun|171/268\n|\n|t:|1782892578\n|switch|p2a: Perrserker|Perrserker, L89, M|234/269 par|[from] U-turn\n|move|p1a: Minun|Alluring Voice|p2a: Perrserker\n|-resisted|p2a: Perrserker\n|-damage|p2a: Perrserker|138/269 par\n|-damage|p1a: Minun|145/268|[from] item: Life Orb\n|\n|upkeep\n|turn|12\n|\n|t:|1782892587\n|move|p1a: Minun|Thunderbolt|p2a: Perrserker\n|-damage|p2a: Perrserker|0 fnt\n|faint|p2a: Perrserker\n|-damage|p1a: Minun|119/268|[from] item: Life Orb\n|\n|upkeep\n|\n|t:|1782892594\n|switch|p2a: Meowscarada|Meowscarada, L78, F|247/247\n|turn|13\n|\n|t:|1782892597\n|move|p2a: Meowscarada|Flower Trick|p1a: Minun\n|-start|p2a: Meowscarada|typechange|Grass|[from] ability: Protean\n|-crit|p1a: Minun\n|-damage|p1a: Minun|0 fnt\n|faint|p1a: Minun\n|\n|upkeep\n|\n|t:|1782892600\n|switch|p1a: Furret|Furret, L94, F|312/312\n|-item|p2a: Meowscarada|Heavy-Duty Boots|[from] ability: Frisk|[of] p1a: Furret\n|turn|14\n|\n|t:|1782892613\n|move|p2a: Meowscarada|U-turn|p1a: Furret\n|-damage|p1a: Furret|260/312\n|\n|t:|1782892617\n|switch|p2a: Alomomola|Alomomola, L87, F|429/429|[from] U-turn\n|move|p1a: Furret|Tidy Up|p1a: Furret\n|-boost|p1a: Furret|atk|1\n|-boost|p1a: Furret|spe|1\n|\n|upkeep\n|turn|15\n|\n|t:|1782892626\n|move|p1a: Furret|Tidy Up|p1a: Furret\n|-boost|p1a: Furret|atk|1\n|-boost|p1a: Furret|spe|1\n|move|p2a: Alomomola|Scald|p1a: Furret\n|-damage|p1a: Furret|197/312\n|\n|upkeep\n|turn|16\n|\n|t:|1782892633\n|move|p1a: Furret|Double-Edge|p2a: Alomomola\n|-damage|p2a: Alomomola|98/429\n|-damage|p1a: Furret|88/312|[from] Recoil\n|-damage|p1a: Furret|57/312|[from] item: Life Orb\n|move|p2a: Alomomola|Scald|p1a: Furret\n|-damage|p1a: Furret|0 fnt\n|faint|p1a: Furret\n|\n|upkeep\n|\n|t:|1782892636\n|switch|p1a: Tornadus|Tornadus-Therian, L79, M|234/254\n|turn|17\n|\n|t:|1782892655\n|switch|p2a: Tatsugiri|Tatsugiri, L87, F|260/260\n|move|p1a: Tornadus|Bleakwind Storm|p2a: Tatsugiri|[miss]\n|-miss|p1a: Tornadus|p2a: Tatsugiri\n|\n|upkeep\n|turn|18\n|\n|t:|1782892661\n|move|p1a: Tornadus|Bleakwind Storm|p2a: Tatsugiri\n|-damage|p2a: Tatsugiri|127/260\n|-unboost|p2a: Tatsugiri|spe|1\n|move|p2a: Tatsugiri|Rapid Spin|p1a: Tornadus\n|-damage|p1a: Tornadus|206/254\n|-boost|p2a: Tatsugiri|spe|1\n|\n|upkeep\n|turn|19\n|\n|t:|1782892669\n|move|p1a: Tornadus|Bleakwind Storm|p2a: Tatsugiri\n|-damage|p2a: Tatsugiri|0 fnt\n|faint|p2a: Tatsugiri\n|\n|upkeep\n|\n|t:|1782892675\n|switch|p2a: Hydreigon|Hydreigon, L79, F|275/275\n|turn|20\n|\n|t:|1782892679\n|-terastallize|p1a: Tornadus|Flying\n|move|p1a: Tornadus|Bleakwind Storm|p2a: Hydreigon\n|-damage|p2a: Hydreigon|53/275\n|move|p2a: Hydreigon|Draco Meteor|p1a: Tornadus\n|-damage|p1a: Tornadus|0 fnt\n|-unboost|p2a: Hydreigon|spa|2\n|faint|p1a: Tornadus\n|\n|upkeep\n|\n|t:|1782892681\n|switch|p1a: Entei|Entei, L78|307/307\n|turn|21\n|\n|t:|1782892691\n|switch|p2a: Alomomola|Alomomola, L87, F|241/429\n|move|p1a: Entei|Sacred Fire|p2a: Alomomola|[miss]\n|-miss|p1a: Entei|p2a: Alomomola\n|\n|upkeep\n|turn|22\n|\n|t:|1782892696\n|switch|p1a: Trevenant|Trevenant, L89, F|296/296\n|move|p2a: Alomomola|Wish|p2a: Alomomola\n|\n|upkeep\n|turn|23\n|\n|t:|1782892723\n|switch|p2a: Wyrdeer|Wyrdeer, L87, M|321/321\n|-ability|p2a: Wyrdeer|Intimidate|boost\n|-unboost|p1a: Trevenant|atk|1\n|move|p1a: Trevenant|Poltergeist|p2a: Wyrdeer\n|-immune|p2a: Wyrdeer\n|\n|upkeep\n|turn|24\n|\n|t:|1782892733\n|switch|p1a: Entei|Entei, L78|307/307\n|move|p2a: Wyrdeer|Psychic Noise|p1a: Entei\n|-damage|p1a: Entei|207/307\n|-start|p1a: Entei|move: Heal Block\n|\n|upkeep\n|turn|25\n|\n|t:|1782892740\n|switch|p2a: Alomomola|Alomomola, L87, F|384/429\n|move|p1a: Entei|Sacred Fire|p2a: Alomomola\n|-resisted|p2a: Alomomola\n|-damage|p2a: Alomomola|303/429\n|-status|p2a: Alomomola|brn\n|\n|-damage|p2a: Alomomola|277/429 brn|[from] brn\n|-end|p1a: Entei|move: Heal Block\n|upkeep\n|turn|26\n|inactive|Blyzy has 120 seconds left.\n|\n|t:|1782892768\n|switch|p1a: Trevenant|Trevenant, L89, F|296/296\n|move|p2a: Alomomola|Flip Turn|p1a: Trevenant\n|-resisted|p1a: Trevenant\n|-damage|p1a: Trevenant|282/296\n|\n|t:|1782892777\n|switch|p2a: Hydreigon|Hydreigon, L79, F|53/275|[from] Flip Turn\n|\n|upkeep\n|turn|27\n|inactive|Blyzy has 120 seconds left.\n|\n|t:|1782892789\n|switch|p1a: Entei|Entei, L78|207/307\n|move|p2a: Hydreigon|Dark Pulse|p1a: Entei\n|-damage|p1a: Entei|44/307\n|\n|upkeep\n|turn|28\n|inactive|Blyzy has 120 seconds left.\n|\n|t:|1782892797\n|switch|p2a: Alomomola|Alomomola, L87, F|420/429 brn\n|move|p1a: Entei|Extreme Speed|p2a: Alomomola\n|-damage|p2a: Alomomola|337/429 brn\n|\n|-damage|p2a: Alomomola|311/429 brn|[from] brn\n|upkeep\n|turn|29\n|inactive|Blyzy has 120 seconds left.\n|\n|t:|1782892810\n|move|p1a: Entei|Extreme Speed|p2a: Alomomola\n|-damage|p2a: Alomomola|216/429 brn\n|move|p2a: Alomomola|Flip Turn|p1a: Entei\n|-supereffective|p1a: Entei\n|-damage|p1a: Entei|0 fnt\n|faint|p1a: Entei\n|inactive|Blyzy has 120 seconds left.\n|\n|t:|1782892816\n|switch|p2a: Hydreigon|Hydreigon, L79, F|53/275|[from] Flip Turn\n|\n|upkeep\n|\n|t:|1782892819\n|switch|p1a: Trevenant|Trevenant, L89, F|282/296\n|turn|30\n|\n|t:|1782892822\n|-terastallize|p2a: Hydreigon|Dark\n|move|p2a: Hydreigon|Dark Pulse|p1a: Trevenant\n|-supereffective|p1a: Trevenant\n|-damage|p1a: Trevenant|0 fnt\n|faint|p1a: Trevenant\n|\n|win|Blyzy\n|raw|jnpr010334's rating: 1761 &rarr; <strong>1749</strong><br />(-12 for losing)\n|raw|Blyzy's rating: 1908 &rarr; <strong>1920</strong><br />(+12 for winning)\n", "inputlog": ">version f8ac14003a5f27e1bdc8d8c59608a773c1cb96e5\n>start {\"formatid\":\"gen9randombattle\",\"seed\":\"sodium,bbaad6a27696b0e2808ea3445d02219b\",\"rated\":\"Rated battle\"}\n>player p1 {\"name\":\"jnpr010334\",\"avatar\":\"265\",\"rating\":1894,\"seed\":\"sodium,ec0c6e7c3d624c5aea395bae5d308345\"}\n>player p2 {\"name\":\"Blyzy\",\"avatar\":\"cyclistf-gen4\",\"rating\":1908,\"seed\":\"sodium,d9cfaf1b934d0c92b697bd5c68e32237\"}\n>p1 switch 2\n>p2 move nastyplot\n>p1 move encore\n>p2 switch 4\n>p1 move thunderwave\n>p2 move knockoff\n>p1 move roost\n>p2 move knockoff\n>p1 move roost\n>p2 move knockoff\n>p1 move roost\n>p2 switch 2\n>p1 move lunge\n>p2 move uturn\n>p2 switch 2\n>p1 switch 3\n>p2 move uturn\n>p2 switch 3\n>p1 switch 3\n>p2 move dracometeor\n>p1 switch 6\n>p1 move nastyplot\n>p2 switch 2\n>p1 move alluringvoice\n>p2 move uturn\n>p2 switch 3\n>p1 move thunderbolt\n>p2 move ironhead\n>p2 switch 3\n>p1 move alluringvoice\n>p2 move flowertrick\n>p1 switch 4\n>p1 move tidyup\n>p2 move uturn\n>p2 switch 6\n>p1 move tidyup\n>p2 move scald\n>p1 move doubleedge\n>p2 move scald\n>p1 switch 3\n>p1 move bleakwindstorm\n>p2 switch 4\n>p1 move bleakwindstorm\n>p2 move rapidspin\n>p1 move bleakwindstorm\n>p2 move dracometeor\n>p2 switch 2\n>p1 move bleakwindstorm terastallize\n>p2 move dracometeor\n>p1 switch 2\n>p1 move sacredfire\n>p2 switch 4\n>p1 switch 5\n>p2 move wish\n>p1 move poltergeist\n>p2 switch 5\n>p1 switch 5\n>p2 move psychicnoise\n>p1 move sacredfire\n>p2 switch 5\n>p1 switch 5\n>p2 move flipturn\n>p2 switch 4\n>p1 switch 5\n>p2 move darkpulse\n>p1 move extremespeed\n>p2 switch 4\n>p1 move extremespeed\n>p2 move flipturn\n>p2 switch 4\n>p1 switch 5\n>p1 move drainpunch\n>p2 move darkpulse terastallize", "uploadtime": 1782892822, "views": 2, "formatid": "gen9randombattle", "rating": 1749, "private": 0, "password": null, "player_dets": [{"name": "jnpr010334", "avatar": "265", "rating": 1894, "seed": "sodium,ec0c6e7c3d624c5aea395bae5d308345"}, {"name": "Blyzy", "avatar": "cyclistf-gen4", "rating": 1908, "seed": "sodium,d9cfaf1b934d0c92b697bd5c68e32237"}], "teams_full": [{"Entei": {"name": "Entei", "species": "Entei", "speciesId": "entei", "gender": "N", "shiny": false, "level": 78, "moves": ["extremespeed", "flareblitz", "stoneedge", "sacredfire"], "ability": "Inner Focus", "evs": {"hp": 85, "atk": 85, "def": 85, "spa": 85, "spd": 85, "spe": 85}, "ivs": {"hp": 31, "atk": 31, "def": 31, "spa": 31, "spd": 31, "spe": 31}, "item": "Choice Band", "teraType": "Fire", "role": "Fast Attacker", "bvs": {"hp": 115, "atk": 115, "def": 85, "spa": 90, "spd": 75, "spe": 100}, "stats": {"hp": 307, "atk": 224, "def": 178, "spa": 185, "spd": 162, "spe": 201}, "types": ["Fire"]}, "Volbeat": {"name": "Volbeat", "species": "Volbeat", "speciesId": "volbeat", "gender": "M", "shiny": false, "level": 90, "moves": ["thunderwave", "lunge", "roost", "encore"], "ability": "Prankster", "evs": {"hp": 85, "atk": 85, "def": 85, "spa": 85, "spd": 85, "spe": 85}, "ivs": {"hp": 31, "atk": 31, "def": 31, "spa": 31, "spd": 31, "spe": 31}, "item": "Heavy-Duty Boots", "teraType": "Steel", "role": "Bulky Attacker", "bvs": {"hp": 65, "atk": 73, "def": 75, "spa": 47, "spd": 85, "spe": 85}, "stats": {"hp": 263, "atk": 183, "def": 186, "spa": 136, "spd": 204, "spe": 204}, "types": ["Bug"]}, "Tornadus": {"name": "Tornadus", "species": "Tornadus-Therian", "speciesId": "tornadustherian", "gender": "M", "shiny": false, "level": 79, "moves": ["bleakwindstorm", "focusblast", "heatwave", "grassknot"], "ability": "Regenerator", "evs": {"hp": 85, "atk": 0, "def": 85, "spa": 85, "spd": 85, "spe": 85}, "ivs": {"hp": 31, "atk": 0, "def": 31, "spa": 31, "spd": 31, "spe": 31}, "item": "Choice Specs", "teraType": "Flying", "role": "Fast Attacker", "bvs": {"hp": 79, "atk": 100, "def": 80, "spa": 110, "spd": 90, "spe": 121}, "stats": {"hp": 254, "atk": 163, "def": 172, "spa": 219, "spd": 188, "spe": 237}, "types": ["Flying"]}, "Furret": {"name": "Furret", "species": "Furret", "speciesId": "furret", "gender": "F", "shiny": false, "level": 94, "moves": ["brickbreak", "tidyup", "knockoff", "doubleedge"], "ability": "Frisk", "evs": {"hp": 85, "atk": 85, "def": 85, "spa": 85, "spd": 85, "spe": 85}, "ivs": {"hp": 31, "atk": 31, "def": 31, "spa": 31, "spd": 31, "spe": 31}, "item": "Life Orb", "teraType": "Normal", "role": "Setup Sweeper", "bvs": {"hp": 85, "atk": 76, "def": 64, "spa": 45, "spd": 55, "spe": 90}, "stats": {"hp": 312, "atk": 196, "def": 174, "spa": 138, "spd": 157, "spe": 223}, "types": ["Normal"]}, "Trevenant": {"name": "Trevenant", "species": "Trevenant", "speciesId": "trevenant", "gender": "F", "shiny": false, "level": 89, "moves": ["toxic", "drainpunch", "protect", "poltergeist"], "ability": "Harvest", "evs": {"hp": 85, "atk": 85, "def": 85, "spa": 85, "spd": 85, "spe": 85}, "ivs": {"hp": 31, "atk": 31, "def": 31, "spa": 31, "spd": 31, "spe": 31}, "item": "Sitrus Berry", "teraType": "Fairy", "role": "Bulky Support", "bvs": {"hp": 85, "atk": 110, "def": 76, "spa": 65, "spd": 82, "spe": 56}, "stats": {"hp": 296, "atk": 247, "def": 186, "spa": 166, "spd": 197, "spe": 150}, "types": ["Ghost", "Grass"]}, "Minun": {"name": "Minun", "species": "Minun", "speciesId": "minun", "gender": "M", "shiny": false, "level": 95, "moves": ["nastyplot", "alluringvoice", "thunderbolt", "grassknot"], "ability": "Volt Absorb", "evs": {"hp": 85, "atk": 0, "def": 85, "spa": 85, "spd": 85, "spe": 85}, "ivs": {"hp": 31, "atk": 0, "def": 31, "spa": 31, "spd": 31, "spe": 31}, "item": "Life Orb", "teraType": "Grass", "role": "Setup Sweeper", "bvs": {"hp": 60, "atk": 40, "def": 50, "spa": 75, "spd": 85, "spe": 95}, "stats": {"hp": 268, "atk": 81, "def": 149, "spa": 196, "spd": 215, "spe": 234}, "types": ["Electric"]}}, {"Tatsugiri": {"name": "Tatsugiri", "species": "Tatsugiri", "speciesId": "tatsugiri", "gender": "F", "shiny": false, "level": 87, "moves": ["nastyplot", "rapidspin", "surf", "dracometeor"], "ability": "Storm Drain", "evs": {"hp": 85, "atk": 85, "def": 85, "spa": 85, "spd": 85, "spe": 85}, "ivs": {"hp": 31, "atk": 31, "def": 31, "spa": 31, "spd": 31, "spe": 31}, "item": "Heavy-Duty Boots", "teraType": "Steel", "role": "Fast Support", "bvs": {"hp": 68, "atk": 50, "def": 60, "spa": 120, "spd": 95, "spe": 82}, "stats": {"hp": 260, "atk": 137, "def": 154, "spa": 259, "spd": 215, "spe": 192}, "types": ["Dragon", "Water"]}, "Meowscarada": {"name": "Meowscarada", "species": "Meowscarada", "speciesId": "meowscarada", "gender": "F", "shiny": false, "level": 78, "moves": ["knockoff", "uturn", "toxicspikes", "flowertrick"], "ability": "Protean", "evs": {"hp": 85, "atk": 85, "def": 85, "spa": 85, "spd": 85, "spe": 85}, "ivs": {"hp": 31, "atk": 31, "def": 31, "spa": 31, "spd": 31, "spe": 31}, "item": "Heavy-Duty Boots", "teraType": "Grass", "role": "Fast Support", "bvs": {"hp": 76, "atk": 110, "def": 70, "spa": 81, "spd": 70, "spe": 123}, "stats": {"hp": 247, "atk": 217, "def": 154, "spa": 171, "spd": 154, "spe": 237}, "types": ["Grass", "Dark"]}, "Hydreigon": {"name": "Hydreigon", "species": "Hydreigon", "speciesId": "hydreigon", "gender": "F", "shiny": false, "level": 79, "moves": ["dracometeor", "flashcannon", "darkpulse", "uturn"], "ability": "Levitate", "evs": {"hp": 85, "atk": 85, "def": 85, "spa": 85, "spd": 85, "spe": 85}, "ivs": {"hp": 31, "atk": 31, "def": 31, "spa": 31, "spd": 31, "spe": 31}, "item": "Choice Specs", "teraType": "Dark", "role": "Fast Attacker", "bvs": {"hp": 92, "atk": 105, "def": 90, "spa": 125, "spd": 90, "spe": 98}, "stats": {"hp": 275, "atk": 211, "def": 188, "spa": 243, "spd": 188, "spe": 200}, "types": ["Dark", "Dragon"]}, "Perrserker": {"name": "Perrserker", "species": "Perrserker", "speciesId": "perrserker", "gender": "M", "shiny": false, "level": 89, "moves": ["knockoff", "closecombat", "uturn", "ironhead"], "ability": "Tough Claws", "evs": {"hp": 85, "atk": 85, "def": 85, "spa": 85, "spd": 85, "spe": 85}, "ivs": {"hp": 31, "atk": 31, "def": 31, "spa": 31, "spd": 31, "spe": 31}, "item": "Choice Band", "teraType": "Fighting", "role": "Fast Attacker", "bvs": {"hp": 70, "atk": 110, "def": 100, "spa": 50, "spd": 60, "spe": 50}, "stats": {"hp": 269, "atk": 247, "def": 229, "spa": 140, "spd": 158, "spe": 140}, "types": ["Steel"]}, "Wyrdeer": {"name": "Wyrdeer", "species": "Wyrdeer", "speciesId": "wyrdeer", "gender": "M", "shiny": false, "level": 87, "moves": ["psychicnoise", "thunderwave", "bodyslam", "earthquake"], "ability": "Intimidate", "evs": {"hp": 85, "atk": 85, "def": 85, "spa": 85, "spd": 85, "spe": 85}, "ivs": {"hp": 31, "atk": 31, "def": 31, "spa": 31, "spd": 31, "spe": 31}, "item": "Leftovers", "teraType": "Ground", "role": "Bulky Attacker", "bvs": {"hp": 103, "atk": 105, "def": 72, "spa": 105, "spd": 75, "spe": 65}, "stats": {"hp": 321, "atk": 232, "def": 175, "spa": 232, "spd": 180, "spe": 163}, "types": ["Normal", "Psychic"]}, "Alomomola": {"name": "Alomomola", "species": "Alomomola", "speciesId": "alomomola", "gender": "F", "shiny": false, "level": 87, "moves": ["wish", "flipturn", "scald", "protect"], "ability": "Regenerator", "evs": {"hp": 85, "atk": 85, "def": 85, "spa": 85, "spd": 85, "spe": 85}, "ivs": {"hp": 31, "atk": 31, "def": 31, "spa": 31, "spd": 31, "spe": 31}, "item": "Heavy-Duty Boots", "teraType": "Steel", "role": "Fast Support", "bvs": {"hp": 165, "atk": 75, "def": 80, "spa": 40, "spd": 45, "spe": 65}, "stats": {"hp": 429, "atk": 180, "def": 189, "spa": 119, "spd": 128, "spe": 163}, "types": ["Water"]}}]}