{"id": "gen9randombattle-2641877096", "format": "[Gen 9] Random Battle", "players": ["yourlocaldumbass08", "testbotcif"], "log": "|j|\u203dyourlocaldumbass08\n|j|\u2606testbotcif\n|t:|1782852647\n|gametype|singles\n|player|p1|yourlocaldumbass08|cynthia-gen4|1340\n|player|p2|testbotcif|266|1345\n|gen|9\n|tier|[Gen 9] Random Battle\n|rated|\n|rule|Species Clause: Limit one of each Pok\u00e9mon\n|rule|HP Percentage Mod: HP is shown in percentages\n|rule|Sleep Clause Mod: Limit one foe put to sleep\n|rule|Illusion Level Mod: Illusion disguises the Pok\u00e9mon's true level\n|\n|t:|1782852647\n|teamsize|p1|6\n|teamsize|p2|6\n|start\n|switch|p1a: Alcremie|Alcremie-Mint-Cream, L90, F|263/263\n|switch|p2a: Enamorus|Enamorus, L79, F|247/247\n|turn|1\n|c|\u2606testbotcif|rlhf\n|inactive|Battle timer is ON: inactive players will automatically lose when time's up. (requested by testbotcif)\n|\n|t:|1782852653\n|move|p2a: Enamorus|Calm Mind|p2a: Enamorus\n|-boost|p2a: Enamorus|spa|1\n|-boost|p2a: Enamorus|spd|1\n|move|p1a: Alcremie|Calm Mind|p1a: Alcremie\n|-boost|p1a: Alcremie|spa|1\n|-boost|p1a: Alcremie|spd|1\n|\n|upkeep\n|turn|2\n|\n|t:|1782852657\n|move|p2a: Enamorus|Calm Mind|p2a: Enamorus\n|-boost|p2a: Enamorus|spa|1\n|-boost|p2a: Enamorus|spd|1\n|move|p1a: Alcremie|Calm Mind|p1a: Alcremie\n|-boost|p1a: Alcremie|spa|1\n|-boost|p1a: Alcremie|spd|1\n|\n|upkeep\n|turn|3\n|\n|t:|1782852659\n|move|p2a: Enamorus|Moonblast|p1a: Alcremie\n|-damage|p1a: Alcremie|181/263\n|move|p1a: Alcremie|Calm Mind|p1a: Alcremie\n|-boost|p1a: Alcremie|spa|1\n|-boost|p1a: Alcremie|spd|1\n|\n|-heal|p1a: Alcremie|197/263|[from] item: Leftovers\n|upkeep\n|turn|4\n|\n|t:|1782852663\n|move|p2a: Enamorus|Moonblast|p1a: Alcremie\n|-damage|p1a: Alcremie|125/263\n|move|p1a: Alcremie|Recover|p1a: Alcremie\n|-heal|p1a: Alcremie|257/263\n|\n|-heal|p1a: Alcremie|263/263|[from] item: Leftovers\n|upkeep\n|turn|5\n|\n|t:|1782852668\n|move|p2a: Enamorus|Moonblast|p1a: Alcremie\n|-damage|p1a: Alcremie|200/263\n|move|p1a: Alcremie|Calm Mind|p1a: Alcremie\n|-boost|p1a: Alcremie|spa|1\n|-boost|p1a: Alcremie|spd|1\n|\n|-heal|p1a: Alcremie|216/263|[from] item: Leftovers\n|upkeep\n|turn|6\n|\n|t:|1782852671\n|move|p2a: Enamorus|Moonblast|p1a: Alcremie\n|-damage|p1a: Alcremie|159/263\n|move|p1a: Alcremie|Calm Mind|p1a: Alcremie\n|-boost|p1a: Alcremie|spa|1\n|-boost|p1a: Alcremie|spd|1\n|\n|-heal|p1a: Alcremie|175/263|[from] item: Leftovers\n|upkeep\n|turn|7\n|\n|t:|1782852677\n|move|p2a: Enamorus|Moonblast|p1a: Alcremie\n|-damage|p1a: Alcremie|123/263\n|move|p1a: Alcremie|Recover|p1a: Alcremie\n|-heal|p1a: Alcremie|255/263\n|\n|-heal|p1a: Alcremie|263/263|[from] item: Leftovers\n|upkeep\n|turn|8\n|\n|t:|1782852681\n|move|p2a: Enamorus|Moonblast|p1a: Alcremie\n|-damage|p1a: Alcremie|218/263\n|-unboost|p1a: Alcremie|spa|1\n|move|p1a: Alcremie|Calm Mind|p1a: Alcremie\n|-boost|p1a: Alcremie|spa|1\n|-boost|p1a: Alcremie|spd|1\n|\n|-heal|p1a: Alcremie|234/263|[from] item: Leftovers\n|upkeep\n|turn|9\n|\n|t:|1782852684\n|move|p2a: Enamorus|Moonblast|p1a: Alcremie\n|-damage|p1a: Alcremie|188/263\n|move|p1a: Alcremie|Psyshock|p2a: Enamorus\n|-damage|p2a: Enamorus|0 fnt\n|faint|p2a: Enamorus\n|\n|-heal|p1a: Alcremie|204/263|[from] item: Leftovers\n|upkeep\n|\n|t:|1782852685\n|switch|p2a: Cinderace|Cinderace, L77, F|250/250\n|turn|10\n|\n|t:|1782852691\n|move|p2a: Cinderace|Pyro Ball|p1a: Alcremie\n|-damage|p1a: Alcremie|68/263\n|-status|p1a: Alcremie|brn\n|move|p1a: Alcremie|Psyshock|p2a: Cinderace\n|-damage|p2a: Cinderace|0 fnt\n|faint|p2a: Cinderace\n|\n|-heal|p1a: Alcremie|84/263 brn|[from] item: Leftovers\n|-damage|p1a: Alcremie|68/263 brn|[from] brn\n|upkeep\n|\n|t:|1782852691\n|switch|p2a: Komala|Komala, L88, M|258/258\n|-ability|p2a: Komala|Comatose\n|turn|11\n|\n|t:|1782852699\n|move|p1a: Alcremie|Recover|p1a: Alcremie\n|-heal|p1a: Alcremie|200/263 brn\n|move|p2a: Komala|Body Slam|p1a: Alcremie\n|-damage|p1a: Alcremie|73/263 brn\n|\n|-heal|p1a: Alcremie|89/263 brn|[from] item: Leftovers\n|-damage|p1a: Alcremie|73/263 brn|[from] brn\n|upkeep\n|turn|12\n|\n|t:|1782852707\n|move|p1a: Alcremie|Recover|p1a: Alcremie\n|-heal|p1a: Alcremie|205/263 brn\n|move|p2a: Komala|Body Slam|p1a: Alcremie\n|-damage|p1a: Alcremie|79/263 brn\n|\n|-heal|p1a: Alcremie|95/263 brn|[from] item: Leftovers\n|-damage|p1a: Alcremie|79/263 brn|[from] brn\n|upkeep\n|turn|13\n|\n|t:|1782852708\n|move|p1a: Alcremie|Recover|p1a: Alcremie\n|-heal|p1a: Alcremie|211/263 brn\n|move|p2a: Komala|Body Slam|p1a: Alcremie\n|-damage|p1a: Alcremie|88/263 brn\n|\n|-heal|p1a: Alcremie|104/263 brn|[from] item: Leftovers\n|-damage|p1a: Alcremie|88/263 brn|[from] brn\n|upkeep\n|turn|14\n|\n|t:|1782852713\n|move|p1a: Alcremie|Psyshock|p2a: Komala\n|-damage|p2a: Komala|0 fnt\n|faint|p2a: Komala\n|\n|-heal|p1a: Alcremie|104/263 brn|[from] item: Leftovers\n|-damage|p1a: Alcremie|88/263 brn|[from] brn\n|upkeep\n|\n|t:|1782852713\n|switch|p2a: Dragalge|Dragalge, L88, F|258/258\n|turn|15\n|\n|t:|1782852718\n|move|p1a: Alcremie|Psyshock|p2a: Dragalge\n|-supereffective|p2a: Dragalge\n|-damage|p2a: Dragalge|0 fnt\n|faint|p2a: Dragalge\n|\n|-heal|p1a: Alcremie|104/263 brn|[from] item: Leftovers\n|-damage|p1a: Alcremie|88/263 brn|[from] brn\n|upkeep\n|\n|t:|1782852718\n|switch|p2a: Sneasler|Sneasler, L74, M|240/240\n|turn|16\n|\n|t:|1782852721\n|-terastallize|p2a: Sneasler|Flying\n|move|p2a: Sneasler|Swords Dance|p2a: Sneasler\n|-boost|p2a: Sneasler|atk|2\n|move|p1a: Alcremie|Psyshock|p2a: Sneasler\n|-crit|p2a: Sneasler\n|-damage|p2a: Sneasler|0 fnt\n|faint|p2a: Sneasler\n|\n|-heal|p1a: Alcremie|104/263 brn|[from] item: Leftovers\n|-damage|p1a: Alcremie|88/263 brn|[from] brn\n|upkeep\n|\n|t:|1782852721\n|switch|p2a: Heracross|Heracross, L80, F|259/259\n|turn|17\n|\n|t:|1782852725\n|move|p2a: Heracross|Megahorn|p1a: Alcremie\n|-resisted|p1a: Alcremie\n|-damage|p1a: Alcremie|15/263 brn\n|move|p1a: Alcremie|Psyshock|p2a: Heracross\n|-supereffective|p2a: Heracross\n|-damage|p2a: Heracross|0 fnt\n|faint|p2a: Heracross\n|\n|win|yourlocaldumbass08\n|raw|yourlocaldumbass08's rating: 1340 &rarr; <strong>1360</strong><br />(+20 for winning)\n|raw|testbotcif's rating: 1345 &rarr; <strong>1325</strong><br />(-20 for losing)\n", "inputlog": ">version f8ac14003a5f27e1bdc8d8c59608a773c1cb96e5\n>start {\"formatid\":\"gen9randombattle\",\"seed\":\"sodium,2f725809c65ff631df3cadd7c8f20551\",\"rated\":\"Rated battle\"}\n>player p1 {\"name\":\"yourlocaldumbass08\",\"avatar\":\"cynthia-gen4\",\"rating\":1340,\"seed\":\"sodium,eeacb9095dd49f31fe78534ebcb9d44c\"}\n>player p2 {\"name\":\"testbotcif\",\"avatar\":\"266\",\"rating\":1345,\"seed\":\"sodium,966e41fee60fc2820a236d85a5d4a517\"}\n>chat \u2606testbotcif|rlhf\n>p1 move calmmind\n>p2 move calmmind\n>p1 move calmmind\n>p2 move calmmind\n>p1 move calmmind\n>p2 move moonblast\n>p1 move recover\n>p2 move moonblast\n>p1 move calmmind\n>p2 move moonblast\n>p1 move calmmind\n>p2 move moonblast\n>p1 move recover\n>p2 move moonblast\n>p1 move calmmind\n>p2 move moonblast\n>p1 move psyshock\n>p2 move moonblast\n>p2 switch 3\n>p1 move psyshock\n>p2 move pyroball\n>p2 switch 5\n>p1 move recover\n>p2 move bodyslam\n>p1 move recover\n>p2 move bodyslam\n>p1 move recover\n>p2 move bodyslam\n>p1 move psyshock\n>p2 move bodyslam\n>p2 switch 6\n>p1 move psyshock\n>p2 move dragontail\n>p2 switch 4\n>p1 move psyshock\n>p2 move swordsdance terastallize\n>p2 switch 2\n>p1 move psyshock\n>p2 move megahorn", "uploadtime": 1782852725, "views": 7, "formatid": "gen9randombattle", "rating": 1325, "private": 0, "password": null, "player_dets": [{"name": "yourlocaldumbass08", "avatar": "cynthia-gen4", "rating": 1340, "seed": "sodium,eeacb9095dd49f31fe78534ebcb9d44c"}, {"name": "testbotcif", "avatar": "266", "rating": 1345, "seed": "sodium,966e41fee60fc2820a236d85a5d4a517"}], "teams_full": [{"Alcremie": {"name": "Alcremie", "species": "Alcremie-Mint-Cream", "speciesId": "alcremie", "gender": "F", "shiny": false, "level": 90, "moves": ["recover", "psyshock", "alluringvoice", "calmmind"], "ability": "Aroma Veil", "evs": {"hp": 85, "atk": 0, "def": 85, "spa": 85, "spd": 85, "spe": 85}, "ivs": {"hp": 31, "atk": 0, "def": 31, "spa": 31, "spd": 31, "spe": 31}, "item": "Leftovers", "teraType": "Poison", "role": "Bulky Setup", "bvs": {"hp": 65, "atk": 60, "def": 75, "spa": 110, "spd": 121, "spe": 64}, "stats": {"hp": 263, "atk": 113, "def": 186, "spa": 249, "spd": 269, "spe": 167}, "types": ["Fairy"]}, "Minun": {"name": "Minun", "species": "Minun", "speciesId": "minun", "gender": "M", "shiny": false, "level": 95, "moves": ["thunderbolt", "nastyplot", "encore", "alluringvoice"], "ability": "Volt Absorb", "evs": {"hp": 85, "atk": 0, "def": 85, "spa": 85, "spd": 85, "spe": 85}, "ivs": {"hp": 31, "atk": 0, "def": 31, "spa": 31, "spd": 31, "spe": 31}, "item": "Life Orb", "teraType": "Fairy", "role": "Setup Sweeper", "bvs": {"hp": 60, "atk": 40, "def": 50, "spa": 75, "spd": 85, "spe": 95}, "stats": {"hp": 268, "atk": 81, "def": 149, "spa": 196, "spd": 215, "spe": 234}, "types": ["Electric"]}, "Miraidon": {"name": "Miraidon", "species": "Miraidon", "speciesId": "miraidon", "gender": "N", "shiny": false, "level": 65, "moves": ["electrodrift", "dracometeor", "dragonpulse", "calmmind"], "ability": "Hadron Engine", "evs": {"hp": 85, "atk": 0, "def": 85, "spa": 85, "spd": 85, "spe": 85}, "ivs": {"hp": 31, "atk": 0, "def": 31, "spa": 31, "spd": 31, "spe": 31}, "item": "Life Orb", "teraType": "Electric", "role": "Setup Sweeper", "bvs": {"hp": 100, "atk": 85, "def": 100, "spa": 135, "spd": 115, "spe": 135}, "stats": {"hp": 238, "atk": 115, "def": 168, "spa": 214, "spd": 188, "spe": 214}, "types": ["Electric", "Dragon"]}, "Beartic": {"name": "Beartic", "species": "Beartic", "speciesId": "beartic", "gender": "F", "shiny": false, "level": 91, "moves": ["aquajet", "swordsdance", "earthquake", "iciclecrash"], "ability": "Slush Rush", "evs": {"hp": 85, "atk": 85, "def": 85, "spa": 85, "spd": 85, "spe": 85}, "ivs": {"hp": 31, "atk": 31, "def": 31, "spa": 31, "spd": 31, "spe": 31}, "item": "Heavy-Duty Boots", "teraType": "Ground", "role": "Wallbreaker", "bvs": {"hp": 95, "atk": 130, "def": 80, "spa": 70, "spd": 80, "spe": 50}, "stats": {"hp": 321, "atk": 288, "def": 197, "spa": 179, "spd": 197, "spe": 143}, "types": ["Ice"]}, "Venomoth": {"name": "Venomoth", "species": "Venomoth", "speciesId": "venomoth", "gender": "F", "shiny": false, "level": 84, "moves": ["bugbuzz", "sludgewave", "sleeppowder", "quiverdance"], "ability": "Tinted Lens", "evs": {"hp": 85, "atk": 0, "def": 85, "spa": 85, "spd": 85, "spe": 85}, "ivs": {"hp": 31, "atk": 0, "def": 31, "spa": 31, "spd": 31, "spe": 31}, "item": "Heavy-Duty Boots", "teraType": "Bug", "role": "Setup Sweeper", "bvs": {"hp": 70, "atk": 65, "def": 60, "spa": 90, "spd": 75, "spe": 90}, "stats": {"hp": 255, "atk": 114, "def": 149, "spa": 199, "spd": 174, "spe": 199}, "types": ["Bug", "Poison"]}, "Crabominable": {"name": "Crabominable", "species": "Crabominable", "speciesId": "crabominable", "gender": "F", "shiny": false, "level": 90, "moves": ["icehammer", "earthquake", "drainpunch", "knockoff"], "ability": "Iron Fist", "evs": {"hp": 85, "atk": 85, "def": 85, "spa": 85, "spd": 85, "spe": 85}, "ivs": {"hp": 31, "atk": 31, "def": 31, "spa": 31, "spd": 31, "spe": 31}, "item": "Assault Vest", "teraType": "Fighting", "role": "AV Pivot", "bvs": {"hp": 97, "atk": 132, "def": 77, "spa": 62, "spd": 67, "spe": 43}, "stats": {"hp": 321, "atk": 289, "def": 190, "spa": 163, "spd": 172, "spe": 129}, "types": ["Fighting", "Ice"]}}, {"Enamorus": {"name": "Enamorus", "species": "Enamorus", "speciesId": "enamorus", "gender": "F", "shiny": false, "level": 79, "moves": ["moonblast", "substitute", "earthpower", "calmmind"], "ability": "Cute Charm", "evs": {"hp": 85, "atk": 0, "def": 85, "spa": 85, "spd": 85, "spe": 85}, "ivs": {"hp": 31, "atk": 0, "def": 31, "spa": 31, "spd": 31, "spe": 31}, "item": "Leftovers", "teraType": "Ground", "role": "Fast Bulky Setup", "bvs": {"hp": 74, "atk": 115, "def": 70, "spa": 135, "spd": 80, "spe": 106}, "stats": {"hp": 247, "atk": 186, "def": 156, "spa": 259, "spd": 172, "spe": 213}, "types": ["Fairy", "Flying"]}, "Heracross": {"name": "Heracross", "species": "Heracross", "speciesId": "heracross", "gender": "F", "shiny": false, "level": 80, "moves": ["stoneedge", "knockoff", "megahorn", "closecombat"], "ability": "Moxie", "evs": {"hp": 85, "atk": 85, "def": 85, "spa": 85, "spd": 85, "spe": 85}, "ivs": {"hp": 31, "atk": 31, "def": 31, "spa": 31, "spd": 31, "spe": 31}, "item": "Choice Scarf", "teraType": "Fighting", "role": "Fast Attacker", "bvs": {"hp": 80, "atk": 125, "def": 75, "spa": 40, "spd": 95, "spe": 85}, "stats": {"hp": 259, "atk": 246, "def": 166, "spa": 110, "spd": 198, "spe": 182}, "types": ["Bug", "Fighting"]}, "Cinderace": {"name": "Cinderace", "species": "Cinderace", "speciesId": "cinderace", "gender": "F", "shiny": false, "level": 77, "moves": ["pyroball", "uturn", "willowisp", "courtchange"], "ability": "Libero", "evs": {"hp": 85, "atk": 85, "def": 85, "spa": 85, "spd": 85, "spe": 85}, "ivs": {"hp": 31, "atk": 31, "def": 31, "spa": 31, "spd": 31, "spe": 31}, "item": "Heavy-Duty Boots", "teraType": "Grass", "role": "Fast Support", "bvs": {"hp": 80, "atk": 116, "def": 75, "spa": 65, "spd": 75, "spe": 119}, "stats": {"hp": 250, "atk": 223, "def": 160, "spa": 145, "spd": 160, "spe": 228}, "types": ["Fire"]}, "Sneasler": {"name": "Sneasler", "species": "Sneasler", "speciesId": "sneasler", "gender": "M", "shiny": false, "level": 74, "moves": ["direclaw", "swordsdance", "closecombat", "acrobatics"], "ability": "Unburden", "evs": {"hp": 85, "atk": 85, "def": 85, "spa": 85, "spd": 85, "spe": 85}, "ivs": {"hp": 31, "atk": 31, "def": 31, "spa": 31, "spd": 31, "spe": 31}, "item": "White Herb", "teraType": "Flying", "role": "Setup Sweeper", "bvs": {"hp": 80, "atk": 130, "def": 60, "spa": 40, "spd": 80, "spe": 120}, "stats": {"hp": 240, "atk": 235, "def": 132, "spa": 102, "spd": 161, "spe": 221}, "types": ["Fighting", "Poison"]}, "Komala": {"name": "Komala", "species": "Komala", "speciesId": "komala", "gender": "M", "shiny": false, "level": 88, "moves": ["bodyslam", "uturn", "knockoff", "rapidspin"], "ability": "Comatose", "evs": {"hp": 85, "atk": 85, "def": 85, "spa": 85, "spd": 85, "spe": 85}, "ivs": {"hp": 31, "atk": 31, "def": 31, "spa": 31, "spd": 31, "spe": 31}, "item": "Assault Vest", "teraType": "Ghost", "role": "Bulky Support", "bvs": {"hp": 65, "atk": 115, "def": 65, "spa": 75, "spd": 95, "spe": 65}, "stats": {"hp": 258, "atk": 253, "def": 165, "spa": 182, "spd": 217, "spe": 165}, "types": ["Normal"]}, "Dragalge": {"name": "Dragalge", "species": "Dragalge", "speciesId": "dragalge", "gender": "F", "shiny": false, "level": 88, "moves": ["dragontail", "dracometeor", "sludgewave", "focusblast"], "ability": "Adaptability", "evs": {"hp": 85, "atk": 85, "def": 85, "spa": 85, "spd": 85, "spe": 85}, "ivs": {"hp": 31, "atk": 31, "def": 31, "spa": 31, "spd": 31, "spe": 31}, "item": "Assault Vest", "teraType": "Fighting", "role": "Bulky Attacker", "bvs": {"hp": 65, "atk": 75, "def": 90, "spa": 97, "spd": 123, "spe": 44}, "stats": {"hp": 258, "atk": 182, "def": 209, "spa": 221, "spd": 267, "spe": 128}, "types": ["Poison", "Dragon"]}}]}