{"id": "gen9randombattle-2642091187", "format": "[Gen 9] Random Battle", "players": ["jnpr010334", "LiaoSY"], "log": "|j|\u2606jnpr010334\n|j|\u2606LiaoSY\n|t:|1782887940\n|gametype|singles\n|player|p1|jnpr010334|265|1917\n|player|p2|LiaoSY|1|1896\n|gen|9\n|tier|[Gen 9] Random Battle\n|rated|\n|rule|Species Clause: Limit one of each Pok\u00e9mon\n|rule|HP Percentage Mod: HP is shown in percentages\n|rule|Sleep Clause Mod: Limit one foe put to sleep\n|rule|Illusion Level Mod: Illusion disguises the Pok\u00e9mon's true level\n|\n|t:|1782887940\n|teamsize|p1|6\n|teamsize|p2|6\n|start\n|switch|p1a: Cinccino|Cinccino, L83, M|260/260\n|switch|p2a: Kyogre|Kyogre, L71|259/259\n|-weather|RainDance|[from] ability: Drizzle|[of] p2a: Kyogre\n|turn|1\n|inactive|Battle timer is ON: inactive players will automatically lose when time's up. (requested by LiaoSY)\n|inactive|jnpr010334 also wants the timer to be on.\n|inactive|LiaoSY has 120 seconds left.\n|\n|t:|1782887976\n|move|p2a: Kyogre|Water Spout|p1a: Cinccino\n|-crit|p1a: Cinccino\n|-damage|p1a: Cinccino|0 fnt\n|faint|p1a: Cinccino\n|\n|-weather|RainDance|[upkeep]\n|upkeep\n|\n|t:|1782887978\n|switch|p1a: Regice|Regice, L88|284/284\n|turn|2\n|\n|t:|1782887995\n|switch|p2a: Banette|Banette, L93, F|270/270\n|-terastallize|p1a: Regice|Electric\n|move|p1a: Regice|Thunderbolt|p2a: Banette\n|-damage|p2a: Banette|141/270\n|\n|-weather|RainDance|[upkeep]\n|upkeep\n|turn|3\n|\n|t:|1782888002\n|move|p2a: Banette|Poltergeist|p1a: Regice\n|-activate|p1a: Regice|move: Poltergeist|Heavy-Duty Boots\n|-damage|p1a: Regice|88/284\n|-damage|p2a: Banette|114/270|[from] item: Life Orb\n|move|p1a: Regice|Ice Beam|p2a: Banette\n|-damage|p2a: Banette|0 fnt\n|faint|p2a: Banette\n|\n|-weather|RainDance|[upkeep]\n|upkeep\n|\n|t:|1782888020\n|switch|p2a: Zarude|Zarude, L77|288/288\n|turn|4\n|\n|t:|1782888033\n|move|p2a: Zarude|Knock Off|p1a: Regice\n|-crit|p1a: Regice\n|-damage|p1a: Regice|0 fnt\n|-enditem|p1a: Regice|Heavy-Duty Boots|[from] move: Knock Off|[of] p2a: Zarude\n|faint|p1a: Regice\n|-damage|p2a: Zarude|260/288|[from] item: Life Orb\n|\n|-weather|RainDance|[upkeep]\n|upkeep\n|\n|t:|1782888035\n|switch|p1a: Toxicroak|Toxicroak, L84, F|277/277\n|turn|5\n|\n|t:|1782888046\n|switch|p2a: Venomoth|Venomoth, L84, F|255/255\n|move|p1a: Toxicroak|Swords Dance|p1a: Toxicroak\n|-boost|p1a: Toxicroak|atk|2\n|\n|-weather|none\n|upkeep\n|turn|6\n|\n|t:|1782888052\n|move|p2a: Venomoth|Sleep Powder|p1a: Toxicroak\n|-status|p1a: Toxicroak|slp|[from] move: Sleep Powder\n|cant|p1a: Toxicroak|slp\n|\n|upkeep\n|turn|7\n|\n|t:|1782888069\n|switch|p2a: Spectrier|Spectrier, L75|274/274\n|-curestatus|p1a: Toxicroak|slp|[msg]\n|move|p1a: Toxicroak|Earthquake|p2a: Spectrier\n|-damage|p2a: Spectrier|0 fnt\n|faint|p2a: Spectrier\n|-damage|p1a: Toxicroak|250/277|[from] item: Life Orb\n|\n|upkeep\n|inactive|LiaoSY has 120 seconds left.\n|inactive|LiaoSY has 90 seconds left.\n|\n|t:|1782888121\n|switch|p2a: Kyogre|Kyogre, L71|259/259\n|-weather|RainDance|[from] ability: Drizzle|[of] p2a: Kyogre\n|turn|8\n|\n|t:|1782888124\n|move|p2a: Kyogre|Thunder|p1a: Toxicroak\n|-damage|p1a: Toxicroak|159/277\n|move|p1a: Toxicroak|Close Combat|p2a: Kyogre\n|-damage|p2a: Kyogre|0 fnt\n|-unboost|p1a: Toxicroak|def|1\n|-unboost|p1a: Toxicroak|spd|1\n|faint|p2a: Kyogre\n|-damage|p1a: Toxicroak|132/277|[from] item: Life Orb\n|\n|-weather|RainDance|[upkeep]\n|-heal|p1a: Toxicroak|166/277|[from] ability: Dry Skin\n|upkeep\n|\n|t:|1782888135\n|switch|p2a: Zarude|Zarude, L77|260/288\n|turn|9\n|\n|t:|1782888138\n|move|p2a: Zarude|Power Whip|p1a: Toxicroak\n|-resisted|p1a: Toxicroak\n|-damage|p1a: Toxicroak|9/277\n|-damage|p2a: Zarude|232/288|[from] item: Life Orb\n|move|p1a: Toxicroak|Close Combat|p2a: Zarude\n|-supereffective|p2a: Zarude\n|-damage|p2a: Zarude|0 fnt\n|-unboost|p1a: Toxicroak|def|1\n|-unboost|p1a: Toxicroak|spd|1\n|faint|p2a: Zarude\n|-damage|p1a: Toxicroak|0 fnt|[from] item: Life Orb\n|faint|p1a: Toxicroak\n|\n|-weather|RainDance|[upkeep]\n|upkeep\n|\n|t:|1782888147\n|switch|p2a: Venomoth|Venomoth, L84, F|255/255\n|switch|p1a: Tornadus|Tornadus, L82, M|264/264\n|turn|10\n|\n|t:|1782888155\n|-terastallize|p2a: Venomoth|Poison\n|move|p1a: Tornadus|Bleakwind Storm|p2a: Venomoth\n|-damage|p2a: Venomoth|117/255\n|move|p2a: Venomoth|Quiver Dance|p2a: Venomoth\n|-boost|p2a: Venomoth|spa|1\n|-boost|p2a: Venomoth|spd|1\n|-boost|p2a: Venomoth|spe|1\n|\n|-weather|RainDance|[upkeep]\n|upkeep\n|turn|11\n|\n|t:|1782888163\n|move|p2a: Venomoth|Sleep Powder|p1a: Tornadus\n|-status|p1a: Tornadus|slp|[from] move: Sleep Powder\n|cant|p1a: Tornadus|slp\n|\n|-weather|RainDance|[upkeep]\n|upkeep\n|turn|12\n|\n|t:|1782888166\n|move|p2a: Venomoth|Quiver Dance|p2a: Venomoth\n|-boost|p2a: Venomoth|spa|1\n|-boost|p2a: Venomoth|spd|1\n|-boost|p2a: Venomoth|spe|1\n|-curestatus|p1a: Tornadus|slp|[msg]\n|move|p1a: Tornadus|Bleakwind Storm|p2a: Venomoth\n|-damage|p2a: Venomoth|53/255\n|-unboost|p2a: Venomoth|spe|1\n|\n|-weather|none\n|upkeep\n|turn|13\n|\n|t:|1782888175\n|move|p2a: Venomoth|Sludge Wave|p1a: Tornadus\n|-damage|p1a: Tornadus|0 fnt\n|faint|p1a: Tornadus\n|\n|upkeep\n|\n|t:|1782888178\n|switch|p1a: Phione|Phione, L91|293/293\n|turn|14\n|\n|t:|1782888183\n|move|p2a: Venomoth|Sludge Wave|p1a: Phione\n|-damage|p1a: Phione|25/293\n|move|p1a: Phione|Scald|p2a: Venomoth\n|-damage|p2a: Venomoth|4/255\n|-status|p2a: Venomoth|brn\n|\n|-heal|p1a: Phione|43/293|[from] item: Leftovers\n|-damage|p2a: Venomoth|0 fnt|[from] brn\n|faint|p2a: Venomoth\n|upkeep\n|\n|t:|1782888189\n|switch|p2a: Lurantis|Lurantis, L87, F|264/264\n|turn|15\n|\n|t:|1782888195\n|move|p1a: Phione|Scald|p2a: Lurantis\n|-resisted|p2a: Lurantis\n|-damage|p2a: Lurantis|226/264\n|-status|p2a: Lurantis|brn\n|move|p2a: Lurantis|Superpower|p1a: Phione\n|-damage|p1a: Phione|0 fnt\n|-boost|p2a: Lurantis|atk|1\n|-boost|p2a: Lurantis|def|1\n|faint|p1a: Phione\n|\n|-heal|p2a: Lurantis|242/264 brn|[from] item: Leftovers\n|-damage|p2a: Lurantis|226/264 brn|[from] brn\n|upkeep\n|\n|t:|1782888199\n|switch|p1a: Golduck|Golduck, L90, F|290/290\n|-ability|p1a: Golduck|Cloud Nine\n|turn|16\n|\n|t:|1782888203\n|move|p1a: Golduck|Nasty Plot|p1a: Golduck\n|-boost|p1a: Golduck|spa|2\n|move|p2a: Lurantis|Leaf Storm|p1a: Golduck|[miss]\n|-miss|p2a: Lurantis|p1a: Golduck\n|\n|-heal|p2a: Lurantis|242/264 brn|[from] item: Leftovers\n|-damage|p2a: Lurantis|226/264 brn|[from] brn\n|upkeep\n|turn|17\n|\n|t:|1782888208\n|move|p1a: Golduck|Ice Beam|p2a: Lurantis\n|-supereffective|p2a: Lurantis\n|-damage|p2a: Lurantis|0 fnt\n|faint|p2a: Lurantis\n|\n|win|jnpr010334\n|raw|jnpr010334's rating: 1938 &rarr; <strong>1956</strong><br />(+18 for winning)\n|raw|LiaoSY's rating: 1896 &rarr; <strong>1878</strong><br />(-18 for losing)\n", "inputlog": ">version f8ac14003a5f27e1bdc8d8c59608a773c1cb96e5\n>start {\"formatid\":\"gen9randombattle\",\"seed\":\"sodium,fe6d2f8233193eb9b9489c47d0d2b68c\",\"rated\":\"Rated battle\"}\n>player p1 {\"name\":\"jnpr010334\",\"avatar\":\"265\",\"rating\":1917,\"seed\":\"sodium,f80183720c2ba5dfbd5d0fc9aa2462ea\"}\n>player p2 {\"name\":\"LiaoSY\",\"avatar\":\"1\",\"rating\":1896,\"seed\":\"sodium,4208be8b3b6ba54cec4cd22aa18dbf3d\"}\n>p1 move bulletseed\n>p2 move waterspout\n>p1 switch 3\n>p1 move thunderbolt terastallize\n>p2 switch 4\n>p1 move icebeam\n>p2 move poltergeist\n>p2 switch 5\n>p1 move icebeam\n>p2 move knockoff\n>p1 switch 6\n>p1 move swordsdance\n>p2 switch 2\n>p1 move earthquake\n>p2 move sleeppowder\n>p1 move earthquake\n>p2 switch 6\n>p2 switch 4\n>p1 move closecombat\n>p2 move thunder\n>p2 switch 2\n>p1 move closecombat\n>p2 move powerwhip\n>p1 switch 5\n>p2 switch 6\n>p1 move bleakwindstorm\n>p2 move quiverdance terastallize\n>p1 move bleakwindstorm\n>p2 move sleeppowder\n>p1 move bleakwindstorm\n>p2 move quiverdance\n>p1 move bleakwindstorm\n>p2 move sludgewave\n>p1 switch 2\n>p1 move scald\n>p2 move sludgewave\n>p2 switch 3\n>p1 move scald\n>p2 move superpower\n>p1 switch 4\n>p1 move nastyplot\n>p2 move leafstorm\n>p1 move icebeam\n>p2 move leafstorm", "uploadtime": 1782888210, "views": 7, "formatid": "gen9randombattle", "rating": 1878, "private": 0, "password": null, "player_dets": [{"name": "jnpr010334", "avatar": "265", "rating": 1917, "seed": "sodium,f80183720c2ba5dfbd5d0fc9aa2462ea"}, {"name": "LiaoSY", "avatar": "1", "rating": 1896, "seed": "sodium,4208be8b3b6ba54cec4cd22aa18dbf3d"}], "teams_full": [{"Cinccino": {"name": "Cinccino", "species": "Cinccino", "speciesId": "cinccino", "gender": "M", "shiny": false, "level": 83, "moves": ["tripleaxel", "bulletseed", "tidyup", "tailslap"], "ability": "Technician", "evs": {"hp": 85, "atk": 85, "def": 85, "spa": 85, "spd": 85, "spe": 85}, "ivs": {"hp": 31, "atk": 31, "def": 31, "spa": 31, "spd": 31, "spe": 31}, "item": "Loaded Dice", "teraType": "Ice", "role": "Fast Attacker", "bvs": {"hp": 75, "atk": 95, "def": 60, "spa": 65, "spd": 60, "spe": 115}, "stats": {"hp": 260, "atk": 205, "def": 147, "spa": 156, "spd": 147, "spe": 239}, "types": ["Normal"]}, "Phione": {"name": "Phione", "species": "Phione", "speciesId": "phione", "gender": "N", "shiny": false, "level": 91, "moves": ["sleeptalk", "rest", "scald", "takeheart"], "ability": "Hydration", "evs": {"hp": 85, "atk": 0, "def": 85, "spa": 85, "spd": 85, "spe": 85}, "ivs": {"hp": 31, "atk": 0, "def": 31, "spa": 31, "spd": 31, "spe": 31}, "item": "Leftovers", "teraType": "Dragon", "role": "Bulky Setup", "bvs": {"hp": 80, "atk": 80, "def": 80, "spa": 80, "spd": 80, "spe": 80}, "stats": {"hp": 293, "atk": 150, "def": 197, "spa": 197, "spd": 197, "spe": 197}, "types": ["Water"]}, "Regice": {"name": "Regice", "species": "Regice", "speciesId": "regice", "gender": "N", "shiny": false, "level": 88, "moves": ["rest", "sleeptalk", "thunderbolt", "icebeam"], "ability": "Clear Body", "evs": {"hp": 85, "atk": 0, "def": 85, "spa": 85, "spd": 85, "spe": 85}, "ivs": {"hp": 31, "atk": 0, "def": 31, "spa": 31, "spd": 31, "spe": 31}, "item": "Heavy-Duty Boots", "teraType": "Electric", "role": "Bulky Attacker", "bvs": {"hp": 80, "atk": 50, "def": 100, "spa": 100, "spd": 200, "spe": 50}, "stats": {"hp": 284, "atk": 93, "def": 226, "spa": 226, "spd": 402, "spe": 138}, "types": ["Ice"]}, "Golduck": {"name": "Golduck", "species": "Golduck", "speciesId": "golduck", "gender": "F", "shiny": false, "level": 90, "moves": ["icebeam", "nastyplot", "hydropump", "encore"], "ability": "Cloud Nine", "evs": {"hp": 85, "atk": 0, "def": 85, "spa": 85, "spd": 85, "spe": 85}, "ivs": {"hp": 31, "atk": 0, "def": 31, "spa": 31, "spd": 31, "spe": 31}, "item": "Leftovers", "teraType": "Water", "role": "Bulky Setup", "bvs": {"hp": 80, "atk": 82, "def": 78, "spa": 95, "spd": 80, "spe": 85}, "stats": {"hp": 290, "atk": 152, "def": 192, "spa": 222, "spd": 195, "spe": 204}, "types": ["Water"]}, "Tornadus": {"name": "Tornadus", "species": "Tornadus", "speciesId": "tornadus", "gender": "M", "shiny": false, "level": 82, "moves": ["nastyplot", "focusblast", "grassknot", "bleakwindstorm"], "ability": "Prankster", "evs": {"hp": 85, "atk": 0, "def": 85, "spa": 85, "spd": 85, "spe": 85}, "ivs": {"hp": 31, "atk": 0, "def": 31, "spa": 31, "spd": 31, "spe": 31}, "item": "Heavy-Duty Boots", "teraType": "Flying", "role": "Fast Attacker", "bvs": {"hp": 79, "atk": 115, "def": 70, "spa": 125, "spd": 80, "spe": 111}, "stats": {"hp": 264, "atk": 193, "def": 162, "spa": 252, "spd": 178, "spe": 229}, "types": ["Flying"]}, "Toxicroak": {"name": "Toxicroak", "species": "Toxicroak", "speciesId": "toxicroak", "gender": "F", "shiny": false, "level": 84, "moves": ["gunkshot", "closecombat", "earthquake", "swordsdance"], "ability": "Dry Skin", "evs": {"hp": 85, "atk": 85, "def": 85, "spa": 85, "spd": 85, "spe": 85}, "ivs": {"hp": 31, "atk": 31, "def": 31, "spa": 31, "spd": 31, "spe": 31}, "item": "Life Orb", "teraType": "Dark", "role": "Setup Sweeper", "bvs": {"hp": 83, "atk": 106, "def": 65, "spa": 86, "spd": 65, "spe": 85}, "stats": {"hp": 277, "atk": 226, "def": 157, "spa": 193, "spd": 157, "spe": 191}, "types": ["Poison", "Fighting"]}}, {"Kyogre": {"name": "Kyogre", "species": "Kyogre", "speciesId": "kyogre", "gender": "N", "shiny": false, "level": 71, "moves": ["waterspout", "thunder", "originpulse", "icebeam"], "ability": "Drizzle", "evs": {"hp": 85, "atk": 0, "def": 85, "spa": 85, "spd": 85, "spe": 85}, "ivs": {"hp": 31, "atk": 0, "def": 31, "spa": 31, "spd": 31, "spe": 31}, "item": "Choice Scarf", "teraType": "Water", "role": "Fast Attacker", "bvs": {"hp": 100, "atk": 100, "def": 90, "spa": 150, "spd": 140, "spe": 90}, "stats": {"hp": 259, "atk": 147, "def": 169, "spa": 254, "spd": 240, "spe": 169}, "types": ["Water"]}, "Venomoth": {"name": "Venomoth", "species": "Venomoth", "speciesId": "venomoth", "gender": "F", "shiny": false, "level": 84, "moves": ["sludgewave", "bugbuzz", "quiverdance", "sleeppowder"], "ability": "Tinted Lens", "evs": {"hp": 85, "atk": 0, "def": 85, "spa": 85, "spd": 85, "spe": 85}, "ivs": {"hp": 31, "atk": 0, "def": 31, "spa": 31, "spd": 31, "spe": 31}, "item": "Heavy-Duty Boots", "teraType": "Poison", "role": "Setup Sweeper", "bvs": {"hp": 70, "atk": 65, "def": 60, "spa": 90, "spd": 75, "spe": 90}, "stats": {"hp": 255, "atk": 114, "def": 149, "spa": 199, "spd": 174, "spe": 199}, "types": ["Bug", "Poison"]}, "Lurantis": {"name": "Lurantis", "species": "Lurantis", "speciesId": "lurantis", "gender": "F", "shiny": false, "level": 87, "moves": ["synthesis", "defog", "superpower", "leafstorm"], "ability": "Contrary", "evs": {"hp": 85, "atk": 85, "def": 85, "spa": 85, "spd": 85, "spe": 85}, "ivs": {"hp": 31, "atk": 31, "def": 31, "spa": 31, "spd": 31, "spe": 31}, "item": "Leftovers", "teraType": "Fighting", "role": "Bulky Attacker", "bvs": {"hp": 70, "atk": 105, "def": 90, "spa": 80, "spd": 90, "spe": 45}, "stats": {"hp": 264, "atk": 232, "def": 206, "spa": 189, "spd": 206, "spe": 128}, "types": ["Grass"]}, "Banette": {"name": "Banette", "species": "Banette", "speciesId": "banette", "gender": "F", "shiny": false, "level": 93, "moves": ["shadowsneak", "poltergeist", "gunkshot", "swordsdance"], "ability": "Insomnia", "evs": {"hp": 85, "atk": 85, "def": 85, "spa": 85, "spd": 85, "spe": 85}, "ivs": {"hp": 31, "atk": 31, "def": 31, "spa": 31, "spd": 31, "spe": 31}, "item": "Life Orb", "teraType": "Poison", "role": "Wallbreaker", "bvs": {"hp": 64, "atk": 115, "def": 65, "spa": 83, "spd": 63, "spe": 65}, "stats": {"hp": 270, "atk": 267, "def": 174, "spa": 207, "spd": 170, "spe": 174}, "types": ["Ghost"]}, "Zarude": {"name": "Zarude", "species": "Zarude", "speciesId": "zarude", "gender": "N", "shiny": false, "level": 77, "moves": ["knockoff", "closecombat", "powerwhip", "swordsdance"], "ability": "Leaf Guard", "evs": {"hp": 85, "atk": 85, "def": 85, "spa": 85, "spd": 85, "spe": 85}, "ivs": {"hp": 31, "atk": 31, "def": 31, "spa": 31, "spd": 31, "spe": 31}, "item": "Life Orb", "teraType": "Fighting", "role": "Fast Bulky Setup", "bvs": {"hp": 105, "atk": 120, "def": 105, "spa": 70, "spd": 95, "spe": 105}, "stats": {"hp": 288, "atk": 229, "def": 206, "spa": 152, "spd": 191, "spe": 206}, "types": ["Dark", "Grass"]}, "Spectrier": {"name": "Spectrier", "species": "Spectrier", "speciesId": "spectrier", "gender": "N", "shiny": false, "level": 75, "moves": ["nastyplot", "drainingkiss", "shadowball", "substitute"], "ability": "Grim Neigh", "evs": {"hp": 85, "atk": 0, "def": 85, "spa": 85, "spd": 85, "spe": 85}, "ivs": {"hp": 31, "atk": 0, "def": 31, "spa": 31, "spd": 31, "spe": 31}, "item": "Leftovers", "teraType": "Fairy", "role": "Setup Sweeper", "bvs": {"hp": 100, "atk": 65, "def": 60, "spa": 145, "spd": 80, "spe": 130}, "stats": {"hp": 274, "atk": 102, "def": 134, "spa": 261, "spd": 164, "spe": 239}, "types": ["Ghost"]}}]}