{"id": "gen9randombattle-2642002296", "format": "[Gen 9] Random Battle", "players": ["LizarDune", "notmetbh102"], "log": "|badge|p1|bronze|gen9randombattle|100-10\n|uhtml|medal-msg|<div class=\"broadcast-blue\">Curious what those medals under the avatar are? PS now has Ladder Seasons! For more information, check out the <a href=\"https://www.smogon.com/forums/threads/3740067/\">thread on Smogon.</a></div>\n|j|\u2606LizarDune\n|j|\u2606notmetbh102\n|t:|1782871480\n|gametype|singles\n|inactive|Battle timer is ON: inactive players will automatically lose when time's up. (requested by notmetbh102)\n|player|p1|LizarDune|musician|2339\n|player|p2|notmetbh102|265|2288\n|gen|9\n|tier|[Gen 9] Random Battle\n|rated|\n|rule|Species Clause: Limit one of each Pok\u00e9mon\n|rule|HP Percentage Mod: HP is shown in percentages\n|rule|Sleep Clause Mod: Limit one foe put to sleep\n|rule|Illusion Level Mod: Illusion disguises the Pok\u00e9mon's true level\n|\n|t:|1782871481\n|teamsize|p1|6\n|teamsize|p2|6\n|start\n|switch|p1a: Sceptile|Sceptile, L87, F|264/264\n|switch|p2a: Groudon|Groudon, L72|263/263\n|-weather|SunnyDay|[from] ability: Drought|[of] p2a: Groudon\n|turn|1\n|inactive|LizarDune also wants the timer to be on.\n|c|\u2606notmetbh102|hf\n|\n|t:|1782871492\n|switch|p1a: Altaria|Altaria, L89, F|278/278\n|move|p2a: Groudon|Heat Crash|p1a: Altaria\n|-resisted|p1a: Altaria\n|-damage|p1a: Altaria|221/278\n|\n|-weather|SunnyDay|[upkeep]\n|upkeep\n|turn|2\n|\n|t:|1782871494\n|move|p1a: Altaria|Will-O-Wisp|p2a: Groudon\n|-status|p2a: Groudon|brn\n|move|p2a: Groudon|Swords Dance|p2a: Groudon\n|-boost|p2a: Groudon|atk|2\n|\n|-weather|SunnyDay|[upkeep]\n|-damage|p2a: Groudon|247/263 brn|[from] brn\n|upkeep\n|turn|3\n|\n|t:|1782871510\n|switch|p1a: Lunala|Lunala, L70|308/308\n|move|p2a: Groudon|Heat Crash|p1a: Lunala\n|-crit|p1a: Lunala\n|-damage|p1a: Lunala|200/308\n|\n|-weather|SunnyDay|[upkeep]\n|-heal|p1a: Lunala|219/308|[from] item: Leftovers\n|-heal|p2a: Groudon|263/263 brn|[from] item: Leftovers\n|-damage|p2a: Groudon|247/263 brn|[from] brn\n|upkeep\n|turn|4\n|\n|t:|1782871522\n|move|p1a: Lunala|Moonlight|p1a: Lunala\n|-heal|p1a: Lunala|308/308\n|move|p2a: Groudon|Swords Dance|p2a: Groudon\n|-boost|p2a: Groudon|atk|2\n|\n|-weather|SunnyDay|[upkeep]\n|-heal|p2a: Groudon|263/263 brn|[from] item: Leftovers\n|-damage|p2a: Groudon|247/263 brn|[from] brn\n|upkeep\n|turn|5\n|\n|t:|1782871532\n|move|p1a: Lunala|Moongeist Beam|p2a: Groudon\n|-damage|p2a: Groudon|139/263 brn\n|move|p2a: Groudon|Precipice Blades|p1a: Lunala\n|-damage|p1a: Lunala|190/308\n|\n|-weather|none\n|-heal|p1a: Lunala|209/308|[from] item: Leftovers\n|-heal|p2a: Groudon|155/263 brn|[from] item: Leftovers\n|-damage|p2a: Groudon|139/263 brn|[from] brn\n|upkeep\n|turn|6\n|\n|t:|1782871543\n|switch|p1a: Altaria|Altaria, L89, F|221/278\n|move|p2a: Groudon|Precipice Blades|p1a: Altaria\n|-immune|p1a: Altaria\n|\n|-heal|p2a: Groudon|155/263 brn|[from] item: Leftovers\n|-damage|p2a: Groudon|139/263 brn|[from] brn\n|upkeep\n|turn|7\n|\n|t:|1782871547\n|move|p1a: Altaria|Brave Bird|p2a: Groudon\n|-damage|p2a: Groudon|48/263 brn\n|-damage|p1a: Altaria|191/278|[from] Recoil\n|move|p2a: Groudon|Thunder Wave|p1a: Altaria\n|-status|p1a: Altaria|par\n|\n|-heal|p2a: Groudon|64/263 brn|[from] item: Leftovers\n|-damage|p2a: Groudon|48/263 brn|[from] brn\n|upkeep\n|turn|8\n|\n|t:|1782871551\n|move|p2a: Groudon|Heat Crash|p1a: Altaria\n|-resisted|p1a: Altaria\n|-damage|p1a: Altaria|132/278 par\n|move|p1a: Altaria|Roost|p1a: Altaria\n|-heal|p1a: Altaria|271/278 par\n|-singleturn|p1a: Altaria|move: Roost\n|\n|-heal|p2a: Groudon|64/263 brn|[from] item: Leftovers\n|-damage|p2a: Groudon|48/263 brn|[from] brn\n|upkeep\n|turn|9\n|\n|t:|1782871561\n|move|p2a: Groudon|Heat Crash|p1a: Altaria\n|-resisted|p1a: Altaria\n|-damage|p1a: Altaria|214/278 par\n|move|p1a: Altaria|Brave Bird|p2a: Groudon\n|-damage|p2a: Groudon|0 fnt\n|faint|p2a: Groudon\n|-damage|p1a: Altaria|198/278 par|[from] Recoil\n|\n|upkeep\n|\n|t:|1782871562\n|switch|p2a: Girafarig|Girafarig, L89, F|269/269\n|turn|10\n|\n|t:|1782871577\n|-curestatus|p1a: Altaria|par|[from] ability: Natural Cure|[silent]\n|switch|p1a: Meowstic|Meowstic, L89, M|277/277\n|move|p2a: Girafarig|Nasty Plot|p2a: Girafarig\n|-boost|p2a: Girafarig|spa|2\n|\n|upkeep\n|turn|11\n|\n|t:|1782871586\n|move|p1a: Meowstic|Yawn|p2a: Girafarig\n|-start|p2a: Girafarig|move: Yawn|[of] p1a: Meowstic\n|move|p2a: Girafarig|Shadow Ball|p1a: Meowstic\n|-supereffective|p1a: Meowstic\n|-damage|p1a: Meowstic|41/277\n|\n|-heal|p1a: Meowstic|58/277|[from] item: Leftovers\n|upkeep\n|turn|12\n|\n|t:|1782871588\n|move|p1a: Meowstic|Alluring Voice|p2a: Girafarig\n|-damage|p2a: Girafarig|221/269\n|move|p2a: Girafarig|Psychic|p1a: Meowstic\n|-resisted|p1a: Meowstic\n|-damage|p1a: Meowstic|0 fnt\n|faint|p1a: Meowstic\n|\n|-end|p2a: Girafarig|move: Yawn|[silent]\n|-status|p2a: Girafarig|slp\n|upkeep\n|\n|t:|1782871599\n|switch|p1a: Cinccino|Cinccino, L83, F|260/260\n|turn|13\n|\n|t:|1782871601\n|move|p1a: Cinccino|Tail Slap|p2a: Girafarig\n|-damage|p2a: Girafarig|190/269 slp\n|-damage|p2a: Girafarig|157/269 slp\n|-damage|p2a: Girafarig|124/269 slp\n|-damage|p2a: Girafarig|93/269 slp\n|-hitcount|p2a: Girafarig|4\n|cant|p2a: Girafarig|slp\n|\n|upkeep\n|turn|14\n|\n|t:|1782871604\n|move|p1a: Cinccino|Tail Slap|p2a: Girafarig|[miss]\n|-miss|p1a: Cinccino|p2a: Girafarig\n|-curestatus|p2a: Girafarig|slp|[msg]\n|move|p2a: Girafarig|Psychic|p1a: Cinccino\n|-damage|p1a: Cinccino|0 fnt\n|faint|p1a: Cinccino\n|\n|upkeep\n|\n|t:|1782871614\n|switch|p1a: Palkia|Palkia-Origin, L72|249/249\n|-ability|p1a: Palkia|Pressure\n|turn|15\n|\n|t:|1782871616\n|switch|p2a: Zarude|Zarude-Dada, L77|288/288\n|move|p1a: Palkia|Hydro Pump|p2a: Zarude|[miss]\n|-miss|p1a: Palkia|p2a: Zarude\n|\n|upkeep\n|turn|16\n|\n|t:|1782871624\n|move|p1a: Palkia|Thunder Wave|p2a: Zarude\n|-status|p2a: Zarude|par\n|move|p2a: Zarude|Power Whip|p1a: Palkia\n|-damage|p1a: Palkia|47/249\n|\n|upkeep\n|turn|17\n|\n|t:|1782871632\n|switch|p1a: Altaria|Altaria, L89, F|198/278\n|move|p2a: Zarude|Power Whip|p1a: Altaria\n|-resisted|p1a: Altaria\n|-damage|p1a: Altaria|151/278\n|\n|upkeep\n|turn|18\n|\n|t:|1782871637\n|switch|p2a: Girafarig|Girafarig, L89, F|93/269\n|move|p1a: Altaria|Brave Bird|p2a: Girafarig\n|-damage|p2a: Girafarig|0 fnt\n|faint|p2a: Girafarig\n|-damage|p1a: Altaria|120/278|[from] Recoil\n|\n|upkeep\n|\n|t:|1782871637\n|switch|p2a: Salazzle|Salazzle, L83, F|249/249\n|turn|19\n|\n|t:|1782871641\n|move|p2a: Salazzle|Substitute|p2a: Salazzle\n|-start|p2a: Salazzle|Substitute\n|-damage|p2a: Salazzle|187/249\n|move|p1a: Altaria|Brave Bird|p2a: Salazzle\n|-end|p2a: Salazzle|Substitute\n|-damage|p1a: Altaria|100/278|[from] Recoil|[of] p2a: Salazzle\n|\n|-heal|p2a: Salazzle|202/249|[from] item: Leftovers\n|upkeep\n|turn|20\n|\n|t:|1782871644\n|move|p2a: Salazzle|Toxic|p1a: Altaria\n|-status|p1a: Altaria|tox\n|move|p1a: Altaria|Brave Bird|p2a: Salazzle\n|-damage|p2a: Salazzle|51/249\n|-damage|p1a: Altaria|50/278 tox|[from] Recoil\n|\n|-heal|p2a: Salazzle|66/249|[from] item: Leftovers\n|-damage|p1a: Altaria|33/278 tox|[from] psn\n|upkeep\n|turn|21\n|\n|t:|1782871647\n|move|p2a: Salazzle|Flamethrower|p1a: Altaria\n|-resisted|p1a: Altaria\n|-damage|p1a: Altaria|0 fnt\n|faint|p1a: Altaria\n|\n|-heal|p2a: Salazzle|81/249|[from] item: Leftovers\n|upkeep\n|\n|t:|1782871653\n|switch|p1a: Lunala|Lunala, L70|209/308\n|turn|22\n|\n|t:|1782871655\n|move|p2a: Salazzle|Toxic|p1a: Lunala\n|-status|p1a: Lunala|tox\n|move|p1a: Lunala|Moongeist Beam|p2a: Salazzle\n|-crit|p2a: Salazzle\n|-damage|p2a: Salazzle|0 fnt\n|faint|p2a: Salazzle\n|\n|-heal|p1a: Lunala|228/308 tox|[from] item: Leftovers\n|-damage|p1a: Lunala|209/308 tox|[from] psn\n|upkeep\n|\n|t:|1782871656\n|switch|p2a: Zarude|Zarude-Dada, L77|288/288 par\n|turn|23\n|\n|t:|1782871663\n|move|p1a: Lunala|Focus Blast|p2a: Zarude|[miss]\n|-miss|p1a: Lunala|p2a: Zarude\n|cant|p2a: Zarude|par\n|\n|-heal|p1a: Lunala|228/308 tox|[from] item: Leftovers\n|-damage|p1a: Lunala|190/308 tox|[from] psn\n|upkeep\n|turn|24\n|\n|t:|1782871666\n|switch|p2a: Wugtrio|Wugtrio, L91, M|212/212\n|move|p1a: Lunala|Focus Blast|p2a: Wugtrio\n|-damage|p2a: Wugtrio|125/212\n|\n|-heal|p1a: Lunala|209/308 tox|[from] item: Leftovers\n|-damage|p1a: Lunala|152/308 tox|[from] psn\n|upkeep\n|turn|25\n|\n|t:|1782871673\n|move|p2a: Wugtrio|Throat Chop|p1a: Lunala\n|-supereffective|p1a: Lunala\n|-crit|p1a: Lunala\n|-damage|p1a: Lunala|0 fnt\n|faint|p1a: Lunala\n|\n|upkeep\n|\n|t:|1782871676\n|switch|p1a: Sceptile|Sceptile, L87, F|264/264\n|turn|26\n|\n|t:|1782871679\n|move|p2a: Wugtrio|Throat Chop|p1a: Sceptile\n|-damage|p1a: Sceptile|150/264\n|-start|p1a: Sceptile|Throat Chop|[silent]\n|move|p1a: Sceptile|Giga Drain|p2a: Wugtrio\n|-supereffective|p2a: Wugtrio\n|-damage|p2a: Wugtrio|0 fnt\n|-heal|p1a: Sceptile|213/264|[from] drain|[of] p2a: Wugtrio\n|faint|p2a: Wugtrio\n|\n|-heal|p1a: Sceptile|229/264|[from] item: Leftovers\n|upkeep\n|\n|t:|1782871679\n|switch|p2a: Zarude|Zarude-Dada, L77|288/288 par\n|turn|27\n|\n|t:|1782871690\n|-terastallize|p2a: Zarude|Fighting\n|move|p1a: Sceptile|Focus Blast|p2a: Zarude\n|-damage|p2a: Zarude|196/288 par\n|cant|p2a: Zarude|par\n|\n|-heal|p1a: Sceptile|245/264|[from] item: Leftovers\n|-end|p1a: Sceptile|Throat Chop|[silent]\n|upkeep\n|turn|28\n|\n|t:|1782871693\n|move|p1a: Sceptile|Substitute|p1a: Sceptile\n|-start|p1a: Sceptile|Substitute\n|-damage|p1a: Sceptile|179/264\n|move|p2a: Zarude|U-turn|p1a: Sceptile\n|-supereffective|p1a: Sceptile\n|-end|p1a: Sceptile|Substitute\n|\n|t:|1782871693\n|switch|p2a: Great Tusk|Great Tusk, L77|304/304|[from] U-turn\n|-enditem|p2a: Great Tusk|Booster Energy\n|-activate|p2a: Great Tusk|ability: Protosynthesis|[fromitem]\n|-start|p2a: Great Tusk|protosynthesisatk\n|\n|-heal|p1a: Sceptile|195/264|[from] item: Leftovers\n|upkeep\n|turn|29\n|\n|t:|1782871711\n|-end|p2a: Great Tusk|Protosynthesis|[silent]\n|switch|p2a: Zarude|Zarude-Dada, L77, tera:Fighting|196/288 par\n|move|p1a: Sceptile|Giga Drain|p2a: Zarude\n|-damage|p2a: Zarude|111/288 par\n|-heal|p1a: Sceptile|238/264|[from] drain|[of] p2a: Zarude\n|\n|-heal|p1a: Sceptile|254/264|[from] item: Leftovers\n|upkeep\n|turn|30\n|\n|t:|1782871716\n|switch|p2a: Great Tusk|Great Tusk, L77|304/304\n|move|p1a: Sceptile|Substitute|p1a: Sceptile\n|-start|p1a: Sceptile|Substitute\n|-damage|p1a: Sceptile|188/264\n|\n|-heal|p1a: Sceptile|204/264|[from] item: Leftovers\n|upkeep\n|turn|31\n|\n|t:|1782871719\n|move|p1a: Sceptile|Giga Drain|p2a: Great Tusk\n|-supereffective|p2a: Great Tusk\n|-damage|p2a: Great Tusk|14/304\n|-heal|p1a: Sceptile|264/264|[from] drain|[of] p2a: Great Tusk\n|move|p2a: Great Tusk|Earthquake|p1a: Sceptile\n|-resisted|p1a: Sceptile\n|-end|p1a: Sceptile|Substitute\n|\n|upkeep\n|turn|32\n|\n|t:|1782871725\n|move|p1a: Sceptile|Giga Drain|p2a: Great Tusk\n|-supereffective|p2a: Great Tusk\n|-damage|p2a: Great Tusk|0 fnt\n|faint|p2a: Great Tusk\n|-end|p2a: Great Tusk|Protosynthesis|[silent]\n|\n|upkeep\n|\n|t:|1782871726\n|switch|p2a: Zarude|Zarude-Dada, L77, tera:Fighting|111/288 par\n|turn|33\n|\n|t:|1782871730\n|move|p1a: Sceptile|Giga Drain|p2a: Zarude\n|-damage|p2a: Zarude|21/288 par\n|move|p2a: Zarude|Close Combat|p1a: Sceptile\n|-damage|p1a: Sceptile|38/264\n|-unboost|p2a: Zarude|def|1\n|-unboost|p2a: Zarude|spd|1\n|\n|-heal|p1a: Sceptile|54/264|[from] item: Leftovers\n|upkeep\n|turn|34\n|\n|t:|1782871732\n|move|p1a: Sceptile|Giga Drain|p2a: Zarude\n|-damage|p2a: Zarude|0 fnt\n|-heal|p1a: Sceptile|65/264|[from] drain|[of] p2a: Zarude\n|faint|p2a: Zarude\n|\n|win|LizarDune\n|raw|LizarDune's rating: 2339 &rarr; <strong>2356</strong><br />(+17 for winning)\n|raw|notmetbh102's rating: 2288 &rarr; <strong>2271</strong><br />(-17 for losing)\n|c|\u2606notmetbh102|gg\n", "inputlog": ">version f8ac14003a5f27e1bdc8d8c59608a773c1cb96e5\n>start {\"formatid\":\"gen9randombattle\",\"seed\":\"sodium,c993ba7f4885cae8c764afe729196bb4\",\"rated\":\"Rated battle\"}\n>player p1 {\"name\":\"LizarDune\",\"avatar\":\"musician\",\"rating\":2339,\"seed\":\"sodium,d15c6a75d39ae9d796768010c7813c4c\"}\n>player p2 {\"name\":\"notmetbh102\",\"avatar\":\"265\",\"rating\":2288,\"seed\":\"sodium,1bd2f9c14c67fd47601fed3aed7e213e\"}\n>chat \u2606notmetbh102|hf\n>p1 switch 2\n>p2 move heatcrash\n>p1 move willowisp\n>p2 move swordsdance\n>p1 switch 3\n>p2 move heatcrash\n>p1 move moonlight\n>p2 move swordsdance\n>p1 move moongeistbeam\n>p2 move precipiceblades\n>p1 switch 3\n>p2 move precipiceblades\n>p1 move bravebird\n>p2 move thunderwave\n>p1 move roost\n>p2 move heatcrash\n>p1 move bravebird\n>p2 move heatcrash\n>p2 switch 5\n>p1 switch 6\n>p2 move nastyplot\n>p1 move yawn\n>p2 move shadowball\n>p1 move alluringvoice\n>p2 move psychic\n>p1 switch 4\n>p1 move tailslap\n>p2 move nastyplot\n>p1 move tailslap\n>p2 move psychic\n>p1 switch 5\n>p1 move hydropump\n>p2 switch 4\n>p1 move thunderwave\n>p2 move powerwhip\n>p1 switch 6\n>p2 move powerwhip\n>p1 move bravebird\n>p2 switch 4\n>p2 switch 2\n>p1 move bravebird\n>p2 move substitute\n>p1 move bravebird\n>p2 move toxic\n>p1 move bravebird\n>p2 move flamethrower\n>p1 switch 3\n>p1 move moongeistbeam\n>p2 move toxic\n>p2 switch 4\n>p1 move focusblast\n>p2 move knockoff\n>p1 move focusblast\n>p2 switch 6\n>p1 move moongeistbeam\n>p2 move throatchop\n>p1 switch 2\n>p1 move gigadrain\n>p2 move throatchop\n>p2 switch 6\n>p1 move focusblast\n>p2 move closecombat terastallize\n>p1 move substitute\n>p2 move uturn\n>p2 switch 3\n>p1 move gigadrain\n>p2 switch 3\n>p1 move substitute\n>p2 switch 3\n>p1 move gigadrain\n>p2 move earthquake\n>p1 move gigadrain\n>p2 move earthquake\n>p2 switch 3\n>p1 move gigadrain\n>p2 move closecombat\n>p1 move gigadrain\n>p2 move closecombat", "uploadtime": 1782871733, "views": 3, "formatid": "gen9randombattle", "rating": 2271, "private": 0, "password": null, "player_dets": [{"name": "LizarDune", "avatar": "musician", "rating": 2339, "seed": "sodium,d15c6a75d39ae9d796768010c7813c4c"}, {"name": "notmetbh102", "avatar": "265", "rating": 2288, "seed": "sodium,1bd2f9c14c67fd47601fed3aed7e213e"}], "teams_full": [{"Sceptile": {"name": "Sceptile", "species": "Sceptile", "speciesId": "sceptile", "gender": "F", "shiny": false, "level": 87, "moves": ["focusblast", "leechseed", "substitute", "gigadrain"], "ability": "Overgrow", "evs": {"hp": 85, "atk": 0, "def": 85, "spa": 85, "spd": 85, "spe": 85}, "ivs": {"hp": 31, "atk": 0, "def": 31, "spa": 31, "spd": 31, "spe": 31}, "item": "Leftovers", "teraType": "Steel", "role": "Fast Support", "bvs": {"hp": 70, "atk": 85, "def": 65, "spa": 105, "spd": 85, "spe": 120}, "stats": {"hp": 264, "atk": 152, "def": 163, "spa": 232, "spd": 198, "spe": 259}, "types": ["Grass"]}, "Altaria": {"name": "Altaria", "species": "Altaria", "speciesId": "altaria", "gender": "F", "shiny": false, "level": 89, "moves": ["bravebird", "defog", "willowisp", "roost"], "ability": "Natural Cure", "evs": {"hp": 85, "atk": 85, "def": 85, "spa": 85, "spd": 85, "spe": 85}, "ivs": {"hp": 31, "atk": 31, "def": 31, "spa": 31, "spd": 31, "spe": 31}, "item": "Heavy-Duty Boots", "teraType": "Steel", "role": "Bulky Support", "bvs": {"hp": 75, "atk": 70, "def": 90, "spa": 70, "spd": 105, "spe": 80}, "stats": {"hp": 278, "atk": 175, "def": 211, "spa": 175, "spd": 238, "spe": 193}, "types": ["Dragon", "Flying"]}, "Lunala": {"name": "Lunala", "species": "Lunala", "speciesId": "lunala", "gender": "N", "shiny": false, "level": 70, "moves": ["moongeistbeam", "calmmind", "focusblast", "moonlight"], "ability": "Shadow Shield", "evs": {"hp": 85, "atk": 0, "def": 85, "spa": 85, "spd": 85, "spe": 85}, "ivs": {"hp": 31, "atk": 0, "def": 31, "spa": 31, "spd": 31, "spe": 31}, "item": "Leftovers", "teraType": "Fighting", "role": "Bulky Setup", "bvs": {"hp": 137, "atk": 113, "def": 89, "spa": 137, "spd": 107, "spe": 97}, "stats": {"hp": 308, "atk": 163, "def": 166, "spa": 233, "spd": 191, "spe": 177}, "types": ["Psychic", "Ghost"]}, "Cinccino": {"name": "Cinccino", "species": "Cinccino", "speciesId": "cinccino", "gender": "F", "shiny": false, "level": 83, "moves": ["tailslap", "uturn", "bulletseed", "tripleaxel"], "ability": "Technician", "evs": {"hp": 85, "atk": 85, "def": 85, "spa": 85, "spd": 85, "spe": 85}, "ivs": {"hp": 31, "atk": 31, "def": 31, "spa": 31, "spd": 31, "spe": 31}, "item": "Loaded Dice", "teraType": "Grass", "role": "Fast Attacker", "bvs": {"hp": 75, "atk": 95, "def": 60, "spa": 65, "spd": 60, "spe": 115}, "stats": {"hp": 260, "atk": 205, "def": 147, "spa": 156, "spd": 147, "spe": 239}, "types": ["Normal"]}, "Palkia": {"name": "Palkia", "species": "Palkia-Origin", "speciesId": "palkiaorigin", "gender": "N", "shiny": false, "level": 72, "moves": ["hydropump", "fireblast", "dracometeor", "thunderwave"], "ability": "Pressure", "evs": {"hp": 85, "atk": 0, "def": 85, "spa": 85, "spd": 85, "spe": 85}, "ivs": {"hp": 31, "atk": 0, "def": 31, "spa": 31, "spd": 31, "spe": 31}, "item": "Lustrous Globe", "teraType": "Fire", "role": "Bulky Attacker", "bvs": {"hp": 90, "atk": 100, "def": 100, "spa": 150, "spd": 120, "spe": 120}, "stats": {"hp": 249, "atk": 149, "def": 186, "spa": 258, "spd": 215, "spe": 215}, "types": ["Water", "Dragon"]}, "Meowstic": {"name": "Meowstic", "species": "Meowstic", "speciesId": "meowstic", "gender": "M", "shiny": false, "level": 89, "moves": ["yawn", "alluringvoice", "psychicnoise", "thunderwave"], "ability": "Prankster", "evs": {"hp": 85, "atk": 0, "def": 85, "spa": 85, "spd": 85, "spe": 85}, "ivs": {"hp": 31, "atk": 0, "def": 31, "spa": 31, "spd": 31, "spe": 31}, "item": "Leftovers", "teraType": "Fairy", "role": "Bulky Support", "bvs": {"hp": 74, "atk": 48, "def": 76, "spa": 83, "spd": 81, "spe": 104}, "stats": {"hp": 277, "atk": 90, "def": 186, "spa": 199, "spd": 195, "spe": 236}, "types": ["Psychic"]}}, {"Groudon": {"name": "Groudon", "species": "Groudon", "speciesId": "groudon", "gender": "N", "shiny": false, "level": 72, "moves": ["heatcrash", "thunderwave", "precipiceblades", "swordsdance"], "ability": "Drought", "evs": {"hp": 85, "atk": 85, "def": 85, "spa": 85, "spd": 85, "spe": 85}, "ivs": {"hp": 31, "atk": 31, "def": 31, "spa": 31, "spd": 31, "spe": 31}, "item": "Leftovers", "teraType": "Fire", "role": "Bulky Setup", "bvs": {"hp": 100, "atk": 150, "def": 140, "spa": 100, "spd": 90, "spe": 90}, "stats": {"hp": 263, "atk": 258, "def": 244, "spa": 186, "spd": 172, "spe": 172}, "types": ["Ground"]}, "Salazzle": {"name": "Salazzle", "species": "Salazzle", "speciesId": "salazzle", "gender": "F", "shiny": false, "level": 83, "moves": ["toxic", "flamethrower", "substitute", "protect"], "ability": "Corrosion", "evs": {"hp": 85, "atk": 0, "def": 85, "spa": 85, "spd": 85, "spe": 85}, "ivs": {"hp": 31, "atk": 0, "def": 31, "spa": 31, "spd": 31, "spe": 31}, "item": "Leftovers", "teraType": "Grass", "role": "Fast Support", "bvs": {"hp": 68, "atk": 64, "def": 60, "spa": 111, "spd": 60, "spe": 117}, "stats": {"hp": 249, "atk": 111, "def": 147, "spa": 232, "spd": 147, "spe": 242}, "types": ["Poison", "Fire"]}, "Great Tusk": {"name": "Great Tusk", "species": "Great Tusk", "speciesId": "greattusk", "gender": "N", "shiny": false, "level": 77, "moves": ["closecombat", "earthquake", "bulkup", "stoneedge"], "ability": "Protosynthesis", "evs": {"hp": 85, "atk": 85, "def": 85, "spa": 85, "spd": 85, "spe": 85}, "ivs": {"hp": 31, "atk": 31, "def": 31, "spa": 31, "spd": 31, "spe": 31}, "item": "Booster Energy", "teraType": "Ground", "role": "Fast Bulky Setup", "bvs": {"hp": 115, "atk": 131, "def": 131, "spa": 53, "spd": 53, "spe": 87}, "stats": {"hp": 304, "atk": 246, "def": 246, "spa": 126, "spd": 126, "spe": 179}, "types": ["Ground", "Fighting"]}, "Zarude": {"name": "Zarude", "species": "Zarude-Dada", "speciesId": "zarude", "gender": "N", "shiny": false, "level": 77, "moves": ["powerwhip", "knockoff", "closecombat", "uturn"], "ability": "Leaf Guard", "evs": {"hp": 85, "atk": 85, "def": 85, "spa": 85, "spd": 85, "spe": 85}, "ivs": {"hp": 31, "atk": 31, "def": 31, "spa": 31, "spd": 31, "spe": 31}, "item": "Choice Band", "teraType": "Fighting", "role": "Fast Attacker", "bvs": {"hp": 105, "atk": 120, "def": 105, "spa": 70, "spd": 95, "spe": 105}, "stats": {"hp": 288, "atk": 229, "def": 206, "spa": 152, "spd": 191, "spe": 206}, "types": ["Dark", "Grass"]}, "Girafarig": {"name": "Girafarig", "species": "Girafarig", "speciesId": "girafarig", "gender": "F", "shiny": false, "level": 89, "moves": ["nastyplot", "psychic", "thunderbolt", "shadowball"], "ability": "Sap Sipper", "evs": {"hp": 85, "atk": 0, "def": 85, "spa": 85, "spd": 85, "spe": 85}, "ivs": {"hp": 31, "atk": 0, "def": 31, "spa": 31, "spd": 31, "spe": 31}, "item": "Eviolite", "teraType": "Electric", "role": "Bulky Setup", "bvs": {"hp": 70, "atk": 80, "def": 65, "spa": 90, "spd": 65, "spe": 85}, "stats": {"hp": 269, "atk": 147, "def": 166, "spa": 211, "spd": 166, "spe": 202}, "types": ["Normal", "Psychic"]}, "Wugtrio": {"name": "Wugtrio", "species": "Wugtrio", "speciesId": "wugtrio", "gender": "M", "shiny": false, "level": 91, "moves": ["stompingtantrum", "throatchop", "aquajet", "liquidation"], "ability": "Gooey", "evs": {"hp": 85, "atk": 85, "def": 85, "spa": 85, "spd": 85, "spe": 85}, "ivs": {"hp": 31, "atk": 31, "def": 31, "spa": 31, "spd": 31, "spe": 31}, "item": "Choice Band", "teraType": "Ground", "role": "Fast Attacker", "bvs": {"hp": 35, "atk": 100, "def": 50, "spa": 50, "spd": 70, "spe": 120}, "stats": {"hp": 212, "atk": 234, "def": 143, "spa": 143, "spd": 179, "spe": 270}, "types": ["Water"]}}]}