{"id": "gen9randombattle-2641795580", "format": "[Gen 9] Random Battle", "players": ["BeastinD", "moosie15"], "log": "|j|\u2606BeastinD\n|j|\u203dmoosie15\n|t:|1782842842\n|gametype|singles\n|player|p1|BeastinD|102|2129\n|player|p2|moosie15|unknown|2242\n|gen|9\n|tier|[Gen 9] Random Battle\n|rated|\n|rule|Species Clause: Limit one of each Pok\u00e9mon\n|rule|HP Percentage Mod: HP is shown in percentages\n|rule|Sleep Clause Mod: Limit one foe put to sleep\n|rule|Illusion Level Mod: Illusion disguises the Pok\u00e9mon's true level\n|\n|t:|1782842842\n|teamsize|p1|6\n|teamsize|p2|6\n|start\n|switch|p1a: Hariyama|Hariyama, L87, F|392/392\n|switch|p2a: Plusle|Plusle, L95, M|268/268\n|turn|1\n|inactive|Battle timer is ON: inactive players will automatically lose when time's up. (requested by moosie15)\n|\n|t:|1782842846\n|move|p2a: Plusle|Nasty Plot|p2a: Plusle\n|-boost|p2a: Plusle|spa|2\n|move|p1a: Hariyama|Close Combat|p2a: Plusle\n|-damage|p2a: Plusle|28/268\n|-unboost|p1a: Hariyama|def|1\n|-unboost|p1a: Hariyama|spd|1\n|\n|upkeep\n|turn|2\n|\n|t:|1782842850\n|move|p1a: Hariyama|Bullet Punch|p2a: Plusle\n|-resisted|p2a: Plusle\n|-damage|p2a: Plusle|0 fnt\n|faint|p2a: Plusle\n|\n|upkeep\n|\n|t:|1782842859\n|switch|p2a: Uxie|Uxie, L83|260/260\n|turn|3\n|\n|t:|1782842862\n|move|p2a: Uxie|Thunder Wave|p1a: Hariyama\n|-status|p1a: Hariyama|par\n|move|p1a: Hariyama|Knock Off|p2a: Uxie\n|-supereffective|p2a: Uxie\n|-damage|p2a: Uxie|130/260\n|-enditem|p2a: Uxie|Leftovers|[from] move: Knock Off|[of] p1a: Hariyama\n|\n|upkeep\n|turn|4\n|\n|t:|1782842868\n|switch|p1a: Archaludon|Archaludon, L78, F|268/268\n|move|p2a: Uxie|Psychic Noise|p1a: Archaludon\n|-resisted|p1a: Archaludon\n|-damage|p1a: Archaludon|240/268\n|-start|p1a: Archaludon|move: Heal Block\n|-ability|p1a: Archaludon|Stamina|boost\n|-boost|p1a: Archaludon|def|1\n|\n|upkeep\n|turn|5\n|\n|t:|1782842882\n|move|p2a: Uxie|Thunder Wave|p1a: Archaludon\n|-status|p1a: Archaludon|par\n|move|p1a: Archaludon|Flash Cannon|p2a: Uxie\n|-damage|p2a: Uxie|57/260\n|\n|-end|p1a: Archaludon|move: Heal Block\n|upkeep\n|turn|6\n|\n|t:|1782842887\n|switch|p2a: Gogoat|Gogoat, L88, M|360/360\n|move|p1a: Archaludon|Flash Cannon|p2a: Gogoat\n|-damage|p2a: Gogoat|275/360\n|\n|-heal|p2a: Gogoat|297/360|[from] item: Leftovers\n|upkeep\n|turn|7\n|\n|t:|1782842891\n|move|p2a: Gogoat|Bulk Up|p2a: Gogoat\n|-boost|p2a: Gogoat|atk|1\n|-boost|p2a: Gogoat|def|1\n|move|p1a: Archaludon|Body Press|p2a: Gogoat\n|-damage|p2a: Gogoat|224/360\n|\n|-heal|p2a: Gogoat|246/360|[from] item: Leftovers\n|upkeep\n|turn|8\n|\n|t:|1782842893\n|move|p2a: Gogoat|Bulk Up|p2a: Gogoat\n|-boost|p2a: Gogoat|atk|1\n|-boost|p2a: Gogoat|def|1\n|move|p1a: Archaludon|Body Press|p2a: Gogoat\n|-damage|p2a: Gogoat|183/360\n|\n|-heal|p2a: Gogoat|205/360|[from] item: Leftovers\n|upkeep\n|turn|9\n|\n|t:|1782842896\n|move|p2a: Gogoat|Bulk Up|p2a: Gogoat\n|-boost|p2a: Gogoat|atk|1\n|-boost|p2a: Gogoat|def|1\n|move|p1a: Archaludon|Draco Meteor|p2a: Gogoat\n|-damage|p2a: Gogoat|69/360\n|-unboost|p1a: Archaludon|spa|2\n|\n|-heal|p2a: Gogoat|91/360|[from] item: Leftovers\n|upkeep\n|turn|10\n|\n|t:|1782842901\n|switch|p1a: Mismagius|Mismagius, L86, F|243/243\n|move|p2a: Gogoat|Milk Drink|p2a: Gogoat\n|-heal|p2a: Gogoat|271/360\n|\n|-heal|p2a: Gogoat|293/360|[from] item: Leftovers\n|upkeep\n|turn|11\n|\n|t:|1782842904\n|move|p1a: Mismagius|Trick|p2a: Gogoat\n|-activate|p1a: Mismagius|move: Trick|[of] p2a: Gogoat\n|-item|p2a: Gogoat|Choice Specs|[from] move: Trick\n|-item|p1a: Mismagius|Leftovers|[from] move: Trick\n|move|p2a: Gogoat|Horn Leech|p1a: Mismagius\n|-damage|p1a: Mismagius|0 fnt\n|-heal|p2a: Gogoat|360/360|[from] drain|[of] p1a: Mismagius\n|faint|p1a: Mismagius\n|\n|upkeep\n|\n|t:|1782842907\n|switch|p1a: Archaludon|Archaludon, L78, F|240/268 par\n|turn|12\n|\n|t:|1782842912\n|move|p2a: Gogoat|Horn Leech|p1a: Archaludon\n|-resisted|p1a: Archaludon\n|-damage|p1a: Archaludon|194/268 par\n|-ability|p1a: Archaludon|Stamina|boost\n|-boost|p1a: Archaludon|def|1\n|move|p1a: Archaludon|Body Press|p2a: Gogoat\n|-damage|p2a: Gogoat|314/360\n|\n|upkeep\n|turn|13\n|\n|t:|1782842916\n|move|p2a: Gogoat|Horn Leech|p1a: Archaludon\n|-resisted|p1a: Archaludon\n|-damage|p1a: Archaludon|165/268 par\n|-heal|p2a: Gogoat|329/360|[from] drain|[of] p1a: Archaludon\n|-ability|p1a: Archaludon|Stamina|boost\n|-boost|p1a: Archaludon|def|1\n|move|p1a: Archaludon|Body Press|p2a: Gogoat\n|-crit|p2a: Gogoat\n|-damage|p2a: Gogoat|115/360\n|\n|upkeep\n|turn|14\n|\n|t:|1782842921\n|move|p2a: Gogoat|Horn Leech|p1a: Archaludon\n|-resisted|p1a: Archaludon\n|-damage|p1a: Archaludon|142/268 par\n|-heal|p2a: Gogoat|127/360|[from] drain|[of] p1a: Archaludon\n|-ability|p1a: Archaludon|Stamina|boost\n|-boost|p1a: Archaludon|def|1\n|cant|p1a: Archaludon|par\n|\n|upkeep\n|turn|15\n|\n|t:|1782842931\n|switch|p2a: Uxie|Uxie, L83|57/260\n|move|p1a: Archaludon|Body Press|p2a: Uxie\n|-resisted|p2a: Uxie\n|-damage|p2a: Uxie|0 fnt\n|faint|p2a: Uxie\n|\n|upkeep\n|\n|t:|1782842932\n|switch|p2a: Kyurem|Kyurem, L77|319/319\n|-ability|p2a: Kyurem|Pressure\n|turn|16\n|\n|t:|1782842938\n|move|p2a: Kyurem|Earth Power|p1a: Archaludon\n|-supereffective|p1a: Archaludon\n|-damage|p1a: Archaludon|0 fnt\n|faint|p1a: Archaludon\n|\n|upkeep\n|\n|t:|1782842946\n|switch|p1a: Gallade|Gallade, L80, M|240/240\n|turn|17\n|inactive|BeastinD has 120 seconds left.\n|\n|t:|1782842981\n|switch|p2a: Groudon|Groudon, L72|263/263\n|-weather|SunnyDay|[from] ability: Drought|[of] p2a: Groudon\n|move|p1a: Gallade|Agility|p1a: Gallade\n|-boost|p1a: Gallade|spe|2\n|\n|-weather|SunnyDay|[upkeep]\n|upkeep\n|turn|18\n|\n|t:|1782842985\n|move|p1a: Gallade|Psycho Cut|p2a: Groudon\n|-damage|p2a: Groudon|137/263\n|-damage|p1a: Gallade|216/240|[from] item: Life Orb\n|move|p2a: Groudon|Heat Crash|p1a: Gallade\n|-damage|p1a: Gallade|33/240\n|\n|-weather|SunnyDay|[upkeep]\n|-heal|p2a: Groudon|153/263|[from] item: Leftovers\n|upkeep\n|turn|19\n|\n|t:|1782842990\n|move|p1a: Gallade|Sacred Sword|p2a: Groudon\n|-damage|p2a: Groudon|0 fnt\n|faint|p2a: Groudon\n|-damage|p1a: Gallade|9/240|[from] item: Life Orb\n|\n|-weather|SunnyDay|[upkeep]\n|upkeep\n|\n|t:|1782842995\n|switch|p2a: Gogoat|Gogoat, L88, M|127/360\n|turn|20\n|\n|t:|1782843000\n|move|p1a: Gallade|Psycho Cut|p2a: Gogoat\n|-damage|p2a: Gogoat|0 fnt\n|faint|p2a: Gogoat\n|-damage|p1a: Gallade|0 fnt|[from] item: Life Orb\n|faint|p1a: Gallade\n|\n|-weather|SunnyDay|[upkeep]\n|upkeep\n|inactive|moosie15 has 120 seconds left.\n|\n|t:|1782843040\n|switch|p1a: Hariyama|Hariyama, L87, F|392/392 par\n|switch|p2a: Tsareena|Tsareena, L87, F|267/267\n|turn|21\n|\n|t:|1782843047\n|move|p2a: Tsareena|Power Whip|p1a: Hariyama\n|-damage|p1a: Hariyama|64/392 par\n|move|p1a: Hariyama|Knock Off|p2a: Tsareena\n|-crit|p2a: Tsareena\n|-damage|p2a: Tsareena|149/267\n|-enditem|p2a: Tsareena|Choice Band|[from] move: Knock Off|[of] p1a: Hariyama\n|\n|-weather|none\n|upkeep\n|turn|22\n|\n|t:|1782843053\n|move|p1a: Hariyama|Bullet Punch||[still]\n|cant|p2a: Tsareena|ability: Queenly Majesty|Bullet Punch|[of] p1a: Hariyama\n|move|p2a: Tsareena|Power Whip|p1a: Hariyama\n|-damage|p1a: Hariyama|0 fnt\n|faint|p1a: Hariyama\n|\n|upkeep\n|\n|t:|1782843063\n|switch|p1a: Rhyperior|Rhyperior, L82, F|323/323\n|turn|23\n|inactive|moosie15 has 120 seconds left.\n|\n|t:|1782843092\n|-terastallize|p1a: Rhyperior|Rock\n|move|p2a: Tsareena|Power Whip|p1a: Rhyperior\n|-supereffective|p1a: Rhyperior\n|-damage|p1a: Rhyperior|133/323\n|-enditem|p1a: Rhyperior|Weakness Policy\n|-boost|p1a: Rhyperior|atk|2|[from] item: Weakness Policy\n|-boost|p1a: Rhyperior|spa|2|[from] item: Weakness Policy\n|move|p1a: Rhyperior|Rock Polish|p1a: Rhyperior\n|-boost|p1a: Rhyperior|spe|2\n|\n|upkeep\n|turn|24\n|\n|t:|1782843099\n|-terastallize|p2a: Tsareena|Fighting\n|move|p1a: Rhyperior|Ice Punch|p2a: Tsareena\n|-damage|p2a: Tsareena|31/267\n|move|p2a: Tsareena|Power Whip|p1a: Rhyperior\n|-supereffective|p1a: Rhyperior\n|-damage|p1a: Rhyperior|0 fnt\n|faint|p1a: Rhyperior\n|\n|upkeep\n|\n|t:|1782843105\n|switch|p1a: Lycanroc|Lycanroc, L86, F|269/269\n|turn|25\n|\n|t:|1782843111\n|move|p1a: Lycanroc|Close Combat|p2a: Tsareena\n|-damage|p2a: Tsareena|0 fnt\n|-unboost|p1a: Lycanroc|def|1\n|-unboost|p1a: Lycanroc|spd|1\n|faint|p2a: Tsareena\n|-damage|p1a: Lycanroc|243/269|[from] item: Life Orb\n|\n|upkeep\n|\n|t:|1782843113\n|switch|p2a: Kyurem|Kyurem, L77|319/319\n|-ability|p2a: Kyurem|Pressure\n|turn|26\n|\n|t:|1782843115\n|move|p1a: Lycanroc|Stone Edge|p2a: Kyurem|[miss]\n|-miss|p1a: Lycanroc|p2a: Kyurem\n|move|p2a: Kyurem|Earth Power|p1a: Lycanroc\n|-supereffective|p1a: Lycanroc\n|-damage|p1a: Lycanroc|0 fnt\n|faint|p1a: Lycanroc\n|\n|win|moosie15\n|raw|BeastinD's rating: 2129 &rarr; <strong>2114</strong><br />(-15 for losing)\n|raw|moosie15's rating: 2225 &rarr; <strong>2240</strong><br />(+15 for winning)\n", "inputlog": ">version f8ac14003a5f27e1bdc8d8c59608a773c1cb96e5\n>start {\"formatid\":\"gen9randombattle\",\"seed\":\"sodium,6a1f3e89cb6eb0c866fe74aabc0c3f7a\",\"rated\":\"Rated battle\"}\n>player p1 {\"name\":\"BeastinD\",\"avatar\":\"102\",\"rating\":2129,\"seed\":\"sodium,e6be57f4747c71ee24526b27897c6af4\"}\n>player p2 {\"name\":\"moosie15\",\"avatar\":\"unknown\",\"rating\":2242,\"seed\":\"sodium,0834e4f1ebb0887afdf525b3cf81b263\"}\n>p1 move closecombat\n>p2 move nastyplot\n>p1 move bulletpunch\n>p2 move alluringvoice\n>p2 switch 6\n>p1 move knockoff\n>p2 move thunderwave\n>p1 switch 2\n>p2 move psychicnoise\n>p1 move flashcannon\n>p2 move thunderwave\n>p1 move flashcannon\n>p2 switch 3\n>p1 move bodypress\n>p2 move bulkup\n>p1 move bodypress\n>p2 move bulkup\n>p1 move dracometeor\n>p2 move bulkup\n>p1 switch 6\n>p2 move milkdrink\n>p1 move trick\n>p2 move hornleech\n>p1 switch 6\n>p1 move bodypress\n>p2 move hornleech\n>p1 move bodypress\n>p2 move hornleech\n>p1 move bodypress\n>p2 move hornleech\n>p1 move bodypress\n>p2 switch 3\n>p2 switch 4\n>p1 move bodypress\n>p2 move earthpower\n>p1 switch 5\n>p1 move agility\n>p2 switch 5\n>p1 move psychocut\n>p2 move heatcrash\n>p1 move sacredsword\n>p2 move heatcrash\n>p2 switch 3\n>p1 move psychocut\n>p2 move milkdrink\n>p1 switch 2\n>p2 switch 2\n>p1 move knockoff\n>p2 move powerwhip\n>p1 move bulletpunch\n>p2 move powerwhip\n>p1 switch 3\n>p1 move rockpolish terastallize\n>p2 move powerwhip\n>p1 move icepunch\n>p2 move powerwhip terastallize\n>p1 switch 4\n>p1 move closecombat\n>p2 move powerwhip\n>p2 switch 5\n>p1 move stoneedge\n>p2 move earthpower", "uploadtime": 1782843115, "views": 7, "formatid": "gen9randombattle", "rating": 2114, "private": 0, "password": null, "player_dets": [{"name": "BeastinD", "avatar": "102", "rating": 2129, "seed": "sodium,e6be57f4747c71ee24526b27897c6af4"}, {"name": "moosie15", "avatar": "unknown", "rating": 2242, "seed": "sodium,0834e4f1ebb0887afdf525b3cf81b263"}], "teams_full": [{"Hariyama": {"name": "Hariyama", "species": "Hariyama", "speciesId": "hariyama", "gender": "F", "shiny": false, "level": 87, "moves": ["closecombat", "knockoff", "bulletpunch", "heavyslam"], "ability": "Thick Fat", "evs": {"hp": 85, "atk": 85, "def": 85, "spa": 85, "spd": 85, "spe": 85}, "ivs": {"hp": 31, "atk": 31, "def": 31, "spa": 31, "spd": 31, "spe": 31}, "item": "Assault Vest", "teraType": "Steel", "role": "AV Pivot", "bvs": {"hp": 144, "atk": 120, "def": 60, "spa": 40, "spd": 60, "spe": 50}, "stats": {"hp": 392, "atk": 259, "def": 154, "spa": 119, "spd": 154, "spe": 137}, "types": ["Fighting"]}, "Archaludon": {"name": "Archaludon", "species": "Archaludon", "speciesId": "archaludon", "gender": "F", "shiny": false, "level": 78, "moves": ["thunderbolt", "flashcannon", "dracometeor", "bodypress"], "ability": "Stamina", "evs": {"hp": 85, "atk": 0, "def": 85, "spa": 85, "spd": 85, "spe": 85}, "ivs": {"hp": 31, "atk": 0, "def": 31, "spa": 31, "spd": 31, "spe": 31}, "item": "Assault Vest", "teraType": "Fighting", "role": "Bulky Attacker", "bvs": {"hp": 90, "atk": 105, "def": 130, "spa": 125, "spd": 65, "spe": 85}, "stats": {"hp": 268, "atk": 168, "def": 248, "spa": 240, "spd": 146, "spe": 178}, "types": ["Steel", "Dragon"]}, "Rhyperior": {"name": "Rhyperior", "species": "Rhyperior", "speciesId": "rhyperior", "gender": "F", "shiny": false, "level": 82, "moves": ["rockpolish", "earthquake", "icepunch", "stoneedge"], "ability": "Solid Rock", "evs": {"hp": 85, "atk": 85, "def": 85, "spa": 85, "spd": 85, "spe": 85}, "ivs": {"hp": 31, "atk": 31, "def": 31, "spa": 31, "spd": 31, "spe": 31}, "item": "Weakness Policy", "teraType": "Rock", "role": "Bulky Setup", "bvs": {"hp": 115, "atk": 140, "def": 130, "spa": 55, "spd": 55, "spe": 40}, "stats": {"hp": 323, "atk": 277, "def": 260, "spa": 137, "spd": 137, "spe": 113}, "types": ["Ground", "Rock"]}, "Lycanroc": {"name": "Lycanroc", "species": "Lycanroc", "speciesId": "lycanroc", "gender": "F", "shiny": false, "level": 86, "moves": ["closecombat", "stealthrock", "stoneedge", "taunt"], "ability": "Sand Rush", "evs": {"hp": 85, "atk": 85, "def": 85, "spa": 85, "spd": 85, "spe": 85}, "ivs": {"hp": 31, "atk": 31, "def": 31, "spa": 31, "spd": 31, "spe": 31}, "item": "Life Orb", "teraType": "Fighting", "role": "Fast Attacker", "bvs": {"hp": 75, "atk": 115, "def": 65, "spa": 55, "spd": 65, "spe": 112}, "stats": {"hp": 269, "atk": 247, "def": 161, "spa": 144, "spd": 161, "spe": 242}, "types": ["Rock"]}, "Gallade": {"name": "Gallade", "species": "Gallade", "speciesId": "gallade", "gender": "M", "shiny": false, "level": 80, "moves": ["nightslash", "psychocut", "sacredsword", "agility"], "ability": "Sharpness", "evs": {"hp": 85, "atk": 85, "def": 85, "spa": 85, "spd": 85, "spe": 85}, "ivs": {"hp": 31, "atk": 31, "def": 31, "spa": 31, "spd": 31, "spe": 31}, "item": "Life Orb", "teraType": "Dark", "role": "Setup Sweeper", "bvs": {"hp": 68, "atk": 125, "def": 65, "spa": 65, "spd": 115, "spe": 80}, "stats": {"hp": 240, "atk": 246, "def": 150, "spa": 150, "spd": 230, "spe": 174}, "types": ["Psychic", "Fighting"]}, "Mismagius": {"name": "Mismagius", "species": "Mismagius", "speciesId": "mismagius", "gender": "F", "shiny": false, "level": 86, "moves": ["shadowball", "mysticalfire", "thunderbolt", "trick"], "ability": "Levitate", "evs": {"hp": 85, "atk": 0, "def": 85, "spa": 85, "spd": 85, "spe": 85}, "ivs": {"hp": 31, "atk": 0, "def": 31, "spa": 31, "spd": 31, "spe": 31}, "item": "Choice Specs", "teraType": "Electric", "role": "Wallbreaker", "bvs": {"hp": 60, "atk": 60, "def": 60, "spa": 105, "spd": 105, "spe": 105}, "stats": {"hp": 243, "atk": 108, "def": 152, "spa": 230, "spd": 230, "spe": 230}, "types": ["Ghost"]}}, {"Plusle": {"name": "Plusle", "species": "Plusle", "speciesId": "plusle", "gender": "M", "shiny": false, "level": 95, "moves": ["thunderbolt", "alluringvoice", "grassknot", "nastyplot"], "ability": "Lightning Rod", "evs": {"hp": 85, "atk": 0, "def": 85, "spa": 85, "spd": 85, "spe": 85}, "ivs": {"hp": 31, "atk": 0, "def": 31, "spa": 31, "spd": 31, "spe": 31}, "item": "Life Orb", "teraType": "Fairy", "role": "Setup Sweeper", "bvs": {"hp": 60, "atk": 50, "def": 40, "spa": 85, "spd": 75, "spe": 95}, "stats": {"hp": 268, "atk": 100, "def": 130, "spa": 215, "spd": 196, "spe": 234}, "types": ["Electric"]}, "Tsareena": {"name": "Tsareena", "species": "Tsareena", "speciesId": "tsareena", "gender": "F", "shiny": false, "level": 87, "moves": ["knockoff", "powerwhip", "uturn", "highjumpkick"], "ability": "Queenly Majesty", "evs": {"hp": 85, "atk": 85, "def": 85, "spa": 85, "spd": 85, "spe": 85}, "ivs": {"hp": 31, "atk": 31, "def": 31, "spa": 31, "spd": 31, "spe": 31}, "item": "Choice Band", "teraType": "Fighting", "role": "Fast Support", "bvs": {"hp": 72, "atk": 120, "def": 98, "spa": 50, "spd": 98, "spe": 72}, "stats": {"hp": 267, "atk": 259, "def": 220, "spa": 137, "spd": 220, "spe": 175}, "types": ["Grass"]}, "Gogoat": {"name": "Gogoat", "species": "Gogoat", "speciesId": "gogoat", "gender": "M", "shiny": false, "level": 88, "moves": ["bulkup", "milkdrink", "hornleech", "rockslide"], "ability": "Sap Sipper", "evs": {"hp": 85, "atk": 85, "def": 85, "spa": 85, "spd": 85, "spe": 85}, "ivs": {"hp": 31, "atk": 31, "def": 31, "spa": 31, "spd": 31, "spe": 31}, "item": "Leftovers", "teraType": "Water", "role": "Bulky Setup", "bvs": {"hp": 123, "atk": 100, "def": 62, "spa": 97, "spd": 81, "spe": 68}, "stats": {"hp": 360, "atk": 226, "def": 159, "spa": 221, "spd": 193, "spe": 170}, "types": ["Grass"]}, "Kyurem": {"name": "Kyurem", "species": "Kyurem", "speciesId": "kyurem", "gender": "N", "shiny": false, "level": 77, "moves": ["earthpower", "dracometeor", "icebeam", "freezedry"], "ability": "Pressure", "evs": {"hp": 85, "atk": 0, "def": 85, "spa": 85, "spd": 85, "spe": 85}, "ivs": {"hp": 31, "atk": 0, "def": 31, "spa": 31, "spd": 31, "spe": 31}, "item": "Choice Specs", "teraType": "Ground", "role": "Wallbreaker", "bvs": {"hp": 125, "atk": 130, "def": 90, "spa": 130, "spd": 90, "spe": 95}, "stats": {"hp": 319, "atk": 205, "def": 183, "spa": 245, "spd": 183, "spe": 191}, "types": ["Dragon", "Ice"]}, "Groudon": {"name": "Groudon", "species": "Groudon", "speciesId": "groudon", "gender": "N", "shiny": false, "level": 72, "moves": ["stoneedge", "heatcrash", "precipiceblades", "spikes"], "ability": "Drought", "evs": {"hp": 85, "atk": 85, "def": 85, "spa": 85, "spd": 85, "spe": 85}, "ivs": {"hp": 31, "atk": 31, "def": 31, "spa": 31, "spd": 31, "spe": 31}, "item": "Leftovers", "teraType": "Fire", "role": "Bulky Attacker", "bvs": {"hp": 100, "atk": 150, "def": 140, "spa": 100, "spd": 90, "spe": 90}, "stats": {"hp": 263, "atk": 258, "def": 244, "spa": 186, "spd": 172, "spe": 172}, "types": ["Ground"]}, "Uxie": {"name": "Uxie", "species": "Uxie", "speciesId": "uxie", "gender": "N", "shiny": false, "level": 83, "moves": ["thunderwave", "knockoff", "psychicnoise", "encore"], "ability": "Levitate", "evs": {"hp": 85, "atk": 85, "def": 85, "spa": 85, "spd": 85, "spe": 85}, "ivs": {"hp": 31, "atk": 31, "def": 31, "spa": 31, "spd": 31, "spe": 31}, "item": "Leftovers", "teraType": "Steel", "role": "Bulky Support", "bvs": {"hp": 75, "atk": 75, "def": 130, "spa": 75, "spd": 130, "spe": 95}, "stats": {"hp": 260, "atk": 172, "def": 263, "spa": 172, "spd": 263, "spe": 205}, "types": ["Psychic"]}}]}