{"id": "gen9randombattle-2641948931", "format": "[Gen 9] Random Battle", "players": ["Alex_29_Z", "TheFineMantine"], "log": "|j|\u2606Alex_29_Z\n|j|\u2606TheFineMantine\n|t:|1782863380\n|gametype|singles\n|player|p1|Alex_29_Z|skier|1910\n|player|p2|TheFineMantine|sordward|1895\n|gen|9\n|tier|[Gen 9] Random Battle\n|rated|\n|rule|Species Clause: Limit one of each Pok\u00e9mon\n|rule|HP Percentage Mod: HP is shown in percentages\n|rule|Sleep Clause Mod: Limit one foe put to sleep\n|rule|Illusion Level Mod: Illusion disguises the Pok\u00e9mon's true level\n|\n|t:|1782863380\n|teamsize|p1|6\n|teamsize|p2|6\n|start\n|switch|p1a: Piloswine|Piloswine, L85, F|309/309\n|switch|p2a: Brute Bonnet|Brute Bonnet, L80|309/309\n|turn|1\n|inactive|Battle timer is ON: inactive players will automatically lose when time's up. (requested by Alex_29_Z)\n|\n|t:|1782863401\n|move|p1a: Piloswine|Icicle Crash|p2a: Brute Bonnet\n|-supereffective|p2a: Brute Bonnet\n|-damage|p2a: Brute Bonnet|117/309\n|cant|p2a: Brute Bonnet|flinch\n|\n|-heal|p2a: Brute Bonnet|136/309|[from] item: Leftovers\n|upkeep\n|turn|2\n|inactive|TheFineMantine has 120 seconds left.\n|\n|t:|1782863455\n|move|p1a: Piloswine|Icicle Crash|p2a: Brute Bonnet\n|-supereffective|p2a: Brute Bonnet\n|-damage|p2a: Brute Bonnet|0 fnt\n|faint|p2a: Brute Bonnet\n|-end|p2a: Brute Bonnet|Protosynthesis|[silent]\n|\n|upkeep\n|\n|t:|1782863459\n|switch|p2a: Tentacruel|Tentacruel, L84, F|272/272\n|turn|3\n|\n|t:|1782863464\n|switch|p2a: Cresselia|Cresselia, L80, F|323/323\n|move|p1a: Piloswine|Earthquake|p2a: Cresselia\n|-immune|p2a: Cresselia|[from] ability: Levitate\n|\n|upkeep\n|turn|4\n|inactive|TheFineMantine has 120 seconds left.\n|\n|t:|1782863479\n|switch|p2a: Dewgong|Dewgong, L94, F|322/322\n|switch|p1a: Goodra|Goodra, L85, F|292/292\n|\n|upkeep\n|turn|5\n|\n|t:|1782863491\n|switch|p1a: Arbok|Arbok, L87, F|246/246\n|-ability|p1a: Arbok|Intimidate|boost\n|-unboost|p2a: Dewgong|atk|1\n|move|p2a: Dewgong|Ice Beam|p1a: Arbok\n|-crit|p1a: Arbok\n|-damage|p1a: Arbok|98/246\n|-status|p1a: Arbok|frz\n|\n|upkeep\n|turn|6\n|\n|t:|1782863502\n|cant|p1a: Arbok|frz\n|move|p2a: Dewgong|Ice Beam|p1a: Arbok\n|-damage|p1a: Arbok|7/246 frz\n|\n|upkeep\n|turn|7\n|\n|t:|1782863506\n|cant|p1a: Arbok|frz\n|move|p2a: Dewgong|Flip Turn|p1a: Arbok\n|-damage|p1a: Arbok|0 fnt\n|faint|p1a: Arbok\n|\n|t:|1782863509\n|switch|p2a: Duraludon|Duraludon, L82, F|249/249|[from] Flip Turn\n|\n|upkeep\n|\n|t:|1782863533\n|switch|p1a: Wo-Chien|Wo-Chien, L83|277/277\n|-ability|p1a: Wo-Chien|Tablets of Ruin\n|turn|8\n|\n|t:|1782863544\n|move|p1a: Wo-Chien|Knock Off|p2a: Duraludon\n|-damage|p2a: Duraludon|201/249\n|-enditem|p2a: Duraludon|Eviolite|[from] move: Knock Off|[of] p1a: Wo-Chien\n|move|p2a: Duraludon|Dragon Tail|p1a: Wo-Chien|[miss]\n|-miss|p2a: Duraludon|p1a: Wo-Chien\n|\n|upkeep\n|turn|9\n|\n|t:|1782863549\n|move|p1a: Wo-Chien|Leech Seed|p2a: Duraludon\n|-start|p2a: Duraludon|move: Leech Seed\n|move|p2a: Duraludon|Dragon Tail|p1a: Wo-Chien\n|-damage|p1a: Wo-Chien|235/277\n|drag|p1a: Iron Bundle|Iron Bundle, L78|215/215\n|\n|-damage|p2a: Duraludon|170/249|[from] Leech Seed|[of] p1a: Iron Bundle\n|upkeep\n|turn|10\n|\n|t:|1782863556\n|move|p1a: Iron Bundle|Flip Turn|p2a: Duraludon\n|-resisted|p2a: Duraludon\n|-damage|p2a: Duraludon|149/249\n|\n|t:|1782863558\n|-end|p1a: Iron Bundle|Quark Drive|[silent]\n|switch|p1a: Wo-Chien|Wo-Chien, L83|235/277|[from] Flip Turn\n|-ability|p1a: Wo-Chien|Tablets of Ruin\n|move|p2a: Duraludon|Draco Meteor|p1a: Wo-Chien\n|-damage|p1a: Wo-Chien|117/277\n|-unboost|p2a: Duraludon|spa|2\n|\n|-heal|p1a: Wo-Chien|134/277|[from] item: Leftovers\n|-damage|p2a: Duraludon|118/249|[from] Leech Seed|[of] p1a: Wo-Chien\n|-heal|p1a: Wo-Chien|165/277|[silent]\n|upkeep\n|turn|11\n|\n|t:|1782863566\n|switch|p2a: Dewgong|Dewgong, L94, F|322/322\n|move|p1a: Wo-Chien|Knock Off|p2a: Dewgong\n|-damage|p2a: Dewgong|237/322\n|-enditem|p2a: Dewgong|Heavy-Duty Boots|[from] move: Knock Off|[of] p1a: Wo-Chien\n|\n|-heal|p1a: Wo-Chien|182/277|[from] item: Leftovers\n|upkeep\n|turn|12\n|\n|t:|1782863575\n|switch|p1a: Iron Bundle|Iron Bundle, L78|215/215\n|move|p2a: Dewgong|Flip Turn|p1a: Iron Bundle\n|-resisted|p1a: Iron Bundle\n|-damage|p1a: Iron Bundle|187/215\n|\n|t:|1782863577\n|switch|p2a: Luxray|Luxray, L88, F|284/284|[from] Flip Turn\n|-ability|p2a: Luxray|Intimidate|boost\n|-unboost|p1a: Iron Bundle|atk|1\n|\n|upkeep\n|turn|13\n|\n|t:|1782863584\n|switch|p2a: Dewgong|Dewgong, L94, F|237/322\n|move|p1a: Iron Bundle|Flip Turn|p2a: Dewgong\n|-resisted|p2a: Dewgong\n|-damage|p2a: Dewgong|223/322\n|\n|t:|1782863598\n|-end|p1a: Iron Bundle|Quark Drive|[silent]\n|switch|p1a: Goodra|Goodra, L85, F|292/292|[from] Flip Turn\n|\n|upkeep\n|turn|14\n|\n|t:|1782863604\n|move|p2a: Dewgong|Ice Beam|p1a: Goodra\n|-supereffective|p1a: Goodra\n|-damage|p1a: Goodra|212/292\n|-status|p1a: Goodra|frz\n|cant|p1a: Goodra|frz\n|\n|upkeep\n|turn|15\n|\n|t:|1782863611\n|-curestatus|p1a: Goodra|frz|[from] move: Scald\n|move|p1a: Goodra|Scald|p2a: Dewgong\n|-resisted|p2a: Dewgong\n|-damage|p2a: Dewgong|198/322\n|move|p2a: Dewgong|Ice Beam|p1a: Goodra\n|-supereffective|p1a: Goodra\n|-damage|p1a: Goodra|138/292\n|\n|upkeep\n|turn|16\n|\n|t:|1782863616\n|move|p2a: Dewgong|Ice Beam|p1a: Goodra\n|-supereffective|p1a: Goodra\n|-damage|p1a: Goodra|60/292\n|move|p1a: Goodra|Power Whip|p2a: Dewgong\n|-supereffective|p2a: Dewgong\n|-damage|p2a: Dewgong|36/322\n|\n|upkeep\n|turn|17\n|\n|t:|1782863622\n|move|p1a: Goodra|Knock Off|p2a: Dewgong\n|-damage|p2a: Dewgong|0 fnt\n|faint|p2a: Dewgong\n|\n|upkeep\n|\n|t:|1782863627\n|switch|p2a: Duraludon|Duraludon, L82, F|118/249\n|turn|18\n|\n|t:|1782863633\n|switch|p1a: Wo-Chien|Wo-Chien, L83|182/277\n|-ability|p1a: Wo-Chien|Tablets of Ruin\n|move|p2a: Duraludon|Body Press|p1a: Wo-Chien\n|-supereffective|p1a: Wo-Chien\n|-damage|p1a: Wo-Chien|100/277\n|\n|-heal|p1a: Wo-Chien|117/277|[from] item: Leftovers\n|upkeep\n|turn|19\n|\n|t:|1782863646\n|move|p1a: Wo-Chien|Protect|p1a: Wo-Chien\n|-singleturn|p1a: Wo-Chien|Protect\n|move|p2a: Duraludon|Draco Meteor|p1a: Wo-Chien\n|-activate|p1a: Wo-Chien|move: Protect\n|\n|-heal|p1a: Wo-Chien|134/277|[from] item: Leftovers\n|upkeep\n|turn|20\n|\n|t:|1782863653\n|switch|p1a: Goodra|Goodra, L85, F|60/292\n|move|p2a: Duraludon|Body Press|p1a: Goodra\n|-damage|p1a: Goodra|0 fnt\n|faint|p1a: Goodra\n|\n|upkeep\n|\n|t:|1782863656\n|switch|p1a: Iron Bundle|Iron Bundle, L78|187/215\n|turn|21\n|\n|t:|1782863663\n|move|p1a: Iron Bundle|Freeze-Dry|p2a: Duraludon\n|-damage|p2a: Duraludon|0 fnt\n|faint|p2a: Duraludon\n|\n|upkeep\n|\n|t:|1782863667\n|switch|p2a: Luxray|Luxray, L88, F|284/284\n|-ability|p2a: Luxray|Intimidate|boost\n|-unboost|p1a: Iron Bundle|atk|1\n|turn|22\n|\n|t:|1782863676\n|-end|p1a: Iron Bundle|Quark Drive|[silent]\n|switch|p1a: Piloswine|Piloswine, L85, F|309/309\n|move|p2a: Luxray|Play Rough|p1a: Piloswine\n|-damage|p1a: Piloswine|249/309\n|\n|upkeep\n|turn|23\n|\n|t:|1782863683\n|switch|p2a: Cresselia|Cresselia, L80, F|323/323\n|move|p1a: Piloswine|Icicle Crash|p2a: Cresselia\n|-damage|p2a: Cresselia|238/323\n|\n|-heal|p2a: Cresselia|258/323|[from] item: Leftovers\n|upkeep\n|turn|24\n|\n|t:|1782863688\n|switch|p1a: Wo-Chien|Wo-Chien, L83|134/277\n|-ability|p1a: Wo-Chien|Tablets of Ruin\n|move|p2a: Cresselia|Calm Mind|p2a: Cresselia\n|-boost|p2a: Cresselia|spa|1\n|-boost|p2a: Cresselia|spd|1\n|\n|-heal|p2a: Cresselia|278/323|[from] item: Leftovers\n|-heal|p1a: Wo-Chien|151/277|[from] item: Leftovers\n|upkeep\n|turn|25\n|\n|t:|1782863695\n|move|p2a: Cresselia|Moonblast|p1a: Wo-Chien\n|-supereffective|p1a: Wo-Chien\n|-damage|p1a: Wo-Chien|49/277\n|move|p1a: Wo-Chien|Knock Off|p2a: Cresselia\n|-supereffective|p2a: Cresselia\n|-damage|p2a: Cresselia|104/323\n|-enditem|p2a: Cresselia|Leftovers|[from] move: Knock Off|[of] p1a: Wo-Chien\n|\n|-heal|p1a: Wo-Chien|66/277|[from] item: Leftovers\n|upkeep\n|turn|26\n|\n|t:|1782863700\n|move|p2a: Cresselia|Moonlight|p2a: Cresselia\n|-heal|p2a: Cresselia|265/323\n|move|p1a: Wo-Chien|Leech Seed|p2a: Cresselia\n|-start|p2a: Cresselia|move: Leech Seed\n|\n|-heal|p1a: Wo-Chien|83/277|[from] item: Leftovers\n|-damage|p2a: Cresselia|225/323|[from] Leech Seed|[of] p1a: Wo-Chien\n|-heal|p1a: Wo-Chien|123/277|[silent]\n|upkeep\n|turn|27\n|\n|t:|1782863706\n|move|p1a: Wo-Chien|Protect|p1a: Wo-Chien\n|-singleturn|p1a: Wo-Chien|Protect\n|move|p2a: Cresselia|Moonblast|p1a: Wo-Chien\n|-activate|p1a: Wo-Chien|move: Protect\n|\n|-heal|p1a: Wo-Chien|140/277|[from] item: Leftovers\n|-damage|p2a: Cresselia|185/323|[from] Leech Seed|[of] p1a: Wo-Chien\n|-heal|p1a: Wo-Chien|180/277|[silent]\n|upkeep\n|turn|28\n|\n|t:|1782863711\n|move|p2a: Cresselia|Moonlight|p2a: Cresselia\n|-heal|p2a: Cresselia|323/323\n|move|p1a: Wo-Chien|Ruination|p2a: Cresselia\n|-damage|p2a: Cresselia|162/323\n|\n|-heal|p1a: Wo-Chien|197/277|[from] item: Leftovers\n|-damage|p2a: Cresselia|122/323|[from] Leech Seed|[of] p1a: Wo-Chien\n|-heal|p1a: Wo-Chien|237/277|[silent]\n|upkeep\n|turn|29\n|\n|t:|1782863716\n|move|p2a: Cresselia|Moonlight|p2a: Cresselia\n|-heal|p2a: Cresselia|283/323\n|move|p1a: Wo-Chien|Knock Off|p2a: Cresselia\n|-supereffective|p2a: Cresselia\n|-damage|p2a: Cresselia|163/323\n|\n|-heal|p1a: Wo-Chien|254/277|[from] item: Leftovers\n|-damage|p2a: Cresselia|123/323|[from] Leech Seed|[of] p1a: Wo-Chien\n|-heal|p1a: Wo-Chien|277/277|[silent]\n|upkeep\n|turn|30\n|\n|t:|1782863721\n|switch|p2a: Luxray|Luxray, L88, F|284/284\n|-ability|p2a: Luxray|Intimidate|boost\n|-unboost|p1a: Wo-Chien|atk|1\n|move|p1a: Wo-Chien|Knock Off|p2a: Luxray\n|-damage|p2a: Luxray|214/284\n|-enditem|p2a: Luxray|Assault Vest|[from] move: Knock Off|[of] p1a: Wo-Chien\n|\n|upkeep\n|turn|31\n|\n|t:|1782863726\n|switch|p1a: Piloswine|Piloswine, L85, F|249/309\n|move|p2a: Luxray|Volt Switch|p1a: Piloswine\n|-immune|p1a: Piloswine\n|\n|upkeep\n|turn|32\n|\n|t:|1782863737\n|switch|p2a: Cresselia|Cresselia, L80, F|123/323\n|switch|p1a: Iron Bundle|Iron Bundle, L78|187/215\n|\n|upkeep\n|turn|33\n|\n|t:|1782863742\n|-terastallize|p1a: Iron Bundle|Ice\n|move|p1a: Iron Bundle|Ice Beam|p2a: Cresselia\n|-damage|p2a: Cresselia|0 fnt\n|faint|p2a: Cresselia\n|\n|upkeep\n|\n|t:|1782863746\n|switch|p2a: Tentacruel|Tentacruel, L84, F|272/272\n|turn|34\n|\n|t:|1782863757\n|-end|p1a: Iron Bundle|Quark Drive|[silent]\n|switch|p1a: Latias|Latias, L79, F|256/256\n|move|p2a: Tentacruel|Sludge Bomb|p1a: Latias\n|-damage|p1a: Latias|192/256\n|\n|upkeep\n|turn|35\n|\n|t:|1782863764\n|switch|p2a: Luxray|Luxray, L88, F|214/284\n|-ability|p2a: Luxray|Intimidate|boost\n|-unboost|p1a: Latias|atk|1\n|move|p1a: Latias|Calm Mind|p1a: Latias\n|-boost|p1a: Latias|spa|1\n|-boost|p1a: Latias|spd|1\n|\n|upkeep\n|turn|36\n|\n|t:|1782863769\n|move|p1a: Latias|Psyshock|p2a: Luxray\n|-damage|p2a: Luxray|70/284\n|move|p2a: Luxray|Play Rough|p1a: Latias\n|-supereffective|p1a: Latias\n|-damage|p1a: Latias|10/256\n|\n|upkeep\n|turn|37\n|\n|t:|1782863774\n|move|p1a: Latias|Psyshock|p2a: Luxray\n|-damage|p2a: Luxray|0 fnt\n|faint|p2a: Luxray\n|\n|upkeep\n|\n|t:|1782863775\n|switch|p2a: Tentacruel|Tentacruel, L84, F|272/272\n|turn|38\n|\n|t:|1782863783\n|-terastallize|p2a: Tentacruel|Flying\n|move|p1a: Latias|Recover|p1a: Latias\n|-heal|p1a: Latias|138/256\n|move|p2a: Tentacruel|Rapid Spin|p1a: Latias\n|-damage|p1a: Latias|111/256\n|-boost|p2a: Tentacruel|spe|1\n|\n|upkeep\n|turn|39\n|\n|t:|1782863790\n|move|p2a: Tentacruel|Sludge Bomb|p1a: Latias\n|-crit|p1a: Latias\n|-damage|p1a: Latias|23/256\n|-status|p1a: Latias|psn\n|move|p1a: Latias|Recover|p1a: Latias\n|-heal|p1a: Latias|151/256 psn\n|\n|-damage|p1a: Latias|119/256 psn|[from] psn\n|upkeep\n|turn|40\n|\n|t:|1782863799\n|move|p2a: Tentacruel|Haze|p2a: Tentacruel\n|-clearallboost\n|move|p1a: Latias|Recover|p1a: Latias\n|-heal|p1a: Latias|247/256 psn\n|\n|-damage|p1a: Latias|215/256 psn|[from] psn\n|upkeep\n|turn|41\n|\n|t:|1782863803\n|move|p1a: Latias|Psyshock|p2a: Tentacruel\n|-damage|p2a: Tentacruel|140/272\n|move|p2a: Tentacruel|Rapid Spin|p1a: Latias\n|-damage|p1a: Latias|185/256 psn\n|-boost|p2a: Tentacruel|spe|1\n|\n|-heal|p2a: Tentacruel|157/272|[from] item: Leftovers\n|-damage|p1a: Latias|153/256 psn|[from] psn\n|upkeep\n|turn|42\n|\n|t:|1782863809\n|move|p2a: Tentacruel|Sludge Bomb|p1a: Latias\n|-damage|p1a: Latias|84/256 psn\n|move|p1a: Latias|Psyshock|p2a: Tentacruel\n|-damage|p2a: Tentacruel|28/272\n|\n|-heal|p2a: Tentacruel|45/272|[from] item: Leftovers\n|-damage|p1a: Latias|52/256 psn|[from] psn\n|upkeep\n|turn|43\n|\n|t:|1782863814\n|move|p2a: Tentacruel|Sludge Bomb|p1a: Latias\n|-crit|p1a: Latias\n|-damage|p1a: Latias|0 fnt\n|faint|p1a: Latias\n|\n|-heal|p2a: Tentacruel|62/272|[from] item: Leftovers\n|upkeep\n|\n|t:|1782863820\n|switch|p1a: Iron Bundle|Iron Bundle, L78, tera:Ice|187/215\n|turn|44\n|\n|t:|1782863826\n|move|p2a: Tentacruel|Sludge Bomb|p1a: Iron Bundle\n|-damage|p1a: Iron Bundle|78/215\n|move|p1a: Iron Bundle|Ice Beam|p2a: Tentacruel\n|-supereffective|p2a: Tentacruel\n|-damage|p2a: Tentacruel|0 fnt\n|faint|p2a: Tentacruel\n|\n|win|Alex_29_Z\n|raw|Alex_29_Z's rating: 1910 &rarr; <strong>1929</strong><br />(+19 for winning)\n|raw|TheFineMantine's rating: 1895 &rarr; <strong>1876</strong><br />(-19 for losing)\n|l|\u2606TheFineMantine\n|player|p2|\n", "inputlog": ">version f8ac14003a5f27e1bdc8d8c59608a773c1cb96e5\n>start {\"formatid\":\"gen9randombattle\",\"seed\":\"sodium,e78afb50e5d3d56da03bafc45566f8cb\",\"rated\":\"Rated battle\"}\n>player p1 {\"name\":\"Alex_29_Z\",\"avatar\":\"skier\",\"rating\":1910,\"seed\":\"sodium,7197d6248b8f2ce90882a8af975d6ef1\"}\n>player p2 {\"name\":\"TheFineMantine\",\"avatar\":\"sordward\",\"rating\":1895,\"seed\":\"sodium,5e569816495ea9dfbf2ab69ac0222a38\"}\n>p1 move iciclecrash\n>p2 move spore\n>p1 move iciclecrash\n>p2 move spore\n>p2 switch 2\n>p1 move earthquake\n>p2 switch 6\n>p1 switch 2\n>p2 switch 4\n>p1 switch 5\n>p2 move icebeam\n>p1 move glare\n>p2 move icebeam\n>p1 move glare\n>p2 move flipturn\n>p2 switch 3\n>p1 switch 4\n>p1 move knockoff\n>p2 move dragontail\n>p1 move leechseed\n>p2 move dragontail\n>p1 move flipturn\n>p2 move dracometeor\n>p1 switch 3\n>p1 move knockoff\n>p2 switch 3\n>p1 switch 3\n>p2 move flipturn\n>p2 switch 5\n>p1 move flipturn\n>p2 switch 5\n>p1 switch 5\n>p1 move powerwhip\n>p2 move icebeam\n>p1 move scald\n>p2 move icebeam\n>p1 move powerwhip\n>p2 move icebeam\n>p1 move knockoff\n>p2 move icebeam\n>p2 switch 3\n>p1 switch 3\n>p2 move bodypress\n>p1 move protect\n>p2 move dracometeor\n>p1 switch 3\n>p2 move bodypress\n>p1 switch 5\n>p1 move freezedry\n>p2 move dracometeor\n>p2 switch 5\n>p1 switch 2\n>p2 move playrough\n>p1 move iciclecrash\n>p2 switch 4\n>p1 switch 3\n>p2 move calmmind\n>p1 move knockoff\n>p2 move moonblast\n>p1 move leechseed\n>p2 move moonlight\n>p1 move protect\n>p2 move moonblast\n>p1 move ruination\n>p2 move moonlight\n>p1 move knockoff\n>p2 move moonlight\n>p1 move knockoff\n>p2 switch 4\n>p1 switch 3\n>p2 move voltswitch\n>p1 switch 2\n>p2 switch 4\n>p1 move icebeam terastallize\n>p2 move moonlight\n>p2 switch 6\n>p1 switch 6\n>p2 move sludgebomb\n>p1 move calmmind\n>p2 switch 4\n>p1 move psyshock\n>p2 move playrough\n>p1 move psyshock\n>p2 move playrough\n>p2 switch 4\n>p1 move recover\n>p2 move rapidspin terastallize\n>p1 move recover\n>p2 move sludgebomb\n>p1 move recover\n>p2 move haze\n>p1 move psyshock\n>p2 move rapidspin\n>p1 move psyshock\n>p2 move sludgebomb\n>p1 move psyshock\n>p2 move sludgebomb\n>p1 switch 6\n>p1 move icebeam\n>p2 move sludgebomb", "uploadtime": 1782863832, "views": 8, "formatid": "gen9randombattle", "rating": 1876, "private": 0, "password": null, "player_dets": [{"name": "Alex_29_Z", "avatar": "skier", "rating": 1910, "seed": "sodium,7197d6248b8f2ce90882a8af975d6ef1"}, {"name": "TheFineMantine", "avatar": "sordward", "rating": 1895, "seed": "sodium,5e569816495ea9dfbf2ab69ac0222a38"}], "teams_full": [{"Piloswine": {"name": "Piloswine", "species": "Piloswine", "speciesId": "piloswine", "gender": "F", "shiny": false, "level": 85, "moves": ["roar", "earthquake", "iceshard", "iciclecrash"], "ability": "Thick Fat", "evs": {"hp": 85, "atk": 85, "def": 85, "spa": 85, "spd": 85, "spe": 85}, "ivs": {"hp": 31, "atk": 31, "def": 31, "spa": 31, "spd": 31, "spe": 31}, "item": "Eviolite", "teraType": "Dragon", "role": "Bulky Support", "bvs": {"hp": 100, "atk": 100, "def": 80, "spa": 60, "spd": 60, "spe": 50}, "stats": {"hp": 309, "atk": 219, "def": 185, "spa": 151, "spd": 151, "spe": 134}, "types": ["Ice", "Ground"]}, "Goodra": {"name": "Goodra", "species": "Goodra", "speciesId": "goodra", "gender": "F", "shiny": false, "level": 85, "moves": ["dracometeor", "scald", "powerwhip", "knockoff"], "ability": "Sap Sipper", "evs": {"hp": 85, "atk": 85, "def": 85, "spa": 85, "spd": 85, "spe": 85}, "ivs": {"hp": 31, "atk": 31, "def": 31, "spa": 31, "spd": 31, "spe": 31}, "item": "Assault Vest", "teraType": "Water", "role": "AV Pivot", "bvs": {"hp": 90, "atk": 100, "def": 70, "spa": 110, "spd": 150, "spe": 80}, "stats": {"hp": 292, "atk": 219, "def": 168, "spa": 236, "spd": 304, "spe": 185}, "types": ["Dragon"]}, "Iron Bundle": {"name": "Iron Bundle", "species": "Iron Bundle", "speciesId": "ironbundle", "gender": "N", "shiny": false, "level": 78, "moves": ["freezedry", "flipturn", "hydropump", "icebeam"], "ability": "Quark Drive", "evs": {"hp": 85, "atk": 85, "def": 85, "spa": 85, "spd": 85, "spe": 85}, "ivs": {"hp": 31, "atk": 31, "def": 31, "spa": 31, "spd": 31, "spe": 31}, "item": "Choice Specs", "teraType": "Ice", "role": "Fast Attacker", "bvs": {"hp": 56, "atk": 80, "def": 114, "spa": 124, "spd": 60, "spe": 136}, "stats": {"hp": 215, "atk": 170, "def": 223, "spa": 239, "spd": 139, "spe": 257}, "types": ["Ice", "Water"]}, "Wo-Chien": {"name": "Wo-Chien", "species": "Wo-Chien", "speciesId": "wochien", "gender": "N", "shiny": false, "level": 83, "moves": ["knockoff", "ruination", "protect", "leechseed"], "ability": "Tablets of Ruin", "evs": {"hp": 85, "atk": 85, "def": 85, "spa": 85, "spd": 85, "spe": 85}, "ivs": {"hp": 31, "atk": 31, "def": 31, "spa": 31, "spd": 31, "spe": 31}, "item": "Leftovers", "teraType": "Poison", "role": "Bulky Support", "bvs": {"hp": 85, "atk": 85, "def": 100, "spa": 95, "spd": 135, "spe": 70}, "stats": {"hp": 277, "atk": 189, "def": 214, "spa": 205, "spd": 272, "spe": 164}, "types": ["Dark", "Grass"]}, "Arbok": {"name": "Arbok", "species": "Arbok", "speciesId": "arbok", "gender": "F", "shiny": false, "level": 87, "moves": ["glare", "earthquake", "gunkshot", "suckerpunch"], "ability": "Intimidate", "evs": {"hp": 85, "atk": 85, "def": 85, "spa": 85, "spd": 85, "spe": 85}, "ivs": {"hp": 31, "atk": 31, "def": 31, "spa": 31, "spd": 31, "spe": 31}, "item": "Life Orb", "teraType": "Ground", "role": "Fast Support", "bvs": {"hp": 60, "atk": 95, "def": 69, "spa": 65, "spd": 79, "spe": 80}, "stats": {"hp": 246, "atk": 215, "def": 170, "spa": 163, "spd": 187, "spe": 189}, "types": ["Poison"]}, "Latias": {"name": "Latias", "species": "Latias", "speciesId": "latias", "gender": "F", "shiny": false, "level": 79, "moves": ["psyshock", "calmmind", "dracometeor", "recover"], "ability": "Levitate", "evs": {"hp": 85, "atk": 0, "def": 85, "spa": 85, "spd": 85, "spe": 85}, "ivs": {"hp": 31, "atk": 0, "def": 31, "spa": 31, "spd": 31, "spe": 31}, "item": "Soul Dew", "teraType": "Steel", "role": "Fast Bulky Setup", "bvs": {"hp": 80, "atk": 80, "def": 90, "spa": 110, "spd": 130, "spe": 110}, "stats": {"hp": 256, "atk": 131, "def": 188, "spa": 219, "spd": 251, "spe": 219}, "types": ["Dragon", "Psychic"]}}, {"Brute Bonnet": {"name": "Brute Bonnet", "species": "Brute Bonnet", "speciesId": "brutebonnet", "gender": "N", "shiny": false, "level": 80, "moves": ["spore", "suckerpunch", "crunch", "seedbomb"], "ability": "Protosynthesis", "evs": {"hp": 85, "atk": 85, "def": 85, "spa": 85, "spd": 85, "spe": 85}, "ivs": {"hp": 31, "atk": 31, "def": 31, "spa": 31, "spd": 31, "spe": 31}, "item": "Leftovers", "teraType": "Poison", "role": "Bulky Support", "bvs": {"hp": 111, "atk": 127, "def": 99, "spa": 79, "spd": 99, "spe": 55}, "stats": {"hp": 309, "atk": 249, "def": 205, "spa": 173, "spd": 205, "spe": 134}, "types": ["Grass", "Dark"]}, "Tentacruel": {"name": "Tentacruel", "species": "Tentacruel", "speciesId": "tentacruel", "gender": "F", "shiny": false, "level": 84, "moves": ["rapidspin", "sludgebomb", "surf", "haze"], "ability": "Liquid Ooze", "evs": {"hp": 85, "atk": 85, "def": 85, "spa": 85, "spd": 85, "spe": 85}, "ivs": {"hp": 31, "atk": 31, "def": 31, "spa": 31, "spd": 31, "spe": 31}, "item": "Leftovers", "teraType": "Flying", "role": "Bulky Support", "bvs": {"hp": 80, "atk": 70, "def": 65, "spa": 80, "spd": 120, "spe": 100}, "stats": {"hp": 272, "atk": 166, "def": 157, "spa": 183, "spd": 250, "spe": 216}, "types": ["Water", "Poison"]}, "Duraludon": {"name": "Duraludon", "species": "Duraludon", "speciesId": "duraludon", "gender": "F", "shiny": false, "level": 82, "moves": ["dracometeor", "bodypress", "dragontail", "flashcannon"], "ability": "Light Metal", "evs": {"hp": 85, "atk": 85, "def": 85, "spa": 85, "spd": 85, "spe": 85}, "ivs": {"hp": 31, "atk": 31, "def": 31, "spa": 31, "spd": 31, "spe": 31}, "item": "Eviolite", "teraType": "Fighting", "role": "Bulky Attacker", "bvs": {"hp": 70, "atk": 95, "def": 115, "spa": 120, "spd": 50, "spe": 85}, "stats": {"hp": 249, "atk": 203, "def": 236, "spa": 244, "spd": 129, "spe": 187}, "types": ["Steel", "Dragon"]}, "Dewgong": {"name": "Dewgong", "species": "Dewgong", "speciesId": "dewgong", "gender": "F", "shiny": false, "level": 94, "moves": ["hydropump", "encore", "flipturn", "icebeam"], "ability": "Thick Fat", "evs": {"hp": 85, "atk": 85, "def": 85, "spa": 85, "spd": 85, "spe": 85}, "ivs": {"hp": 31, "atk": 31, "def": 31, "spa": 31, "spd": 31, "spe": 31}, "item": "Heavy-Duty Boots", "teraType": "Dragon", "role": "Bulky Support", "bvs": {"hp": 90, "atk": 70, "def": 80, "spa": 70, "spd": 95, "spe": 70}, "stats": {"hp": 322, "atk": 185, "def": 204, "spa": 185, "spd": 232, "spe": 185}, "types": ["Water", "Ice"]}, "Luxray": {"name": "Luxray", "species": "Luxray", "speciesId": "luxray", "gender": "F", "shiny": false, "level": 88, "moves": ["icefang", "voltswitch", "wildcharge", "playrough"], "ability": "Intimidate", "evs": {"hp": 85, "atk": 85, "def": 85, "spa": 85, "spd": 85, "spe": 85}, "ivs": {"hp": 31, "atk": 31, "def": 31, "spa": 31, "spd": 31, "spe": 31}, "item": "Assault Vest", "teraType": "Electric", "role": "AV Pivot", "bvs": {"hp": 80, "atk": 120, "def": 79, "spa": 95, "spd": 79, "spe": 70}, "stats": {"hp": 284, "atk": 261, "def": 189, "spa": 217, "spd": 189, "spe": 173}, "types": ["Electric"]}, "Cresselia": {"name": "Cresselia", "species": "Cresselia", "speciesId": "cresselia", "gender": "F", "shiny": false, "level": 80, "moves": ["calmmind", "psyshock", "moonlight", "moonblast"], "ability": "Levitate", "evs": {"hp": 85, "atk": 0, "def": 85, "spa": 85, "spd": 85, "spe": 85}, "ivs": {"hp": 31, "atk": 0, "def": 31, "spa": 31, "spd": 31, "spe": 31}, "item": "Leftovers", "teraType": "Poison", "role": "Bulky Setup", "bvs": {"hp": 120, "atk": 70, "def": 110, "spa": 75, "spd": 120, "spe": 85}, "stats": {"hp": 323, "atk": 117, "def": 222, "spa": 166, "spd": 238, "spe": 182}, "types": ["Psychic"]}}]}