{"id": "gen9randombattle-2641856389", "format": "[Gen 9] Random Battle", "players": ["insectincarnate", "Stint rodent"], "log": "|j|\u2606insectincarnate\n|j|\u2606Stint rodent\n|t:|1782850122\n|gametype|singles\n|player|p1|insectincarnate|marley|1090\n|player|p2|Stint rodent|steven|1066\n|gen|9\n|tier|[Gen 9] Random Battle\n|rated|\n|rule|Species Clause: Limit one of each Pok\u00e9mon\n|rule|HP Percentage Mod: HP is shown in percentages\n|rule|Sleep Clause Mod: Limit one foe put to sleep\n|rule|Illusion Level Mod: Illusion disguises the Pok\u00e9mon's true level\n|\n|t:|1782850122\n|teamsize|p1|6\n|teamsize|p2|6\n|start\n|switch|p1a: Hitmontop|Hitmontop, L88, M|231/231\n|switch|p2a: Ting-Lu|Ting-Lu, L78|370/370\n|-ability|p1a: Hitmontop|Intimidate|boost\n|-unboost|p2a: Ting-Lu|atk|1\n|-ability|p2a: Ting-Lu|Vessel of Ruin\n|turn|1\n|inactive|Battle timer is ON: inactive players will automatically lose when time's up. (requested by Stint rodent)\n|inactive|Stint rodent has 120 seconds left.\n|\n|t:|1782850171\n|move|p1a: Hitmontop|Close Combat|p2a: Ting-Lu\n|-supereffective|p2a: Ting-Lu\n|-damage|p2a: Ting-Lu|152/370\n|-unboost|p1a: Hitmontop|def|1\n|-unboost|p1a: Hitmontop|spd|1\n|move|p2a: Ting-Lu|Earthquake|p1a: Hitmontop\n|-damage|p1a: Hitmontop|143/231\n|\n|-heal|p2a: Ting-Lu|175/370|[from] item: Leftovers\n|upkeep\n|turn|2\n|\n|t:|1782850185\n|switch|p1a: Lugia|Lugia, L73|275/275\n|switch|p2a: Rhydon|Rhydon, L85, M|317/317\n|\n|upkeep\n|turn|3\n|\n|t:|1782850195\n|move|p1a: Lugia|Earth Power|p2a: Rhydon\n|-supereffective|p2a: Rhydon\n|-damage|p2a: Rhydon|225/317\n|move|p2a: Rhydon|Stone Edge|p1a: Lugia\n|-supereffective|p1a: Lugia\n|-damage|p1a: Lugia|167/275\n|\n|upkeep\n|turn|4\n|\n|t:|1782850205\n|switch|p1a: Hitmontop|Hitmontop, L88, M|143/231\n|-ability|p1a: Hitmontop|Intimidate|boost\n|-unboost|p2a: Rhydon|atk|1\n|move|p2a: Rhydon|Stone Edge|p1a: Hitmontop\n|-resisted|p1a: Hitmontop\n|-damage|p1a: Hitmontop|101/231\n|\n|upkeep\n|turn|5\n|\n|t:|1782850215\n|move|p1a: Hitmontop|Close Combat|p2a: Rhydon\n|-supereffective|p2a: Rhydon\n|-damage|p2a: Rhydon|75/317\n|-unboost|p1a: Hitmontop|def|1\n|-unboost|p1a: Hitmontop|spd|1\n|move|p2a: Rhydon|Earthquake|p1a: Hitmontop\n|-damage|p1a: Hitmontop|0 fnt\n|faint|p1a: Hitmontop\n|\n|upkeep\n|\n|t:|1782850223\n|switch|p1a: Swampert|Swampert, L83, M|302/302\n|turn|6\n|\n|t:|1782850242\n|switch|p2a: Delibird|Delibird, M|252/252\n|move|p1a: Swampert|Stealth Rock|p2a: Delibird\n|-sidestart|p2: Stint rodent|move: Stealth Rock\n|\n|upkeep\n|turn|7\n|\n|t:|1782850254\n|move|p2a: Delibird|Freeze-Dry|p1a: Swampert\n|-supereffective|p1a: Swampert\n|-damage|p1a: Swampert|0 fnt\n|faint|p1a: Swampert\n|\n|upkeep\n|\n|t:|1782850264\n|switch|p1a: Volcarona|Volcarona, L77, M|257/257\n|turn|8\n|\n|t:|1782850270\n|move|p2a: Delibird|Brave Bird|p1a: Volcarona\n|-supereffective|p1a: Volcarona\n|-damage|p1a: Volcarona|0 fnt\n|-status|p2a: Delibird|brn|[from] ability: Flame Body|[of] p1a: Volcarona\n|faint|p1a: Volcarona\n|-damage|p2a: Delibird|167/252 brn|[from] Recoil\n|\n|-damage|p2a: Delibird|152/252 brn|[from] brn\n|upkeep\n|\n|t:|1782850275\n|switch|p1a: Latias|Latias, L79, F|256/256\n|turn|9\n|\n|t:|1782850280\n|move|p1a: Latias|Psyshock|p2a: Delibird\n|-damage|p2a: Delibird|14/252 brn\n|move|p2a: Delibird|Freeze-Dry|p1a: Latias\n|-supereffective|p1a: Latias\n|-damage|p1a: Latias|128/256\n|\n|-damage|p2a: Delibird|0 fnt|[from] brn\n|faint|p2a: Delibird\n|upkeep\n|\n|t:|1782850305\n|switch|p2a: Scizor|Scizor, L79, F|240/240\n|-damage|p2a: Scizor|210/240|[from] Stealth Rock\n|turn|10\n|\n|t:|1782850314\n|move|p1a: Latias|Recover|p1a: Latias\n|-heal|p1a: Latias|256/256\n|move|p2a: Scizor|Bug Bite|p1a: Latias\n|-supereffective|p1a: Latias\n|-damage|p1a: Latias|0 fnt\n|faint|p1a: Latias\n|-damage|p2a: Scizor|186/240|[from] item: Life Orb\n|\n|upkeep\n|\n|t:|1782850321\n|switch|p1a: Baxcalibur|Baxcalibur, L75, F|296/296\n|turn|11\n|\n|t:|1782850331\n|-terastallize|p1a: Baxcalibur|Ground\n|move|p1a: Baxcalibur|Earthquake|p2a: Scizor\n|-damage|p2a: Scizor|63/240\n|move|p2a: Scizor|Close Combat|p1a: Baxcalibur\n|-damage|p1a: Baxcalibur|171/296\n|-unboost|p2a: Scizor|def|1\n|-unboost|p2a: Scizor|spd|1\n|-damage|p2a: Scizor|39/240|[from] item: Life Orb\n|\n|upkeep\n|turn|12\n|\n|t:|1782850342\n|move|p1a: Baxcalibur|Dragon Dance|p1a: Baxcalibur\n|-boost|p1a: Baxcalibur|atk|1\n|-boost|p1a: Baxcalibur|spe|1\n|move|p2a: Scizor|Close Combat|p1a: Baxcalibur\n|-damage|p1a: Baxcalibur|38/296\n|-unboost|p2a: Scizor|def|1\n|-unboost|p2a: Scizor|spd|1\n|-damage|p2a: Scizor|15/240|[from] item: Life Orb\n|\n|upkeep\n|turn|13\n|\n|t:|1782850348\n|move|p1a: Baxcalibur|Earthquake|p2a: Scizor\n|-damage|p2a: Scizor|0 fnt\n|faint|p2a: Scizor\n|\n|upkeep\n|\n|t:|1782850351\n|switch|p2a: Ambipom|Ambipom, L84, F|263/263\n|-damage|p2a: Ambipom|231/263|[from] Stealth Rock\n|turn|14\n|\n|t:|1782850361\n|move|p1a: Baxcalibur|Glaive Rush|p2a: Ambipom\n|-damage|p2a: Ambipom|0 fnt\n|-singlemove|p1a: Baxcalibur|Glaive Rush|[silent]\n|faint|p2a: Ambipom\n|\n|upkeep\n|\n|t:|1782850365\n|switch|p2a: Slowking|Slowking, L88, M|310/310\n|turn|15\n|\n|t:|1782850374\n|move|p1a: Baxcalibur|Glaive Rush|p2a: Slowking\n|-damage|p2a: Slowking|75/310\n|-singlemove|p1a: Baxcalibur|Glaive Rush|[silent]\n|move|p2a: Slowking|Scald|p1a: Baxcalibur\n|-supereffective|p1a: Baxcalibur\n|-damage|p1a: Baxcalibur|0 fnt\n|faint|p1a: Baxcalibur\n|\n|upkeep\n|\n|t:|1782850380\n|switch|p1a: Lugia|Lugia, L73|167/275\n|turn|16\n|\n|t:|1782850388\n|move|p1a: Lugia|Aeroblast|p2a: Slowking\n|-damage|p2a: Slowking|11/310\n|-prepare|p2a: Slowking|Chilly Reception|[premajor]\n|move|p2a: Slowking|Chilly Reception|p2a: Slowking\n|-weather|Snowscape\n|\n|t:|1782850395\n|switch|p2a: Rhydon|Rhydon, L85, M|75/317|[from] Chilly Reception\n|-damage|p2a: Rhydon|56/317|[from] Stealth Rock\n|\n|-weather|Snowscape|[upkeep]\n|upkeep\n|turn|17\n|\n|t:|1782850405\n|move|p1a: Lugia|Earth Power|p2a: Rhydon\n|-supereffective|p2a: Rhydon\n|-damage|p2a: Rhydon|0 fnt\n|faint|p2a: Rhydon\n|\n|-weather|Snowscape|[upkeep]\n|upkeep\n|\n|t:|1782850410\n|switch|p2a: Ting-Lu|Ting-Lu, L78|175/370\n|-damage|p2a: Ting-Lu|152/370|[from] Stealth Rock\n|-ability|p2a: Ting-Lu|Vessel of Ruin\n|turn|18\n|\n|t:|1782850418\n|move|p1a: Lugia|Recover|p1a: Lugia\n|-heal|p1a: Lugia|275/275\n|move|p2a: Ting-Lu|Payback|p1a: Lugia\n|-supereffective|p1a: Lugia\n|-damage|p1a: Lugia|191/275\n|\n|-weather|Snowscape|[upkeep]\n|-heal|p2a: Ting-Lu|175/370|[from] item: Leftovers\n|upkeep\n|turn|19\n|\n|t:|1782850429\n|move|p1a: Lugia|Calm Mind|p1a: Lugia\n|-boost|p1a: Lugia|spa|1\n|-boost|p1a: Lugia|spd|1\n|move|p2a: Ting-Lu|Payback|p1a: Lugia\n|-supereffective|p1a: Lugia\n|-damage|p1a: Lugia|23/275\n|\n|-weather|Snowscape|[upkeep]\n|-heal|p2a: Ting-Lu|198/370|[from] item: Leftovers\n|upkeep\n|turn|20\n|\n|t:|1782850439\n|move|p1a: Lugia|Aeroblast|p2a: Ting-Lu\n|-damage|p2a: Ting-Lu|96/370\n|move|p2a: Ting-Lu|Payback|p1a: Lugia\n|-supereffective|p1a: Lugia\n|-damage|p1a: Lugia|0 fnt\n|faint|p1a: Lugia\n|\n|win|Stint rodent\n|raw|insectincarnate's rating: 1090 &rarr; <strong>1065</strong><br />(-25 for losing)\n|raw|Stint rodent's rating: 1066 &rarr; <strong>1098</strong><br />(+32 for winning)\n|l|\u2606insectincarnate\n|player|p1|\n", "inputlog": ">version f8ac14003a5f27e1bdc8d8c59608a773c1cb96e5\n>start {\"formatid\":\"gen9randombattle\",\"seed\":\"sodium,309182e19da21481f30a582c19c2d254\",\"rated\":\"Rated battle\"}\n>player p1 {\"name\":\"insectincarnate\",\"avatar\":\"marley\",\"rating\":1090,\"seed\":\"sodium,5850696dff06b34f4b7831abf04964c8\"}\n>player p2 {\"name\":\"Stint rodent\",\"avatar\":\"steven\",\"rating\":1066,\"seed\":\"sodium,84b3a355f89a08ff4a571540f9612300\"}\n>p1 move closecombat\n>p2 move earthquake\n>p1 switch 3\n>p2 switch 2\n>p1 move earthpower\n>p2 move stoneedge\n>p1 switch 3\n>p2 move stoneedge\n>p1 move closecombat\n>p2 move earthquake\n>p1 switch 6\n>p1 move stealthrock\n>p2 switch 3\n>p1 move roar\n>p2 move freezedry\n>p1 switch 4\n>p1 move quiverdance\n>p2 move bravebird\n>p1 switch 5\n>p1 move psyshock\n>p2 move freezedry\n>p2 switch 5\n>p1 move recover\n>p2 move bugbite\n>p1 switch 2\n>p1 move earthquake terastallize\n>p2 move closecombat\n>p1 move dragondance\n>p2 move closecombat\n>p1 move earthquake\n>p2 move closecombat\n>p2 switch 4\n>p1 move glaiverush\n>p2 move tripleaxel\n>p2 switch 6\n>p1 move glaiverush\n>p2 move scald\n>p1 switch 3\n>p1 move aeroblast\n>p2 move chillyreception\n>p2 switch 3\n>p1 move earthpower\n>p2 move stoneedge\n>p2 switch 2\n>p1 move recover\n>p2 move payback\n>p1 move calmmind\n>p2 move payback\n>p1 move aeroblast\n>p2 move payback", "uploadtime": 1782850447, "views": 13, "formatid": "gen9randombattle", "rating": 1065, "private": 0, "password": null, "player_dets": [{"name": "insectincarnate", "avatar": "marley", "rating": 1090, "seed": "sodium,5850696dff06b34f4b7831abf04964c8"}, {"name": "Stint rodent", "avatar": "steven", "rating": 1066, "seed": "sodium,84b3a355f89a08ff4a571540f9612300"}], "teams_full": [{"Hitmontop": {"name": "Hitmontop", "species": "Hitmontop", "speciesId": "hitmontop", "gender": "M", "shiny": false, "level": 88, "moves": ["closecombat", "suckerpunch", "rapidspin", "stoneedge"], "ability": "Intimidate", "evs": {"hp": 85, "atk": 85, "def": 85, "spa": 85, "spd": 85, "spe": 85}, "ivs": {"hp": 31, "atk": 31, "def": 31, "spa": 31, "spd": 31, "spe": 31}, "item": "Assault Vest", "teraType": "Steel", "role": "Bulky Support", "bvs": {"hp": 50, "atk": 95, "def": 95, "spa": 35, "spd": 110, "spe": 70}, "stats": {"hp": 231, "atk": 217, "def": 217, "spa": 112, "spd": 244, "spe": 173}, "types": ["Fighting"]}, "Baxcalibur": {"name": "Baxcalibur", "species": "Baxcalibur", "speciesId": "baxcalibur", "gender": "F", "shiny": false, "level": 75, "moves": ["dragondance", "iciclecrash", "earthquake", "glaiverush"], "ability": "Thermal Exchange", "evs": {"hp": 85, "atk": 85, "def": 85, "spa": 85, "spd": 85, "spe": 85}, "ivs": {"hp": 31, "atk": 31, "def": 31, "spa": 31, "spd": 31, "spe": 31}, "item": "Heavy-Duty Boots", "teraType": "Ground", "role": "Setup Sweeper", "bvs": {"hp": 115, "atk": 145, "def": 92, "spa": 75, "spd": 86, "spe": 87}, "stats": {"hp": 296, "atk": 261, "def": 182, "spa": 156, "spd": 173, "spe": 174}, "types": ["Dragon", "Ice"]}, "Lugia": {"name": "Lugia", "species": "Lugia", "speciesId": "lugia", "gender": "N", "shiny": false, "level": 73, "moves": ["calmmind", "earthpower", "aeroblast", "recover"], "ability": "Multiscale", "evs": {"hp": 85, "atk": 0, "def": 85, "spa": 85, "spd": 85, "spe": 85}, "ivs": {"hp": 31, "atk": 0, "def": 31, "spa": 31, "spd": 31, "spe": 31}, "item": "Heavy-Duty Boots", "teraType": "Ground", "role": "Bulky Setup", "bvs": {"hp": 106, "atk": 90, "def": 130, "spa": 90, "spd": 154, "spe": 110}, "stats": {"hp": 275, "atk": 136, "def": 232, "spa": 174, "spd": 267, "spe": 203}, "types": ["Psychic", "Flying"]}, "Volcarona": {"name": "Volcarona", "species": "Volcarona", "speciesId": "volcarona", "gender": "M", "shiny": false, "level": 77, "moves": ["bugbuzz", "terablast", "fierydance", "quiverdance"], "ability": "Flame Body", "evs": {"hp": 85, "atk": 0, "def": 85, "spa": 85, "spd": 85, "spe": 85}, "ivs": {"hp": 31, "atk": 0, "def": 31, "spa": 31, "spd": 31, "spe": 31}, "item": "Heavy-Duty Boots", "teraType": "Water", "role": "Tera Blast user", "bvs": {"hp": 85, "atk": 60, "def": 65, "spa": 135, "spd": 105, "spe": 100}, "stats": {"hp": 257, "atk": 97, "def": 145, "spa": 252, "spd": 206, "spe": 199}, "types": ["Bug", "Fire"]}, "Latias": {"name": "Latias", "species": "Latias", "speciesId": "latias", "gender": "F", "shiny": false, "level": 79, "moves": ["recover", "psyshock", "calmmind", "dracometeor"], "ability": "Levitate", "evs": {"hp": 85, "atk": 0, "def": 85, "spa": 85, "spd": 85, "spe": 85}, "ivs": {"hp": 31, "atk": 0, "def": 31, "spa": 31, "spd": 31, "spe": 31}, "item": "Soul Dew", "teraType": "Steel", "role": "Fast Bulky Setup", "bvs": {"hp": 80, "atk": 80, "def": 90, "spa": 110, "spd": 130, "spe": 110}, "stats": {"hp": 256, "atk": 131, "def": 188, "spa": 219, "spd": 251, "spe": 219}, "types": ["Dragon", "Psychic"]}, "Swampert": {"name": "Swampert", "species": "Swampert", "speciesId": "swampert", "gender": "M", "shiny": false, "level": 83, "moves": ["roar", "icebeam", "stealthrock", "earthquake"], "ability": "Damp", "evs": {"hp": 85, "atk": 85, "def": 85, "spa": 85, "spd": 85, "spe": 85}, "ivs": {"hp": 31, "atk": 31, "def": 31, "spa": 31, "spd": 31, "spe": 31}, "item": "Leftovers", "teraType": "Poison", "role": "Bulky Support", "bvs": {"hp": 100, "atk": 110, "def": 90, "spa": 85, "spd": 90, "spe": 60}, "stats": {"hp": 302, "atk": 230, "def": 197, "spa": 189, "spd": 197, "spe": 147}, "types": ["Water", "Ground"]}}, {"Ting-Lu": {"name": "Ting-Lu", "species": "Ting-Lu", "speciesId": "tinglu", "gender": "N", "shiny": false, "level": 78, "moves": ["payback", "ruination", "spikes", "earthquake"], "ability": "Vessel of Ruin", "evs": {"hp": 85, "atk": 85, "def": 85, "spa": 85, "spd": 85, "spe": 85}, "ivs": {"hp": 31, "atk": 31, "def": 31, "spa": 31, "spd": 31, "spe": 31}, "item": "Leftovers", "teraType": "Poison", "role": "Bulky Attacker", "bvs": {"hp": 155, "atk": 110, "def": 125, "spa": 55, "spd": 80, "spe": 45}, "stats": {"hp": 370, "atk": 217, "def": 240, "spa": 131, "spd": 170, "spe": 115}, "types": ["Dark", "Ground"]}, "Rhydon": {"name": "Rhydon", "species": "Rhydon", "speciesId": "rhydon", "gender": "M", "shiny": false, "level": 85, "moves": ["stoneedge", "megahorn", "earthquake", "stealthrock"], "ability": "Lightning Rod", "evs": {"hp": 85, "atk": 85, "def": 85, "spa": 85, "spd": 85, "spe": 85}, "ivs": {"hp": 31, "atk": 31, "def": 31, "spa": 31, "spd": 31, "spe": 31}, "item": "Eviolite", "teraType": "Dragon", "role": "Bulky Attacker", "bvs": {"hp": 105, "atk": 130, "def": 120, "spa": 45, "spd": 45, "spe": 40}, "stats": {"hp": 317, "atk": 270, "def": 253, "spa": 125, "spd": 125, "spe": 117}, "types": ["Ground", "Rock"]}, "Delibird": {"name": "Delibird", "species": "Delibird", "speciesId": "delibird", "gender": "M", "shiny": false, "level": 100, "moves": ["freezedry", "spikes", "rapidspin", "bravebird"], "ability": "Vital Spirit", "evs": {"hp": 85, "atk": 85, "def": 85, "spa": 85, "spd": 85, "spe": 85}, "ivs": {"hp": 31, "atk": 31, "def": 31, "spa": 31, "spd": 31, "spe": 31}, "item": "Heavy-Duty Boots", "teraType": "Ghost", "role": "Fast Support", "bvs": {"hp": 45, "atk": 55, "def": 45, "spa": 65, "spd": 45, "spe": 75}, "stats": {"hp": 252, "atk": 167, "def": 147, "spa": 187, "spd": 147, "spe": 207}, "types": ["Ice", "Flying"]}, "Ambipom": {"name": "Ambipom", "species": "Ambipom", "speciesId": "ambipom", "gender": "F", "shiny": false, "level": 84, "moves": ["uturn", "doubleedge", "tripleaxel", "knockoff"], "ability": "Technician", "evs": {"hp": 85, "atk": 85, "def": 85, "spa": 85, "spd": 85, "spe": 85}, "ivs": {"hp": 31, "atk": 31, "def": 31, "spa": 31, "spd": 31, "spe": 31}, "item": "Choice Band", "teraType": "Ice", "role": "Fast Attacker", "bvs": {"hp": 75, "atk": 100, "def": 66, "spa": 60, "spd": 66, "spe": 115}, "stats": {"hp": 263, "atk": 216, "def": 159, "spa": 149, "spd": 159, "spe": 241}, "types": ["Normal"]}, "Scizor": {"name": "Scizor", "species": "Scizor", "speciesId": "scizor", "gender": "F", "shiny": false, "level": 79, "moves": ["bulletpunch", "bugbite", "closecombat", "swordsdance"], "ability": "Technician", "evs": {"hp": 85, "atk": 85, "def": 85, "spa": 85, "spd": 85, "spe": 85}, "ivs": {"hp": 31, "atk": 31, "def": 31, "spa": 31, "spd": 31, "spe": 31}, "item": "Life Orb", "teraType": "Steel", "role": "Setup Sweeper", "bvs": {"hp": 70, "atk": 130, "def": 100, "spa": 55, "spd": 80, "spe": 65}, "stats": {"hp": 240, "atk": 251, "def": 204, "spa": 132, "spd": 172, "spe": 148}, "types": ["Bug", "Steel"]}, "Slowking": {"name": "Slowking", "species": "Slowking", "speciesId": "slowking", "gender": "M", "shiny": false, "level": 88, "moves": ["slackoff", "chillyreception", "futuresight", "scald"], "ability": "Regenerator", "evs": {"hp": 85, "atk": 0, "def": 85, "spa": 85, "spd": 85, "spe": 85}, "ivs": {"hp": 31, "atk": 0, "def": 31, "spa": 31, "spd": 31, "spe": 31}, "item": "Heavy-Duty Boots", "teraType": "Fairy", "role": "Fast Support", "bvs": {"hp": 95, "atk": 75, "def": 80, "spa": 100, "spd": 110, "spe": 30}, "stats": {"hp": 310, "atk": 137, "def": 191, "spa": 226, "spd": 244, "spe": 103}, "types": ["Water", "Psychic"]}}]}