{"id": "gen9randombattle-2642030243", "format": "[Gen 9] Random Battle", "players": ["testbotcif", "crashstevieg6"], "log": "|j|\u2606testbotcif\n|j|\u2606crashstevieg6\n|t:|1782876005\n|gametype|singles\n|player|p1|testbotcif|1|1356\n|player|p2|crashstevieg6|102|1379\n|gen|9\n|tier|[Gen 9] Random Battle\n|rated|\n|rule|Species Clause: Limit one of each Pok\u00e9mon\n|rule|HP Percentage Mod: HP is shown in percentages\n|rule|Sleep Clause Mod: Limit one foe put to sleep\n|rule|Illusion Level Mod: Illusion disguises the Pok\u00e9mon's true level\n|\n|t:|1782876005\n|teamsize|p1|6\n|teamsize|p2|6\n|start\n|switch|p1a: Mamoswine|Mamoswine, L81, M|311/311\n|switch|p2a: Staraptor|Staraptor, L79, F|263/263\n|turn|1\n|inactive|Battle timer is ON: inactive players will automatically lose when time's up. (requested by testbotcif)\n|c|\u2606testbotcif|rlhf\n|\n|t:|1782876016\n|move|p2a: Staraptor|Close Combat|p1a: Mamoswine\n|-supereffective|p1a: Mamoswine\n|-damage|p1a: Mamoswine|5/311\n|-unboost|p2a: Staraptor|def|1\n|-unboost|p2a: Staraptor|spd|1\n|move|p1a: Mamoswine|Icicle Crash|p2a: Staraptor\n|-supereffective|p2a: Staraptor\n|-damage|p2a: Staraptor|0 fnt\n|faint|p2a: Staraptor\n|\n|upkeep\n|\n|t:|1782876044\n|switch|p2a: Avalugg|Avalugg, L88, F|310/310\n|turn|2\n|\n|t:|1782876054\n|move|p1a: Mamoswine|Icicle Crash|p2a: Avalugg\n|-resisted|p2a: Avalugg\n|-damage|p2a: Avalugg|268/310\n|cant|p2a: Avalugg|flinch\n|\n|upkeep\n|turn|3\n|\n|t:|1782876059\n|move|p1a: Mamoswine|Icicle Crash|p2a: Avalugg|[miss]\n|-miss|p1a: Mamoswine|p2a: Avalugg\n|move|p2a: Avalugg|Rapid Spin|p1a: Mamoswine\n|-damage|p1a: Mamoswine|0 fnt\n|-boost|p2a: Avalugg|spe|1\n|faint|p1a: Mamoswine\n|\n|upkeep\n|\n|t:|1782876059\n|switch|p1a: Rabsca|Rabsca, L91, M|284/284\n|turn|4\n|\n|t:|1782876079\n|switch|p2a: Drifblim|Drifblim, L86, M|396/396\n|move|p1a: Rabsca|Psychic|p2a: Drifblim\n|-damage|p2a: Drifblim|209/396\n|\n|upkeep\n|turn|5\n|\n|t:|1782876090\n|switch|p1a: Beartic|Beartic, L91, F|321/321\n|move|p2a: Drifblim|Strength Sap|p1a: Beartic\n|-unboost|p1a: Beartic|atk|1\n|-heal|p2a: Drifblim|396/396\n|\n|upkeep\n|turn|6\n|\n|t:|1782876102\n|switch|p2a: Avalugg|Avalugg, L88, F|268/310\n|move|p1a: Beartic|Swords Dance|p1a: Beartic\n|-boost|p1a: Beartic|atk|2\n|\n|upkeep\n|turn|7\n|\n|t:|1782876109\n|-terastallize|p1a: Beartic|Ground\n|move|p1a: Beartic|Icicle Crash|p2a: Avalugg\n|-resisted|p2a: Avalugg\n|-damage|p2a: Avalugg|219/310\n|cant|p2a: Avalugg|flinch\n|\n|upkeep\n|turn|8\n|\n|t:|1782876116\n|move|p1a: Beartic|Earthquake|p2a: Avalugg\n|-damage|p2a: Avalugg|105/310\n|move|p2a: Avalugg|Avalanche|p1a: Beartic\n|-supereffective|p1a: Beartic\n|-damage|p1a: Beartic|0 fnt\n|faint|p1a: Beartic\n|\n|upkeep\n|\n|t:|1782876116\n|switch|p1a: Rabsca|Rabsca, L91, M|284/284\n|turn|9\n|\n|t:|1782876125\n|move|p1a: Rabsca|Psychic|p2a: Avalugg\n|-damage|p2a: Avalugg|0 fnt\n|faint|p2a: Avalugg\n|\n|upkeep\n|\n|t:|1782876129\n|switch|p2a: Drifblim|Drifblim, L86, M|396/396\n|turn|10\n|\n|t:|1782876134\n|move|p2a: Drifblim|Calm Mind|p2a: Drifblim\n|-boost|p2a: Drifblim|spa|1\n|-boost|p2a: Drifblim|spd|1\n|move|p1a: Rabsca|Psychic|p2a: Drifblim\n|-damage|p2a: Drifblim|282/396\n|\n|upkeep\n|turn|11\n|\n|t:|1782876142\n|move|p2a: Drifblim|Calm Mind|p2a: Drifblim\n|-boost|p2a: Drifblim|spa|1\n|-boost|p2a: Drifblim|spd|1\n|move|p1a: Rabsca|Psychic|p2a: Drifblim\n|-damage|p2a: Drifblim|198/396\n|-enditem|p2a: Drifblim|Sitrus Berry|[eat]\n|-heal|p2a: Drifblim|297/396|[from] item: Sitrus Berry\n|\n|upkeep\n|turn|12\n|\n|t:|1782876149\n|move|p2a: Drifblim|Calm Mind|p2a: Drifblim\n|-boost|p2a: Drifblim|spa|1\n|-boost|p2a: Drifblim|spd|1\n|move|p1a: Rabsca|Psychic|p2a: Drifblim\n|-damage|p2a: Drifblim|224/396\n|\n|upkeep\n|turn|13\n|\n|t:|1782876155\n|move|p2a: Drifblim|Strength Sap|p1a: Rabsca\n|-unboost|p1a: Rabsca|atk|1\n|-heal|p2a: Drifblim|320/396\n|move|p1a: Rabsca|Psychic|p2a: Drifblim\n|-damage|p2a: Drifblim|248/396\n|\n|upkeep\n|turn|14\n|\n|t:|1782876162\n|move|p2a: Drifblim|Shadow Ball|p1a: Rabsca\n|-supereffective|p1a: Rabsca\n|-damage|p1a: Rabsca|0 fnt\n|faint|p1a: Rabsca\n|\n|upkeep\n|\n|t:|1782876162\n|switch|p1a: Kleavor|Kleavor, L78, M|237/237\n|turn|15\n|\n|t:|1782876178\n|move|p2a: Drifblim|Shadow Ball|p1a: Kleavor\n|-damage|p1a: Kleavor|0 fnt\n|faint|p1a: Kleavor\n|\n|upkeep\n|\n|t:|1782876178\n|switch|p1a: Archaludon|Archaludon, L78, M|268/268\n|turn|16\n|\n|t:|1782876187\n|move|p2a: Drifblim|Shadow Ball|p1a: Archaludon\n|-damage|p1a: Archaludon|0 fnt\n|faint|p1a: Archaludon\n|\n|upkeep\n|\n|t:|1782876187\n|switch|p1a: Banette|Banette, L93, F|270/270\n|turn|17\n|\n|t:|1782876194\n|move|p2a: Drifblim|Shadow Ball|p1a: Banette\n|-supereffective|p1a: Banette\n|-damage|p1a: Banette|0 fnt\n|-start|p2a: Drifblim|Disable|Shadow Ball|[from] ability: Cursed Body|[of] p1a: Banette\n|faint|p1a: Banette\n|\n|win|crashstevieg6\n|raw|testbotcif's rating: 1356 &rarr; <strong>1337</strong><br />(-19 for losing)\n|raw|crashstevieg6's rating: 1379 &rarr; <strong>1398</strong><br />(+19 for winning)\n", "inputlog": ">version f8ac14003a5f27e1bdc8d8c59608a773c1cb96e5\n>start {\"formatid\":\"gen9randombattle\",\"seed\":\"sodium,d16ca7ebd1ba85225391640192fbde1d\",\"rated\":\"Rated battle\"}\n>player p1 {\"name\":\"testbotcif\",\"avatar\":\"1\",\"rating\":1356,\"seed\":\"sodium,ae9f9aa9d436b95b34a763524da76dbf\"}\n>player p2 {\"name\":\"crashstevieg6\",\"avatar\":\"102\",\"rating\":1379,\"seed\":\"sodium,6afe4970f937b8e6250c1b94ffe4ad26\"}\n>chat \u2606testbotcif|rlhf\n>p1 move iciclecrash\n>p2 move closecombat\n>p2 switch 3\n>p1 move iciclecrash\n>p2 move rapidspin\n>p1 move iciclecrash\n>p2 move rapidspin\n>p1 switch 6\n>p1 move psychic\n>p2 switch 4\n>p1 switch 3\n>p2 move strengthsap\n>p1 move swordsdance\n>p2 switch 4\n>p1 move iciclecrash terastallize\n>p2 move bodypress\n>p1 move earthquake\n>p2 move avalanche\n>p1 switch 3\n>p1 move psychic\n>p2 move recover\n>p2 switch 4\n>p1 move psychic\n>p2 move calmmind\n>p1 move psychic\n>p2 move calmmind\n>p1 move psychic\n>p2 move calmmind\n>p1 move psychic\n>p2 move strengthsap\n>p1 move psychic\n>p2 move shadowball\n>p1 switch 4\n>p1 move stoneaxe\n>p2 move shadowball\n>p1 switch 5\n>p1 move swordsdance\n>p2 move shadowball\n>p1 switch 2\n>p1 move poltergeist\n>p2 move shadowball", "uploadtime": 1782876194, "views": 3, "formatid": "gen9randombattle", "rating": 1337, "private": 0, "password": null, "player_dets": [{"name": "testbotcif", "avatar": "1", "rating": 1356, "seed": "sodium,ae9f9aa9d436b95b34a763524da76dbf"}, {"name": "crashstevieg6", "avatar": "102", "rating": 1379, "seed": "sodium,6afe4970f937b8e6250c1b94ffe4ad26"}], "teams_full": [{"Mamoswine": {"name": "Mamoswine", "species": "Mamoswine", "speciesId": "mamoswine", "gender": "M", "shiny": false, "level": 81, "moves": ["knockoff", "iceshard", "iciclecrash", "earthquake"], "ability": "Thick Fat", "evs": {"hp": 85, "atk": 85, "def": 85, "spa": 85, "spd": 85, "spe": 85}, "ivs": {"hp": 31, "atk": 31, "def": 31, "spa": 31, "spd": 31, "spe": 31}, "item": "Choice Band", "teraType": "Ground", "role": "Wallbreaker", "bvs": {"hp": 110, "atk": 130, "def": 80, "spa": 70, "spd": 60, "spe": 80}, "stats": {"hp": 311, "atk": 257, "def": 176, "spa": 160, "spd": 144, "spe": 176}, "types": ["Ice", "Ground"]}, "Banette": {"name": "Banette", "species": "Banette", "speciesId": "banette", "gender": "F", "shiny": false, "level": 93, "moves": ["poltergeist", "thunderwave", "shadowsneak", "gunkshot"], "ability": "Cursed Body", "evs": {"hp": 85, "atk": 85, "def": 85, "spa": 85, "spd": 85, "spe": 85}, "ivs": {"hp": 31, "atk": 31, "def": 31, "spa": 31, "spd": 31, "spe": 31}, "item": "Life Orb", "teraType": "Poison", "role": "Wallbreaker", "bvs": {"hp": 64, "atk": 115, "def": 65, "spa": 83, "spd": 63, "spe": 65}, "stats": {"hp": 270, "atk": 267, "def": 174, "spa": 207, "spd": 170, "spe": 174}, "types": ["Ghost"]}, "Beartic": {"name": "Beartic", "species": "Beartic", "speciesId": "beartic", "gender": "F", "shiny": false, "level": 91, "moves": ["aquajet", "earthquake", "swordsdance", "iciclecrash"], "ability": "Slush Rush", "evs": {"hp": 85, "atk": 85, "def": 85, "spa": 85, "spd": 85, "spe": 85}, "ivs": {"hp": 31, "atk": 31, "def": 31, "spa": 31, "spd": 31, "spe": 31}, "item": "Heavy-Duty Boots", "teraType": "Ground", "role": "Wallbreaker", "bvs": {"hp": 95, "atk": 130, "def": 80, "spa": 70, "spd": 80, "spe": 50}, "stats": {"hp": 321, "atk": 288, "def": 197, "spa": 179, "spd": 197, "spe": 143}, "types": ["Ice"]}, "Kleavor": {"name": "Kleavor", "species": "Kleavor", "speciesId": "kleavor", "gender": "M", "shiny": false, "level": 78, "moves": ["xscissor", "stoneaxe", "uturn", "defog"], "ability": "Sharpness", "evs": {"hp": 85, "atk": 85, "def": 85, "spa": 85, "spd": 85, "spe": 85}, "ivs": {"hp": 31, "atk": 31, "def": 31, "spa": 31, "spd": 31, "spe": 31}, "item": "Heavy-Duty Boots", "teraType": "Bug", "role": "Bulky Attacker", "bvs": {"hp": 70, "atk": 135, "def": 95, "spa": 45, "spd": 70, "spe": 85}, "stats": {"hp": 237, "atk": 256, "def": 193, "spa": 115, "spd": 154, "spe": 178}, "types": ["Bug", "Rock"]}, "Archaludon": {"name": "Archaludon", "species": "Archaludon", "speciesId": "archaludon", "gender": "M", "shiny": false, "level": 78, "moves": ["swordsdance", "earthquake", "outrage", "ironhead"], "ability": "Stamina", "evs": {"hp": 85, "atk": 85, "def": 85, "spa": 85, "spd": 85, "spe": 85}, "ivs": {"hp": 31, "atk": 31, "def": 31, "spa": 31, "spd": 31, "spe": 31}, "item": "Lum Berry", "teraType": "Ground", "role": "Bulky Setup", "bvs": {"hp": 90, "atk": 105, "def": 130, "spa": 125, "spd": 65, "spe": 85}, "stats": {"hp": 268, "atk": 209, "def": 248, "spa": 240, "spd": 146, "spe": 178}, "types": ["Steel", "Dragon"]}, "Rabsca": {"name": "Rabsca", "species": "Rabsca", "speciesId": "rabsca", "gender": "M", "shiny": false, "level": 91, "moves": ["bugbuzz", "earthpower", "revivalblessing", "psychic"], "ability": "Synchronize", "evs": {"hp": 85, "atk": 0, "def": 85, "spa": 85, "spd": 85, "spe": 85}, "ivs": {"hp": 31, "atk": 0, "def": 31, "spa": 31, "spd": 31, "spe": 31}, "item": "Heavy-Duty Boots", "teraType": "Steel", "role": "Wallbreaker", "bvs": {"hp": 75, "atk": 50, "def": 85, "spa": 115, "spd": 100, "spe": 45}, "stats": {"hp": 284, "atk": 96, "def": 207, "spa": 261, "spd": 234, "spe": 134}, "types": ["Bug", "Psychic"]}}, {"Staraptor": {"name": "Staraptor", "species": "Staraptor", "speciesId": "staraptor", "gender": "F", "shiny": false, "level": 79, "moves": ["bravebird", "uturn", "closecombat", "quickattack"], "ability": "Reckless", "evs": {"hp": 81, "atk": 85, "def": 85, "spa": 85, "spd": 85, "spe": 85}, "ivs": {"hp": 31, "atk": 31, "def": 31, "spa": 31, "spd": 31, "spe": 31}, "item": "Choice Band", "teraType": "Fighting", "role": "Fast Attacker", "bvs": {"hp": 85, "atk": 120, "def": 70, "spa": 50, "spd": 60, "spe": 100}, "stats": {"hp": 263, "atk": 235, "def": 156, "spa": 125, "spd": 140, "spe": 204}, "types": ["Normal", "Flying"]}, "Oinkologne": {"name": "Oinkologne", "species": "Oinkologne", "speciesId": "oinkologne", "gender": "M", "shiny": false, "level": 92, "moves": ["highhorsepower", "lashout", "curse", "doubleedge"], "ability": "Thick Fat", "evs": {"hp": 85, "atk": 85, "def": 85, "spa": 85, "spd": 85, "spe": 85}, "ivs": {"hp": 31, "atk": 31, "def": 31, "spa": 31, "spd": 31, "spe": 31}, "item": "Leftovers", "teraType": "Ground", "role": "Bulky Setup", "bvs": {"hp": 110, "atk": 100, "def": 75, "spa": 59, "spd": 80, "spe": 65}, "stats": {"hp": 352, "atk": 236, "def": 190, "spa": 161, "spd": 200, "spe": 172}, "types": ["Normal"]}, "Avalugg": {"name": "Avalugg", "species": "Avalugg", "speciesId": "avalugg", "gender": "F", "shiny": false, "level": 88, "moves": ["bodypress", "rapidspin", "avalanche", "recover"], "ability": "Sturdy", "evs": {"hp": 85, "atk": 85, "def": 85, "spa": 85, "spd": 85, "spe": 85}, "ivs": {"hp": 31, "atk": 31, "def": 31, "spa": 31, "spd": 31, "spe": 31}, "item": "Heavy-Duty Boots", "teraType": "Fighting", "role": "Bulky Support", "bvs": {"hp": 95, "atk": 117, "def": 184, "spa": 44, "spd": 46, "spe": 28}, "stats": {"hp": 310, "atk": 256, "def": 374, "spa": 128, "spd": 131, "spe": 100}, "types": ["Ice"]}, "Drifblim": {"name": "Drifblim", "species": "Drifblim", "speciesId": "drifblim", "gender": "M", "shiny": false, "level": 86, "moves": ["shadowball", "airslash", "calmmind", "strengthsap"], "ability": "Unburden", "evs": {"hp": 73, "atk": 0, "def": 85, "spa": 85, "spd": 85, "spe": 85}, "ivs": {"hp": 31, "atk": 0, "def": 31, "spa": 31, "spd": 31, "spe": 31}, "item": "Sitrus Berry", "teraType": "Fairy", "role": "Bulky Attacker", "bvs": {"hp": 150, "atk": 80, "def": 44, "spa": 90, "spd": 54, "spe": 80}, "stats": {"hp": 396, "atk": 142, "def": 125, "spa": 204, "spd": 142, "spe": 187}, "types": ["Ghost", "Flying"]}, "Falinks": {"name": "Falinks", "species": "Falinks", "speciesId": "falinks", "gender": "N", "shiny": false, "level": 84, "moves": ["knockoff", "ironhead", "noretreat", "closecombat"], "ability": "Defiant", "evs": {"hp": 85, "atk": 85, "def": 85, "spa": 85, "spd": 85, "spe": 85}, "ivs": {"hp": 31, "atk": 31, "def": 31, "spa": 31, "spd": 31, "spe": 31}, "item": "Life Orb", "teraType": "Steel", "role": "Setup Sweeper", "bvs": {"hp": 65, "atk": 100, "def": 100, "spa": 70, "spd": 60, "spe": 75}, "stats": {"hp": 246, "atk": 216, "def": 216, "spa": 166, "spd": 149, "spe": 174}, "types": ["Fighting"]}, "Hippowdon": {"name": "Hippowdon", "species": "Hippowdon", "speciesId": "hippowdon", "gender": "M", "shiny": false, "level": 82, "moves": ["slackoff", "whirlwind", "earthquake", "stealthrock"], "ability": "Sand Stream", "evs": {"hp": 85, "atk": 85, "def": 85, "spa": 85, "spd": 85, "spe": 85}, "ivs": {"hp": 31, "atk": 31, "def": 31, "spa": 31, "spd": 31, "spe": 31}, "item": "Rocky Helmet", "teraType": "Steel", "role": "Bulky Support", "bvs": {"hp": 108, "atk": 112, "def": 118, "spa": 68, "spd": 72, "spe": 47}, "stats": {"hp": 311, "atk": 231, "def": 241, "spa": 159, "spd": 165, "spe": 124}, "types": ["Ground"]}}]}