{"id": "gen9randombattle-2641973060", "format": "[Gen 9] Random Battle", "players": ["Masydra", "testbotcif"], "log": "|j|\u2606Masydra\n|j|\u2606testbotcif\n|t:|1782867022\n|gametype|singles\n|player|p1|Masydra|1|1203\n|player|p2|testbotcif|1|1227\n|gen|9\n|tier|[Gen 9] Random Battle\n|rated|\n|rule|Species Clause: Limit one of each Pok\u00e9mon\n|rule|HP Percentage Mod: HP is shown in percentages\n|rule|Sleep Clause Mod: Limit one foe put to sleep\n|rule|Illusion Level Mod: Illusion disguises the Pok\u00e9mon's true level\n|\n|t:|1782867022\n|teamsize|p1|6\n|teamsize|p2|6\n|start\n|switch|p1a: Jumpluff|Jumpluff, L87, M|271/271\n|switch|p2a: Cobalion|Cobalion, L80|277/277\n|turn|1\n|c|\u2606testbotcif|rlhf\n|inactive|Battle timer is ON: inactive players will automatically lose when time's up. (requested by testbotcif)\n|\n|t:|1782867033\n|move|p1a: Jumpluff|Sleep Powder|p2a: Cobalion\n|-status|p2a: Cobalion|slp|[from] move: Sleep Powder\n|cant|p2a: Cobalion|slp\n|\n|upkeep\n|turn|2\n|\n|t:|1782867041\n|move|p1a: Jumpluff|U-turn|p2a: Cobalion\n|-resisted|p2a: Cobalion\n|-damage|p2a: Cobalion|270/277 slp\n|\n|t:|1782867051\n|switch|p1a: Vaporeon|Vaporeon, L86, M|364/364|[from] U-turn\n|cant|p2a: Cobalion|slp\n|\n|-heal|p2a: Cobalion|277/277 slp|[from] item: Leftovers\n|upkeep\n|turn|3\n|\n|t:|1782867063\n|switch|p2a: Lanturn|Lanturn, L89, F|367/367\n|move|p1a: Vaporeon|Scald|p2a: Lanturn\n|-resisted|p2a: Lanturn\n|-damage|p2a: Lanturn|318/367\n|-status|p2a: Lanturn|brn\n|\n|-damage|p2a: Lanturn|296/367 brn|[from] brn\n|upkeep\n|turn|4\n|\n|t:|1782867075\n|switch|p1a: Spidops|Spidops, L96, F|271/271\n|move|p2a: Lanturn|Thunderbolt|p1a: Spidops\n|-damage|p1a: Spidops|189/271\n|\n|-damage|p2a: Lanturn|274/367 brn|[from] brn\n|upkeep\n|turn|5\n|\n|t:|1782867083\n|move|p2a: Lanturn|Thunderbolt|p1a: Spidops\n|-damage|p1a: Spidops|107/271\n|move|p1a: Spidops|Sticky Web|p2a: Lanturn\n|-sidestart|p2: testbotcif|move: Sticky Web\n|\n|-damage|p2a: Lanturn|252/367 brn|[from] brn\n|upkeep\n|turn|6\n|\n|t:|1782867095\n|switch|p1a: Raichu|Raichu, L88, F|249/249\n|move|p2a: Lanturn|Thunderbolt|p1a: Raichu\n|-ability|p1a: Raichu|Lightning Rod|boost\n|-boost|p1a: Raichu|spa|1\n|\n|-damage|p2a: Lanturn|230/367 brn|[from] brn\n|upkeep\n|turn|7\n|\n|t:|1782867110\n|switch|p2a: Mudsdale|Mudsdale, L83, F|302/302\n|-activate|p2a: Mudsdale|move: Sticky Web\n|-unboost|p2a: Mudsdale|spe|1\n|move|p1a: Raichu|Encore||[still]\n|-fail|p1a: Raichu\n|\n|upkeep\n|turn|8\n|\n|t:|1782867122\n|-terastallize|p1a: Raichu|Ice\n|move|p1a: Raichu|Nasty Plot|p1a: Raichu\n|-boost|p1a: Raichu|spa|2\n|move|p2a: Mudsdale|Earthquake|p1a: Raichu\n|-damage|p1a: Raichu|75/249\n|\n|upkeep\n|turn|9\n|\n|t:|1782867131\n|move|p1a: Raichu|Tera Blast|p2a: Mudsdale|[anim] Tera Blast Ice\n|-supereffective|p2a: Mudsdale\n|-damage|p2a: Mudsdale|0 fnt\n|faint|p2a: Mudsdale\n|-damage|p1a: Raichu|51/249|[from] item: Life Orb\n|\n|upkeep\n|\n|t:|1782867131\n|switch|p2a: Dusknoir|Dusknoir, L89, M|225/225\n|-activate|p2a: Dusknoir|move: Sticky Web\n|-unboost|p2a: Dusknoir|spe|1\n|-item|p1a: Raichu|Life Orb|[from] ability: Frisk|[of] p2a: Dusknoir\n|turn|10\n|\n|t:|1782867150\n|switch|p1a: Indeedee|Indeedee-F, L90, F|272/272\n|-fieldstart|move: Psychic Terrain|[from] ability: Psychic Surge|[of] p1a: Indeedee\n|move|p2a: Dusknoir|Shadow Sneak|p1a: Indeedee\n|-activate|p1a: Indeedee|move: Psychic Terrain\n|\n|upkeep\n|turn|11\n|\n|t:|1782867158\n|switch|p2a: Gyarados|Gyarados, L79, F|280/280\n|-ability|p2a: Gyarados|Intimidate|boost\n|-unboost|p1a: Indeedee|atk|1\n|move|p1a: Indeedee|Calm Mind|p1a: Indeedee\n|-boost|p1a: Indeedee|spa|1\n|-boost|p1a: Indeedee|spd|1\n|\n|upkeep\n|turn|12\n|\n|t:|1782867169\n|move|p1a: Indeedee|Psychic|p2a: Gyarados\n|-damage|p2a: Gyarados|38/280\n|-damage|p1a: Indeedee|245/272|[from] item: Life Orb\n|move|p2a: Gyarados|Dragon Dance|p2a: Gyarados\n|-boost|p2a: Gyarados|atk|1\n|-boost|p2a: Gyarados|spe|1\n|\n|upkeep\n|turn|13\n|\n|t:|1782867180\n|move|p2a: Gyarados|Waterfall|p1a: Indeedee\n|-damage|p1a: Indeedee|88/272\n|cant|p1a: Indeedee|flinch\n|\n|upkeep\n|turn|14\n|\n|t:|1782867186\n|move|p2a: Gyarados|Waterfall|p1a: Indeedee\n|-crit|p1a: Indeedee\n|-damage|p1a: Indeedee|0 fnt\n|faint|p1a: Indeedee\n|\n|-fieldend|move: Psychic Terrain\n|upkeep\n|\n|t:|1782867200\n|switch|p1a: Jumpluff|Jumpluff, L87, M|271/271\n|turn|15\n|\n|t:|1782867205\n|move|p2a: Gyarados|Stone Edge|p1a: Jumpluff\n|-supereffective|p1a: Jumpluff\n|-damage|p1a: Jumpluff|0 fnt\n|faint|p1a: Jumpluff\n|\n|upkeep\n|\n|t:|1782867221\n|switch|p1a: Vaporeon|Vaporeon, L86, M|364/364\n|turn|16\n|\n|t:|1782867228\n|move|p2a: Gyarados|Earthquake|p1a: Vaporeon\n|-damage|p1a: Vaporeon|214/364\n|move|p1a: Vaporeon|Scald|p2a: Gyarados\n|-resisted|p2a: Gyarados\n|-damage|p2a: Gyarados|0 fnt\n|faint|p2a: Gyarados\n|\n|-heal|p1a: Vaporeon|236/364|[from] item: Leftovers\n|upkeep\n|\n|t:|1782867228\n|switch|p2a: Lanturn|Lanturn, L89, F|230/367 brn\n|turn|17\n|\n|t:|1782867243\n|move|p1a: Vaporeon|Protect|p1a: Vaporeon\n|-singleturn|p1a: Vaporeon|Protect\n|move|p2a: Lanturn|Thunderbolt|p1a: Vaporeon\n|-activate|p1a: Vaporeon|move: Protect\n|\n|-heal|p1a: Vaporeon|258/364|[from] item: Leftovers\n|-damage|p2a: Lanturn|208/367 brn|[from] brn\n|upkeep\n|turn|18\n|\n|t:|1782867254\n|switch|p1a: Raichu|Raichu, L88, F, tera:Ice|51/249\n|move|p2a: Lanturn|Thunderbolt|p1a: Raichu\n|-ability|p1a: Raichu|Lightning Rod|boost\n|-boost|p1a: Raichu|spa|1\n|\n|-damage|p2a: Lanturn|186/367 brn|[from] brn\n|upkeep\n|turn|19\n|\n|t:|1782867264\n|move|p1a: Raichu|Encore|p2a: Lanturn\n|-start|p2a: Lanturn|Encore\n|move|p2a: Lanturn|Thunderbolt|p1a: Raichu\n|-ability|p1a: Raichu|Lightning Rod|boost\n|-boost|p1a: Raichu|spa|1\n|\n|-damage|p2a: Lanturn|164/367 brn|[from] brn\n|upkeep\n|turn|20\n|\n|t:|1782867273\n|move|p1a: Raichu|Nasty Plot|p1a: Raichu\n|-boost|p1a: Raichu|spa|2\n|move|p2a: Lanturn|Thunderbolt|p1a: Raichu\n|-ability|p1a: Raichu|Lightning Rod|boost\n|-boost|p1a: Raichu|spa|1\n|\n|-damage|p2a: Lanturn|142/367 brn|[from] brn\n|upkeep\n|turn|21\n|\n|t:|1782867284\n|move|p1a: Raichu|Tera Blast|p2a: Lanturn|[anim] Tera Blast Ice\n|-resisted|p2a: Lanturn\n|-damage|p2a: Lanturn|0 fnt\n|faint|p2a: Lanturn\n|-damage|p1a: Raichu|27/249|[from] item: Life Orb\n|\n|upkeep\n|\n|t:|1782867284\n|switch|p2a: Dusknoir|Dusknoir, L89, M|225/225\n|-activate|p2a: Dusknoir|move: Sticky Web\n|-unboost|p2a: Dusknoir|spe|1\n|-item|p1a: Raichu|Life Orb|[from] ability: Frisk|[of] p2a: Dusknoir\n|turn|22\n|\n|t:|1782867300\n|move|p2a: Dusknoir|Shadow Sneak|p1a: Raichu\n|-damage|p1a: Raichu|0 fnt\n|faint|p1a: Raichu\n|\n|upkeep\n|\n|t:|1782867311\n|switch|p1a: Vaporeon|Vaporeon, L86, M|258/364\n|turn|23\n|\n|t:|1782867317\n|switch|p2a: Decidueye|Decidueye-Hisui, L87, M|295/295\n|-activate|p2a: Decidueye|move: Sticky Web\n|-unboost|p2a: Decidueye|spe|1\n|move|p1a: Vaporeon|Wish|p1a: Vaporeon\n|\n|-heal|p1a: Vaporeon|280/364|[from] item: Leftovers\n|upkeep\n|turn|24\n|\n|t:|1782867336\n|switch|p1a: Bombirdier|Bombirdier, L85, F|258/258\n|move|p2a: Decidueye|Leaf Blade|p1a: Bombirdier\n|-resisted|p1a: Bombirdier\n|-damage|p1a: Bombirdier|199/258\n|\n|-heal|p1a: Bombirdier|258/258|[from] move: Wish|[wisher] Vaporeon\n|upkeep\n|turn|25\n|\n|t:|1782867346\n|-terastallize|p2a: Decidueye|Steel\n|move|p1a: Bombirdier|Brave Bird|p2a: Decidueye\n|-resisted|p2a: Decidueye\n|-damage|p2a: Decidueye|220/295\n|-damage|p1a: Bombirdier|233/258|[from] Recoil\n|move|p2a: Decidueye|Triple Arrows|p1a: Bombirdier\n|-damage|p1a: Bombirdier|125/258\n|\n|-heal|p2a: Decidueye|238/295|[from] item: Leftovers\n|upkeep\n|turn|26\n|-message|Masydra forfeited.\n|\n|win|testbotcif\n|raw|Masydra's rating: 1203 &rarr; <strong>1180</strong><br />(-23 for losing)\n|raw|testbotcif's rating: 1227 &rarr; <strong>1250</strong><br />(+23 for winning)\n", "inputlog": ">version f8ac14003a5f27e1bdc8d8c59608a773c1cb96e5\n>start {\"formatid\":\"gen9randombattle\",\"seed\":\"sodium,51cf49263ddb102264dcf241aacb13e9\",\"rated\":\"Rated battle\"}\n>player p1 {\"name\":\"Masydra\",\"avatar\":\"1\",\"rating\":1203,\"seed\":\"sodium,516e3d3aee39914042231d3b3739df10\"}\n>player p2 {\"name\":\"testbotcif\",\"avatar\":\"1\",\"rating\":1227,\"seed\":\"sodium,f169e67a8e565c6c6fd0a50a23a9f411\"}\n>chat \u2606testbotcif|rlhf\n>p1 move sleeppowder\n>p2 move calmmind\n>p1 move uturn\n>p2 move calmmind\n>p1 switch 2\n>p1 move scald\n>p2 switch 3\n>p1 switch 6\n>p2 move thunderbolt\n>p1 move stickyweb\n>p2 move thunderbolt\n>p1 switch 3\n>p2 move thunderbolt\n>p1 move encore\n>p2 switch 4\n>p1 move nastyplot terastallize\n>p2 move earthquake\n>p1 move terablast\n>p2 move earthquake\n>p2 switch 2\n>p1 switch 5\n>p2 move shadowsneak\n>p1 move calmmind\n>p2 switch 5\n>p1 move psychic\n>p2 move dragondance\n>p1 move psychic\n>p2 move waterfall\n>p1 move psychic\n>p2 move waterfall\n>p1 switch 2\n>p1 move strengthsap\n>p2 move stoneedge\n>p1 switch 6\n>p1 move scald\n>p2 move earthquake\n>p2 switch 4\n>p1 move protect\n>p2 move thunderbolt\n>p1 switch 5\n>p2 move thunderbolt\n>p1 move encore\n>p2 move scald\n>p1 move nastyplot\n>p2 move thunderbolt\n>p1 move terablast\n>p2 move thunderbolt\n>p2 switch 5\n>p1 move terablast\n>p2 move shadowsneak\n>p1 switch 5\n>p1 move wish\n>p2 switch 6\n>p1 switch 4\n>p2 move leafblade\n>p1 move bravebird\n>p2 move triplearrows terastallize\n>forcelose p1", "uploadtime": 1782867358, "views": 5, "formatid": "gen9randombattle", "rating": 1180, "private": 0, "password": null, "player_dets": [{"name": "Masydra", "avatar": "1", "rating": 1203, "seed": "sodium,516e3d3aee39914042231d3b3739df10"}, {"name": "testbotcif", "avatar": "1", "rating": 1227, "seed": "sodium,f169e67a8e565c6c6fd0a50a23a9f411"}], "teams_full": [{"Jumpluff": {"name": "Jumpluff", "species": "Jumpluff", "speciesId": "jumpluff", "gender": "M", "shiny": false, "level": 87, "moves": ["sleeppowder", "acrobatics", "strengthsap", "uturn"], "ability": "Infiltrator", "evs": {"hp": 81, "atk": 85, "def": 85, "spa": 85, "spd": 85, "spe": 85}, "ivs": {"hp": 31, "atk": 31, "def": 31, "spa": 31, "spd": 31, "spe": 31}, "item": "", "teraType": "Steel", "role": "Bulky Attacker", "bvs": {"hp": 75, "atk": 55, "def": 70, "spa": 55, "spd": 95, "spe": 110}, "stats": {"hp": 271, "atk": 145, "def": 172, "spa": 145, "spd": 215, "spe": 241}, "types": ["Grass", "Flying"]}, "Vaporeon": {"name": "Vaporeon", "species": "Vaporeon", "speciesId": "vaporeon", "gender": "M", "shiny": false, "level": 86, "moves": ["protect", "scald", "calmmind", "wish"], "ability": "Water Absorb", "evs": {"hp": 85, "atk": 0, "def": 85, "spa": 85, "spd": 85, "spe": 85}, "ivs": {"hp": 31, "atk": 0, "def": 31, "spa": 31, "spd": 31, "spe": 31}, "item": "Leftovers", "teraType": "Ground", "role": "Bulky Setup", "bvs": {"hp": 130, "atk": 65, "def": 60, "spa": 110, "spd": 95, "spe": 65}, "stats": {"hp": 364, "atk": 116, "def": 152, "spa": 238, "spd": 213, "spe": 161}, "types": ["Water"]}, "Raichu": {"name": "Raichu", "species": "Raichu", "speciesId": "raichu", "gender": "F", "shiny": false, "level": 88, "moves": ["terablast", "nastyplot", "encore", "thunderbolt"], "ability": "Lightning Rod", "evs": {"hp": 85, "atk": 0, "def": 85, "spa": 85, "spd": 85, "spe": 85}, "ivs": {"hp": 31, "atk": 0, "def": 31, "spa": 31, "spd": 31, "spe": 31}, "item": "Life Orb", "teraType": "Ice", "role": "Tera Blast user", "bvs": {"hp": 60, "atk": 90, "def": 55, "spa": 90, "spd": 80, "spe": 110}, "stats": {"hp": 249, "atk": 163, "def": 147, "spa": 209, "spd": 191, "spe": 244}, "types": ["Electric"]}, "Bombirdier": {"name": "Bombirdier", "species": "Bombirdier", "speciesId": "bombirdier", "gender": "F", "shiny": false, "level": 85, "moves": ["roost", "bravebird", "stealthrock", "knockoff"], "ability": "Big Pecks", "evs": {"hp": 85, "atk": 85, "def": 85, "spa": 85, "spd": 85, "spe": 85}, "ivs": {"hp": 31, "atk": 31, "def": 31, "spa": 31, "spd": 31, "spe": 31}, "item": "Heavy-Duty Boots", "teraType": "Dark", "role": "Bulky Support", "bvs": {"hp": 70, "atk": 103, "def": 85, "spa": 60, "spd": 85, "spe": 82}, "stats": {"hp": 258, "atk": 224, "def": 193, "spa": 151, "spd": 193, "spe": 188}, "types": ["Flying", "Dark"]}, "Indeedee": {"name": "Indeedee", "species": "Indeedee-F", "speciesId": "indeedeef", "gender": "F", "shiny": false, "level": 90, "moves": ["dazzlinggleam", "calmmind", "hypervoice", "psychic"], "ability": "Psychic Surge", "evs": {"hp": 85, "atk": 0, "def": 85, "spa": 85, "spd": 85, "spe": 85}, "ivs": {"hp": 31, "atk": 0, "def": 31, "spa": 31, "spd": 31, "spe": 31}, "item": "Life Orb", "teraType": "Fairy", "role": "Fast Attacker", "bvs": {"hp": 70, "atk": 55, "def": 65, "spa": 95, "spd": 105, "spe": 85}, "stats": {"hp": 272, "atk": 104, "def": 168, "spa": 222, "spd": 240, "spe": 204}, "types": ["Psychic", "Normal"]}, "Spidops": {"name": "Spidops", "species": "Spidops", "speciesId": "spidops", "gender": "F", "shiny": false, "level": 96, "moves": ["spikes", "toxicspikes", "knockoff", "stickyweb"], "ability": "Stakeout", "evs": {"hp": 85, "atk": 85, "def": 85, "spa": 85, "spd": 85, "spe": 85}, "ivs": {"hp": 31, "atk": 31, "def": 31, "spa": 31, "spd": 31, "spe": 31}, "item": "Heavy-Duty Boots", "teraType": "Ghost", "role": "Bulky Support", "bvs": {"hp": 60, "atk": 79, "def": 92, "spa": 52, "spd": 86, "spe": 35}, "stats": {"hp": 271, "atk": 206, "def": 231, "spa": 154, "spd": 220, "spe": 122}, "types": ["Bug"]}}, {"Cobalion": {"name": "Cobalion", "species": "Cobalion", "speciesId": "cobalion", "gender": "N", "shiny": false, "level": 80, "moves": ["flashcannon", "aurasphere", "vacuumwave", "calmmind"], "ability": "Justified", "evs": {"hp": 85, "atk": 0, "def": 85, "spa": 85, "spd": 85, "spe": 85}, "ivs": {"hp": 31, "atk": 0, "def": 31, "spa": 31, "spd": 31, "spe": 31}, "item": "Leftovers", "teraType": "Ghost", "role": "Bulky Setup", "bvs": {"hp": 91, "atk": 90, "def": 129, "spa": 90, "spd": 72, "spe": 108}, "stats": {"hp": 277, "atk": 149, "def": 253, "spa": 190, "spd": 161, "spe": 219}, "types": ["Steel", "Fighting"]}, "Dusknoir": {"name": "Dusknoir", "species": "Dusknoir", "speciesId": "dusknoir", "gender": "M", "shiny": false, "level": 89, "moves": ["earthquake", "shadowsneak", "leechlife", "poltergeist"], "ability": "Frisk", "evs": {"hp": 85, "atk": 85, "def": 85, "spa": 85, "spd": 85, "spe": 85}, "ivs": {"hp": 31, "atk": 31, "def": 31, "spa": 31, "spd": 31, "spe": 31}, "item": "Choice Band", "teraType": "Ghost", "role": "Wallbreaker", "bvs": {"hp": 45, "atk": 100, "def": 135, "spa": 65, "spd": 135, "spe": 45}, "stats": {"hp": 225, "atk": 229, "def": 291, "spa": 166, "spd": 291, "spe": 131}, "types": ["Ghost"]}, "Lanturn": {"name": "Lanturn", "species": "Lanturn", "speciesId": "lanturn", "gender": "F", "shiny": false, "level": 89, "moves": ["thunderbolt", "scald", "thunderwave", "voltswitch"], "ability": "Volt Absorb", "evs": {"hp": 85, "atk": 0, "def": 85, "spa": 85, "spd": 85, "spe": 85}, "ivs": {"hp": 31, "atk": 0, "def": 31, "spa": 31, "spd": 31, "spe": 31}, "item": "Heavy-Duty Boots", "teraType": "Flying", "role": "Fast Support", "bvs": {"hp": 125, "atk": 58, "def": 58, "spa": 76, "spd": 76, "spe": 67}, "stats": {"hp": 367, "atk": 108, "def": 154, "spa": 186, "spd": 186, "spe": 170}, "types": ["Water", "Electric"]}, "Mudsdale": {"name": "Mudsdale", "species": "Mudsdale", "speciesId": "mudsdale", "gender": "F", "shiny": false, "level": 83, "moves": ["earthquake", "roar", "stoneedge", "heavyslam"], "ability": "Stamina", "evs": {"hp": 85, "atk": 85, "def": 85, "spa": 85, "spd": 85, "spe": 85}, "ivs": {"hp": 31, "atk": 31, "def": 31, "spa": 31, "spd": 31, "spe": 31}, "item": "Leftovers", "teraType": "Steel", "role": "Bulky Attacker", "bvs": {"hp": 100, "atk": 125, "def": 100, "spa": 55, "spd": 85, "spe": 35}, "stats": {"hp": 302, "atk": 255, "def": 214, "spa": 139, "spd": 189, "spe": 106}, "types": ["Ground"]}, "Gyarados": {"name": "Gyarados", "species": "Gyarados", "speciesId": "gyarados", "gender": "F", "shiny": false, "level": 79, "moves": ["dragondance", "waterfall", "earthquake", "stoneedge"], "ability": "Intimidate", "evs": {"hp": 85, "atk": 85, "def": 85, "spa": 85, "spd": 85, "spe": 85}, "ivs": {"hp": 31, "atk": 31, "def": 31, "spa": 31, "spd": 31, "spe": 31}, "item": "Heavy-Duty Boots", "teraType": "Ground", "role": "Setup Sweeper", "bvs": {"hp": 95, "atk": 125, "def": 79, "spa": 60, "spd": 100, "spe": 81}, "stats": {"hp": 280, "atk": 243, "def": 170, "spa": 140, "spd": 204, "spe": 174}, "types": ["Water", "Flying"]}, "Decidueye": {"name": "Decidueye", "species": "Decidueye-Hisui", "speciesId": "decidueyehisui", "gender": "M", "shiny": false, "level": 87, "moves": ["triplearrows", "uturn", "roost", "leafblade"], "ability": "Scrappy", "evs": {"hp": 85, "atk": 85, "def": 85, "spa": 85, "spd": 85, "spe": 85}, "ivs": {"hp": 31, "atk": 31, "def": 31, "spa": 31, "spd": 31, "spe": 31}, "item": "Leftovers", "teraType": "Steel", "role": "Bulky Attacker", "bvs": {"hp": 88, "atk": 112, "def": 80, "spa": 95, "spd": 95, "spe": 60}, "stats": {"hp": 295, "atk": 245, "def": 189, "spa": 215, "spd": 215, "spe": 154}, "types": ["Grass", "Fighting"]}}]}