{"id": "gen9randombattle-2642137817", "format": "[Gen 9] Random Battle", "players": ["nortonaf", "forcemajor14"], "log": "|j|\u2606nortonaf\n|j|\u2606forcemajor14\n|t:|1782898069\n|gametype|singles\n|player|p1|nortonaf|pokekid|2073\n|player|p2|forcemajor14|266|2107\n|gen|9\n|tier|[Gen 9] Random Battle\n|rated|\n|rule|Species Clause: Limit one of each Pok\u00e9mon\n|rule|HP Percentage Mod: HP is shown in percentages\n|rule|Sleep Clause Mod: Limit one foe put to sleep\n|rule|Illusion Level Mod: Illusion disguises the Pok\u00e9mon's true level\n|\n|t:|1782898069\n|teamsize|p1|6\n|teamsize|p2|6\n|start\n|switch|p1a: Pikachu|Pikachu-Kalos, L93, F|216/216\n|switch|p2a: Ursaluna|Ursaluna-Bloodmoon, L79, M|308/308\n|turn|1\n|inactive|Battle timer is ON: inactive players will automatically lose when time's up. (requested by forcemajor14)\n|\n|t:|1782898078\n|move|p1a: Pikachu|Fake Out|p2a: Ursaluna\n|-crit|p2a: Ursaluna\n|-damage|p2a: Ursaluna|248/308\n|cant|p2a: Ursaluna|flinch\n|\n|-heal|p2a: Ursaluna|267/308|[from] item: Leftovers\n|upkeep\n|turn|2\n|\n|t:|1782898081\n|move|p1a: Pikachu|Surf|p2a: Ursaluna\n|-supereffective|p2a: Ursaluna\n|-damage|p2a: Ursaluna|1/308\n|move|p2a: Ursaluna|Blood Moon|p1a: Pikachu\n|-damage|p1a: Pikachu|0 fnt\n|faint|p1a: Pikachu\n|\n|-heal|p2a: Ursaluna|20/308|[from] item: Leftovers\n|upkeep\n|\n|t:|1782898088\n|switch|p1a: Archaludon|Archaludon, L78, M|268/268\n|turn|3\n|\n|t:|1782898090\n|move|p2a: Ursaluna|Vacuum Wave|p1a: Archaludon\n|-supereffective|p1a: Archaludon\n|-damage|p1a: Archaludon|188/268\n|-ability|p1a: Archaludon|Stamina|boost\n|-boost|p1a: Archaludon|def|1\n|move|p1a: Archaludon|Flash Cannon|p2a: Ursaluna\n|-damage|p2a: Ursaluna|0 fnt\n|faint|p2a: Ursaluna\n|\n|-heal|p1a: Archaludon|204/268|[from] item: Leftovers\n|upkeep\n|\n|t:|1782898095\n|switch|p2a: Lugia|Lugia, L73|275/275\n|turn|4\n|\n|t:|1782898099\n|move|p2a: Lugia|Earth Power|p1a: Archaludon\n|-supereffective|p1a: Archaludon\n|-damage|p1a: Archaludon|68/268\n|-ability|p1a: Archaludon|Stamina|boost\n|-boost|p1a: Archaludon|def|1\n|move|p1a: Archaludon|Stealth Rock|p2a: Lugia\n|-sidestart|p2: forcemajor14|move: Stealth Rock\n|\n|-heal|p1a: Archaludon|84/268|[from] item: Leftovers\n|upkeep\n|turn|5\n|\n|t:|1782898103\n|switch|p1a: Ting-Lu|Ting-Lu, L78|370/370\n|-ability|p1a: Ting-Lu|Vessel of Ruin\n|move|p2a: Lugia|Calm Mind|p2a: Lugia\n|-boost|p2a: Lugia|spa|1\n|-boost|p2a: Lugia|spd|1\n|\n|upkeep\n|turn|6\n|\n|t:|1782898106\n|switch|p2a: Porygon2|Porygon2, L81|270/270\n|-damage|p2a: Porygon2|237/270|[from] Stealth Rock\n|-ability|p2a: Porygon2|Download|boost\n|-boost|p2a: Porygon2|spa|1\n|move|p1a: Ting-Lu|Whirlwind|p2a: Porygon2\n|drag|p2a: Metagross|Metagross, L79|256/256\n|-damage|p2a: Metagross|240/256|[from] Stealth Rock\n|\n|-heal|p2a: Metagross|256/256|[from] item: Leftovers\n|upkeep\n|turn|7\n|\n|t:|1782898109\n|move|p2a: Metagross|Stealth Rock|p1a: Ting-Lu\n|-sidestart|p1: nortonaf|move: Stealth Rock\n|move|p1a: Ting-Lu|Spikes|p2a: Metagross\n|-sidestart|p2: forcemajor14|Spikes\n|\n|upkeep\n|turn|8\n|\n|t:|1782898111\n|switch|p2a: Hitmontop|Hitmontop, L88, M|231/231\n|-damage|p2a: Hitmontop|217/231|[from] Stealth Rock\n|-damage|p2a: Hitmontop|189/231|[from] Spikes\n|-ability|p2a: Hitmontop|Intimidate|boost\n|-unboost|p1a: Ting-Lu|atk|1\n|move|p1a: Ting-Lu|Spikes|p2a: Hitmontop\n|-sidestart|p2: forcemajor14|Spikes\n|\n|upkeep\n|turn|9\n|\n|t:|1782898116\n|-terastallize|p1a: Ting-Lu|Ghost\n|move|p2a: Hitmontop|Rapid Spin|p1a: Ting-Lu\n|-immune|p1a: Ting-Lu\n|move|p1a: Ting-Lu|Earthquake|p2a: Hitmontop\n|-damage|p2a: Hitmontop|132/231\n|\n|upkeep\n|turn|10\n|\n|t:|1782898120\n|move|p2a: Hitmontop|Rapid Spin|p1a: Ting-Lu\n|-immune|p1a: Ting-Lu\n|move|p1a: Ting-Lu|Earthquake|p2a: Hitmontop\n|-damage|p2a: Hitmontop|74/231\n|\n|upkeep\n|turn|11\n|\n|t:|1782898123\n|move|p2a: Hitmontop|Rapid Spin|p1a: Ting-Lu\n|-immune|p1a: Ting-Lu\n|move|p1a: Ting-Lu|Earthquake|p2a: Hitmontop\n|-damage|p2a: Hitmontop|8/231\n|\n|upkeep\n|turn|12\n|\n|t:|1782898129\n|move|p2a: Hitmontop|Sucker Punch|p1a: Ting-Lu\n|-supereffective|p1a: Ting-Lu\n|-crit|p1a: Ting-Lu\n|-damage|p1a: Ting-Lu|232/370\n|move|p1a: Ting-Lu|Throat Chop|p2a: Hitmontop\n|-resisted|p2a: Hitmontop\n|-damage|p2a: Hitmontop|0 fnt\n|faint|p2a: Hitmontop\n|\n|-heal|p1a: Ting-Lu|255/370|[from] item: Leftovers\n|upkeep\n|\n|t:|1782898132\n|switch|p2a: Porygon2|Porygon2, L81|237/270\n|-damage|p2a: Porygon2|204/270|[from] Stealth Rock\n|-damage|p2a: Porygon2|159/270|[from] Spikes\n|-ability|p2a: Porygon2|Download|boost\n|-boost|p2a: Porygon2|spa|1\n|turn|13\n|\n|t:|1782898139\n|switch|p1a: Revavroom|Revavroom, L79, M|256/256\n|-damage|p1a: Revavroom|240/256|[from] Stealth Rock\n|move|p2a: Porygon2|Shadow Ball|p1a: Revavroom\n|-damage|p1a: Revavroom|123/256\n|\n|upkeep\n|turn|14\n|\n|t:|1782898145\n|move|p1a: Revavroom|Iron Head|p2a: Porygon2\n|-damage|p2a: Porygon2|84/270\n|-damage|p1a: Revavroom|98/256|[from] item: Life Orb\n|cant|p2a: Porygon2|flinch\n|\n|upkeep\n|turn|15\n|\n|t:|1782898149\n|switch|p2a: Metagross|Metagross, L79|256/256\n|-damage|p2a: Metagross|240/256|[from] Stealth Rock\n|-damage|p2a: Metagross|198/256|[from] Spikes\n|move|p1a: Revavroom|Gunk Shot|p2a: Metagross\n|-immune|p2a: Metagross\n|\n|-heal|p2a: Metagross|214/256|[from] item: Leftovers\n|upkeep\n|turn|16\n|\n|t:|1782898153\n|move|p1a: Revavroom|High Horsepower|p2a: Metagross\n|-supereffective|p2a: Metagross\n|-damage|p2a: Metagross|74/256\n|-damage|p1a: Revavroom|73/256|[from] item: Life Orb\n|move|p2a: Metagross|Earthquake|p1a: Revavroom\n|-supereffective|p1a: Revavroom\n|-damage|p1a: Revavroom|0 fnt\n|faint|p1a: Revavroom\n|\n|-heal|p2a: Metagross|90/256|[from] item: Leftovers\n|upkeep\n|\n|t:|1782898159\n|switch|p1a: Archaludon|Archaludon, L78, M|84/268\n|-damage|p1a: Archaludon|68/268|[from] Stealth Rock\n|turn|17\n|\n|t:|1782898166\n|move|p1a: Archaludon|Draco Meteor|p2a: Metagross\n|-resisted|p2a: Metagross\n|-damage|p2a: Metagross|16/256\n|-unboost|p1a: Archaludon|spa|2\n|move|p2a: Metagross|Earthquake|p1a: Archaludon\n|-supereffective|p1a: Archaludon\n|-damage|p1a: Archaludon|0 fnt\n|faint|p1a: Archaludon\n|\n|-heal|p2a: Metagross|32/256|[from] item: Leftovers\n|upkeep\n|\n|t:|1782898171\n|switch|p1a: Ting-Lu|Ting-Lu, L78, tera:Ghost|255/370\n|-damage|p1a: Ting-Lu|209/370|[from] Stealth Rock\n|-ability|p1a: Ting-Lu|Vessel of Ruin\n|turn|18\n|\n|t:|1782898174\n|move|p2a: Metagross|Psychic Fangs|p1a: Ting-Lu\n|-damage|p1a: Ting-Lu|130/370\n|move|p1a: Ting-Lu|Throat Chop|p2a: Metagross\n|-supereffective|p2a: Metagross\n|-damage|p2a: Metagross|0 fnt\n|faint|p2a: Metagross\n|\n|-heal|p1a: Ting-Lu|153/370|[from] item: Leftovers\n|upkeep\n|\n|t:|1782898176\n|switch|p2a: Iron Bundle|Iron Bundle, L78|215/215\n|-damage|p2a: Iron Bundle|162/215|[from] Stealth Rock\n|-damage|p2a: Iron Bundle|127/215|[from] Spikes\n|turn|19\n|\n|t:|1782898182\n|move|p2a: Iron Bundle|Ice Beam|p1a: Ting-Lu\n|-damage|p1a: Ting-Lu|27/370\n|move|p1a: Ting-Lu|Whirlwind|p2a: Iron Bundle\n|-end|p2a: Iron Bundle|Quark Drive|[silent]\n|drag|p2a: Lugia|Lugia, L73|275/275\n|\n|-heal|p1a: Ting-Lu|50/370|[from] item: Leftovers\n|upkeep\n|turn|20\n|\n|t:|1782898187\n|move|p2a: Lugia|Aeroblast|p1a: Ting-Lu\n|-damage|p1a: Ting-Lu|0 fnt\n|faint|p1a: Ting-Lu\n|\n|upkeep\n|\n|t:|1782898190\n|switch|p1a: Crabominable|Crabominable, L90, F, shiny|321/321\n|-damage|p1a: Crabominable|281/321|[from] Stealth Rock\n|turn|21\n|\n|t:|1782898194\n|move|p2a: Lugia|Aeroblast|p1a: Crabominable\n|-supereffective|p1a: Crabominable\n|-damage|p1a: Crabominable|113/321\n|move|p1a: Crabominable|Ice Hammer|p2a: Lugia\n|-supereffective|p2a: Lugia\n|-crit|p2a: Lugia\n|-damage|p2a: Lugia|0 fnt\n|-unboost|p1a: Crabominable|spe|1\n|faint|p2a: Lugia\n|\n|upkeep\n|\n|t:|1782898196\n|switch|p2a: Iron Bundle|Iron Bundle, L78|127/215\n|-damage|p2a: Iron Bundle|74/215|[from] Stealth Rock\n|-damage|p2a: Iron Bundle|39/215|[from] Spikes\n|turn|22\n|\n|t:|1782898201\n|move|p2a: Iron Bundle|Hydro Pump|p1a: Crabominable|[miss]\n|-miss|p2a: Iron Bundle|p1a: Crabominable\n|move|p1a: Crabominable|Ice Hammer|p2a: Iron Bundle\n|-resisted|p2a: Iron Bundle\n|-damage|p2a: Iron Bundle|0 fnt\n|-unboost|p1a: Crabominable|spe|1\n|faint|p2a: Iron Bundle\n|-end|p2a: Iron Bundle|Quark Drive|[silent]\n|\n|upkeep\n|\n|t:|1782898204\n|switch|p2a: Porygon2|Porygon2, L81|84/270\n|-damage|p2a: Porygon2|51/270|[from] Stealth Rock\n|-damage|p2a: Porygon2|6/270|[from] Spikes\n|-ability|p2a: Porygon2|Download|boost\n|-boost|p2a: Porygon2|spa|1\n|turn|23\n|\n|t:|1782898206\n|-terastallize|p2a: Porygon2|Fighting\n|move|p2a: Porygon2|Tera Blast|p1a: Crabominable|[anim] Tera Blast Fighting\n|-supereffective|p1a: Crabominable\n|-damage|p1a: Crabominable|0 fnt\n|faint|p1a: Crabominable\n|\n|upkeep\n|\n|t:|1782898208\n|switch|p1a: Dondozo|Dondozo, L78, F|362/362\n|-damage|p1a: Dondozo|317/362|[from] Stealth Rock\n|turn|24\n|\n|t:|1782898211\n|move|p2a: Porygon2|Recover|p2a: Porygon2\n|-heal|p2a: Porygon2|141/270\n|move|p1a: Dondozo|Wave Crash|p2a: Porygon2\n|-damage|p2a: Porygon2|69/270\n|-damage|p1a: Dondozo|293/362|[from] Recoil\n|\n|-heal|p1a: Dondozo|315/362|[from] item: Leftovers\n|upkeep\n|turn|25\n|\n|t:|1782898215\n|move|p2a: Porygon2|Recover|p2a: Porygon2\n|-heal|p2a: Porygon2|204/270\n|move|p1a: Dondozo|Curse|p1a: Dondozo\n|-unboost|p1a: Dondozo|spe|1\n|-boost|p1a: Dondozo|atk|1\n|-boost|p1a: Dondozo|def|1\n|\n|-heal|p1a: Dondozo|337/362|[from] item: Leftovers\n|upkeep\n|turn|26\n|\n|t:|1782898223\n|move|p2a: Porygon2|Tera Blast|p1a: Dondozo|[anim] Tera Blast Fighting\n|-damage|p1a: Dondozo|220/362\n|move|p1a: Dondozo|Wave Crash|p2a: Porygon2\n|-damage|p2a: Porygon2|90/270\n|-damage|p1a: Dondozo|182/362|[from] Recoil\n|\n|-heal|p1a: Dondozo|204/362|[from] item: Leftovers\n|upkeep\n|turn|27\n|\n|t:|1782898227\n|move|p2a: Porygon2|Recover|p2a: Porygon2\n|-heal|p2a: Porygon2|225/270\n|move|p1a: Dondozo|Wave Crash|p2a: Porygon2\n|-damage|p2a: Porygon2|108/270\n|-damage|p1a: Dondozo|165/362|[from] Recoil\n|\n|-heal|p1a: Dondozo|187/362|[from] item: Leftovers\n|upkeep\n|turn|28\n|\n|t:|1782898230\n|move|p2a: Porygon2|Recover|p2a: Porygon2\n|-heal|p2a: Porygon2|243/270\n|move|p1a: Dondozo|Rest|p1a: Dondozo\n|-status|p1a: Dondozo|slp|[from] move: Rest\n|-heal|p1a: Dondozo|362/362 slp|[silent]\n|\n|upkeep\n|turn|29\n|\n|t:|1782898232\n|move|p2a: Porygon2|Tera Blast|p1a: Dondozo|[anim] Tera Blast Fighting\n|-damage|p1a: Dondozo|257/362 slp\n|cant|p1a: Dondozo|slp\n|move|p1a: Dondozo|Sleep Talk|p1a: Dondozo\n|move|p1a: Dondozo|Wave Crash|p2a: Porygon2|[from] move: Sleep Talk\n|-damage|p2a: Porygon2|134/270\n|-damage|p1a: Dondozo|221/362 slp|[from] Recoil\n|\n|-heal|p1a: Dondozo|243/362 slp|[from] item: Leftovers\n|upkeep\n|turn|30\n|\n|t:|1782898236\n|move|p2a: Porygon2|Tera Blast|p1a: Dondozo|[anim] Tera Blast Fighting\n|-damage|p1a: Dondozo|140/362 slp\n|cant|p1a: Dondozo|slp\n|move|p1a: Dondozo|Sleep Talk|p1a: Dondozo\n|move|p1a: Dondozo|Curse|p1a: Dondozo|[from] move: Sleep Talk\n|-unboost|p1a: Dondozo|spe|1\n|-boost|p1a: Dondozo|atk|1\n|-boost|p1a: Dondozo|def|1\n|\n|-heal|p1a: Dondozo|162/362 slp|[from] item: Leftovers\n|upkeep\n|turn|31\n|\n|t:|1782898239\n|move|p2a: Porygon2|Tera Blast|p1a: Dondozo|[anim] Tera Blast Fighting\n|-damage|p1a: Dondozo|47/362 slp\n|-curestatus|p1a: Dondozo|slp|[msg]\n|move|p1a: Dondozo|Rest|p1a: Dondozo\n|-status|p1a: Dondozo|slp|[from] move: Rest\n|-heal|p1a: Dondozo|362/362 slp|[silent]\n|\n|upkeep\n|turn|32\n|\n|t:|1782898242\n|move|p2a: Porygon2|Tera Blast|p1a: Dondozo|[anim] Tera Blast Fighting\n|-damage|p1a: Dondozo|248/362 slp\n|cant|p1a: Dondozo|slp\n|move|p1a: Dondozo|Sleep Talk|p1a: Dondozo\n|move|p1a: Dondozo|Curse|p1a: Dondozo|[from] move: Sleep Talk\n|-unboost|p1a: Dondozo|spe|1\n|-boost|p1a: Dondozo|atk|1\n|-boost|p1a: Dondozo|def|1\n|\n|-heal|p1a: Dondozo|270/362 slp|[from] item: Leftovers\n|upkeep\n|turn|33\n|\n|t:|1782898245\n|move|p2a: Porygon2|Tera Blast|p1a: Dondozo|[anim] Tera Blast Fighting\n|-damage|p1a: Dondozo|162/362 slp\n|cant|p1a: Dondozo|slp\n|move|p1a: Dondozo|Sleep Talk|p1a: Dondozo\n|move|p1a: Dondozo|Curse|p1a: Dondozo|[from] move: Sleep Talk\n|-unboost|p1a: Dondozo|spe|1\n|-boost|p1a: Dondozo|atk|1\n|-boost|p1a: Dondozo|def|1\n|\n|-heal|p1a: Dondozo|184/362 slp|[from] item: Leftovers\n|upkeep\n|turn|34\n|\n|t:|1782898249\n|move|p2a: Porygon2|Tera Blast|p1a: Dondozo|[anim] Tera Blast Fighting\n|-damage|p1a: Dondozo|64/362 slp\n|-curestatus|p1a: Dondozo|slp|[msg]\n|move|p1a: Dondozo|Wave Crash|p2a: Porygon2\n|-damage|p2a: Porygon2|0 fnt\n|faint|p2a: Porygon2\n|-damage|p1a: Dondozo|20/362|[from] Recoil\n|\n|win|nortonaf\n|raw|nortonaf's rating: 2073 &rarr; <strong>2098</strong><br />(+25 for winning)\n|raw|forcemajor14's rating: 2169 &rarr; <strong>2144</strong><br />(-25 for losing)\n", "inputlog": ">version f8ac14003a5f27e1bdc8d8c59608a773c1cb96e5\n>start {\"formatid\":\"gen9randombattle\",\"seed\":\"sodium,e33084800751e60a27bf1caf061554b6\",\"rated\":\"Rated battle\"}\n>player p1 {\"name\":\"nortonaf\",\"avatar\":\"pokekid\",\"rating\":2073,\"seed\":\"sodium,a81b7535ebbef78474888b4c2914da87\"}\n>player p2 {\"name\":\"forcemajor14\",\"avatar\":\"266\",\"rating\":2107,\"seed\":\"sodium,f1ec6c39597e2c8e191059c9d07515c2\"}\n>p1 move fakeout\n>p2 move bloodmoon\n>p1 move surf\n>p2 move bloodmoon\n>p1 switch 2\n>p1 move flashcannon\n>p2 move vacuumwave\n>p2 switch 2\n>p1 move stealthrock\n>p2 move earthpower\n>p1 switch 3\n>p2 move calmmind\n>p1 move whirlwind\n>p2 switch 5\n>p1 move spikes\n>p2 move stealthrock\n>p1 move spikes\n>p2 switch 4\n>p1 move earthquake terastallize\n>p2 move rapidspin\n>p1 move earthquake\n>p2 move rapidspin\n>p1 move earthquake\n>p2 move rapidspin\n>p1 move throatchop\n>p2 move suckerpunch\n>p2 switch 3\n>p1 switch 5\n>p2 move shadowball\n>p1 move ironhead\n>p2 move recover\n>p1 move gunkshot\n>p2 switch 4\n>p1 move highhorsepower\n>p2 move earthquake\n>p1 switch 3\n>p1 move dracometeor\n>p2 move earthquake\n>p1 switch 5\n>p1 move throatchop\n>p2 move psychicfangs\n>p2 switch 6\n>p1 move whirlwind\n>p2 move icebeam\n>p1 move throatchop\n>p2 move aeroblast\n>p1 switch 6\n>p1 move icehammer\n>p2 move aeroblast\n>p2 switch 5\n>p1 move icehammer\n>p2 move hydropump\n>p2 switch 4\n>p1 move icehammer\n>p2 move terablast terastallize\n>p1 switch 4\n>p1 move wavecrash\n>p2 move recover\n>p1 move curse\n>p2 move recover\n>p1 move wavecrash\n>p2 move terablast\n>p1 move wavecrash\n>p2 move recover\n>p1 move rest\n>p2 move recover\n>p1 move sleeptalk\n>p2 move terablast\n>p1 move sleeptalk\n>p2 move terablast\n>p1 move rest\n>p2 move terablast\n>p1 move sleeptalk\n>p2 move terablast\n>p1 move sleeptalk\n>p2 move terablast\n>p1 move wavecrash\n>p2 move terablast", "uploadtime": 1782898250, "views": 12, "formatid": "gen9randombattle", "rating": 2098, "private": 0, "password": null, "player_dets": [{"name": "nortonaf", "avatar": "pokekid", "rating": 2073, "seed": "sodium,a81b7535ebbef78474888b4c2914da87"}, {"name": "forcemajor14", "avatar": "266", "rating": 2107, "seed": "sodium,f1ec6c39597e2c8e191059c9d07515c2"}], "teams_full": [{"Pikachu": {"name": "Pikachu", "species": "Pikachu-Kalos", "speciesId": "pikachu", "gender": "F", "shiny": false, "level": 93, "moves": ["volttackle", "fakeout", "surf", "voltswitch"], "ability": "Lightning Rod", "evs": {"hp": 85, "atk": 85, "def": 85, "spa": 85, "spd": 85, "spe": 85}, "ivs": {"hp": 31, "atk": 31, "def": 31, "spa": 31, "spd": 31, "spe": 31}, "item": "Light Ball", "teraType": "Water", "role": "Fast Attacker", "bvs": {"hp": 35, "atk": 55, "def": 40, "spa": 50, "spd": 50, "spe": 90}, "stats": {"hp": 216, "atk": 155, "def": 127, "spa": 146, "spd": 146, "spe": 220}, "types": ["Electric"]}, "Archaludon": {"name": "Archaludon", "species": "Archaludon", "speciesId": "archaludon", "gender": "M", "shiny": false, "level": 78, "moves": ["flashcannon", "stealthrock", "dracometeor", "bodypress"], "ability": "Stamina", "evs": {"hp": 85, "atk": 0, "def": 85, "spa": 85, "spd": 85, "spe": 85}, "ivs": {"hp": 31, "atk": 0, "def": 31, "spa": 31, "spd": 31, "spe": 31}, "item": "Leftovers", "teraType": "Fighting", "role": "Bulky Attacker", "bvs": {"hp": 90, "atk": 105, "def": 130, "spa": 125, "spd": 65, "spe": 85}, "stats": {"hp": 268, "atk": 168, "def": 248, "spa": 240, "spd": 146, "spe": 178}, "types": ["Steel", "Dragon"]}, "Ting-Lu": {"name": "Ting-Lu", "species": "Ting-Lu", "speciesId": "tinglu", "gender": "N", "shiny": false, "level": 78, "moves": ["earthquake", "throatchop", "spikes", "whirlwind"], "ability": "Vessel of Ruin", "evs": {"hp": 85, "atk": 85, "def": 85, "spa": 85, "spd": 85, "spe": 85}, "ivs": {"hp": 31, "atk": 31, "def": 31, "spa": 31, "spd": 31, "spe": 31}, "item": "Leftovers", "teraType": "Ghost", "role": "Bulky Support", "bvs": {"hp": 155, "atk": 110, "def": 125, "spa": 55, "spd": 80, "spe": 45}, "stats": {"hp": 370, "atk": 217, "def": 240, "spa": 131, "spd": 170, "spe": 115}, "types": ["Dark", "Ground"]}, "Dondozo": {"name": "Dondozo", "species": "Dondozo", "speciesId": "dondozo", "gender": "F", "shiny": false, "level": 78, "moves": ["rest", "wavecrash", "curse", "sleeptalk"], "ability": "Unaware", "evs": {"hp": 85, "atk": 85, "def": 85, "spa": 85, "spd": 85, "spe": 85}, "ivs": {"hp": 31, "atk": 31, "def": 31, "spa": 31, "spd": 31, "spe": 31}, "item": "Leftovers", "teraType": "Dragon", "role": "Bulky Setup", "bvs": {"hp": 150, "atk": 100, "def": 115, "spa": 65, "spd": 65, "spe": 35}, "stats": {"hp": 362, "atk": 201, "def": 224, "spa": 146, "spd": 146, "spe": 100}, "types": ["Water"]}, "Revavroom": {"name": "Revavroom", "species": "Revavroom", "speciesId": "revavroom", "gender": "M", "shiny": false, "level": 79, "moves": ["ironhead", "shiftgear", "highhorsepower", "gunkshot"], "ability": "Filter", "evs": {"hp": 85, "atk": 85, "def": 85, "spa": 85, "spd": 85, "spe": 85}, "ivs": {"hp": 31, "atk": 31, "def": 31, "spa": 31, "spd": 31, "spe": 31}, "item": "Life Orb", "teraType": "Ground", "role": "Fast Attacker", "bvs": {"hp": 80, "atk": 119, "def": 90, "spa": 54, "spd": 67, "spe": 90}, "stats": {"hp": 256, "atk": 234, "def": 188, "spa": 131, "spd": 151, "spe": 188}, "types": ["Steel", "Poison"]}, "Crabominable": {"name": "Crabominable", "species": "Crabominable", "speciesId": "crabominable", "gender": "F", "shiny": true, "level": 90, "moves": ["icehammer", "knockoff", "earthquake", "drainpunch"], "ability": "Iron Fist", "evs": {"hp": 85, "atk": 85, "def": 85, "spa": 85, "spd": 85, "spe": 85}, "ivs": {"hp": 31, "atk": 31, "def": 31, "spa": 31, "spd": 31, "spe": 31}, "item": "Choice Band", "teraType": "Ground", "role": "Wallbreaker", "bvs": {"hp": 97, "atk": 132, "def": 77, "spa": 62, "spd": 67, "spe": 43}, "stats": {"hp": 321, "atk": 289, "def": 190, "spa": 163, "spd": 172, "spe": 129}, "types": ["Fighting", "Ice"]}}, {"Ursaluna": {"name": "Ursaluna", "species": "Ursaluna-Bloodmoon", "speciesId": "ursalunabloodmoon", "gender": "M", "shiny": false, "level": 79, "moves": ["vacuumwave", "moonlight", "calmmind", "bloodmoon"], "ability": "Mind's Eye", "evs": {"hp": 85, "atk": 0, "def": 85, "spa": 85, "spd": 85, "spe": 85}, "ivs": {"hp": 31, "atk": 0, "def": 31, "spa": 31, "spd": 31, "spe": 31}, "item": "Leftovers", "teraType": "Poison", "role": "Bulky Setup", "bvs": {"hp": 113, "atk": 70, "def": 120, "spa": 135, "spd": 65, "spe": 52}, "stats": {"hp": 308, "atk": 115, "def": 235, "spa": 259, "spd": 148, "spe": 128}, "types": ["Ground", "Normal"]}, "Lugia": {"name": "Lugia", "species": "Lugia", "speciesId": "lugia", "gender": "N", "shiny": false, "level": 73, "moves": ["earthpower", "calmmind", "recover", "aeroblast"], "ability": "Multiscale", "evs": {"hp": 85, "atk": 0, "def": 85, "spa": 85, "spd": 85, "spe": 85}, "ivs": {"hp": 31, "atk": 0, "def": 31, "spa": 31, "spd": 31, "spe": 31}, "item": "Heavy-Duty Boots", "teraType": "Ground", "role": "Bulky Setup", "bvs": {"hp": 106, "atk": 90, "def": 130, "spa": 90, "spd": 154, "spe": 110}, "stats": {"hp": 275, "atk": 136, "def": 232, "spa": 174, "spd": 267, "spe": 203}, "types": ["Psychic", "Flying"]}, "Metagross": {"name": "Metagross", "species": "Metagross", "speciesId": "metagross", "gender": "N", "shiny": false, "level": 79, "moves": ["heavyslam", "earthquake", "psychicfangs", "stealthrock"], "ability": "Clear Body", "evs": {"hp": 85, "atk": 85, "def": 85, "spa": 85, "spd": 85, "spe": 85}, "ivs": {"hp": 31, "atk": 31, "def": 31, "spa": 31, "spd": 31, "spe": 31}, "item": "Leftovers", "teraType": "Water", "role": "Bulky Support", "bvs": {"hp": 80, "atk": 135, "def": 130, "spa": 95, "spd": 90, "spe": 70}, "stats": {"hp": 256, "atk": 259, "def": 251, "spa": 196, "spd": 188, "spe": 156}, "types": ["Steel", "Psychic"]}, "Hitmontop": {"name": "Hitmontop", "species": "Hitmontop", "speciesId": "hitmontop", "gender": "M", "shiny": false, "level": 88, "moves": ["closecombat", "suckerpunch", "earthquake", "rapidspin"], "ability": "Intimidate", "evs": {"hp": 85, "atk": 85, "def": 85, "spa": 85, "spd": 85, "spe": 85}, "ivs": {"hp": 31, "atk": 31, "def": 31, "spa": 31, "spd": 31, "spe": 31}, "item": "Assault Vest", "teraType": "Steel", "role": "Bulky Support", "bvs": {"hp": 50, "atk": 95, "def": 95, "spa": 35, "spd": 110, "spe": 70}, "stats": {"hp": 231, "atk": 217, "def": 217, "spa": 112, "spd": 244, "spe": 173}, "types": ["Fighting"]}, "Porygon2": {"name": "Porygon2", "species": "Porygon2", "speciesId": "porygon2", "gender": "N", "shiny": false, "level": 81, "moves": ["recover", "terablast", "thunderwave", "shadowball"], "ability": "Download", "evs": {"hp": 85, "atk": 85, "def": 85, "spa": 85, "spd": 85, "spe": 85}, "ivs": {"hp": 31, "atk": 31, "def": 31, "spa": 31, "spd": 31, "spe": 31}, "item": "Eviolite", "teraType": "Fighting", "role": "Tera Blast user", "bvs": {"hp": 85, "atk": 80, "def": 90, "spa": 105, "spd": 95, "spe": 60}, "stats": {"hp": 270, "atk": 176, "def": 192, "spa": 217, "spd": 201, "spe": 144}, "types": ["Normal"]}, "Iron Bundle": {"name": "Iron Bundle", "species": "Iron Bundle", "speciesId": "ironbundle", "gender": "N", "shiny": false, "level": 78, "moves": ["icebeam", "freezedry", "flipturn", "hydropump"], "ability": "Quark Drive", "evs": {"hp": 85, "atk": 85, "def": 85, "spa": 85, "spd": 85, "spe": 85}, "ivs": {"hp": 31, "atk": 31, "def": 31, "spa": 31, "spd": 31, "spe": 31}, "item": "Choice Specs", "teraType": "Ice", "role": "Fast Attacker", "bvs": {"hp": 56, "atk": 80, "def": 114, "spa": 124, "spd": 60, "spe": 136}, "stats": {"hp": 215, "atk": 170, "def": 223, "spa": 239, "spd": 139, "spe": 257}, "types": ["Ice", "Water"]}}]}