{"id": "gen9randombattle-2642209651", "format": "[Gen 9] Random Battle", "players": ["q3tt3rr34r34r", "yifnmmmn"], "log": "|j|\u2606q3tt3rr34r34r\n|j|\u2606yifnmmmn\n|t:|1782911268\n|gametype|singles\n|player|p1|q3tt3rr34r34r|169|1000\n|player|p2|yifnmmmn|265|1000\n|gen|9\n|tier|[Gen 9] Random Battle\n|rated|\n|rule|Species Clause: Limit one of each Pok\u00e9mon\n|rule|HP Percentage Mod: HP is shown in percentages\n|rule|Sleep Clause Mod: Limit one foe put to sleep\n|rule|Illusion Level Mod: Illusion disguises the Pok\u00e9mon's true level\n|\n|t:|1782911268\n|teamsize|p1|6\n|teamsize|p2|6\n|start\n|switch|p1a: Vikavolt|Vikavolt, L83, F|263/263\n|switch|p2a: Swanna|Swanna, L89, M|278/278\n|turn|1\n|inactive|Battle timer is ON: inactive players will automatically lose when time's up. (requested by q3tt3rr34r34r)\n|\n|t:|1782911277\n|-terastallize|p2a: Swanna|Ground\n|move|p2a: Swanna|Brave Bird|p1a: Vikavolt\n|-damage|p1a: Vikavolt|145/263\n|-damage|p2a: Swanna|239/278|[from] Recoil\n|move|p1a: Vikavolt|Sticky Web|p2a: Swanna\n|-sidestart|p2: yifnmmmn|move: Sticky Web\n|\n|upkeep\n|turn|2\n|\n|t:|1782911291\n|switch|p1a: Reuniclus|Reuniclus, L88, F|337/337\n|move|p2a: Swanna|Hydro Pump|p1a: Reuniclus\n|-damage|p1a: Reuniclus|211/337\n|\n|upkeep\n|turn|3\n|\n|t:|1782911300\n|switch|p2a: Giratina|Giratina-Origin, L72|335/335\n|move|p1a: Reuniclus|Psyshock|p2a: Giratina\n|-damage|p2a: Giratina|187/335\n|\n|upkeep\n|turn|4\n|\n|t:|1782911311\n|move|p2a: Giratina|Poltergeist|p1a: Reuniclus\n|-activate|p1a: Reuniclus|move: Poltergeist|Life Orb\n|-supereffective|p1a: Reuniclus\n|-damage|p1a: Reuniclus|0 fnt\n|faint|p1a: Reuniclus\n|\n|upkeep\n|\n|t:|1782911316\n|switch|p1a: Dedenne|Dedenne, L88, M|261/261\n|turn|5\n|\n|t:|1782911321\n|move|p1a: Dedenne|Dazzling Gleam|p2a: Giratina\n|-supereffective|p2a: Giratina\n|-crit|p2a: Giratina\n|-damage|p2a: Giratina|0 fnt\n|faint|p2a: Giratina\n|\n|upkeep\n|\n|t:|1782911330\n|switch|p2a: Swanna|Swanna, L89, M, tera:Ground|239/278\n|turn|6\n|\n|t:|1782911335\n|move|p1a: Dedenne|Dazzling Gleam|p2a: Swanna\n|-damage|p2a: Swanna|137/278\n|move|p2a: Swanna|Defog|p1a: Dedenne\n|-unboost|p1a: Dedenne|evasion|1\n|-sideend|p2: yifnmmmn|Sticky Web|[from] move: Defog|[of] p2a: Swanna\n|\n|upkeep\n|turn|7\n|\n|t:|1782911348\n|switch|p1a: Zamazenta|Zamazenta, L71|248/248\n|-ability|p1a: Zamazenta|Dauntless Shield|boost\n|-boost|p1a: Zamazenta|def|1\n|switch|p2a: Glalie|Glalie, L96, F|309/309\n|\n|upkeep\n|turn|8\n|\n|t:|1782911360\n|switch|p2a: Dodrio|Dodrio, L85, M|241/241\n|move|p1a: Zamazenta|Iron Defense|p1a: Zamazenta\n|-boost|p1a: Zamazenta|def|2\n|\n|upkeep\n|turn|9\n|\n|t:|1782911367\n|move|p1a: Zamazenta|Iron Defense|p1a: Zamazenta\n|-boost|p1a: Zamazenta|def|2\n|move|p2a: Dodrio|Brave Bird|p1a: Zamazenta\n|-supereffective|p1a: Zamazenta\n|-damage|p1a: Zamazenta|126/248\n|-damage|p2a: Dodrio|201/241|[from] Recoil\n|\n|-heal|p1a: Zamazenta|141/248|[from] item: Leftovers\n|upkeep\n|turn|10\n|\n|t:|1782911373\n|move|p1a: Zamazenta|Body Press|p2a: Dodrio\n|-damage|p2a: Dodrio|0 fnt\n|faint|p2a: Dodrio\n|\n|-heal|p1a: Zamazenta|156/248|[from] item: Leftovers\n|upkeep\n|\n|t:|1782911377\n|switch|p2a: Swanna|Swanna, L89, M, tera:Ground|137/278\n|turn|11\n|\n|t:|1782911381\n|move|p1a: Zamazenta|Body Press|p2a: Swanna\n|-damage|p2a: Swanna|0 fnt\n|faint|p2a: Swanna\n|\n|-heal|p1a: Zamazenta|171/248|[from] item: Leftovers\n|upkeep\n|\n|t:|1782911391\n|switch|p2a: Glalie|Glalie, L96, F|309/309\n|turn|12\n|\n|t:|1782911397\n|move|p1a: Zamazenta|Body Press|p2a: Glalie\n|-supereffective|p2a: Glalie\n|-damage|p2a: Glalie|0 fnt\n|faint|p2a: Glalie\n|\n|-heal|p1a: Zamazenta|186/248|[from] item: Leftovers\n|upkeep\n|\n|t:|1782911402\n|switch|p2a: Urshifu|Urshifu-Rapid-Strike, L75, M|274/274\n|turn|13\n|\n|t:|1782911407\n|move|p1a: Zamazenta|Body Press|p2a: Urshifu\n|-damage|p2a: Urshifu|31/274\n|move|p2a: Urshifu|Surging Strikes|p1a: Zamazenta\n|-crit|p1a: Zamazenta\n|-damage|p1a: Zamazenta|134/248\n|-crit|p1a: Zamazenta\n|-damage|p1a: Zamazenta|82/248\n|-crit|p1a: Zamazenta\n|-damage|p1a: Zamazenta|34/248\n|-hitcount|p1a: Zamazenta|3\n|-damage|p2a: Urshifu|4/274|[from] item: Life Orb\n|\n|-heal|p1a: Zamazenta|49/248|[from] item: Leftovers\n|upkeep\n|turn|14\n|\n|t:|1782911423\n|move|p1a: Zamazenta|Body Press|p2a: Urshifu\n|-damage|p2a: Urshifu|0 fnt\n|faint|p2a: Urshifu\n|\n|-heal|p1a: Zamazenta|64/248|[from] item: Leftovers\n|upkeep\n|\n|t:|1782911425\n|switch|p2a: Tauros|Tauros-Paldea-Combat, L82, M|257/257\n|-ability|p2a: Tauros|Intimidate|boost\n|-unboost|p1a: Zamazenta|atk|1\n|turn|15\n|\n|t:|1782911433\n|move|p1a: Zamazenta|Body Press|p2a: Tauros\n|-damage|p2a: Tauros|53/257\n|move|p2a: Tauros|Close Combat|p1a: Zamazenta\n|-damage|p1a: Zamazenta|16/248\n|-unboost|p2a: Tauros|def|1\n|-unboost|p2a: Tauros|spd|1\n|-damage|p2a: Tauros|28/257|[from] item: Life Orb\n|\n|-heal|p1a: Zamazenta|31/248|[from] item: Leftovers\n|upkeep\n|turn|16\n|-message|yifnmmmn forfeited.\n|\n|win|q3tt3rr34r34r\n|raw|q3tt3rr34r34r's rating: 1000 &rarr; <strong>1040</strong><br />(+40 for winning)\n|raw|yifnmmmn's rating: 1000 &rarr; <strong>1000</strong><br />(+0 for losing)\n|l|\u2606yifnmmmn\n|player|p2|\n", "inputlog": ">version f8ac14003a5f27e1bdc8d8c59608a773c1cb96e5\n>start {\"formatid\":\"gen9randombattle\",\"seed\":\"sodium,4c02a147522e8feb0b26cab723dfeec7\",\"rated\":\"Rated battle\"}\n>player p1 {\"name\":\"q3tt3rr34r34r\",\"avatar\":\"169\",\"rating\":1000,\"seed\":\"sodium,d4f9cd893ff2a7127038b0b6ecdca69a\"}\n>player p2 {\"name\":\"yifnmmmn\",\"avatar\":\"265\",\"rating\":1000,\"seed\":\"sodium,b197a86d14b5d63b7b5b2b3d8f019d6e\"}\n>p1 move stickyweb\n>p2 move bravebird terastallize\n>p1 switch 2\n>p2 move hydropump\n>p1 move psyshock\n>p2 switch 3\n>p1 move psyshock\n>p2 move poltergeist\n>p1 switch 3\n>p1 move dazzlinggleam\n>p2 move willowisp\n>p2 switch 3\n>p1 move dazzlinggleam\n>p2 move defog\n>p1 switch 5\n>p2 switch 4\n>p1 move irondefense\n>p2 switch 2\n>p1 move irondefense\n>p2 move bravebird\n>p1 move bodypress\n>p2 move bravebird\n>p2 switch 4\n>p1 move bodypress\n>p2 move bravebird\n>p2 switch 2\n>p1 move bodypress\n>p2 move taunt\n>p2 switch 5\n>p1 move bodypress\n>p2 move surgingstrikes\n>p1 move bodypress\n>p2 move icespinner\n>p2 switch 6\n>p1 move bodypress\n>p2 move closecombat\n>forcelose p2", "uploadtime": 1782911444, "views": 6, "formatid": "gen9randombattle", "rating": 1000, "private": 0, "password": null, "player_dets": [{"name": "q3tt3rr34r34r", "avatar": "169", "rating": 1000, "seed": "sodium,d4f9cd893ff2a7127038b0b6ecdca69a"}, {"name": "yifnmmmn", "avatar": "265", "rating": 1000, "seed": "sodium,b197a86d14b5d63b7b5b2b3d8f019d6e"}], "teams_full": [{"Vikavolt": {"name": "Vikavolt", "species": "Vikavolt", "speciesId": "vikavolt", "gender": "F", "shiny": false, "level": 83, "moves": ["stickyweb", "voltswitch", "bugbuzz", "thunderbolt"], "ability": "Levitate", "evs": {"hp": 85, "atk": 0, "def": 85, "spa": 85, "spd": 85, "spe": 85}, "ivs": {"hp": 31, "atk": 0, "def": 31, "spa": 31, "spd": 31, "spe": 31}, "item": "Heavy-Duty Boots", "teraType": "Electric", "role": "Bulky Support", "bvs": {"hp": 77, "atk": 70, "def": 90, "spa": 145, "spd": 75, "spe": 43}, "stats": {"hp": 263, "atk": 121, "def": 197, "spa": 288, "spd": 172, "spe": 119}, "types": ["Bug", "Electric"]}, "Reuniclus": {"name": "Reuniclus", "species": "Reuniclus", "speciesId": "reuniclus", "gender": "F", "shiny": false, "level": 88, "moves": ["focusblast", "calmmind", "psyshock", "recover"], "ability": "Magic Guard", "evs": {"hp": 85, "atk": 0, "def": 85, "spa": 85, "spd": 85, "spe": 85}, "ivs": {"hp": 31, "atk": 0, "def": 31, "spa": 31, "spd": 31, "spe": 31}, "item": "Life Orb", "teraType": "Fighting", "role": "Bulky Setup", "bvs": {"hp": 110, "atk": 65, "def": 75, "spa": 125, "spd": 85, "spe": 30}, "stats": {"hp": 337, "atk": 119, "def": 182, "spa": 270, "spd": 200, "spe": 103}, "types": ["Psychic"]}, "Dedenne": {"name": "Dedenne", "species": "Dedenne", "speciesId": "dedenne", "gender": "M", "shiny": false, "level": 88, "moves": ["superfang", "nuzzle", "dazzlinggleam", "thunderbolt"], "ability": "Cheek Pouch", "evs": {"hp": 85, "atk": 85, "def": 85, "spa": 85, "spd": 85, "spe": 85}, "ivs": {"hp": 31, "atk": 31, "def": 31, "spa": 31, "spd": 31, "spe": 31}, "item": "Sitrus Berry", "teraType": "Flying", "role": "Fast Support", "bvs": {"hp": 67, "atk": 58, "def": 57, "spa": 81, "spd": 67, "spe": 101}, "stats": {"hp": 261, "atk": 152, "def": 151, "spa": 193, "spd": 168, "spe": 228}, "types": ["Electric", "Fairy"]}, "Frosmoth": {"name": "Frosmoth", "species": "Frosmoth", "speciesId": "frosmoth", "gender": "F", "shiny": false, "level": 82, "moves": ["terablast", "gigadrain", "quiverdance", "icebeam"], "ability": "Ice Scales", "evs": {"hp": 85, "atk": 0, "def": 85, "spa": 85, "spd": 85, "spe": 85}, "ivs": {"hp": 31, "atk": 0, "def": 31, "spa": 31, "spd": 31, "spe": 31}, "item": "Heavy-Duty Boots", "teraType": "Ground", "role": "Tera Blast user", "bvs": {"hp": 70, "atk": 65, "def": 60, "spa": 125, "spd": 90, "spe": 65}, "stats": {"hp": 249, "atk": 111, "def": 146, "spa": 252, "spd": 195, "spe": 154}, "types": ["Ice", "Bug"]}, "Zamazenta": {"name": "Zamazenta", "species": "Zamazenta", "speciesId": "zamazenta", "gender": "N", "shiny": false, "level": 71, "moves": ["ironhead", "irondefense", "bodypress", "stoneedge"], "ability": "Dauntless Shield", "evs": {"hp": 85, "atk": 85, "def": 85, "spa": 85, "spd": 85, "spe": 85}, "ivs": {"hp": 31, "atk": 31, "def": 31, "spa": 31, "spd": 31, "spe": 31}, "item": "Leftovers", "teraType": "Steel", "role": "Bulky Setup", "bvs": {"hp": 92, "atk": 120, "def": 115, "spa": 80, "spd": 115, "spe": 138}, "stats": {"hp": 248, "atk": 212, "def": 205, "spa": 155, "spd": 205, "spe": 237}, "types": ["Fighting"]}, "Delphox": {"name": "Delphox", "species": "Delphox", "speciesId": "delphox", "gender": "M", "shiny": false, "level": 84, "moves": ["psyshock", "fireblast", "grassknot", "focusblast"], "ability": "Blaze", "evs": {"hp": 85, "atk": 0, "def": 85, "spa": 85, "spd": 85, "spe": 85}, "ivs": {"hp": 31, "atk": 0, "def": 31, "spa": 31, "spd": 31, "spe": 31}, "item": "Choice Scarf", "teraType": "Fighting", "role": "Fast Attacker", "bvs": {"hp": 75, "atk": 69, "def": 72, "spa": 114, "spd": 100, "spe": 104}, "stats": {"hp": 263, "atk": 120, "def": 169, "spa": 240, "spd": 216, "spe": 223}, "types": ["Fire", "Psychic"]}}, {"Swanna": {"name": "Swanna", "species": "Swanna", "speciesId": "swanna", "gender": "M", "shiny": false, "level": 89, "moves": ["roost", "defog", "bravebird", "hydropump"], "ability": "Hydration", "evs": {"hp": 85, "atk": 85, "def": 85, "spa": 85, "spd": 85, "spe": 85}, "ivs": {"hp": 31, "atk": 31, "def": 31, "spa": 31, "spd": 31, "spe": 31}, "item": "Heavy-Duty Boots", "teraType": "Ground", "role": "Bulky Support", "bvs": {"hp": 75, "atk": 87, "def": 63, "spa": 87, "spd": 63, "spe": 98}, "stats": {"hp": 278, "atk": 206, "def": 163, "spa": 206, "spd": 163, "spe": 225}, "types": ["Water", "Flying"]}, "Dodrio": {"name": "Dodrio", "species": "Dodrio", "speciesId": "dodrio", "gender": "M", "shiny": false, "level": 85, "moves": ["bravebird", "knockoff", "doubleedge", "drillrun"], "ability": "Early Bird", "evs": {"hp": 85, "atk": 85, "def": 85, "spa": 85, "spd": 85, "spe": 85}, "ivs": {"hp": 31, "atk": 31, "def": 31, "spa": 31, "spd": 31, "spe": 31}, "item": "Choice Band", "teraType": "Flying", "role": "Fast Attacker", "bvs": {"hp": 60, "atk": 110, "def": 70, "spa": 60, "spd": 60, "spe": 110}, "stats": {"hp": 241, "atk": 236, "def": 168, "spa": 151, "spd": 151, "spe": 236}, "types": ["Normal", "Flying"]}, "Giratina": {"name": "Giratina", "species": "Giratina-Origin", "speciesId": "giratinaorigin", "gender": "N", "shiny": false, "level": 72, "moves": ["shadowsneak", "dracometeor", "willowisp", "poltergeist"], "ability": "Levitate", "evs": {"hp": 85, "atk": 85, "def": 85, "spa": 85, "spd": 85, "spe": 85}, "ivs": {"hp": 31, "atk": 31, "def": 31, "spa": 31, "spd": 31, "spe": 31}, "item": "Griseous Core", "teraType": "Ghost", "role": "Fast Attacker", "bvs": {"hp": 150, "atk": 120, "def": 100, "spa": 120, "spd": 100, "spe": 90}, "stats": {"hp": 335, "atk": 215, "def": 186, "spa": 215, "spd": 186, "spe": 172}, "types": ["Ghost", "Dragon"]}, "Glalie": {"name": "Glalie", "species": "Glalie", "speciesId": "glalie", "gender": "F", "shiny": false, "level": 96, "moves": ["freezedry", "spikes", "earthquake", "taunt"], "ability": "Inner Focus", "evs": {"hp": 85, "atk": 85, "def": 85, "spa": 85, "spd": 85, "spe": 85}, "ivs": {"hp": 31, "atk": 31, "def": 31, "spa": 31, "spd": 31, "spe": 31}, "item": "Heavy-Duty Boots", "teraType": "Water", "role": "Fast Support", "bvs": {"hp": 80, "atk": 80, "def": 80, "spa": 80, "spd": 80, "spe": 80}, "stats": {"hp": 309, "atk": 208, "def": 208, "spa": 208, "spd": 208, "spe": 208}, "types": ["Ice"]}, "Urshifu": {"name": "Urshifu", "species": "Urshifu-Rapid-Strike", "speciesId": "urshifurapidstrike", "gender": "M", "shiny": false, "level": 75, "moves": ["icespinner", "swordsdance", "closecombat", "surgingstrikes"], "ability": "Unseen Fist", "evs": {"hp": 85, "atk": 85, "def": 85, "spa": 85, "spd": 85, "spe": 85}, "ivs": {"hp": 31, "atk": 31, "def": 31, "spa": 31, "spd": 31, "spe": 31}, "item": "Life Orb", "teraType": "Water", "role": "Fast Attacker", "bvs": {"hp": 100, "atk": 130, "def": 100, "spa": 63, "spd": 60, "spe": 97}, "stats": {"hp": 274, "atk": 239, "def": 194, "spa": 138, "spd": 134, "spe": 189}, "types": ["Fighting", "Water"]}, "Tauros": {"name": "Tauros", "species": "Tauros-Paldea-Combat", "speciesId": "taurospaldeacombat", "gender": "M", "shiny": false, "level": 82, "moves": ["closecombat", "bulkup", "ironhead", "stoneedge"], "ability": "Intimidate", "evs": {"hp": 85, "atk": 85, "def": 85, "spa": 85, "spd": 85, "spe": 85}, "ivs": {"hp": 31, "atk": 31, "def": 31, "spa": 31, "spd": 31, "spe": 31}, "item": "Life Orb", "teraType": "Steel", "role": "Wallbreaker", "bvs": {"hp": 75, "atk": 110, "def": 105, "spa": 30, "spd": 70, "spe": 100}, "stats": {"hp": 257, "atk": 228, "def": 219, "spa": 96, "spd": 162, "spe": 211}, "types": ["Fighting"]}}]}