{"id": "gen9randombattle-2641836413", "format": "[Gen 9] Random Battle", "players": ["Wamr", "TheFineMantine"], "log": "|j|\u2606Wamr\n|j|\u2606TheFineMantine\n|t:|1782847770\n|gametype|singles\n|player|p1|Wamr|emma-lza|2014\n|player|p2|TheFineMantine|1|2030\n|gen|9\n|tier|[Gen 9] Random Battle\n|rated|\n|rule|Species Clause: Limit one of each Pok\u00e9mon\n|rule|HP Percentage Mod: HP is shown in percentages\n|rule|Sleep Clause Mod: Limit one foe put to sleep\n|rule|Illusion Level Mod: Illusion disguises the Pok\u00e9mon's true level\n|\n|t:|1782847770\n|teamsize|p1|6\n|teamsize|p2|6\n|start\n|switch|p1a: Plusle|Plusle, L95, M|268/268\n|switch|p2a: Eternatus|Eternatus, L69|308/308\n|-ability|p2a: Eternatus|Pressure\n|turn|1\n|inactive|Battle timer is ON: inactive players will automatically lose when time's up. (requested by Wamr)\n|\n|t:|1782847792\n|move|p1a: Plusle|Nasty Plot|p1a: Plusle\n|-boost|p1a: Plusle|spa|2\n|move|p2a: Eternatus|Dynamax Cannon|p1a: Plusle\n|-damage|p1a: Plusle|168/268\n|\n|upkeep\n|turn|2\n|\n|t:|1782847798\n|move|p1a: Plusle|Alluring Voice|p2a: Eternatus\n|-damage|p2a: Eternatus|117/308\n|-damage|p1a: Plusle|142/268|[from] item: Life Orb\n|move|p2a: Eternatus|Dynamax Cannon|p1a: Plusle\n|-damage|p1a: Plusle|37/268\n|\n|upkeep\n|turn|3\n|\n|t:|1782847804\n|switch|p2a: Iron Treads|Iron Treads, L77|265/265\n|move|p1a: Plusle|Thunderbolt|p2a: Iron Treads\n|-immune|p2a: Iron Treads\n|\n|upkeep\n|turn|4\n|inactive|Wamr has 120 seconds left.\n|\n|t:|1782847856\n|move|p1a: Plusle|Grass Knot|p2a: Iron Treads\n|-damage|p2a: Iron Treads|44/265\n|-damage|p1a: Plusle|11/268|[from] item: Life Orb\n|move|p2a: Iron Treads|Rapid Spin|p1a: Plusle\n|-damage|p1a: Plusle|0 fnt\n|-boost|p2a: Iron Treads|spe|1\n|faint|p1a: Plusle\n|\n|upkeep\n|\n|t:|1782847868\n|switch|p1a: Dodrio|Dodrio, L85, M|241/241\n|turn|5\n|\n|t:|1782847874\n|move|p2a: Iron Treads|Iron Head|p1a: Dodrio\n|-damage|p1a: Dodrio|150/241\n|move|p1a: Dodrio|Knock Off|p2a: Iron Treads\n|-damage|p2a: Iron Treads|0 fnt\n|-enditem|p2a: Iron Treads|Assault Vest|[from] move: Knock Off|[of] p1a: Dodrio\n|faint|p2a: Iron Treads\n|-end|p2a: Iron Treads|Quark Drive|[silent]\n|\n|upkeep\n|\n|t:|1782847879\n|switch|p2a: Regice|Regice, L88|284/284\n|turn|6\n|\n|t:|1782847890\n|move|p1a: Dodrio|Knock Off|p2a: Regice\n|-damage|p2a: Regice|190/284\n|-enditem|p2a: Regice|Heavy-Duty Boots|[from] move: Knock Off|[of] p1a: Dodrio\n|move|p2a: Regice|Ice Beam|p1a: Dodrio\n|-supereffective|p1a: Dodrio\n|-crit|p1a: Dodrio\n|-damage|p1a: Dodrio|0 fnt\n|faint|p1a: Dodrio\n|\n|upkeep\n|\n|t:|1782847893\n|switch|p1a: Kricketune|Kricketune, L99, F|312/312\n|turn|7\n|\n|t:|1782847902\n|move|p1a: Kricketune|Sticky Web|p2a: Regice\n|-sidestart|p2: TheFineMantine|move: Sticky Web\n|move|p2a: Regice|Ice Beam|p1a: Kricketune\n|-damage|p1a: Kricketune|188/312\n|\n|upkeep\n|turn|8\n|\n|t:|1782847915\n|move|p1a: Kricketune|Pounce|p2a: Regice\n|-damage|p2a: Regice|112/284\n|move|p2a: Regice|Ice Beam|p1a: Kricketune\n|-crit|p1a: Kricketune\n|-damage|p1a: Kricketune|0 fnt\n|faint|p1a: Kricketune\n|\n|upkeep\n|\n|t:|1782847923\n|switch|p1a: Persian|Persian-Alola, L86, M|252/252\n|turn|9\n|\n|t:|1782847926\n|move|p1a: Persian|Nasty Plot|p1a: Persian\n|-boost|p1a: Persian|spa|2\n|move|p2a: Regice|Rest|p2a: Regice\n|-status|p2a: Regice|slp|[from] move: Rest\n|-heal|p2a: Regice|284/284 slp|[silent]\n|\n|upkeep\n|turn|10\n|\n|t:|1782847932\n|move|p1a: Persian|Dark Pulse|p2a: Regice\n|-damage|p2a: Regice|185/284 slp\n|-damage|p1a: Persian|227/252|[from] item: Life Orb\n|cant|p2a: Regice|slp\n|cant|p2a: Regice|flinch\n|\n|upkeep\n|turn|11\n|\n|t:|1782847940\n|move|p1a: Persian|Dark Pulse|p2a: Regice\n|-damage|p2a: Regice|86/284 slp\n|-damage|p1a: Persian|202/252|[from] item: Life Orb\n|cant|p2a: Regice|slp\n|move|p2a: Regice|Sleep Talk|p2a: Regice\n|move|p2a: Regice|Thunderbolt|p1a: Persian|[from] move: Sleep Talk\n|-damage|p1a: Persian|111/252\n|\n|upkeep\n|turn|12\n|\n|t:|1782847950\n|move|p1a: Persian|Dark Pulse|p2a: Regice\n|-damage|p2a: Regice|0 fnt\n|faint|p2a: Regice\n|-damage|p1a: Persian|86/252|[from] item: Life Orb\n|\n|upkeep\n|\n|t:|1782847955\n|switch|p2a: Whimsicott|Whimsicott, L84, F|238/238\n|-activate|p2a: Whimsicott|move: Sticky Web\n|-unboost|p2a: Whimsicott|spe|1\n|turn|13\n|\n|t:|1782847959\n|move|p1a: Persian|Burning Jealousy|p2a: Whimsicott\n|-supereffective|p2a: Whimsicott\n|-damage|p2a: Whimsicott|0 fnt\n|faint|p2a: Whimsicott\n|-damage|p1a: Persian|61/252|[from] item: Life Orb\n|\n|upkeep\n|\n|t:|1782847962\n|switch|p2a: Goodra|Goodra-Hisui, L82, M|265/265\n|-activate|p2a: Goodra|move: Sticky Web\n|-unboost|p2a: Goodra|spe|1\n|turn|14\n|\n|t:|1782847969\n|move|p1a: Persian|Dark Pulse|p2a: Goodra\n|-damage|p2a: Goodra|175/265\n|-damage|p1a: Persian|36/252|[from] item: Life Orb\n|move|p2a: Goodra|Heavy Slam|p1a: Persian\n|-damage|p1a: Persian|0 fnt\n|faint|p1a: Persian\n|\n|upkeep\n|\n|t:|1782847976\n|switch|p1a: Heracross|Heracross, L80, M|259/259\n|turn|15\n|\n|t:|1782847983\n|move|p1a: Heracross|Close Combat|p2a: Goodra\n|-supereffective|p2a: Goodra\n|-damage|p2a: Goodra|0 fnt\n|-unboost|p1a: Heracross|def|1\n|-unboost|p1a: Heracross|spd|1\n|faint|p2a: Goodra\n|-ability|p1a: Heracross|Moxie|boost\n|-boost|p1a: Heracross|atk|1\n|\n|upkeep\n|\n|t:|1782847986\n|switch|p2a: Polteageist|Polteageist-Antique, L78|222/222\n|-activate|p2a: Polteageist|move: Sticky Web\n|-unboost|p2a: Polteageist|spe|1\n|-enditem|p2a: Polteageist|White Herb\n|-clearnegativeboost|p2a: Polteageist|[silent]\n|turn|16\n|\n|t:|1782847989\n|switch|p1a: Tropius|Tropius, L91, M|328/328\n|move|p2a: Polteageist|Shell Smash|p2a: Polteageist\n|-unboost|p2a: Polteageist|def|1\n|-unboost|p2a: Polteageist|spd|1\n|-boost|p2a: Polteageist|atk|2\n|-boost|p2a: Polteageist|spa|2\n|-boost|p2a: Polteageist|spe|2\n|\n|upkeep\n|turn|17\n|\n|t:|1782848002\n|move|p2a: Polteageist|Stored Power|p1a: Tropius\n|-damage|p1a: Tropius|137/328\n|-enditem|p1a: Tropius|Sitrus Berry|[eat]\n|-heal|p1a: Tropius|219/328|[from] item: Sitrus Berry\n|move|p1a: Tropius|Leech Seed|p2a: Polteageist\n|-start|p2a: Polteageist|move: Leech Seed\n|\n|-damage|p2a: Polteageist|195/222|[from] Leech Seed|[of] p1a: Tropius\n|-heal|p1a: Tropius|246/328|[silent]\n|-item|p1a: Tropius|Sitrus Berry|[from] ability: Harvest\n|upkeep\n|turn|18\n|\n|t:|1782848012\n|move|p2a: Polteageist|Shadow Ball|p1a: Tropius\n|-damage|p1a: Tropius|83/328\n|-enditem|p1a: Tropius|Sitrus Berry|[eat]\n|-heal|p1a: Tropius|165/328|[from] item: Sitrus Berry\n|move|p1a: Tropius|Air Slash|p2a: Polteageist\n|-damage|p2a: Polteageist|89/222\n|\n|-damage|p2a: Polteageist|62/222|[from] Leech Seed|[of] p1a: Tropius\n|-heal|p1a: Tropius|192/328|[silent]\n|-item|p1a: Tropius|Sitrus Berry|[from] ability: Harvest\n|upkeep\n|turn|19\n|\n|t:|1782848034\n|move|p1a: Tropius|Protect|p1a: Tropius\n|-singleturn|p1a: Tropius|Protect\n|move|p2a: Polteageist|Shadow Ball|p1a: Tropius\n|-activate|p1a: Tropius|move: Protect\n|\n|-damage|p2a: Polteageist|35/222|[from] Leech Seed|[of] p1a: Tropius\n|-heal|p1a: Tropius|219/328|[silent]\n|upkeep\n|turn|20\n|\n|t:|1782848041\n|-terastallize|p1a: Tropius|Steel\n|move|p2a: Polteageist|Shadow Ball|p1a: Tropius\n|-damage|p1a: Tropius|29/328\n|-enditem|p1a: Tropius|Sitrus Berry|[eat]\n|-heal|p1a: Tropius|111/328|[from] item: Sitrus Berry\n|move|p1a: Tropius|Air Slash|p2a: Polteageist\n|-damage|p2a: Polteageist|0 fnt\n|-start|p1a: Tropius|Disable|Air Slash|[from] ability: Cursed Body|[of] p2a: Polteageist\n|faint|p2a: Polteageist\n|\n|-item|p1a: Tropius|Sitrus Berry|[from] ability: Harvest\n|upkeep\n|-enditem|p1a: Tropius|Sitrus Berry|[eat]\n|-heal|p1a: Tropius|193/328|[from] item: Sitrus Berry\n|\n|t:|1782848048\n|switch|p2a: Eternatus|Eternatus, L69|117/308\n|-activate|p2a: Eternatus|move: Sticky Web\n|-unboost|p2a: Eternatus|spe|1\n|-ability|p2a: Eternatus|Pressure\n|turn|21\n|\n|t:|1782848055\n|move|p2a: Eternatus|Flamethrower|p1a: Tropius\n|-supereffective|p1a: Tropius\n|-damage|p1a: Tropius|75/328\n|move|p1a: Tropius|Leech Seed|p2a: Eternatus|[miss]\n|-miss|p1a: Tropius|p2a: Eternatus\n|\n|upkeep\n|turn|22\n|\n|t:|1782848060\n|move|p2a: Eternatus|Flamethrower|p1a: Tropius\n|-supereffective|p1a: Tropius\n|-damage|p1a: Tropius|0 fnt\n|faint|p1a: Tropius\n|\n|upkeep\n|\n|t:|1782848062\n|switch|p1a: Heracross|Heracross, L80, M|259/259\n|turn|23\n|\n|t:|1782848068\n|move|p1a: Heracross|Earthquake|p2a: Eternatus\n|-supereffective|p2a: Eternatus\n|-damage|p2a: Eternatus|0 fnt\n|faint|p2a: Eternatus\n|\n|win|Wamr\n|raw|Wamr's rating: 2014 &rarr; <strong>2035</strong><br />(+21 for winning)\n|raw|TheFineMantine's rating: 2030 &rarr; <strong>2009</strong><br />(-21 for losing)\n", "inputlog": ">version f8ac14003a5f27e1bdc8d8c59608a773c1cb96e5\n>start {\"formatid\":\"gen9randombattle\",\"seed\":\"sodium,380246f195a240f88bcdbda2a0a51b43\",\"rated\":\"Rated battle\"}\n>player p1 {\"name\":\"Wamr\",\"avatar\":\"emma-lza\",\"rating\":2014,\"seed\":\"sodium,f6bf7e1b91b5fe4f7e802c106db8d3b7\"}\n>player p2 {\"name\":\"TheFineMantine\",\"avatar\":\"1\",\"rating\":2030,\"seed\":\"sodium,e5086e38067bc00d9dc3fd8d160836fb\"}\n>p1 move nastyplot\n>p2 move dynamaxcannon\n>p1 move alluringvoice\n>p2 move dynamaxcannon\n>p1 move thunderbolt\n>p2 switch 2\n>p1 move grassknot\n>p2 move rapidspin\n>p1 switch 2\n>p1 move knockoff\n>p2 move ironhead\n>p2 switch 3\n>p1 move knockoff\n>p2 move icebeam\n>p1 switch 4\n>p1 move stickyweb\n>p2 move icebeam\n>p1 move pounce\n>p2 move icebeam\n>p1 switch 3\n>p1 move nastyplot\n>p2 move rest\n>p1 move darkpulse\n>p2 move sleeptalk\n>p1 move darkpulse\n>p2 move sleeptalk\n>p1 move darkpulse\n>p2 move icebeam\n>p2 switch 5\n>p1 move burningjealousy\n>p2 move moonblast\n>p2 switch 4\n>p1 move darkpulse\n>p2 move heavyslam\n>p1 switch 6\n>p1 move closecombat\n>p2 move heavyslam\n>p2 switch 6\n>p1 switch 5\n>p2 move shellsmash\n>p1 move leechseed\n>p2 move storedpower\n>p1 move airslash\n>p2 move shadowball\n>p1 move protect\n>p2 move shadowball\n>p1 move airslash terastallize\n>p2 move shadowball\n>p2 switch 2\n>p1 move leechseed\n>p2 move flamethrower\n>p1 move leechseed\n>p2 move flamethrower\n>p1 switch 5\n>p1 move earthquake\n>p2 move recover", "uploadtime": 1782848068, "views": 11, "formatid": "gen9randombattle", "rating": 2009, "private": 0, "password": null, "player_dets": [{"name": "Wamr", "avatar": "emma-lza", "rating": 2014, "seed": "sodium,f6bf7e1b91b5fe4f7e802c106db8d3b7"}, {"name": "TheFineMantine", "avatar": "1", "rating": 2030, "seed": "sodium,e5086e38067bc00d9dc3fd8d160836fb"}], "teams_full": [{"Plusle": {"name": "Plusle", "species": "Plusle", "speciesId": "plusle", "gender": "M", "shiny": false, "level": 95, "moves": ["nastyplot", "grassknot", "thunderbolt", "alluringvoice"], "ability": "Lightning Rod", "evs": {"hp": 85, "atk": 0, "def": 85, "spa": 85, "spd": 85, "spe": 85}, "ivs": {"hp": 31, "atk": 0, "def": 31, "spa": 31, "spd": 31, "spe": 31}, "item": "Life Orb", "teraType": "Grass", "role": "Setup Sweeper", "bvs": {"hp": 60, "atk": 50, "def": 40, "spa": 85, "spd": 75, "spe": 95}, "stats": {"hp": 268, "atk": 100, "def": 130, "spa": 215, "spd": 196, "spe": 234}, "types": ["Electric"]}, "Dodrio": {"name": "Dodrio", "species": "Dodrio", "speciesId": "dodrio", "gender": "M", "shiny": false, "level": 85, "moves": ["bravebird", "doubleedge", "knockoff", "drillrun"], "ability": "Early Bird", "evs": {"hp": 85, "atk": 85, "def": 85, "spa": 85, "spd": 85, "spe": 85}, "ivs": {"hp": 31, "atk": 31, "def": 31, "spa": 31, "spd": 31, "spe": 31}, "item": "Choice Band", "teraType": "Ground", "role": "Fast Attacker", "bvs": {"hp": 60, "atk": 110, "def": 70, "spa": 60, "spd": 60, "spe": 110}, "stats": {"hp": 241, "atk": 236, "def": 168, "spa": 151, "spd": 151, "spe": 236}, "types": ["Normal", "Flying"]}, "Persian": {"name": "Persian", "species": "Persian-Alola", "speciesId": "persianalola", "gender": "M", "shiny": false, "level": 86, "moves": ["burningjealousy", "nastyplot", "thunderbolt", "darkpulse"], "ability": "Fur Coat", "evs": {"hp": 85, "atk": 0, "def": 85, "spa": 85, "spd": 85, "spe": 85}, "ivs": {"hp": 31, "atk": 0, "def": 31, "spa": 31, "spd": 31, "spe": 31}, "item": "Life Orb", "teraType": "Electric", "role": "Fast Bulky Setup", "bvs": {"hp": 65, "atk": 60, "def": 60, "spa": 75, "spd": 65, "spe": 115}, "stats": {"hp": 252, "atk": 108, "def": 152, "spa": 178, "spd": 161, "spe": 247}, "types": ["Dark"]}, "Kricketune": {"name": "Kricketune", "species": "Kricketune", "speciesId": "kricketune", "gender": "F", "shiny": false, "level": 99, "moves": ["stickyweb", "knockoff", "taunt", "pounce"], "ability": "Technician", "evs": {"hp": 85, "atk": 85, "def": 85, "spa": 85, "spd": 85, "spe": 85}, "ivs": {"hp": 31, "atk": 31, "def": 31, "spa": 31, "spd": 31, "spe": 31}, "item": "Heavy-Duty Boots", "teraType": "Ghost", "role": "Fast Support", "bvs": {"hp": 77, "atk": 85, "def": 51, "spa": 55, "spd": 51, "spe": 65}, "stats": {"hp": 312, "atk": 224, "def": 157, "spa": 165, "spd": 157, "spe": 185}, "types": ["Bug"]}, "Tropius": {"name": "Tropius", "species": "Tropius", "speciesId": "tropius", "gender": "M", "shiny": false, "level": 91, "moves": ["substitute", "protect", "airslash", "leechseed"], "ability": "Harvest", "evs": {"hp": 85, "atk": 0, "def": 85, "spa": 85, "spd": 85, "spe": 85}, "ivs": {"hp": 31, "atk": 0, "def": 31, "spa": 31, "spd": 31, "spe": 31}, "item": "Sitrus Berry", "teraType": "Steel", "role": "Bulky Support", "bvs": {"hp": 99, "atk": 68, "def": 83, "spa": 72, "spd": 87, "spe": 51}, "stats": {"hp": 328, "atk": 128, "def": 203, "spa": 183, "spd": 210, "spe": 145}, "types": ["Grass", "Flying"]}, "Heracross": {"name": "Heracross", "species": "Heracross", "speciesId": "heracross", "gender": "M", "shiny": false, "level": 80, "moves": ["stoneedge", "closecombat", "earthquake", "megahorn"], "ability": "Moxie", "evs": {"hp": 85, "atk": 85, "def": 85, "spa": 85, "spd": 85, "spe": 85}, "ivs": {"hp": 31, "atk": 31, "def": 31, "spa": 31, "spd": 31, "spe": 31}, "item": "Choice Band", "teraType": "Bug", "role": "Fast Attacker", "bvs": {"hp": 80, "atk": 125, "def": 75, "spa": 40, "spd": 95, "spe": 85}, "stats": {"hp": 259, "atk": 246, "def": 166, "spa": 110, "spd": 198, "spe": 182}, "types": ["Bug", "Fighting"]}}, {"Eternatus": {"name": "Eternatus", "species": "Eternatus", "speciesId": "eternatus", "gender": "N", "shiny": false, "level": 69, "moves": ["toxicspikes", "recover", "dynamaxcannon", "flamethrower"], "ability": "Pressure", "evs": {"hp": 85, "atk": 0, "def": 85, "spa": 85, "spd": 85, "spe": 85}, "ivs": {"hp": 31, "atk": 0, "def": 31, "spa": 31, "spd": 31, "spe": 31}, "item": "Rocky Helmet", "teraType": "Water", "role": "Bulky Support", "bvs": {"hp": 140, "atk": 85, "def": 95, "spa": 145, "spd": 95, "spe": 130}, "stats": {"hp": 308, "atk": 122, "def": 171, "spa": 240, "spd": 171, "spe": 220}, "types": ["Poison", "Dragon"]}, "Iron Treads": {"name": "Iron Treads", "species": "Iron Treads", "speciesId": "irontreads", "gender": "N", "shiny": false, "level": 77, "moves": ["voltswitch", "earthquake", "rapidspin", "ironhead"], "ability": "Quark Drive", "evs": {"hp": 85, "atk": 85, "def": 85, "spa": 85, "spd": 85, "spe": 85}, "ivs": {"hp": 31, "atk": 31, "def": 31, "spa": 31, "spd": 31, "spe": 31}, "item": "Assault Vest", "teraType": "Dragon", "role": "Bulky Support", "bvs": {"hp": 90, "atk": 112, "def": 120, "spa": 72, "spd": 70, "spe": 106}, "stats": {"hp": 265, "atk": 217, "def": 229, "spa": 155, "spd": 152, "spe": 208}, "types": ["Ground", "Steel"]}, "Regice": {"name": "Regice", "species": "Regice", "speciesId": "regice", "gender": "N", "shiny": false, "level": 88, "moves": ["sleeptalk", "rest", "thunderbolt", "icebeam"], "ability": "Clear Body", "evs": {"hp": 85, "atk": 0, "def": 85, "spa": 85, "spd": 85, "spe": 85}, "ivs": {"hp": 31, "atk": 0, "def": 31, "spa": 31, "spd": 31, "spe": 31}, "item": "Heavy-Duty Boots", "teraType": "Electric", "role": "Bulky Attacker", "bvs": {"hp": 80, "atk": 50, "def": 100, "spa": 100, "spd": 200, "spe": 50}, "stats": {"hp": 284, "atk": 93, "def": 226, "spa": 226, "spd": 402, "spe": 138}, "types": ["Ice"]}, "Goodra": {"name": "Goodra", "species": "Goodra-Hisui", "speciesId": "goodrahisui", "gender": "M", "shiny": false, "level": 82, "moves": ["dragontail", "heavyslam", "fireblast", "dracometeor"], "ability": "Sap Sipper", "evs": {"hp": 85, "atk": 85, "def": 85, "spa": 85, "spd": 85, "spe": 85}, "ivs": {"hp": 31, "atk": 31, "def": 31, "spa": 31, "spd": 31, "spe": 31}, "item": "Assault Vest", "teraType": "Flying", "role": "AV Pivot", "bvs": {"hp": 80, "atk": 100, "def": 100, "spa": 110, "spd": 150, "spe": 60}, "stats": {"hp": 265, "atk": 211, "def": 211, "spa": 228, "spd": 293, "spe": 146}, "types": ["Steel", "Dragon"]}, "Whimsicott": {"name": "Whimsicott", "species": "Whimsicott", "speciesId": "whimsicott", "gender": "F", "shiny": false, "level": 84, "moves": ["leechseed", "substitute", "encore", "moonblast"], "ability": "Prankster", "evs": {"hp": 85, "atk": 0, "def": 85, "spa": 85, "spd": 85, "spe": 85}, "ivs": {"hp": 31, "atk": 0, "def": 31, "spa": 31, "spd": 31, "spe": 31}, "item": "Leftovers", "teraType": "Poison", "role": "Bulky Support", "bvs": {"hp": 60, "atk": 67, "def": 85, "spa": 77, "spd": 75, "spe": 116}, "stats": {"hp": 238, "atk": 117, "def": 191, "spa": 178, "spd": 174, "spe": 243}, "types": ["Grass", "Fairy"]}, "Polteageist": {"name": "Polteageist", "species": "Polteageist-Antique", "speciesId": "polteageist", "gender": "N", "shiny": false, "level": 78, "moves": ["storedpower", "shadowball", "shellsmash", "strengthsap"], "ability": "Cursed Body", "evs": {"hp": 85, "atk": 0, "def": 85, "spa": 85, "spd": 85, "spe": 85}, "ivs": {"hp": 31, "atk": 0, "def": 31, "spa": 31, "spd": 31, "spe": 31}, "item": "White Herb", "teraType": "Dark", "role": "Setup Sweeper", "bvs": {"hp": 60, "atk": 65, "def": 65, "spa": 134, "spd": 114, "spe": 70}, "stats": {"hp": 222, "atk": 106, "def": 146, "spa": 254, "spd": 223, "spe": 154}, "types": ["Ghost"]}}]}