{"id": "gen9randombattle-2642125797", "format": "[Gen 9] Random Battle", "players": ["unovagangster", "Videokeyisback"], "log": "|j|\u2606unovagangster\n|j|\u2606Videokeyisback\n|t:|1782895505\n|gametype|singles\n|player|p1|unovagangster|flannery|1753\n|player|p2|Videokeyisback|169|1713\n|gen|9\n|tier|[Gen 9] Random Battle\n|rated|\n|rule|Species Clause: Limit one of each Pok\u00e9mon\n|rule|HP Percentage Mod: HP is shown in percentages\n|rule|Sleep Clause Mod: Limit one foe put to sleep\n|rule|Illusion Level Mod: Illusion disguises the Pok\u00e9mon's true level\n|\n|t:|1782895505\n|teamsize|p1|6\n|teamsize|p2|6\n|start\n|switch|p1a: Espeon|Espeon, L84, F|246/246\n|switch|p2a: Scizor|Scizor, L79, F|240/240\n|turn|1\n|inactive|Battle timer is ON: inactive players will automatically lose when time's up. (requested by Videokeyisback)\n|\n|t:|1782895529\n|switch|p1a: Coalossal|Coalossal, L89, M|341/341\n|move|p2a: Scizor|Swords Dance|p2a: Scizor\n|-boost|p2a: Scizor|atk|2\n|\n|upkeep\n|turn|2\n|\n|t:|1782895551\n|switch|p2a: Hariyama|Hariyama, L87, M|392/392\n|move|p1a: Coalossal|Spikes|p2a: Hariyama\n|-sidestart|p2: Videokeyisback|Spikes\n|\n|-status|p2a: Hariyama|brn|[from] item: Flame Orb\n|upkeep\n|turn|3\n|inactive|unovagangster has 120 seconds left.\n|\n|t:|1782895585\n|switch|p1a: Tornadus|Tornadus-Therian, L79, M|254/254\n|move|p2a: Hariyama|Headlong Rush|p1a: Tornadus\n|-immune|p1a: Tornadus\n|\n|-damage|p2a: Hariyama|368/392 brn|[from] brn\n|upkeep\n|turn|4\n|\n|t:|1782895593\n|-terastallize|p2a: Hariyama|Normal\n|move|p1a: Tornadus|U-turn|p2a: Hariyama\n|-damage|p2a: Hariyama|312/392 brn\n|inactive|unovagangster has 120 seconds left.\n|\n|t:|1782895615\n|switch|p1a: Orthworm|Orthworm, L88, F|266/266|[from] U-turn\n|move|p2a: Hariyama|Facade|p1a: Orthworm\n|-resisted|p1a: Orthworm\n|-crit|p1a: Orthworm\n|-damage|p1a: Orthworm|126/266\n|\n|-damage|p2a: Hariyama|288/392 brn|[from] brn\n|upkeep\n|turn|5\n|\n|t:|1782895629\n|switch|p1a: Tornadus|Tornadus-Therian, L79, M|254/254\n|move|p2a: Hariyama|Close Combat|p1a: Tornadus\n|-resisted|p1a: Tornadus\n|-damage|p1a: Tornadus|121/254\n|-unboost|p2a: Hariyama|def|1\n|-unboost|p2a: Hariyama|spd|1\n|\n|-damage|p2a: Hariyama|264/392 brn|[from] brn\n|upkeep\n|turn|6\n|\n|t:|1782895641\n|switch|p2a: Scizor|Scizor, L79, F|240/240\n|-damage|p2a: Scizor|210/240|[from] Spikes\n|move|p1a: Tornadus|Bleakwind Storm|p2a: Scizor\n|-damage|p2a: Scizor|36/240\n|\n|upkeep\n|turn|7\n|inactive|unovagangster has 120 seconds left.\n|\n|t:|1782895650\n|switch|p1a: Coalossal|Coalossal, L89, M|341/341\n|move|p2a: Scizor|Bullet Punch|p1a: Coalossal\n|-crit|p1a: Coalossal\n|-damage|p1a: Coalossal|228/341\n|-status|p2a: Scizor|brn|[from] ability: Flame Body|[of] p1a: Coalossal\n|-damage|p2a: Scizor|12/240 brn|[from] item: Life Orb\n|\n|-damage|p2a: Scizor|0 fnt|[from] brn\n|faint|p2a: Scizor\n|upkeep\n|\n|t:|1782895654\n|switch|p2a: Hariyama|Hariyama, L87, M, tera:Normal|264/392 brn\n|-damage|p2a: Hariyama|215/392 brn|[from] Spikes\n|turn|8\n|\n|t:|1782895662\n|move|p2a: Hariyama|Knock Off|p1a: Coalossal\n|-damage|p1a: Coalossal|138/341\n|-enditem|p1a: Coalossal|Heavy-Duty Boots|[from] move: Knock Off|[of] p2a: Hariyama\n|move|p1a: Coalossal|Flamethrower|p2a: Hariyama\n|-damage|p2a: Hariyama|92/392 brn\n|\n|-damage|p2a: Hariyama|68/392 brn|[from] brn\n|upkeep\n|turn|9\n|\n|t:|1782895669\n|switch|p1a: Tornadus|Tornadus-Therian, L79, M|205/254\n|move|p2a: Hariyama|Close Combat|p1a: Tornadus\n|-resisted|p1a: Tornadus\n|-crit|p1a: Tornadus\n|-damage|p1a: Tornadus|0 fnt\n|-unboost|p2a: Hariyama|def|1\n|-unboost|p2a: Hariyama|spd|1\n|faint|p1a: Tornadus\n|\n|-damage|p2a: Hariyama|44/392 brn|[from] brn\n|upkeep\n|inactive|unovagangster has 120 seconds left.\n|\n|t:|1782895693\n|switch|p1a: Espeon|Espeon, L84, F|246/246\n|turn|10\n|\n|t:|1782895706\n|move|p1a: Espeon|Alluring Voice|p2a: Hariyama\n|-damage|p2a: Hariyama|0 fnt\n|faint|p2a: Hariyama\n|\n|upkeep\n|\n|t:|1782895716\n|switch|p2a: Gastrodon|Gastrodon, L86, M|331/331\n|-damage|p2a: Gastrodon|290/331|[from] Spikes\n|turn|11\n|\n|t:|1782895726\n|switch|p1a: Clefable|Clefable, L83, F|293/293\n|move|p2a: Gastrodon|Earthquake|p1a: Clefable\n|-damage|p1a: Clefable|169/293\n|\n|-heal|p2a: Gastrodon|310/331|[from] item: Leftovers\n|upkeep\n|turn|12\n|\n|t:|1782895736\n|move|p1a: Clefable|Knock Off|p2a: Gastrodon\n|-damage|p2a: Gastrodon|231/331\n|-enditem|p2a: Gastrodon|Leftovers|[from] move: Knock Off|[of] p1a: Clefable\n|move|p2a: Gastrodon|Clear Smog|p1a: Clefable\n|-supereffective|p1a: Clefable\n|-damage|p1a: Clefable|97/293\n|-clearboost|p1a: Clefable\n|\n|upkeep\n|turn|13\n|\n|t:|1782895744\n|move|p1a: Clefable|Moonlight|p1a: Clefable\n|-heal|p1a: Clefable|243/293\n|move|p2a: Gastrodon|Earthquake|p1a: Clefable\n|-damage|p1a: Clefable|120/293\n|\n|upkeep\n|turn|14\n|\n|t:|1782895749\n|move|p1a: Clefable|Moonlight|p1a: Clefable\n|-heal|p1a: Clefable|266/293\n|move|p2a: Gastrodon|Earthquake|p1a: Clefable\n|-damage|p1a: Clefable|155/293\n|\n|upkeep\n|turn|15\n|\n|t:|1782895759\n|move|p1a: Clefable|Moonblast|p2a: Gastrodon\n|-damage|p2a: Gastrodon|101/331\n|move|p2a: Gastrodon|Clear Smog|p1a: Clefable\n|-supereffective|p1a: Clefable\n|-damage|p1a: Clefable|79/293\n|-clearboost|p1a: Clefable\n|\n|upkeep\n|turn|16\n|\n|t:|1782895769\n|switch|p2a: Amoonguss|Amoonguss, L82, M|321/321\n|-damage|p2a: Amoonguss|281/321|[from] Spikes\n|move|p1a: Clefable|Moonlight|p1a: Clefable\n|-heal|p1a: Clefable|225/293\n|\n|upkeep\n|turn|17\n|\n|t:|1782895776\n|switch|p1a: Espeon|Espeon, L84, F|246/246\n|move|p2a: Amoonguss|Spore|p1a: Espeon\n|move|p1a: Espeon|Spore|p2a: Amoonguss|[from] ability: Magic Bounce\n|-immune|p2a: Amoonguss\n|\n|upkeep\n|turn|18\n|\n|t:|1782895787\n|move|p1a: Espeon|Psyshock|p2a: Amoonguss\n|-supereffective|p2a: Amoonguss\n|-damage|p2a: Amoonguss|0 fnt\n|faint|p2a: Amoonguss\n|\n|upkeep\n|\n|t:|1782895791\n|switch|p2a: Revavroom|Revavroom, L79, M|256/256\n|-damage|p2a: Revavroom|224/256|[from] Spikes\n|turn|19\n|\n|t:|1782895799\n|switch|p1a: Orthworm|Orthworm, L88, F|126/266\n|move|p2a: Revavroom|Shift Gear|p2a: Revavroom\n|-boost|p2a: Revavroom|spe|2\n|-boost|p2a: Revavroom|atk|1\n|\n|upkeep\n|turn|20\n|\n|t:|1782895814\n|move|p2a: Revavroom|High Horsepower|p1a: Orthworm\n|-heal|p1a: Orthworm|192/266|[from] ability: Earth Eater|[of] p2a: Revavroom\n|move|p1a: Orthworm|Rest|p1a: Orthworm\n|-status|p1a: Orthworm|slp|[from] move: Rest\n|-heal|p1a: Orthworm|266/266 slp|[silent]\n|-enditem|p1a: Orthworm|Chesto Berry|[eat]\n|-curestatus|p1a: Orthworm|slp|[msg]\n|\n|upkeep\n|turn|21\n|\n|t:|1782895822\n|move|p2a: Revavroom|Shift Gear|p2a: Revavroom\n|-boost|p2a: Revavroom|spe|2\n|-boost|p2a: Revavroom|atk|1\n|move|p1a: Orthworm|Coil|p1a: Orthworm\n|-boost|p1a: Orthworm|atk|1\n|-boost|p1a: Orthworm|def|1\n|-boost|p1a: Orthworm|accuracy|1\n|\n|upkeep\n|turn|22\n|\n|t:|1782895829\n|move|p2a: Revavroom|Iron Head|p1a: Orthworm\n|-resisted|p1a: Orthworm\n|-damage|p1a: Orthworm|215/266\n|-damage|p2a: Revavroom|199/256|[from] item: Life Orb\n|move|p1a: Orthworm|Coil|p1a: Orthworm\n|-boost|p1a: Orthworm|atk|1\n|-boost|p1a: Orthworm|def|1\n|-boost|p1a: Orthworm|accuracy|1\n|\n|upkeep\n|turn|23\n|\n|t:|1782895837\n|switch|p2a: Gastrodon|Gastrodon, L86, M|101/331\n|-damage|p2a: Gastrodon|60/331|[from] Spikes\n|move|p1a: Orthworm|Coil|p1a: Orthworm\n|-boost|p1a: Orthworm|atk|1\n|-boost|p1a: Orthworm|def|1\n|-boost|p1a: Orthworm|accuracy|1\n|\n|upkeep\n|turn|24\n|\n|t:|1782895847\n|move|p1a: Orthworm|Body Press|p2a: Gastrodon\n|-damage|p2a: Gastrodon|0 fnt\n|faint|p2a: Gastrodon\n|\n|upkeep\n|\n|t:|1782895849\n|switch|p2a: Ogerpon|Ogerpon-Cornerstone, L76, F|247/247\n|-damage|p2a: Ogerpon|217/247|[from] Spikes\n|turn|25\n|\n|t:|1782895857\n|move|p2a: Ogerpon|Encore|p1a: Orthworm\n|-start|p1a: Orthworm|Encore\n|move|p1a: Orthworm|Body Press|p2a: Ogerpon\n|-supereffective|p2a: Ogerpon\n|-damage|p2a: Ogerpon|0 fnt\n|faint|p2a: Ogerpon\n|\n|upkeep\n|\n|t:|1782895862\n|switch|p2a: Revavroom|Revavroom, L79, M|199/256\n|-damage|p2a: Revavroom|167/256|[from] Spikes\n|turn|26\n|\n|t:|1782895866\n|move|p2a: Revavroom|Iron Head|p1a: Orthworm\n|-resisted|p1a: Orthworm\n|-damage|p1a: Orthworm|199/266\n|-damage|p2a: Revavroom|142/256|[from] item: Life Orb\n|move|p1a: Orthworm|Body Press|p2a: Revavroom\n|-damage|p2a: Revavroom|0 fnt\n|faint|p2a: Revavroom\n|\n|win|unovagangster\n|raw|unovagangster's rating: 1753 &rarr; <strong>1771</strong><br />(+18 for winning)\n|raw|Videokeyisback's rating: 1713 &rarr; <strong>1695</strong><br />(-18 for losing)\n|l|\u2606Videokeyisback\n|player|p2|\n", "inputlog": ">version f8ac14003a5f27e1bdc8d8c59608a773c1cb96e5\n>start {\"formatid\":\"gen9randombattle\",\"seed\":\"sodium,5b1c550cb0d9addf4fada15cccea010c\",\"rated\":\"Rated battle\"}\n>player p1 {\"name\":\"unovagangster\",\"avatar\":\"flannery\",\"rating\":1753,\"seed\":\"sodium,82b964ad76b252542905fd1855d97674\"}\n>player p2 {\"name\":\"Videokeyisback\",\"avatar\":\"169\",\"rating\":1713,\"seed\":\"sodium,455e81aee876541f4d9486e6ddd2a72c\"}\n>p1 switch 4\n>p2 move swordsdance\n>p1 move spikes\n>p2 switch 2\n>p1 switch 6\n>p2 move headlongrush\n>p1 move uturn\n>p2 move facade terastallize\n>p1 switch 3\n>p1 switch 3\n>p2 move closecombat\n>p1 move bleakwindstorm\n>p2 switch 2\n>p1 switch 6\n>p2 move bulletpunch\n>p2 switch 2\n>p1 move flamethrower\n>p2 move knockoff\n>p1 switch 6\n>p2 move closecombat\n>p1 switch 4\n>p1 move alluringvoice\n>p2 move facade\n>p2 switch 6\n>p1 switch 2\n>p2 move earthquake\n>p1 move knockoff\n>p2 move clearsmog\n>p1 move moonlight\n>p2 move earthquake\n>p1 move moonlight\n>p2 move earthquake\n>p1 move moonblast\n>p2 move clearsmog\n>p1 move moonlight\n>p2 switch 3\n>p1 switch 2\n>p2 move spore\n>p1 move psyshock\n>p2 move gigadrain\n>p2 switch 4\n>p1 switch 3\n>p2 move shiftgear\n>p1 move rest\n>p2 move highhorsepower\n>p1 move coil\n>p2 move shiftgear\n>p1 move coil\n>p2 move ironhead\n>p1 move coil\n>p2 switch 3\n>p1 move bodypress\n>p2 move recover\n>p2 switch 5\n>p1 move bodypress\n>p2 move encore\n>p2 switch 3\n>p1 move bodypress\n>p2 move ironhead", "uploadtime": 1782895881, "views": 2, "formatid": "gen9randombattle", "rating": 1695, "private": 0, "password": null, "player_dets": [{"name": "unovagangster", "avatar": "flannery", "rating": 1753, "seed": "sodium,82b964ad76b252542905fd1855d97674"}, {"name": "Videokeyisback", "avatar": "169", "rating": 1713, "seed": "sodium,455e81aee876541f4d9486e6ddd2a72c"}], "teams_full": [{"Espeon": {"name": "Espeon", "species": "Espeon", "speciesId": "espeon", "gender": "F", "shiny": false, "level": 84, "moves": ["alluringvoice", "shadowball", "trick", "psyshock"], "ability": "Magic Bounce", "evs": {"hp": 85, "atk": 0, "def": 85, "spa": 85, "spd": 85, "spe": 85}, "ivs": {"hp": 31, "atk": 0, "def": 31, "spa": 31, "spd": 31, "spe": 31}, "item": "Choice Specs", "teraType": "Psychic", "role": "Fast Attacker", "bvs": {"hp": 65, "atk": 65, "def": 60, "spa": 130, "spd": 95, "spe": 110}, "stats": {"hp": 246, "atk": 114, "def": 149, "spa": 267, "spd": 208, "spe": 233}, "types": ["Psychic"]}, "Clefable": {"name": "Clefable", "species": "Clefable", "speciesId": "clefable", "gender": "F", "shiny": false, "level": 83, "moves": ["stealthrock", "moonlight", "moonblast", "knockoff"], "ability": "Magic Guard", "evs": {"hp": 85, "atk": 85, "def": 85, "spa": 85, "spd": 85, "spe": 85}, "ivs": {"hp": 31, "atk": 31, "def": 31, "spa": 31, "spd": 31, "spe": 31}, "item": "Life Orb", "teraType": "Steel", "role": "Bulky Support", "bvs": {"hp": 95, "atk": 70, "def": 73, "spa": 95, "spd": 90, "spe": 60}, "stats": {"hp": 293, "atk": 164, "def": 169, "spa": 205, "spd": 197, "spe": 147}, "types": ["Fairy"]}, "Orthworm": {"name": "Orthworm", "species": "Orthworm", "speciesId": "orthworm", "gender": "F", "shiny": false, "level": 88, "moves": ["irontail", "rest", "bodypress", "coil"], "ability": "Earth Eater", "evs": {"hp": 85, "atk": 85, "def": 85, "spa": 85, "spd": 85, "spe": 85}, "ivs": {"hp": 31, "atk": 31, "def": 31, "spa": 31, "spd": 31, "spe": 31}, "item": "Chesto Berry", "teraType": "Electric", "role": "Bulky Setup", "bvs": {"hp": 70, "atk": 85, "def": 145, "spa": 60, "spd": 55, "spe": 65}, "stats": {"hp": 266, "atk": 200, "def": 305, "spa": 156, "spd": 147, "spe": 165}, "types": ["Steel"]}, "Coalossal": {"name": "Coalossal", "species": "Coalossal", "speciesId": "coalossal", "gender": "M", "shiny": false, "level": 89, "moves": ["spikes", "flamethrower", "stoneedge", "rapidspin"], "ability": "Flame Body", "evs": {"hp": 85, "atk": 85, "def": 85, "spa": 85, "spd": 85, "spe": 85}, "ivs": {"hp": 31, "atk": 31, "def": 31, "spa": 31, "spd": 31, "spe": 31}, "item": "Heavy-Duty Boots", "teraType": "Grass", "role": "Bulky Support", "bvs": {"hp": 110, "atk": 80, "def": 120, "spa": 80, "spd": 90, "spe": 30}, "stats": {"hp": 341, "atk": 193, "def": 264, "spa": 193, "spd": 211, "spe": 104}, "types": ["Rock", "Fire"]}, "Tyranitar": {"name": "Tyranitar", "species": "Tyranitar", "speciesId": "tyranitar", "gender": "M", "shiny": false, "level": 78, "moves": ["stoneedge", "knockoff", "icebeam", "dragontail"], "ability": "Sand Stream", "evs": {"hp": 85, "atk": 85, "def": 85, "spa": 85, "spd": 85, "spe": 85}, "ivs": {"hp": 31, "atk": 31, "def": 31, "spa": 31, "spd": 31, "spe": 31}, "item": "Assault Vest", "teraType": "Rock", "role": "Bulky Support", "bvs": {"hp": 100, "atk": 134, "def": 110, "spa": 95, "spd": 100, "spe": 61}, "stats": {"hp": 284, "atk": 254, "def": 217, "spa": 193, "spd": 201, "spe": 140}, "types": ["Rock", "Dark"]}, "Tornadus": {"name": "Tornadus", "species": "Tornadus-Therian", "speciesId": "tornadustherian", "gender": "M", "shiny": false, "level": 79, "moves": ["heatwave", "focusblast", "bleakwindstorm", "uturn"], "ability": "Regenerator", "evs": {"hp": 85, "atk": 85, "def": 85, "spa": 85, "spd": 85, "spe": 85}, "ivs": {"hp": 31, "atk": 31, "def": 31, "spa": 31, "spd": 31, "spe": 31}, "item": "Choice Specs", "teraType": "Flying", "role": "Fast Attacker", "bvs": {"hp": 79, "atk": 100, "def": 80, "spa": 110, "spd": 90, "spe": 121}, "stats": {"hp": 254, "atk": 204, "def": 172, "spa": 219, "spd": 188, "spe": 237}, "types": ["Flying"]}}, {"Scizor": {"name": "Scizor", "species": "Scizor", "speciesId": "scizor", "gender": "F", "shiny": false, "level": 79, "moves": ["closecombat", "swordsdance", "bugbite", "bulletpunch"], "ability": "Technician", "evs": {"hp": 85, "atk": 85, "def": 85, "spa": 85, "spd": 85, "spe": 85}, "ivs": {"hp": 31, "atk": 31, "def": 31, "spa": 31, "spd": 31, "spe": 31}, "item": "Life Orb", "teraType": "Steel", "role": "Setup Sweeper", "bvs": {"hp": 70, "atk": 130, "def": 100, "spa": 55, "spd": 80, "spe": 65}, "stats": {"hp": 240, "atk": 251, "def": 204, "spa": 132, "spd": 172, "spe": 148}, "types": ["Bug", "Steel"]}, "Hariyama": {"name": "Hariyama", "species": "Hariyama", "speciesId": "hariyama", "gender": "M", "shiny": false, "level": 87, "moves": ["facade", "knockoff", "headlongrush", "closecombat"], "ability": "Guts", "evs": {"hp": 85, "atk": 85, "def": 85, "spa": 85, "spd": 85, "spe": 85}, "ivs": {"hp": 31, "atk": 31, "def": 31, "spa": 31, "spd": 31, "spe": 31}, "item": "Flame Orb", "teraType": "Normal", "role": "Wallbreaker", "bvs": {"hp": 144, "atk": 120, "def": 60, "spa": 40, "spd": 60, "spe": 50}, "stats": {"hp": 392, "atk": 259, "def": 154, "spa": 119, "spd": 154, "spe": 137}, "types": ["Fighting"]}, "Amoonguss": {"name": "Amoonguss", "species": "Amoonguss", "speciesId": "amoonguss", "gender": "M", "shiny": false, "level": 82, "moves": ["stompingtantrum", "gigadrain", "sludgebomb", "spore"], "ability": "Regenerator", "evs": {"hp": 85, "atk": 85, "def": 85, "spa": 85, "spd": 85, "spe": 85}, "ivs": {"hp": 31, "atk": 31, "def": 31, "spa": 31, "spd": 31, "spe": 31}, "item": "Rocky Helmet", "teraType": "Steel", "role": "Bulky Attacker", "bvs": {"hp": 114, "atk": 85, "def": 70, "spa": 85, "spd": 80, "spe": 30}, "stats": {"hp": 321, "atk": 187, "def": 162, "spa": 187, "spd": 178, "spe": 96}, "types": ["Grass", "Poison"]}, "Revavroom": {"name": "Revavroom", "species": "Revavroom", "speciesId": "revavroom", "gender": "M", "shiny": false, "level": 79, "moves": ["gunkshot", "ironhead", "highhorsepower", "shiftgear"], "ability": "Filter", "evs": {"hp": 85, "atk": 85, "def": 85, "spa": 85, "spd": 85, "spe": 85}, "ivs": {"hp": 31, "atk": 31, "def": 31, "spa": 31, "spd": 31, "spe": 31}, "item": "Life Orb", "teraType": "Ground", "role": "Fast Attacker", "bvs": {"hp": 80, "atk": 119, "def": 90, "spa": 54, "spd": 67, "spe": 90}, "stats": {"hp": 256, "atk": 234, "def": 188, "spa": 131, "spd": 151, "spe": 188}, "types": ["Steel", "Poison"]}, "Ogerpon": {"name": "Ogerpon", "species": "Ogerpon-Cornerstone", "speciesId": "ogerponcornerstone", "gender": "F", "shiny": false, "level": 76, "moves": ["encore", "ivycudgel", "synthesis", "powerwhip"], "ability": "Sturdy", "evs": {"hp": 85, "atk": 85, "def": 85, "spa": 85, "spd": 85, "spe": 85}, "ivs": {"hp": 31, "atk": 31, "def": 31, "spa": 31, "spd": 31, "spe": 31}, "item": "Cornerstone Mask", "teraType": "Rock", "role": "Bulky Attacker", "bvs": {"hp": 80, "atk": 120, "def": 84, "spa": 60, "spd": 96, "spe": 110}, "stats": {"hp": 247, "atk": 226, "def": 172, "spa": 135, "spd": 190, "spe": 211}, "types": ["Grass", "Rock"]}, "Gastrodon": {"name": "Gastrodon", "species": "Gastrodon", "speciesId": "gastrodon", "gender": "M", "shiny": false, "level": 86, "moves": ["clearsmog", "earthquake", "icebeam", "recover"], "ability": "Storm Drain", "evs": {"hp": 85, "atk": 85, "def": 85, "spa": 85, "spd": 85, "spe": 85}, "ivs": {"hp": 31, "atk": 31, "def": 31, "spa": 31, "spd": 31, "spe": 31}, "item": "Leftovers", "teraType": "Poison", "role": "Bulky Attacker", "bvs": {"hp": 111, "atk": 83, "def": 68, "spa": 92, "spd": 82, "spe": 39}, "stats": {"hp": 331, "atk": 192, "def": 166, "spa": 207, "spd": 190, "spe": 116}, "types": ["Water", "Ground"]}}]}