{"id": "gen9randombattle-2642103738", "format": "[Gen 9] Random Battle", "players": ["fffffesgr", "jnpr010334"], "log": "|j|\u2606fffffesgr\n|j|\u2606jnpr010334\n|t:|1782890704\n|gametype|singles\n|player|p1|fffffesgr|266|1854\n|player|p2|jnpr010334|265|1853\n|gen|9\n|tier|[Gen 9] Random Battle\n|rated|\n|rule|Species Clause: Limit one of each Pok\u00e9mon\n|rule|HP Percentage Mod: HP is shown in percentages\n|rule|Sleep Clause Mod: Limit one foe put to sleep\n|rule|Illusion Level Mod: Illusion disguises the Pok\u00e9mon's true level\n|\n|t:|1782890704\n|teamsize|p1|6\n|teamsize|p2|6\n|start\n|switch|p1a: Meowscarada|Meowscarada, L78, F|247/247\n|switch|p2a: Sandslash|Sandslash-Alola, L88, F|275/275\n|turn|1\n|inactive|Battle timer is ON: inactive players will automatically lose when time's up. (requested by jnpr010334)\n|\n|t:|1782890722\n|switch|p1a: Quaquaval|Quaquaval, L79, M|264/264\n|move|p2a: Sandslash|Swords Dance|p2a: Sandslash\n|-boost|p2a: Sandslash|atk|2\n|\n|upkeep\n|turn|2\n|\n|t:|1782890727\n|move|p1a: Quaquaval|Close Combat|p2a: Sandslash\n|-supereffective|p2a: Sandslash\n|-damage|p2a: Sandslash|0 fnt\n|-unboost|p1a: Quaquaval|def|1\n|-unboost|p1a: Quaquaval|spd|1\n|faint|p2a: Sandslash\n|-ability|p1a: Quaquaval|Moxie|boost\n|-boost|p1a: Quaquaval|atk|1\n|\n|upkeep\n|\n|t:|1782890729\n|switch|p2a: Wo-Chien|Wo-Chien, L83|277/277\n|-ability|p2a: Wo-Chien|Tablets of Ruin\n|turn|3\n|\n|t:|1782890745\n|move|p1a: Quaquaval|Close Combat|p2a: Wo-Chien\n|-supereffective|p2a: Wo-Chien\n|-damage|p2a: Wo-Chien|0 fnt\n|-unboost|p1a: Quaquaval|def|1\n|-unboost|p1a: Quaquaval|spd|1\n|faint|p2a: Wo-Chien\n|-ability|p1a: Quaquaval|Moxie|boost\n|-boost|p1a: Quaquaval|atk|1\n|\n|upkeep\n|\n|t:|1782890746\n|switch|p2a: Zacian|Zacian-Crowned, L64|225/225\n|-ability|p2a: Zacian|Intrepid Sword|boost\n|-boost|p2a: Zacian|atk|1\n|turn|4\n|\n|t:|1782890769\n|-terastallize|p1a: Quaquaval|Steel\n|move|p2a: Zacian|Play Rough|p1a: Quaquaval\n|-resisted|p1a: Quaquaval\n|-crit|p1a: Quaquaval\n|-damage|p1a: Quaquaval|69/264\n|move|p1a: Quaquaval|Close Combat|p2a: Zacian\n|-damage|p2a: Zacian|0 fnt\n|-unboost|p1a: Quaquaval|def|1\n|-unboost|p1a: Quaquaval|spd|1\n|faint|p2a: Zacian\n|-ability|p1a: Quaquaval|Moxie|boost\n|-boost|p1a: Quaquaval|atk|1\n|\n|-heal|p1a: Quaquaval|85/264|[from] item: Leftovers\n|upkeep\n|\n|t:|1782890772\n|switch|p2a: Donphan|Donphan, L84, M|288/288\n|turn|5\n|\n|t:|1782890781\n|move|p1a: Quaquaval|Close Combat|p2a: Donphan\n|-damage|p2a: Donphan|45/288\n|-unboost|p1a: Quaquaval|def|1\n|-unboost|p1a: Quaquaval|spd|1\n|move|p2a: Donphan|Rapid Spin|p1a: Quaquaval\n|-resisted|p1a: Quaquaval\n|-damage|p1a: Quaquaval|9/264\n|-boost|p2a: Donphan|spe|1\n|\n|-heal|p2a: Donphan|63/288|[from] item: Leftovers\n|-heal|p1a: Quaquaval|25/264|[from] item: Leftovers\n|upkeep\n|turn|6\n|\n|t:|1782890796\n|move|p2a: Donphan|Earthquake|p1a: Quaquaval\n|-supereffective|p1a: Quaquaval\n|-damage|p1a: Quaquaval|0 fnt\n|faint|p1a: Quaquaval\n|\n|-heal|p2a: Donphan|81/288|[from] item: Leftovers\n|upkeep\n|\n|t:|1782890815\n|switch|p1a: Lycanroc|Lycanroc-Dusk, L81, M|254/254\n|turn|7\n|\n|t:|1782890820\n|move|p1a: Lycanroc|Close Combat|p2a: Donphan\n|-damage|p2a: Donphan|0 fnt\n|-unboost|p1a: Lycanroc|def|1\n|-unboost|p1a: Lycanroc|spd|1\n|faint|p2a: Donphan\n|\n|upkeep\n|\n|t:|1782890825\n|switch|p2a: Feraligatr|Feraligatr, L79, F|264/264\n|turn|8\n|\n|t:|1782890829\n|move|p1a: Lycanroc|Close Combat|p2a: Feraligatr\n|-damage|p2a: Feraligatr|97/264\n|-unboost|p1a: Lycanroc|def|1\n|-unboost|p1a: Lycanroc|spd|1\n|move|p2a: Feraligatr|Dragon Dance|p2a: Feraligatr\n|-boost|p2a: Feraligatr|atk|1\n|-boost|p2a: Feraligatr|spe|1\n|\n|upkeep\n|turn|9\n|\n|t:|1782890832\n|move|p2a: Feraligatr|Liquidation|p1a: Lycanroc\n|-supereffective|p1a: Lycanroc\n|-damage|p1a: Lycanroc|0 fnt\n|faint|p1a: Lycanroc\n|\n|upkeep\n|\n|t:|1782890836\n|switch|p1a: Meowscarada|Meowscarada, L78, F|247/247\n|turn|10\n|\n|t:|1782890845\n|move|p2a: Feraligatr|Ice Punch|p1a: Meowscarada\n|-supereffective|p1a: Meowscarada\n|-enditem|p1a: Meowscarada|Focus Sash\n|-damage|p1a: Meowscarada|1/247\n|move|p1a: Meowscarada|Knock Off|p2a: Feraligatr\n|-start|p1a: Meowscarada|typechange|Dark|[from] ability: Protean\n|-damage|p2a: Feraligatr|0 fnt\n|-enditem|p2a: Feraligatr|Life Orb|[from] move: Knock Off|[of] p1a: Meowscarada\n|faint|p2a: Feraligatr\n|\n|upkeep\n|\n|t:|1782890847\n|switch|p2a: Stonjourner|Stonjourner, L91, M|330/330\n|turn|11\n|\n|t:|1782890853\n|move|p1a: Meowscarada|Knock Off|p2a: Stonjourner\n|-damage|p2a: Stonjourner|264/330\n|-enditem|p2a: Stonjourner|Life Orb|[from] move: Knock Off|[of] p1a: Meowscarada\n|move|p2a: Stonjourner|Rock Polish|p2a: Stonjourner\n|-boost|p2a: Stonjourner|spe|2\n|\n|upkeep\n|turn|12\n|\n|t:|1782890857\n|move|p2a: Stonjourner|Rock Polish|p2a: Stonjourner\n|-boost|p2a: Stonjourner|spe|2\n|move|p1a: Meowscarada|Flower Trick|p2a: Stonjourner\n|-supereffective|p2a: Stonjourner\n|-crit|p2a: Stonjourner\n|-damage|p2a: Stonjourner|164/330\n|\n|upkeep\n|turn|13\n|\n|t:|1782890861\n|move|p2a: Stonjourner|Heat Crash|p1a: Meowscarada\n|-damage|p1a: Meowscarada|0 fnt\n|faint|p1a: Meowscarada\n|\n|upkeep\n|\n|t:|1782890865\n|switch|p1a: Lumineon|Lumineon, L93, M|279/279\n|turn|14\n|\n|t:|1782890872\n|-terastallize|p2a: Stonjourner|Ground\n|move|p2a: Stonjourner|Earthquake|p1a: Lumineon\n|-damage|p1a: Lumineon|134/279\n|move|p1a: Lumineon|Hydro Pump|p2a: Stonjourner|[miss]\n|-miss|p1a: Lumineon|p2a: Stonjourner\n|\n|upkeep\n|turn|15\n|\n|t:|1782890877\n|move|p2a: Stonjourner|Earthquake|p1a: Lumineon\n|-damage|p1a: Lumineon|0 fnt\n|faint|p1a: Lumineon\n|\n|upkeep\n|\n|t:|1782890878\n|switch|p1a: Toedscruel|Toedscruel, L87, F|281/281\n|turn|16\n|\n|t:|1782890881\n|move|p2a: Stonjourner|Heat Crash|p1a: Toedscruel\n|-supereffective|p1a: Toedscruel\n|-damage|p1a: Toedscruel|1/281\n|move|p1a: Toedscruel|Leaf Storm|p2a: Stonjourner\n|-supereffective|p2a: Stonjourner\n|-damage|p2a: Stonjourner|0 fnt\n|-unboost|p1a: Toedscruel|spa|2\n|faint|p2a: Stonjourner\n|\n|win|fffffesgr\n|raw|fffffesgr's rating: 1854 &rarr; <strong>1875</strong><br />(+21 for winning)\n|raw|jnpr010334's rating: 1875 &rarr; <strong>1854</strong><br />(-21 for losing)\n", "inputlog": ">version f8ac14003a5f27e1bdc8d8c59608a773c1cb96e5\n>start {\"formatid\":\"gen9randombattle\",\"seed\":\"sodium,e1322a2693496e3f9016f268adb5ceaf\",\"rated\":\"Rated battle\"}\n>player p1 {\"name\":\"fffffesgr\",\"avatar\":\"266\",\"rating\":1854,\"seed\":\"sodium,5becc3dd52c8c23ea92dd5435c7f5c32\"}\n>player p2 {\"name\":\"jnpr010334\",\"avatar\":\"265\",\"rating\":1853,\"seed\":\"sodium,75f67da7fcccaf69c16b8b74b581cb37\"}\n>p1 switch 3\n>p2 move swordsdance\n>p1 move closecombat\n>p2 move earthquake\n>p2 switch 4\n>p1 move closecombat\n>p2 move stunspore\n>p2 switch 5\n>p1 move closecombat terastallize\n>p2 move playrough\n>p2 switch 2\n>p1 move closecombat\n>p2 move rapidspin\n>p1 move aquastep\n>p2 move earthquake\n>p1 switch 6\n>p1 move closecombat\n>p2 move earthquake\n>p2 switch 3\n>p1 move closecombat\n>p2 move dragondance\n>p1 move closecombat\n>p2 move liquidation\n>p1 switch 3\n>p1 move knockoff\n>p2 move icepunch\n>p2 switch 6\n>p1 move knockoff\n>p2 move rockpolish\n>p1 move flowertrick\n>p2 move rockpolish\n>p1 move flowertrick\n>p2 move heatcrash\n>p1 switch 2\n>p1 move hydropump\n>p2 move earthquake terastallize\n>p1 move hydropump\n>p2 move earthquake\n>p1 switch 5\n>p1 move leafstorm\n>p2 move heatcrash", "uploadtime": 1782890883, "views": 3, "formatid": "gen9randombattle", "rating": 1854, "private": 0, "password": null, "player_dets": [{"name": "fffffesgr", "avatar": "266", "rating": 1854, "seed": "sodium,5becc3dd52c8c23ea92dd5435c7f5c32"}, {"name": "jnpr010334", "avatar": "265", "rating": 1853, "seed": "sodium,75f67da7fcccaf69c16b8b74b581cb37"}], "teams_full": [{"Meowscarada": {"name": "Meowscarada", "species": "Meowscarada", "speciesId": "meowscarada", "gender": "F", "shiny": false, "level": 78, "moves": ["tripleaxel", "toxicspikes", "knockoff", "flowertrick"], "ability": "Protean", "evs": {"hp": 85, "atk": 85, "def": 85, "spa": 85, "spd": 85, "spe": 85}, "ivs": {"hp": 31, "atk": 31, "def": 31, "spa": 31, "spd": 31, "spe": 31}, "item": "Focus Sash", "teraType": "Dark", "role": "Fast Support", "bvs": {"hp": 76, "atk": 110, "def": 70, "spa": 81, "spd": 70, "spe": 123}, "stats": {"hp": 247, "atk": 217, "def": 154, "spa": 171, "spd": 154, "spe": 237}, "types": ["Grass", "Dark"]}, "Lumineon": {"name": "Lumineon", "species": "Lumineon", "speciesId": "lumineon", "gender": "M", "shiny": false, "level": 93, "moves": ["encore", "hydropump", "icebeam", "uturn"], "ability": "Storm Drain", "evs": {"hp": 85, "atk": 85, "def": 85, "spa": 85, "spd": 85, "spe": 85}, "ivs": {"hp": 31, "atk": 31, "def": 31, "spa": 31, "spd": 31, "spe": 31}, "item": "Heavy-Duty Boots", "teraType": "Ground", "role": "Fast Support", "bvs": {"hp": 69, "atk": 69, "def": 76, "spa": 69, "spd": 86, "spe": 91}, "stats": {"hp": 279, "atk": 181, "def": 194, "spa": 181, "spd": 213, "spe": 222}, "types": ["Water"]}, "Quaquaval": {"name": "Quaquaval", "species": "Quaquaval", "speciesId": "quaquaval", "gender": "M", "shiny": false, "level": 79, "moves": ["closecombat", "roost", "aquastep", "swordsdance"], "ability": "Moxie", "evs": {"hp": 85, "atk": 85, "def": 85, "spa": 85, "spd": 85, "spe": 85}, "ivs": {"hp": 31, "atk": 31, "def": 31, "spa": 31, "spd": 31, "spe": 31}, "item": "Leftovers", "teraType": "Steel", "role": "Bulky Attacker", "bvs": {"hp": 85, "atk": 120, "def": 80, "spa": 85, "spd": 75, "spe": 85}, "stats": {"hp": 264, "atk": 235, "def": 172, "spa": 180, "spd": 164, "spe": 180}, "types": ["Water", "Fighting"]}, "Kyurem": {"name": "Kyurem", "species": "Kyurem-Black", "speciesId": "kyuremblack", "gender": "N", "shiny": false, "level": 71, "moves": ["terablast", "iciclespear", "dragondance", "scaleshot"], "ability": "Teravolt", "evs": {"hp": 85, "atk": 85, "def": 85, "spa": 85, "spd": 85, "spe": 85}, "ivs": {"hp": 31, "atk": 31, "def": 31, "spa": 31, "spd": 31, "spe": 31}, "item": "Loaded Dice", "teraType": "Ground", "role": "Tera Blast user", "bvs": {"hp": 125, "atk": 170, "def": 100, "spa": 120, "spd": 90, "spe": 95}, "stats": {"hp": 295, "atk": 283, "def": 183, "spa": 212, "spd": 169, "spe": 176}, "types": ["Dragon", "Ice"]}, "Toedscruel": {"name": "Toedscruel", "species": "Toedscruel", "speciesId": "toedscruel", "gender": "F", "shiny": false, "level": 87, "moves": ["knockoff", "earthpower", "rapidspin", "leafstorm"], "ability": "Mycelium Might", "evs": {"hp": 85, "atk": 85, "def": 85, "spa": 85, "spd": 85, "spe": 85}, "ivs": {"hp": 31, "atk": 31, "def": 31, "spa": 31, "spd": 31, "spe": 31}, "item": "Assault Vest", "teraType": "Water", "role": "Bulky Support", "bvs": {"hp": 80, "atk": 70, "def": 65, "spa": 80, "spd": 120, "spe": 100}, "stats": {"hp": 281, "atk": 172, "def": 163, "spa": 189, "spd": 259, "spe": 224}, "types": ["Ground", "Grass"]}, "Lycanroc": {"name": "Lycanroc", "species": "Lycanroc-Dusk", "speciesId": "lycanrocdusk", "gender": "M", "shiny": false, "level": 81, "moves": ["accelerock", "stoneedge", "throatchop", "closecombat"], "ability": "Tough Claws", "evs": {"hp": 85, "atk": 85, "def": 85, "spa": 85, "spd": 85, "spe": 85}, "ivs": {"hp": 31, "atk": 31, "def": 31, "spa": 31, "spd": 31, "spe": 31}, "item": "Choice Band", "teraType": "Fighting", "role": "Wallbreaker", "bvs": {"hp": 75, "atk": 117, "def": 65, "spa": 55, "spd": 65, "spe": 110}, "stats": {"hp": 254, "atk": 236, "def": 152, "spa": 136, "spd": 152, "spe": 225}, "types": ["Rock"]}}, {"Sandslash": {"name": "Sandslash", "species": "Sandslash-Alola", "speciesId": "sandslashalola", "gender": "F", "shiny": false, "level": 88, "moves": ["iceshard", "earthquake", "tripleaxel", "swordsdance"], "ability": "Slush Rush", "evs": {"hp": 85, "atk": 85, "def": 85, "spa": 85, "spd": 85, "spe": 85}, "ivs": {"hp": 31, "atk": 31, "def": 31, "spa": 31, "spd": 31, "spe": 31}, "item": "Life Orb", "teraType": "Ground", "role": "Setup Sweeper", "bvs": {"hp": 75, "atk": 100, "def": 120, "spa": 25, "spd": 65, "spe": 65}, "stats": {"hp": 275, "atk": 226, "def": 261, "spa": 94, "spd": 165, "spe": 165}, "types": ["Ice", "Steel"]}, "Donphan": {"name": "Donphan", "species": "Donphan", "speciesId": "donphan", "gender": "M", "shiny": false, "level": 84, "moves": ["earthquake", "icespinner", "stealthrock", "rapidspin"], "ability": "Sturdy", "evs": {"hp": 85, "atk": 85, "def": 85, "spa": 85, "spd": 85, "spe": 85}, "ivs": {"hp": 31, "atk": 31, "def": 31, "spa": 31, "spd": 31, "spe": 31}, "item": "Leftovers", "teraType": "Steel", "role": "Bulky Support", "bvs": {"hp": 90, "atk": 120, "def": 120, "spa": 60, "spd": 60, "spe": 50}, "stats": {"hp": 288, "atk": 250, "def": 250, "spa": 149, "spd": 149, "spe": 132}, "types": ["Ground"]}, "Feraligatr": {"name": "Feraligatr", "species": "Feraligatr", "speciesId": "feraligatr", "gender": "F", "shiny": false, "level": 79, "moves": ["icepunch", "dragondance", "liquidation", "trailblaze"], "ability": "Sheer Force", "evs": {"hp": 85, "atk": 85, "def": 85, "spa": 85, "spd": 85, "spe": 85}, "ivs": {"hp": 31, "atk": 31, "def": 31, "spa": 31, "spd": 31, "spe": 31}, "item": "Life Orb", "teraType": "Grass", "role": "Setup Sweeper", "bvs": {"hp": 85, "atk": 105, "def": 100, "spa": 79, "spd": 83, "spe": 78}, "stats": {"hp": 264, "atk": 211, "def": 204, "spa": 170, "spd": 177, "spe": 169}, "types": ["Water"]}, "Wo-Chien": {"name": "Wo-Chien", "species": "Wo-Chien", "speciesId": "wochien", "gender": "N", "shiny": false, "level": 83, "moves": ["stunspore", "gigadrain", "knockoff", "ruination"], "ability": "Tablets of Ruin", "evs": {"hp": 85, "atk": 85, "def": 85, "spa": 85, "spd": 85, "spe": 85}, "ivs": {"hp": 31, "atk": 31, "def": 31, "spa": 31, "spd": 31, "spe": 31}, "item": "Leftovers", "teraType": "Poison", "role": "Bulky Support", "bvs": {"hp": 85, "atk": 85, "def": 100, "spa": 95, "spd": 135, "spe": 70}, "stats": {"hp": 277, "atk": 189, "def": 214, "spa": 205, "spd": 272, "spe": 164}, "types": ["Dark", "Grass"]}, "Zacian": {"name": "Zacian", "species": "Zacian", "speciesId": "zaciancrowned", "gender": "N", "shiny": false, "level": 64, "moves": ["swordsdance", "closecombat", "behemothblade", "playrough"], "ability": "Intrepid Sword", "evs": {"hp": 85, "atk": 85, "def": 85, "spa": 85, "spd": 85, "spe": 85}, "ivs": {"hp": 31, "atk": 31, "def": 31, "spa": 31, "spd": 31, "spe": 31}, "item": "Rusted Sword", "teraType": "Fighting", "role": "Setup Sweeper", "bvs": {"hp": 92, "atk": 150, "def": 115, "spa": 80, "spd": 115, "spe": 148}, "stats": {"hp": 225, "atk": 230, "def": 185, "spa": 140, "spd": 185, "spe": 227}, "types": ["Fairy", "Steel"]}, "Stonjourner": {"name": "Stonjourner", "species": "Stonjourner", "speciesId": "stonjourner", "gender": "M", "shiny": false, "level": 91, "moves": ["earthquake", "heatcrash", "rockpolish", "stoneedge"], "ability": "Power Spot", "evs": {"hp": 85, "atk": 85, "def": 85, "spa": 85, "spd": 85, "spe": 85}, "ivs": {"hp": 31, "atk": 31, "def": 31, "spa": 31, "spd": 31, "spe": 31}, "item": "Life Orb", "teraType": "Ground", "role": "Fast Attacker", "bvs": {"hp": 100, "atk": 125, "def": 135, "spa": 20, "spd": 20, "spe": 70}, "stats": {"hp": 330, "atk": 279, "def": 298, "spa": 88, "spd": 88, "spe": 179}, "types": ["Rock"]}}]}