{"id": "gen9randombattle-2641586051", "format": "[Gen 9] Random Battle", "players": ["raffixax", "hieu0611"], "log": "|j|\u2606raffixax\n|j|\u2606hieu0611\n|t:|1782813506\n|gametype|singles\n|player|p1|raffixax|101|1178\n|player|p2|hieu0611|1|1149\n|gen|9\n|tier|[Gen 9] Random Battle\n|rated|\n|rule|Species Clause: Limit one of each Pok\u00e9mon\n|rule|HP Percentage Mod: HP is shown in percentages\n|rule|Sleep Clause Mod: Limit one foe put to sleep\n|rule|Illusion Level Mod: Illusion disguises the Pok\u00e9mon's true level\n|\n|t:|1782813506\n|teamsize|p1|6\n|teamsize|p2|6\n|start\n|switch|p1a: Espathra|Espathra, L80, M|283/283\n|switch|p2a: Magmortar|Magmortar, L88, F|275/275\n|turn|1\n|inactive|Battle timer is ON: inactive players will automatically lose when time's up. (requested by raffixax)\n|\n|t:|1782813517\n|switch|p1a: Hippowdon|Hippowdon, L82, F|311/311\n|-weather|Sandstorm|[from] ability: Sand Stream|[of] p1a: Hippowdon\n|move|p2a: Magmortar|Knock Off|p1a: Hippowdon\n|-damage|p1a: Hippowdon|253/311\n|-enditem|p1a: Hippowdon|Leftovers|[from] move: Knock Off|[of] p2a: Magmortar\n|\n|-weather|Sandstorm|[upkeep]\n|-damage|p2a: Magmortar|258/275|[from] Sandstorm\n|upkeep\n|turn|2\n|\n|t:|1782813532\n|switch|p2a: Leafeon|Leafeon, L88, F|258/258\n|move|p1a: Hippowdon|Earthquake|p2a: Leafeon\n|-resisted|p2a: Leafeon\n|-damage|p2a: Leafeon|219/258\n|\n|-weather|Sandstorm|[upkeep]\n|-damage|p2a: Leafeon|203/258|[from] Sandstorm\n|upkeep\n|turn|3\n|\n|t:|1782813542\n|move|p2a: Leafeon|Swords Dance|p2a: Leafeon\n|-boost|p2a: Leafeon|atk|2\n|move|p1a: Hippowdon|Stone Edge|p2a: Leafeon|[miss]\n|-miss|p1a: Hippowdon|p2a: Leafeon\n|\n|-weather|Sandstorm|[upkeep]\n|-damage|p2a: Leafeon|187/258|[from] Sandstorm\n|upkeep\n|turn|4\n|\n|t:|1782813553\n|move|p2a: Leafeon|Leaf Blade|p1a: Hippowdon\n|-supereffective|p1a: Hippowdon\n|-damage|p1a: Hippowdon|0 fnt\n|faint|p1a: Hippowdon\n|-damage|p2a: Leafeon|162/258|[from] item: Life Orb\n|\n|-weather|Sandstorm|[upkeep]\n|-damage|p2a: Leafeon|146/258|[from] Sandstorm\n|upkeep\n|\n|t:|1782813569\n|switch|p1a: Piloswine|Piloswine, L85, F|309/309\n|turn|5\n|\n|t:|1782813574\n|move|p1a: Piloswine|Ice Shard|p2a: Leafeon\n|-supereffective|p2a: Leafeon\n|-damage|p2a: Leafeon|86/258\n|move|p2a: Leafeon|Leaf Blade|p1a: Piloswine\n|-supereffective|p1a: Piloswine\n|-damage|p1a: Piloswine|0 fnt\n|faint|p1a: Piloswine\n|-damage|p2a: Leafeon|61/258|[from] item: Life Orb\n|\n|-weather|none\n|upkeep\n|\n|t:|1782813586\n|switch|p1a: Espathra|Espathra, L80, M|283/283\n|turn|6\n|\n|t:|1782813591\n|move|p2a: Leafeon|Knock Off|p1a: Espathra\n|-supereffective|p1a: Espathra\n|-damage|p1a: Espathra|0 fnt\n|-enditem|p1a: Espathra|Leftovers|[from] move: Knock Off|[of] p2a: Leafeon\n|faint|p1a: Espathra\n|-damage|p2a: Leafeon|36/258|[from] item: Life Orb\n|\n|upkeep\n|\n|t:|1782813605\n|switch|p1a: Smeargle|Smeargle, L95, M|258/258\n|turn|7\n|\n|t:|1782813610\n|move|p2a: Leafeon|Leaf Blade|p1a: Smeargle\n|-crit|p1a: Smeargle\n|-damage|p1a: Smeargle|0 fnt\n|faint|p1a: Smeargle\n|-damage|p2a: Leafeon|11/258|[from] item: Life Orb\n|\n|upkeep\n|\n|t:|1782813619\n|switch|p1a: Ampharos|Ampharos, L88, F|302/302\n|turn|8\n|\n|t:|1782813627\n|move|p2a: Leafeon|Leaf Blade|p1a: Ampharos\n|-damage|p1a: Ampharos|0 fnt\n|faint|p1a: Ampharos\n|-damage|p2a: Leafeon|0 fnt|[from] item: Life Orb\n|faint|p2a: Leafeon\n|\n|upkeep\n|\n|t:|1782813635\n|switch|p2a: Magmortar|Magmortar, L88, F|258/275\n|switch|p1a: Cresselia|Cresselia, L80, F|323/323\n|turn|9\n|\n|t:|1782813644\n|move|p2a: Magmortar|Knock Off|p1a: Cresselia\n|-supereffective|p1a: Cresselia\n|-damage|p1a: Cresselia|187/323\n|-enditem|p1a: Cresselia|Leftovers|[from] move: Knock Off|[of] p2a: Magmortar\n|move|p1a: Cresselia|Psyshock|p2a: Magmortar\n|-damage|p2a: Magmortar|182/275\n|\n|upkeep\n|turn|10\n|\n|t:|1782813655\n|move|p2a: Magmortar|Knock Off|p1a: Cresselia\n|-supereffective|p1a: Cresselia\n|-damage|p1a: Cresselia|105/323\n|move|p1a: Cresselia|Psyshock|p2a: Magmortar\n|-damage|p2a: Magmortar|104/275\n|\n|upkeep\n|turn|11\n|\n|t:|1782813663\n|-terastallize|p1a: Cresselia|Fairy\n|move|p2a: Magmortar|Fire Blast|p1a: Cresselia\n|-damage|p1a: Cresselia|0 fnt\n|faint|p1a: Cresselia\n|\n|win|hieu0611\n|raw|raffixax's rating: 1178 &rarr; <strong>1151</strong><br />(-27 for losing)\n|raw|hieu0611's rating: 1149 &rarr; <strong>1176</strong><br />(+27 for winning)\n|l|\u2606raffixax\n|player|p1|\n", "inputlog": ">version f8ac14003a5f27e1bdc8d8c59608a773c1cb96e5\n>start {\"formatid\":\"gen9randombattle\",\"seed\":\"sodium,9f2030041d0f2ce2a84aac03ead5da1e\",\"rated\":\"Rated battle\"}\n>player p1 {\"name\":\"raffixax\",\"avatar\":\"101\",\"rating\":1178,\"seed\":\"sodium,8b3c51a3a713b501f7a9efe7ff676833\"}\n>player p2 {\"name\":\"hieu0611\",\"avatar\":\"1\",\"rating\":1149,\"seed\":\"sodium,ca4bef91ebedcf82c45c904015a1d767\"}\n>p1 switch 3\n>p2 move knockoff\n>p1 move earthquake\n>p2 switch 6\n>p1 move stoneedge\n>p2 move swordsdance\n>p1 move stoneedge\n>p2 move leafblade\n>p1 switch 4\n>p1 move iceshard\n>p2 move leafblade\n>p1 switch 3\n>p1 move calmmind\n>p2 move knockoff\n>p1 switch 6\n>p1 move shellsmash\n>p2 move leafblade\n>p1 switch 2\n>p1 move thunderbolt\n>p2 move leafblade\n>p1 switch 5\n>p2 switch 6\n>p1 move psyshock\n>p2 move knockoff\n>p1 move psyshock\n>p2 move knockoff\n>p1 move psyshock terastallize\n>p2 move fireblast", "uploadtime": 1782813672, "views": 9, "formatid": "gen9randombattle", "rating": 1151, "private": 0, "password": null, "player_dets": [{"name": "raffixax", "avatar": "101", "rating": 1178, "seed": "sodium,8b3c51a3a713b501f7a9efe7ff676833"}, {"name": "hieu0611", "avatar": "1", "rating": 1149, "seed": "sodium,ca4bef91ebedcf82c45c904015a1d767"}], "teams_full": [{"Espathra": {"name": "Espathra", "species": "Espathra", "speciesId": "espathra", "gender": "M", "shiny": false, "level": 80, "moves": ["storedpower", "dazzlinggleam", "substitute", "calmmind"], "ability": "Speed Boost", "evs": {"hp": 85, "atk": 0, "def": 85, "spa": 85, "spd": 85, "spe": 85}, "ivs": {"hp": 31, "atk": 0, "def": 31, "spa": 31, "spd": 31, "spe": 31}, "item": "Leftovers", "teraType": "Fairy", "role": "Fast Bulky Setup", "bvs": {"hp": 95, "atk": 60, "def": 60, "spa": 101, "spd": 60, "spe": 105}, "stats": {"hp": 283, "atk": 101, "def": 142, "spa": 208, "spd": 142, "spe": 214}, "types": ["Psychic"]}, "Ampharos": {"name": "Ampharos", "species": "Ampharos", "speciesId": "ampharos", "gender": "F", "shiny": false, "level": 88, "moves": ["thunderbolt", "voltswitch", "dazzlinggleam", "dragontail"], "ability": "Static", "evs": {"hp": 85, "atk": 85, "def": 85, "spa": 85, "spd": 85, "spe": 85}, "ivs": {"hp": 31, "atk": 31, "def": 31, "spa": 31, "spd": 31, "spe": 31}, "item": "Assault Vest", "teraType": "Fairy", "role": "AV Pivot", "bvs": {"hp": 90, "atk": 75, "def": 85, "spa": 115, "spd": 90, "spe": 55}, "stats": {"hp": 302, "atk": 182, "def": 200, "spa": 253, "spd": 209, "spe": 147}, "types": ["Electric"]}, "Hippowdon": {"name": "Hippowdon", "species": "Hippowdon", "speciesId": "hippowdon", "gender": "F", "shiny": false, "level": 82, "moves": ["stoneedge", "curse", "earthquake", "slackoff"], "ability": "Sand Stream", "evs": {"hp": 85, "atk": 85, "def": 85, "spa": 85, "spd": 85, "spe": 85}, "ivs": {"hp": 31, "atk": 31, "def": 31, "spa": 31, "spd": 31, "spe": 31}, "item": "Leftovers", "teraType": "Steel", "role": "Bulky Setup", "bvs": {"hp": 108, "atk": 112, "def": 118, "spa": 68, "spd": 72, "spe": 47}, "stats": {"hp": 311, "atk": 231, "def": 241, "spa": 159, "spd": 165, "spe": 124}, "types": ["Ground"]}, "Piloswine": {"name": "Piloswine", "species": "Piloswine", "speciesId": "piloswine", "gender": "F", "shiny": false, "level": 85, "moves": ["earthquake", "iceshard", "iciclecrash", "roar"], "ability": "Thick Fat", "evs": {"hp": 85, "atk": 85, "def": 85, "spa": 85, "spd": 85, "spe": 85}, "ivs": {"hp": 31, "atk": 31, "def": 31, "spa": 31, "spd": 31, "spe": 31}, "item": "Eviolite", "teraType": "Poison", "role": "Bulky Support", "bvs": {"hp": 100, "atk": 100, "def": 80, "spa": 60, "spd": 60, "spe": 50}, "stats": {"hp": 309, "atk": 219, "def": 185, "spa": 151, "spd": 151, "spe": 134}, "types": ["Ice", "Ground"]}, "Cresselia": {"name": "Cresselia", "species": "Cresselia", "speciesId": "cresselia", "gender": "F", "shiny": false, "level": 80, "moves": ["calmmind", "moonblast", "moonlight", "psyshock"], "ability": "Levitate", "evs": {"hp": 85, "atk": 0, "def": 85, "spa": 85, "spd": 85, "spe": 85}, "ivs": {"hp": 31, "atk": 0, "def": 31, "spa": 31, "spd": 31, "spe": 31}, "item": "Leftovers", "teraType": "Fairy", "role": "Bulky Setup", "bvs": {"hp": 120, "atk": 70, "def": 110, "spa": 75, "spd": 120, "spe": 85}, "stats": {"hp": 323, "atk": 117, "def": 222, "spa": 166, "spd": 238, "spe": 182}, "types": ["Psychic"]}, "Smeargle": {"name": "Smeargle", "species": "Smeargle", "speciesId": "smeargle", "gender": "M", "shiny": false, "level": 95, "moves": ["shellsmash", "spore", "populationbomb", "powertrip"], "ability": "Technician", "evs": {"hp": 85, "atk": 85, "def": 85, "spa": 85, "spd": 85, "spe": 85}, "ivs": {"hp": 31, "atk": 31, "def": 31, "spa": 31, "spd": 31, "spe": 31}, "item": "Wide Lens", "teraType": "Normal", "role": "Setup Sweeper", "bvs": {"hp": 55, "atk": 20, "def": 35, "spa": 20, "spd": 45, "spe": 75}, "stats": {"hp": 258, "atk": 92, "def": 120, "spa": 92, "spd": 139, "spe": 196}, "types": ["Normal"]}}, {"Magmortar": {"name": "Magmortar", "species": "Magmortar", "speciesId": "magmortar", "gender": "F", "shiny": false, "level": 88, "moves": ["taunt", "knockoff", "fireblast", "thunderbolt"], "ability": "Flame Body", "evs": {"hp": 85, "atk": 85, "def": 85, "spa": 85, "spd": 85, "spe": 85}, "ivs": {"hp": 31, "atk": 31, "def": 31, "spa": 31, "spd": 31, "spe": 31}, "item": "Heavy-Duty Boots", "teraType": "Electric", "role": "Wallbreaker", "bvs": {"hp": 75, "atk": 95, "def": 67, "spa": 125, "spd": 95, "spe": 83}, "stats": {"hp": 275, "atk": 217, "def": 168, "spa": 270, "spd": 217, "spe": 196}, "types": ["Fire"]}, "Greedent": {"name": "Greedent", "species": "Greedent", "speciesId": "greedent", "gender": "M", "shiny": false, "level": 86, "moves": ["doubleedge", "swordsdance", "earthquake", "knockoff"], "ability": "Cheek Pouch", "evs": {"hp": 85, "atk": 85, "def": 85, "spa": 85, "spd": 85, "spe": 85}, "ivs": {"hp": 31, "atk": 31, "def": 31, "spa": 31, "spd": 31, "spe": 31}, "item": "Sitrus Berry", "teraType": "Ghost", "role": "Bulky Setup", "bvs": {"hp": 120, "atk": 95, "def": 95, "spa": 55, "spd": 75, "spe": 20}, "stats": {"hp": 347, "atk": 213, "def": 213, "spa": 144, "spd": 178, "spe": 84}, "types": ["Normal"]}, "Probopass": {"name": "Probopass", "species": "Probopass", "speciesId": "probopass", "gender": "M", "shiny": false, "level": 91, "moves": ["powergem", "irondefense", "bodypress", "rest"], "ability": "Magnet Pull", "evs": {"hp": 85, "atk": 0, "def": 85, "spa": 85, "spd": 85, "spe": 85}, "ivs": {"hp": 31, "atk": 0, "def": 31, "spa": 31, "spd": 31, "spe": 31}, "item": "Chesto Berry", "teraType": "Fighting", "role": "Bulky Setup", "bvs": {"hp": 60, "atk": 55, "def": 145, "spa": 75, "spd": 150, "spe": 40}, "stats": {"hp": 257, "atk": 105, "def": 316, "spa": 188, "spd": 325, "spe": 125}, "types": ["Rock", "Steel"]}, "Groudon": {"name": "Groudon", "species": "Groudon", "speciesId": "groudon", "gender": "N", "shiny": false, "level": 72, "moves": ["precipiceblades", "thunderwave", "heatcrash", "swordsdance"], "ability": "Drought", "evs": {"hp": 85, "atk": 85, "def": 85, "spa": 85, "spd": 85, "spe": 85}, "ivs": {"hp": 31, "atk": 31, "def": 31, "spa": 31, "spd": 31, "spe": 31}, "item": "Leftovers", "teraType": "Fire", "role": "Bulky Setup", "bvs": {"hp": 100, "atk": 150, "def": 140, "spa": 100, "spd": 90, "spe": 90}, "stats": {"hp": 263, "atk": 258, "def": 244, "spa": 186, "spd": 172, "spe": 172}, "types": ["Ground"]}, "Dialga": {"name": "Dialga", "species": "Dialga-Origin", "speciesId": "dialgaorigin", "gender": "N", "shiny": false, "level": 73, "moves": ["flashcannon", "fireblast", "dracometeor", "stealthrock"], "ability": "Pressure", "evs": {"hp": 85, "atk": 0, "def": 85, "spa": 85, "spd": 85, "spe": 85}, "ivs": {"hp": 31, "atk": 0, "def": 31, "spa": 31, "spd": 31, "spe": 31}, "item": "Adamant Crystal", "teraType": "Steel", "role": "Bulky Attacker", "bvs": {"hp": 100, "atk": 100, "def": 120, "spa": 150, "spd": 120, "spe": 90}, "stats": {"hp": 266, "atk": 151, "def": 218, "spa": 261, "spd": 218, "spe": 174}, "types": ["Steel", "Dragon"]}, "Leafeon": {"name": "Leafeon", "species": "Leafeon", "speciesId": "leafeon", "gender": "F", "shiny": false, "level": 88, "moves": ["leafblade", "knockoff", "doubleedge", "swordsdance"], "ability": "Chlorophyll", "evs": {"hp": 85, "atk": 85, "def": 85, "spa": 85, "spd": 85, "spe": 85}, "ivs": {"hp": 31, "atk": 31, "def": 31, "spa": 31, "spd": 31, "spe": 31}, "item": "Life Orb", "teraType": "Dark", "role": "Setup Sweeper", "bvs": {"hp": 65, "atk": 110, "def": 130, "spa": 60, "spd": 65, "spe": 95}, "stats": {"hp": 258, "atk": 244, "def": 279, "spa": 156, "spd": 165, "spe": 217}, "types": ["Grass"]}}]}