{"id": "gen9randombattle-2641750646", "format": "[Gen 9] Random Battle", "players": ["Specialdie", "DAHLI"], "log": "|badge|p1|bronze|gen9randombattle|100-9\n|html|<div class=\"broadcast-red\"><strong>This battle is required to be public due to one or more player having a season medal.</strong><br />During the public phase, you can discuss the state of the ladder <a href=\"/seasondiscussion\">in a special chatroom.</a></div>\n|uhtml|medal-msg|<div class=\"broadcast-blue\">Curious what those medals under the avatar are? PS now has Ladder Seasons! For more information, check out the <a href=\"https://www.smogon.com/forums/threads/3740067/\">thread on Smogon.</a></div>\n|raw|<div class=\"broadcast-blue\"><strong>This battle is required to be public due to a player having a name starting with 'medal'.</div>\n|j|\u2606Specialdie\n|j|\u2606DAHLI\n|t:|1782837518\n|gametype|singles\n|player|p1|Specialdie|acetrainer-gen4dp|2227\n|player|p2|DAHLI|whitney|2316\n|gen|9\n|tier|[Gen 9] Random Battle\n|rated|\n|rule|Species Clause: Limit one of each Pok\u00e9mon\n|rule|HP Percentage Mod: HP is shown in percentages\n|rule|Sleep Clause Mod: Limit one foe put to sleep\n|rule|Illusion Level Mod: Illusion disguises the Pok\u00e9mon's true level\n|\n|t:|1782837518\n|teamsize|p1|6\n|teamsize|p2|6\n|start\n|switch|p1a: Tatsugiri|Tatsugiri, L87, F|260/260\n|switch|p2a: Cyclizar|Cyclizar, L83, F|252/252\n|turn|1\n|\n|t:|1782837530\n|switch|p1a: Hariyama|Hariyama, L87, M|392/392\n|move|p2a: Cyclizar|Shed Tail|p2a: Cyclizar\n|-start|p2a: Cyclizar|Substitute|[from] move: Shed Tail\n|-damage|p2a: Cyclizar|126/252\n|inactive|Battle timer is ON: inactive players will automatically lose when time's up. (requested by Specialdie)\n|\n|t:|1782837537\n|switch|p2a: Talonflame|Talonflame, L83, M|265/265|[from] Shed Tail\n|\n|upkeep\n|turn|2\n|\n|t:|1782837543\n|switch|p1a: Alomomola|Alomomola, L87, M|429/429\n|move|p2a: Talonflame|Swords Dance|p2a: Talonflame\n|-boost|p2a: Talonflame|atk|2\n|\n|upkeep\n|turn|3\n|\n|t:|1782837548\n|move|p2a: Talonflame|Brave Bird|p1a: Alomomola\n|-damage|p1a: Alomomola|210/429\n|-damage|p2a: Talonflame|193/265|[from] Recoil\n|move|p1a: Alomomola|Flip Turn|p2a: Talonflame\n|-supereffective|p2a: Talonflame\n|-end|p2a: Talonflame|Substitute\n|inactive|Specialdie has 120 seconds left.\n|\n|t:|1782837603\n|switch|p1a: Giratina|Giratina-Origin, L72|335/335|[from] Flip Turn\n|\n|upkeep\n|turn|4\n|\n|t:|1782837610\n|move|p2a: Talonflame|Brave Bird|p1a: Giratina\n|-damage|p1a: Giratina|100/335\n|-damage|p2a: Talonflame|115/265|[from] Recoil\n|move|p1a: Giratina|Poltergeist|p2a: Talonflame\n|-activate|p2a: Talonflame|move: Poltergeist|Heavy-Duty Boots\n|-crit|p2a: Talonflame\n|-damage|p2a: Talonflame|0 fnt\n|faint|p2a: Talonflame\n|\n|upkeep\n|\n|t:|1782837616\n|switch|p2a: Cyclizar|Cyclizar, L83, F|210/252\n|turn|5\n|inactive|Specialdie has 120 seconds left.\n|\n|t:|1782837621\n|switch|p1a: Hariyama|Hariyama, L87, M|392/392\n|move|p2a: Cyclizar|Draco Meteor|p1a: Hariyama\n|-damage|p1a: Hariyama|287/392\n|-unboost|p2a: Cyclizar|spa|2\n|\n|upkeep\n|turn|6\n|\n|t:|1782837625\n|move|p2a: Cyclizar|Shed Tail|p2a: Cyclizar\n|-start|p2a: Cyclizar|Substitute|[from] move: Shed Tail\n|-damage|p2a: Cyclizar|84/252\n|\n|t:|1782837629\n|switch|p2a: Espeon|Espeon, L84, F|246/246|[from] Shed Tail\n|move|p1a: Hariyama|Close Combat|p2a: Espeon\n|-resisted|p2a: Espeon\n|-end|p2a: Espeon|Substitute\n|-unboost|p1a: Hariyama|def|1\n|-unboost|p1a: Hariyama|spd|1\n|\n|upkeep\n|turn|7\n|\n|t:|1782837651\n|switch|p1a: Alomomola|Alomomola, L87, M|353/429\n|move|p2a: Espeon|Psychic|p1a: Alomomola\n|-damage|p1a: Alomomola|118/429\n|-damage|p2a: Espeon|222/246|[from] item: Life Orb\n|\n|upkeep\n|turn|8\n|\n|t:|1782837657\n|switch|p1a: Giratina|Giratina-Origin, L72|100/335\n|move|p2a: Espeon|Psychic|p1a: Giratina\n|-damage|p1a: Giratina|0 fnt\n|faint|p1a: Giratina\n|-damage|p2a: Espeon|198/246|[from] item: Life Orb\n|\n|upkeep\n|inactive|Specialdie has 120 seconds left.\n|\n|t:|1782837679\n|switch|p1a: Squawkabilly|Squawkabilly, L85, M|278/278\n|turn|9\n|\n|t:|1782837698\n|switch|p2a: Eelektross|Eelektross, L87, F|290/290\n|move|p1a: Squawkabilly|Brave Bird|p2a: Eelektross\n|-resisted|p2a: Eelektross\n|-damage|p2a: Eelektross|218/290\n|-damage|p1a: Squawkabilly|254/278|[from] Recoil\n|\n|-heal|p2a: Eelektross|236/290|[from] item: Leftovers\n|-status|p1a: Squawkabilly|brn|[from] item: Flame Orb\n|upkeep\n|turn|10\n|inactive|Specialdie has 120 seconds left.\n|\n|t:|1782837730\n|switch|p1a: Plusle|Plusle, L95, M|268/268\n|move|p2a: Eelektross|Supercell Slam|p1a: Plusle\n|-ability|p1a: Plusle|Lightning Rod|boost\n|-boost|p1a: Plusle|spa|1\n|-damage|p2a: Eelektross|91/290|[from] supercellslam\n|\n|-heal|p2a: Eelektross|109/290|[from] item: Leftovers\n|upkeep\n|turn|11\n|\n|t:|1782837741\n|move|p1a: Plusle|Encore|p2a: Eelektross\n|-start|p2a: Eelektross|Encore\n|move|p2a: Eelektross|Supercell Slam|p1a: Plusle\n|-ability|p1a: Plusle|Lightning Rod|boost\n|-boost|p1a: Plusle|spa|1\n|-damage|p2a: Eelektross|0 fnt|[from] supercellslam\n|faint|p2a: Eelektross\n|\n|upkeep\n|\n|t:|1782837749\n|switch|p2a: Persian|Persian, L92, M|269/269\n|turn|12\n|\n|t:|1782837755\n|move|p2a: Persian|Double-Edge|p1a: Plusle\n|-damage|p1a: Plusle|0 fnt\n|faint|p1a: Plusle\n|-damage|p2a: Persian|181/269|[from] Recoil\n|\n|upkeep\n|\n|t:|1782837762\n|switch|p1a: Hariyama|Hariyama, L87, M|287/392\n|turn|13\n|\n|t:|1782837766\n|switch|p2a: Cacturne|Cacturne, L92, M|278/278\n|move|p1a: Hariyama|Knock Off|p2a: Cacturne\n|-resisted|p2a: Cacturne\n|-damage|p2a: Cacturne|231/278\n|-enditem|p2a: Cacturne|Life Orb|[from] move: Knock Off|[of] p1a: Hariyama\n|\n|upkeep\n|turn|14\n|\n|t:|1782837773\n|move|p2a: Cacturne|Leaf Storm|p1a: Hariyama\n|-damage|p1a: Hariyama|140/392\n|-unboost|p2a: Cacturne|spa|2\n|move|p1a: Hariyama|Close Combat|p2a: Cacturne\n|-supereffective|p2a: Cacturne\n|-damage|p2a: Cacturne|0 fnt\n|-unboost|p1a: Hariyama|def|1\n|-unboost|p1a: Hariyama|spd|1\n|faint|p2a: Cacturne\n|\n|upkeep\n|\n|t:|1782837776\n|switch|p2a: Espeon|Espeon, L84, F|198/246\n|turn|15\n|\n|t:|1782837790\n|move|p2a: Espeon|Psychic|p1a: Hariyama\n|-supereffective|p1a: Hariyama\n|-damage|p1a: Hariyama|0 fnt\n|faint|p1a: Hariyama\n|-damage|p2a: Espeon|174/246|[from] item: Life Orb\n|\n|upkeep\n|\n|t:|1782837797\n|switch|p1a: Squawkabilly|Squawkabilly, L85, M|254/278 brn\n|turn|16\n|\n|t:|1782837801\n|move|p2a: Espeon|Psychic|p1a: Squawkabilly\n|-damage|p1a: Squawkabilly|27/278 brn\n|-damage|p2a: Espeon|150/246|[from] item: Life Orb\n|move|p1a: Squawkabilly|Facade|p2a: Espeon\n|-crit|p2a: Espeon\n|-damage|p2a: Espeon|0 fnt\n|faint|p2a: Espeon\n|\n|-damage|p1a: Squawkabilly|10/278 brn|[from] brn\n|upkeep\n|\n|t:|1782837818\n|switch|p2a: Cyclizar|Cyclizar, L83, F|168/252\n|turn|17\n|\n|t:|1782837821\n|switch|p2a: Persian|Persian, L92, M|181/269\n|move|p1a: Squawkabilly|Quick Attack|p2a: Persian\n|-damage|p2a: Persian|97/269\n|\n|-damage|p1a: Squawkabilly|0 fnt|[from] brn\n|faint|p1a: Squawkabilly\n|upkeep\n|\n|t:|1782837826\n|switch|p1a: Alomomola|Alomomola, L87, M|261/429\n|turn|18\n|\n|t:|1782837832\n|move|p1a: Alomomola|Protect|p1a: Alomomola\n|-singleturn|p1a: Alomomola|Protect\n|move|p2a: Persian|U-turn|p1a: Alomomola\n|-activate|p1a: Alomomola|move: Protect\n|\n|upkeep\n|turn|19\n|\n|t:|1782837840\n|move|p2a: Persian|U-turn|p1a: Alomomola\n|-damage|p1a: Alomomola|191/429\n|\n|t:|1782837842\n|switch|p2a: Cyclizar|Cyclizar, L83, F|252/252|[from] U-turn\n|move|p1a: Alomomola|Scald|p2a: Cyclizar\n|-resisted|p2a: Cyclizar\n|-damage|p2a: Cyclizar|219/252\n|\n|upkeep\n|turn|20\n|\n|t:|1782837850\n|move|p2a: Cyclizar|Taunt|p1a: Alomomola\n|-start|p1a: Alomomola|move: Taunt\n|move|p1a: Alomomola|Scald|p2a: Cyclizar\n|-resisted|p2a: Cyclizar\n|-damage|p2a: Cyclizar|189/252\n|\n|upkeep\n|turn|21\n|\n|t:|1782837853\n|move|p2a: Cyclizar|Draco Meteor|p1a: Alomomola\n|-damage|p1a: Alomomola|14/429\n|-unboost|p2a: Cyclizar|spa|2\n|move|p1a: Alomomola|Scald|p2a: Cyclizar\n|-resisted|p2a: Cyclizar\n|-damage|p2a: Cyclizar|158/252\n|\n|upkeep\n|turn|22\n|\n|t:|1782837860\n|move|p2a: Cyclizar|Rapid Spin|p1a: Alomomola\n|-damage|p1a: Alomomola|0 fnt\n|-boost|p2a: Cyclizar|spe|1\n|faint|p1a: Alomomola\n|\n|upkeep\n|\n|t:|1782837862\n|switch|p1a: Tatsugiri|Tatsugiri, L87, F|260/260\n|turn|23\n|\n|t:|1782837869\n|-terastallize|p1a: Tatsugiri|Steel\n|move|p2a: Cyclizar|Shed Tail|p2a: Cyclizar\n|-start|p2a: Cyclizar|Substitute|[from] move: Shed Tail\n|-damage|p2a: Cyclizar|32/252\n|\n|t:|1782837871\n|switch|p2a: Persian|Persian, L92, M|97/269|[from] Shed Tail\n|move|p1a: Tatsugiri|Rapid Spin|p2a: Persian\n|-activate|p2a: Persian|move: Substitute|[damage]\n|-boost|p1a: Tatsugiri|spe|1\n|\n|upkeep\n|turn|24\n|\n|t:|1782837881\n|-terastallize|p2a: Persian|Ghost\n|move|p1a: Tatsugiri|Surf|p2a: Persian\n|-end|p2a: Persian|Substitute\n|move|p2a: Persian|Double-Edge|p1a: Tatsugiri\n|-resisted|p1a: Tatsugiri\n|-damage|p1a: Tatsugiri|148/260\n|-damage|p2a: Persian|60/269|[from] Recoil\n|\n|upkeep\n|turn|25\n|\n|t:|1782837889\n|move|p1a: Tatsugiri|Surf|p2a: Persian\n|-damage|p2a: Persian|0 fnt\n|faint|p2a: Persian\n|\n|upkeep\n|\n|t:|1782837890\n|switch|p2a: Cyclizar|Cyclizar, L83, F|116/252\n|turn|26\n|c|\u2606Specialdie|gg\n|\n|t:|1782837896\n|move|p1a: Tatsugiri|Draco Meteor|p2a: Cyclizar\n|-supereffective|p2a: Cyclizar\n|-damage|p2a: Cyclizar|0 fnt\n|-unboost|p1a: Tatsugiri|spa|2\n|faint|p2a: Cyclizar\n|\n|win|Specialdie\n|raw|Specialdie's rating: 2227 &rarr; <strong>2252</strong><br />(+25 for winning)\n|raw|DAHLI's rating: 2316 &rarr; <strong>2291</strong><br />(-25 for losing)\n", "inputlog": ">version f8ac14003a5f27e1bdc8d8c59608a773c1cb96e5\n>start {\"formatid\":\"gen9randombattle\",\"seed\":\"sodium,9d986883a56dfc240dc3a9dcc63ea2e1\",\"rated\":\"Rated battle\"}\n>player p1 {\"name\":\"Specialdie\",\"avatar\":\"acetrainer-gen4dp\",\"rating\":2227,\"seed\":\"sodium,2d28a364053ee06f87051197af7b51ee\"}\n>player p2 {\"name\":\"DAHLI\",\"avatar\":\"whitney\",\"rating\":2316,\"seed\":\"sodium,598c3c67ffde9a22154c68234740b9c7\"}\n>p1 switch 4\n>p2 move shedtail\n>p2 switch 3\n>p1 switch 5\n>p2 move swordsdance\n>p1 move flipturn\n>p2 move bravebird\n>p1 switch 3\n>p1 move poltergeist\n>p2 move bravebird\n>p2 switch 3\n>p1 switch 5\n>p2 move dracometeor\n>p1 move closecombat\n>p2 move shedtail\n>p2 switch 5\n>p1 switch 3\n>p2 move psychic\n>p1 switch 5\n>p2 move psychic\n>p1 switch 2\n>p1 move bravebird\n>p2 switch 2\n>p1 switch 6\n>p2 move supercellslam\n>p1 move encore\n>p2 move drainpunch\n>p2 switch 4\n>p1 move thunderbolt\n>p2 move doubleedge\n>p1 switch 3\n>p1 move knockoff\n>p2 switch 6\n>p1 move closecombat\n>p2 move leafstorm\n>p2 switch 2\n>p1 move knockoff\n>p2 move psychic\n>p1 switch 6\n>p1 move facade\n>p2 move psychic\n>p2 switch 5\n>p1 move quickattack\n>p2 switch 6\n>p1 switch 5\n>p1 move protect\n>p2 move uturn\n>p1 move scald\n>p2 move uturn\n>p2 switch 6\n>p1 move scald\n>p2 move taunt\n>p1 move scald\n>p2 move dracometeor\n>p1 move scald\n>p2 move rapidspin\n>p1 switch 4\n>p1 move rapidspin terastallize\n>p2 move shedtail\n>p2 switch 6\n>p1 move surf\n>p2 move doubleedge terastallize\n>p1 move surf\n>p2 move doubleedge\n>p2 switch 6\n>chat \u2606Specialdie|gg\n>p1 move dracometeor\n>p2 move rapidspin", "uploadtime": 1782837521, "views": 8, "formatid": "gen9randombattle", "rating": 2252, "private": 0, "password": null, "player_dets": [{"name": "Specialdie", "avatar": "acetrainer-gen4dp", "rating": 2227, "seed": "sodium,2d28a364053ee06f87051197af7b51ee"}, {"name": "DAHLI", "avatar": "whitney", "rating": 2316, "seed": "sodium,598c3c67ffde9a22154c68234740b9c7"}], "teams_full": [{"Tatsugiri": {"name": "Tatsugiri", "species": "Tatsugiri", "speciesId": "tatsugiri", "gender": "F", "shiny": false, "level": 87, "moves": ["nastyplot", "surf", "rapidspin", "dracometeor"], "ability": "Storm Drain", "evs": {"hp": 85, "atk": 85, "def": 85, "spa": 85, "spd": 85, "spe": 85}, "ivs": {"hp": 31, "atk": 31, "def": 31, "spa": 31, "spd": 31, "spe": 31}, "item": "Heavy-Duty Boots", "teraType": "Steel", "role": "Fast Support", "bvs": {"hp": 68, "atk": 50, "def": 60, "spa": 120, "spd": 95, "spe": 82}, "stats": {"hp": 260, "atk": 137, "def": 154, "spa": 259, "spd": 215, "spe": 192}, "types": ["Dragon", "Water"]}, "Squawkabilly": {"name": "Squawkabilly", "species": "Squawkabilly", "speciesId": "squawkabilly", "gender": "M", "shiny": false, "level": 85, "moves": ["bravebird", "facade", "quickattack", "protect"], "ability": "Guts", "evs": {"hp": 85, "atk": 85, "def": 85, "spa": 85, "spd": 85, "spe": 85}, "ivs": {"hp": 31, "atk": 31, "def": 31, "spa": 31, "spd": 31, "spe": 31}, "item": "Flame Orb", "teraType": "Normal", "role": "Wallbreaker", "bvs": {"hp": 82, "atk": 96, "def": 51, "spa": 45, "spd": 51, "spe": 92}, "stats": {"hp": 278, "atk": 212, "def": 135, "spa": 125, "spd": 135, "spe": 205}, "types": ["Normal", "Flying"]}, "Giratina": {"name": "Giratina", "species": "Giratina-Origin", "speciesId": "giratinaorigin", "gender": "N", "shiny": false, "level": 72, "moves": ["poltergeist", "dracometeor", "dragontail", "willowisp"], "ability": "Levitate", "evs": {"hp": 85, "atk": 85, "def": 85, "spa": 85, "spd": 85, "spe": 85}, "ivs": {"hp": 31, "atk": 31, "def": 31, "spa": 31, "spd": 31, "spe": 31}, "item": "Griseous Core", "teraType": "Fairy", "role": "Fast Attacker", "bvs": {"hp": 150, "atk": 120, "def": 100, "spa": 120, "spd": 100, "spe": 90}, "stats": {"hp": 335, "atk": 215, "def": 186, "spa": 215, "spd": 186, "spe": 172}, "types": ["Ghost", "Dragon"]}, "Hariyama": {"name": "Hariyama", "species": "Hariyama", "speciesId": "hariyama", "gender": "M", "shiny": false, "level": 87, "moves": ["headlongrush", "knockoff", "heavyslam", "closecombat"], "ability": "Thick Fat", "evs": {"hp": 85, "atk": 85, "def": 85, "spa": 85, "spd": 85, "spe": 85}, "ivs": {"hp": 31, "atk": 31, "def": 31, "spa": 31, "spd": 31, "spe": 31}, "item": "Assault Vest", "teraType": "Steel", "role": "AV Pivot", "bvs": {"hp": 144, "atk": 120, "def": 60, "spa": 40, "spd": 60, "spe": 50}, "stats": {"hp": 392, "atk": 259, "def": 154, "spa": 119, "spd": 154, "spe": 137}, "types": ["Fighting"]}, "Alomomola": {"name": "Alomomola", "species": "Alomomola", "speciesId": "alomomola", "gender": "M", "shiny": false, "level": 87, "moves": ["scald", "wish", "protect", "flipturn"], "ability": "Regenerator", "evs": {"hp": 85, "atk": 85, "def": 85, "spa": 85, "spd": 85, "spe": 85}, "ivs": {"hp": 31, "atk": 31, "def": 31, "spa": 31, "spd": 31, "spe": 31}, "item": "Heavy-Duty Boots", "teraType": "Steel", "role": "Fast Support", "bvs": {"hp": 165, "atk": 75, "def": 80, "spa": 40, "spd": 45, "spe": 65}, "stats": {"hp": 429, "atk": 180, "def": 189, "spa": 119, "spd": 128, "spe": 163}, "types": ["Water"]}, "Plusle": {"name": "Plusle", "species": "Plusle", "speciesId": "plusle", "gender": "M", "shiny": false, "level": 95, "moves": ["grassknot", "thunderbolt", "encore", "nastyplot"], "ability": "Lightning Rod", "evs": {"hp": 85, "atk": 0, "def": 85, "spa": 85, "spd": 85, "spe": 85}, "ivs": {"hp": 31, "atk": 0, "def": 31, "spa": 31, "spd": 31, "spe": 31}, "item": "Life Orb", "teraType": "Electric", "role": "Setup Sweeper", "bvs": {"hp": 60, "atk": 50, "def": 40, "spa": 85, "spd": 75, "spe": 95}, "stats": {"hp": 268, "atk": 100, "def": 130, "spa": 215, "spd": 196, "spe": 234}, "types": ["Electric"]}}, {"Cyclizar": {"name": "Cyclizar", "species": "Cyclizar", "speciesId": "cyclizar", "gender": "F", "shiny": false, "level": 83, "moves": ["taunt", "rapidspin", "dracometeor", "shedtail"], "ability": "Regenerator", "evs": {"hp": 85, "atk": 85, "def": 85, "spa": 85, "spd": 85, "spe": 85}, "ivs": {"hp": 31, "atk": 31, "def": 31, "spa": 31, "spd": 31, "spe": 31}, "item": "Heavy-Duty Boots", "teraType": "Steel", "role": "Fast Support", "bvs": {"hp": 70, "atk": 95, "def": 65, "spa": 85, "spd": 65, "spe": 121}, "stats": {"hp": 252, "atk": 205, "def": 156, "spa": 189, "spd": 156, "spe": 249}, "types": ["Dragon", "Normal"]}, "Eelektross": {"name": "Eelektross", "species": "Eelektross", "speciesId": "eelektross", "gender": "F", "shiny": false, "level": 87, "moves": ["drainpunch", "firepunch", "supercellslam", "coil"], "ability": "Levitate", "evs": {"hp": 85, "atk": 85, "def": 85, "spa": 85, "spd": 85, "spe": 85}, "ivs": {"hp": 31, "atk": 31, "def": 31, "spa": 31, "spd": 31, "spe": 31}, "item": "Leftovers", "teraType": "Fighting", "role": "Bulky Setup", "bvs": {"hp": 85, "atk": 115, "def": 80, "spa": 105, "spd": 80, "spe": 50}, "stats": {"hp": 290, "atk": 250, "def": 189, "spa": 232, "spd": 189, "spe": 137}, "types": ["Electric"]}, "Talonflame": {"name": "Talonflame", "species": "Talonflame", "speciesId": "talonflame", "gender": "M", "shiny": false, "level": 83, "moves": ["swordsdance", "terablast", "bravebird", "flareblitz"], "ability": "Flame Body", "evs": {"hp": 85, "atk": 85, "def": 85, "spa": 85, "spd": 85, "spe": 85}, "ivs": {"hp": 31, "atk": 31, "def": 31, "spa": 31, "spd": 31, "spe": 31}, "item": "Heavy-Duty Boots", "teraType": "Ground", "role": "Tera Blast user", "bvs": {"hp": 78, "atk": 81, "def": 71, "spa": 74, "spd": 69, "spe": 126}, "stats": {"hp": 265, "atk": 182, "def": 166, "spa": 171, "spd": 162, "spe": 257}, "types": ["Fire", "Flying"]}, "Persian": {"name": "Persian", "species": "Persian", "speciesId": "persian", "gender": "M", "shiny": false, "level": 92, "moves": ["switcheroo", "doubleedge", "uturn", "knockoff"], "ability": "Limber", "evs": {"hp": 85, "atk": 85, "def": 85, "spa": 85, "spd": 85, "spe": 85}, "ivs": {"hp": 31, "atk": 31, "def": 31, "spa": 31, "spd": 31, "spe": 31}, "item": "Choice Band", "teraType": "Ghost", "role": "Wallbreaker", "bvs": {"hp": 65, "atk": 70, "def": 60, "spa": 65, "spd": 65, "spe": 115}, "stats": {"hp": 269, "atk": 181, "def": 163, "spa": 172, "spd": 172, "spe": 264}, "types": ["Normal"]}, "Espeon": {"name": "Espeon", "species": "Espeon", "speciesId": "espeon", "gender": "F", "shiny": false, "level": 84, "moves": ["morningsun", "calmmind", "shadowball", "psychic"], "ability": "Magic Bounce", "evs": {"hp": 85, "atk": 0, "def": 85, "spa": 85, "spd": 85, "spe": 85}, "ivs": {"hp": 31, "atk": 0, "def": 31, "spa": 31, "spd": 31, "spe": 31}, "item": "Life Orb", "teraType": "Psychic", "role": "Fast Attacker", "bvs": {"hp": 65, "atk": 65, "def": 60, "spa": 130, "spd": 95, "spe": 110}, "stats": {"hp": 246, "atk": 114, "def": 149, "spa": 267, "spd": 208, "spe": 233}, "types": ["Psychic"]}, "Cacturne": {"name": "Cacturne", "species": "Cacturne", "speciesId": "cacturne", "gender": "M", "shiny": false, "level": 92, "moves": ["focusblast", "knockoff", "suckerpunch", "leafstorm"], "ability": "Water Absorb", "evs": {"hp": 85, "atk": 85, "def": 85, "spa": 85, "spd": 85, "spe": 85}, "ivs": {"hp": 31, "atk": 31, "def": 31, "spa": 31, "spd": 31, "spe": 31}, "item": "Life Orb", "teraType": "Grass", "role": "Wallbreaker", "bvs": {"hp": 70, "atk": 115, "def": 60, "spa": 115, "spd": 60, "spe": 55}, "stats": {"hp": 278, "atk": 264, "def": 163, "spa": 264, "spd": 163, "spe": 154}, "types": ["Grass", "Dark"]}}]}