{"id": "gen9randombattle-2642100404", "format": "[Gen 9] Random Battle", "players": ["onechosenthe", "testbotcif"], "log": "|j|\u2606onechosenthe\n|j|\u2606testbotcif\n|t:|1782889965\n|gametype|singles\n|player|p1|onechosenthe|hilbert|1403\n|player|p2|testbotcif|1|1407\n|gen|9\n|tier|[Gen 9] Random Battle\n|rated|\n|rule|Species Clause: Limit one of each Pok\u00e9mon\n|rule|HP Percentage Mod: HP is shown in percentages\n|rule|Sleep Clause Mod: Limit one foe put to sleep\n|rule|Illusion Level Mod: Illusion disguises the Pok\u00e9mon's true level\n|\n|t:|1782889965\n|teamsize|p1|6\n|teamsize|p2|6\n|start\n|switch|p1a: Tornadus|Tornadus-Therian, L79, M|254/254\n|switch|p2a: Muk|Muk-Alola, L82, F|306/306\n|turn|1\n|c|\u2606testbotcif|rlhf\n|inactive|Battle timer is ON: inactive players will automatically lose when time's up. (requested by testbotcif)\n|\n|t:|1782889986\n|move|p1a: Tornadus|Bleakwind Storm|p2a: Muk|[miss]\n|-miss|p1a: Tornadus|p2a: Muk\n|move|p2a: Muk|Ice Punch|p1a: Tornadus\n|-supereffective|p1a: Tornadus\n|-damage|p1a: Tornadus|134/254\n|-status|p1a: Tornadus|psn|[from] ability: Poison Touch|[of] p2a: Muk\n|\n|-damage|p1a: Tornadus|103/254 psn|[from] psn\n|upkeep\n|turn|2\n|\n|t:|1782889997\n|move|p1a: Tornadus|Bleakwind Storm|p2a: Muk|[miss]\n|-miss|p1a: Tornadus|p2a: Muk\n|move|p2a: Muk|Ice Punch|p1a: Tornadus\n|-supereffective|p1a: Tornadus\n|-damage|p1a: Tornadus|0 fnt\n|faint|p1a: Tornadus\n|\n|upkeep\n|\n|t:|1782890011\n|switch|p1a: Krookodile|Krookodile, L79, F|280/280\n|-ability|p1a: Krookodile|Intimidate|boost\n|-unboost|p2a: Muk|atk|1\n|turn|3\n|\n|t:|1782890016\n|move|p1a: Krookodile|Earthquake|p2a: Muk\n|-supereffective|p2a: Muk\n|-damage|p2a: Muk|2/306\n|-damage|p1a: Krookodile|252/280|[from] item: Life Orb\n|move|p2a: Muk|Ice Punch|p1a: Krookodile\n|-supereffective|p1a: Krookodile\n|-damage|p1a: Krookodile|166/280\n|\n|upkeep\n|turn|4\n|\n|t:|1782890025\n|move|p1a: Krookodile|Earthquake|p2a: Muk\n|-supereffective|p2a: Muk\n|-damage|p2a: Muk|0 fnt\n|faint|p2a: Muk\n|-damage|p1a: Krookodile|138/280|[from] item: Life Orb\n|\n|upkeep\n|\n|t:|1782890025\n|switch|p2a: Barraskewda|Barraskewda, L81, M|231/231\n|turn|5\n|\n|t:|1782890037\n|switch|p1a: Breloom|Breloom, L83, F|235/235\n|move|p2a: Barraskewda|Waterfall|p1a: Breloom\n|-resisted|p1a: Breloom\n|-damage|p1a: Breloom|157/235\n|\n|upkeep\n|turn|6\n|\n|t:|1782890045\n|switch|p2a: Garchomp|Garchomp, L74, M|282/282\n|move|p1a: Breloom|Bullet Seed|p2a: Garchomp\n|-damage|p2a: Garchomp|216/282\n|-damage|p2a: Garchomp|148/282\n|-damage|p2a: Garchomp|84/282\n|-damage|p2a: Garchomp|13/282\n|-hitcount|p2a: Garchomp|4\n|-damage|p1a: Breloom|134/235|[from] item: Life Orb\n|\n|upkeep\n|turn|7\n|\n|t:|1782890058\n|move|p1a: Breloom|Mach Punch|p2a: Garchomp\n|-damage|p2a: Garchomp|0 fnt\n|-damage|p1a: Breloom|105/235|[from] ability: Rough Skin|[of] p2a: Garchomp\n|-damage|p1a: Breloom|66/235|[from] item: Rocky Helmet|[of] p2a: Garchomp\n|faint|p2a: Garchomp\n|-damage|p1a: Breloom|43/235|[from] item: Life Orb\n|\n|upkeep\n|\n|t:|1782890058\n|switch|p2a: Delphox|Delphox, L84, F|263/263\n|turn|8\n|\n|t:|1782890072\n|move|p2a: Delphox|Fire Blast|p1a: Breloom\n|-supereffective|p1a: Breloom\n|-damage|p1a: Breloom|0 fnt\n|faint|p1a: Breloom\n|\n|upkeep\n|\n|t:|1782890078\n|switch|p1a: Krookodile|Krookodile, L79, F|138/280\n|-ability|p1a: Krookodile|Intimidate|boost\n|-unboost|p2a: Delphox|atk|1\n|turn|9\n|\n|t:|1782890085\n|-terastallize|p2a: Delphox|Fire\n|move|p2a: Delphox|Fire Blast|p1a: Krookodile\n|-damage|p1a: Krookodile|0 fnt\n|faint|p1a: Krookodile\n|\n|upkeep\n|\n|t:|1782890092\n|switch|p1a: Wugtrio|Wugtrio, L91, M|212/212\n|turn|10\n|\n|t:|1782890099\n|switch|p2a: Roaring Moon|Roaring Moon, L72|270/270\n|move|p1a: Wugtrio|Liquidation|p2a: Roaring Moon\n|-resisted|p2a: Roaring Moon\n|-damage|p2a: Roaring Moon|155/270\n|\n|upkeep\n|turn|11\n|\n|t:|1782890108\n|switch|p1a: Conkeldurr|Conkeldurr, L80, M|299/299\n|move|p2a: Roaring Moon|Outrage|p1a: Conkeldurr\n|-damage|p1a: Conkeldurr|103/299\n|\n|-status|p1a: Conkeldurr|brn|[from] item: Flame Orb\n|upkeep\n|turn|12\n|\n|t:|1782890119\n|move|p1a: Conkeldurr|Mach Punch|p2a: Roaring Moon\n|-supereffective|p2a: Roaring Moon\n|-damage|p2a: Roaring Moon|0 fnt\n|faint|p2a: Roaring Moon\n|-end|p2a: Roaring Moon|Protosynthesis|[silent]\n|\n|-damage|p1a: Conkeldurr|85/299 brn|[from] brn\n|upkeep\n|\n|t:|1782890119\n|switch|p2a: Clefable|Clefable, L83, F|293/293\n|turn|13\n|\n|t:|1782890131\n|move|p2a: Clefable|Moonblast|p1a: Conkeldurr\n|-supereffective|p1a: Conkeldurr\n|-damage|p1a: Conkeldurr|0 fnt\n|faint|p1a: Conkeldurr\n|\n|upkeep\n|\n|t:|1782890138\n|switch|p1a: Revavroom|Revavroom, L79, M|256/256\n|turn|14\n|\n|t:|1782890143\n|move|p1a: Revavroom|Gunk Shot|p2a: Clefable\n|-supereffective|p2a: Clefable\n|-damage|p2a: Clefable|0 fnt\n|faint|p2a: Clefable\n|-damage|p1a: Revavroom|231/256|[from] item: Life Orb\n|\n|upkeep\n|\n|t:|1782890143\n|switch|p2a: Delphox|Delphox, L84, F, tera:Fire|263/263\n|turn|15\n|\n|t:|1782890171\n|-terastallize|p1a: Revavroom|Ground\n|move|p2a: Delphox|Fire Blast|p1a: Revavroom\n|-damage|p1a: Revavroom|13/256\n|move|p1a: Revavroom|High Horsepower|p2a: Delphox\n|-supereffective|p2a: Delphox\n|-damage|p2a: Delphox|0 fnt\n|faint|p2a: Delphox\n|-damage|p1a: Revavroom|0 fnt|[from] item: Life Orb\n|faint|p1a: Revavroom\n|\n|upkeep\n|inactive|onechosenthe has 120 seconds left.\n|\n|t:|1782890183\n|switch|p2a: Barraskewda|Barraskewda, L81, M|231/231\n|switch|p1a: Wugtrio|Wugtrio, L91, M|212/212\n|turn|16\n|\n|t:|1782890192\n|move|p1a: Wugtrio|Throat Chop|p2a: Barraskewda\n|-damage|p2a: Barraskewda|104/231\n|-start|p2a: Barraskewda|Throat Chop|[silent]\n|move|p2a: Barraskewda|Close Combat|p1a: Wugtrio\n|-damage|p1a: Wugtrio|20/212\n|-unboost|p2a: Barraskewda|def|1\n|-unboost|p2a: Barraskewda|spd|1\n|-ability|p1a: Wugtrio|Gooey\n|-unboost|p2a: Barraskewda|spe|1\n|\n|upkeep\n|turn|17\n|\n|t:|1782890203\n|move|p1a: Wugtrio|Throat Chop|p2a: Barraskewda\n|-damage|p2a: Barraskewda|0 fnt\n|faint|p2a: Barraskewda\n|\n|win|onechosenthe\n|raw|onechosenthe's rating: 1403 &rarr; <strong>1423</strong><br />(+20 for winning)\n|raw|testbotcif's rating: 1407 &rarr; <strong>1387</strong><br />(-20 for losing)\n", "inputlog": ">version f8ac14003a5f27e1bdc8d8c59608a773c1cb96e5\n>start {\"formatid\":\"gen9randombattle\",\"seed\":\"sodium,a12a4e4f3a7856cc83f231a1ea5e1dc6\",\"rated\":\"Rated battle\"}\n>player p1 {\"name\":\"onechosenthe\",\"avatar\":\"hilbert\",\"rating\":1403,\"seed\":\"sodium,b18519d887fb65b870c24612eedebde7\"}\n>player p2 {\"name\":\"testbotcif\",\"avatar\":\"1\",\"rating\":1407,\"seed\":\"sodium,44de224f2e6e4d94ef0ab55db9526b03\"}\n>chat \u2606testbotcif|rlhf\n>p1 move bleakwindstorm\n>p2 move icepunch\n>p1 move bleakwindstorm\n>p2 move icepunch\n>p1 switch 3\n>p1 move earthquake\n>p2 move icepunch\n>p1 move earthquake\n>p2 move drainpunch\n>p2 switch 6\n>p1 switch 6\n>p2 move waterfall\n>p1 move bulletseed\n>p2 switch 2\n>p1 move machpunch\n>p2 move outrage\n>p2 switch 4\n>p1 move spore\n>p2 move fireblast\n>p1 switch 6\n>p1 move knockoff\n>p2 move fireblast terastallize\n>p1 switch 4\n>p1 move liquidation\n>p2 switch 3\n>p1 switch 2\n>p2 move outrage\n>p1 move machpunch\n>p2 move outrage\n>p2 switch 5\n>p1 move facade\n>p2 move moonblast\n>p1 switch 5\n>p1 move gunkshot\n>p2 move fireblast\n>p2 switch 3\n>p1 move highhorsepower terastallize\n>p2 move fireblast\n>p1 switch 2\n>p2 switch 2\n>p1 move throatchop\n>p2 move closecombat\n>p1 move throatchop\n>p2 move closecombat", "uploadtime": 1782890203, "views": 5, "formatid": "gen9randombattle", "rating": 1387, "private": 0, "password": null, "player_dets": [{"name": "onechosenthe", "avatar": "hilbert", "rating": 1403, "seed": "sodium,b18519d887fb65b870c24612eedebde7"}, {"name": "testbotcif", "avatar": "1", "rating": 1407, "seed": "sodium,44de224f2e6e4d94ef0ab55db9526b03"}], "teams_full": [{"Tornadus": {"name": "Tornadus", "species": "Tornadus-Therian", "speciesId": "tornadustherian", "gender": "M", "shiny": false, "level": 79, "moves": ["focusblast", "nastyplot", "heatwave", "bleakwindstorm"], "ability": "Regenerator", "evs": {"hp": 85, "atk": 0, "def": 85, "spa": 85, "spd": 85, "spe": 85}, "ivs": {"hp": 31, "atk": 0, "def": 31, "spa": 31, "spd": 31, "spe": 31}, "item": "Heavy-Duty Boots", "teraType": "Flying", "role": "Fast Attacker", "bvs": {"hp": 79, "atk": 100, "def": 80, "spa": 110, "spd": 90, "spe": 121}, "stats": {"hp": 254, "atk": 163, "def": 172, "spa": 219, "spd": 188, "spe": 237}, "types": ["Flying"]}, "Conkeldurr": {"name": "Conkeldurr", "species": "Conkeldurr", "speciesId": "conkeldurr", "gender": "M", "shiny": false, "level": 80, "moves": ["facade", "knockoff", "machpunch", "closecombat"], "ability": "Guts", "evs": {"hp": 85, "atk": 85, "def": 85, "spa": 85, "spd": 85, "spe": 85}, "ivs": {"hp": 31, "atk": 31, "def": 31, "spa": 31, "spd": 31, "spe": 31}, "item": "Flame Orb", "teraType": "Normal", "role": "Wallbreaker", "bvs": {"hp": 105, "atk": 140, "def": 95, "spa": 55, "spd": 65, "spe": 45}, "stats": {"hp": 299, "atk": 270, "def": 198, "spa": 134, "spd": 150, "spe": 118}, "types": ["Fighting"]}, "Krookodile": {"name": "Krookodile", "species": "Krookodile", "speciesId": "krookodile", "gender": "F", "shiny": false, "level": 79, "moves": ["knockoff", "stealthrock", "gunkshot", "earthquake"], "ability": "Intimidate", "evs": {"hp": 85, "atk": 85, "def": 85, "spa": 85, "spd": 85, "spe": 85}, "ivs": {"hp": 31, "atk": 31, "def": 31, "spa": 31, "spd": 31, "spe": 31}, "item": "Life Orb", "teraType": "Poison", "role": "Fast Attacker", "bvs": {"hp": 95, "atk": 117, "def": 80, "spa": 65, "spd": 70, "spe": 92}, "stats": {"hp": 280, "atk": 230, "def": 172, "spa": 148, "spd": 156, "spe": 191}, "types": ["Ground", "Dark"]}, "Wugtrio": {"name": "Wugtrio", "species": "Wugtrio", "speciesId": "wugtrio", "gender": "M", "shiny": false, "level": 91, "moves": ["stompingtantrum", "throatchop", "aquajet", "liquidation"], "ability": "Gooey", "evs": {"hp": 85, "atk": 85, "def": 85, "spa": 85, "spd": 85, "spe": 85}, "ivs": {"hp": 31, "atk": 31, "def": 31, "spa": 31, "spd": 31, "spe": 31}, "item": "Choice Band", "teraType": "Dark", "role": "Fast Attacker", "bvs": {"hp": 35, "atk": 100, "def": 50, "spa": 50, "spd": 70, "spe": 120}, "stats": {"hp": 212, "atk": 234, "def": 143, "spa": 143, "spd": 179, "spe": 270}, "types": ["Water"]}, "Revavroom": {"name": "Revavroom", "species": "Revavroom", "speciesId": "revavroom", "gender": "M", "shiny": false, "level": 79, "moves": ["gunkshot", "highhorsepower", "ironhead", "shiftgear"], "ability": "Filter", "evs": {"hp": 85, "atk": 85, "def": 85, "spa": 85, "spd": 85, "spe": 85}, "ivs": {"hp": 31, "atk": 31, "def": 31, "spa": 31, "spd": 31, "spe": 31}, "item": "Life Orb", "teraType": "Ground", "role": "Fast Attacker", "bvs": {"hp": 80, "atk": 119, "def": 90, "spa": 54, "spd": 67, "spe": 90}, "stats": {"hp": 256, "atk": 234, "def": 188, "spa": 131, "spd": 151, "spe": 188}, "types": ["Steel", "Poison"]}, "Breloom": {"name": "Breloom", "species": "Breloom", "speciesId": "breloom", "gender": "F", "shiny": false, "level": 83, "moves": ["rocktomb", "spore", "machpunch", "bulletseed"], "ability": "Technician", "evs": {"hp": 85, "atk": 85, "def": 85, "spa": 85, "spd": 85, "spe": 85}, "ivs": {"hp": 31, "atk": 31, "def": 31, "spa": 31, "spd": 31, "spe": 31}, "item": "Life Orb", "teraType": "Rock", "role": "Fast Attacker", "bvs": {"hp": 60, "atk": 130, "def": 80, "spa": 60, "spd": 60, "spe": 70}, "stats": {"hp": 235, "atk": 263, "def": 180, "spa": 147, "spd": 147, "spe": 164}, "types": ["Grass", "Fighting"]}}, {"Muk": {"name": "Muk", "species": "Muk-Alola", "speciesId": "mukalola", "gender": "F", "shiny": false, "level": 82, "moves": ["knockoff", "gunkshot", "icepunch", "drainpunch"], "ability": "Poison Touch", "evs": {"hp": 85, "atk": 85, "def": 85, "spa": 85, "spd": 85, "spe": 85}, "ivs": {"hp": 31, "atk": 31, "def": 31, "spa": 31, "spd": 31, "spe": 31}, "item": "Assault Vest", "teraType": "Fighting", "role": "AV Pivot", "bvs": {"hp": 105, "atk": 105, "def": 75, "spa": 65, "spd": 100, "spe": 50}, "stats": {"hp": 306, "atk": 219, "def": 170, "spa": 154, "spd": 211, "spe": 129}, "types": ["Poison", "Dark"]}, "Garchomp": {"name": "Garchomp", "species": "Garchomp", "speciesId": "garchomp", "gender": "M", "shiny": false, "level": 74, "moves": ["dragontail", "outrage", "earthquake", "stealthrock"], "ability": "Rough Skin", "evs": {"hp": 85, "atk": 85, "def": 85, "spa": 85, "spd": 85, "spe": 85}, "ivs": {"hp": 31, "atk": 31, "def": 31, "spa": 31, "spd": 31, "spe": 31}, "item": "Rocky Helmet", "teraType": "Ground", "role": "Fast Support", "bvs": {"hp": 108, "atk": 130, "def": 95, "spa": 80, "spd": 85, "spe": 102}, "stats": {"hp": 282, "atk": 235, "def": 184, "spa": 161, "spd": 169, "spe": 194}, "types": ["Dragon", "Ground"]}, "Roaring Moon": {"name": "Roaring Moon", "species": "Roaring Moon", "speciesId": "roaringmoon", "gender": "N", "shiny": false, "level": 72, "moves": ["outrage", "ironhead", "uturn", "knockoff"], "ability": "Protosynthesis", "evs": {"hp": 85, "atk": 85, "def": 85, "spa": 85, "spd": 85, "spe": 85}, "ivs": {"hp": 31, "atk": 31, "def": 31, "spa": 31, "spd": 31, "spe": 31}, "item": "Choice Band", "teraType": "Steel", "role": "Bulky Attacker", "bvs": {"hp": 105, "atk": 139, "def": 71, "spa": 55, "spd": 101, "spe": 119}, "stats": {"hp": 270, "atk": 242, "def": 144, "spa": 121, "spd": 187, "spe": 213}, "types": ["Dragon", "Dark"]}, "Delphox": {"name": "Delphox", "species": "Delphox", "speciesId": "delphox", "gender": "F", "shiny": false, "level": 84, "moves": ["psyshock", "nastyplot", "focusblast", "fireblast"], "ability": "Blaze", "evs": {"hp": 85, "atk": 0, "def": 85, "spa": 85, "spd": 85, "spe": 85}, "ivs": {"hp": 31, "atk": 0, "def": 31, "spa": 31, "spd": 31, "spe": 31}, "item": "Heavy-Duty Boots", "teraType": "Fire", "role": "Fast Attacker", "bvs": {"hp": 75, "atk": 69, "def": 72, "spa": 114, "spd": 100, "spe": 104}, "stats": {"hp": 263, "atk": 120, "def": 169, "spa": 240, "spd": 216, "spe": 223}, "types": ["Fire", "Psychic"]}, "Clefable": {"name": "Clefable", "species": "Clefable", "speciesId": "clefable", "gender": "F", "shiny": false, "level": 83, "moves": ["moonlight", "calmmind", "moonblast", "fireblast"], "ability": "Unaware", "evs": {"hp": 85, "atk": 0, "def": 85, "spa": 85, "spd": 85, "spe": 85}, "ivs": {"hp": 31, "atk": 0, "def": 31, "spa": 31, "spd": 31, "spe": 31}, "item": "Leftovers", "teraType": "Fire", "role": "Bulky Setup", "bvs": {"hp": 95, "atk": 70, "def": 73, "spa": 95, "spd": 90, "spe": 60}, "stats": {"hp": 293, "atk": 121, "def": 169, "spa": 205, "spd": 197, "spe": 147}, "types": ["Fairy"]}, "Barraskewda": {"name": "Barraskewda", "species": "Barraskewda", "speciesId": "barraskewda", "gender": "M", "shiny": false, "level": 81, "moves": ["waterfall", "psychicfangs", "flipturn", "closecombat"], "ability": "Swift Swim", "evs": {"hp": 85, "atk": 85, "def": 85, "spa": 85, "spd": 85, "spe": 85}, "ivs": {"hp": 31, "atk": 31, "def": 31, "spa": 31, "spd": 31, "spe": 31}, "item": "Choice Band", "teraType": "Fighting", "role": "Wallbreaker", "bvs": {"hp": 61, "atk": 123, "def": 60, "spa": 60, "spd": 50, "spe": 136}, "stats": {"hp": 231, "atk": 246, "def": 144, "spa": 144, "spd": 128, "spe": 267}, "types": ["Water"]}}]}