{"id": "gen9randombattle-2642000896", "format": "[Gen 9] Random Battle", "players": ["NoChrisNoWin", "notmetbh102"], "log": "|j|\u2606NoChrisNoWin\n|j|\u2606notmetbh102\n|t:|1782871260\n|gametype|singles\n|player|p1|NoChrisNoWin|102|2100\n|player|p2|notmetbh102|265|2259\n|gen|9\n|tier|[Gen 9] Random Battle\n|rated|\n|rule|Species Clause: Limit one of each Pok\u00e9mon\n|rule|HP Percentage Mod: HP is shown in percentages\n|rule|Sleep Clause Mod: Limit one foe put to sleep\n|rule|Illusion Level Mod: Illusion disguises the Pok\u00e9mon's true level\n|\n|t:|1782871260\n|teamsize|p1|6\n|teamsize|p2|6\n|start\n|switch|p1a: Urshifu|Urshifu-Rapid-Strike, L75, M|274/274\n|switch|p2a: Hitmontop|Hitmontop, L88, M|231/231\n|-ability|p2a: Hitmontop|Intimidate|boost\n|-unboost|p1a: Urshifu|atk|1\n|turn|1\n|inactive|Battle timer is ON: inactive players will automatically lose when time's up. (requested by notmetbh102)\n|c|\u2606notmetbh102|hf\n|\n|t:|1782871268\n|switch|p2a: Clawitzer|Clawitzer, L87, F|265/265\n|move|p1a: Urshifu|Surging Strikes|p2a: Clawitzer\n|-resisted|p2a: Clawitzer\n|-crit|p2a: Clawitzer\n|-damage|p2a: Clawitzer|244/265\n|-resisted|p2a: Clawitzer\n|-crit|p2a: Clawitzer\n|-damage|p2a: Clawitzer|225/265\n|-resisted|p2a: Clawitzer\n|-crit|p2a: Clawitzer\n|-damage|p2a: Clawitzer|207/265\n|-hitcount|p2a: Clawitzer|3\n|\n|upkeep\n|turn|2\n|\n|t:|1782871271\n|switch|p1a: Bellossom|Bellossom, L84, F|263/263\n|switch|p2a: Ribombee|Ribombee, L83, M|235/235\n|\n|upkeep\n|turn|3\n|\n|t:|1782871276\n|switch|p1a: Hatterene|Hatterene, L85, F|236/236\n|move|p2a: Ribombee|Sticky Web|p1a: Hatterene\n|move|p1a: Hatterene|Sticky Web|p2a: Ribombee|[from] ability: Magic Bounce\n|-sidestart|p2: notmetbh102|move: Sticky Web\n|\n|upkeep\n|turn|4\n|\n|t:|1782871280\n|move|p2a: Ribombee|U-turn|p1a: Hatterene\n|-damage|p1a: Hatterene|191/236\n|\n|t:|1782871280\n|switch|p2a: Hitmontop|Hitmontop, L88, M|231/231|[from] U-turn\n|-activate|p2a: Hitmontop|move: Sticky Web\n|-unboost|p2a: Hitmontop|spe|1\n|-ability|p2a: Hitmontop|Intimidate|boost\n|-unboost|p1a: Hatterene|atk|1\n|move|p1a: Hatterene|Psychic|p2a: Hitmontop\n|-supereffective|p2a: Hitmontop\n|-crit|p2a: Hitmontop\n|-damage|p2a: Hitmontop|25/231\n|-unboost|p2a: Hitmontop|spd|1\n|\n|-heal|p1a: Hatterene|205/236|[from] item: Leftovers\n|upkeep\n|turn|5\n|\n|t:|1782871286\n|move|p2a: Hitmontop|Rapid Spin|p1a: Hatterene\n|-damage|p1a: Hatterene|169/236\n|-boost|p2a: Hitmontop|spe|1\n|-sideend|p2: notmetbh102|Sticky Web|[from] move: Rapid Spin|[of] p2a: Hitmontop\n|move|p1a: Hatterene|Draining Kiss|p2a: Hitmontop\n|-supereffective|p2a: Hitmontop\n|-damage|p2a: Hitmontop|0 fnt\n|-heal|p1a: Hatterene|188/236|[from] drain|[of] p2a: Hitmontop\n|faint|p2a: Hitmontop\n|\n|-heal|p1a: Hatterene|202/236|[from] item: Leftovers\n|upkeep\n|\n|t:|1782871287\n|switch|p2a: Mesprit|Mesprit, L85|275/275\n|turn|6\n|\n|t:|1782871291\n|switch|p2a: Gyarados|Gyarados, L79, M|280/280\n|switch|p1a: Dusknoir|Dusknoir, L89, F|225/225\n|-item|p2a: Gyarados|Heavy-Duty Boots|[from] ability: Frisk|[of] p1a: Dusknoir\n|\n|upkeep\n|turn|7\n|\n|t:|1782871294\n|switch|p2a: Bellibolt|Bellibolt, L84, M|320/320\n|move|p1a: Dusknoir|Poltergeist|p2a: Bellibolt\n|-activate|p2a: Bellibolt|move: Poltergeist|Leftovers\n|-crit|p2a: Bellibolt\n|-damage|p2a: Bellibolt|70/320\n|-start|p2a: Bellibolt|Charge|Poltergeist|[from] ability: Electromorphosis\n|-damage|p1a: Dusknoir|203/225|[from] item: Life Orb\n|\n|-heal|p2a: Bellibolt|90/320|[from] item: Leftovers\n|upkeep\n|turn|8\n|\n|t:|1782871298\n|move|p1a: Dusknoir|Earthquake|p2a: Bellibolt\n|-supereffective|p2a: Bellibolt\n|-damage|p2a: Bellibolt|0 fnt\n|faint|p2a: Bellibolt\n|-damage|p1a: Dusknoir|181/225|[from] item: Life Orb\n|\n|upkeep\n|\n|t:|1782871299\n|switch|p2a: Clawitzer|Clawitzer, L87, F|207/265\n|turn|9\n|\n|t:|1782871311\n|move|p2a: Clawitzer|Dark Pulse|p1a: Dusknoir\n|-supereffective|p1a: Dusknoir\n|-damage|p1a: Dusknoir|41/225\n|cant|p1a: Dusknoir|flinch\n|\n|upkeep\n|turn|10\n|\n|t:|1782871318\n|move|p1a: Dusknoir|Shadow Sneak|p2a: Clawitzer\n|-damage|p2a: Clawitzer|147/265\n|-damage|p1a: Dusknoir|19/225|[from] item: Life Orb\n|move|p2a: Clawitzer|U-turn|p1a: Dusknoir\n|-resisted|p1a: Dusknoir\n|-damage|p1a: Dusknoir|5/225\n|\n|t:|1782871319\n|switch|p2a: Gyarados|Gyarados, L79, M|280/280|[from] U-turn\n|\n|upkeep\n|turn|11\n|\n|t:|1782871330\n|switch|p1a: Espathra|Espathra, L80, M|283/283\n|move|p2a: Gyarados|Dragon Dance|p2a: Gyarados\n|-boost|p2a: Gyarados|atk|1\n|-boost|p2a: Gyarados|spe|1\n|\n|upkeep\n|turn|12\n|\n|t:|1782871332\n|move|p2a: Gyarados|Dragon Dance|p2a: Gyarados\n|-boost|p2a: Gyarados|atk|1\n|-boost|p2a: Gyarados|spe|1\n|move|p1a: Espathra|Calm Mind|p1a: Espathra\n|-boost|p1a: Espathra|spa|1\n|-boost|p1a: Espathra|spd|1\n|\n|-ability|p1a: Espathra|Speed Boost|boost\n|-boost|p1a: Espathra|spe|1\n|upkeep\n|turn|13\n|\n|t:|1782871336\n|-terastallize|p2a: Gyarados|Flying\n|move|p2a: Gyarados|Tera Blast|p1a: Espathra|[anim] Tera Blast Flying\n|-damage|p1a: Espathra|0 fnt\n|faint|p1a: Espathra\n|-ability|p2a: Gyarados|Moxie|boost\n|-boost|p2a: Gyarados|atk|1\n|\n|upkeep\n|\n|t:|1782871344\n|switch|p1a: Bellossom|Bellossom, L84, F|263/263\n|turn|14\n|\n|t:|1782871350\n|-terastallize|p1a: Bellossom|Rock\n|move|p2a: Gyarados|Tera Blast|p1a: Bellossom|[anim] Tera Blast Flying\n|-resisted|p1a: Bellossom\n|-damage|p1a: Bellossom|115/263\n|move|p1a: Bellossom|Strength Sap|p2a: Gyarados\n|-unboost|p2a: Gyarados|atk|1\n|-heal|p1a: Bellossom|263/263\n|\n|upkeep\n|turn|15\n|\n|t:|1782871351\n|switch|p1a: Hitmontop|Hitmontop, L88, M|231/231\n|-ability|p1a: Hitmontop|Intimidate|boost\n|-unboost|p2a: Gyarados|atk|1\n|move|p2a: Gyarados|Earthquake|p1a: Hitmontop\n|-damage|p1a: Hitmontop|122/231\n|\n|upkeep\n|turn|16\n|\n|t:|1782871359\n|switch|p1a: Urshifu|Urshifu-Rapid-Strike, L75, M|274/274\n|move|p2a: Gyarados|Tera Blast|p1a: Urshifu|[anim] Tera Blast Flying\n|-supereffective|p1a: Urshifu\n|-damage|p1a: Urshifu|0 fnt\n|faint|p1a: Urshifu\n|-ability|p2a: Gyarados|Moxie|boost\n|-boost|p2a: Gyarados|atk|1\n|\n|upkeep\n|\n|t:|1782871366\n|switch|p1a: Hatterene|Hatterene, L85, F|202/236\n|turn|17\n|\n|t:|1782871368\n|move|p2a: Gyarados|Tera Blast|p1a: Hatterene|[anim] Tera Blast Flying\n|-damage|p1a: Hatterene|0 fnt\n|faint|p1a: Hatterene\n|-ability|p2a: Gyarados|Moxie|boost\n|-boost|p2a: Gyarados|atk|1\n|\n|upkeep\n|-message|NoChrisNoWin forfeited.\n|\n|win|notmetbh102\n|raw|NoChrisNoWin's rating: 2120 &rarr; <strong>2108</strong><br />(-12 for losing)\n|raw|notmetbh102's rating: 2259 &rarr; <strong>2271</strong><br />(+12 for winning)\n|c|\u2606notmetbh102|gg\n|l|\u2606NoChrisNoWin\n|player|p1|\n", "inputlog": ">version f8ac14003a5f27e1bdc8d8c59608a773c1cb96e5\n>start {\"formatid\":\"gen9randombattle\",\"seed\":\"sodium,56c8bf4fe4a9eaf8734bc1ff0267b372\",\"rated\":\"Rated battle\"}\n>player p1 {\"name\":\"NoChrisNoWin\",\"avatar\":\"102\",\"rating\":2100,\"seed\":\"sodium,458f19e1bc55cb132e55fb5a14f7046f\"}\n>player p2 {\"name\":\"notmetbh102\",\"avatar\":\"265\",\"rating\":2259,\"seed\":\"sodium,1df2d56ccab6d912ca50c66b066d2509\"}\n>chat \u2606notmetbh102|hf\n>p1 move surgingstrikes\n>p2 switch 4\n>p1 switch 3\n>p2 switch 6\n>p1 switch 4\n>p2 move stickyweb\n>p1 move psychic\n>p2 move uturn\n>p2 switch 4\n>p1 move drainingkiss\n>p2 move rapidspin\n>p2 switch 3\n>p1 switch 5\n>p2 switch 2\n>p1 move poltergeist\n>p2 switch 5\n>p1 move earthquake\n>p2 move toxic\n>p2 switch 6\n>p1 move poltergeist\n>p2 move darkpulse\n>p1 move shadowsneak\n>p2 move uturn\n>p2 switch 5\n>p1 switch 6\n>p2 move dragondance\n>p1 move calmmind\n>p2 move dragondance\n>p1 move storedpower\n>p2 move terablast terastallize\n>p1 switch 4\n>p1 move strengthsap terastallize\n>p2 move terablast\n>p1 switch 2\n>p2 move earthquake\n>p1 switch 3\n>p2 move terablast\n>p1 switch 5\n>p1 move psychic\n>p2 move terablast\n>forcelose p1", "uploadtime": 1782871372, "views": 3, "formatid": "gen9randombattle", "rating": 2108, "private": 0, "password": null, "player_dets": [{"name": "NoChrisNoWin", "avatar": "102", "rating": 2100, "seed": "sodium,458f19e1bc55cb132e55fb5a14f7046f"}, {"name": "notmetbh102", "avatar": "265", "rating": 2259, "seed": "sodium,1df2d56ccab6d912ca50c66b066d2509"}], "teams_full": [{"Urshifu": {"name": "Urshifu", "species": "Urshifu-Rapid-Strike", "speciesId": "urshifurapidstrike", "gender": "M", "shiny": false, "level": 75, "moves": ["closecombat", "icespinner", "uturn", "surgingstrikes"], "ability": "Unseen Fist", "evs": {"hp": 85, "atk": 85, "def": 85, "spa": 85, "spd": 85, "spe": 85}, "ivs": {"hp": 31, "atk": 31, "def": 31, "spa": 31, "spd": 31, "spe": 31}, "item": "Choice Scarf", "teraType": "Water", "role": "Fast Attacker", "bvs": {"hp": 100, "atk": 130, "def": 100, "spa": 63, "spd": 60, "spe": 97}, "stats": {"hp": 274, "atk": 239, "def": 194, "spa": 138, "spd": 134, "spe": 189}, "types": ["Fighting", "Water"]}, "Hitmontop": {"name": "Hitmontop", "species": "Hitmontop", "speciesId": "hitmontop", "gender": "M", "shiny": false, "level": 88, "moves": ["closecombat", "earthquake", "stoneedge", "rapidspin"], "ability": "Intimidate", "evs": {"hp": 85, "atk": 85, "def": 85, "spa": 85, "spd": 85, "spe": 85}, "ivs": {"hp": 31, "atk": 31, "def": 31, "spa": 31, "spd": 31, "spe": 31}, "item": "Assault Vest", "teraType": "Steel", "role": "Bulky Support", "bvs": {"hp": 50, "atk": 95, "def": 95, "spa": 35, "spd": 110, "spe": 70}, "stats": {"hp": 231, "atk": 217, "def": 217, "spa": 112, "spd": 244, "spe": 173}, "types": ["Fighting"]}, "Bellossom": {"name": "Bellossom", "species": "Bellossom", "speciesId": "bellossom", "gender": "F", "shiny": false, "level": 84, "moves": ["strengthsap", "quiverdance", "terablast", "gigadrain"], "ability": "Chlorophyll", "evs": {"hp": 85, "atk": 0, "def": 85, "spa": 85, "spd": 85, "spe": 85}, "ivs": {"hp": 31, "atk": 0, "def": 31, "spa": 31, "spd": 31, "spe": 31}, "item": "Leftovers", "teraType": "Rock", "role": "Tera Blast user", "bvs": {"hp": 75, "atk": 80, "def": 95, "spa": 90, "spd": 100, "spe": 50}, "stats": {"hp": 263, "atk": 139, "def": 208, "spa": 199, "spd": 216, "spe": 132}, "types": ["Grass"]}, "Hatterene": {"name": "Hatterene", "species": "Hatterene", "speciesId": "hatterene", "gender": "F", "shiny": false, "level": 85, "moves": ["psychic", "mysticalfire", "calmmind", "drainingkiss"], "ability": "Magic Bounce", "evs": {"hp": 85, "atk": 0, "def": 85, "spa": 85, "spd": 85, "spe": 85}, "ivs": {"hp": 31, "atk": 0, "def": 31, "spa": 31, "spd": 31, "spe": 31}, "item": "Leftovers", "teraType": "Fairy", "role": "Bulky Setup", "bvs": {"hp": 57, "atk": 90, "def": 95, "spa": 136, "spd": 103, "spe": 29}, "stats": {"hp": 236, "atk": 158, "def": 210, "spa": 280, "spd": 224, "spe": 98}, "types": ["Psychic", "Fairy"]}, "Dusknoir": {"name": "Dusknoir", "species": "Dusknoir", "speciesId": "dusknoir", "gender": "F", "shiny": false, "level": 89, "moves": ["poltergeist", "painsplit", "shadowsneak", "earthquake"], "ability": "Frisk", "evs": {"hp": 85, "atk": 85, "def": 85, "spa": 85, "spd": 85, "spe": 85}, "ivs": {"hp": 31, "atk": 31, "def": 31, "spa": 31, "spd": 31, "spe": 31}, "item": "Life Orb", "teraType": "Ghost", "role": "Wallbreaker", "bvs": {"hp": 45, "atk": 100, "def": 135, "spa": 65, "spd": 135, "spe": 45}, "stats": {"hp": 225, "atk": 229, "def": 291, "spa": 166, "spd": 291, "spe": 131}, "types": ["Ghost"]}, "Espathra": {"name": "Espathra", "species": "Espathra", "speciesId": "espathra", "gender": "M", "shiny": false, "level": 80, "moves": ["storedpower", "calmmind", "roost", "dazzlinggleam"], "ability": "Speed Boost", "evs": {"hp": 85, "atk": 0, "def": 85, "spa": 85, "spd": 85, "spe": 85}, "ivs": {"hp": 31, "atk": 0, "def": 31, "spa": 31, "spd": 31, "spe": 31}, "item": "Leftovers", "teraType": "Fairy", "role": "Fast Bulky Setup", "bvs": {"hp": 95, "atk": 60, "def": 60, "spa": 101, "spd": 60, "spe": 105}, "stats": {"hp": 283, "atk": 101, "def": 142, "spa": 208, "spd": 142, "spe": 214}, "types": ["Psychic"]}}, {"Hitmontop": {"name": "Hitmontop", "species": "Hitmontop", "speciesId": "hitmontop", "gender": "M", "shiny": false, "level": 88, "moves": ["rapidspin", "stoneedge", "suckerpunch", "closecombat"], "ability": "Intimidate", "evs": {"hp": 85, "atk": 85, "def": 85, "spa": 85, "spd": 85, "spe": 85}, "ivs": {"hp": 31, "atk": 31, "def": 31, "spa": 31, "spd": 31, "spe": 31}, "item": "Assault Vest", "teraType": "Steel", "role": "Bulky Support", "bvs": {"hp": 50, "atk": 95, "def": 95, "spa": 35, "spd": 110, "spe": 70}, "stats": {"hp": 231, "atk": 217, "def": 217, "spa": 112, "spd": 244, "spe": 173}, "types": ["Fighting"]}, "Gyarados": {"name": "Gyarados", "species": "Gyarados", "speciesId": "gyarados", "gender": "M", "shiny": false, "level": 79, "moves": ["dragondance", "terablast", "earthquake", "waterfall"], "ability": "Moxie", "evs": {"hp": 85, "atk": 85, "def": 85, "spa": 85, "spd": 85, "spe": 85}, "ivs": {"hp": 31, "atk": 31, "def": 31, "spa": 31, "spd": 31, "spe": 31}, "item": "Heavy-Duty Boots", "teraType": "Flying", "role": "Tera Blast user", "bvs": {"hp": 95, "atk": 125, "def": 79, "spa": 60, "spd": 100, "spe": 81}, "stats": {"hp": 280, "atk": 243, "def": 170, "spa": 140, "spd": 204, "spe": 174}, "types": ["Water", "Flying"]}, "Mesprit": {"name": "Mesprit", "species": "Mesprit", "speciesId": "mesprit", "gender": "N", "shiny": false, "level": 85, "moves": ["dazzlinggleam", "shadowball", "thunderbolt", "psychic"], "ability": "Levitate", "evs": {"hp": 85, "atk": 0, "def": 85, "spa": 85, "spd": 85, "spe": 85}, "ivs": {"hp": 31, "atk": 0, "def": 31, "spa": 31, "spd": 31, "spe": 31}, "item": "Choice Specs", "teraType": "Fairy", "role": "Fast Attacker", "bvs": {"hp": 80, "atk": 105, "def": 105, "spa": 105, "spd": 105, "spe": 80}, "stats": {"hp": 275, "atk": 183, "def": 227, "spa": 227, "spd": 227, "spe": 185}, "types": ["Psychic"]}, "Clawitzer": {"name": "Clawitzer", "species": "Clawitzer", "speciesId": "clawitzer", "gender": "F", "shiny": false, "level": 87, "moves": ["dragonpulse", "darkpulse", "uturn", "waterpulse"], "ability": "Mega Launcher", "evs": {"hp": 85, "atk": 85, "def": 85, "spa": 85, "spd": 85, "spe": 85}, "ivs": {"hp": 31, "atk": 31, "def": 31, "spa": 31, "spd": 31, "spe": 31}, "item": "Assault Vest", "teraType": "Dragon", "role": "AV Pivot", "bvs": {"hp": 71, "atk": 73, "def": 88, "spa": 120, "spd": 89, "spe": 59}, "stats": {"hp": 265, "atk": 177, "def": 203, "spa": 259, "spd": 205, "spe": 152}, "types": ["Water"]}, "Bellibolt": {"name": "Bellibolt", "species": "Bellibolt", "speciesId": "bellibolt", "gender": "M", "shiny": false, "level": 84, "moves": ["thunderbolt", "slackoff", "toxic", "muddywater"], "ability": "Electromorphosis", "evs": {"hp": 85, "atk": 0, "def": 85, "spa": 85, "spd": 85, "spe": 85}, "ivs": {"hp": 31, "atk": 0, "def": 31, "spa": 31, "spd": 31, "spe": 31}, "item": "Leftovers", "teraType": "Electric", "role": "Bulky Attacker", "bvs": {"hp": 109, "atk": 64, "def": 91, "spa": 103, "spd": 83, "spe": 45}, "stats": {"hp": 320, "atk": 112, "def": 201, "spa": 221, "spd": 188, "spe": 124}, "types": ["Electric"]}, "Ribombee": {"name": "Ribombee", "species": "Ribombee", "speciesId": "ribombee", "gender": "M", "shiny": false, "level": 83, "moves": ["uturn", "stickyweb", "moonblast", "stunspore"], "ability": "Shield Dust", "evs": {"hp": 85, "atk": 85, "def": 85, "spa": 85, "spd": 85, "spe": 85}, "ivs": {"hp": 31, "atk": 31, "def": 31, "spa": 31, "spd": 31, "spe": 31}, "item": "Heavy-Duty Boots", "teraType": "Ghost", "role": "Fast Support", "bvs": {"hp": 60, "atk": 55, "def": 60, "spa": 95, "spd": 70, "spe": 124}, "stats": {"hp": 235, "atk": 139, "def": 147, "spa": 205, "spd": 164, "spe": 254}, "types": ["Bug", "Fairy"]}}]}