{"id": "gen9randombattle-2641792122", "format": "[Gen 9] Random Battle", "players": ["diempie7", "rields121"], "log": "|j|\u2606diempie7\n|j|\u2606rields121\n|t:|1782842452\n|gametype|singles\n|player|p1|diempie7|265|2128\n|player|p2|rields121|169|2225\n|gen|9\n|tier|[Gen 9] Random Battle\n|rated|\n|rule|Species Clause: Limit one of each Pok\u00e9mon\n|rule|HP Percentage Mod: HP is shown in percentages\n|rule|Sleep Clause Mod: Limit one foe put to sleep\n|rule|Illusion Level Mod: Illusion disguises the Pok\u00e9mon's true level\n|\n|t:|1782842452\n|teamsize|p1|6\n|teamsize|p2|6\n|start\n|switch|p1a: Eelektross|Eelektross, L87, F|290/290\n|switch|p2a: Gyarados|Gyarados, L79, M|280/280\n|-ability|p2a: Gyarados|Intimidate|boost\n|-unboost|p1a: Eelektross|atk|1\n|turn|1\n|inactive|Battle timer is ON: inactive players will automatically lose when time's up. (requested by rields121)\n|\n|t:|1782842472\n|switch|p2a: Arboliva|Arboliva, L91, M|288/288\n|move|p1a: Eelektross|Coil|p1a: Eelektross\n|-boost|p1a: Eelektross|atk|1\n|-boost|p1a: Eelektross|def|1\n|-boost|p1a: Eelektross|accuracy|1\n|\n|upkeep\n|turn|2\n|\n|t:|1782842483\n|switch|p2a: Goodra|Goodra, L85, M|292/292\n|move|p1a: Eelektross|Coil|p1a: Eelektross\n|-boost|p1a: Eelektross|atk|1\n|-boost|p1a: Eelektross|def|1\n|-boost|p1a: Eelektross|accuracy|1\n|\n|upkeep\n|turn|3\n|\n|t:|1782842491\n|move|p1a: Eelektross|Drain Punch|p2a: Goodra\n|-damage|p2a: Goodra|178/292\n|move|p2a: Goodra|Dragon Tail|p1a: Eelektross\n|-crit|p1a: Eelektross\n|-damage|p1a: Eelektross|179/290\n|drag|p1a: Haxorus|Haxorus, L77, M|244/244\n|-ability|p1a: Haxorus|Mold Breaker\n|\n|upkeep\n|turn|4\n|\n|t:|1782842502\n|switch|p2a: Arboliva|Arboliva, L91, M|288/288\n|move|p1a: Haxorus|Scale Shot|p2a: Arboliva\n|-damage|p2a: Arboliva|258/288\n|-damage|p2a: Arboliva|230/288\n|-crit|p2a: Arboliva\n|-damage|p2a: Arboliva|188/288\n|-damage|p2a: Arboliva|160/288\n|-damage|p2a: Arboliva|130/288\n|-enditem|p2a: Arboliva|Sitrus Berry|[eat]\n|-heal|p2a: Arboliva|202/288|[from] item: Sitrus Berry\n|-hitcount|p2a: Arboliva|5\n|-unboost|p1a: Haxorus|def|1\n|-boost|p1a: Haxorus|spe|1\n|\n|upkeep\n|turn|5\n|\n|t:|1782842516\n|move|p1a: Haxorus|Swords Dance|p1a: Haxorus\n|-boost|p1a: Haxorus|atk|2\n|move|p2a: Arboliva|Leech Seed|p1a: Haxorus\n|-start|p1a: Haxorus|move: Leech Seed\n|\n|-damage|p1a: Haxorus|214/244|[from] Leech Seed|[of] p2a: Arboliva\n|-heal|p2a: Arboliva|232/288|[silent]\n|upkeep\n|turn|6\n|\n|t:|1782842533\n|switch|p2a: Gyarados|Gyarados, L79, M|280/280\n|-ability|p2a: Gyarados|Intimidate|boost\n|-unboost|p1a: Haxorus|atk|1\n|move|p1a: Haxorus|Scale Shot|p2a: Gyarados\n|-damage|p2a: Gyarados|228/280\n|-damage|p2a: Gyarados|171/280\n|-damage|p2a: Gyarados|113/280\n|-damage|p2a: Gyarados|62/280\n|-damage|p2a: Gyarados|4/280\n|-hitcount|p2a: Gyarados|5\n|-unboost|p1a: Haxorus|def|1\n|-boost|p1a: Haxorus|spe|1\n|\n|-damage|p1a: Haxorus|184/244|[from] Leech Seed|[of] p2a: Gyarados\n|-heal|p2a: Gyarados|34/280|[silent]\n|upkeep\n|turn|7\n|\n|t:|1782842555\n|move|p1a: Haxorus|Iron Head|p2a: Gyarados\n|-resisted|p2a: Gyarados\n|-damage|p2a: Gyarados|0 fnt\n|faint|p2a: Gyarados\n|\n|upkeep\n|inactive|rields121 has 120 seconds left.\n|\n|t:|1782842566\n|switch|p2a: Bellossom|Bellossom, L84, M|263/263\n|turn|8\n|\n|t:|1782842573\n|move|p1a: Haxorus|Swords Dance|p1a: Haxorus\n|-boost|p1a: Haxorus|atk|2\n|move|p2a: Bellossom|Strength Sap|p1a: Haxorus\n|-unboost|p1a: Haxorus|atk|1\n|\n|-damage|p1a: Haxorus|154/244|[from] Leech Seed|[of] p2a: Bellossom\n|upkeep\n|turn|9\n|\n|t:|1782842581\n|-terastallize|p2a: Bellossom|Fairy\n|move|p1a: Haxorus|Swords Dance|p1a: Haxorus\n|-boost|p1a: Haxorus|atk|2\n|move|p2a: Bellossom|Moonblast|p1a: Haxorus\n|-supereffective|p1a: Haxorus\n|-damage|p1a: Haxorus|0 fnt\n|faint|p1a: Haxorus\n|\n|upkeep\n|inactive|diempie7 has 120 seconds left.\n|\n|t:|1782842614\n|switch|p1a: Scizor|Scizor, L79, M|240/240\n|turn|10\n|inactive|rields121 has 120 seconds left.\n|\n|t:|1782842656\n|switch|p2a: Banette|Banette, L93, M|270/270\n|move|p1a: Scizor|U-turn|p2a: Banette\n|-resisted|p2a: Banette\n|-damage|p2a: Banette|198/270\n|\n|t:|1782842667\n|switch|p1a: Heracross|Heracross, L80, F|259/259|[from] U-turn\n|\n|-status|p1a: Heracross|brn|[from] item: Flame Orb\n|upkeep\n|turn|11\n|inactive|rields121 has 120 seconds left.\n|\n|t:|1782842682\n|move|p1a: Heracross|Knock Off|p2a: Banette\n|-supereffective|p2a: Banette\n|-damage|p2a: Banette|0 fnt\n|-enditem|p2a: Banette|Life Orb|[from] move: Knock Off|[of] p1a: Heracross\n|faint|p2a: Banette\n|\n|-damage|p1a: Heracross|243/259 brn|[from] brn\n|upkeep\n|\n|t:|1782842695\n|switch|p2a: Goodra|Goodra, L85, M|178/292\n|turn|12\n|inactive|diempie7 has 120 seconds left.\n|\n|t:|1782842725\n|switch|p1a: Scizor|Scizor, L79, M|240/240\n|move|p2a: Goodra|Fire Blast|p1a: Scizor\n|-supereffective|p1a: Scizor\n|-damage|p1a: Scizor|0 fnt\n|faint|p1a: Scizor\n|\n|upkeep\n|inactive|diempie7 has 120 seconds left.\n|\n|t:|1782842737\n|switch|p1a: Wyrdeer|Wyrdeer, L87, F|321/321\n|-ability|p1a: Wyrdeer|Intimidate|boost\n|-unboost|p2a: Goodra|atk|1\n|turn|13\n|\n|t:|1782842743\n|switch|p2a: Arboliva|Arboliva, L91, M|232/288\n|move|p1a: Wyrdeer|Body Slam|p2a: Arboliva\n|-damage|p2a: Arboliva|147/288\n|\n|-item|p2a: Arboliva|Sitrus Berry|[from] ability: Harvest\n|upkeep\n|turn|14\n|inactive|diempie7 has 120 seconds left.\n|\n|t:|1782842759\n|move|p1a: Wyrdeer|Psychic Noise|p2a: Arboliva\n|-damage|p2a: Arboliva|80/288\n|-start|p2a: Arboliva|move: Heal Block\n|move|p2a: Arboliva|Hyper Voice|p1a: Wyrdeer\n|-damage|p1a: Wyrdeer|218/321\n|\n|upkeep\n|turn|15\n|inactive|diempie7 has 120 seconds left.\n|\n|t:|1782842770\n|move|p1a: Wyrdeer|Body Slam|p2a: Arboliva\n|-damage|p2a: Arboliva|0 fnt\n|faint|p2a: Arboliva\n|\n|upkeep\n|\n|t:|1782842783\n|switch|p2a: Goodra|Goodra, L85, M|178/292\n|turn|16\n|\n|t:|1782842786\n|move|p1a: Wyrdeer|Body Slam|p2a: Goodra\n|-damage|p2a: Goodra|69/292\n|move|p2a: Goodra|Dragon Tail|p1a: Wyrdeer\n|-damage|p1a: Wyrdeer|140/321\n|drag|p1a: Eelektross|Eelektross, L87, F|179/290\n|\n|-heal|p1a: Eelektross|197/290|[from] item: Leftovers\n|upkeep\n|turn|17\n|inactive|diempie7 has 120 seconds left.\n|\n|t:|1782842814\n|move|p1a: Eelektross|Coil|p1a: Eelektross\n|-boost|p1a: Eelektross|atk|1\n|-boost|p1a: Eelektross|def|1\n|-boost|p1a: Eelektross|accuracy|1\n|move|p2a: Goodra|Dragon Tail|p1a: Eelektross\n|-damage|p1a: Eelektross|148/290\n|drag|p1a: Hydrapple|Hydrapple, L83, M|312/312\n|\n|upkeep\n|turn|18\n|inactive|diempie7 has 120 seconds left.\n|\n|t:|1782842826\n|switch|p1a: Wyrdeer|Wyrdeer, L87, F|140/321\n|-ability|p1a: Wyrdeer|Intimidate|boost\n|-unboost|p2a: Goodra|atk|1\n|move|p2a: Goodra|Draco Meteor|p1a: Wyrdeer\n|-damage|p1a: Wyrdeer|23/321\n|-unboost|p2a: Goodra|spa|2\n|\n|upkeep\n|turn|19\n|inactive|diempie7 has 120 seconds left.\n|\n|t:|1782842841\n|move|p2a: Goodra|Scald|p1a: Wyrdeer\n|-damage|p1a: Wyrdeer|0 fnt\n|faint|p1a: Wyrdeer\n|\n|upkeep\n|inactive|diempie7 has 120 seconds left.\n|\n|t:|1782842846\n|switch|p1a: Heracross|Heracross, L80, F|243/259 brn\n|turn|20\n|\n|t:|1782842852\n|move|p1a: Heracross|Knock Off|p2a: Goodra\n|-damage|p2a: Goodra|0 fnt\n|-enditem|p2a: Goodra|Assault Vest|[from] move: Knock Off|[of] p1a: Heracross\n|faint|p2a: Goodra\n|\n|-damage|p1a: Heracross|227/259 brn|[from] brn\n|upkeep\n|\n|t:|1782842857\n|switch|p2a: Bellossom|Bellossom, L84, M, tera:Fairy|263/263\n|turn|21\n|\n|t:|1782842862\n|-terastallize|p1a: Heracross|Normal\n|move|p1a: Heracross|Facade|p2a: Bellossom\n|-damage|p2a: Bellossom|26/263\n|move|p2a: Bellossom|Strength Sap|p1a: Heracross\n|-unboost|p1a: Heracross|atk|1\n|-heal|p2a: Bellossom|263/263\n|\n|-damage|p1a: Heracross|211/259 brn|[from] brn\n|upkeep\n|turn|22\n|inactive|diempie7 has 120 seconds left.\n|\n|t:|1782842910\n|move|p1a: Heracross|Facade|p2a: Bellossom\n|-damage|p2a: Bellossom|116/263\n|move|p2a: Bellossom|Quiver Dance|p2a: Bellossom\n|-boost|p2a: Bellossom|spa|1\n|-boost|p2a: Bellossom|spd|1\n|-boost|p2a: Bellossom|spe|1\n|\n|-heal|p2a: Bellossom|132/263|[from] item: Leftovers\n|-damage|p1a: Heracross|195/259 brn|[from] brn\n|upkeep\n|turn|23\n|\n|t:|1782842919\n|move|p2a: Bellossom|Strength Sap|p1a: Heracross\n|-unboost|p1a: Heracross|atk|1\n|-heal|p2a: Bellossom|263/263\n|move|p1a: Heracross|Facade|p2a: Bellossom\n|-damage|p2a: Bellossom|145/263\n|\n|-heal|p2a: Bellossom|161/263|[from] item: Leftovers\n|-damage|p1a: Heracross|179/259 brn|[from] brn\n|upkeep\n|turn|24\n|\n|t:|1782842928\n|move|p2a: Bellossom|Giga Drain|p1a: Heracross\n|-damage|p1a: Heracross|58/259 brn\n|-heal|p2a: Bellossom|222/263|[from] drain|[of] p1a: Heracross\n|move|p1a: Heracross|Facade|p2a: Bellossom\n|-damage|p2a: Bellossom|113/263\n|\n|-heal|p2a: Bellossom|129/263|[from] item: Leftovers\n|-damage|p1a: Heracross|42/259 brn|[from] brn\n|upkeep\n|turn|25\n|inactive|diempie7 has 120 seconds left.\n|-message|diempie7 forfeited.\n|\n|win|rields121\n|raw|diempie7's rating: 2128 &rarr; <strong>2113</strong><br />(-15 for losing)\n|raw|rields121's rating: 2225 &rarr; <strong>2240</strong><br />(+15 for winning)\n", "inputlog": ">version f8ac14003a5f27e1bdc8d8c59608a773c1cb96e5\n>start {\"formatid\":\"gen9randombattle\",\"seed\":\"sodium,bdd650f6839c9394ff6d5725d3bb1517\",\"rated\":\"Rated battle\"}\n>player p1 {\"name\":\"diempie7\",\"avatar\":\"265\",\"rating\":2128,\"seed\":\"sodium,07649cefcafec5f1e82faa5fa7d2d062\"}\n>player p2 {\"name\":\"rields121\",\"avatar\":\"169\",\"rating\":2225,\"seed\":\"sodium,34ab3cf9f4791441dc1344f4c87f96b0\"}\n>p1 move coil\n>p2 switch 6\n>p1 move coil\n>p2 switch 4\n>p1 move drainpunch\n>p2 move dragontail\n>p1 move scaleshot\n>p2 switch 4\n>p1 move swordsdance\n>p2 move leechseed\n>p1 move scaleshot\n>p2 switch 6\n>p1 move ironhead\n>p2 move earthquake\n>p2 switch 5\n>p1 move swordsdance\n>p2 move strengthsap\n>p1 move swordsdance\n>p2 move moonblast terastallize\n>p1 switch 5\n>p1 move uturn\n>p2 switch 2\n>p1 switch 3\n>p1 move knockoff\n>p2 move poltergeist\n>p2 switch 4\n>p1 switch 3\n>p2 move fireblast\n>p1 switch 2\n>p1 move bodyslam\n>p2 switch 6\n>p1 move psychicnoise\n>p2 move hypervoice\n>p1 move bodyslam\n>p2 move hypervoice\n>p2 switch 6\n>p1 move bodyslam\n>p2 move dragontail\n>p1 move coil\n>p2 move dragontail\n>p1 switch 6\n>p2 move dracometeor\n>p1 move bodyslam\n>p2 move scald\n>p1 switch 3\n>p1 move knockoff\n>p2 move dragontail\n>p2 switch 2\n>p1 move facade terastallize\n>p2 move strengthsap\n>p1 move facade\n>p2 move quiverdance\n>p1 move facade\n>p2 move strengthsap\n>p1 move facade\n>p2 move gigadrain\n>forcelose p1", "uploadtime": 1782842937, "views": 7, "formatid": "gen9randombattle", "rating": 2113, "private": 0, "password": null, "player_dets": [{"name": "diempie7", "avatar": "265", "rating": 2128, "seed": "sodium,07649cefcafec5f1e82faa5fa7d2d062"}, {"name": "rields121", "avatar": "169", "rating": 2225, "seed": "sodium,34ab3cf9f4791441dc1344f4c87f96b0"}], "teams_full": [{"Eelektross": {"name": "Eelektross", "species": "Eelektross", "speciesId": "eelektross", "gender": "F", "shiny": false, "level": 87, "moves": ["firepunch", "supercellslam", "coil", "drainpunch"], "ability": "Levitate", "evs": {"hp": 85, "atk": 85, "def": 85, "spa": 85, "spd": 85, "spe": 85}, "ivs": {"hp": 31, "atk": 31, "def": 31, "spa": 31, "spd": 31, "spe": 31}, "item": "Leftovers", "teraType": "Fighting", "role": "Bulky Setup", "bvs": {"hp": 85, "atk": 115, "def": 80, "spa": 105, "spd": 80, "spe": 50}, "stats": {"hp": 290, "atk": 250, "def": 189, "spa": 232, "spd": 189, "spe": 137}, "types": ["Electric"]}, "Wyrdeer": {"name": "Wyrdeer", "species": "Wyrdeer", "speciesId": "wyrdeer", "gender": "F", "shiny": false, "level": 87, "moves": ["bodyslam", "earthquake", "megahorn", "psychicnoise"], "ability": "Intimidate", "evs": {"hp": 85, "atk": 85, "def": 85, "spa": 85, "spd": 85, "spe": 85}, "ivs": {"hp": 31, "atk": 31, "def": 31, "spa": 31, "spd": 31, "spe": 31}, "item": "Assault Vest", "teraType": "Ground", "role": "Bulky Attacker", "bvs": {"hp": 103, "atk": 105, "def": 72, "spa": 105, "spd": 75, "spe": 65}, "stats": {"hp": 321, "atk": 232, "def": 175, "spa": 232, "spd": 180, "spe": 163}, "types": ["Normal", "Psychic"]}, "Heracross": {"name": "Heracross", "species": "Heracross", "speciesId": "heracross", "gender": "F", "shiny": false, "level": 80, "moves": ["facade", "knockoff", "trailblaze", "closecombat"], "ability": "Guts", "evs": {"hp": 85, "atk": 85, "def": 85, "spa": 85, "spd": 85, "spe": 85}, "ivs": {"hp": 31, "atk": 31, "def": 31, "spa": 31, "spd": 31, "spe": 31}, "item": "Flame Orb", "teraType": "Normal", "role": "Setup Sweeper", "bvs": {"hp": 80, "atk": 125, "def": 75, "spa": 40, "spd": 95, "spe": 85}, "stats": {"hp": 259, "atk": 246, "def": 166, "spa": 110, "spd": 198, "spe": 182}, "types": ["Bug", "Fighting"]}, "Hydrapple": {"name": "Hydrapple", "species": "Hydrapple", "speciesId": "hydrapple", "gender": "M", "shiny": false, "level": 83, "moves": ["ficklebeam", "earthpower", "gigadrain", "dragontail"], "ability": "Regenerator", "evs": {"hp": 85, "atk": 85, "def": 85, "spa": 85, "spd": 85, "spe": 85}, "ivs": {"hp": 31, "atk": 31, "def": 31, "spa": 31, "spd": 31, "spe": 31}, "item": "Assault Vest", "teraType": "Steel", "role": "AV Pivot", "bvs": {"hp": 106, "atk": 80, "def": 110, "spa": 120, "spd": 80, "spe": 44}, "stats": {"hp": 312, "atk": 180, "def": 230, "spa": 247, "spd": 180, "spe": 121}, "types": ["Grass", "Dragon"]}, "Scizor": {"name": "Scizor", "species": "Scizor", "speciesId": "scizor", "gender": "M", "shiny": false, "level": 79, "moves": ["knockoff", "closecombat", "bulletpunch", "uturn"], "ability": "Technician", "evs": {"hp": 85, "atk": 85, "def": 85, "spa": 85, "spd": 85, "spe": 85}, "ivs": {"hp": 31, "atk": 31, "def": 31, "spa": 31, "spd": 31, "spe": 31}, "item": "Choice Band", "teraType": "Steel", "role": "Wallbreaker", "bvs": {"hp": 70, "atk": 130, "def": 100, "spa": 55, "spd": 80, "spe": 65}, "stats": {"hp": 240, "atk": 251, "def": 204, "spa": 132, "spd": 172, "spe": 148}, "types": ["Bug", "Steel"]}, "Haxorus": {"name": "Haxorus", "species": "Haxorus", "speciesId": "haxorus", "gender": "M", "shiny": false, "level": 77, "moves": ["earthquake", "ironhead", "swordsdance", "scaleshot"], "ability": "Mold Breaker", "evs": {"hp": 85, "atk": 85, "def": 85, "spa": 85, "spd": 85, "spe": 85}, "ivs": {"hp": 31, "atk": 31, "def": 31, "spa": 31, "spd": 31, "spe": 31}, "item": "Loaded Dice", "teraType": "Steel", "role": "Fast Bulky Setup", "bvs": {"hp": 76, "atk": 147, "def": 90, "spa": 60, "spd": 70, "spe": 97}, "stats": {"hp": 244, "atk": 271, "def": 183, "spa": 137, "spd": 152, "spe": 194}, "types": ["Dragon"]}}, {"Gyarados": {"name": "Gyarados", "species": "Gyarados", "speciesId": "gyarados", "gender": "M", "shiny": false, "level": 79, "moves": ["waterfall", "dragondance", "terablast", "earthquake"], "ability": "Intimidate", "evs": {"hp": 85, "atk": 85, "def": 85, "spa": 85, "spd": 85, "spe": 85}, "ivs": {"hp": 31, "atk": 31, "def": 31, "spa": 31, "spd": 31, "spe": 31}, "item": "Heavy-Duty Boots", "teraType": "Flying", "role": "Tera Blast user", "bvs": {"hp": 95, "atk": 125, "def": 79, "spa": 60, "spd": 100, "spe": 81}, "stats": {"hp": 280, "atk": 243, "def": 170, "spa": 140, "spd": 204, "spe": 174}, "types": ["Water", "Flying"]}, "Banette": {"name": "Banette", "species": "Banette", "speciesId": "banette", "gender": "M", "shiny": false, "level": 93, "moves": ["thunderwave", "shadowsneak", "poltergeist", "gunkshot"], "ability": "Cursed Body", "evs": {"hp": 85, "atk": 85, "def": 85, "spa": 85, "spd": 85, "spe": 85}, "ivs": {"hp": 31, "atk": 31, "def": 31, "spa": 31, "spd": 31, "spe": 31}, "item": "Life Orb", "teraType": "Poison", "role": "Wallbreaker", "bvs": {"hp": 64, "atk": 115, "def": 65, "spa": 83, "spd": 63, "spe": 65}, "stats": {"hp": 270, "atk": 267, "def": 174, "spa": 207, "spd": 170, "spe": 174}, "types": ["Ghost"]}, "Blaziken": {"name": "Blaziken", "species": "Blaziken", "speciesId": "blaziken", "gender": "F", "shiny": false, "level": 76, "moves": ["flareblitz", "swordsdance", "closecombat", "stoneedge"], "ability": "Speed Boost", "evs": {"hp": 85, "atk": 85, "def": 85, "spa": 85, "spd": 85, "spe": 85}, "ivs": {"hp": 31, "atk": 31, "def": 31, "spa": 31, "spd": 31, "spe": 31}, "item": "Life Orb", "teraType": "Fighting", "role": "Setup Sweeper", "bvs": {"hp": 80, "atk": 120, "def": 70, "spa": 110, "spd": 70, "spe": 80}, "stats": {"hp": 247, "atk": 226, "def": 150, "spa": 211, "spd": 150, "spe": 166}, "types": ["Fire", "Fighting"]}, "Goodra": {"name": "Goodra", "species": "Goodra", "speciesId": "goodra", "gender": "M", "shiny": false, "level": 85, "moves": ["fireblast", "dragontail", "dracometeor", "scald"], "ability": "Sap Sipper", "evs": {"hp": 85, "atk": 85, "def": 85, "spa": 85, "spd": 85, "spe": 85}, "ivs": {"hp": 31, "atk": 31, "def": 31, "spa": 31, "spd": 31, "spe": 31}, "item": "Assault Vest", "teraType": "Fire", "role": "AV Pivot", "bvs": {"hp": 90, "atk": 100, "def": 70, "spa": 110, "spd": 150, "spe": 80}, "stats": {"hp": 292, "atk": 219, "def": 168, "spa": 236, "spd": 304, "spe": 185}, "types": ["Dragon"]}, "Bellossom": {"name": "Bellossom", "species": "Bellossom", "speciesId": "bellossom", "gender": "M", "shiny": false, "level": 84, "moves": ["moonblast", "quiverdance", "gigadrain", "strengthsap"], "ability": "Chlorophyll", "evs": {"hp": 85, "atk": 0, "def": 85, "spa": 85, "spd": 85, "spe": 85}, "ivs": {"hp": 31, "atk": 0, "def": 31, "spa": 31, "spd": 31, "spe": 31}, "item": "Leftovers", "teraType": "Fairy", "role": "Bulky Setup", "bvs": {"hp": 75, "atk": 80, "def": 95, "spa": 90, "spd": 100, "spe": 50}, "stats": {"hp": 263, "atk": 139, "def": 208, "spa": 199, "spd": 216, "spe": 132}, "types": ["Grass"]}, "Arboliva": {"name": "Arboliva", "species": "Arboliva", "speciesId": "arboliva", "gender": "M", "shiny": false, "level": 91, "moves": ["leechseed", "protect", "hypervoice", "substitute"], "ability": "Harvest", "evs": {"hp": 77, "atk": 0, "def": 85, "spa": 85, "spd": 85, "spe": 85}, "ivs": {"hp": 31, "atk": 0, "def": 31, "spa": 31, "spd": 31, "spe": 31}, "item": "Sitrus Berry", "teraType": "Water", "role": "Bulky Support", "bvs": {"hp": 78, "atk": 69, "def": 90, "spa": 125, "spd": 109, "spe": 39}, "stats": {"hp": 288, "atk": 130, "def": 216, "spa": 279, "spd": 250, "spe": 123}, "types": ["Grass", "Normal"]}}]}