{"id": "gen9randombattle-2641790825", "format": "[Gen 9] Random Battle", "players": ["Fabiang", "igiveuponaname"], "log": "|j|\u2606Fabiang\n|j|\u2606igiveuponaname\n|t:|1782842298\n|gametype|singles\n|player|p1|Fabiang|emmet|2105\n|player|p2|igiveuponaname|miku-fire|2101\n|gen|9\n|tier|[Gen 9] Random Battle\n|rated|\n|rule|Species Clause: Limit one of each Pok\u00e9mon\n|rule|HP Percentage Mod: HP is shown in percentages\n|rule|Sleep Clause Mod: Limit one foe put to sleep\n|rule|Illusion Level Mod: Illusion disguises the Pok\u00e9mon's true level\n|\n|t:|1782842298\n|teamsize|p1|6\n|teamsize|p2|6\n|start\n|switch|p1a: Greedent|Greedent, L86, F|347/347\n|switch|p2a: Lurantis|Lurantis, L87, F|264/264\n|turn|1\n|inactive|Battle timer is ON: inactive players will automatically lose when time's up. (requested by igiveuponaname)\n|inactive|Fabiang also wants the timer to be on.\n|\n|t:|1782842320\n|switch|p1a: Slowbro|Slowbro-Galar, L87, F|307/307\n|move|p2a: Lurantis|Knock Off|p1a: Slowbro\n|-supereffective|p1a: Slowbro\n|-damage|p1a: Slowbro|175/307\n|-damage|p2a: Lurantis|220/264|[from] item: Rocky Helmet|[of] p1a: Slowbro\n|-enditem|p1a: Slowbro|Rocky Helmet|[from] move: Knock Off|[of] p2a: Lurantis\n|\n|upkeep\n|turn|2\n|\n|t:|1782842328\n|switch|p2a: Excadrill|Excadrill, L79, M|303/303\n|-ability|p2a: Excadrill|Mold Breaker\n|move|p1a: Slowbro|Shell Side Arm|p2a: Excadrill|[anim] Shell Side Arm Physical\n|-immune|p2a: Excadrill\n|\n|upkeep\n|turn|3\n|\n|t:|1782842343\n|switch|p1a: Greedent|Greedent, L86, F|347/347\n|move|p2a: Excadrill|Earthquake|p1a: Greedent\n|-damage|p1a: Greedent|235/347\n|\n|upkeep\n|turn|4\n|\n|t:|1782842362\n|switch|p2a: Lurantis|Lurantis, L87, F|220/264\n|move|p1a: Greedent|Swords Dance|p1a: Greedent\n|-boost|p1a: Greedent|atk|2\n|\n|upkeep\n|turn|5\n|\n|t:|1782842366\n|move|p2a: Lurantis|Knock Off|p1a: Greedent\n|-damage|p1a: Greedent|163/347\n|-enditem|p1a: Greedent|Sitrus Berry|[from] move: Knock Off|[of] p2a: Lurantis\n|move|p1a: Greedent|Double-Edge|p2a: Lurantis\n|-damage|p2a: Lurantis|0 fnt\n|faint|p2a: Lurantis\n|-damage|p1a: Greedent|90/347|[from] Recoil\n|\n|upkeep\n|\n|t:|1782842370\n|switch|p2a: Excadrill|Excadrill, L79, M|303/303\n|-ability|p2a: Excadrill|Mold Breaker\n|turn|6\n|\n|t:|1782842372\n|move|p2a: Excadrill|Earthquake|p1a: Greedent\n|-damage|p1a: Greedent|0 fnt\n|faint|p1a: Greedent\n|\n|upkeep\n|\n|t:|1782842382\n|switch|p1a: Necrozma|Necrozma-Dawn-Wings, L76|272/272\n|turn|7\n|\n|t:|1782842401\n|switch|p2a: Tsareena|Tsareena, L87, F|267/267\n|move|p1a: Necrozma|Dragon Dance|p1a: Necrozma\n|-boost|p1a: Necrozma|atk|1\n|-boost|p1a: Necrozma|spe|1\n|\n|upkeep\n|turn|8\n|\n|t:|1782842409\n|move|p2a: Tsareena|Knock Off|p1a: Necrozma\n|-supereffective|p1a: Necrozma\n|-damage|p1a: Necrozma|8/272\n|-enditem|p1a: Necrozma|Life Orb|[from] move: Knock Off|[of] p2a: Tsareena\n|move|p1a: Necrozma|Photon Geyser|p2a: Tsareena\n|-damage|p2a: Tsareena|135/267\n|\n|upkeep\n|turn|9\n|\n|t:|1782842425\n|move|p2a: Tsareena|Knock Off|p1a: Necrozma\n|-supereffective|p1a: Necrozma\n|-damage|p1a: Necrozma|0 fnt\n|faint|p1a: Necrozma\n|\n|upkeep\n|\n|t:|1782842432\n|switch|p1a: Muk|Muk, L86, M|321/321\n|turn|10\n|\n|t:|1782842438\n|switch|p2a: Excadrill|Excadrill, L79, M|303/303\n|-ability|p2a: Excadrill|Mold Breaker\n|move|p1a: Muk|Poison Jab|p2a: Excadrill\n|-immune|p2a: Excadrill\n|\n|upkeep\n|turn|11\n|\n|t:|1782842449\n|switch|p1a: Brute Bonnet|Brute Bonnet, L80|309/309\n|move|p2a: Excadrill|Earthquake|p1a: Brute Bonnet\n|-resisted|p1a: Brute Bonnet\n|-damage|p1a: Brute Bonnet|255/309\n|\n|-heal|p1a: Brute Bonnet|274/309|[from] item: Leftovers\n|upkeep\n|turn|12\n|\n|t:|1782842455\n|switch|p2a: Tsareena|Tsareena, L87, F|135/267\n|move|p1a: Brute Bonnet|Spore|p2a: Tsareena\n|-immune|p2a: Tsareena\n|\n|-heal|p1a: Brute Bonnet|293/309|[from] item: Leftovers\n|upkeep\n|turn|13\n|\n|t:|1782842458\n|move|p2a: Tsareena|U-turn|p1a: Brute Bonnet\n|-supereffective|p1a: Brute Bonnet\n|-damage|p1a: Brute Bonnet|61/309\n|\n|t:|1782842460\n|switch|p2a: Kommo-o|Kommo-o, L78, F|245/245|[from] U-turn\n|move|p1a: Brute Bonnet|Crunch|p2a: Kommo-o\n|-resisted|p2a: Kommo-o\n|-damage|p2a: Kommo-o|204/245\n|\n|-heal|p1a: Brute Bonnet|80/309|[from] item: Leftovers\n|upkeep\n|turn|14\n|\n|t:|1782842465\n|move|p2a: Kommo-o|Drain Punch|p1a: Brute Bonnet\n|-supereffective|p1a: Brute Bonnet\n|-damage|p1a: Brute Bonnet|0 fnt\n|-heal|p2a: Kommo-o|244/245|[from] drain|[of] p1a: Brute Bonnet\n|faint|p1a: Brute Bonnet\n|-end|p1a: Brute Bonnet|Protosynthesis|[silent]\n|\n|upkeep\n|\n|t:|1782842474\n|switch|p1a: Muk|Muk, L86, M|321/321\n|turn|15\n|\n|t:|1782842487\n|move|p2a: Kommo-o|Clangorous Soul|p2a: Kommo-o\n|-boost|p2a: Kommo-o|atk|1\n|-boost|p2a: Kommo-o|def|1\n|-boost|p2a: Kommo-o|spa|1\n|-boost|p2a: Kommo-o|spd|1\n|-boost|p2a: Kommo-o|spe|1\n|-damage|p2a: Kommo-o|164/245\n|-enditem|p2a: Kommo-o|Throat Spray\n|-boost|p2a: Kommo-o|spa|1|[from] item: Throat Spray\n|move|p1a: Muk|Ice Punch|p2a: Kommo-o\n|-supereffective|p2a: Kommo-o\n|-damage|p2a: Kommo-o|68/245\n|\n|upkeep\n|turn|16\n|\n|t:|1782842496\n|-terastallize|p2a: Kommo-o|Steel\n|move|p2a: Kommo-o|Iron Head|p1a: Muk\n|-damage|p1a: Muk|186/321\n|move|p1a: Muk|Ice Punch|p2a: Kommo-o\n|-resisted|p2a: Kommo-o\n|-damage|p2a: Kommo-o|42/245\n|\n|upkeep\n|turn|17\n|\n|t:|1782842511\n|switch|p1a: Ampharos|Ampharos, L88, F|302/302\n|move|p2a: Kommo-o|Iron Head|p1a: Ampharos\n|-resisted|p1a: Ampharos\n|-damage|p1a: Ampharos|240/302\n|\n|upkeep\n|turn|18\n|\n|t:|1782842528\n|move|p2a: Kommo-o|Clanging Scales|p1a: Ampharos\n|-damage|p1a: Ampharos|48/302\n|-unboost|p2a: Kommo-o|def|1\n|move|p1a: Ampharos|Agility|p1a: Ampharos\n|-boost|p1a: Ampharos|spe|2\n|\n|upkeep\n|turn|19\n|\n|t:|1782842540\n|move|p1a: Ampharos|Thunderbolt|p2a: Kommo-o\n|-damage|p2a: Kommo-o|0 fnt\n|faint|p2a: Kommo-o\n|-damage|p1a: Ampharos|18/302|[from] item: Life Orb\n|\n|upkeep\n|\n|t:|1782842545\n|switch|p2a: Tsareena|Tsareena, L87, F|135/267\n|turn|20\n|\n|t:|1782842567\n|move|p1a: Ampharos|Focus Blast|p2a: Tsareena|[miss]\n|-miss|p1a: Ampharos|p2a: Tsareena\n|move|p2a: Tsareena|Knock Off|p1a: Ampharos\n|-damage|p1a: Ampharos|0 fnt\n|-enditem|p1a: Ampharos|Life Orb|[from] move: Knock Off|[of] p2a: Tsareena\n|faint|p1a: Ampharos\n|\n|upkeep\n|\n|t:|1782842571\n|switch|p1a: Muk|Muk, L86, M|186/321\n|turn|21\n|\n|t:|1782842580\n|move|p2a: Tsareena|Knock Off|p1a: Muk\n|-damage|p1a: Muk|98/321\n|-enditem|p1a: Muk|Choice Band|[from] move: Knock Off|[of] p2a: Tsareena\n|move|p1a: Muk|Ice Punch|p2a: Tsareena\n|-supereffective|p2a: Tsareena\n|-damage|p2a: Tsareena|23/267\n|-status|p2a: Tsareena|frz\n|\n|upkeep\n|turn|22\n|\n|t:|1782842585\n|-curestatus|p2a: Tsareena|frz|[msg]\n|move|p2a: Tsareena|Knock Off|p1a: Muk\n|-damage|p1a: Muk|35/321\n|move|p1a: Muk|Drain Punch|p2a: Tsareena\n|-damage|p2a: Tsareena|0 fnt\n|-heal|p1a: Muk|47/321|[from] drain|[of] p2a: Tsareena\n|faint|p2a: Tsareena\n|\n|upkeep\n|\n|t:|1782842589\n|switch|p2a: Excadrill|Excadrill, L79, M|303/303\n|-ability|p2a: Excadrill|Mold Breaker\n|turn|23\n|\n|t:|1782842591\n|move|p2a: Excadrill|Earthquake|p1a: Muk\n|-supereffective|p1a: Muk\n|-damage|p1a: Muk|0 fnt\n|faint|p1a: Muk\n|\n|upkeep\n|\n|t:|1782842592\n|switch|p1a: Slowbro|Slowbro-Galar, L87, F|277/307\n|turn|24\n|\n|t:|1782842595\n|-terastallize|p1a: Slowbro|Ground\n|move|p2a: Excadrill|Earthquake|p1a: Slowbro\n|-damage|p1a: Slowbro|175/307\n|move|p1a: Slowbro|Earthquake|p2a: Excadrill\n|-supereffective|p2a: Excadrill\n|-damage|p2a: Excadrill|1/303\n|\n|upkeep\n|turn|25\n|\n|t:|1782842606\n|move|p2a: Excadrill|Earthquake|p1a: Slowbro\n|-damage|p1a: Slowbro|54/307\n|move|p1a: Slowbro|Slack Off|p1a: Slowbro\n|-heal|p1a: Slowbro|208/307\n|\n|upkeep\n|turn|26\n|\n|t:|1782842612\n|move|p2a: Excadrill|Earthquake|p1a: Slowbro\n|-damage|p1a: Slowbro|103/307\n|move|p1a: Slowbro|Psychic|p2a: Excadrill\n|-resisted|p2a: Excadrill\n|-damage|p2a: Excadrill|0 fnt\n|faint|p2a: Excadrill\n|\n|upkeep\n|\n|t:|1782842614\n|switch|p2a: Volcanion|Volcanion, L79|255/255\n|turn|27\n|\n|t:|1782842619\n|move|p2a: Volcanion|Steam Eruption|p1a: Slowbro\n|-supereffective|p1a: Slowbro\n|-damage|p1a: Slowbro|0 fnt\n|faint|p1a: Slowbro\n|\n|win|igiveuponaname\n|raw|Fabiang's rating: 2105 &rarr; <strong>2085</strong><br />(-20 for losing)\n|raw|igiveuponaname's rating: 2101 &rarr; <strong>2121</strong><br />(+20 for winning)\n|l|\u2606Fabiang\n|player|p1|\n", "inputlog": ">version f8ac14003a5f27e1bdc8d8c59608a773c1cb96e5\n>start {\"formatid\":\"gen9randombattle\",\"seed\":\"sodium,f2cfbf019b1ebb00ebb627e40755ddd4\",\"rated\":\"Rated battle\"}\n>player p1 {\"name\":\"Fabiang\",\"avatar\":\"emmet\",\"rating\":2105,\"seed\":\"sodium,c7fc450df5aaa7ce81c4795037b18b52\"}\n>player p2 {\"name\":\"igiveuponaname\",\"avatar\":\"miku-fire\",\"rating\":2101,\"seed\":\"sodium,19879980560cf3b5b515cac328d6a4c5\"}\n>p1 switch 2\n>p2 move knockoff\n>p1 move shellsidearm\n>p2 switch 2\n>p1 switch 2\n>p2 move earthquake\n>p1 move swordsdance\n>p2 switch 2\n>p1 move doubleedge\n>p2 move knockoff\n>p2 switch 2\n>p1 move earthquake\n>p2 move earthquake\n>p1 switch 3\n>p1 move dragondance\n>p2 switch 3\n>p1 move photongeyser\n>p2 move knockoff\n>p1 move photongeyser\n>p2 move knockoff\n>p1 switch 5\n>p1 move poisonjab\n>p2 switch 3\n>p1 switch 6\n>p2 move earthquake\n>p1 move spore\n>p2 switch 3\n>p1 move crunch\n>p2 move uturn\n>p2 switch 5\n>p1 move spore\n>p2 move drainpunch\n>p1 switch 6\n>p1 move icepunch\n>p2 move clangoroussoul\n>p1 move icepunch\n>p2 move ironhead terastallize\n>p1 switch 4\n>p2 move ironhead\n>p1 move agility\n>p2 move clangingscales\n>p1 move thunderbolt\n>p2 move clangingscales\n>p2 switch 5\n>p1 move focusblast\n>p2 move knockoff\n>p1 switch 4\n>p1 move icepunch\n>p2 move knockoff\n>p1 move drainpunch\n>p2 move knockoff\n>p2 switch 3\n>p1 move drainpunch\n>p2 move earthquake\n>p1 switch 2\n>p1 move earthquake terastallize\n>p2 move earthquake\n>p1 move slackoff\n>p2 move earthquake\n>p1 move psychic\n>p2 move earthquake\n>p2 switch 6\n>p1 move slackoff\n>p2 move steameruption", "uploadtime": 1782842619, "views": 7, "formatid": "gen9randombattle", "rating": 2085, "private": 0, "password": null, "player_dets": [{"name": "Fabiang", "avatar": "emmet", "rating": 2105, "seed": "sodium,c7fc450df5aaa7ce81c4795037b18b52"}, {"name": "igiveuponaname", "avatar": "miku-fire", "rating": 2101, "seed": "sodium,19879980560cf3b5b515cac328d6a4c5"}], "teams_full": [{"Greedent": {"name": "Greedent", "species": "Greedent", "speciesId": "greedent", "gender": "F", "shiny": false, "level": 86, "moves": ["earthquake", "knockoff", "doubleedge", "swordsdance"], "ability": "Cheek Pouch", "evs": {"hp": 85, "atk": 85, "def": 85, "spa": 85, "spd": 85, "spe": 85}, "ivs": {"hp": 31, "atk": 31, "def": 31, "spa": 31, "spd": 31, "spe": 31}, "item": "Sitrus Berry", "teraType": "Ground", "role": "Bulky Setup", "bvs": {"hp": 120, "atk": 95, "def": 95, "spa": 55, "spd": 75, "spe": 20}, "stats": {"hp": 347, "atk": 213, "def": 213, "spa": 144, "spd": 178, "spe": 84}, "types": ["Normal"]}, "Slowbro": {"name": "Slowbro", "species": "Slowbro-Galar", "speciesId": "slowbrogalar", "gender": "F", "shiny": false, "level": 87, "moves": ["shellsidearm", "earthquake", "slackoff", "psychic"], "ability": "Regenerator", "evs": {"hp": 85, "atk": 85, "def": 85, "spa": 85, "spd": 85, "spe": 85}, "ivs": {"hp": 31, "atk": 31, "def": 31, "spa": 31, "spd": 31, "spe": 31}, "item": "Rocky Helmet", "teraType": "Ground", "role": "Bulky Attacker", "bvs": {"hp": 95, "atk": 100, "def": 95, "spa": 100, "spd": 70, "spe": 30}, "stats": {"hp": 307, "atk": 224, "def": 215, "spa": 224, "spd": 172, "spe": 102}, "types": ["Poison", "Psychic"]}, "Necrozma": {"name": "Necrozma", "species": "Necrozma-Dawn-Wings", "speciesId": "necrozmadawnwings", "gender": "N", "shiny": false, "level": 76, "moves": ["dragondance", "moongeistbeam", "photongeyser", "brickbreak"], "ability": "Prism Armor", "evs": {"hp": 85, "atk": 85, "def": 85, "spa": 85, "spd": 85, "spe": 85}, "ivs": {"hp": 31, "atk": 31, "def": 31, "spa": 31, "spd": 31, "spe": 31}, "item": "Life Orb", "teraType": "Fighting", "role": "Setup Sweeper", "bvs": {"hp": 97, "atk": 113, "def": 109, "spa": 157, "spd": 127, "spe": 77}, "stats": {"hp": 272, "atk": 216, "def": 210, "spa": 283, "spd": 237, "spe": 161}, "types": ["Psychic", "Ghost"]}, "Ampharos": {"name": "Ampharos", "species": "Ampharos", "speciesId": "ampharos", "gender": "F", "shiny": false, "level": 88, "moves": ["thunderbolt", "focusblast", "agility", "dazzlinggleam"], "ability": "Static", "evs": {"hp": 85, "atk": 0, "def": 85, "spa": 85, "spd": 85, "spe": 85}, "ivs": {"hp": 31, "atk": 0, "def": 31, "spa": 31, "spd": 31, "spe": 31}, "item": "Life Orb", "teraType": "Electric", "role": "Wallbreaker", "bvs": {"hp": 90, "atk": 75, "def": 85, "spa": 115, "spd": 90, "spe": 55}, "stats": {"hp": 302, "atk": 137, "def": 200, "spa": 253, "spd": 209, "spe": 147}, "types": ["Electric"]}, "Muk": {"name": "Muk", "species": "Muk", "speciesId": "muk", "gender": "M", "shiny": false, "level": 86, "moves": ["icepunch", "drainpunch", "knockoff", "poisonjab"], "ability": "Poison Touch", "evs": {"hp": 85, "atk": 85, "def": 85, "spa": 85, "spd": 85, "spe": 85}, "ivs": {"hp": 31, "atk": 31, "def": 31, "spa": 31, "spd": 31, "spe": 31}, "item": "Choice Band", "teraType": "Dark", "role": "Bulky Attacker", "bvs": {"hp": 105, "atk": 105, "def": 75, "spa": 65, "spd": 100, "spe": 50}, "stats": {"hp": 321, "atk": 230, "def": 178, "spa": 161, "spd": 221, "spe": 135}, "types": ["Poison"]}, "Brute Bonnet": {"name": "Brute Bonnet", "species": "Brute Bonnet", "speciesId": "brutebonnet", "gender": "N", "shiny": false, "level": 80, "moves": ["suckerpunch", "spore", "crunch", "closecombat"], "ability": "Protosynthesis", "evs": {"hp": 85, "atk": 85, "def": 85, "spa": 85, "spd": 85, "spe": 85}, "ivs": {"hp": 31, "atk": 31, "def": 31, "spa": 31, "spd": 31, "spe": 31}, "item": "Leftovers", "teraType": "Poison", "role": "Bulky Attacker", "bvs": {"hp": 111, "atk": 127, "def": 99, "spa": 79, "spd": 99, "spe": 55}, "stats": {"hp": 309, "atk": 249, "def": 205, "spa": 173, "spd": 205, "spe": 134}, "types": ["Grass", "Dark"]}}, {"Lurantis": {"name": "Lurantis", "species": "Lurantis", "speciesId": "lurantis", "gender": "F", "shiny": false, "level": 87, "moves": ["leechlife", "superpower", "knockoff", "leafstorm"], "ability": "Contrary", "evs": {"hp": 85, "atk": 85, "def": 85, "spa": 85, "spd": 85, "spe": 85}, "ivs": {"hp": 31, "atk": 31, "def": 31, "spa": 31, "spd": 31, "spe": 31}, "item": "Assault Vest", "teraType": "Fighting", "role": "AV Pivot", "bvs": {"hp": 70, "atk": 105, "def": 90, "spa": 80, "spd": 90, "spe": 45}, "stats": {"hp": 264, "atk": 232, "def": 206, "spa": 189, "spd": 206, "spe": 128}, "types": ["Grass"]}, "Excadrill": {"name": "Excadrill", "species": "Excadrill", "speciesId": "excadrill", "gender": "M", "shiny": false, "level": 79, "moves": ["rapidspin", "ironhead", "earthquake", "rockslide"], "ability": "Mold Breaker", "evs": {"hp": 85, "atk": 85, "def": 85, "spa": 85, "spd": 85, "spe": 85}, "ivs": {"hp": 31, "atk": 31, "def": 31, "spa": 31, "spd": 31, "spe": 31}, "item": "Assault Vest", "teraType": "Water", "role": "AV Pivot", "bvs": {"hp": 110, "atk": 135, "def": 60, "spa": 50, "spd": 65, "spe": 88}, "stats": {"hp": 303, "atk": 259, "def": 140, "spa": 125, "spd": 148, "spe": 185}, "types": ["Ground", "Steel"]}, "Tsareena": {"name": "Tsareena", "species": "Tsareena", "speciesId": "tsareena", "gender": "F", "shiny": false, "level": 87, "moves": ["highjumpkick", "powerwhip", "knockoff", "uturn"], "ability": "Queenly Majesty", "evs": {"hp": 85, "atk": 85, "def": 85, "spa": 85, "spd": 85, "spe": 85}, "ivs": {"hp": 31, "atk": 31, "def": 31, "spa": 31, "spd": 31, "spe": 31}, "item": "Choice Scarf", "teraType": "Fighting", "role": "Fast Support", "bvs": {"hp": 72, "atk": 120, "def": 98, "spa": 50, "spd": 98, "spe": 72}, "stats": {"hp": 267, "atk": 259, "def": 220, "spa": 137, "spd": 220, "spe": 175}, "types": ["Grass"]}, "Blastoise": {"name": "Blastoise", "species": "Blastoise", "speciesId": "blastoise", "gender": "F", "shiny": false, "level": 80, "moves": ["terablast", "shellsmash", "icebeam", "hydropump"], "ability": "Torrent", "evs": {"hp": 85, "atk": 0, "def": 85, "spa": 85, "spd": 85, "spe": 85}, "ivs": {"hp": 31, "atk": 0, "def": 31, "spa": 31, "spd": 31, "spe": 31}, "item": "White Herb", "teraType": "Electric", "role": "Tera Blast user", "bvs": {"hp": 79, "atk": 83, "def": 100, "spa": 85, "spd": 105, "spe": 78}, "stats": {"hp": 258, "atk": 137, "def": 206, "spa": 182, "spd": 214, "spe": 171}, "types": ["Water"]}, "Kommo-o": {"name": "Kommo-o", "species": "Kommo-o", "speciesId": "kommoo", "gender": "F", "shiny": false, "level": 78, "moves": ["ironhead", "clangoroussoul", "drainpunch", "clangingscales"], "ability": "Soundproof", "evs": {"hp": 85, "atk": 85, "def": 85, "spa": 85, "spd": 85, "spe": 85}, "ivs": {"hp": 31, "atk": 31, "def": 31, "spa": 31, "spd": 31, "spe": 31}, "item": "Throat Spray", "teraType": "Steel", "role": "Fast Bulky Setup", "bvs": {"hp": 75, "atk": 110, "def": 125, "spa": 100, "spd": 105, "spe": 85}, "stats": {"hp": 245, "atk": 217, "def": 240, "spa": 201, "spd": 209, "spe": 178}, "types": ["Dragon", "Fighting"]}, "Volcanion": {"name": "Volcanion", "species": "Volcanion", "speciesId": "volcanion", "gender": "N", "shiny": false, "level": 79, "moves": ["flamecharge", "flamethrower", "steameruption", "earthpower"], "ability": "Water Absorb", "evs": {"hp": 81, "atk": 85, "def": 85, "spa": 85, "spd": 85, "spe": 85}, "ivs": {"hp": 31, "atk": 31, "def": 31, "spa": 31, "spd": 31, "spe": 31}, "item": "Assault Vest", "teraType": "Fire", "role": "Bulky Attacker", "bvs": {"hp": 80, "atk": 110, "def": 120, "spa": 130, "spd": 90, "spe": 70}, "stats": {"hp": 255, "atk": 219, "def": 235, "spa": 251, "spd": 188, "spe": 156}, "types": ["Fire", "Water"]}}]}