{"id": "gen9randombattle-2642072858", "format": "[Gen 9] Random Battle", "players": ["jnpr010334", "KTHAN0S"], "log": "|j|\u2606jnpr010334\n|j|\u2606KTHAN0S\n|t:|1782884006\n|gametype|singles\n|player|p1|jnpr010334|265|1683\n|player|p2|KTHAN0S|hooligans|1684\n|gen|9\n|tier|[Gen 9] Random Battle\n|rated|\n|rule|Species Clause: Limit one of each Pok\u00e9mon\n|rule|HP Percentage Mod: HP is shown in percentages\n|rule|Sleep Clause Mod: Limit one foe put to sleep\n|rule|Illusion Level Mod: Illusion disguises the Pok\u00e9mon's true level\n|\n|t:|1782884006\n|teamsize|p1|6\n|teamsize|p2|6\n|start\n|switch|p1a: Slowbro|Slowbro-Galar, L87, M|307/307\n|switch|p2a: Pyroar|Pyroar, L88, M|295/295\n|-ability|p2a: Pyroar|Unnerve\n|turn|1\n|inactive|Battle timer is ON: inactive players will automatically lose when time's up. (requested by KTHAN0S)\n|inactive|jnpr010334 also wants the timer to be on.\n|inactive|KTHAN0S has 120 seconds left.\n|inactive|KTHAN0S has 90 seconds left.\n|inactive|KTHAN0S has 60 seconds left.\n|\n|t:|1782884100\n|move|p2a: Pyroar|Work Up|p2a: Pyroar\n|-boost|p2a: Pyroar|atk|1\n|-boost|p2a: Pyroar|spa|1\n|move|p1a: Slowbro|Shell Side Arm|p2a: Pyroar|[anim] Shell Side Arm Special\n|-damage|p2a: Pyroar|181/295\n|-hint|Special Shell Side Arm\n|-status|p2a: Pyroar|psn\n|\n|-damage|p2a: Pyroar|145/295 psn|[from] psn\n|upkeep\n|turn|2\n|\n|t:|1782884104\n|switch|p1a: Suicune|Suicune, L82|298/298\n|-ability|p1a: Suicune|Pressure\n|move|p2a: Pyroar|Dark Pulse|p1a: Suicune\n|-damage|p1a: Suicune|208/298\n|\n|-heal|p1a: Suicune|226/298|[from] item: Leftovers\n|-damage|p2a: Pyroar|109/295 psn|[from] psn\n|upkeep\n|turn|3\n|\n|t:|1782884107\n|move|p2a: Pyroar|Hyper Voice|p1a: Suicune\n|-damage|p1a: Suicune|70/298\n|move|p1a: Suicune|Scald|p2a: Pyroar\n|-supereffective|p2a: Pyroar\n|-damage|p2a: Pyroar|0 fnt\n|faint|p2a: Pyroar\n|\n|-heal|p1a: Suicune|88/298|[from] item: Leftovers\n|upkeep\n|inactive|KTHAN0S has 120 seconds left.\n|inactive|KTHAN0S has 90 seconds left.\n|inactive|KTHAN0S has 60 seconds left.\n|\n|t:|1782884222\n|switch|p2a: Lanturn|Lanturn, L89, M|367/367\n|turn|4\n|\n|t:|1782884225\n|switch|p1a: Serperior|Serperior, L79, M|248/248\n|move|p2a: Lanturn|Thunder Wave|p1a: Serperior\n|-status|p1a: Serperior|par\n|\n|upkeep\n|turn|5\n|\n|t:|1782884229\n|move|p2a: Lanturn|Volt Switch|p1a: Serperior\n|-resisted|p1a: Serperior\n|-damage|p1a: Serperior|214/248 par\n|\n|t:|1782884235\n|switch|p2a: Jumpluff|Jumpluff, L87, F|271/271|[from] Volt Switch\n|move|p1a: Serperior|Leaf Storm|p2a: Jumpluff\n|-resisted|p2a: Jumpluff\n|-damage|p2a: Jumpluff|248/271\n|-boost|p1a: Serperior|spa|2\n|\n|-heal|p1a: Serperior|229/248 par|[from] item: Leftovers\n|upkeep\n|turn|6\n|\n|t:|1782884239\n|switch|p1a: Slowbro|Slowbro-Galar, L87, M|307/307\n|move|p2a: Jumpluff|Acrobatics|p1a: Slowbro\n|-damage|p1a: Slowbro|231/307\n|\n|upkeep\n|turn|7\n|\n|t:|1782884242\n|move|p2a: Jumpluff|Substitute|p2a: Jumpluff\n|-start|p2a: Jumpluff|Substitute\n|-damage|p2a: Jumpluff|181/271\n|move|p1a: Slowbro|Shell Side Arm|p2a: Jumpluff|[anim] Shell Side Arm Physical\n|-supereffective|p2a: Jumpluff\n|-end|p2a: Jumpluff|Substitute\n|-hint|Physical Shell Side Arm\n|\n|upkeep\n|turn|8\n|\n|t:|1782884248\n|switch|p2a: Lanturn|Lanturn, L89, M|367/367\n|move|p1a: Slowbro|Shell Side Arm|p2a: Lanturn|[anim] Shell Side Arm Physical\n|-damage|p2a: Lanturn|228/367\n|-hint|Physical Shell Side Arm\n|-status|p2a: Lanturn|psn\n|\n|-damage|p2a: Lanturn|183/367 psn|[from] psn\n|upkeep\n|turn|9\n|\n|t:|1782884251\n|switch|p1a: Serperior|Serperior, L79, M|229/248 par\n|move|p2a: Lanturn|Thunder Wave|p1a: Serperior\n|-fail|p1a: Serperior|par\n|\n|-heal|p1a: Serperior|244/248 par|[from] item: Leftovers\n|-damage|p2a: Lanturn|138/367 psn|[from] psn\n|upkeep\n|turn|10\n|\n|t:|1782884254\n|move|p2a: Lanturn|Volt Switch|p1a: Serperior\n|-resisted|p1a: Serperior\n|-damage|p1a: Serperior|206/248 par\n|inactive|KTHAN0S has 90 seconds left.\n|inactive|KTHAN0S has 60 seconds left.\n|inactive|KTHAN0S has 30 seconds left.\n|inactive|KTHAN0S has 20 seconds left.\n|inactive|KTHAN0S has 15 seconds left.\n|l|\u2606KTHAN0S\n|inactive|KTHAN0S disconnected and has a minute to reconnect!\n|player|p2|\n|inactive|KTHAN0S has 10 seconds left.\n|j|\u2606KTHAN0S\n|inactive|KTHAN0S reconnected and has 10 seconds left.\n|player|p2|KTHAN0S|hooligans|\n|inactive|KTHAN0S has 5 seconds left.\n|\n|t:|1782884358\n|switch|p2a: Jumpluff|Jumpluff, L87, F|181/271|[from] Volt Switch\n|cant|p1a: Serperior|par\n|\n|-heal|p1a: Serperior|221/248 par|[from] item: Leftovers\n|upkeep\n|turn|11\n|inactive|KTHAN0S has 15 seconds left this turn.\n|\n|t:|1782884361\n|switch|p1a: Slowbro|Slowbro-Galar, L87, M|307/307\n|move|p2a: Jumpluff|Acrobatics|p1a: Slowbro\n|-damage|p1a: Slowbro|225/307\n|\n|upkeep\n|turn|12\n|inactive|KTHAN0S has 25 seconds left this turn.\n|\n|t:|1782884365\n|switch|p2a: Lanturn|Lanturn, L89, M|138/367 psn\n|move|p1a: Slowbro|Shell Side Arm|p2a: Lanturn|[anim] Shell Side Arm Physical\n|-damage|p2a: Lanturn|9/367 psn\n|-hint|Physical Shell Side Arm\n|\n|-damage|p2a: Lanturn|0 fnt|[from] psn\n|faint|p2a: Lanturn\n|upkeep\n|inactive|KTHAN0S has 30 seconds left this turn.\n|\n|t:|1782884369\n|switch|p2a: Feraligatr|Feraligatr, L79, M|264/264\n|turn|13\n|\n|t:|1782884372\n|move|p2a: Feraligatr|Dragon Dance|p2a: Feraligatr\n|-boost|p2a: Feraligatr|atk|1\n|-boost|p2a: Feraligatr|spe|1\n|move|p1a: Slowbro|Shell Side Arm|p2a: Feraligatr|[anim] Shell Side Arm Special\n|-damage|p2a: Feraligatr|156/264\n|-hint|Special Shell Side Arm\n|\n|upkeep\n|turn|14\n|\n|t:|1782884375\n|switch|p1a: Serperior|Serperior, L79, M|221/248 par\n|move|p2a: Feraligatr|Crunch|p1a: Serperior\n|-damage|p1a: Serperior|94/248 par\n|\n|-heal|p1a: Serperior|109/248 par|[from] item: Leftovers\n|upkeep\n|turn|15\n|\n|t:|1782884377\n|move|p2a: Feraligatr|Ice Punch|p1a: Serperior\n|-supereffective|p1a: Serperior\n|-damage|p1a: Serperior|0 fnt\n|faint|p1a: Serperior\n|\n|upkeep\n|\n|t:|1782884379\n|switch|p1a: Hydreigon|Hydreigon, L79, M|275/275\n|turn|16\n|\n|t:|1782884393\n|-terastallize|p1a: Hydreigon|Dragon\n|move|p2a: Feraligatr|Ice Punch|p1a: Hydreigon\n|-supereffective|p1a: Hydreigon\n|-damage|p1a: Hydreigon|28/275\n|move|p1a: Hydreigon|Draco Meteor|p2a: Feraligatr\n|-damage|p2a: Feraligatr|0 fnt\n|-unboost|p1a: Hydreigon|spa|2\n|faint|p2a: Feraligatr\n|\n|upkeep\n|inactive|KTHAN0S has 60 seconds left.\n|\n|t:|1782884408\n|switch|p2a: Jumpluff|Jumpluff, L87, F|181/271\n|turn|17\n|\n|t:|1782884412\n|switch|p1a: Slowbro|Slowbro-Galar, L87, M|307/307\n|move|p2a: Jumpluff|Acrobatics|p1a: Slowbro\n|-damage|p1a: Slowbro|237/307\n|\n|upkeep\n|turn|18\n|\n|t:|1782884418\n|-terastallize|p2a: Jumpluff|Steel\n|move|p2a: Jumpluff|Substitute|p2a: Jumpluff\n|-start|p2a: Jumpluff|Substitute\n|-damage|p2a: Jumpluff|114/271\n|move|p1a: Slowbro|Shell Side Arm|p2a: Jumpluff|[anim] Shell Side Arm Physical\n|-immune|p2a: Jumpluff\n|\n|upkeep\n|turn|19\n|\n|t:|1782884420\n|move|p2a: Jumpluff|Leech Seed|p1a: Slowbro\n|-start|p1a: Slowbro|move: Leech Seed\n|move|p1a: Slowbro|Fire Blast|p2a: Jumpluff\n|-supereffective|p2a: Jumpluff\n|-end|p2a: Jumpluff|Substitute\n|\n|-damage|p1a: Slowbro|199/307|[from] Leech Seed|[of] p2a: Jumpluff\n|-heal|p2a: Jumpluff|152/271|[silent]\n|upkeep\n|turn|20\n|\n|t:|1782884423\n|switch|p1a: Diancie|Diancie, L82|216/216\n|move|p2a: Jumpluff|Acrobatics|p1a: Diancie\n|-resisted|p1a: Diancie\n|-damage|p1a: Diancie|189/216\n|\n|-heal|p1a: Diancie|202/216|[from] item: Leftovers\n|upkeep\n|turn|21\n|\n|t:|1782884425\n|move|p2a: Jumpluff|Substitute|p2a: Jumpluff\n|-start|p2a: Jumpluff|Substitute\n|-damage|p2a: Jumpluff|85/271\n|move|p1a: Diancie|Body Press|p2a: Jumpluff\n|-supereffective|p2a: Jumpluff\n|-end|p2a: Jumpluff|Substitute\n|\n|-heal|p1a: Diancie|215/216|[from] item: Leftovers\n|upkeep\n|turn|22\n|\n|t:|1782884429\n|switch|p2a: Flamigo|Flamigo, L82, M|269/269\n|move|p1a: Diancie|Body Press|p2a: Flamigo\n|-resisted|p2a: Flamigo\n|-damage|p2a: Flamigo|222/269\n|\n|-heal|p1a: Diancie|216/216|[from] item: Leftovers\n|upkeep\n|turn|23\n|\n|t:|1782884433\n|move|p2a: Flamigo|U-turn|p1a: Diancie\n|-resisted|p1a: Diancie\n|-damage|p1a: Diancie|198/216\n|\n|t:|1782884435\n|switch|p2a: Ditto|Ditto, L87|225/225|[from] U-turn\n|-transform|p2a: Ditto|p1a: Diancie|[from] ability: Imposter\n|move|p1a: Diancie|Moonblast|p2a: Ditto\n|-damage|p2a: Ditto|159/225\n|\n|-heal|p1a: Diancie|211/216|[from] item: Leftovers\n|upkeep\n|turn|24\n|\n|t:|1782884437\n|move|p2a: Ditto|Diamond Storm|p1a: Diancie\n|-damage|p1a: Diancie|136/216\n|-boost|p2a: Ditto|def|2\n|move|p1a: Diancie|Rock Polish|p1a: Diancie\n|-boost|p1a: Diancie|spe|2\n|\n|-heal|p1a: Diancie|149/216|[from] item: Leftovers\n|upkeep\n|turn|25\n|\n|t:|1782884441\n|move|p1a: Diancie|Moonblast|p2a: Ditto\n|-damage|p2a: Ditto|93/225\n|move|p2a: Ditto|Diamond Storm|p1a: Diancie\n|-damage|p1a: Diancie|76/216\n|\n|-heal|p1a: Diancie|89/216|[from] item: Leftovers\n|upkeep\n|turn|26\n|\n|t:|1782884444\n|move|p1a: Diancie|Rock Polish|p1a: Diancie\n|-boost|p1a: Diancie|spe|2\n|move|p2a: Ditto|Diamond Storm|p1a: Diancie\n|-damage|p1a: Diancie|16/216\n|\n|-heal|p1a: Diancie|29/216|[from] item: Leftovers\n|upkeep\n|turn|27\n|\n|t:|1782884447\n|move|p1a: Diancie|Moonblast|p2a: Ditto\n|-damage|p2a: Ditto|33/225\n|move|p2a: Ditto|Diamond Storm|p1a: Diancie\n|-damage|p1a: Diancie|0 fnt\n|-boost|p2a: Ditto|def|2\n|faint|p1a: Diancie\n|\n|upkeep\n|\n|t:|1782884449\n|switch|p1a: Slowbro|Slowbro-Galar, L87, M|301/307\n|turn|28\n|\n|t:|1782884454\n|move|p2a: Ditto|Diamond Storm|p1a: Slowbro\n|-damage|p1a: Slowbro|205/307\n|-boost|p2a: Ditto|def|2\n|move|p1a: Slowbro|Shell Side Arm|p2a: Ditto|[anim] Shell Side Arm Special\n|-damage|p2a: Ditto|0 fnt\n|-hint|Special Shell Side Arm\n|faint|p2a: Ditto\n|\n|upkeep\n|\n|t:|1782884465\n|switch|p2a: Jumpluff|Jumpluff, L87, F, tera:Steel|85/271\n|turn|29\n|\n|t:|1782884467\n|move|p2a: Jumpluff|Leech Seed|p1a: Slowbro\n|-start|p1a: Slowbro|move: Leech Seed\n|move|p1a: Slowbro|Fire Blast|p2a: Jumpluff\n|-supereffective|p2a: Jumpluff\n|-damage|p2a: Jumpluff|0 fnt\n|faint|p2a: Jumpluff\n|\n|upkeep\n|\n|t:|1782884469\n|switch|p2a: Flamigo|Flamigo, L82, M|222/269\n|turn|30\n|\n|t:|1782884473\n|switch|p1a: Pelipper|Pelipper, L86, F|243/243\n|-weather|RainDance|[from] ability: Drizzle|[of] p1a: Pelipper\n|move|p2a: Flamigo|Brave Bird|p1a: Pelipper\n|-damage|p1a: Pelipper|123/243\n|-damage|p2a: Flamigo|182/269|[from] Recoil\n|\n|-weather|RainDance|[upkeep]\n|upkeep\n|turn|31\n|\n|t:|1782884475\n|move|p2a: Flamigo|Brave Bird|p1a: Pelipper\n|-damage|p1a: Pelipper|9/243\n|-damage|p2a: Flamigo|144/269|[from] Recoil\n|move|p1a: Pelipper|Roost|p1a: Pelipper\n|-heal|p1a: Pelipper|131/243\n|-singleturn|p1a: Pelipper|move: Roost\n|\n|-weather|RainDance|[upkeep]\n|upkeep\n|turn|32\n|\n|t:|1782884478\n|move|p2a: Flamigo|Brave Bird|p1a: Pelipper\n|-damage|p1a: Pelipper|5/243\n|-damage|p2a: Flamigo|102/269|[from] Recoil\n|move|p1a: Pelipper|Hurricane|p2a: Flamigo\n|-supereffective|p2a: Flamigo\n|-damage|p2a: Flamigo|0 fnt\n|faint|p2a: Flamigo\n|\n|win|jnpr010334\n|raw|jnpr010334's rating: 1680 &rarr; <strong>1700</strong><br />(+20 for winning)\n|raw|KTHAN0S's rating: 1684 &rarr; <strong>1664</strong><br />(-20 for losing)\n", "inputlog": ">version f8ac14003a5f27e1bdc8d8c59608a773c1cb96e5\n>start {\"formatid\":\"gen9randombattle\",\"seed\":\"sodium,71ecc8c20fe94cadaae4772cd76dcabe\",\"rated\":\"Rated battle\"}\n>player p1 {\"name\":\"jnpr010334\",\"avatar\":\"265\",\"rating\":1683,\"seed\":\"sodium,c83590c1f0e00a29f166d19498477b36\"}\n>player p2 {\"name\":\"KTHAN0S\",\"avatar\":\"hooligans\",\"rating\":1684,\"seed\":\"sodium,948eb20fe27e96e3c9c8515a2fc49b15\"}\n>p1 move shellsidearm\n>p2 move workup\n>p1 switch 4\n>p2 move darkpulse\n>p1 move scald\n>p2 move hypervoice\n>p2 switch 4\n>p1 switch 2\n>p2 move thunderwave\n>p1 move leafstorm\n>p2 move voltswitch\n>p2 switch 2\n>p1 switch 4\n>p2 move acrobatics\n>p1 move shellsidearm\n>p2 move substitute\n>p1 move shellsidearm\n>p2 switch 2\n>p1 switch 4\n>p2 move thunderwave\n>p1 move leafstorm\n>p2 move voltswitch\n>p2 switch 2\n>p1 switch 4\n>p2 move acrobatics\n>p1 move shellsidearm\n>p2 switch 2\n>p2 switch 6\n>p1 move shellsidearm\n>p2 move dragondance\n>p1 switch 4\n>p2 move crunch\n>p1 move leafstorm\n>p2 move icepunch\n>p1 switch 3\n>p1 move dracometeor terastallize\n>p2 move icepunch\n>p2 switch 2\n>p1 switch 4\n>p2 move acrobatics\n>p1 move shellsidearm\n>p2 move substitute terastallize\n>p1 move fireblast\n>p2 move leechseed\n>p1 switch 5\n>p2 move acrobatics\n>p1 move bodypress\n>p2 move substitute\n>p1 move bodypress\n>p2 switch 5\n>p1 move moonblast\n>p2 move uturn\n>p2 switch 3\n>p1 move rockpolish\n>p2 move diamondstorm\n>p1 move moonblast\n>p2 move diamondstorm\n>p1 move rockpolish\n>p2 move diamondstorm\n>p1 move moonblast\n>p2 move diamondstorm\n>p1 switch 5\n>p1 move shellsidearm\n>p2 move diamondstorm\n>p2 switch 5\n>p1 move fireblast\n>p2 move leechseed\n>p2 switch 3\n>p1 switch 6\n>p2 move bravebird\n>p1 move roost\n>p2 move bravebird\n>p1 move hurricane\n>p2 move bravebird", "uploadtime": 1782884478, "views": 2, "formatid": "gen9randombattle", "rating": 1664, "private": 0, "password": null, "player_dets": [{"name": "jnpr010334", "avatar": "265", "rating": 1683, "seed": "sodium,c83590c1f0e00a29f166d19498477b36"}, {"name": "KTHAN0S", "avatar": "hooligans", "rating": 1684, "seed": "sodium,948eb20fe27e96e3c9c8515a2fc49b15"}], "teams_full": [{"Slowbro": {"name": "Slowbro", "species": "Slowbro-Galar", "speciesId": "slowbrogalar", "gender": "M", "shiny": false, "level": 87, "moves": ["fireblast", "foulplay", "shellsidearm", "psychic"], "ability": "Regenerator", "evs": {"hp": 85, "atk": 85, "def": 85, "spa": 85, "spd": 85, "spe": 85}, "ivs": {"hp": 31, "atk": 31, "def": 31, "spa": 31, "spd": 31, "spe": 31}, "item": "Assault Vest", "teraType": "Poison", "role": "AV Pivot", "bvs": {"hp": 95, "atk": 100, "def": 95, "spa": 100, "spd": 70, "spe": 30}, "stats": {"hp": 307, "atk": 224, "def": 215, "spa": 224, "spd": 172, "spe": 102}, "types": ["Poison", "Psychic"]}, "Serperior": {"name": "Serperior", "species": "Serperior", "speciesId": "serperior", "gender": "M", "shiny": false, "level": 79, "moves": ["substitute", "leechseed", "dragonpulse", "leafstorm"], "ability": "Contrary", "evs": {"hp": 85, "atk": 0, "def": 85, "spa": 85, "spd": 85, "spe": 85}, "ivs": {"hp": 31, "atk": 0, "def": 31, "spa": 31, "spd": 31, "spe": 31}, "item": "Leftovers", "teraType": "Water", "role": "Fast Attacker", "bvs": {"hp": 75, "atk": 75, "def": 95, "spa": 75, "spd": 95, "spe": 113}, "stats": {"hp": 248, "atk": 123, "def": 196, "spa": 164, "spd": 196, "spe": 224}, "types": ["Grass"]}, "Hydreigon": {"name": "Hydreigon", "species": "Hydreigon", "speciesId": "hydreigon", "gender": "M", "shiny": false, "level": 79, "moves": ["darkpulse", "fireblast", "uturn", "dracometeor"], "ability": "Levitate", "evs": {"hp": 85, "atk": 85, "def": 85, "spa": 85, "spd": 85, "spe": 85}, "ivs": {"hp": 31, "atk": 31, "def": 31, "spa": 31, "spd": 31, "spe": 31}, "item": "Choice Specs", "teraType": "Dragon", "role": "Fast Attacker", "bvs": {"hp": 92, "atk": 105, "def": 90, "spa": 125, "spd": 90, "spe": 98}, "stats": {"hp": 275, "atk": 211, "def": 188, "spa": 243, "spd": 188, "spe": 200}, "types": ["Dark", "Dragon"]}, "Suicune": {"name": "Suicune", "species": "Suicune", "speciesId": "suicune", "gender": "N", "shiny": false, "level": 82, "moves": ["protect", "calmmind", "substitute", "scald"], "ability": "Pressure", "evs": {"hp": 85, "atk": 0, "def": 85, "spa": 85, "spd": 85, "spe": 85}, "ivs": {"hp": 31, "atk": 0, "def": 31, "spa": 31, "spd": 31, "spe": 31}, "item": "Leftovers", "teraType": "Steel", "role": "Fast Support", "bvs": {"hp": 100, "atk": 75, "def": 115, "spa": 90, "spd": 115, "spe": 85}, "stats": {"hp": 298, "atk": 127, "def": 236, "spa": 195, "spd": 236, "spe": 187}, "types": ["Water"]}, "Diancie": {"name": "Diancie", "species": "Diancie", "speciesId": "diancie", "gender": "N", "shiny": false, "level": 82, "moves": ["bodypress", "diamondstorm", "rockpolish", "moonblast"], "ability": "Clear Body", "evs": {"hp": 85, "atk": 85, "def": 85, "spa": 85, "spd": 85, "spe": 85}, "ivs": {"hp": 31, "atk": 31, "def": 31, "spa": 31, "spd": 31, "spe": 31}, "item": "Leftovers", "teraType": "Fighting", "role": "Bulky Attacker", "bvs": {"hp": 50, "atk": 100, "def": 150, "spa": 100, "spd": 150, "spe": 50}, "stats": {"hp": 216, "atk": 211, "def": 293, "spa": 211, "spd": 293, "spe": 129}, "types": ["Rock", "Fairy"]}, "Pelipper": {"name": "Pelipper", "species": "Pelipper", "speciesId": "pelipper", "gender": "F", "shiny": false, "level": 86, "moves": ["roost", "knockoff", "hurricane", "hydropump"], "ability": "Drizzle", "evs": {"hp": 85, "atk": 85, "def": 85, "spa": 85, "spd": 85, "spe": 85}, "ivs": {"hp": 31, "atk": 31, "def": 31, "spa": 31, "spd": 31, "spe": 31}, "item": "Heavy-Duty Boots", "teraType": "Water", "role": "Bulky Attacker", "bvs": {"hp": 60, "atk": 50, "def": 100, "spa": 95, "spd": 70, "spe": 65}, "stats": {"hp": 243, "atk": 135, "def": 221, "spa": 213, "spd": 170, "spe": 161}, "types": ["Water", "Flying"]}}, {"Pyroar": {"name": "Pyroar", "species": "Pyroar", "speciesId": "pyroar", "gender": "M", "shiny": false, "level": 88, "moves": ["fireblast", "hypervoice", "workup", "darkpulse"], "ability": "Unnerve", "evs": {"hp": 85, "atk": 0, "def": 85, "spa": 85, "spd": 85, "spe": 85}, "ivs": {"hp": 31, "atk": 0, "def": 31, "spa": 31, "spd": 31, "spe": 31}, "item": "Heavy-Duty Boots", "teraType": "Fire", "role": "Fast Attacker", "bvs": {"hp": 86, "atk": 68, "def": 72, "spa": 109, "spd": 66, "spe": 106}, "stats": {"hp": 295, "atk": 124, "def": 177, "spa": 242, "spd": 166, "spe": 237}, "types": ["Fire", "Normal"]}, "Jumpluff": {"name": "Jumpluff", "species": "Jumpluff", "speciesId": "jumpluff", "gender": "F", "shiny": false, "level": 87, "moves": ["acrobatics", "leechseed", "strengthsap", "substitute"], "ability": "Infiltrator", "evs": {"hp": 81, "atk": 85, "def": 85, "spa": 85, "spd": 85, "spe": 85}, "ivs": {"hp": 31, "atk": 31, "def": 31, "spa": 31, "spd": 31, "spe": 31}, "item": "", "teraType": "Steel", "role": "Bulky Support", "bvs": {"hp": 75, "atk": 55, "def": 70, "spa": 55, "spd": 95, "spe": 110}, "stats": {"hp": 271, "atk": 145, "def": 172, "spa": 145, "spd": 215, "spe": 241}, "types": ["Grass", "Flying"]}, "Ditto": {"name": "Ditto", "species": "Ditto", "speciesId": "ditto", "gender": "N", "shiny": false, "level": 87, "moves": ["transform"], "ability": "Imposter", "evs": {"hp": 85, "atk": 85, "def": 85, "spa": 85, "spd": 85, "spe": 85}, "ivs": {"hp": 31, "atk": 31, "def": 31, "spa": 31, "spd": 31, "spe": 31}, "item": "Choice Scarf", "teraType": "Steel", "role": "Fast Support", "bvs": {"hp": 48, "atk": 48, "def": 48, "spa": 48, "spd": 48, "spe": 48}, "stats": {"hp": 225, "atk": 133, "def": 133, "spa": 133, "spd": 133, "spe": 133}, "types": ["Normal"]}, "Lanturn": {"name": "Lanturn", "species": "Lanturn", "speciesId": "lanturn", "gender": "M", "shiny": false, "level": 89, "moves": ["thunderbolt", "voltswitch", "thunderwave", "scald"], "ability": "Volt Absorb", "evs": {"hp": 85, "atk": 0, "def": 85, "spa": 85, "spd": 85, "spe": 85}, "ivs": {"hp": 31, "atk": 0, "def": 31, "spa": 31, "spd": 31, "spe": 31}, "item": "Heavy-Duty Boots", "teraType": "Flying", "role": "Fast Support", "bvs": {"hp": 125, "atk": 58, "def": 58, "spa": 76, "spd": 76, "spe": 67}, "stats": {"hp": 367, "atk": 108, "def": 154, "spa": 186, "spd": 186, "spe": 170}, "types": ["Water", "Electric"]}, "Flamigo": {"name": "Flamigo", "species": "Flamigo", "speciesId": "flamigo", "gender": "M", "shiny": false, "level": 82, "moves": ["throatchop", "closecombat", "bravebird", "uturn"], "ability": "Scrappy", "evs": {"hp": 85, "atk": 85, "def": 85, "spa": 85, "spd": 85, "spe": 85}, "ivs": {"hp": 31, "atk": 31, "def": 31, "spa": 31, "spd": 31, "spe": 31}, "item": "Choice Scarf", "teraType": "Fighting", "role": "Fast Attacker", "bvs": {"hp": 82, "atk": 115, "def": 74, "spa": 75, "spd": 64, "spe": 90}, "stats": {"hp": 269, "atk": 236, "def": 169, "spa": 170, "spd": 152, "spe": 195}, "types": ["Flying", "Fighting"]}, "Feraligatr": {"name": "Feraligatr", "species": "Feraligatr", "speciesId": "feraligatr", "gender": "M", "shiny": false, "level": 79, "moves": ["icepunch", "liquidation", "crunch", "dragondance"], "ability": "Sheer Force", "evs": {"hp": 85, "atk": 85, "def": 85, "spa": 85, "spd": 85, "spe": 85}, "ivs": {"hp": 31, "atk": 31, "def": 31, "spa": 31, "spd": 31, "spe": 31}, "item": "Life Orb", "teraType": "Dragon", "role": "Fast Bulky Setup", "bvs": {"hp": 85, "atk": 105, "def": 100, "spa": 79, "spd": 83, "spe": 78}, "stats": {"hp": 264, "atk": 211, "def": 204, "spa": 170, "spd": 177, "spe": 169}, "types": ["Water"]}}]}