{"id": "gen9randombattle-2642117225", "format": "[Gen 9] Random Battle", "players": ["jnpr010334", "Dheudch"], "log": "|j|\u2606jnpr010334\n|j|\u2606Dheudch\n|t:|1782893662\n|gametype|singles\n|player|p1|jnpr010334|265|1706\n|player|p2|Dheudch|102|1702\n|gen|9\n|tier|[Gen 9] Random Battle\n|rated|\n|rule|Species Clause: Limit one of each Pok\u00e9mon\n|rule|HP Percentage Mod: HP is shown in percentages\n|rule|Sleep Clause Mod: Limit one foe put to sleep\n|rule|Illusion Level Mod: Illusion disguises the Pok\u00e9mon's true level\n|\n|t:|1782893662\n|teamsize|p1|6\n|teamsize|p2|6\n|start\n|switch|p1a: Grimmsnarl|Grimmsnarl, L83, M|293/293\n|switch|p2a: Yanmega|Yanmega, L82, M|275/275\n|turn|1\n|inactive|Battle timer is ON: inactive players will automatically lose when time's up. (requested by Dheudch)\n|inactive|jnpr010334 also wants the timer to be on.\n|\n|t:|1782893675\n|switch|p2a: Garganacl|Garganacl, L80, F|291/291\n|move|p1a: Grimmsnarl|Thunder Wave|p2a: Garganacl\n|-immune|p2a: Garganacl|[from] ability: Purifying Salt\n|\n|upkeep\n|turn|2\n|\n|t:|1782893680\n|move|p1a: Grimmsnarl|Spirit Break|p2a: Garganacl\n|-damage|p2a: Garganacl|224/291\n|-unboost|p2a: Garganacl|spa|1\n|move|p2a: Garganacl|Stealth Rock|p1a: Grimmsnarl\n|-sidestart|p1: jnpr010334|move: Stealth Rock\n|\n|-heal|p2a: Garganacl|242/291|[from] item: Leftovers\n|upkeep\n|turn|3\n|\n|t:|1782893683\n|move|p1a: Grimmsnarl|Spirit Break|p2a: Garganacl\n|-damage|p2a: Garganacl|169/291\n|-unboost|p2a: Garganacl|spa|1\n|move|p2a: Garganacl|Salt Cure|p1a: Grimmsnarl\n|-damage|p1a: Grimmsnarl|245/293\n|-start|p1a: Grimmsnarl|Salt Cure\n|\n|-heal|p2a: Garganacl|187/291|[from] item: Leftovers\n|-damage|p1a: Grimmsnarl|209/293|[from] Salt Cure\n|upkeep\n|turn|4\n|\n|t:|1782893689\n|move|p1a: Grimmsnarl|Spirit Break|p2a: Garganacl\n|-damage|p2a: Garganacl|117/291\n|-unboost|p2a: Garganacl|spa|1\n|move|p2a: Garganacl|Recover|p2a: Garganacl\n|-heal|p2a: Garganacl|263/291\n|\n|-heal|p2a: Garganacl|281/291|[from] item: Leftovers\n|-damage|p1a: Grimmsnarl|173/293|[from] Salt Cure\n|upkeep\n|turn|5\n|\n|t:|1782893692\n|move|p1a: Grimmsnarl|Spirit Break|p2a: Garganacl\n|-crit|p2a: Garganacl\n|-damage|p2a: Garganacl|169/291\n|-unboost|p2a: Garganacl|spa|1\n|move|p2a: Garganacl|Body Press|p1a: Grimmsnarl\n|-damage|p1a: Grimmsnarl|84/293\n|\n|-heal|p2a: Garganacl|187/291|[from] item: Leftovers\n|-damage|p1a: Grimmsnarl|48/293|[from] Salt Cure\n|upkeep\n|turn|6\n|\n|t:|1782893698\n|move|p1a: Grimmsnarl|Spirit Break|p2a: Garganacl\n|-damage|p2a: Garganacl|108/291\n|-unboost|p2a: Garganacl|spa|1\n|move|p2a: Garganacl|Recover|p2a: Garganacl\n|-heal|p2a: Garganacl|254/291\n|\n|-heal|p2a: Garganacl|272/291|[from] item: Leftovers\n|-damage|p1a: Grimmsnarl|12/293|[from] Salt Cure\n|upkeep\n|turn|7\n|\n|t:|1782893704\n|move|p1a: Grimmsnarl|Spirit Break|p2a: Garganacl\n|-damage|p2a: Garganacl|197/291\n|-unboost|p2a: Garganacl|spa|1\n|move|p2a: Garganacl|Body Press|p1a: Grimmsnarl\n|-damage|p1a: Grimmsnarl|0 fnt\n|faint|p1a: Grimmsnarl\n|\n|-heal|p2a: Garganacl|215/291|[from] item: Leftovers\n|upkeep\n|\n|t:|1782893706\n|switch|p1a: Cloyster|Cloyster, L80, F|211/211\n|-damage|p1a: Cloyster|159/211|[from] Stealth Rock\n|turn|8\n|\n|t:|1782893731\n|switch|p2a: Primarina|Primarina, L83, M|268/268\n|move|p1a: Cloyster|Shell Smash|p1a: Cloyster\n|-unboost|p1a: Cloyster|def|1\n|-unboost|p1a: Cloyster|spd|1\n|-boost|p1a: Cloyster|atk|2\n|-boost|p1a: Cloyster|spa|2\n|-boost|p1a: Cloyster|spe|2\n|-enditem|p1a: Cloyster|White Herb\n|-clearnegativeboost|p1a: Cloyster|[silent]\n|\n|upkeep\n|turn|9\n|\n|t:|1782893738\n|move|p1a: Cloyster|Rock Blast|p2a: Primarina\n|-damage|p2a: Primarina|230/268\n|-damage|p2a: Primarina|194/268\n|-damage|p2a: Primarina|157/268\n|-damage|p2a: Primarina|122/268\n|-damage|p2a: Primarina|87/268\n|-hitcount|p2a: Primarina|5\n|move|p2a: Primarina|Moonblast|p1a: Cloyster\n|-damage|p1a: Cloyster|0 fnt\n|faint|p1a: Cloyster\n|\n|upkeep\n|\n|t:|1782893742\n|switch|p1a: Regieleki|Regieleki, L79|256/256\n|-damage|p1a: Regieleki|224/256|[from] Stealth Rock\n|turn|10\n|\n|t:|1782893747\n|switch|p2a: Electivire|Electivire, L84, F|263/263\n|move|p1a: Regieleki|Thunderbolt|p2a: Electivire\n|-ability|p2a: Electivire|Motor Drive|boost\n|-boost|p2a: Electivire|spe|1\n|\n|upkeep\n|turn|11\n|\n|t:|1782893751\n|move|p1a: Regieleki|Explosion|p2a: Electivire\n|-damage|p2a: Electivire|82/263\n|faint|p1a: Regieleki\n|move|p2a: Electivire|Earthquake|p1: Regieleki|[notarget]\n|-fail|p2a: Electivire\n|\n|upkeep\n|\n|t:|1782893754\n|switch|p1a: Roaring Moon|Roaring Moon, L72|270/270\n|-damage|p1a: Roaring Moon|237/270|[from] Stealth Rock\n|-enditem|p1a: Roaring Moon|Booster Energy\n|-activate|p1a: Roaring Moon|ability: Protosynthesis|[fromitem]\n|-start|p1a: Roaring Moon|protosynthesisatk\n|turn|12\n|\n|t:|1782893760\n|move|p2a: Electivire|Ice Punch|p1a: Roaring Moon\n|-supereffective|p1a: Roaring Moon\n|-damage|p1a: Roaring Moon|32/270\n|-status|p1a: Roaring Moon|frz\n|-damage|p2a: Electivire|56/263|[from] item: Life Orb\n|cant|p1a: Roaring Moon|frz\n|\n|upkeep\n|turn|13\n|\n|t:|1782893767\n|move|p2a: Electivire|Bulk Up|p2a: Electivire\n|-boost|p2a: Electivire|atk|1\n|-boost|p2a: Electivire|def|1\n|cant|p1a: Roaring Moon|frz\n|\n|upkeep\n|turn|14\n|\n|t:|1782893771\n|move|p2a: Electivire|Ice Punch|p1a: Roaring Moon\n|-supereffective|p1a: Roaring Moon\n|-damage|p1a: Roaring Moon|0 fnt\n|faint|p1a: Roaring Moon\n|-end|p1a: Roaring Moon|Protosynthesis|[silent]\n|-damage|p2a: Electivire|30/263|[from] item: Life Orb\n|\n|upkeep\n|\n|t:|1782893772\n|switch|p1a: Raging Bolt|Raging Bolt, L78|323/323\n|-damage|p1a: Raging Bolt|283/323|[from] Stealth Rock\n|turn|15\n|\n|t:|1782893778\n|-end|p1a: Raging Bolt|Protosynthesis|[silent]\n|switch|p1a: Coalossal|Coalossal, L89, M|341/341\n|move|p2a: Electivire|Earthquake|p1a: Coalossal\n|-supereffective|p1a: Coalossal\n|-damage|p1a: Coalossal|0 fnt\n|faint|p1a: Coalossal\n|-damage|p2a: Electivire|4/263|[from] item: Life Orb\n|\n|upkeep\n|\n|t:|1782893780\n|switch|p1a: Raging Bolt|Raging Bolt, L78|283/323\n|-damage|p1a: Raging Bolt|243/323|[from] Stealth Rock\n|turn|16\n|\n|t:|1782893784\n|-terastallize|p1a: Raging Bolt|Fairy\n|move|p1a: Raging Bolt|Thunderclap|p2a: Electivire\n|-ability|p2a: Electivire|Motor Drive|boost\n|-boost|p2a: Electivire|spe|1\n|move|p2a: Electivire|Earthquake|p1a: Raging Bolt\n|-damage|p1a: Raging Bolt|68/323\n|-damage|p2a: Electivire|0 fnt|[from] item: Life Orb\n|faint|p2a: Electivire\n|\n|-heal|p1a: Raging Bolt|88/323|[from] item: Leftovers\n|upkeep\n|\n|t:|1782893794\n|switch|p2a: Sylveon|Sylveon, L85, M|300/300\n|turn|17\n|\n|t:|1782893800\n|move|p1a: Raging Bolt|Thunderbolt|p2a: Sylveon\n|-damage|p2a: Sylveon|224/300\n|move|p2a: Sylveon|Hyper Voice|p1a: Raging Bolt\n|-damage|p1a: Raging Bolt|0 fnt\n|faint|p1a: Raging Bolt\n|-end|p1a: Raging Bolt|Protosynthesis|[silent]\n|\n|win|Dheudch\n|raw|jnpr010334's rating: 1690 &rarr; <strong>1671</strong><br />(-19 for losing)\n|raw|Dheudch's rating: 1702 &rarr; <strong>1721</strong><br />(+19 for winning)\n", "inputlog": ">version f8ac14003a5f27e1bdc8d8c59608a773c1cb96e5\n>start {\"formatid\":\"gen9randombattle\",\"seed\":\"sodium,2274c1784073d897aec64b536898b5eb\",\"rated\":\"Rated battle\"}\n>player p1 {\"name\":\"jnpr010334\",\"avatar\":\"265\",\"rating\":1706,\"seed\":\"sodium,4d2c9171ecae26cd060481945e63a57b\"}\n>player p2 {\"name\":\"Dheudch\",\"avatar\":\"102\",\"rating\":1702,\"seed\":\"sodium,1a38d1e091209168f4de1afa224d725a\"}\n>p1 move thunderwave\n>p2 switch 3\n>p1 move spiritbreak\n>p2 move stealthrock\n>p1 move spiritbreak\n>p2 move saltcure\n>p1 move spiritbreak\n>p2 move recover\n>p1 move spiritbreak\n>p2 move bodypress\n>p1 move spiritbreak\n>p2 move recover\n>p1 move spiritbreak\n>p2 move bodypress\n>p1 switch 4\n>p1 move shellsmash\n>p2 switch 2\n>p1 move rockblast\n>p2 move moonblast\n>p1 switch 6\n>p1 move thunderbolt\n>p2 switch 4\n>p1 move explosion\n>p2 move earthquake\n>p1 switch 2\n>p1 move dragondance\n>p2 move icepunch\n>p1 move outrage\n>p2 move bulkup\n>p1 move outrage\n>p2 move icepunch\n>p1 switch 5\n>p1 switch 3\n>p2 move earthquake\n>p1 switch 3\n>p1 move thunderclap terastallize\n>p2 move earthquake\n>p2 switch 6\n>p1 move thunderbolt\n>p2 move hypervoice", "uploadtime": 1782893801, "views": 7, "formatid": "gen9randombattle", "rating": 1671, "private": 0, "password": null, "player_dets": [{"name": "jnpr010334", "avatar": "265", "rating": 1706, "seed": "sodium,4d2c9171ecae26cd060481945e63a57b"}, {"name": "Dheudch", "avatar": "102", "rating": 1702, "seed": "sodium,1a38d1e091209168f4de1afa224d725a"}], "teams_full": [{"Grimmsnarl": {"name": "Grimmsnarl", "species": "Grimmsnarl", "speciesId": "grimmsnarl", "gender": "M", "shiny": false, "level": 83, "moves": ["reflect", "spiritbreak", "thunderwave", "lightscreen"], "ability": "Prankster", "evs": {"hp": 85, "atk": 85, "def": 85, "spa": 85, "spd": 85, "spe": 85}, "ivs": {"hp": 31, "atk": 31, "def": 31, "spa": 31, "spd": 31, "spe": 31}, "item": "Light Clay", "teraType": "Steel", "role": "Bulky Support", "bvs": {"hp": 95, "atk": 120, "def": 65, "spa": 95, "spd": 75, "spe": 60}, "stats": {"hp": 293, "atk": 247, "def": 156, "spa": 205, "spd": 172, "spe": 147}, "types": ["Dark", "Fairy"]}, "Roaring Moon": {"name": "Roaring Moon", "species": "Roaring Moon", "speciesId": "roaringmoon", "gender": "N", "shiny": false, "level": 72, "moves": ["knockoff", "outrage", "acrobatics", "dragondance"], "ability": "Protosynthesis", "evs": {"hp": 85, "atk": 85, "def": 85, "spa": 85, "spd": 85, "spe": 85}, "ivs": {"hp": 31, "atk": 31, "def": 31, "spa": 31, "spd": 31, "spe": 31}, "item": "Booster Energy", "teraType": "Flying", "role": "Fast Bulky Setup", "bvs": {"hp": 105, "atk": 139, "def": 71, "spa": 55, "spd": 101, "spe": 119}, "stats": {"hp": 270, "atk": 242, "def": 144, "spa": 121, "spd": 187, "spe": 213}, "types": ["Dragon", "Dark"]}, "Coalossal": {"name": "Coalossal", "species": "Coalossal", "speciesId": "coalossal", "gender": "M", "shiny": false, "level": 89, "moves": ["overheat", "stoneedge", "stealthrock", "rapidspin"], "ability": "Flame Body", "evs": {"hp": 85, "atk": 85, "def": 85, "spa": 85, "spd": 85, "spe": 85}, "ivs": {"hp": 31, "atk": 31, "def": 31, "spa": 31, "spd": 31, "spe": 31}, "item": "Heavy-Duty Boots", "teraType": "Grass", "role": "Bulky Support", "bvs": {"hp": 110, "atk": 80, "def": 120, "spa": 80, "spd": 90, "spe": 30}, "stats": {"hp": 341, "atk": 193, "def": 264, "spa": 193, "spd": 211, "spe": 104}, "types": ["Rock", "Fire"]}, "Cloyster": {"name": "Cloyster", "species": "Cloyster", "speciesId": "cloyster", "gender": "F", "shiny": false, "level": 80, "moves": ["shellsmash", "iciclespear", "rockblast", "hydropump"], "ability": "Skill Link", "evs": {"hp": 85, "atk": 85, "def": 85, "spa": 85, "spd": 85, "spe": 85}, "ivs": {"hp": 31, "atk": 31, "def": 31, "spa": 31, "spd": 31, "spe": 31}, "item": "White Herb", "teraType": "Ice", "role": "Setup Sweeper", "bvs": {"hp": 50, "atk": 95, "def": 180, "spa": 85, "spd": 45, "spe": 70}, "stats": {"hp": 211, "atk": 198, "def": 334, "spa": 182, "spd": 118, "spe": 158}, "types": ["Water", "Ice"]}, "Raging Bolt": {"name": "Raging Bolt", "species": "Raging Bolt", "speciesId": "ragingbolt", "gender": "N", "shiny": false, "level": 78, "moves": ["thunderbolt", "dracometeor", "calmmind", "thunderclap"], "ability": "Protosynthesis", "evs": {"hp": 85, "atk": 0, "def": 85, "spa": 85, "spd": 85, "spe": 85}, "ivs": {"hp": 31, "atk": 0, "def": 31, "spa": 31, "spd": 31, "spe": 31}, "item": "Leftovers", "teraType": "Fairy", "role": "Bulky Setup", "bvs": {"hp": 125, "atk": 73, "def": 91, "spa": 137, "spd": 89, "spe": 75}, "stats": {"hp": 323, "atk": 118, "def": 187, "spa": 259, "spd": 184, "spe": 162}, "types": ["Electric", "Dragon"]}, "Regieleki": {"name": "Regieleki", "species": "Regieleki", "speciesId": "regieleki", "gender": "N", "shiny": false, "level": 79, "moves": ["voltswitch", "explosion", "rapidspin", "thunderbolt"], "ability": "Transistor", "evs": {"hp": 85, "atk": 85, "def": 85, "spa": 85, "spd": 85, "spe": 85}, "ivs": {"hp": 31, "atk": 31, "def": 31, "spa": 31, "spd": 31, "spe": 31}, "item": "Magnet", "teraType": "Electric", "role": "Fast Support", "bvs": {"hp": 80, "atk": 100, "def": 50, "spa": 100, "spd": 50, "spe": 200}, "stats": {"hp": 256, "atk": 204, "def": 125, "spa": 204, "spd": 125, "spe": 362}, "types": ["Electric"]}}, {"Yanmega": {"name": "Yanmega", "species": "Yanmega", "speciesId": "yanmega", "gender": "M", "shiny": false, "level": 82, "moves": ["uturn", "gigadrain", "bugbuzz", "airslash"], "ability": "Tinted Lens", "evs": {"hp": 85, "atk": 85, "def": 85, "spa": 85, "spd": 85, "spe": 85}, "ivs": {"hp": 31, "atk": 31, "def": 31, "spa": 31, "spd": 31, "spe": 31}, "item": "Choice Specs", "teraType": "Bug", "role": "Wallbreaker", "bvs": {"hp": 86, "atk": 76, "def": 86, "spa": 116, "spd": 56, "spe": 95}, "stats": {"hp": 275, "atk": 172, "def": 188, "spa": 237, "spd": 139, "spe": 203}, "types": ["Bug", "Flying"]}, "Primarina": {"name": "Primarina", "species": "Primarina", "speciesId": "primarina", "gender": "M", "shiny": false, "level": 83, "moves": ["hydropump", "moonblast", "flipturn", "psychic"], "ability": "Torrent", "evs": {"hp": 85, "atk": 85, "def": 85, "spa": 85, "spd": 85, "spe": 85}, "ivs": {"hp": 31, "atk": 31, "def": 31, "spa": 31, "spd": 31, "spe": 31}, "item": "Choice Specs", "teraType": "Water", "role": "Wallbreaker", "bvs": {"hp": 80, "atk": 74, "def": 74, "spa": 126, "spd": 116, "spe": 60}, "stats": {"hp": 268, "atk": 171, "def": 171, "spa": 257, "spd": 240, "spe": 147}, "types": ["Water", "Fairy"]}, "Garganacl": {"name": "Garganacl", "species": "Garganacl", "speciesId": "garganacl", "gender": "F", "shiny": false, "level": 80, "moves": ["stealthrock", "recover", "bodypress", "saltcure"], "ability": "Purifying Salt", "evs": {"hp": 85, "atk": 85, "def": 85, "spa": 85, "spd": 85, "spe": 85}, "ivs": {"hp": 31, "atk": 31, "def": 31, "spa": 31, "spd": 31, "spe": 31}, "item": "Leftovers", "teraType": "Ghost", "role": "Bulky Support", "bvs": {"hp": 100, "atk": 100, "def": 130, "spa": 45, "spd": 90, "spe": 35}, "stats": {"hp": 291, "atk": 206, "def": 254, "spa": 118, "spd": 190, "spe": 102}, "types": ["Rock"]}, "Electivire": {"name": "Electivire", "species": "Electivire", "speciesId": "electivire", "gender": "F", "shiny": false, "level": 84, "moves": ["icepunch", "bulkup", "earthquake", "supercellslam"], "ability": "Motor Drive", "evs": {"hp": 85, "atk": 85, "def": 85, "spa": 85, "spd": 85, "spe": 85}, "ivs": {"hp": 31, "atk": 31, "def": 31, "spa": 31, "spd": 31, "spe": 31}, "item": "Life Orb", "teraType": "Flying", "role": "Setup Sweeper", "bvs": {"hp": 75, "atk": 123, "def": 67, "spa": 95, "spd": 85, "spe": 95}, "stats": {"hp": 263, "atk": 255, "def": 161, "spa": 208, "spd": 191, "spe": 208}, "types": ["Electric"]}, "Cresselia": {"name": "Cresselia", "species": "Cresselia", "speciesId": "cresselia", "gender": "F", "shiny": false, "level": 80, "moves": ["psyshock", "thunderbolt", "moonlight", "calmmind"], "ability": "Levitate", "evs": {"hp": 85, "atk": 0, "def": 85, "spa": 85, "spd": 85, "spe": 85}, "ivs": {"hp": 31, "atk": 0, "def": 31, "spa": 31, "spd": 31, "spe": 31}, "item": "Leftovers", "teraType": "Electric", "role": "Bulky Setup", "bvs": {"hp": 120, "atk": 70, "def": 110, "spa": 75, "spd": 120, "spe": 85}, "stats": {"hp": 323, "atk": 117, "def": 222, "spa": 166, "spd": 238, "spe": 182}, "types": ["Psychic"]}, "Sylveon": {"name": "Sylveon", "species": "Sylveon", "speciesId": "sylveon", "gender": "M", "shiny": false, "level": 85, "moves": ["protect", "calmmind", "hypervoice", "wish"], "ability": "Pixilate", "evs": {"hp": 85, "atk": 0, "def": 85, "spa": 85, "spd": 85, "spe": 85}, "ivs": {"hp": 31, "atk": 0, "def": 31, "spa": 31, "spd": 31, "spe": 31}, "item": "Leftovers", "teraType": "Steel", "role": "Bulky Setup", "bvs": {"hp": 95, "atk": 65, "def": 65, "spa": 110, "spd": 130, "spe": 60}, "stats": {"hp": 300, "atk": 115, "def": 159, "spa": 236, "spd": 270, "spe": 151}, "types": ["Fairy"]}}]}