{"id": "gen9randombattle-2642104915", "format": "[Gen 9] Random Battle", "players": ["jonuz", "Jadasteel"], "log": "|j|\u2606jonuz\n|j|\u2606Jadasteel\n|t:|1782890958\n|gametype|singles\n|player|p1|jonuz|169|2082\n|player|p2|Jadasteel|fantina|2091\n|gen|9\n|tier|[Gen 9] Random Battle\n|rated|\n|rule|Species Clause: Limit one of each Pok\u00e9mon\n|rule|HP Percentage Mod: HP is shown in percentages\n|rule|Sleep Clause Mod: Limit one foe put to sleep\n|rule|Illusion Level Mod: Illusion disguises the Pok\u00e9mon's true level\n|\n|t:|1782890958\n|teamsize|p1|6\n|teamsize|p2|6\n|start\n|switch|p1a: Dugtrio|Dugtrio-Alola, L84, F|196/196\n|switch|p2a: Dragapult|Dragapult, L77, F|262/262\n|turn|1\n|\n|t:|1782890974\n|switch|p1a: Gastrodon|Gastrodon-East, L86, M|331/331\n|move|p2a: Dragapult|Fire Blast|p1a: Gastrodon\n|-resisted|p1a: Gastrodon\n|-damage|p1a: Gastrodon|289/331\n|-damage|p2a: Dragapult|236/262|[from] item: Life Orb\n|\n|-heal|p1a: Gastrodon|309/331|[from] item: Leftovers\n|upkeep\n|turn|2\n|\n|t:|1782890990\n|move|p2a: Dragapult|Dragon Dance|p2a: Dragapult\n|-boost|p2a: Dragapult|atk|1\n|-boost|p2a: Dragapult|spe|1\n|move|p1a: Gastrodon|Stealth Rock|p2a: Dragapult\n|-sidestart|p2: Jadasteel|move: Stealth Rock\n|\n|-heal|p1a: Gastrodon|329/331|[from] item: Leftovers\n|upkeep\n|turn|3\n|inactive|Battle timer is ON: inactive players will automatically lose when time's up. (requested by Jadasteel)\n|\n|t:|1782891007\n|move|p2a: Dragapult|Dragon Darts|p1a: Gastrodon\n|-damage|p1a: Gastrodon|216/331\n|-anim|p2a: Dragapult|Dragon Darts|p1a: Gastrodon\n|-damage|p1a: Gastrodon|87/331\n|-damage|p2a: Dragapult|210/262|[from] item: Life Orb\n|move|p1a: Gastrodon|Earthquake|p2a: Dragapult\n|-damage|p2a: Dragapult|80/262\n|\n|-heal|p1a: Gastrodon|107/331|[from] item: Leftovers\n|upkeep\n|turn|4\n|\n|t:|1782891021\n|move|p2a: Dragapult|Dragon Darts|p1a: Gastrodon\n|-damage|p1a: Gastrodon|0 fnt\n|faint|p1a: Gastrodon\n|-damage|p2a: Dragapult|54/262|[from] item: Life Orb\n|\n|upkeep\n|\n|t:|1782891026\n|switch|p1a: Cacturne|Cacturne, L92, F|278/278\n|turn|5\n|\n|t:|1782891031\n|move|p1a: Cacturne|Sucker Punch|p2a: Dragapult\n|-supereffective|p2a: Dragapult\n|-damage|p2a: Dragapult|0 fnt\n|faint|p2a: Dragapult\n|-damage|p1a: Cacturne|251/278|[from] item: Life Orb\n|\n|upkeep\n|\n|t:|1782891045\n|switch|p2a: Meowscarada|Meowscarada, L78, M|247/247\n|-damage|p2a: Meowscarada|217/247|[from] Stealth Rock\n|turn|6\n|\n|t:|1782891055\n|switch|p1a: Kricketune|Kricketune, L99, F|312/312\n|move|p2a: Meowscarada|Triple Axel|p1a: Kricketune\n|-start|p2a: Meowscarada|typechange|Ice|[from] ability: Protean\n|-crit|p1a: Kricketune\n|-damage|p1a: Kricketune|256/312\n|-damage|p1a: Kricketune|186/312\n|-damage|p1a: Kricketune|89/312\n|-hitcount|p1a: Kricketune|3\n|-damage|p2a: Meowscarada|193/247|[from] item: Life Orb\n|\n|upkeep\n|turn|7\n|\n|t:|1782891066\n|move|p2a: Meowscarada|Knock Off|p1a: Kricketune\n|-damage|p1a: Kricketune|0 fnt\n|-enditem|p1a: Kricketune|Heavy-Duty Boots|[from] move: Knock Off|[of] p2a: Meowscarada\n|faint|p1a: Kricketune\n|-damage|p2a: Meowscarada|169/247|[from] item: Life Orb\n|\n|upkeep\n|\n|t:|1782891078\n|switch|p1a: Hatterene|Hatterene, L85, F|236/236\n|turn|8\n|\n|t:|1782891084\n|move|p2a: Meowscarada|Knock Off|p1a: Hatterene\n|-crit|p1a: Hatterene\n|-damage|p1a: Hatterene|111/236\n|-enditem|p1a: Hatterene|Leftovers|[from] move: Knock Off|[of] p2a: Meowscarada\n|-damage|p2a: Meowscarada|145/247|[from] item: Life Orb\n|move|p1a: Hatterene|Mystical Fire|p2a: Meowscarada\n|-supereffective|p2a: Meowscarada\n|-damage|p2a: Meowscarada|0 fnt\n|faint|p2a: Meowscarada\n|\n|upkeep\n|\n|t:|1782891106\n|switch|p2a: Stonjourner|Stonjourner, L91, M|330/330\n|-damage|p2a: Stonjourner|289/330|[from] Stealth Rock\n|turn|9\n|\n|t:|1782891119\n|move|p2a: Stonjourner|Heat Crash|p1a: Hatterene\n|-damage|p1a: Hatterene|0 fnt\n|faint|p1a: Hatterene\n|-damage|p2a: Stonjourner|256/330|[from] item: Life Orb\n|\n|upkeep\n|\n|t:|1782891123\n|switch|p1a: Dugtrio|Dugtrio-Alola, L84, F|196/196\n|turn|10\n|\n|t:|1782891132\n|-terastallize|p2a: Stonjourner|Ground\n|move|p1a: Dugtrio|Iron Head|p2a: Stonjourner\n|-damage|p2a: Stonjourner|163/330\n|move|p2a: Stonjourner|Earthquake|p1a: Dugtrio\n|-supereffective|p1a: Dugtrio\n|-damage|p1a: Dugtrio|0 fnt\n|faint|p1a: Dugtrio\n|-damage|p2a: Stonjourner|130/330|[from] item: Life Orb\n|\n|upkeep\n|\n|t:|1782891142\n|switch|p1a: Sneasler|Sneasler, L74, M|240/240\n|turn|11\n|\n|t:|1782891148\n|-terastallize|p1a: Sneasler|Flying\n|move|p1a: Sneasler|Swords Dance|p1a: Sneasler\n|-boost|p1a: Sneasler|atk|2\n|move|p2a: Stonjourner|Heat Crash|p1a: Sneasler\n|-damage|p1a: Sneasler|27/240\n|-damage|p2a: Stonjourner|97/330|[from] item: Life Orb\n|\n|upkeep\n|turn|12\n|\n|t:|1782891161\n|move|p1a: Sneasler|Close Combat|p2a: Stonjourner\n|-damage|p2a: Stonjourner|0 fnt\n|-unboost|p1a: Sneasler|def|1\n|-unboost|p1a: Sneasler|spd|1\n|faint|p2a: Stonjourner\n|-enditem|p1a: Sneasler|White Herb\n|-clearnegativeboost|p1a: Sneasler|[silent]\n|\n|upkeep\n|\n|t:|1782891177\n|switch|p2a: Skuntank|Skuntank, L84, F|310/310\n|-damage|p2a: Skuntank|272/310|[from] Stealth Rock\n|turn|13\n|\n|t:|1782891182\n|move|p1a: Sneasler|Close Combat|p2a: Skuntank\n|-damage|p2a: Skuntank|0 fnt\n|-unboost|p1a: Sneasler|def|1\n|-unboost|p1a: Sneasler|spd|1\n|-damage|p1a: Sneasler|0 fnt|[from] ability: Aftermath|[of] p2a: Skuntank\n|faint|p2a: Skuntank\n|faint|p1a: Sneasler\n|\n|upkeep\n|\n|t:|1782891189\n|switch|p1a: Cacturne|Cacturne, L92, F|251/278\n|switch|p2a: Clodsire|Clodsire, L81, M|343/343\n|-damage|p2a: Clodsire|322/343|[from] Stealth Rock\n|turn|14\n|\n|t:|1782891194\n|move|p1a: Cacturne|Swords Dance|p1a: Cacturne\n|-boost|p1a: Cacturne|atk|2\n|move|p2a: Clodsire|Gunk Shot|p1a: Cacturne\n|-supereffective|p1a: Cacturne\n|-damage|p1a: Cacturne|23/278\n|\n|-heal|p2a: Clodsire|343/343|[from] item: Leftovers\n|upkeep\n|turn|15\n|-message|jonuz forfeited.\n|\n|win|Jadasteel\n|raw|jonuz's rating: 2082 &rarr; <strong>2063</strong><br />(-19 for losing)\n|raw|Jadasteel's rating: 2091 &rarr; <strong>2110</strong><br />(+19 for winning)\n", "inputlog": ">version f8ac14003a5f27e1bdc8d8c59608a773c1cb96e5\n>start {\"formatid\":\"gen9randombattle\",\"seed\":\"sodium,e274eed3316867028bf9c3722fa3eeb0\",\"rated\":\"Rated battle\"}\n>player p1 {\"name\":\"jonuz\",\"avatar\":\"169\",\"rating\":2082,\"seed\":\"sodium,1fbe766fd31f4b7c3008289c3f9757a9\"}\n>player p2 {\"name\":\"Jadasteel\",\"avatar\":\"fantina\",\"rating\":2091,\"seed\":\"sodium,ea29a1e6bfdbf58166aa6a627d722d33\"}\n>p1 switch 3\n>p2 move fireblast\n>p1 move stealthrock\n>p2 move dragondance\n>p1 move earthquake\n>p2 move dragondarts\n>p1 move earthquake\n>p2 move dragondarts\n>p1 switch 2\n>p1 move suckerpunch\n>p2 move fireblast\n>p2 switch 5\n>p1 switch 5\n>p2 move tripleaxel\n>p1 move stickyweb\n>p2 move knockoff\n>p1 switch 6\n>p1 move mysticalfire\n>p2 move knockoff\n>p2 switch 3\n>p1 move drainingkiss\n>p2 move heatcrash\n>p1 switch 3\n>p1 move ironhead\n>p2 move earthquake terastallize\n>p1 switch 4\n>p1 move swordsdance terastallize\n>p2 move heatcrash\n>p1 move closecombat\n>p2 move heatcrash\n>p2 switch 6\n>p1 move closecombat\n>p2 move knockoff\n>p1 switch 5\n>p2 switch 2\n>p1 move swordsdance\n>p2 move gunkshot\n>forcelose p1", "uploadtime": 1782891198, "views": 4, "formatid": "gen9randombattle", "rating": 2063, "private": 0, "password": null, "player_dets": [{"name": "jonuz", "avatar": "169", "rating": 2082, "seed": "sodium,1fbe766fd31f4b7c3008289c3f9757a9"}, {"name": "Jadasteel", "avatar": "fantina", "rating": 2091, "seed": "sodium,ea29a1e6bfdbf58166aa6a627d722d33"}], "teams_full": [{"Dugtrio": {"name": "Dugtrio", "species": "Dugtrio-Alola", "speciesId": "dugtrioalola", "gender": "F", "shiny": false, "level": 84, "moves": ["earthquake", "suckerpunch", "stoneedge", "ironhead"], "ability": "Tangling Hair", "evs": {"hp": 85, "atk": 85, "def": 85, "spa": 85, "spd": 85, "spe": 85}, "ivs": {"hp": 31, "atk": 31, "def": 31, "spa": 31, "spd": 31, "spe": 31}, "item": "Choice Band", "teraType": "Ground", "role": "Fast Attacker", "bvs": {"hp": 35, "atk": 100, "def": 60, "spa": 50, "spd": 70, "spe": 110}, "stats": {"hp": 196, "atk": 216, "def": 149, "spa": 132, "spd": 166, "spe": 233}, "types": ["Ground", "Steel"]}, "Cacturne": {"name": "Cacturne", "species": "Cacturne", "speciesId": "cacturne", "gender": "F", "shiny": false, "level": 92, "moves": ["knockoff", "seedbomb", "suckerpunch", "swordsdance"], "ability": "Water Absorb", "evs": {"hp": 85, "atk": 85, "def": 85, "spa": 85, "spd": 85, "spe": 85}, "ivs": {"hp": 31, "atk": 31, "def": 31, "spa": 31, "spd": 31, "spe": 31}, "item": "Life Orb", "teraType": "Poison", "role": "Setup Sweeper", "bvs": {"hp": 70, "atk": 115, "def": 60, "spa": 115, "spd": 60, "spe": 55}, "stats": {"hp": 278, "atk": 264, "def": 163, "spa": 264, "spd": 163, "spe": 154}, "types": ["Grass", "Dark"]}, "Gastrodon": {"name": "Gastrodon", "species": "Gastrodon-East", "speciesId": "gastrodon", "gender": "M", "shiny": false, "level": 86, "moves": ["sludgebomb", "stealthrock", "earthquake", "recover"], "ability": "Storm Drain", "evs": {"hp": 85, "atk": 85, "def": 85, "spa": 85, "spd": 85, "spe": 85}, "ivs": {"hp": 31, "atk": 31, "def": 31, "spa": 31, "spd": 31, "spe": 31}, "item": "Leftovers", "teraType": "Poison", "role": "Bulky Support", "bvs": {"hp": 111, "atk": 83, "def": 68, "spa": 92, "spd": 82, "spe": 39}, "stats": {"hp": 331, "atk": 192, "def": 166, "spa": 207, "spd": 190, "spe": 116}, "types": ["Water", "Ground"]}, "Sneasler": {"name": "Sneasler", "species": "Sneasler", "speciesId": "sneasler", "gender": "M", "shiny": false, "level": 74, "moves": ["closecombat", "acrobatics", "gunkshot", "swordsdance"], "ability": "Unburden", "evs": {"hp": 85, "atk": 85, "def": 85, "spa": 85, "spd": 85, "spe": 85}, "ivs": {"hp": 31, "atk": 31, "def": 31, "spa": 31, "spd": 31, "spe": 31}, "item": "White Herb", "teraType": "Flying", "role": "Setup Sweeper", "bvs": {"hp": 80, "atk": 130, "def": 60, "spa": 40, "spd": 80, "spe": 120}, "stats": {"hp": 240, "atk": 235, "def": 132, "spa": 102, "spd": 161, "spe": 221}, "types": ["Fighting", "Poison"]}, "Kricketune": {"name": "Kricketune", "species": "Kricketune", "speciesId": "kricketune", "gender": "F", "shiny": false, "level": 99, "moves": ["stickyweb", "taunt", "pounce", "knockoff"], "ability": "Technician", "evs": {"hp": 85, "atk": 85, "def": 85, "spa": 85, "spd": 85, "spe": 85}, "ivs": {"hp": 31, "atk": 31, "def": 31, "spa": 31, "spd": 31, "spe": 31}, "item": "Heavy-Duty Boots", "teraType": "Ghost", "role": "Fast Support", "bvs": {"hp": 77, "atk": 85, "def": 51, "spa": 55, "spd": 51, "spe": 65}, "stats": {"hp": 312, "atk": 224, "def": 157, "spa": 165, "spd": 157, "spe": 185}, "types": ["Bug"]}, "Hatterene": {"name": "Hatterene", "species": "Hatterene", "speciesId": "hatterene", "gender": "F", "shiny": false, "level": 85, "moves": ["mysticalfire", "drainingkiss", "psyshock", "calmmind"], "ability": "Magic Bounce", "evs": {"hp": 85, "atk": 0, "def": 85, "spa": 85, "spd": 85, "spe": 85}, "ivs": {"hp": 31, "atk": 0, "def": 31, "spa": 31, "spd": 31, "spe": 31}, "item": "Leftovers", "teraType": "Fairy", "role": "Bulky Setup", "bvs": {"hp": 57, "atk": 90, "def": 95, "spa": 136, "spd": 103, "spe": 29}, "stats": {"hp": 236, "atk": 158, "def": 210, "spa": 280, "spd": 224, "spe": 98}, "types": ["Psychic", "Fairy"]}}, {"Dragapult": {"name": "Dragapult", "species": "Dragapult", "speciesId": "dragapult", "gender": "F", "shiny": false, "level": 77, "moves": ["dragondance", "dragondarts", "fireblast", "terablast"], "ability": "Clear Body", "evs": {"hp": 85, "atk": 85, "def": 85, "spa": 85, "spd": 85, "spe": 85}, "ivs": {"hp": 31, "atk": 31, "def": 31, "spa": 31, "spd": 31, "spe": 31}, "item": "Life Orb", "teraType": "Ghost", "role": "Tera Blast user", "bvs": {"hp": 88, "atk": 120, "def": 75, "spa": 100, "spd": 75, "spe": 142}, "stats": {"hp": 262, "atk": 229, "def": 160, "spa": 199, "spd": 160, "spe": 263}, "types": ["Dragon", "Ghost"]}, "Clodsire": {"name": "Clodsire", "species": "Clodsire", "speciesId": "clodsire", "gender": "M", "shiny": false, "level": 81, "moves": ["earthquake", "gunkshot", "spikes", "recover"], "ability": "Water Absorb", "evs": {"hp": 85, "atk": 85, "def": 85, "spa": 85, "spd": 85, "spe": 85}, "ivs": {"hp": 31, "atk": 31, "def": 31, "spa": 31, "spd": 31, "spe": 31}, "item": "Leftovers", "teraType": "Flying", "role": "Bulky Support", "bvs": {"hp": 130, "atk": 75, "def": 60, "spa": 45, "spd": 100, "spe": 20}, "stats": {"hp": 343, "atk": 168, "def": 144, "spa": 120, "spd": 209, "spe": 79}, "types": ["Poison", "Ground"]}, "Stonjourner": {"name": "Stonjourner", "species": "Stonjourner", "speciesId": "stonjourner", "gender": "M", "shiny": false, "level": 91, "moves": ["heatcrash", "stealthrock", "earthquake", "stoneedge"], "ability": "Power Spot", "evs": {"hp": 85, "atk": 85, "def": 85, "spa": 85, "spd": 85, "spe": 85}, "ivs": {"hp": 31, "atk": 31, "def": 31, "spa": 31, "spd": 31, "spe": 31}, "item": "Life Orb", "teraType": "Ground", "role": "Fast Attacker", "bvs": {"hp": 100, "atk": 125, "def": 135, "spa": 20, "spd": 20, "spe": 70}, "stats": {"hp": 330, "atk": 279, "def": 298, "spa": 88, "spd": 88, "spe": 179}, "types": ["Rock"]}, "Slowbro": {"name": "Slowbro", "species": "Slowbro", "speciesId": "slowbro", "gender": "M", "shiny": false, "level": 85, "moves": ["icebeam", "bodypress", "futuresight", "scald"], "ability": "Regenerator", "evs": {"hp": 85, "atk": 0, "def": 85, "spa": 85, "spd": 85, "spe": 85}, "ivs": {"hp": 31, "atk": 0, "def": 31, "spa": 31, "spd": 31, "spe": 31}, "item": "Assault Vest", "teraType": "Fighting", "role": "AV Pivot", "bvs": {"hp": 95, "atk": 75, "def": 110, "spa": 100, "spd": 80, "spe": 30}, "stats": {"hp": 300, "atk": 132, "def": 236, "spa": 219, "spd": 185, "spe": 100}, "types": ["Water", "Psychic"]}, "Meowscarada": {"name": "Meowscarada", "species": "Meowscarada", "speciesId": "meowscarada", "gender": "M", "shiny": false, "level": 78, "moves": ["knockoff", "toxicspikes", "flowertrick", "tripleaxel"], "ability": "Protean", "evs": {"hp": 85, "atk": 85, "def": 85, "spa": 85, "spd": 85, "spe": 85}, "ivs": {"hp": 31, "atk": 31, "def": 31, "spa": 31, "spd": 31, "spe": 31}, "item": "Life Orb", "teraType": "Grass", "role": "Fast Support", "bvs": {"hp": 76, "atk": 110, "def": 70, "spa": 81, "spd": 70, "spe": 123}, "stats": {"hp": 247, "atk": 217, "def": 154, "spa": 171, "spd": 154, "spe": 237}, "types": ["Grass", "Dark"]}, "Skuntank": {"name": "Skuntank", "species": "Skuntank", "speciesId": "skuntank", "gender": "F", "shiny": false, "level": 84, "moves": ["knockoff", "gunkshot", "fireblast", "taunt"], "ability": "Aftermath", "evs": {"hp": 85, "atk": 85, "def": 85, "spa": 85, "spd": 85, "spe": 85}, "ivs": {"hp": 31, "atk": 31, "def": 31, "spa": 31, "spd": 31, "spe": 31}, "item": "Life Orb", "teraType": "Dark", "role": "Fast Support", "bvs": {"hp": 103, "atk": 93, "def": 67, "spa": 71, "spd": 61, "spe": 84}, "stats": {"hp": 310, "atk": 204, "def": 161, "spa": 167, "spd": 151, "spe": 189}, "types": ["Poison", "Dark"]}}]}