{"id": "gen9randombattle-2642108850", "format": "[Gen 9] Random Battle", "players": ["botbeater6767", "mimikyu11111"], "log": "|j|\u2606botbeater6767\n|j|\u203dmimikyu11111\n|t:|1782891816\n|gametype|singles\n|player|p1|botbeater6767|265|2222\n|player|p2|mimikyu11111|rocketgrunt|2186\n|gen|9\n|tier|[Gen 9] Random Battle\n|rated|\n|rule|Species Clause: Limit one of each Pok\u00e9mon\n|rule|HP Percentage Mod: HP is shown in percentages\n|rule|Sleep Clause Mod: Limit one foe put to sleep\n|rule|Illusion Level Mod: Illusion disguises the Pok\u00e9mon's true level\n|\n|t:|1782891816\n|teamsize|p1|6\n|teamsize|p2|6\n|start\n|switch|p1a: Spectrier|Spectrier, L75|274/274\n|switch|p2a: Slowking|Slowking, L88, M|310/310\n|turn|1\n|c|\u2606botbeater6767|hf\n|inactive|Battle timer is ON: inactive players will automatically lose when time's up. (requested by botbeater6767)\n|\n|t:|1782891828\n|move|p1a: Spectrier|Nasty Plot|p1a: Spectrier\n|-boost|p1a: Spectrier|spa|2\n|move|p2a: Slowking|Thunder Wave|p1a: Spectrier\n|-status|p1a: Spectrier|par\n|\n|upkeep\n|turn|2\n|\n|t:|1782891836\n|switch|p2a: Hydreigon|Hydreigon, L79, M|275/275\n|move|p1a: Spectrier|Shadow Ball|p2a: Hydreigon\n|-resisted|p2a: Hydreigon\n|-damage|p2a: Hydreigon|150/275\n|-damage|p1a: Spectrier|247/274 par|[from] item: Life Orb\n|\n|upkeep\n|turn|3\n|\n|t:|1782891841\n|-terastallize|p1a: Spectrier|Dark\n|move|p2a: Hydreigon|Dark Pulse|p1a: Spectrier\n|-resisted|p1a: Spectrier\n|-damage|p1a: Spectrier|169/274 par\n|-damage|p2a: Hydreigon|123/275|[from] item: Life Orb\n|move|p1a: Spectrier|Draining Kiss|p2a: Hydreigon\n|-supereffective|p2a: Hydreigon\n|-damage|p2a: Hydreigon|0 fnt\n|-heal|p1a: Spectrier|261/274 par|[from] drain|[of] p2a: Hydreigon\n|faint|p2a: Hydreigon\n|-ability|p1a: Spectrier|Grim Neigh|boost\n|-boost|p1a: Spectrier|spa|1\n|-damage|p1a: Spectrier|234/274 par|[from] item: Life Orb\n|\n|upkeep\n|\n|t:|1782891846\n|switch|p2a: Klawf|Klawf, L90, M|272/272\n|turn|4\n|\n|t:|1782891850\n|move|p2a: Klawf|Stone Edge|p1a: Spectrier\n|-damage|p1a: Spectrier|63/274 par\n|cant|p1a: Spectrier|par\n|\n|upkeep\n|turn|5\n|\n|t:|1782891854\n|move|p2a: Klawf|High Horsepower|p1a: Spectrier\n|-damage|p1a: Spectrier|0 fnt\n|faint|p1a: Spectrier\n|\n|upkeep\n|\n|t:|1782891855\n|switch|p1a: Copperajah|Copperajah, L86, M|350/350\n|turn|6\n|\n|t:|1782891858\n|switch|p2a: Coalossal|Coalossal, L89, M|341/341\n|move|p1a: Copperajah|Heavy Slam|p2a: Coalossal\n|-damage|p2a: Coalossal|172/341\n|\n|upkeep\n|turn|7\n|\n|t:|1782891861\n|switch|p1a: Toedscruel|Toedscruel, L87, F|281/281\n|move|p2a: Coalossal|Flamethrower|p1a: Toedscruel\n|-supereffective|p1a: Toedscruel\n|-damage|p1a: Toedscruel|195/281\n|-status|p1a: Toedscruel|brn\n|\n|-damage|p1a: Toedscruel|178/281 brn|[from] brn\n|upkeep\n|turn|8\n|\n|t:|1782891866\n|switch|p2a: Bellossom|Bellossom, L84, M|263/263\n|move|p1a: Toedscruel|Earth Power|p2a: Bellossom\n|-resisted|p2a: Bellossom\n|-damage|p2a: Bellossom|221/263\n|\n|-heal|p2a: Bellossom|237/263|[from] item: Leftovers\n|-damage|p1a: Toedscruel|161/281 brn|[from] brn\n|upkeep\n|turn|9\n|\n|t:|1782891868\n|switch|p1a: Copperajah|Copperajah, L86, M|350/350\n|move|p2a: Bellossom|Quiver Dance|p2a: Bellossom\n|-boost|p2a: Bellossom|spa|1\n|-boost|p2a: Bellossom|spd|1\n|-boost|p2a: Bellossom|spe|1\n|\n|-heal|p2a: Bellossom|253/263|[from] item: Leftovers\n|upkeep\n|turn|10\n|\n|t:|1782891872\n|move|p2a: Bellossom|Strength Sap|p1a: Copperajah\n|-unboost|p1a: Copperajah|atk|1\n|-heal|p2a: Bellossom|263/263\n|move|p1a: Copperajah|Heavy Slam|p2a: Bellossom\n|-damage|p2a: Bellossom|91/263\n|\n|-heal|p2a: Bellossom|107/263|[from] item: Leftovers\n|upkeep\n|turn|11\n|\n|t:|1782891876\n|move|p2a: Bellossom|Strength Sap|p1a: Copperajah\n|-unboost|p1a: Copperajah|atk|1\n|-heal|p2a: Bellossom|263/263\n|move|p1a: Copperajah|Heavy Slam|p2a: Bellossom\n|-damage|p2a: Bellossom|143/263\n|\n|-heal|p2a: Bellossom|159/263|[from] item: Leftovers\n|upkeep\n|turn|12\n|\n|t:|1782891880\n|move|p2a: Bellossom|Strength Sap|p1a: Copperajah\n|-unboost|p1a: Copperajah|atk|1\n|-heal|p2a: Bellossom|263/263\n|move|p1a: Copperajah|Heavy Slam|p2a: Bellossom\n|-damage|p2a: Bellossom|161/263\n|\n|-heal|p2a: Bellossom|177/263|[from] item: Leftovers\n|upkeep\n|turn|13\n|\n|t:|1782891882\n|move|p2a: Bellossom|Quiver Dance|p2a: Bellossom\n|-boost|p2a: Bellossom|spa|1\n|-boost|p2a: Bellossom|spd|1\n|-boost|p2a: Bellossom|spe|1\n|move|p1a: Copperajah|Heavy Slam|p2a: Bellossom\n|-damage|p2a: Bellossom|74/263\n|\n|-heal|p2a: Bellossom|90/263|[from] item: Leftovers\n|upkeep\n|turn|14\n|\n|t:|1782891884\n|move|p2a: Bellossom|Strength Sap|p1a: Copperajah\n|-unboost|p1a: Copperajah|atk|1\n|-heal|p2a: Bellossom|199/263\n|move|p1a: Copperajah|Heavy Slam|p2a: Bellossom\n|-damage|p2a: Bellossom|126/263\n|\n|-heal|p2a: Bellossom|142/263|[from] item: Leftovers\n|upkeep\n|turn|15\n|\n|t:|1782891886\n|switch|p1a: Incineroar|Incineroar, L82, M|290/290\n|-ability|p1a: Incineroar|Intimidate|boost\n|-unboost|p2a: Bellossom|atk|1\n|move|p2a: Bellossom|Quiver Dance|p2a: Bellossom\n|-boost|p2a: Bellossom|spa|1\n|-boost|p2a: Bellossom|spd|1\n|-boost|p2a: Bellossom|spe|1\n|\n|-heal|p2a: Bellossom|158/263|[from] item: Leftovers\n|upkeep\n|turn|16\n|\n|t:|1782891893\n|switch|p1a: Copperajah|Copperajah, L86, M|350/350\n|-terastallize|p2a: Bellossom|Poison\n|move|p2a: Bellossom|Sludge Bomb|p1a: Copperajah\n|-immune|p1a: Copperajah\n|\n|-heal|p2a: Bellossom|174/263|[from] item: Leftovers\n|upkeep\n|turn|17\n|\n|t:|1782891897\n|move|p2a: Bellossom|Strength Sap|p1a: Copperajah\n|-unboost|p1a: Copperajah|atk|1\n|-heal|p2a: Bellossom|263/263\n|move|p1a: Copperajah|Earthquake|p2a: Bellossom\n|-supereffective|p2a: Bellossom\n|-damage|p2a: Bellossom|95/263\n|\n|-heal|p2a: Bellossom|111/263|[from] item: Leftovers\n|upkeep\n|turn|18\n|\n|t:|1782891899\n|move|p2a: Bellossom|Strength Sap|p1a: Copperajah\n|-unboost|p1a: Copperajah|atk|1\n|-heal|p2a: Bellossom|263/263\n|move|p1a: Copperajah|Earthquake|p2a: Bellossom\n|-supereffective|p2a: Bellossom\n|-damage|p2a: Bellossom|141/263\n|\n|-heal|p2a: Bellossom|157/263|[from] item: Leftovers\n|upkeep\n|turn|19\n|\n|t:|1782891903\n|move|p2a: Bellossom|Quiver Dance|p2a: Bellossom\n|-boost|p2a: Bellossom|spa|1\n|-boost|p2a: Bellossom|spd|1\n|-boost|p2a: Bellossom|spe|1\n|move|p1a: Copperajah|Earthquake|p2a: Bellossom\n|-supereffective|p2a: Bellossom\n|-damage|p2a: Bellossom|25/263\n|\n|-heal|p2a: Bellossom|41/263|[from] item: Leftovers\n|upkeep\n|turn|20\n|\n|t:|1782891905\n|move|p2a: Bellossom|Strength Sap|p1a: Copperajah\n|-unboost|p1a: Copperajah|atk|1\n|-heal|p2a: Bellossom|177/263\n|move|p1a: Copperajah|Earthquake|p2a: Bellossom\n|-supereffective|p2a: Bellossom\n|-damage|p2a: Bellossom|63/263\n|\n|-heal|p2a: Bellossom|79/263|[from] item: Leftovers\n|upkeep\n|turn|21\n|\n|t:|1782891909\n|move|p2a: Bellossom|Giga Drain|p1a: Copperajah\n|-resisted|p1a: Copperajah\n|-damage|p1a: Copperajah|225/350\n|-heal|p2a: Bellossom|142/263|[from] drain|[of] p1a: Copperajah\n|move|p1a: Copperajah|Earthquake|p2a: Bellossom\n|-supereffective|p2a: Bellossom\n|-damage|p2a: Bellossom|44/263\n|\n|-heal|p2a: Bellossom|60/263|[from] item: Leftovers\n|upkeep\n|turn|22\n|\n|t:|1782891915\n|switch|p1a: Incineroar|Incineroar, L82, M|290/290\n|-ability|p1a: Incineroar|Intimidate|boost\n|-unboost|p2a: Bellossom|atk|1\n|move|p2a: Bellossom|Giga Drain|p1a: Incineroar\n|-resisted|p1a: Incineroar\n|-crit|p1a: Incineroar\n|-damage|p1a: Incineroar|171/290\n|-heal|p2a: Bellossom|120/263|[from] drain|[of] p1a: Incineroar\n|\n|-heal|p2a: Bellossom|136/263|[from] item: Leftovers\n|upkeep\n|turn|23\n|\n|t:|1782891919\n|move|p2a: Bellossom|Sludge Bomb|p1a: Incineroar\n|-damage|p1a: Incineroar|0 fnt\n|faint|p1a: Incineroar\n|\n|-heal|p2a: Bellossom|152/263|[from] item: Leftovers\n|upkeep\n|\n|t:|1782891920\n|switch|p1a: Copperajah|Copperajah, L86, M|225/350\n|turn|24\n|\n|t:|1782891922\n|move|p2a: Bellossom|Strength Sap|p1a: Copperajah\n|-unboost|p1a: Copperajah|atk|1\n|-heal|p2a: Bellossom|263/263\n|move|p1a: Copperajah|Earthquake|p2a: Bellossom\n|-supereffective|p2a: Bellossom\n|-damage|p2a: Bellossom|75/263\n|\n|-heal|p2a: Bellossom|91/263|[from] item: Leftovers\n|upkeep\n|turn|25\n|\n|t:|1782891925\n|move|p2a: Bellossom|Giga Drain|p1a: Copperajah\n|-resisted|p1a: Copperajah\n|-damage|p1a: Copperajah|86/350\n|-heal|p2a: Bellossom|161/263|[from] drain|[of] p1a: Copperajah\n|move|p1a: Copperajah|Earthquake|p2a: Bellossom\n|-supereffective|p2a: Bellossom\n|-damage|p2a: Bellossom|0 fnt\n|faint|p2a: Bellossom\n|\n|upkeep\n|\n|t:|1782891934\n|switch|p2a: Klawf|Klawf, L90, M|272/272\n|turn|26\n|\n|t:|1782891939\n|switch|p1a: Toedscruel|Toedscruel, L87, F|161/281 brn\n|move|p2a: Klawf|Knock Off|p1a: Toedscruel\n|-damage|p1a: Toedscruel|69/281 brn\n|-enditem|p1a: Toedscruel|Assault Vest|[from] move: Knock Off|[of] p2a: Klawf\n|\n|-damage|p1a: Toedscruel|52/281 brn|[from] brn\n|upkeep\n|turn|27\n|\n|t:|1782891943\n|switch|p2a: Slowking|Slowking, L88, M|310/310\n|move|p1a: Toedscruel|Leaf Storm|p2a: Slowking\n|-supereffective|p2a: Slowking\n|-damage|p2a: Slowking|104/310\n|-unboost|p1a: Toedscruel|spa|2\n|\n|-heal|p2a: Slowking|123/310|[from] item: Leftovers\n|-damage|p1a: Toedscruel|35/281 brn|[from] brn\n|upkeep\n|turn|28\n|\n|t:|1782891948\n|move|p1a: Toedscruel|Knock Off|p2a: Slowking\n|-supereffective|p2a: Slowking\n|-damage|p2a: Slowking|68/310\n|-enditem|p2a: Slowking|Leftovers|[from] move: Knock Off|[of] p1a: Toedscruel\n|move|p2a: Slowking|Psychic Noise|p1a: Toedscruel\n|-damage|p1a: Toedscruel|0 fnt\n|faint|p1a: Toedscruel\n|\n|upkeep\n|\n|t:|1782891948\n|switch|p1a: Klefki|Klefki, L84, M|233/233\n|turn|29\n|\n|t:|1782891951\n|switch|p2a: Coalossal|Coalossal, L89, M|172/341\n|move|p1a: Klefki|Foul Play|p2a: Coalossal\n|-damage|p2a: Coalossal|125/341\n|\n|upkeep\n|turn|30\n|\n|t:|1782891953\n|move|p1a: Klefki|Thunder Wave|p2a: Coalossal\n|-status|p2a: Coalossal|par\n|move|p2a: Coalossal|Flamethrower|p1a: Klefki\n|-supereffective|p1a: Klefki\n|-crit|p1a: Klefki\n|-damage|p1a: Klefki|0 fnt\n|faint|p1a: Klefki\n|\n|upkeep\n|\n|t:|1782891954\n|switch|p1a: Copperajah|Copperajah, L86, M|86/350\n|turn|31\n|\n|t:|1782891958\n|move|p1a: Copperajah|Heavy Slam|p2a: Coalossal\n|-crit|p2a: Coalossal\n|-damage|p2a: Coalossal|0 fnt\n|faint|p2a: Coalossal\n|\n|upkeep\n|\n|t:|1782891962\n|switch|p2a: Pachirisu|Pachirisu, L96, M|271/271\n|turn|32\n|\n|t:|1782891964\n|move|p2a: Pachirisu|Discharge|p1a: Copperajah\n|-damage|p1a: Copperajah|16/350\n|-status|p1a: Copperajah|par\n|move|p1a: Copperajah|Heavy Slam|p2a: Pachirisu\n|-resisted|p2a: Pachirisu\n|-damage|p2a: Pachirisu|132/271\n|\n|upkeep\n|turn|33\n|\n|t:|1782891967\n|move|p2a: Pachirisu|Discharge|p1a: Copperajah\n|-damage|p1a: Copperajah|0 fnt\n|faint|p1a: Copperajah\n|\n|upkeep\n|\n|t:|1782891968\n|switch|p1a: Meloetta|Meloetta, L82|298/298\n|turn|34\n|\n|t:|1782891971\n|move|p2a: Pachirisu|Discharge|p1a: Meloetta\n|-damage|p1a: Meloetta|249/298\n|move|p1a: Meloetta|Triple Axel|p2a: Pachirisu|[miss]\n|-miss|p1a: Meloetta|p2a: Pachirisu\n|\n|upkeep\n|turn|35\n|\n|t:|1782891978\n|move|p2a: Pachirisu|U-turn|p1a: Meloetta\n|-supereffective|p1a: Meloetta\n|-damage|p1a: Meloetta|163/298\n|\n|t:|1782891980\n|switch|p2a: Slowking|Slowking, L88, M|171/310|[from] U-turn\n|move|p1a: Meloetta|Relic Song|p2a: Slowking\n|-damage|p2a: Slowking|70/310\n|-formechange|p1a: Meloetta|Meloetta-Pirouette|[msg]\n|-damage|p1a: Meloetta|134/298|[from] item: Life Orb\n|\n|upkeep\n|turn|36\n|\n|t:|1782891986\n|switch|p2a: Pachirisu|Pachirisu, L96, M|132/271\n|move|p1a: Meloetta|Relic Song|p2a: Pachirisu\n|-damage|p2a: Pachirisu|61/271\n|-formechange|p1a: Meloetta|Meloetta|[msg]\n|-damage|p1a: Meloetta|105/298|[from] item: Life Orb\n|\n|upkeep\n|turn|37\n|\n|t:|1782891991\n|move|p2a: Pachirisu|U-turn|p1a: Meloetta\n|-supereffective|p1a: Meloetta\n|-damage|p1a: Meloetta|19/298\n|\n|t:|1782891993\n|switch|p2a: Slowking|Slowking, L88, M|173/310|[from] U-turn\n|move|p1a: Meloetta|Relic Song|p2a: Slowking\n|-damage|p2a: Slowking|76/310\n|-status|p2a: Slowking|slp|[from] move: Relic Song\n|-formechange|p1a: Meloetta|Meloetta-Pirouette|[msg]\n|-damage|p1a: Meloetta|0 fnt|[from] item: Life Orb\n|faint|p1a: Meloetta\n|\n|win|mimikyu11111\n|raw|botbeater6767's rating: 2222 &rarr; <strong>2200</strong><br />(-22 for losing)\n|raw|mimikyu11111's rating: 2186 &rarr; <strong>2208</strong><br />(+22 for winning)\n", "inputlog": ">version f8ac14003a5f27e1bdc8d8c59608a773c1cb96e5\n>start {\"formatid\":\"gen9randombattle\",\"seed\":\"sodium,8f2693a1babb0498a25f1db5efd0408e\",\"rated\":\"Rated battle\"}\n>player p1 {\"name\":\"botbeater6767\",\"avatar\":\"265\",\"rating\":2222,\"seed\":\"sodium,c0e1a50731300e1ca9b7d1eb1b92112d\"}\n>player p2 {\"name\":\"mimikyu11111\",\"avatar\":\"rocketgrunt\",\"rating\":2186,\"seed\":\"sodium,f36201baf5094fa4a9fe069552d7cc6f\"}\n>chat \u2606botbeater6767|hf\n>p1 move nastyplot\n>p2 move thunderwave\n>p1 move shadowball\n>p2 switch 6\n>p1 move drainingkiss terastallize\n>p2 move darkpulse\n>p2 switch 3\n>p1 move darkpulse\n>p2 move stoneedge\n>p1 move darkpulse\n>p2 move highhorsepower\n>p1 switch 4\n>p1 move heavyslam\n>p2 switch 2\n>p1 switch 3\n>p2 move flamethrower\n>p1 move earthpower\n>p2 switch 4\n>p1 switch 3\n>p2 move quiverdance\n>p1 move heavyslam\n>p2 move strengthsap\n>p1 move heavyslam\n>p2 move strengthsap\n>p1 move heavyslam\n>p2 move strengthsap\n>p1 move heavyslam\n>p2 move quiverdance\n>p1 move heavyslam\n>p2 move strengthsap\n>p1 switch 5\n>p2 move quiverdance\n>p1 switch 5\n>p2 move sludgebomb terastallize\n>p1 move earthquake\n>p2 move strengthsap\n>p1 move earthquake\n>p2 move strengthsap\n>p1 move earthquake\n>p2 move quiverdance\n>p1 move earthquake\n>p2 move strengthsap\n>p1 move earthquake\n>p2 move gigadrain\n>p1 switch 5\n>p2 move gigadrain\n>p1 move uturn\n>p2 move sludgebomb\n>p1 switch 5\n>p1 move earthquake\n>p2 move strengthsap\n>p1 move earthquake\n>p2 move gigadrain\n>p2 switch 2\n>p1 switch 3\n>p2 move knockoff\n>p1 move leafstorm\n>p2 switch 6\n>p1 move knockoff\n>p2 move psychicnoise\n>p1 switch 2\n>p1 move foulplay\n>p2 switch 4\n>p1 move thunderwave\n>p2 move flamethrower\n>p1 switch 3\n>p1 move heavyslam\n>p2 move flamethrower\n>p2 switch 5\n>p1 move heavyslam\n>p2 move discharge\n>p1 move heavyslam\n>p2 move discharge\n>p1 switch 6\n>p1 move tripleaxel\n>p2 move discharge\n>p1 move relicsong\n>p2 move uturn\n>p2 switch 4\n>p1 move relicsong\n>p2 switch 4\n>p1 move relicsong\n>p2 move uturn\n>p2 switch 4", "uploadtime": 1782891993, "views": 2, "formatid": "gen9randombattle", "rating": 2200, "private": 0, "password": null, "player_dets": [{"name": "botbeater6767", "avatar": "265", "rating": 2222, "seed": "sodium,c0e1a50731300e1ca9b7d1eb1b92112d"}, {"name": "mimikyu11111", "avatar": "rocketgrunt", "rating": 2186, "seed": "sodium,f36201baf5094fa4a9fe069552d7cc6f"}], "teams_full": [{"Spectrier": {"name": "Spectrier", "species": "Spectrier", "speciesId": "spectrier", "gender": "N", "shiny": false, "level": 75, "moves": ["darkpulse", "shadowball", "nastyplot", "drainingkiss"], "ability": "Grim Neigh", "evs": {"hp": 85, "atk": 0, "def": 85, "spa": 85, "spd": 85, "spe": 85}, "ivs": {"hp": 31, "atk": 0, "def": 31, "spa": 31, "spd": 31, "spe": 31}, "item": "Life Orb", "teraType": "Dark", "role": "Setup Sweeper", "bvs": {"hp": 100, "atk": 65, "def": 60, "spa": 145, "spd": 80, "spe": 130}, "stats": {"hp": 274, "atk": 102, "def": 134, "spa": 261, "spd": 164, "spe": 239}, "types": ["Ghost"]}, "Klefki": {"name": "Klefki", "species": "Klefki", "speciesId": "klefki", "gender": "M", "shiny": false, "level": 84, "moves": ["dazzlinggleam", "foulplay", "spikes", "thunderwave"], "ability": "Prankster", "evs": {"hp": 85, "atk": 0, "def": 85, "spa": 85, "spd": 85, "spe": 85}, "ivs": {"hp": 31, "atk": 0, "def": 31, "spa": 31, "spd": 31, "spe": 31}, "item": "Leftovers", "teraType": "Flying", "role": "Bulky Attacker", "bvs": {"hp": 57, "atk": 80, "def": 91, "spa": 80, "spd": 87, "spe": 75}, "stats": {"hp": 233, "atk": 139, "def": 201, "spa": 183, "spd": 194, "spe": 174}, "types": ["Steel", "Fairy"]}, "Toedscruel": {"name": "Toedscruel", "species": "Toedscruel", "speciesId": "toedscruel", "gender": "F", "shiny": false, "level": 87, "moves": ["leafstorm", "knockoff", "earthpower", "rapidspin"], "ability": "Mycelium Might", "evs": {"hp": 85, "atk": 85, "def": 85, "spa": 85, "spd": 85, "spe": 85}, "ivs": {"hp": 31, "atk": 31, "def": 31, "spa": 31, "spd": 31, "spe": 31}, "item": "Assault Vest", "teraType": "Water", "role": "Bulky Support", "bvs": {"hp": 80, "atk": 70, "def": 65, "spa": 80, "spd": 120, "spe": 100}, "stats": {"hp": 281, "atk": 172, "def": 163, "spa": 189, "spd": 259, "spe": 224}, "types": ["Ground", "Grass"]}, "Copperajah": {"name": "Copperajah", "species": "Copperajah", "speciesId": "copperajah", "gender": "M", "shiny": false, "level": 86, "moves": ["knockoff", "earthquake", "stoneedge", "heavyslam"], "ability": "Heavy Metal", "evs": {"hp": 85, "atk": 85, "def": 85, "spa": 85, "spd": 85, "spe": 85}, "ivs": {"hp": 31, "atk": 31, "def": 31, "spa": 31, "spd": 31, "spe": 31}, "item": "Choice Band", "teraType": "Flying", "role": "Bulky Attacker", "bvs": {"hp": 122, "atk": 130, "def": 69, "spa": 80, "spd": 69, "spe": 30}, "stats": {"hp": 350, "atk": 273, "def": 168, "spa": 187, "spd": 168, "spe": 101}, "types": ["Steel"]}, "Incineroar": {"name": "Incineroar", "species": "Incineroar", "speciesId": "incineroar", "gender": "M", "shiny": false, "level": 82, "moves": ["closecombat", "overheat", "knockoff", "uturn"], "ability": "Intimidate", "evs": {"hp": 85, "atk": 85, "def": 85, "spa": 85, "spd": 85, "spe": 85}, "ivs": {"hp": 31, "atk": 31, "def": 31, "spa": 31, "spd": 31, "spe": 31}, "item": "Assault Vest", "teraType": "Water", "role": "AV Pivot", "bvs": {"hp": 95, "atk": 115, "def": 90, "spa": 80, "spd": 90, "spe": 60}, "stats": {"hp": 290, "atk": 236, "def": 195, "spa": 178, "spd": 195, "spe": 146}, "types": ["Fire", "Dark"]}, "Meloetta": {"name": "Meloetta", "species": "Meloetta", "speciesId": "meloetta", "gender": "N", "shiny": false, "level": 82, "moves": ["closecombat", "relicsong", "knockoff", "tripleaxel"], "ability": "Serene Grace", "evs": {"hp": 85, "atk": 85, "def": 85, "spa": 85, "spd": 85, "spe": 85}, "ivs": {"hp": 31, "atk": 31, "def": 31, "spa": 31, "spd": 31, "spe": 31}, "item": "Life Orb", "teraType": "Dark", "role": "Wallbreaker", "bvs": {"hp": 100, "atk": 77, "def": 77, "spa": 128, "spd": 128, "spe": 90}, "stats": {"hp": 298, "atk": 173, "def": 173, "spa": 257, "spd": 257, "spe": 195}, "types": ["Normal", "Psychic"]}}, {"Slowking": {"name": "Slowking", "species": "Slowking", "speciesId": "slowking", "gender": "M", "shiny": false, "level": 88, "moves": ["scald", "thunderwave", "slackoff", "psychicnoise"], "ability": "Regenerator", "evs": {"hp": 85, "atk": 0, "def": 85, "spa": 85, "spd": 85, "spe": 85}, "ivs": {"hp": 31, "atk": 0, "def": 31, "spa": 31, "spd": 31, "spe": 31}, "item": "Leftovers", "teraType": "Dragon", "role": "Bulky Attacker", "bvs": {"hp": 95, "atk": 75, "def": 80, "spa": 100, "spd": 110, "spe": 30}, "stats": {"hp": 310, "atk": 137, "def": 191, "spa": 226, "spd": 244, "spe": 103}, "types": ["Water", "Psychic"]}, "Coalossal": {"name": "Coalossal", "species": "Coalossal", "speciesId": "coalossal", "gender": "M", "shiny": false, "level": 89, "moves": ["stealthrock", "flamethrower", "stoneedge", "rapidspin"], "ability": "Flame Body", "evs": {"hp": 85, "atk": 85, "def": 85, "spa": 85, "spd": 85, "spe": 85}, "ivs": {"hp": 31, "atk": 31, "def": 31, "spa": 31, "spd": 31, "spe": 31}, "item": "Heavy-Duty Boots", "teraType": "Ghost", "role": "Bulky Support", "bvs": {"hp": 110, "atk": 80, "def": 120, "spa": 80, "spd": 90, "spe": 30}, "stats": {"hp": 341, "atk": 193, "def": 264, "spa": 193, "spd": 211, "spe": 104}, "types": ["Rock", "Fire"]}, "Klawf": {"name": "Klawf", "species": "Klawf", "speciesId": "klawf", "gender": "M", "shiny": false, "level": 90, "moves": ["stoneedge", "knockoff", "highhorsepower", "swordsdance"], "ability": "Anger Shell", "evs": {"hp": 85, "atk": 85, "def": 85, "spa": 85, "spd": 85, "spe": 85}, "ivs": {"hp": 31, "atk": 31, "def": 31, "spa": 31, "spd": 31, "spe": 31}, "item": "Lum Berry", "teraType": "Dark", "role": "Setup Sweeper", "bvs": {"hp": 70, "atk": 100, "def": 115, "spa": 35, "spd": 55, "spe": 75}, "stats": {"hp": 272, "atk": 231, "def": 258, "spa": 114, "spd": 150, "spe": 186}, "types": ["Rock"]}, "Bellossom": {"name": "Bellossom", "species": "Bellossom", "speciesId": "bellossom", "gender": "M", "shiny": false, "level": 84, "moves": ["sludgebomb", "gigadrain", "strengthsap", "quiverdance"], "ability": "Chlorophyll", "evs": {"hp": 85, "atk": 0, "def": 85, "spa": 85, "spd": 85, "spe": 85}, "ivs": {"hp": 31, "atk": 0, "def": 31, "spa": 31, "spd": 31, "spe": 31}, "item": "Leftovers", "teraType": "Poison", "role": "Bulky Setup", "bvs": {"hp": 75, "atk": 80, "def": 95, "spa": 90, "spd": 100, "spe": 50}, "stats": {"hp": 263, "atk": 139, "def": 208, "spa": 199, "spd": 216, "spe": 132}, "types": ["Grass"]}, "Pachirisu": {"name": "Pachirisu", "species": "Pachirisu", "speciesId": "pachirisu", "gender": "M", "shiny": false, "level": 96, "moves": ["discharge", "uturn", "superfang", "encore"], "ability": "Volt Absorb", "evs": {"hp": 85, "atk": 85, "def": 85, "spa": 85, "spd": 85, "spe": 85}, "ivs": {"hp": 31, "atk": 31, "def": 31, "spa": 31, "spd": 31, "spe": 31}, "item": "Heavy-Duty Boots", "teraType": "Flying", "role": "Fast Support", "bvs": {"hp": 60, "atk": 45, "def": 70, "spa": 45, "spd": 90, "spe": 95}, "stats": {"hp": 271, "atk": 141, "def": 189, "spa": 141, "spd": 227, "spe": 237}, "types": ["Electric"]}, "Hydreigon": {"name": "Hydreigon", "species": "Hydreigon", "speciesId": "hydreigon", "gender": "M", "shiny": false, "level": 79, "moves": ["darkpulse", "flashcannon", "nastyplot", "dracometeor"], "ability": "Levitate", "evs": {"hp": 85, "atk": 0, "def": 85, "spa": 85, "spd": 85, "spe": 85}, "ivs": {"hp": 31, "atk": 0, "def": 31, "spa": 31, "spd": 31, "spe": 31}, "item": "Life Orb", "teraType": "Steel", "role": "Fast Attacker", "bvs": {"hp": 92, "atk": 105, "def": 90, "spa": 125, "spd": 90, "spe": 98}, "stats": {"hp": 275, "atk": 170, "def": 188, "spa": 243, "spd": 188, "spe": 200}, "types": ["Dark", "Dragon"]}}]}